2428 3377
146 148 102 75 Part
270 148 52 75 V.

695 148 42 75 A
855 148 44 75 N
1017 148 41 75 A
1178 148 40 75 T

146 214 120 75 having
284 214 30 75 in
339 214 43 75 its
399 214 125 75 paflage
547 214 127 75 thither
690 214 19 75 a
736 214 187 75 connexion
940 214 78 75 with
1037 214 54 75 the
1109 214 83 75 fixth

148 260 80 75 pair.
279 260 33 75 It
328 260 28 75 is
374 260 188 75 afterwards
579 260 190 75 diftributed
790 260 36 75 to
843 260 56 75 the
922 260 65 75 ball
1004 260 40 75 of
1055 260 56 75 the
1133 260 59 75 eye

148 306 82 75 with
246 306 57 75 the
336 306 111 75 third;
474 306 36 75 to
525 306 57 75 the
609 306 89 75 nofe,
724 306 97 75 along
836 306 80 75 with
937 306 55 75 the
1020 306 170 75 olfactory,

149 353 107 75 which
269 353 55 75 the
341 353 120 75 branch
478 353 40 75 of
530 353 57 75 the
598 353 73 75 fifth
684 353 71 75 that
768 353 98 75 paffes
880 353 140 75 through
1030 353 56 75 the
1103 353 87 75 fora-

148 401 74 75 men
238 401 189 75 orbitarium
444 401 161 75 internum
618 401 99 75 joins,
744 401 32 75 as
790 401 64 75 was
872 401 132 75 already
1030 401 160 75 mention-

151 447 41 75 ed
208 447 33 75 in
256 447 56 75 the
329 447 193 75 defcription
540 447 40 75 of
601 447 55 75 the
673 447 65 75 firfl:
755 447 80 75 pair.
884 447 86 75 This
993 447 199 75 ophthalmic

150 494 121 75 branch
283 494 140 75 likewife
440 494 136 75 fupplies
594 494 55 75 the
667 494 87 75 parts
772 494 43 75 .at
832 494 56 75 the
905 494 133 75 internal
1057 494 135 75 canthus

151 541 39 75 of
202 541 54 75 the
273 541 99 75 orbit,
397 541 56 75 the
478 541 153 75 glandula
657 541 194 75 lacrymalis,
884 541 61 75 fat,
978 541 212 75 membranes,

154 589 149 75 mufcles,
332 589 63 75 and
419 589 182 75 teguments
621 589 41 75 of
680 589 56 75 the
759 589 159 75 eye-lids;
937 589 41 75 its
994 589 121 75 longed
1126 589 66 75 far-

152 636 83 75 theft
241 636 163 75 extended
412 636 120 75 branch
541 636 117 75 pafling
665 636 143 75 through
817 636 55 75 the
880 636 143 75 foramen
1033 636 159 75 fupperci-

149 683 80 75 liare
246 683 40 75 of
305 683 57 75 the
374 683 38 75 os
433 683 130 75 frontis,
589 683 35 75 to
648 683 40 75 be
700 683 189 75 diftributed
904 683 36 75 to
956 683 56 75 the
1024 683 167 75 forehead.

197 729 77 75 The
281 729 123 75 fecond
416 729 121 75 branch
553 729 40 75 of
605 729 56 75 the
676 729 84 75 fifth
776 729 68 75 pair
861 729 41 75 of
924 729 111 75 nerves
1052 729 75 75 may
1151 729 40 75 be

154 776 105 75 called
275 776 252 75 Maxillaris
541 776 221 75 Superior,
781 776 84 75 from
880 776 43 75 its
936 776 124 75 ferving
1072 776 117 75 princi-

151 823 87 75 pally
254 823 55 75 the
325 823 86 75 parts
437 823 41 75 of
500 823 55 75 the
579 823 100 75 upper
702 823 80 75 jaw.
831 823 33 75 It
891 823 78 75 goes
994 823 58 75 out
1075 823 33 75 at
1134 823 57 75 the

153 869 104 75 round
272 869 77 75 hole
365 869 41 75 of
418 869 55 75 the
489 869 153 75 fphenoid
661 869 97 75 bone,
787 869 64 75 and
866 869 93 75 fends
976 869 219 75 immediately

152 916 61 75 one
222 916 120 75 branch
352 916 69 75 into
433 916 55 75 the
498 916 133 75 channel
645 916 41 75 on
696 916 55 75 the
760 916 57 75 top
829 916 40 75 of
874 916 57 75 the
940 916 127 75 antrum
1076 916 116 75 maxil-

152 964 67 75 lare
233 964 9 75 ;
257 964 57 75 the
331 964 182 75 membrane
522 964 39 75 of
568 964 107 75 which
692 964 64 75 and
766 964 57 75 the
839 964 100 75 upper
955 964 89 75 teeth
1055 964 52 75 are
1119 964 72 75 fup-

155 1010 88 75 plied
259 1010 44 75 by
318 1010 26 75 it
356 1010 33 75 in
405 1010 42 75 its
463 1010 136 75 paffage.
624 1010 50 75 As
683 1010 65 75 this
757 1010 121 75 branch
895 1010 26 75 is
931 1010 98 75 afiout
1038 1010 35 75 to
1085 1010 41 75 go
1136 1010 58 75 out

151 1056 36 75 at
214 1056 56 75 the
295 1056 143 75 foramen
461 1056 188 75 orbitarium
676 1056 183 75 externum,
887 1056 28 75 it
941 1056 93 75 fends
1052 1056 18 75 a
1097 1056 96 75 nerve

153 1103 142 75 through
304 1103 55 75 the
374 1103 161 75 fubftance
552 1103 41 75 of
603 1103 56 75 the
678 1103 37 75 os
731 1103 169 75 maxillare
916 1103 35 75 to
968 1103 90 75 come
1074 1103 58 75 out
1160 1103 32 75 at

150 1149 133 75 Steno’s
290 1149 86 75 dudl,
390 1149 36 75 to
433 1149 40 75 be
482 1149 190 75 diftributed
678 1149 35 75 to
722 1149 56 75 the
787 1149 160 75 fore-part
956 1149 39 75 of
999 1149 55 75 the
1064 1149 104 75 palate
1180 1149 10 75 ;

150 1197 66 75 and
232 1197 87 75 what
335 1197 135 75 remains
487 1197 41 75 of
546 1197 27 75 it
589 1197 147 75 efcaping
764 1197 33 75 at
822 1197 56 75 the
894 1197 148 75 external
1070 1197 124 75 orbitar

154 1244 93 75 hole,
270 1244 124 75 divides
403 1244 69 75 into
490 1244 18 75 a
523 1244 91 75 great
631 1244 97 75 many
738 1244 168 75 branches,
931 1244 71 75 that
1014 1244 112 75 fupply
1137 1244 56 75 the

155 1291 114 75 cheek,
295 1291 102 75 upper
421 1291 57 75 lip,
504 1291 64 75 and
595 1291 122 75 noftril.
765 1291 78 75 The
870 1291 80 75 next
979 1291 213 75 eonfiderable

157 1337 121 75 branch
306 1337 39 75 of
367 1337 56 75 the
450 1337 148 75 fuperior
619 1337 174 75 maxillary
824 1337 109 75 nerve,
968 1337 86 75 after
1084 1337 109 75 giving

153 1383 157 75 branches
326 1383 37 75 w'
363 1383 70 75 hich
445 1383 54 75 are
511 1383 147 75 reflefted
674 1383 142 75 through
828 1383 56 75 the
901 1383 85 75 fixth
994 1383 75 75 hole
1086 1383 41 75 of
1137 1383 56 75 the

157 1430 156 75 fphenoid
327 1430 96 75 bone,
448 1430 36 75 to
498 1430 70 75 join
585 1430 56 75 the
664 1430 181 75 intercoftal
861 1430 107 75 where
984 1430 27 75 it
1036 1430 27 75 is
1080 1430 115 75 palling

156 1477 143 75 through
317 1477 55 75 the
388 1477 80 75 Ikull
485 1477 80 75 with
582 1477 55 75 the
654 1477 125 75 carotid
793 1477 121 75 artery,
941 1477 62 75 and
1019 1477 174 75 theportio

156 1524 83 75 dura
255 1524 42 75 of
307 1524 58 75 fhe
381 1524 130 75 feventh
527 1524 81 75 pair,
633 1524 35 75 as
684 1524 27 75 it
725 1524 99 75 pafles
841 1524 141 75 through
1005 1524 57 75 the
1085 1524 36 75 os
1138 1524 55 75 pe-

156 1570 134 75 trofum,
315 1570 27 75 is
359 1570 69 75 fent
444 1570 69 75 into
529 1570 56 75 the
602 1570 74 75 nofe
693 1570 44 75 by
753 1570 55 75 the
824 1570 75 75 hole
915 1570 147 75 common
1079 1570 36 75 to
1139 1570 56 75 the

156 1618 106 75 palate
290 1618 64 75 ajid
379 1618 185 75 fphenoidal
589 1618 104 75 bone;
719 1618 64 75 and
798 1618 55 75 the
870 1618 175 75 remaining
1061 1618 72 75 part
1160 1618 40 75 of

156 1665 65 75 this
239 1665 96 75 nerve
359 1665 75 75 runs
455 1665 32 75 in
505 1665 55 75 the
577 1665 302 75 palato-maxillaris
896 1665 104 75 canal,
1025 1665 107 75 giving
1149 1665 51 75 off

157 1713 156 75 branches
341 1713 36 75 to
406 1713 58 75 the
491 1713 134 75 temples
657 1713 64 75 and
754 1713 172 75 pterygoid
943 1713 8 75 '
951 1713 147 75 mufcles,
1133 1713 63 75 and

158 1758 106 75 comes
281 1758 32 75 at
324 1758 59 75 laft
398 1758 70 75 into
484 1758 56 75 the
557 1758 104 75 palate
673 1758 36 75 to
732 1758 40 75 be
788 1758 72 75 loft.

164 1805 6 75 -
204 1805 78 75 The
298 1805 95 75 third
405 1805 39 75 or
470 1805 254 75 Maxillaris
740 1805 189 75 Inferior
949 1805 121 75 branch
1087 1805 41 75 of
1139 1805 56 75 the

156 1852 79 75 fifth
251 1852 68 75 pair
334 1852 98 75 going
444 1852 56 75 out
517 1852 32 75 at
561 1852 57 75 the
634 1852 73 75 oval
715 1852 75 75 hole
806 1852 43 75 of
860 1852 54 75 the
931 1852 150 75 fphenoid
1100 1852 94 75 bone,

160 1899 103 75 ferves
280 1899 56 75 the
351 1899 134 75 mufcles
502 1899 41 75 of
559 1899 56 75 the
629 1899 102 75 lower
741 1899 79 75 jaw,
845 1899 63 75 and
923 1899 57 75 the
1006 1899 133 75 mufcles
1156 1899 37 75 fi-

157 1946 114 75 tuated
286 1946 145 75 between
448 1946 56 75 the
521 1946 37 75 os
574 1946 134 75 hyoides
725 1946 63 75 and
795 1946 89 75 jaw:
911 1946 59 75 All
986 1946 57 75 the
1058 1946 138 75 falivary

156 1993 127 75 glands,
317 1993 56 75 the
408 1993 187 75 amygdalae,
629 1993 63 75 and
731 1993 56 75 the
823 1993 147 75 external
1003 1993 67 75 ear,
1112 1993 82 75 have

157 2040 155 75 branches
326 2040 84 75 from
425 2040 46 75 it:
499 2040 33 75 It
544 2040 57 75 has
618 2040 19 75 a
647 2040 89 75 large
747 2040 121 75 branch
880 2040 59 75 loft
951 2040 31 75 in
995 2040 56 75 the
1060 2040 132 75 tongue,

152 2087 69 75 and
243 2087 93 75 fends
353 2087 136 75 another
512 2087 142 75 through
682 2087 56 75 the
756 2087 89 75 canal
861 2087 33 75 in
910 2087 56 75 the
982 2087 161 75 fubftance
1159 2087 42 75 of

158 2133 56 75 the
230 2133 102 75 lower
343 2133 67 75 jaw
430 2133 35 75 to
482 2133 89 75 ferve
588 2133 43 75 all
650 2133 56 75 the
722 2133 89 75 teeth
828 2133 105 75 there,
959 2133 65 75 and
1054 2133 36 75 to
1103 2133 91 75 come

160 2180 60 75 out
237 2180 34 75 at
290 2180 55 75 the
362 2180 74 75 hole
453 2180 32 75 in
498 2180 56 75 the
571 2180 161 75 fore-part
744 2180 40 75 of
795 2180 55 75 the
863 2180 78 75 jaw,
966 2180 35 75 to
1018 2180 40 75 be
1084 2180 60 75 loft
1159 2180 34 75 in

159 2227 57 75 the
235 2227 73 75 chin
326 2227 63 75 and
404 2227 102 75 under
516 2227 59 75 lip.

203 2275 78 75 The
304 2275 125 75 Sixth
456 2275 113 75 Pa’ir,
594 2275 107 75 which
716 2275 27 75 is
771 2275 57 75 the
852 2275 135 75 fmalleft
1003 2275 117 75 except
1132 2275 56 75 the

158 2321 123 75 fourth,
306 2321 76 75 rifes
398 2321 84 75 from
499 2321 55 75 the
570 2321 161 75 fore-part
752 2321 41 75 of
815 2321 57 75 the
897 2321 135 75 corpora
1053 2321 139 75 pyrami-

158 2367 105 75 dalia;
283 2367 63 75 and
355 2367 77 75 each
449 2367 144 75 entering
609 2367 56 75 the
677 2367 82 75 dura
779 2367 102 75 mater
896 2367 86 75 fome
994 2367 71 75 way
1074 2367 119 75 behind

105 2413 110 75 -•■•he
240 2413 154 75 pofterior
410 2413 119 75 clinoid
545 2413 125 75 procefs
687 2413 40 75 of
749 2413 56 75 the
832 2413 131 75 fpenoid
978 2413 96 75 bone,
1099 2413 57 75 has
1175 2413 19 75 a

160 2458 77 75 long
255 2458 108 75 courfe
375 2458 105 75 below
493 2458 68 75 that
577 2458 194 75 membrane,
797 2458 63 75 and
875 2458 113 75 within
1010 2458 57 75 the
1083 2458 111 75 recep-

159 2506 141 75 taculum
317 2506 34 75 at
366 2506 56 75 the
449 2506 63 75 fide
528 2506 41 75 of
587 2506 56 75 the
666 2506 77 75 fella
758 2506 135 75 turcica,
917 2506 108 75 where
1047 2506 26 75 it
1089 2506 26 75 is
1132 2506 60 75 im-

154 2553 130 75 merfed
300 2553 32 75 in
349 2553 56 75 the
416 2553 99 75 blood
527 2553 40 75 of
578 2553 55 75 the
645 2553 197 75 receptacle:
869 2553 32 75 It
910 2553 77 75 goes
1004 2553 188 75 afterwards

160 2599 57 75 out
234 2599 33 75 at
282 2599 56 75 the
355 2599 142 75 foramen
514 2599 139 75 lacerum
674 2599 70 75 into
763 2599 55 75 the
846 2599 98 75 orbit,
970 2599 36 75 to
1033 2599 87 75 ferve
1137 2599 56 75 the

159 2646 153 75 abduftor
327 2646 118 75 mufcle
462 2646 40 75 of
513 2646 55 75 the
585 2646 154 75 eye.—A
755 2646 104 75 defedt
874 2646 33 75 in
924 2646 65 75 this
1002 2646 96 75 nerve
1119 2646 74 75 may

158 2693 164 75 therefore
345 2693 40 75 be
401 2693 61 75 one
478 2693 91 75 caufe
586 2693 40 75 of
645 2693 19 75 a
687 2693 236 75 ftrabifmus.—
929 2693 38 75 In
989 2693 57 75 the
1070 2693 122 75 paffage

159 2740 41 75 of
210 2740 65 75 this
303 2740 96 75 nerve
423 2740 105 75 below
556 2740 55 75 the
627 2740 82 75 dura
723 2740 114 75 mater,
861 2740 27 75 it
911 2740 58 75 lies
993 2740 79 75 very
1089 2740 102 75 conti-

159 2786 156 75 guousjtw
329 2786 56 75 the
400 2786 137 75 internal
555 2786 124 75 carotid
695 2786 119 75 artery,
840 2786 62 75 and
918 2786 36 75 to
970 2786 56 75 the
1043 2786 148 75 ophthal-

159 2832 63 75 mic
248 2832 120 75 branch
372 2832 54 75 "of
444 2832 56 75 the
526 2832 76 75 fifth
630 2832 68 75 pair
714 2832 40 75 of
777 2832 125 75 nerves.
950 2832 49 75 At
1016 2832 55 75 the
1100 2832 89 75 place

160 2879 107 75 where
279 2879 54 75 tfm
349 2879 85 75 fixth
451 2879 68 75 pair
534 2879 27 75 is
578 2879 190 75 contiguous
785 2879 35 75 to
837 2879 56 75 the
901 2879 137 75 carotid,
1065 2879 18 75 a
1094 2879 97 75 nerve

159 2926 103 75 either
278 2926 76 75 goes
371 2926 85 75 from
472 2926 78 75 each
567 2926 40 75 of
617 2926 88 75 them
732 2926 32 75 in
781 2926 39 75 an
840 2926 191 75 uncommon
1047 2926 84 75 way,
1155 2926 36 75 to

159 2972 70 75 wit,
253 2972 79 75 with
344 2972 56 75 the
409 2972 95 75 angle
515 2972 129 75 beyond
660 2972 107 75 where
790 2972 26 75 it
839 2972 77 75 rifes
933 2972 123 75 obtufe,
1081 2972 36 75 to
1133 2972 56 75 de-

158 3020 95 75 fcend
268 3020 80 75 with
364 3020 55 75 the
436 3020 120 75 artery,
582 3020 62 75 and
661 3020 35 75 to
719 3020 87 75 form
822 3020 56 75 the
893 3020 173 75 beginning
1076 3020 46 75 of
1132 3020 56 75 the

252 3068 96 75 Vol.
367 3068 28 75 I.
429 3068 72 75 No.
524 3068 54 75 ii.

1054 3068 19 75 3

1339 140 39 75 O
1497 140 49 75 M
1663 140 54 75 Y.
1829 140 8 75 -

2195 140 81 75 249

1242 209 182 75 intercoftal
1455 209 107 75 nerve,
1602 209 172 75 according
1801 209 35 75 to
1870 209 56 75 the
1959 209 148 75 common
2138 209 139 75 defcrip-

1241 254 66 75 tion
1320 254 10 75 ;
1356 254 51 75 or,
1432 254 172 75 according
1626 254 36 75 to
1678 254 94 75 other
1789 254 143 75 authors,
1959 254 65 75 this
2052 254 95 75 nerve
2170 254 107 75 comes

1239 299 43 75 up
1294 299 85 75 from
1395 299 56 75 the
1467 299 90 75 great
1575 299 150 75 ganglion
1737 299 40 75 of
1788 299 56 75 the
1860 299 194 75 intercoftal,
2073 299 34 75 to
2119 299 39 75 be
2163 299 115 75 joined

1240 347 35 75 to
1292 347 56 75 the
1365 347 84 75 fixth
1466 347 90 75 here.

1283 395 77 75 The
1379 395 180 75 Seventh
1575 395 98 75 Pair
1683 395 111 75 comes
1812 395 57 75 out
1885 395 86 75 from
1983 395 55 75 the
2063 395 113 75 lateral
2201 395 74 75 part

1240 441 41 75 of
1291 441 56 75 the
1368 441 132 75 annular
1523 441 126 75 procefs
1668 441 120 75 behind
1804 441 108 75 where
1929 441 56 75 the
2005 441 182 75 medullary
2201 441 76 75 pro-

1240 488 65 75 cefs
1317 488 42 75 of
1377 488 55 75 the
1445 488 191 75 cerebellum
1647 488 52 75 are
1709 488 114 75 joined
1838 488 35 75 to
1890 488 72 75 that
1978 488 115 75 tuber;
2119 488 63 75 and
2198 488 78 75 each

1240 535 96 75 being
1356 535 226 75 accompanied
1601 535 79 75 with
1699 535 17 75 a
1733 535 105 75 larger
1858 535 108 75 artery
1982 535 78 75 than
2076 535 81 75 moft
2182 535 95 75 other

1239 582 128 75 nerves,
1392 582 106 75 enters
1521 582 57 75 the
1593 582 135 75 internal
1746 582 123 75 meatus
1886 582 191 75 auditorius,
2102 582 107 75 where
2221 582 56 75 the

1240 629 65 75 two
1332 629 88 75 large
1447 629 135 75 bundles
1606 629 41 75 of
1666 629 107 75 fibres,
1805 629 41 75 of
1871 629 108 75 which
2011 629 27 75 it
2065 629 158 75 appeared
2240 629 35 75 to

1239 676 109 75 confift
1375 676 114 75 within
1505 676 56 75 the
1579 676 94 75 fkull,
1698 676 77 75 foon
1799 676 141 75 feparate
1956 676 85 75 from
2058 676 80 75 each
2158 676 116 75 other;

1241 723 58 75 one
1309 723 40 75 of
1357 723 88 75 them
1457 723 145 75 entering
1620 723 44 75 by
1684 723 119 75 feveral
1820 723 89 75 fmajl
1921 723 91 75 holes
2036 723 69 75 into
2117 723 56 75 the
2184 723 92 75 vefti-

1239 769 64 75 ble,
1329 769 144 75 cochlea,
1498 769 64 75 and
1575 769 213 75 femicircular
1804 769 120 75 canals,
1941 769 27 75 is
1981 769 160 75 ftretched
2157 769 40 75 on
2210 769 66 75 this

1238 816 91 75 inner
1354 816 126 75 camera
1503 816 41 75 of
1563 816 55 75 the
1635 816 53 75 ear
1704 816 33 75 in
1755 816 18 75 a
1788 816 79 75 very
1893 816 63 75 foft
1974 816 99 75 pulpy
2091 816 161 75 fubftance
2263 816 11 75 ;

1240 864 60 75 and
1317 864 98 75 being
1437 864 96 75 never
1549 864 73 75 feen
1637 864 35 75 in
1685 864 55 75 the
1757 864 84 75 form
1859 864 40 75 of
1917 864 18 75 a
1951 864 71 75 firm
2039 864 90 75 cord,
2154 864 74 75 fuch
2242 864 35 75 as

1239 911 56 75 the
1311 911 96 75 other
1422 911 107 75 parcel
1549 911 40 75 of
1599 911 65 75 this
1676 911 63 75 and
1754 911 81 75 moft
1846 911 94 75 other
1955 911 113 75 nerves
2085 911 146 75 become,
2247 911 29 75 is

1243 958 104 75 called
1358 958 153 75 Portio
1528 958 155 75 Mollis
1700 958 41 75 of
1751 958 56 75 the
1823 958 150 75 auditory
1990 958 109 75 nerve.

1286 1004 78 75 The
1380 1004 94 75 other
1485 1004 73 75 part
1569 1004 40 75 of
1620 1004 64 75 this
1701 1004 133 75 feventh
1845 1004 69 75 pair
1936 1004 97 75 paffes
2044 1004 141 75 through
2203 1004 72 75 Ga-

1239 1051 80 75 len’s
1348 1051 144 75 foramen
1520 1051 131 75 csecum,
1676 1051 37 75 or
1745 1051 192 75 Fallopius’s
1971 1051 178 75 aquasdudt,
2173 1051 32 75 in
2233 1051 42 75 its

1241 1098 141 75 crooked
1393 1098 124 75 paffage
1526 1098 43 75 by
1576 1098 63 75 the'
1639 1098 69 75 fide
1717 1098 40 75 of
1763 1098 56 75 the
1827 1098 185 75 tympanum
2028 1098 9 75 ;
2052 1098 32 75 in
2095 1098 104 75 which
2206 1098 68 75 paf-

1239 1145 85 75 fage,
1350 1145 19 75 a
1384 1145 96 75 nerve
1496 1145 70 75 fent
1580 1145 87 75 from
1683 1145 57 75 the
1754 1145 121 75 lingual
1891 1145 120 75 branch
2023 1145 42 75 of
2076 1145 55 75 the
2142 1145 134 75 inferior

1240 1191 171 75 maxillary
1438 1191 109 75 nerve,
1581 1191 96 75 along
1703 1191 57 75 the
1787 1191 122 75 outfide
1924 1191 40 75 of
1983 1191 57 75 the
2067 1191 79 75 tuba
2160 1191 115 75 Eufta-

1239 1239 123 75 ichiana,
1389 1239 63 75 and
1468 1239 84 75 crofs
1578 1239 55 75 the
1650 1239 109 75 cavity
1774 1239 40 75 of
1832 1239 55 75 the
1904 1239 198 75 tympanum,
2127 1239 109 75 where
2247 1239 27 75 it

1238 1286 56 75 has
1312 1286 55 75 the
1384 1286 92 75 name
1492 1286 42 75 of
1540 1286 121 75 chorda
1677 1286 155 75 tympani,
1858 1286 26 75 is
1898 1286 185 75 commonly
2098 1286 67 75 faid
2181 1286 36 75 to
2233 1286 41 75 be

1235 1333 125 75 joined,
1373 1333 36 75 to
1432 1333 39 75 it.
1519 1333 78 75 The
1621 1333 79 75 very
1727 1333 93 75 acute
1840 1333 92 75 angle
1956 1333 105 75 which
2087 1333 64 75 this
2178 1333 97 75 nerve

1239 1379 107 75 makes
1363 1379 81 75 with
1473 1379 54 75 the
1559 1379 89 75 fifth,
1673 1379 37 75 or
1727 1379 54 75 the
1796 1379 122 75 fudden
1934 1379 121 75 violent
2071 1379 162 75 refledtion
2247 1379 28 75 it

1240 1427 109 75 would
1380 1427 99 75 fuffer
1494 1427 42 75 on
1558 1427 57 75 the
1631 1427 192 75 fuppofition
1840 1427 40 75 of
1908 1427 41 75 its
1966 1427 128 75 coming
2115 1427 86 75 from
2218 1427 57 75 the

1240 1472 75 75 fifth
1342 1472 36 75 to
1403 1472 56 75 the
1487 1472 144 75 feventh,
1656 1472 132 75 appears
1815 1472 155 75 unufual;
1995 1472 156 75 whereas,
2175 1472 32 75 if
2224 1472 51 75 we

1239 1520 131 75 fuppofe
1387 1520 72 75 that
1475 1520 26 75 it
1521 1520 106 75 comes
1652 1520 84 75 from
1760 1520 56 75 the
1833 1520 130 75 feventh
1981 1520 34 75 to
2049 1520 55 75 the
2120 1520 88 75 fifth,
2231 1520 43 75 its

1241 1567 108 75 courfe
1367 1567 109 75 would
1487 1567 39 75 be
1543 1567 90 75 more
1649 1567 32 75 in
1693 1567 57 75 the
1766 1567 152 75 ordinary
1929 1567 84 75 way,
2039 1567 61 75 arid
2113 1567 55 75 the
2180 1567 94 75 chor-

1240 1613 41 75 da
1296 1613 142 75 tympani
1454 1613 110 75 would
1579 1613 41 75 be
1647 1613 157 75 efteemed
1820 1613 20 75 a
1866 1613 120 75 branch
2012 1613 39 75 of
2072 1613 55 75 the
2143 1613 130 75 feventh

1241 1660 68 75 pair
1321 1660 98 75 going
1435 1660 34 75 to
1483 1660 72 75 join
1572 1660 55 75 the
1644 1660 86 75 fifth,
1756 1660 56 75 the
1828 1660 63 75 fize
1919 1660 41 75 of
1977 1660 107 75 which
2096 1660 27 75 is
2148 1660 127 75 increa-

1240 1706 55 75 fed
1326 1706 44 75 by
1392 1706 64 75 this
1484 1706 199 75 acquifition.
1739 1706 85 75 This
1853 1706 126 75 fmaller
2006 1706 119 75 bundle
2156 1706 41 75 of
2219 1706 56 75 the

1241 1756 129 75 feventh
1387 1756 88 75 gives
1491 1756 155 75 branches
1663 1756 35 75 to
1710 1756 56 75 the
1778 1756 134 75 mufcles
1924 1756 41 75 of
1976 1756 56 75 the
2047 1756 147 75 malleus,
2212 1756 64 75 and

1241 1800 35 75 to
1298 1800 56 75 the
1381 1800 224 75 dura'mater,
1638 1800 97 75 while
1763 1800 27 75 it
1817 1800 99 75 paffes
1941 1800 141 75 through
2108 1800 55 75 the
2187 1800 89 75 bony

1240 1848 141 75 crooked
1398 1848 107 75 canal,'
1526 1848 63 75 and
1604 1848 34 75 at
1669 1848 58 75 laft;
1758 1848 106 75 comes
1892 1848 58 75 out
1973 1848 31 75 in
2034 1848 18 75 a
2073 1848 72 75 firm
2172 1848 103 75 chord

1240 1896 115 75 named
1369 1896 156 75 Portio
1545 1896 133 75 Dura,
1703 1896 34 75 at
1753 1896 54 75 the
1835 1896 63 75 end
1925 1896 41 75 of
1992 1896 65 75 this
2082 1896 105 75 canal,
2216 1896 56 75 be-

1238 1942 105 75 tween
1373 1942 57 75 the
1446 1942 117 75 ftyloid
1587 1942 62 75 and
1672 1942 135 75 maftoid
1823 1942 153 75 procefles
1994 1942 40 75 of
2045 1942 56 75 the
2117 1942 158 75 temporal

1239 1989 96 75 bone,
1360 1989 109 75 giving
1485 1989 218 75 immediately
1718 1989 158 75 filaments
1894 1989 35 75 to
1945 1989 56 75 the
2027 1989 88 75 little
2142 1989 131 75 oblique

1240 2037 133 75 mufcles
1382 2037 41 75 of
1434 2037 55 75 the
1505 2037 97 75 head,
1620 2037 63 75 and
1699 2037 134 75 tothofe
1846 2037 71 75 that
1926 2037 59 75 rife
1998 2037 84 75 from
2095 2037 56 75 the
2158 2037 116 75 ftyloid

1238 2083 139 75 procefs.
1426 2083 33 75 It
1476 2083 75 75 then
1567 2083 122 75 pierces
1706 2083 140 75 through
1864 2083 56 75 the
1931 2083 129 75 parotid
2076 2083 109 75 gland,
2211 2083 63 75 and

1238 2130 124 75 divides
1378 2130 70 75 into
1465 2130 19 75 a
1499 2130 90 75 great
1606 2130 94 75 many
1716 2130 169 75 branches,
1911 2130 105 75 which
2036 2130 53 75 are
2113 2130 140 75 difperfe'
2253 2130 21 75 d

1237 2178 33 75 in
1287 2178 55 75 the
1358 2178 134 75 mufcles
1509 2178 63 75 and
1594 2178 180 75 teguments
1807 2178 70 75 that
1905 2178 96 75 cover
2016 2178 44 75 all
2078 2178 55 75 the
2158 2178 62 75 fide
2237 2178 41 75 cf

1239 2224 55 75 the
1310 2224 99 75 upper
1419 2224 71 75 part
1501 2224 41 75 of
1548 2224 55 75 the
1616 2224 92 75 neck,
1725 2224 57 75 the
1792 2224 104 75 whole
1906 2224 71 75 face
1990 2224 62 75 and
2064 2224 155 75 cranium,
2237 2224 34 75 as

1238 2271 50 75 far
1300 2271 82 75 back
1399 2271 33 75 as
1450 2271 55 75 the
1522 2271 147 75 temples,
1694 2271 164 75 including
1875 2271 19 75 a
1918 2271 213 75 confiderable
2148 2271 72 75 part
2236 2271 41 75 of

1238 2317 55 75 the
1306 2317 144 75 external
1468 2317 67 75 ear.

1285 2363 76 75 The
1383 2363 163 75 Eighth
1575 2363 96 75 Pair
1698 2363 41 75 of
1758 2363 110 75 nerves
1882 2363 59 75 rife
1968 2363 85 75 from
2071 2363 56 75 the
2156 2363 115 75 lateral

1237 2411 87 75 bafes
1334 2411 40 75 of
1391 2411 56 75 the
1463 2411 136 75 corpora
1609 2411 132 75 olivaria
1756 2411 32 75 in
1804 2411 201 75 difgregated
2021 2411 115 75 fibres;
2163 2411 62 75 and
2237 2411 34 75 as

1236 2458 78 75 they
1326 2458 53 75 are
1402 2458 144 75 entering
1562 2458 56 75 the
1644 2458 140 75 anterior
1800 2458 138 75 internal
1954 2458 72 75 part
2048 2458 41 75 of
2107 2458 57 75 the
2179 2458 92 75 holes

1237 2505 146 75 common
1400 2505 35 75 to
1451 2505 56 75 the
1522 2505 37 75 os
1571 2505 145 75 occipitis
1728 2505 62 75 and
1807 2505 192 75 temporum,
2021 2505 82 75 each
2117 2505 28 75 is
2158 2505 114 75 joined

1236 2551 44 75 by
1291 2551 20 75 a
1326 2551 95 75 nerve
1437 2551 106 75 which
1560 2551 128 75 afcends
1705 2551 111 75 within
1841 2551 55 75 the
1908 2551 80 75 dura
2000 2551 101 75 rnater
2111 2551 85 75 from
2213 2551 56 75 the

1237 2598 92 75 tenth
1346 2598 41 75 of
1397 2598 56 75 the
1469 2598 95 75 head,
1588 2598 56 75 the
1661 2598 76 75 firft,
1761 2598 117 75 fecond
1902 2598 63 75 and
1984 2598 134 75 inferior
2134 2598 136 75 cervical

1238 2645 110 75 nerves
1361 2645 8 75 :
1388 2645 87 75 This
1484 2645 96 75 every
1591 2645 87 75 body
1692 2645 94 75 know'
1786 2645 15 75 s
1810 2645 57 75 has
1879 2645 56 75 the
1948 2645 90 75 name
2051 2645 40 75 of
2097 2645 57 75 the
2165 2645 103 75 Ner-

1238 2693 69 75 vus
1320 2693 280 75 Accessorius.
1649 2693 112 75 When
1770 2693 56 75 the
1842 2693 127 75 twoget
1985 2693 59 75 out
2060 2693 40 75 of
2111 2693 156 75 thelkull,

1239 2739 55 75 the
1311 2739 184 75 accefforius
1515 2739 157 75 feparates
1690 2739 84 75 from
1794 2739 56 75 the
1866 2739 123 75 eighth,
2015 2739 75 75 and,
2115 2739 153 75 defend-

1238 2787 53 75 ing
1303 2787 165 75 obliquely
1484 2787 172 75 outwards,
1675 2787 98 75 paffes
1791 2787 140 75 through
1941 2787 55 75 the
2020 2787 246 75 fterno-maftoi-

1237 2834 78 75 deus
1332 2834 128 75 mufcle,
1487 2834 34 75 to
1537 2834 105 75 which
1659 2834 25 75 it
1701 2834 87 75 gives
1805 2834 168 75 branches,
1999 2834 63 75 and
2077 2834 190 75 afterwards

1236 2881 182 75 terminates
1436 2881 32 75 in
1484 2881 55 75 the
1556 2881 162 75 trapezius
1735 2881 64 75 and
1822 2881 172 75 rhomboid
2009 2881 134 75 mufcles
2160 2881 41 75 of
2211 2881 57 75 the

1235 2928 138 75 fcapula.
1422 2928 37 75 In
1477 2928 64 75 this
1557 2928 110 75 courfe
1683 2928 27 75 it
1725 2928 26 75 is
1768 2928 163 75 generally
1953 2928 90 75 more
2059 2928 40 75 or,
2111 2928 60 75 lefs
2179 2928 88 75 join-

1235 2976 39 75 ed
1291 2976 44 75 by
1349 2976 57 75 the
1417 2976 117 75 fecond
1549 2976 138 75 cervical
1699 2976 109 75 nerve.

1279 3024 77 75 The
1383 3024 89 75 large
1494 3024 163 75 Eighth
1676 3024 112 75 Pair,
1813 3024 77 75 foon
1913 3024 84 75 after
2013 3024 42 75 its
2070 3024 84 75 exit,
2178 3024 88 75 gives

1688 3076 16 75 3
1731 3076 34 75 R-

2157 3076 113 75 nerves
