<?xml version="1.0" encoding="UTF-8"?>
<alto xmlns="http://www.loc.gov/standards/alto/v3/alto.xsd"><Description><MeasurementUnit>pixel</MeasurementUnit><sourceImageInformation><fileName>./data/pdfs/c_188936619/i_144133901/188082693.23.pdf</fileName></sourceImageInformation><OCRProcessing ID="IdOcr"><ocrProcessingStep><processingDateTime>Fri Jul 12 10:36:17 2019
</processingDateTime><processingSoftware><softwareCreator>CONTRIBUTORS</softwareCreator><softwareName>pdfalto</softwareName><softwareVersion>0.1</softwareVersion></processingSoftware></ocrProcessingStep></OCRProcessing></Description><Styles><TextStyle ID="font0" FONTFAMILY="times" FONTSIZE="10.000" FONTTYPE="serif" FONTWIDTH="proportional" FONTCOLOR="#WWWWWW" FONTSTYLE=""/><TextStyle ID="font1" FONTFAMILY="times" FONTSIZE="6.500" FONTTYPE="serif" FONTWIDTH="proportional" FONTCOLOR="#WWWWWW" FONTSTYLE="superscript"/></Styles><Layout><Page ID="Page50" PHYSICAL_IMG_NR="50" WIDTH="2431" HEIGHT="3327"><PrintSpace><TextLine WIDTH="255" HEIGHT="75" ID="p50_t1" HPOS="543" VPOS="127"><String ID="p50_w1" CONTENT="i£" HPOS="543" VPOS="127" WIDTH="56" HEIGHT="75" STYLEREFS="font0"/><SP WIDTH="59" VPOS="127" HPOS="599"/><String ID="p50_w2" CONTENT="T" HPOS="658" VPOS="127" WIDTH="38" HEIGHT="75" STYLEREFS="font0"/><SP WIDTH="58" VPOS="127" HPOS="696"/><String ID="p50_w3" CONTENT="H" HPOS="754" VPOS="127" WIDTH="44" HEIGHT="75" STYLEREFS="font0"/></TextLine><TextLine WIDTH="130" HEIGHT="75" ID="p50_t2" HPOS="1125" VPOS="127"><String ID="p50_w4" CONTENT="(" HPOS="1125" VPOS="127" WIDTH="18" HEIGHT="75" STYLEREFS="font0"/><SP WIDTH="62" VPOS="127" HPOS="1143"/><String ID="p50_w5" CONTENT="32" HPOS="1205" VPOS="127" WIDTH="50" HEIGHT="75" STYLEREFS="font0"/></TextLine><TextLine WIDTH="988" HEIGHT="75" ID="p50_t3" HPOS="221" VPOS="194"><String ID="p50_w6" CONTENT="the" HPOS="221" VPOS="194" WIDTH="59" HEIGHT="75" STYLEREFS="font0"/><SP WIDTH="7" VPOS="194" HPOS="280"/><String ID="p50_w7" CONTENT="way" HPOS="287" VPOS="194" WIDTH="70" HEIGHT="75" STYLEREFS="font0"/><SP WIDTH="14" VPOS="194" HPOS="357"/><String ID="p50_w8" CONTENT="Q^esperiment," HPOS="371" VPOS="194" WIDTH="259" HEIGHT="75" STYLEREFS="font0"/><SP WIDTH="9" VPOS="194" HPOS="630"/><String ID="p50_w9" CONTENT="which" HPOS="639" VPOS="194" WIDTH="106" HEIGHT="75" STYLEREFS="font0"/><SP WIDTH="11" VPOS="194" HPOS="745"/><String ID="p50_w10" CONTENT="had" HPOS="756" VPOS="194" WIDTH="66" HEIGHT="75" STYLEREFS="font0"/><SP WIDTH="11" VPOS="194" HPOS="822"/><String ID="p50_w11" CONTENT="led" HPOS="833" VPOS="194" WIDTH="54" HEIGHT="75" STYLEREFS="font0"/><SP WIDTH="11" VPOS="194" HPOS="887"/><String ID="p50_w12" CONTENT="him" HPOS="898" VPOS="194" WIDTH="67" HEIGHT="75" STYLEREFS="font0"/><SP WIDTH="13" VPOS="194" HPOS="965"/><String ID="p50_w13" CONTENT="to" HPOS="978" VPOS="194" WIDTH="35" HEIGHT="75" STYLEREFS="font0"/><SP WIDTH="11" VPOS="194" HPOS="1013"/><String ID="p50_w14" CONTENT="his" HPOS="1024" VPOS="194" WIDTH="50" HEIGHT="75" STYLEREFS="font0"/><SP WIDTH="14" VPOS="194" HPOS="1074"/><String ID="p50_w15" CONTENT="former" HPOS="1088" VPOS="194" WIDTH="121" HEIGHT="75" STYLEREFS="font0"/></TextLine><TextLine WIDTH="982" HEIGHT="75" ID="p50_t4" HPOS="227" VPOS="241"><String ID="p50_w16" CONTENT="difcoveries," HPOS="227" VPOS="241" WIDTH="206" HEIGHT="75" STYLEREFS="font0"/><SP WIDTH="25" VPOS="241" HPOS="433"/><String ID="p50_w17" CONTENT="but" HPOS="458" VPOS="241" WIDTH="58" HEIGHT="75" STYLEREFS="font0"/><SP WIDTH="22" VPOS="241" HPOS="516"/><String ID="p50_w18" CONTENT="in" HPOS="538" VPOS="241" WIDTH="33" HEIGHT="75" STYLEREFS="font0"/><SP WIDTH="16" VPOS="241" HPOS="571"/><String ID="p50_w19" CONTENT="the" HPOS="587" VPOS="241" WIDTH="56" HEIGHT="75" STYLEREFS="font0"/><SP WIDTH="17" VPOS="241" HPOS="643"/><String ID="p50_w20" CONTENT="way" HPOS="660" VPOS="241" WIDTH="72" HEIGHT="75" STYLEREFS="font0"/><SP WIDTH="16" VPOS="241" HPOS="732"/><String ID="p50_w21" CONTENT="of" HPOS="748" VPOS="241" WIDTH="40" HEIGHT="75" STYLEREFS="font0"/><SP WIDTH="11" VPOS="241" HPOS="788"/><String ID="p50_w22" CONTENT="conjefture," HPOS="799" VPOS="241" WIDTH="193" HEIGHT="75" STYLEREFS="font0"/><SP WIDTH="25" VPOS="241" HPOS="992"/><String ID="p50_w23" CONTENT="which" HPOS="1017" VPOS="241" WIDTH="108" HEIGHT="75" STYLEREFS="font0"/><SP WIDTH="17" VPOS="241" HPOS="1125"/><String ID="p50_w24" CONTENT="will" HPOS="1142" VPOS="241" WIDTH="67" HEIGHT="75" STYLEREFS="font0"/></TextLine><TextLine WIDTH="983" HEIGHT="75" ID="p50_t5" HPOS="229" VPOS="288"><String ID="p50_w25" CONTENT="never" HPOS="229" VPOS="288" WIDTH="97" HEIGHT="75" STYLEREFS="font0"/><SP WIDTH="17" VPOS="288" HPOS="326"/><String ID="p50_w26" CONTENT="lead" HPOS="343" VPOS="288" WIDTH="74" HEIGHT="75" STYLEREFS="font0"/><SP WIDTH="16" VPOS="288" HPOS="417"/><String ID="p50_w27" CONTENT="any" HPOS="433" VPOS="288" WIDTH="62" HEIGHT="75" STYLEREFS="font0"/><SP WIDTH="16" VPOS="288" HPOS="495"/><String ID="p50_w28" CONTENT="man" HPOS="511" VPOS="288" WIDTH="73" HEIGHT="75" STYLEREFS="font0"/><SP WIDTH="21" VPOS="288" HPOS="584"/><String ID="p50_w29" CONTENT="to" HPOS="605" VPOS="288" WIDTH="36" HEIGHT="75" STYLEREFS="font0"/><SP WIDTH="16" VPOS="288" HPOS="641"/><String ID="p50_w30" CONTENT="truth." HPOS="657" VPOS="288" WIDTH="103" HEIGHT="75" STYLEREFS="font0"/><SP WIDTH="49" VPOS="288" HPOS="760"/><String ID="p50_w31" CONTENT="He" HPOS="809" VPOS="288" WIDTH="54" HEIGHT="75" STYLEREFS="font0"/><SP WIDTH="23" VPOS="288" HPOS="863"/><String ID="p50_w32" CONTENT="had" HPOS="886" VPOS="288" WIDTH="65" HEIGHT="75" STYLEREFS="font0"/><SP WIDTH="26" VPOS="288" HPOS="951"/><String ID="p50_w33" CONTENT="recourfe" HPOS="977" VPOS="288" WIDTH="147" HEIGHT="75" STYLEREFS="font0"/><SP WIDTH="17" VPOS="288" HPOS="1124"/><String ID="p50_w34" CONTENT="to" HPOS="1141" VPOS="288" WIDTH="34" HEIGHT="75" STYLEREFS="font0"/><SP WIDTH="18" VPOS="288" HPOS="1175"/><String ID="p50_w35" CONTENT="a" HPOS="1193" VPOS="288" WIDTH="19" HEIGHT="75" STYLEREFS="font0"/></TextLine><TextLine WIDTH="994" HEIGHT="75" ID="p50_t6" HPOS="224" VPOS="335"><String ID="p50_w36" CONTENT="fubtile" HPOS="224" VPOS="335" WIDTH="117" HEIGHT="75" STYLEREFS="font0"/><SP WIDTH="17" VPOS="335" HPOS="341"/><String ID="p50_w37" CONTENT="elaftic" HPOS="358" VPOS="335" WIDTH="106" HEIGHT="75" STYLEREFS="font0"/><SP WIDTH="18" VPOS="335" HPOS="464"/><String ID="p50_w38" CONTENT="scther," HPOS="482" VPOS="335" WIDTH="113" HEIGHT="75" STYLEREFS="font0"/><SP WIDTH="26" VPOS="335" HPOS="595"/><String ID="p50_w39" CONTENT="not" HPOS="621" VPOS="335" WIDTH="58" HEIGHT="75" STYLEREFS="font0"/><SP WIDTH="27" VPOS="335" HPOS="679"/><String ID="p50_w40" CONTENT="much" HPOS="706" VPOS="335" WIDTH="96" HEIGHT="75" STYLEREFS="font0"/><SP WIDTH="16" VPOS="335" HPOS="802"/><String ID="p50_w41" CONTENT="different" HPOS="818" VPOS="335" WIDTH="153" HEIGHT="75" STYLEREFS="font0"/><SP WIDTH="17" VPOS="335" HPOS="971"/><String ID="p50_w42" CONTENT="from" HPOS="988" VPOS="335" WIDTH="85" HEIGHT="75" STYLEREFS="font0"/><SP WIDTH="17" VPOS="335" HPOS="1073"/><String ID="p50_w43" CONTENT="that" HPOS="1090" VPOS="335" WIDTH="71" HEIGHT="75" STYLEREFS="font0"/><SP WIDTH="16" VPOS="335" HPOS="1161"/><String ID="p50_w44" CONTENT="of" HPOS="1177" VPOS="335" WIDTH="41" HEIGHT="75" STYLEREFS="font0"/></TextLine><TextLine WIDTH="993" HEIGHT="75" ID="p50_t7" HPOS="220" VPOS="382"><String ID="p50_w45" CONTENT="the" HPOS="220" VPOS="382" WIDTH="57" HEIGHT="75" STYLEREFS="font0"/><SP WIDTH="13" VPOS="382" HPOS="277"/><String ID="p50_w46" CONTENT="ancients," HPOS="290" VPOS="382" WIDTH="156" HEIGHT="75" STYLEREFS="font0"/><SP WIDTH="25" VPOS="382" HPOS="446"/><String ID="p50_w47" CONTENT="and" HPOS="471" VPOS="382" WIDTH="64" HEIGHT="75" STYLEREFS="font0"/><SP WIDTH="23" VPOS="382" HPOS="535"/><String ID="p50_w48" CONTENT="by" HPOS="558" VPOS="382" WIDTH="44" HEIGHT="75" STYLEREFS="font0"/><SP WIDTH="17" VPOS="382" HPOS="602"/><String ID="p50_w49" CONTENT="it" HPOS="619" VPOS="382" WIDTH="28" HEIGHT="75" STYLEREFS="font0"/><SP WIDTH="23" VPOS="382" HPOS="647"/><String ID="p50_w50" CONTENT="accounted" HPOS="670" VPOS="382" WIDTH="178" HEIGHT="75" STYLEREFS="font0"/><SP WIDTH="23" VPOS="382" HPOS="848"/><String ID="p50_w51" CONTENT="for" HPOS="871" VPOS="382" WIDTH="53" HEIGHT="75" STYLEREFS="font0"/><SP WIDTH="27" VPOS="382" HPOS="924"/><String ID="p50_w52" CONTENT="every" HPOS="951" VPOS="382" WIDTH="96" HEIGHT="75" STYLEREFS="font0"/><SP WIDTH="15" VPOS="382" HPOS="1047"/><String ID="p50_w53" CONTENT="thing" HPOS="1062" VPOS="382" WIDTH="94" HEIGHT="75" STYLEREFS="font0"/><SP WIDTH="15" VPOS="382" HPOS="1156"/><String ID="p50_w54" CONTENT="he" HPOS="1171" VPOS="382" WIDTH="42" HEIGHT="75" STYLEREFS="font0"/></TextLine><TextLine WIDTH="989" HEIGHT="75" ID="p50_t8" HPOS="223" VPOS="428"><String ID="p50_w55" CONTENT="did" HPOS="223" VPOS="428" WIDTH="58" HEIGHT="75" STYLEREFS="font0"/><SP WIDTH="15" VPOS="428" HPOS="281"/><String ID="p50_w56" CONTENT="not" HPOS="296" VPOS="428" WIDTH="57" HEIGHT="75" STYLEREFS="font0"/><SP WIDTH="11" VPOS="428" HPOS="353"/><String ID="p50_w57" CONTENT="know," HPOS="364" VPOS="428" WIDTH="108" HEIGHT="75" STYLEREFS="font0"/><SP WIDTH="18" VPOS="428" HPOS="472"/><String ID="p50_w58" CONTENT="fuch" HPOS="490" VPOS="428" WIDTH="78" HEIGHT="75" STYLEREFS="font0"/><SP WIDTH="18" VPOS="428" HPOS="568"/><String ID="p50_w59" CONTENT="as" HPOS="586" VPOS="428" WIDTH="34" HEIGHT="75" STYLEREFS="font0"/><SP WIDTH="13" VPOS="428" HPOS="620"/><String ID="p50_w60" CONTENT="the" HPOS="633" VPOS="428" WIDTH="55" HEIGHT="75" STYLEREFS="font0"/><SP WIDTH="17" VPOS="428" HPOS="688"/><String ID="p50_w61" CONTENT="caufe" HPOS="705" VPOS="428" WIDTH="92" HEIGHT="75" STYLEREFS="font0"/><SP WIDTH="16" VPOS="428" HPOS="797"/><String ID="p50_w62" CONTENT="of" HPOS="813" VPOS="428" WIDTH="41" HEIGHT="75" STYLEREFS="font0"/><SP WIDTH="11" VPOS="428" HPOS="854"/><String ID="p50_w63" CONTENT="gravitation," HPOS="865" VPOS="428" WIDTH="207" HEIGHT="75" STYLEREFS="font0"/><SP WIDTH="18" VPOS="428" HPOS="1072"/><String ID="p50_w64" CONTENT="mufcu-" HPOS="1090" VPOS="428" WIDTH="122" HEIGHT="75" STYLEREFS="font0"/></TextLine><TextLine WIDTH="482" HEIGHT="75" ID="p50_t9" HPOS="223" VPOS="475"><String ID="p50_w65" CONTENT="lar" HPOS="223" VPOS="475" WIDTH="48" HEIGHT="75" STYLEREFS="font0"/><SP WIDTH="12" VPOS="475" HPOS="271"/><String ID="p50_w66" CONTENT="motion," HPOS="283" VPOS="475" WIDTH="135" HEIGHT="75" STYLEREFS="font0"/><SP WIDTH="25" VPOS="475" HPOS="418"/><String ID="p50_w67" CONTENT="fenfation," HPOS="443" VPOS="475" WIDTH="168" HEIGHT="75" STYLEREFS="font0"/><SP WIDTH="28" VPOS="475" HPOS="611"/><String ID="p50_w68" CONTENT="lire." HPOS="639" VPOS="475" WIDTH="66" HEIGHT="75" STYLEREFS="font0"/></TextLine><TextLine WIDTH="942" HEIGHT="75" ID="p50_t10" HPOS="273" VPOS="521"><String ID="p50_w69" CONTENT="Notwithftanding" HPOS="273" VPOS="521" WIDTH="297" HEIGHT="75" STYLEREFS="font0"/><SP WIDTH="16" VPOS="521" HPOS="570"/><String ID="p50_w70" CONTENT="the" HPOS="586" VPOS="521" WIDTH="57" HEIGHT="75" STYLEREFS="font0"/><SP WIDTH="16" VPOS="521" HPOS="643"/><String ID="p50_w71" CONTENT="reputation" HPOS="659" VPOS="521" WIDTH="184" HEIGHT="75" STYLEREFS="font0"/><SP WIDTH="17" VPOS="521" HPOS="843"/><String ID="p50_w72" CONTENT="of" HPOS="860" VPOS="521" WIDTH="41" HEIGHT="75" STYLEREFS="font0"/><SP WIDTH="13" VPOS="521" HPOS="901"/><String ID="p50_w73" CONTENT="Sir" HPOS="914" VPOS="521" WIDTH="53" HEIGHT="75" STYLEREFS="font0"/><SP WIDTH="15" VPOS="521" HPOS="967"/><String ID="p50_w74" CONTENT="Ifaac," HPOS="982" VPOS="521" WIDTH="101" HEIGHT="75" STYLEREFS="font0"/><SP WIDTH="26" VPOS="521" HPOS="1083"/><String ID="p50_w75" CONTENT="philo-" HPOS="1109" VPOS="521" WIDTH="106" HEIGHT="75" STYLEREFS="font0"/></TextLine><TextLine WIDTH="989" HEIGHT="75" ID="p50_t11" HPOS="225" VPOS="567"><String ID="p50_w76" CONTENT="fophers" HPOS="225" VPOS="567" WIDTH="130" HEIGHT="75" STYLEREFS="font0"/><SP WIDTH="18" VPOS="567" HPOS="355"/><String ID="p50_w77" CONTENT="have" HPOS="373" VPOS="567" WIDTH="80" HEIGHT="75" STYLEREFS="font0"/><SP WIDTH="16" VPOS="567" HPOS="453"/><String ID="p50_w78" CONTENT="generally" HPOS="469" VPOS="567" WIDTH="163" HEIGHT="75" STYLEREFS="font0"/><SP WIDTH="16" VPOS="567" HPOS="632"/><String ID="p50_w79" CONTENT="looked" HPOS="648" VPOS="567" WIDTH="120" HEIGHT="75" STYLEREFS="font0"/><SP WIDTH="16" VPOS="567" HPOS="768"/><String ID="p50_w80" CONTENT="upon" HPOS="784" VPOS="567" WIDTH="86" HEIGHT="75" STYLEREFS="font0"/><SP WIDTH="11" VPOS="567" HPOS="870"/><String ID="p50_w81" CONTENT="this" HPOS="881" VPOS="567" WIDTH="66" HEIGHT="75" STYLEREFS="font0"/><SP WIDTH="17" VPOS="567" HPOS="947"/><String ID="p50_w82" CONTENT="attempt" HPOS="964" VPOS="567" WIDTH="136" HEIGHT="75" STYLEREFS="font0"/><SP WIDTH="13" VPOS="567" HPOS="1100"/><String ID="p50_w83" CONTENT="as" HPOS="1113" VPOS="567" WIDTH="33" HEIGHT="75" STYLEREFS="font0"/><SP WIDTH="12" VPOS="567" HPOS="1146"/><String ID="p50_w84" CONTENT="the" HPOS="1158" VPOS="567" WIDTH="56" HEIGHT="75" STYLEREFS="font0"/></TextLine><TextLine WIDTH="990" HEIGHT="75" ID="p50_t12" HPOS="226" VPOS="615"><String ID="p50_w85" CONTENT="foible" HPOS="226" VPOS="615" WIDTH="100" HEIGHT="75" STYLEREFS="font0"/><SP WIDTH="16" VPOS="615" HPOS="326"/><String ID="p50_w86" CONTENT="of" HPOS="342" VPOS="615" WIDTH="40" HEIGHT="75" STYLEREFS="font0"/><SP WIDTH="11" VPOS="615" HPOS="382"/><String ID="p50_w87" CONTENT="a" HPOS="393" VPOS="615" WIDTH="20" HEIGHT="75" STYLEREFS="font0"/><SP WIDTH="10" VPOS="615" HPOS="413"/><String ID="p50_w88" CONTENT="great" HPOS="423" VPOS="615" WIDTH="91" HEIGHT="75" STYLEREFS="font0"/><SP WIDTH="16" VPOS="615" HPOS="514"/><String ID="p50_w89" CONTENT="man," HPOS="530" VPOS="615" WIDTH="85" HEIGHT="75" STYLEREFS="font0"/><SP WIDTH="25" VPOS="615" HPOS="615"/><String ID="p50_w90" CONTENT="or," HPOS="640" VPOS="615" WIDTH="51" HEIGHT="75" STYLEREFS="font0"/><SP WIDTH="24" VPOS="615" HPOS="691"/><String ID="p50_w91" CONTENT="at" HPOS="715" VPOS="615" WIDTH="34" HEIGHT="75" STYLEREFS="font0"/><SP WIDTH="15" VPOS="615" HPOS="749"/><String ID="p50_w92" CONTENT="lead," HPOS="764" VPOS="615" WIDTH="89" HEIGHT="75" STYLEREFS="font0"/><SP WIDTH="26" VPOS="615" HPOS="853"/><String ID="p50_w93" CONTENT="as" HPOS="879" VPOS="615" WIDTH="33" HEIGHT="75" STYLEREFS="font0"/><SP WIDTH="23" VPOS="615" HPOS="912"/><String ID="p50_w94" CONTENT="the" HPOS="935" VPOS="615" WIDTH="56" HEIGHT="75" STYLEREFS="font0"/><SP WIDTH="16" VPOS="615" HPOS="991"/><String ID="p50_w95" CONTENT="mod" HPOS="1007" VPOS="615" WIDTH="79" HEIGHT="75" STYLEREFS="font0"/><SP WIDTH="17" VPOS="615" HPOS="1086"/><String ID="p50_w96" CONTENT="ufelefs" HPOS="1103" VPOS="615" WIDTH="113" HEIGHT="75" STYLEREFS="font0"/></TextLine><TextLine WIDTH="991" HEIGHT="75" ID="p50_t13" HPOS="226" VPOS="660"><String ID="p50_w97" CONTENT="part" HPOS="226" VPOS="660" WIDTH="73" HEIGHT="75" STYLEREFS="font0"/><SP WIDTH="11" VPOS="660" HPOS="299"/><String ID="p50_w98" CONTENT="of" HPOS="310" VPOS="660" WIDTH="41" HEIGHT="75" STYLEREFS="font0"/><SP WIDTH="11" VPOS="660" HPOS="351"/><String ID="p50_w99" CONTENT="his" HPOS="362" VPOS="660" WIDTH="49" HEIGHT="75" STYLEREFS="font0"/><SP WIDTH="17" VPOS="660" HPOS="411"/><String ID="p50_w100" CONTENT="v/orks" HPOS="428" VPOS="660" WIDTH="105" HEIGHT="75" STYLEREFS="font0"/><SP WIDTH="14" VPOS="660" HPOS="533"/><String ID="p50_w101" CONTENT=";" HPOS="547" VPOS="660" WIDTH="10" HEIGHT="75" STYLEREFS="font0"/><SP WIDTH="26" VPOS="660" HPOS="557"/><String ID="p50_w102" CONTENT="and" HPOS="583" VPOS="660" WIDTH="64" HEIGHT="75" STYLEREFS="font0"/><SP WIDTH="21" VPOS="660" HPOS="647"/><String ID="p50_w103" CONTENT="accordingly" HPOS="668" VPOS="660" WIDTH="206" HEIGHT="75" STYLEREFS="font0"/><SP WIDTH="15" VPOS="660" HPOS="874"/><String ID="p50_w104" CONTENT="perufe" HPOS="889" VPOS="660" WIDTH="111" HEIGHT="75" STYLEREFS="font0"/><SP WIDTH="14" VPOS="660" HPOS="1000"/><String ID="p50_w105" CONTENT="it" HPOS="1014" VPOS="660" WIDTH="28" HEIGHT="75" STYLEREFS="font0"/><SP WIDTH="15" VPOS="660" HPOS="1042"/><String ID="p50_w106" CONTENT="rather" HPOS="1057" VPOS="660" WIDTH="110" HEIGHT="75" STYLEREFS="font0"/><SP WIDTH="16" VPOS="660" HPOS="1167"/><String ID="p50_w107" CONTENT="as" HPOS="1183" VPOS="660" WIDTH="34" HEIGHT="75" STYLEREFS="font0"/></TextLine><TextLine WIDTH="988" HEIGHT="75" ID="p50_t14" HPOS="230" VPOS="708"><String ID="p50_w108" CONTENT="a" HPOS="230" VPOS="708" WIDTH="20" HEIGHT="75" STYLEREFS="font0"/><SP WIDTH="17" VPOS="708" HPOS="250"/><String ID="p50_w109" CONTENT="dream" HPOS="267" VPOS="708" WIDTH="110" HEIGHT="75" STYLEREFS="font0"/><SP WIDTH="17" VPOS="708" HPOS="377"/><String ID="p50_w110" CONTENT="or" HPOS="394" VPOS="708" WIDTH="37" HEIGHT="75" STYLEREFS="font0"/><SP WIDTH="23" VPOS="708" HPOS="431"/><String ID="p50_w111" CONTENT="a" HPOS="454" VPOS="708" WIDTH="19" HEIGHT="75" STYLEREFS="font0"/><SP WIDTH="17" VPOS="708" HPOS="473"/><String ID="p50_w112" CONTENT="romance," HPOS="490" VPOS="708" WIDTH="159" HEIGHT="75" STYLEREFS="font0"/><SP WIDTH="25" VPOS="708" HPOS="649"/><String ID="p50_w113" CONTENT="than" HPOS="674" VPOS="708" WIDTH="77" HEIGHT="75" STYLEREFS="font0"/><SP WIDTH="14" VPOS="708" HPOS="751"/><String ID="p50_w114" CONTENT="as" HPOS="765" VPOS="708" WIDTH="32" HEIGHT="75" STYLEREFS="font0"/><SP WIDTH="18" VPOS="708" HPOS="797"/><String ID="p50_w115" CONTENT="having" HPOS="815" VPOS="708" WIDTH="118" HEIGHT="75" STYLEREFS="font0"/><SP WIDTH="22" VPOS="708" HPOS="933"/><String ID="p50_w116" CONTENT="any" HPOS="955" VPOS="708" WIDTH="62" HEIGHT="75" STYLEREFS="font0"/><SP WIDTH="16" VPOS="708" HPOS="1017"/><String ID="p50_w117" CONTENT="connexion" HPOS="1033" VPOS="708" WIDTH="185" HEIGHT="75" STYLEREFS="font0"/></TextLine><TextLine WIDTH="991" HEIGHT="75" ID="p50_t15" HPOS="229" VPOS="754"><String ID="p50_w118" CONTENT="with" HPOS="229" VPOS="754" WIDTH="81" HEIGHT="75" STYLEREFS="font0"/><SP WIDTH="16" VPOS="754" HPOS="310"/><String ID="p50_w119" CONTENT="fcience." HPOS="326" VPOS="754" WIDTH="134" HEIGHT="75" STYLEREFS="font0"/><SP WIDTH="48" VPOS="754" HPOS="460"/><String ID="p50_w120" CONTENT="But" HPOS="508" VPOS="754" WIDTH="75" HEIGHT="75" STYLEREFS="font0"/><SP WIDTH="23" VPOS="754" HPOS="583"/><String ID="p50_w121" CONTENT="v/e" HPOS="606" VPOS="754" WIDTH="50" HEIGHT="75" STYLEREFS="font0"/><SP WIDTH="21" VPOS="754" HPOS="656"/><String ID="p50_w122" CONTENT="are" HPOS="677" VPOS="754" WIDTH="54" HEIGHT="75" STYLEREFS="font0"/><SP WIDTH="17" VPOS="754" HPOS="731"/><String ID="p50_w123" CONTENT="forry" HPOS="748" VPOS="754" WIDTH="91" HEIGHT="75" STYLEREFS="font0"/><SP WIDTH="27" VPOS="754" HPOS="839"/><String ID="p50_w124" CONTENT="to" HPOS="866" VPOS="754" WIDTH="35" HEIGHT="75" STYLEREFS="font0"/><SP WIDTH="28" VPOS="754" HPOS="901"/><String ID="p50_w125" CONTENT="find," HPOS="929" VPOS="754" WIDTH="79" HEIGHT="75" STYLEREFS="font0"/><SP WIDTH="27" VPOS="754" HPOS="1008"/><String ID="p50_w126" CONTENT="that" HPOS="1035" VPOS="754" WIDTH="72" HEIGHT="75" STYLEREFS="font0"/><SP WIDTH="26" VPOS="754" HPOS="1107"/><String ID="p50_w127" CONTENT="fome" HPOS="1133" VPOS="754" WIDTH="87" HEIGHT="75" STYLEREFS="font0"/></TextLine><TextLine WIDTH="994" HEIGHT="75" ID="p50_t16" HPOS="230" VPOS="801"><String ID="p50_w128" CONTENT="late" HPOS="230" VPOS="801" WIDTH="64" HEIGHT="75" STYLEREFS="font0"/><SP WIDTH="16" VPOS="801" HPOS="294"/><String ID="p50_w129" CONTENT="attempts" HPOS="310" VPOS="801" WIDTH="151" HEIGHT="75" STYLEREFS="font0"/><SP WIDTH="17" VPOS="801" HPOS="461"/><String ID="p50_w130" CONTENT="have" HPOS="478" VPOS="801" WIDTH="82" HEIGHT="75" STYLEREFS="font0"/><SP WIDTH="12" VPOS="801" HPOS="560"/><String ID="p50_w131" CONTENT="been" HPOS="572" VPOS="801" WIDTH="81" HEIGHT="75" STYLEREFS="font0"/><SP WIDTH="12" VPOS="801" HPOS="653"/><String ID="p50_w132" CONTENT="made" HPOS="665" VPOS="801" WIDTH="93" HEIGHT="75" STYLEREFS="font0"/><SP WIDTH="13" VPOS="801" HPOS="758"/><String ID="p50_w133" CONTENT="to" HPOS="771" VPOS="801" WIDTH="36" HEIGHT="75" STYLEREFS="font0"/><SP WIDTH="13" VPOS="801" HPOS="807"/><String ID="p50_w134" CONTENT="revive" HPOS="820" VPOS="801" WIDTH="107" HEIGHT="75" STYLEREFS="font0"/><SP WIDTH="18" VPOS="801" HPOS="927"/><String ID="p50_w135" CONTENT="this" HPOS="945" VPOS="801" WIDTH="64" HEIGHT="75" STYLEREFS="font0"/><SP WIDTH="17" VPOS="801" HPOS="1009"/><String ID="p50_w136" CONTENT="doftrine" HPOS="1026" VPOS="801" WIDTH="141" HEIGHT="75" STYLEREFS="font0"/><SP WIDTH="17" VPOS="801" HPOS="1167"/><String ID="p50_w137" CONTENT="of" HPOS="1184" VPOS="801" WIDTH="40" HEIGHT="75" STYLEREFS="font0"/></TextLine><TextLine WIDTH="989" HEIGHT="75" ID="p50_t17" HPOS="230" VPOS="846"><String ID="p50_w138" CONTENT="sether," HPOS="230" VPOS="846" WIDTH="112" HEIGHT="75" STYLEREFS="font0"/><SP WIDTH="17" VPOS="846" HPOS="342"/><String ID="p50_w139" CONTENT="particularly" HPOS="359" VPOS="846" WIDTH="207" HEIGHT="75" STYLEREFS="font0"/><SP WIDTH="11" VPOS="846" HPOS="566"/><String ID="p50_w140" CONTENT="in" HPOS="577" VPOS="846" WIDTH="32" HEIGHT="75" STYLEREFS="font0"/><SP WIDTH="13" VPOS="846" HPOS="609"/><String ID="p50_w141" CONTENT="a" HPOS="622" VPOS="846" WIDTH="18" HEIGHT="75" STYLEREFS="font0"/><SP WIDTH="11" VPOS="846" HPOS="640"/><String ID="p50_w142" CONTENT="differtation" HPOS="651" VPOS="846" WIDTH="196" HEIGHT="75" STYLEREFS="font0"/><SP WIDTH="17" VPOS="846" HPOS="847"/><String ID="p50_w143" CONTENT="De" HPOS="864" VPOS="846" WIDTH="56" HEIGHT="75" STYLEREFS="font0"/><SP WIDTH="17" VPOS="846" HPOS="920"/><String ID="p50_w144" CONTENT="ortu" HPOS="937" VPOS="846" WIDTH="74" HEIGHT="75" STYLEREFS="font0"/><SP WIDTH="12" VPOS="846" HPOS="1011"/><String ID="p50_w145" CONTENT="animaliu.ni" HPOS="1023" VPOS="846" WIDTH="196" HEIGHT="75" STYLEREFS="font0"/></TextLine><TextLine WIDTH="548" HEIGHT="75" ID="p50_t18" HPOS="230" VPOS="894"><String ID="p50_w146" CONTENT="caloris," HPOS="230" VPOS="894" WIDTH="135" HEIGHT="75" STYLEREFS="font0"/><SP WIDTH="25" VPOS="894" HPOS="365"/><String ID="p50_w147" CONTENT="publilhed" HPOS="390" VPOS="894" WIDTH="165" HEIGHT="75" STYLEREFS="font0"/><SP WIDTH="15" VPOS="894" HPOS="555"/><String ID="p50_w148" CONTENT="in" HPOS="570" VPOS="894" WIDTH="32" HEIGHT="75" STYLEREFS="font0"/><SP WIDTH="12" VPOS="894" HPOS="602"/><String ID="p50_w149" CONTENT="May" HPOS="614" VPOS="894" WIDTH="83" HEIGHT="75" STYLEREFS="font0"/><SP WIDTH="11" VPOS="894" HPOS="697"/><String ID="p50_w150" CONTENT="lad." HPOS="708" VPOS="894" WIDTH="70" HEIGHT="75" STYLEREFS="font0"/></TextLine><TextLine WIDTH="941" HEIGHT="75" ID="p50_t19" HPOS="280" VPOS="939"><String ID="p50_w151" CONTENT="As" HPOS="280" VPOS="939" WIDTH="49" HEIGHT="75" STYLEREFS="font0"/><SP WIDTH="17" VPOS="939" HPOS="329"/><String ID="p50_w152" CONTENT="the" HPOS="346" VPOS="939" WIDTH="56" HEIGHT="75" STYLEREFS="font0"/><SP WIDTH="17" VPOS="939" HPOS="402"/><String ID="p50_w153" CONTENT="revival" HPOS="419" VPOS="939" WIDTH="119" HEIGHT="75" STYLEREFS="font0"/><SP WIDTH="16" VPOS="939" HPOS="538"/><String ID="p50_w154" CONTENT="of" HPOS="554" VPOS="939" WIDTH="40" HEIGHT="75" STYLEREFS="font0"/><SP WIDTH="12" VPOS="939" HPOS="594"/><String ID="p50_w155" CONTENT="an" HPOS="606" VPOS="939" WIDTH="39" HEIGHT="75" STYLEREFS="font0"/><SP WIDTH="18" VPOS="939" HPOS="645"/><String ID="p50_w156" CONTENT="old" HPOS="663" VPOS="939" WIDTH="56" HEIGHT="75" STYLEREFS="font0"/><SP WIDTH="15" VPOS="939" HPOS="719"/><String ID="p50_w157" CONTENT="do&amp;rine" HPOS="734" VPOS="939" WIDTH="143" HEIGHT="75" STYLEREFS="font0"/><SP WIDTH="25" VPOS="939" HPOS="877"/><String ID="p50_w158" CONTENT="becomes" HPOS="902" VPOS="939" WIDTH="147" HEIGHT="75" STYLEREFS="font0"/><SP WIDTH="24" VPOS="939" HPOS="1049"/><String ID="p50_w159" CONTENT="in" HPOS="1073" VPOS="939" WIDTH="32" HEIGHT="75" STYLEREFS="font0"/><SP WIDTH="30" VPOS="939" HPOS="1105"/><String ID="p50_w160" CONTENT="fome" HPOS="1135" VPOS="939" WIDTH="86" HEIGHT="75" STYLEREFS="font0"/></TextLine><TextLine WIDTH="987" HEIGHT="75" ID="p50_t20" HPOS="235" VPOS="986"><String ID="p50_w161" CONTENT="meafure" HPOS="235" VPOS="986" WIDTH="140" HEIGHT="75" STYLEREFS="font0"/><SP WIDTH="17" VPOS="986" HPOS="375"/><String ID="p50_w162" CONTENT="a" HPOS="392" VPOS="986" WIDTH="18" HEIGHT="75" STYLEREFS="font0"/><SP WIDTH="20" VPOS="986" HPOS="410"/><String ID="p50_w163" CONTENT="new" HPOS="430" VPOS="986" WIDTH="71" HEIGHT="75" STYLEREFS="font0"/><SP WIDTH="22" VPOS="986" HPOS="501"/><String ID="p50_w164" CONTENT="one," HPOS="523" VPOS="986" WIDTH="74" HEIGHT="75" STYLEREFS="font0"/><SP WIDTH="24" VPOS="986" HPOS="597"/><String ID="p50_w165" CONTENT="we" HPOS="621" VPOS="986" WIDTH="50" HEIGHT="75" STYLEREFS="font0"/><SP WIDTH="27" VPOS="986" HPOS="671"/><String ID="p50_w166" CONTENT="(hall" HPOS="698" VPOS="986" WIDTH="77" HEIGHT="75" STYLEREFS="font0"/><SP WIDTH="28" VPOS="986" HPOS="775"/><String ID="p50_w167" CONTENT="plead" HPOS="803" VPOS="986" WIDTH="93" HEIGHT="75" STYLEREFS="font0"/><SP WIDTH="16" VPOS="986" HPOS="896"/><String ID="p50_w168" CONTENT="no" HPOS="912" VPOS="986" WIDTH="42" HEIGHT="75" STYLEREFS="font0"/><SP WIDTH="17" VPOS="986" HPOS="954"/><String ID="p50_w169" CONTENT="other" HPOS="971" VPOS="986" WIDTH="95" HEIGHT="75" STYLEREFS="font0"/><SP WIDTH="16" VPOS="986" HPOS="1066"/><String ID="p50_w170" CONTENT="apology" HPOS="1082" VPOS="986" WIDTH="140" HEIGHT="75" STYLEREFS="font0"/></TextLine><TextLine WIDTH="988" HEIGHT="75" ID="p50_t21" HPOS="235" VPOS="1033"><String ID="p50_w171" CONTENT="for" HPOS="235" VPOS="1033" WIDTH="52" HEIGHT="75" STYLEREFS="font0"/><SP WIDTH="26" VPOS="1033" HPOS="287"/><String ID="p50_w172" CONTENT="inferting" HPOS="313" VPOS="1033" WIDTH="151" HEIGHT="75" STYLEREFS="font0"/><SP WIDTH="17" VPOS="1033" HPOS="464"/><String ID="p50_w173" CONTENT="a" HPOS="481" VPOS="1033" WIDTH="19" HEIGHT="75" STYLEREFS="font0"/><SP WIDTH="14" VPOS="1033" HPOS="500"/><String ID="p50_w174" CONTENT="fpecimen" HPOS="514" VPOS="1033" WIDTH="156" HEIGHT="75" STYLEREFS="font0"/><SP WIDTH="25" VPOS="1033" HPOS="670"/><String ID="p50_w175" CONTENT="of" HPOS="695" VPOS="1033" WIDTH="41" HEIGHT="75" STYLEREFS="font0"/><SP WIDTH="20" VPOS="1033" HPOS="736"/><String ID="p50_w176" CONTENT="the" HPOS="756" VPOS="1033" WIDTH="56" HEIGHT="75" STYLEREFS="font0"/><SP WIDTH="23" VPOS="1033" HPOS="812"/><String ID="p50_w177" CONTENT="method" HPOS="835" VPOS="1033" WIDTH="135" HEIGHT="75" STYLEREFS="font0"/><SP WIDTH="24" VPOS="1033" HPOS="970"/><String ID="p50_w178" CONTENT="of" HPOS="994" VPOS="1033" WIDTH="41" HEIGHT="75" STYLEREFS="font0"/><SP WIDTH="22" VPOS="1033" HPOS="1035"/><String ID="p50_w179" CONTENT="reafoning" HPOS="1057" VPOS="1033" WIDTH="166" HEIGHT="75" STYLEREFS="font0"/></TextLine><TextLine WIDTH="524" HEIGHT="75" ID="p50_t22" HPOS="234" VPOS="1080"><String ID="p50_w180" CONTENT="employed" HPOS="234" VPOS="1080" WIDTH="171" HEIGHT="75" STYLEREFS="font0"/><SP WIDTH="15" VPOS="1080" HPOS="405"/><String ID="p50_w181" CONTENT="in" HPOS="420" VPOS="1080" WIDTH="33" HEIGHT="75" STYLEREFS="font0"/><SP WIDTH="15" VPOS="1080" HPOS="453"/><String ID="p50_w182" CONTENT="this" HPOS="468" VPOS="1080" WIDTH="65" HEIGHT="75" STYLEREFS="font0"/><SP WIDTH="16" VPOS="1080" HPOS="533"/><String ID="p50_w183" CONTENT="differtation." HPOS="549" VPOS="1080" WIDTH="209" HEIGHT="75" STYLEREFS="font0"/></TextLine><TextLine WIDTH="936" HEIGHT="75" ID="p50_t23" HPOS="287" VPOS="1127"><String ID="p50_w184" CONTENT="The" HPOS="287" VPOS="1127" WIDTH="78" HEIGHT="75" STYLEREFS="font0"/><SP WIDTH="21" VPOS="1127" HPOS="365"/><String ID="p50_w185" CONTENT="author" HPOS="386" VPOS="1127" WIDTH="115" HEIGHT="75" STYLEREFS="font0"/><SP WIDTH="19" VPOS="1127" HPOS="501"/><String ID="p50_w186" CONTENT="makes" HPOS="520" VPOS="1127" WIDTH="109" HEIGHT="75" STYLEREFS="font0"/><SP WIDTH="17" VPOS="1127" HPOS="629"/><String ID="p50_w187" CONTENT="frequent" HPOS="646" VPOS="1127" WIDTH="152" HEIGHT="75" STYLEREFS="font0"/><SP WIDTH="17" VPOS="1127" HPOS="798"/><String ID="p50_w188" CONTENT="ufe" HPOS="815" VPOS="1127" WIDTH="53" HEIGHT="75" STYLEREFS="font0"/><SP WIDTH="22" VPOS="1127" HPOS="868"/><String ID="p50_w189" CONTENT="of" HPOS="890" VPOS="1127" WIDTH="40" HEIGHT="75" STYLEREFS="font0"/><SP WIDTH="23" VPOS="1127" HPOS="930"/><String ID="p50_w190" CONTENT="a" HPOS="953" VPOS="1127" WIDTH="19" HEIGHT="75" STYLEREFS="font0"/><SP WIDTH="15" VPOS="1127" HPOS="972"/><String ID="p50_w191" CONTENT="fpecies" HPOS="987" VPOS="1127" WIDTH="116" HEIGHT="75" STYLEREFS="font0"/><SP WIDTH="13" VPOS="1127" HPOS="1103"/><String ID="p50_w192" CONTENT="of" HPOS="1116" VPOS="1127" WIDTH="41" HEIGHT="75" STYLEREFS="font0"/><SP WIDTH="15" VPOS="1127" HPOS="1157"/><String ID="p50_w193" CONTENT="ar-" HPOS="1172" VPOS="1127" WIDTH="51" HEIGHT="75" STYLEREFS="font0"/></TextLine><TextLine WIDTH="984" HEIGHT="75" ID="p50_t24" HPOS="240" VPOS="1174"><String ID="p50_w194" CONTENT="gument" HPOS="240" VPOS="1174" WIDTH="130" HEIGHT="75" STYLEREFS="font0"/><SP WIDTH="22" VPOS="1174" HPOS="370"/><String ID="p50_w195" CONTENT="termed" HPOS="392" VPOS="1174" WIDTH="127" HEIGHT="75" STYLEREFS="font0"/><SP WIDTH="17" VPOS="1174" HPOS="519"/><String ID="p50_w196" CONTENT="dilemma" HPOS="536" VPOS="1174" WIDTH="153" HEIGHT="75" STYLEREFS="font0"/><SP WIDTH="15" VPOS="1174" HPOS="689"/><String ID="p50_w197" CONTENT="by" HPOS="704" VPOS="1174" WIDTH="45" HEIGHT="75" STYLEREFS="font0"/><SP WIDTH="15" VPOS="1174" HPOS="749"/><String ID="p50_w198" CONTENT="logicians." HPOS="764" VPOS="1174" WIDTH="167" HEIGHT="75" STYLEREFS="font0"/><SP WIDTH="51" VPOS="1174" HPOS="931"/><String ID="p50_w199" CONTENT="For" HPOS="982" VPOS="1174" WIDTH="66" HEIGHT="75" STYLEREFS="font0"/><SP WIDTH="15" VPOS="1174" HPOS="1048"/><String ID="p50_w200" CONTENT="example," HPOS="1063" VPOS="1174" WIDTH="161" HEIGHT="75" STYLEREFS="font0"/></TextLine><TextLine WIDTH="991" HEIGHT="75" ID="p50_t25" HPOS="234" VPOS="1222"><String ID="p50_w201" CONTENT="in" HPOS="234" VPOS="1222" WIDTH="37" HEIGHT="75" STYLEREFS="font0"/><SP WIDTH="23" VPOS="1222" HPOS="271"/><String ID="p50_w202" CONTENT="the" HPOS="294" VPOS="1222" WIDTH="55" HEIGHT="75" STYLEREFS="font0"/><SP WIDTH="24" VPOS="1222" HPOS="349"/><String ID="p50_w203" CONTENT="fird" HPOS="373" VPOS="1222" WIDTH="66" HEIGHT="75" STYLEREFS="font0"/><SP WIDTH="26" VPOS="1222" HPOS="439"/><String ID="p50_w204" CONTENT="part" HPOS="465" VPOS="1222" WIDTH="72" HEIGHT="75" STYLEREFS="font0"/><SP WIDTH="27" VPOS="1222" HPOS="537"/><String ID="p50_w205" CONTENT="of" HPOS="564" VPOS="1222" WIDTH="42" HEIGHT="75" STYLEREFS="font0"/><SP WIDTH="23" VPOS="1222" HPOS="606"/><String ID="p50_w206" CONTENT="the" HPOS="629" VPOS="1222" WIDTH="56" HEIGHT="75" STYLEREFS="font0"/><SP WIDTH="22" VPOS="1222" HPOS="685"/><String ID="p50_w207" CONTENT="work," HPOS="707" VPOS="1222" WIDTH="104" HEIGHT="75" STYLEREFS="font0"/><SP WIDTH="26" VPOS="1222" HPOS="811"/><String ID="p50_w208" CONTENT="after" HPOS="837" VPOS="1222" WIDTH="83" HEIGHT="75" STYLEREFS="font0"/><SP WIDTH="16" VPOS="1222" HPOS="920"/><String ID="p50_w209" CONTENT="endeavouring" HPOS="936" VPOS="1222" WIDTH="237" HEIGHT="75" STYLEREFS="font0"/><SP WIDTH="16" VPOS="1222" HPOS="1173"/><String ID="p50_w210" CONTENT="to" HPOS="1189" VPOS="1222" WIDTH="36" HEIGHT="75" STYLEREFS="font0"/></TextLine><TextLine WIDTH="987" HEIGHT="75" ID="p50_t26" HPOS="238" VPOS="1268"><String ID="p50_w211" CONTENT="prove" HPOS="238" VPOS="1268" WIDTH="99" HEIGHT="75" STYLEREFS="font0"/><SP WIDTH="27" VPOS="1268" HPOS="337"/><String ID="p50_w212" CONTENT="that" HPOS="364" VPOS="1268" WIDTH="73" HEIGHT="75" STYLEREFS="font0"/><SP WIDTH="24" VPOS="1268" HPOS="437"/><String ID="p50_w213" CONTENT="animal" HPOS="461" VPOS="1268" WIDTH="116" HEIGHT="75" STYLEREFS="font0"/><SP WIDTH="16" VPOS="1268" HPOS="577"/><String ID="p50_w214" CONTENT="heat" HPOS="593" VPOS="1268" WIDTH="76" HEIGHT="75" STYLEREFS="font0"/><SP WIDTH="16" VPOS="1268" HPOS="669"/><String ID="p50_w215" CONTENT="cannot" HPOS="685" VPOS="1268" WIDTH="117" HEIGHT="75" STYLEREFS="font0"/><SP WIDTH="15" VPOS="1268" HPOS="802"/><String ID="p50_w216" CONTENT="be" HPOS="817" VPOS="1268" WIDTH="41" HEIGHT="75" STYLEREFS="font0"/><SP WIDTH="19" VPOS="1268" HPOS="858"/><String ID="p50_w217" CONTENT="owing" HPOS="877" VPOS="1268" WIDTH="108" HEIGHT="75" STYLEREFS="font0"/><SP WIDTH="15" VPOS="1268" HPOS="985"/><String ID="p50_w218" CONTENT="to" HPOS="1000" VPOS="1268" WIDTH="36" HEIGHT="75" STYLEREFS="font0"/><SP WIDTH="17" VPOS="1268" HPOS="1036"/><String ID="p50_w219" CONTENT="fermenta-" HPOS="1053" VPOS="1268" WIDTH="172" HEIGHT="75" STYLEREFS="font0"/></TextLine><TextLine WIDTH="985" HEIGHT="75" ID="p50_t27" HPOS="240" VPOS="1314"><String ID="p50_w220" CONTENT="tion," HPOS="240" VPOS="1314" WIDTH="80" HEIGHT="75" STYLEREFS="font0"/><SP WIDTH="27" VPOS="1314" HPOS="320"/><String ID="p50_w221" CONTENT="the" HPOS="347" VPOS="1314" WIDTH="55" HEIGHT="75" STYLEREFS="font0"/><SP WIDTH="28" VPOS="1314" HPOS="402"/><String ID="p50_w222" CONTENT="motion" HPOS="430" VPOS="1314" WIDTH="122" HEIGHT="75" STYLEREFS="font0"/><SP WIDTH="16" VPOS="1314" HPOS="552"/><String ID="p50_w223" CONTENT="of" HPOS="568" VPOS="1314" WIDTH="40" HEIGHT="75" STYLEREFS="font0"/><SP WIDTH="11" VPOS="1314" HPOS="608"/><String ID="p50_w224" CONTENT="the" HPOS="619" VPOS="1314" WIDTH="56" HEIGHT="75" STYLEREFS="font0"/><SP WIDTH="15" VPOS="1314" HPOS="675"/><String ID="p50_w225" CONTENT="fluids," HPOS="690" VPOS="1314" WIDTH="107" HEIGHT="75" STYLEREFS="font0"/><SP WIDTH="26" VPOS="1314" HPOS="797"/><String ID="p50_w226" CONTENT="and" HPOS="823" VPOS="1314" WIDTH="63" HEIGHT="75" STYLEREFS="font0"/><SP WIDTH="15" VPOS="1314" HPOS="886"/><String ID="p50_w227" CONTENT="other" HPOS="901" VPOS="1314" WIDTH="95" HEIGHT="75" STYLEREFS="font0"/><SP WIDTH="24" VPOS="1314" HPOS="996"/><String ID="p50_w228" CONTENT="caufes" HPOS="1020" VPOS="1314" WIDTH="105" HEIGHT="75" STYLEREFS="font0"/><SP WIDTH="29" VPOS="1314" HPOS="1125"/><String ID="p50_w229" CONTENT="that" HPOS="1154" VPOS="1314" WIDTH="71" HEIGHT="75" STYLEREFS="font0"/></TextLine><TextLine WIDTH="987" HEIGHT="75" ID="p50_t28" HPOS="239" VPOS="1361"><String ID="p50_w230" CONTENT="have" HPOS="239" VPOS="1361" WIDTH="82" HEIGHT="75" STYLEREFS="font0"/><SP WIDTH="11" VPOS="1361" HPOS="321"/><String ID="p50_w231" CONTENT="ufually" HPOS="332" VPOS="1361" WIDTH="124" HEIGHT="75" STYLEREFS="font0"/><SP WIDTH="11" VPOS="1361" HPOS="456"/><String ID="p50_w232" CONTENT="been" HPOS="467" VPOS="1361" WIDTH="81" HEIGHT="75" STYLEREFS="font0"/><SP WIDTH="16" VPOS="1361" HPOS="548"/><String ID="p50_w233" CONTENT="affigned," HPOS="564" VPOS="1361" WIDTH="146" HEIGHT="75" STYLEREFS="font0"/><SP WIDTH="18" VPOS="1361" HPOS="710"/><String ID="p50_w234" CONTENT="he" HPOS="728" VPOS="1361" WIDTH="41" HEIGHT="75" STYLEREFS="font0"/><SP WIDTH="13" VPOS="1361" HPOS="769"/><String ID="p50_w235" CONTENT="draws" HPOS="782" VPOS="1361" WIDTH="104" HEIGHT="75" STYLEREFS="font0"/><SP WIDTH="12" VPOS="1361" HPOS="886"/><String ID="p50_w236" CONTENT="this" HPOS="898" VPOS="1361" WIDTH="70" HEIGHT="75" STYLEREFS="font0"/><SP WIDTH="9" VPOS="1361" HPOS="968"/><String ID="p50_w237" CONTENT="conclufion:—" HPOS="977" VPOS="1361" WIDTH="249" HEIGHT="75" STYLEREFS="font0"/></TextLine><TextLine WIDTH="982" HEIGHT="93" ID="p50_t29" HPOS="246" VPOS="1389"><String ID="p50_w238" CONTENT="64" HPOS="246" VPOS="1389" WIDTH="24" HEIGHT="49" STYLEREFS="font1"/><SP WIDTH="25" VPOS="1389" HPOS="270"/><String ID="p50_w239" CONTENT="If" HPOS="295" VPOS="1407" WIDTH="39" HEIGHT="75" STYLEREFS="font0"/><SP WIDTH="7" VPOS="1407" HPOS="334"/><String ID="p50_w240" CONTENT="none" HPOS="341" VPOS="1407" WIDTH="82" HEIGHT="75" STYLEREFS="font0"/><SP WIDTH="16" VPOS="1407" HPOS="423"/><String ID="p50_w241" CONTENT="of" HPOS="439" VPOS="1407" WIDTH="41" HEIGHT="75" STYLEREFS="font0"/><SP WIDTH="9" VPOS="1407" HPOS="480"/><String ID="p50_w242" CONTENT="thefe" HPOS="489" VPOS="1407" WIDTH="88" HEIGHT="75" STYLEREFS="font0"/><SP WIDTH="12" VPOS="1407" HPOS="577"/><String ID="p50_w243" CONTENT="caufes" HPOS="589" VPOS="1407" WIDTH="108" HEIGHT="75" STYLEREFS="font0"/><SP WIDTH="18" VPOS="1407" HPOS="697"/><String ID="p50_w244" CONTENT="are" HPOS="715" VPOS="1407" WIDTH="52" HEIGHT="75" STYLEREFS="font0"/><SP WIDTH="16" VPOS="1407" HPOS="767"/><String ID="p50_w245" CONTENT="fuffeient" HPOS="783" VPOS="1407" WIDTH="156" HEIGHT="75" STYLEREFS="font0"/><SP WIDTH="17" VPOS="1407" HPOS="939"/><String ID="p50_w246" CONTENT="to" HPOS="956" VPOS="1407" WIDTH="35" HEIGHT="75" STYLEREFS="font0"/><SP WIDTH="24" VPOS="1407" HPOS="991"/><String ID="p50_w247" CONTENT="produce" HPOS="1015" VPOS="1407" WIDTH="140" HEIGHT="75" STYLEREFS="font0"/><SP WIDTH="16" VPOS="1407" HPOS="1155"/><String ID="p50_w248" CONTENT="jthe" HPOS="1171" VPOS="1407" WIDTH="57" HEIGHT="75" STYLEREFS="font0"/></TextLine><TextLine WIDTH="981" HEIGHT="75" ID="p50_t30" HPOS="247" VPOS="1457"><String ID="p50_w249" CONTENT="“" HPOS="247" VPOS="1457" WIDTH="25" HEIGHT="75" STYLEREFS="font0"/><SP WIDTH="26" VPOS="1457" HPOS="272"/><String ID="p50_w250" CONTENT="effeft;" HPOS="298" VPOS="1457" WIDTH="117" HEIGHT="75" STYLEREFS="font0"/><SP WIDTH="19" VPOS="1457" HPOS="415"/><String ID="p50_w251" CONTENT="therefore^" HPOS="434" VPOS="1457" WIDTH="174" HEIGHT="75" STYLEREFS="font0"/><SP WIDTH="14" VPOS="1457" HPOS="608"/><String ID="p50_w252" CONTENT="by" HPOS="622" VPOS="1457" WIDTH="44" HEIGHT="75" STYLEREFS="font0"/><SP WIDTH="10" VPOS="1457" HPOS="666"/><String ID="p50_w253" CONTENT="dilemma,”" HPOS="676" VPOS="1457" WIDTH="186" HEIGHT="75" STYLEREFS="font0"/><SP WIDTH="11" VPOS="1457" HPOS="862"/><String ID="p50_w254" CONTENT="fays" HPOS="873" VPOS="1457" WIDTH="69" HEIGHT="75" STYLEREFS="font0"/><SP WIDTH="13" VPOS="1457" HPOS="942"/><String ID="p50_w255" CONTENT="he," HPOS="955" VPOS="1457" WIDTH="52" HEIGHT="75" STYLEREFS="font0"/><SP WIDTH="14" VPOS="1457" HPOS="1007"/><String ID="p50_w256" CONTENT="“" HPOS="1021" VPOS="1457" WIDTH="25" HEIGHT="75" STYLEREFS="font0"/><SP WIDTH="12" VPOS="1457" HPOS="1046"/><String ID="p50_w257" CONTENT="it" HPOS="1058" VPOS="1457" WIDTH="27" HEIGHT="75" STYLEREFS="font0"/><SP WIDTH="6" VPOS="1457" HPOS="1085"/><String ID="p50_w258" CONTENT=",mud" HPOS="1091" VPOS="1457" WIDTH="85" HEIGHT="75" STYLEREFS="font0"/><SP WIDTH="13" VPOS="1457" HPOS="1176"/><String ID="p50_w259" CONTENT="be" HPOS="1189" VPOS="1457" WIDTH="39" HEIGHT="75" STYLEREFS="font0"/></TextLine><TextLine WIDTH="982" HEIGHT="93" ID="p50_t31" HPOS="246" VPOS="1483"><String ID="p50_w260" CONTENT="44" HPOS="246" VPOS="1483" WIDTH="26" HEIGHT="49" STYLEREFS="font1"/><SP WIDTH="25" VPOS="1483" HPOS="272"/><String ID="p50_w261" CONTENT="fought" HPOS="297" VPOS="1501" WIDTH="116" HEIGHT="75" STYLEREFS="font0"/><SP WIDTH="21" VPOS="1501" HPOS="413"/><String ID="p50_w262" CONTENT="for" HPOS="434" VPOS="1501" WIDTH="52" HEIGHT="75" STYLEREFS="font0"/><SP WIDTH="15" VPOS="1501" HPOS="486"/><String ID="p50_w263" CONTENT="in" HPOS="501" VPOS="1501" WIDTH="33" HEIGHT="75" STYLEREFS="font0"/><SP WIDTH="17" VPOS="1501" HPOS="534"/><String ID="p50_w264" CONTENT="the" HPOS="551" VPOS="1501" WIDTH="55" HEIGHT="75" STYLEREFS="font0"/><SP WIDTH="13" VPOS="1501" HPOS="606"/><String ID="p50_w265" CONTENT="nature" HPOS="619" VPOS="1501" WIDTH="112" HEIGHT="75" STYLEREFS="font0"/><SP WIDTH="17" VPOS="1501" HPOS="731"/><String ID="p50_w266" CONTENT="and" HPOS="748" VPOS="1501" WIDTH="63" HEIGHT="75" STYLEREFS="font0"/><SP WIDTH="18" VPOS="1501" HPOS="811"/><String ID="p50_w267" CONTENT="aCtion" HPOS="829" VPOS="1501" WIDTH="104" HEIGHT="75" STYLEREFS="font0"/><SP WIDTH="16" VPOS="1501" HPOS="933"/><String ID="p50_w268" CONTENT="of" HPOS="949" VPOS="1501" WIDTH="41" HEIGHT="75" STYLEREFS="font0"/><SP WIDTH="11" VPOS="1501" HPOS="990"/><String ID="p50_w269" CONTENT="the" HPOS="1001" VPOS="1501" WIDTH="54" HEIGHT="75" STYLEREFS="font0"/><SP WIDTH="22" VPOS="1501" HPOS="1055"/><String ID="p50_w270" CONTENT="nerves.”" HPOS="1077" VPOS="1501" WIDTH="151" HEIGHT="75" STYLEREFS="font0"/></TextLine><TextLine WIDTH="984" HEIGHT="75" ID="p50_t32" HPOS="246" VPOS="1547"><String ID="p50_w271" CONTENT="—This" HPOS="246" VPOS="1547" WIDTH="133" HEIGHT="75" STYLEREFS="font0"/><SP WIDTH="22" VPOS="1547" HPOS="379"/><String ID="p50_w272" CONTENT="is" HPOS="401" VPOS="1547" WIDTH="27" HEIGHT="75" STYLEREFS="font0"/><SP WIDTH="19" VPOS="1547" HPOS="428"/><String ID="p50_w273" CONTENT="a" HPOS="447" VPOS="1547" WIDTH="19" HEIGHT="75" STYLEREFS="font0"/><SP WIDTH="14" VPOS="1547" HPOS="466"/><String ID="p50_w274" CONTENT="new" HPOS="480" VPOS="1547" WIDTH="71" HEIGHT="75" STYLEREFS="font0"/><SP WIDTH="20" VPOS="1547" HPOS="551"/><String ID="p50_w275" CONTENT="fpecies" HPOS="571" VPOS="1547" WIDTH="118" HEIGHT="75" STYLEREFS="font0"/><SP WIDTH="17" VPOS="1547" HPOS="689"/><String ID="p50_w276" CONTENT="of" HPOS="706" VPOS="1547" WIDTH="42" HEIGHT="75" STYLEREFS="font0"/><SP WIDTH="10" VPOS="1547" HPOS="748"/><String ID="p50_w277" CONTENT="dilemma:" HPOS="758" VPOS="1547" WIDTH="170" HEIGHT="75" STYLEREFS="font0"/><SP WIDTH="12" VPOS="1547" HPOS="928"/><String ID="p50_w278" CONTENT="—If" HPOS="940" VPOS="1547" WIDTH="92" HEIGHT="75" STYLEREFS="font0"/><SP WIDTH="11" VPOS="1547" HPOS="1032"/><String ID="p50_w279" CONTENT="the" HPOS="1043" VPOS="1547" WIDTH="55" HEIGHT="75" STYLEREFS="font0"/><SP WIDTH="15" VPOS="1547" HPOS="1098"/><String ID="p50_w280" CONTENT="author" HPOS="1113" VPOS="1547" WIDTH="117" HEIGHT="75" STYLEREFS="font0"/></TextLine><TextLine WIDTH="981" HEIGHT="75" ID="p50_t33" HPOS="250" VPOS="1594"><String ID="p50_w281" CONTENT="had" HPOS="250" VPOS="1594" WIDTH="67" HEIGHT="75" STYLEREFS="font0"/><SP WIDTH="15" VPOS="1594" HPOS="317"/><String ID="p50_w282" CONTENT="proved," HPOS="332" VPOS="1594" WIDTH="132" HEIGHT="75" STYLEREFS="font0"/><SP WIDTH="26" VPOS="1594" HPOS="464"/><String ID="p50_w283" CONTENT="that" HPOS="490" VPOS="1594" WIDTH="72" HEIGHT="75" STYLEREFS="font0"/><SP WIDTH="16" VPOS="1594" HPOS="562"/><String ID="p50_w284" CONTENT="the" HPOS="578" VPOS="1594" WIDTH="55" HEIGHT="75" STYLEREFS="font0"/><SP WIDTH="18" VPOS="1594" HPOS="633"/><String ID="p50_w285" CONTENT="caufe" HPOS="651" VPOS="1594" WIDTH="91" HEIGHT="75" STYLEREFS="font0"/><SP WIDTH="27" VPOS="1594" HPOS="742"/><String ID="p50_w286" CONTENT="of" HPOS="769" VPOS="1594" WIDTH="40" HEIGHT="75" STYLEREFS="font0"/><SP WIDTH="22" VPOS="1594" HPOS="809"/><String ID="p50_w287" CONTENT="heat" HPOS="831" VPOS="1594" WIDTH="75" HEIGHT="75" STYLEREFS="font0"/><SP WIDTH="25" VPOS="1594" HPOS="906"/><String ID="p50_w288" CONTENT="in" HPOS="931" VPOS="1594" WIDTH="32" HEIGHT="75" STYLEREFS="font0"/><SP WIDTH="24" VPOS="1594" HPOS="963"/><String ID="p50_w289" CONTENT="animals" HPOS="987" VPOS="1594" WIDTH="131" HEIGHT="75" STYLEREFS="font0"/><SP WIDTH="17" VPOS="1594" HPOS="1118"/><String ID="p50_w290" CONTENT="could" HPOS="1135" VPOS="1594" WIDTH="96" HEIGHT="75" STYLEREFS="font0"/></TextLine><TextLine WIDTH="982" HEIGHT="75" ID="p50_t34" HPOS="244" VPOS="1641"><String ID="p50_w291" CONTENT="not" HPOS="244" VPOS="1641" WIDTH="59" HEIGHT="75" STYLEREFS="font0"/><SP WIDTH="15" VPOS="1641" HPOS="303"/><String ID="p50_w292" CONTENT="poflibly" HPOS="318" VPOS="1641" WIDTH="132" HEIGHT="75" STYLEREFS="font0"/><SP WIDTH="15" VPOS="1641" HPOS="450"/><String ID="p50_w293" CONTENT="exid" HPOS="465" VPOS="1641" WIDTH="81" HEIGHT="75" STYLEREFS="font0"/><SP WIDTH="14" VPOS="1641" HPOS="546"/><String ID="p50_w294" CONTENT="any" HPOS="560" VPOS="1641" WIDTH="61" HEIGHT="75" STYLEREFS="font0"/><SP WIDTH="16" VPOS="1641" HPOS="621"/><String ID="p50_w295" CONTENT="'" HPOS="637" VPOS="1641" WIDTH="7" HEIGHT="75" STYLEREFS="font0"/><String ID="p50_w296" CONTENT="inhere," HPOS="644" VPOS="1641" WIDTH="113" HEIGHT="75" STYLEREFS="font0"/><SP WIDTH="33" VPOS="1641" HPOS="757"/><String ID="p50_w297" CONTENT="but" HPOS="790" VPOS="1641" WIDTH="58" HEIGHT="75" STYLEREFS="font0"/><SP WIDTH="25" VPOS="1641" HPOS="848"/><String ID="p50_w298" CONTENT="either" HPOS="873" VPOS="1641" WIDTH="106" HEIGHT="75" STYLEREFS="font0"/><SP WIDTH="25" VPOS="1641" HPOS="979"/><String ID="p50_w299" CONTENT="in" HPOS="1004" VPOS="1641" WIDTH="33" HEIGHT="75" STYLEREFS="font0"/><SP WIDTH="16" VPOS="1641" HPOS="1037"/><String ID="p50_w300" CONTENT="fermenta-" HPOS="1053" VPOS="1641" WIDTH="173" HEIGHT="75" STYLEREFS="font0"/></TextLine><TextLine WIDTH="983" HEIGHT="75" ID="p50_t35" HPOS="247" VPOS="1686"><String ID="p50_w301" CONTENT="tion," HPOS="247" VPOS="1686" WIDTH="83" HEIGHT="75" STYLEREFS="font0"/><SP WIDTH="27" VPOS="1686" HPOS="330"/><String ID="p50_w302" CONTENT="the" HPOS="357" VPOS="1686" WIDTH="55" HEIGHT="75" STYLEREFS="font0"/><SP WIDTH="15" VPOS="1686" HPOS="412"/><String ID="p50_w303" CONTENT="motion" HPOS="427" VPOS="1686" WIDTH="123" HEIGHT="75" STYLEREFS="font0"/><SP WIDTH="17" VPOS="1686" HPOS="550"/><String ID="p50_w304" CONTENT="of" HPOS="567" VPOS="1686" WIDTH="41" HEIGHT="75" STYLEREFS="font0"/><SP WIDTH="18" VPOS="1686" HPOS="608"/><String ID="p50_w305" CONTENT="the" HPOS="626" VPOS="1686" WIDTH="55" HEIGHT="75" STYLEREFS="font0"/><SP WIDTH="16" VPOS="1686" HPOS="681"/><String ID="p50_w306" CONTENT="fluids," HPOS="697" VPOS="1686" WIDTH="106" HEIGHT="75" STYLEREFS="font0"/><SP WIDTH="26" VPOS="1686" HPOS="803"/><String ID="p50_w307" CONTENT="&lt;bc." HPOS="829" VPOS="1686" WIDTH="65" HEIGHT="75" STYLEREFS="font0"/><SP WIDTH="25" VPOS="1686" HPOS="894"/><String ID="p50_w308" CONTENT="or" HPOS="919" VPOS="1686" WIDTH="36" HEIGHT="75" STYLEREFS="font0"/><SP WIDTH="15" VPOS="1686" HPOS="955"/><String ID="p50_w309" CONTENT="in" HPOS="970" VPOS="1686" WIDTH="33" HEIGHT="75" STYLEREFS="font0"/><SP WIDTH="24" VPOS="1686" HPOS="1003"/><String ID="p50_w310" CONTENT="the" HPOS="1027" VPOS="1686" WIDTH="55" HEIGHT="75" STYLEREFS="font0"/><SP WIDTH="23" VPOS="1686" HPOS="1082"/><String ID="p50_w311" CONTENT="nerves," HPOS="1105" VPOS="1686" WIDTH="125" HEIGHT="75" STYLEREFS="font0"/></TextLine><TextLine WIDTH="984" HEIGHT="75" ID="p50_t36" HPOS="248" VPOS="1733"><String ID="p50_w312" CONTENT="after" HPOS="248" VPOS="1733" WIDTH="83" HEIGHT="75" STYLEREFS="font0"/><SP WIDTH="14" VPOS="1733" HPOS="331"/><String ID="p50_w313" CONTENT="having" HPOS="345" VPOS="1733" WIDTH="117" HEIGHT="75" STYLEREFS="font0"/><SP WIDTH="16" VPOS="1733" HPOS="462"/><String ID="p50_w314" CONTENT="difprpved" HPOS="478" VPOS="1733" WIDTH="169" HEIGHT="75" STYLEREFS="font0"/><SP WIDTH="15" VPOS="1733" HPOS="647"/><String ID="p50_w315" CONTENT="its" HPOS="662" VPOS="1733" WIDTH="41" HEIGHT="75" STYLEREFS="font0"/><SP WIDTH="22" VPOS="1733" HPOS="703"/><String ID="p50_w316" CONTENT="evidence" HPOS="725" VPOS="1733" WIDTH="159" HEIGHT="75" STYLEREFS="font0"/><SP WIDTH="15" VPOS="1733" HPOS="884"/><String ID="p50_w317" CONTENT="in" HPOS="899" VPOS="1733" WIDTH="32" HEIGHT="75" STYLEREFS="font0"/><SP WIDTH="21" VPOS="1733" HPOS="931"/><String ID="p50_w318" CONTENT="all" HPOS="952" VPOS="1733" WIDTH="43" HEIGHT="75" STYLEREFS="font0"/><SP WIDTH="16" VPOS="1733" HPOS="995"/><String ID="p50_w319" CONTENT="the" HPOS="1011" VPOS="1733" WIDTH="55" HEIGHT="75" STYLEREFS="font0"/><SP WIDTH="18" VPOS="1733" HPOS="1066"/><String ID="p50_w320" CONTENT="red," HPOS="1084" VPOS="1733" WIDTH="72" HEIGHT="75" STYLEREFS="font0"/><SP WIDTH="25" VPOS="1733" HPOS="1156"/><String ID="p50_w321" CONTENT="his" HPOS="1181" VPOS="1733" WIDTH="51" HEIGHT="75" STYLEREFS="font0"/></TextLine><TextLine WIDTH="982" HEIGHT="75" ID="p50_t37" HPOS="249" VPOS="1779"><String ID="p50_w322" CONTENT="conclufion" HPOS="249" VPOS="1779" WIDTH="177" HEIGHT="75" STYLEREFS="font0"/><SP WIDTH="10" VPOS="1779" HPOS="426"/><String ID="p50_w323" CONTENT="in" HPOS="436" VPOS="1779" WIDTH="33" HEIGHT="75" STYLEREFS="font0"/><SP WIDTH="12" VPOS="1779" HPOS="469"/><String ID="p50_w324" CONTENT="favour" HPOS="481" VPOS="1779" WIDTH="114" HEIGHT="75" STYLEREFS="font0"/><SP WIDTH="11" VPOS="1779" HPOS="595"/><String ID="p50_w325" CONTENT="of" HPOS="606" VPOS="1779" WIDTH="40" HEIGHT="75" STYLEREFS="font0"/><SP WIDTH="9" VPOS="1779" HPOS="646"/><String ID="p50_w326" CONTENT="the" HPOS="655" VPOS="1779" WIDTH="54" HEIGHT="75" STYLEREFS="font0"/><SP WIDTH="12" VPOS="1779" HPOS="709"/><String ID="p50_w327" CONTENT="nerves" HPOS="721" VPOS="1779" WIDTH="111" HEIGHT="75" STYLEREFS="font0"/><SP WIDTH="12" VPOS="1779" HPOS="832"/><String ID="p50_w328" CONTENT="would" HPOS="844" VPOS="1779" WIDTH="109" HEIGHT="75" STYLEREFS="font0"/><SP WIDTH="11" VPOS="1779" HPOS="953"/><String ID="p50_w329" CONTENT="have" HPOS="964" VPOS="1779" WIDTH="80" HEIGHT="75" STYLEREFS="font0"/><SP WIDTH="12" VPOS="1779" HPOS="1044"/><String ID="p50_w330" CONTENT="been" HPOS="1056" VPOS="1779" WIDTH="79" HEIGHT="75" STYLEREFS="font0"/><SP WIDTH="12" VPOS="1779" HPOS="1135"/><String ID="p50_w331" CONTENT="jud;" HPOS="1147" VPOS="1779" WIDTH="84" HEIGHT="75" STYLEREFS="font0"/></TextLine><TextLine WIDTH="987" HEIGHT="75" ID="p50_t38" HPOS="247" VPOS="1827"><String ID="p50_w332" CONTENT="but," HPOS="247" VPOS="1827" WIDTH="75" HEIGHT="75" STYLEREFS="font0"/><SP WIDTH="24" VPOS="1827" HPOS="322"/><String ID="p50_w333" CONTENT="as" HPOS="346" VPOS="1827" WIDTH="34" HEIGHT="75" STYLEREFS="font0"/><SP WIDTH="25" VPOS="1827" HPOS="380"/><String ID="p50_w334" CONTENT="he" HPOS="405" VPOS="1827" WIDTH="42" HEIGHT="75" STYLEREFS="font0"/><SP WIDTH="23" VPOS="1827" HPOS="447"/><String ID="p50_w335" CONTENT="has" HPOS="470" VPOS="1827" WIDTH="57" HEIGHT="75" STYLEREFS="font0"/><SP WIDTH="24" VPOS="1827" HPOS="527"/><String ID="p50_w336" CONTENT="not" HPOS="551" VPOS="1827" WIDTH="57" HEIGHT="75" STYLEREFS="font0"/><SP WIDTH="16" VPOS="1827" HPOS="608"/><String ID="p50_w337" CONTENT="fo" HPOS="624" VPOS="1827" WIDTH="39" HEIGHT="75" STYLEREFS="font0"/><SP WIDTH="25" VPOS="1827" HPOS="663"/><String ID="p50_w338" CONTENT="much" HPOS="688" VPOS="1827" WIDTH="95" HEIGHT="75" STYLEREFS="font0"/><SP WIDTH="27" VPOS="1827" HPOS="783"/><String ID="p50_w339" CONTENT="as" HPOS="810" VPOS="1827" WIDTH="34" HEIGHT="75" STYLEREFS="font0"/><SP WIDTH="30" VPOS="1827" HPOS="844"/><String ID="p50_w340" CONTENT="attempted" HPOS="874" VPOS="1827" WIDTH="177" HEIGHT="75" STYLEREFS="font0"/><SP WIDTH="25" VPOS="1827" HPOS="1051"/><String ID="p50_w341" CONTENT="this," HPOS="1076" VPOS="1827" WIDTH="77" HEIGHT="75" STYLEREFS="font0"/><SP WIDTH="25" VPOS="1827" HPOS="1153"/><String ID="p50_w342" CONTENT="the" HPOS="1178" VPOS="1827" WIDTH="56" HEIGHT="75" STYLEREFS="font0"/></TextLine><TextLine WIDTH="787" HEIGHT="75" ID="p50_t39" HPOS="257" VPOS="1873"><String ID="p50_w343" CONTENT="conclufion" HPOS="257" VPOS="1873" WIDTH="179" HEIGHT="75" STYLEREFS="font0"/><SP WIDTH="22" VPOS="1873" HPOS="436"/><String ID="p50_w344" CONTENT="is" HPOS="458" VPOS="1873" WIDTH="26" HEIGHT="75" STYLEREFS="font0"/><SP WIDTH="17" VPOS="1873" HPOS="484"/><String ID="p50_w345" CONTENT="not" HPOS="501" VPOS="1873" WIDTH="58" HEIGHT="75" STYLEREFS="font0"/><SP WIDTH="15" VPOS="1873" HPOS="559"/><String ID="p50_w346" CONTENT="only" HPOS="574" VPOS="1873" WIDTH="77" HEIGHT="75" STYLEREFS="font0"/><SP WIDTH="17" VPOS="1873" HPOS="651"/><String ID="p50_w347" CONTENT="falfe," HPOS="668" VPOS="1873" WIDTH="89" HEIGHT="75" STYLEREFS="font0"/><SP WIDTH="24" VPOS="1873" HPOS="757"/><String ID="p50_w348" CONTENT="but" HPOS="781" VPOS="1873" WIDTH="59" HEIGHT="75" STYLEREFS="font0"/><SP WIDTH="18" VPOS="1873" HPOS="840"/><String ID="p50_w349" CONTENT="ridiculous." HPOS="858" VPOS="1873" WIDTH="186" HEIGHT="75" STYLEREFS="font0"/></TextLine><TextLine WIDTH="935" HEIGHT="75" ID="p50_t40" HPOS="298" VPOS="1922"><String ID="p50_w350" CONTENT="However," HPOS="298" VPOS="1922" WIDTH="175" HEIGHT="75" STYLEREFS="font0"/><SP WIDTH="8" VPOS="1922" HPOS="473"/><String ID="p50_w351" CONTENT="upon" HPOS="481" VPOS="1922" WIDTH="84" HEIGHT="75" STYLEREFS="font0"/><SP WIDTH="13" VPOS="1922" HPOS="565"/><String ID="p50_w352" CONTENT="the" HPOS="578" VPOS="1922" WIDTH="55" HEIGHT="75" STYLEREFS="font0"/><SP WIDTH="12" VPOS="1922" HPOS="633"/><String ID="p50_w353" CONTENT="authority" HPOS="645" VPOS="1922" WIDTH="165" HEIGHT="75" STYLEREFS="font0"/><SP WIDTH="6" VPOS="1922" HPOS="810"/><String ID="p50_w354" CONTENT="of" HPOS="816" VPOS="1922" WIDTH="40" HEIGHT="75" STYLEREFS="font0"/><SP WIDTH="6" VPOS="1922" HPOS="856"/><String ID="p50_w355" CONTENT="this" HPOS="862" VPOS="1922" WIDTH="64" HEIGHT="75" STYLEREFS="font0"/><SP WIDTH="13" VPOS="1922" HPOS="926"/><String ID="p50_w356" CONTENT="dilemma.," HPOS="939" VPOS="1922" WIDTH="161" HEIGHT="75" STYLEREFS="font0"/><SP WIDTH="10" VPOS="1922" HPOS="1100"/><String ID="p50_w357" CONTENT="the" HPOS="1110" VPOS="1922" WIDTH="56" HEIGHT="75" STYLEREFS="font0"/><SP WIDTH="12" VPOS="1922" HPOS="1166"/><String ID="p50_w358" CONTENT="au-" HPOS="1178" VPOS="1922" WIDTH="55" HEIGHT="75" STYLEREFS="font0"/></TextLine><TextLine WIDTH="984" HEIGHT="75" ID="p50_t41" HPOS="251" VPOS="1967"><String ID="p50_w359" CONTENT="thor" HPOS="251" VPOS="1967" WIDTH="76" HEIGHT="75" STYLEREFS="font0"/><SP WIDTH="16" VPOS="1967" HPOS="327"/><String ID="p50_w360" CONTENT="fird" HPOS="343" VPOS="1967" WIDTH="64" HEIGHT="75" STYLEREFS="font0"/><SP WIDTH="12" VPOS="1967" HPOS="407"/><String ID="p50_w361" CONTENT="gives" HPOS="419" VPOS="1967" WIDTH="87" HEIGHT="75" STYLEREFS="font0"/><SP WIDTH="12" VPOS="1967" HPOS="506"/><String ID="p50_w362" CONTENT="what" HPOS="518" VPOS="1967" WIDTH="86" HEIGHT="75" STYLEREFS="font0"/><SP WIDTH="11" VPOS="1967" HPOS="604"/><String ID="p50_w363" CONTENT="he" HPOS="615" VPOS="1967" WIDTH="41" HEIGHT="75" STYLEREFS="font0"/><SP WIDTH="12" VPOS="1967" HPOS="656"/><String ID="p50_w364" CONTENT="calls" HPOS="668" VPOS="1967" WIDTH="76" HEIGHT="75" STYLEREFS="font0"/><SP WIDTH="17" VPOS="1967" HPOS="744"/><String ID="p50_w365" CONTENT="a" HPOS="761" VPOS="1967" WIDTH="20" HEIGHT="75" STYLEREFS="font0"/><SP WIDTH="11" VPOS="1967" HPOS="781"/><String ID="p50_w366" CONTENT="Corapend" HPOS="792" VPOS="1967" WIDTH="169" HEIGHT="75" STYLEREFS="font0"/><SP WIDTH="16" VPOS="1967" HPOS="961"/><String ID="p50_w367" CONTENT="of" HPOS="977" VPOS="1967" WIDTH="40" HEIGHT="75" STYLEREFS="font0"/><SP WIDTH="13" VPOS="1967" HPOS="1017"/><String ID="p50_w368" CONTENT="a" HPOS="1030" VPOS="1967" WIDTH="19" HEIGHT="75" STYLEREFS="font0"/><SP WIDTH="19" VPOS="1967" HPOS="1049"/><String ID="p50_w369" CONTENT="new" HPOS="1068" VPOS="1967" WIDTH="73" HEIGHT="75" STYLEREFS="font0"/><SP WIDTH="17" VPOS="1967" HPOS="1141"/><String ID="p50_w370" CONTENT="doc-" HPOS="1158" VPOS="1967" WIDTH="77" HEIGHT="75" STYLEREFS="font0"/></TextLine><TextLine WIDTH="984" HEIGHT="75" ID="p50_t42" HPOS="252" VPOS="2013"><String ID="p50_w371" CONTENT="trine" HPOS="252" VPOS="2013" WIDTH="82" HEIGHT="75" STYLEREFS="font0"/><SP WIDTH="13" VPOS="2013" HPOS="334"/><String ID="p50_w372" CONTENT="concerning" HPOS="347" VPOS="2013" WIDTH="191" HEIGHT="75" STYLEREFS="font0"/><SP WIDTH="11" VPOS="2013" HPOS="538"/><String ID="p50_w373" CONTENT="the" HPOS="549" VPOS="2013" WIDTH="55" HEIGHT="75" STYLEREFS="font0"/><SP WIDTH="12" VPOS="2013" HPOS="604"/><String ID="p50_w374" CONTENT="nerves," HPOS="616" VPOS="2013" WIDTH="125" HEIGHT="75" STYLEREFS="font0"/><SP WIDTH="10" VPOS="2013" HPOS="741"/><String ID="p50_w375" CONTENT="and" HPOS="751" VPOS="2013" WIDTH="63" HEIGHT="75" STYLEREFS="font0"/><SP WIDTH="10" VPOS="2013" HPOS="814"/><String ID="p50_w376" CONTENT="then" HPOS="824" VPOS="2013" WIDTH="76" HEIGHT="75" STYLEREFS="font0"/><SP WIDTH="8" VPOS="2013" HPOS="900"/><String ID="p50_w377" CONTENT="proceeds" HPOS="908" VPOS="2013" WIDTH="151" HEIGHT="75" STYLEREFS="font0"/><SP WIDTH="10" VPOS="2013" HPOS="1059"/><String ID="p50_w378" CONTENT="to" HPOS="1069" VPOS="2013" WIDTH="35" HEIGHT="75" STYLEREFS="font0"/><SP WIDTH="5" VPOS="2013" HPOS="1104"/><String ID="p50_w379" CONTENT="inquire" HPOS="1109" VPOS="2013" WIDTH="127" HEIGHT="75" STYLEREFS="font0"/></TextLine><TextLine WIDTH="981" HEIGHT="75" ID="p50_t43" HPOS="255" VPOS="2060"><String ID="p50_w380" CONTENT="in" HPOS="255" VPOS="2060" WIDTH="32" HEIGHT="75" STYLEREFS="font0"/><SP WIDTH="24" VPOS="2060" HPOS="287"/><String ID="p50_w381" CONTENT="what" HPOS="311" VPOS="2060" WIDTH="87" HEIGHT="75" STYLEREFS="font0"/><SP WIDTH="15" VPOS="2060" HPOS="398"/><String ID="p50_w382" CONTENT="manner" HPOS="413" VPOS="2060" WIDTH="131" HEIGHT="75" STYLEREFS="font0"/><SP WIDTH="15" VPOS="2060" HPOS="544"/><String ID="p50_w383" CONTENT="the" HPOS="559" VPOS="2060" WIDTH="56" HEIGHT="75" STYLEREFS="font0"/><SP WIDTH="16" VPOS="2060" HPOS="615"/><String ID="p50_w384" CONTENT="nerves" HPOS="631" VPOS="2060" WIDTH="112" HEIGHT="75" STYLEREFS="font0"/><SP WIDTH="16" VPOS="2060" HPOS="743"/><String ID="p50_w385" CONTENT="produce" HPOS="759" VPOS="2060" WIDTH="140" HEIGHT="75" STYLEREFS="font0"/><SP WIDTH="24" VPOS="2060" HPOS="899"/><String ID="p50_w386" CONTENT="animal" HPOS="923" VPOS="2060" WIDTH="115" HEIGHT="75" STYLEREFS="font0"/><SP WIDTH="19" VPOS="2060" HPOS="1038"/><String ID="p50_w387" CONTENT="heat:" HPOS="1057" VPOS="2060" WIDTH="94" HEIGHT="75" STYLEREFS="font0"/><SP WIDTH="31" VPOS="2060" HPOS="1151"/><String ID="p50_w388" CONTENT="He" HPOS="1182" VPOS="2060" WIDTH="54" HEIGHT="75" STYLEREFS="font0"/></TextLine><TextLine WIDTH="983" HEIGHT="75" ID="p50_t44" HPOS="255" VPOS="2089"><String ID="p50_w389" CONTENT="tells" HPOS="255" VPOS="2107" WIDTH="73" HEIGHT="75" STYLEREFS="font0"/><SP WIDTH="12" VPOS="2107" HPOS="328"/><String ID="p50_w390" CONTENT="us," HPOS="340" VPOS="2107" WIDTH="50" HEIGHT="75" STYLEREFS="font0"/><String ID="p50_w391" CONTENT="44" HPOS="390" VPOS="2089" WIDTH="38" HEIGHT="49" STYLEREFS="font1"/><SP WIDTH="9" VPOS="2089" HPOS="428"/><String ID="p50_w392" CONTENT="That" HPOS="437" VPOS="2107" WIDTH="93" HEIGHT="75" STYLEREFS="font0"/><SP WIDTH="9" VPOS="2107" HPOS="530"/><String ID="p50_w393" CONTENT="thought" HPOS="539" VPOS="2107" WIDTH="130" HEIGHT="75" STYLEREFS="font0"/><SP WIDTH="9" VPOS="2107" HPOS="669"/><String ID="p50_w394" CONTENT="[c-ogitatio)" HPOS="678" VPOS="2107" WIDTH="184" HEIGHT="75" STYLEREFS="font0"/><SP WIDTH="15" VPOS="2107" HPOS="862"/><String ID="p50_w395" CONTENT="and" HPOS="877" VPOS="2107" WIDTH="62" HEIGHT="75" STYLEREFS="font0"/><SP WIDTH="9" VPOS="2107" HPOS="939"/><String ID="p50_w396" CONTENT="fenfation" HPOS="948" VPOS="2107" WIDTH="154" HEIGHT="75" STYLEREFS="font0"/><SP WIDTH="12" VPOS="2107" HPOS="1102"/><String ID="p50_w397" CONTENT="depend" HPOS="1114" VPOS="2107" WIDTH="124" HEIGHT="75" STYLEREFS="font0"/></TextLine><TextLine WIDTH="980" HEIGHT="93" ID="p50_t45" HPOS="257" VPOS="2135"><String ID="p50_w398" CONTENT="44" HPOS="257" VPOS="2135" WIDTH="24" HEIGHT="49" STYLEREFS="font1"/><SP WIDTH="26" VPOS="2135" HPOS="281"/><String ID="p50_w399" CONTENT="uponimpulfes" HPOS="307" VPOS="2153" WIDTH="237" HEIGHT="75" STYLEREFS="font0"/><SP WIDTH="12" VPOS="2153" HPOS="544"/><String ID="p50_w400" CONTENT="either" HPOS="556" VPOS="2153" WIDTH="104" HEIGHT="75" STYLEREFS="font0"/><SP WIDTH="9" VPOS="2153" HPOS="660"/><String ID="p50_w401" CONTENT="on" HPOS="669" VPOS="2153" WIDTH="44" HEIGHT="75" STYLEREFS="font0"/><SP WIDTH="12" VPOS="2153" HPOS="713"/><String ID="p50_w402" CONTENT="the" HPOS="725" VPOS="2153" WIDTH="55" HEIGHT="75" STYLEREFS="font0"/><SP WIDTH="13" VPOS="2153" HPOS="780"/><String ID="p50_w403" CONTENT="extremities" HPOS="793" VPOS="2153" WIDTH="197" HEIGHT="75" STYLEREFS="font0"/><SP WIDTH="12" VPOS="2153" HPOS="990"/><String ID="p50_w404" CONTENT="of" HPOS="1002" VPOS="2153" WIDTH="40" HEIGHT="75" STYLEREFS="font0"/><SP WIDTH="6" VPOS="2153" HPOS="1042"/><String ID="p50_w405" CONTENT="the" HPOS="1048" VPOS="2153" WIDTH="56" HEIGHT="75" STYLEREFS="font0"/><SP WIDTH="8" VPOS="2153" HPOS="1104"/><String ID="p50_w406" CONTENT="nerves," HPOS="1112" VPOS="2153" WIDTH="125" HEIGHT="75" STYLEREFS="font0"/></TextLine><TextLine WIDTH="978" HEIGHT="93" ID="p50_t46" HPOS="259" VPOS="2181"><String ID="p50_w407" CONTENT="44" HPOS="259" VPOS="2181" WIDTH="24" HEIGHT="49" STYLEREFS="font1"/><SP WIDTH="25" VPOS="2181" HPOS="283"/><String ID="p50_w408" CONTENT="or" HPOS="308" VPOS="2199" WIDTH="37" HEIGHT="75" STYLEREFS="font0"/><SP WIDTH="13" VPOS="2199" HPOS="345"/><String ID="p50_w409" CONTENT="the" HPOS="358" VPOS="2199" WIDTH="56" HEIGHT="75" STYLEREFS="font0"/><SP WIDTH="15" VPOS="2199" HPOS="414"/><String ID="p50_w410" CONTENT="fenforium" HPOS="429" VPOS="2199" WIDTH="171" HEIGHT="75" STYLEREFS="font0"/><SP WIDTH="17" VPOS="2199" HPOS="600"/><String ID="p50_w411" CONTENT="commune," HPOS="617" VPOS="2199" WIDTH="177" HEIGHT="75" STYLEREFS="font0"/><SP WIDTH="17" VPOS="2199" HPOS="794"/><String ID="p50_w412" CONTENT="and" HPOS="811" VPOS="2199" WIDTH="62" HEIGHT="75" STYLEREFS="font0"/><SP WIDTH="13" VPOS="2199" HPOS="873"/><String ID="p50_w413" CONTENT="the" HPOS="886" VPOS="2199" WIDTH="55" HEIGHT="75" STYLEREFS="font0"/><SP WIDTH="17" VPOS="2199" HPOS="941"/><String ID="p50_w414" CONTENT="confequent" HPOS="958" VPOS="2199" WIDTH="193" HEIGHT="75" STYLEREFS="font0"/><SP WIDTH="17" VPOS="2199" HPOS="1151"/><String ID="p50_w415" CONTENT="mo-" HPOS="1168" VPOS="2199" WIDTH="69" HEIGHT="75" STYLEREFS="font0"/></TextLine><TextLine WIDTH="978" HEIGHT="93" ID="p50_t47" HPOS="259" VPOS="2227"><String ID="p50_w416" CONTENT="44" HPOS="259" VPOS="2227" WIDTH="23" HEIGHT="49" STYLEREFS="font1"/><SP WIDTH="26" VPOS="2227" HPOS="282"/><String ID="p50_w417" CONTENT="tions" HPOS="308" VPOS="2245" WIDTH="83" HEIGHT="75" STYLEREFS="font0"/><SP WIDTH="10" VPOS="2245" HPOS="391"/><String ID="p50_w418" CONTENT="produced" HPOS="401" VPOS="2245" WIDTH="163" HEIGHT="75" STYLEREFS="font0"/><SP WIDTH="11" VPOS="2245" HPOS="564"/><String ID="p50_w419" CONTENT="by" HPOS="575" VPOS="2245" WIDTH="44" HEIGHT="75" STYLEREFS="font0"/><SP WIDTH="8" VPOS="2245" HPOS="619"/><String ID="p50_w420" CONTENT="thefe" HPOS="627" VPOS="2245" WIDTH="85" HEIGHT="75" STYLEREFS="font0"/><SP WIDTH="10" VPOS="2245" HPOS="712"/><String ID="p50_w421" CONTENT="impulfes:" HPOS="722" VPOS="2245" WIDTH="164" HEIGHT="75" STYLEREFS="font0"/><SP WIDTH="14" VPOS="2245" HPOS="886"/><String ID="p50_w422" CONTENT="That" HPOS="900" VPOS="2245" WIDTH="92" HEIGHT="75" STYLEREFS="font0"/><SP WIDTH="12" VPOS="2245" HPOS="992"/><String ID="p50_w423" CONTENT="thefe" HPOS="1004" VPOS="2245" WIDTH="87" HEIGHT="75" STYLEREFS="font0"/><SP WIDTH="9" VPOS="2245" HPOS="1091"/><String ID="p50_w424" CONTENT="motions" HPOS="1100" VPOS="2245" WIDTH="137" HEIGHT="75" STYLEREFS="font0"/></TextLine><TextLine WIDTH="929" HEIGHT="75" ID="p50_t48" HPOS="310" VPOS="2292"><String ID="p50_w425" CONTENT="are" HPOS="310" VPOS="2292" WIDTH="52" HEIGHT="75" STYLEREFS="font0"/><SP WIDTH="12" VPOS="2292" HPOS="362"/><String ID="p50_w426" CONTENT="fo" HPOS="374" VPOS="2292" WIDTH="34" HEIGHT="75" STYLEREFS="font0"/><SP WIDTH="17" VPOS="2292" HPOS="408"/><String ID="p50_w427" CONTENT="quick," HPOS="425" VPOS="2292" WIDTH="110" HEIGHT="75" STYLEREFS="font0"/><SP WIDTH="18" VPOS="2292" HPOS="535"/><String ID="p50_w428" CONTENT="as" HPOS="553" VPOS="2292" WIDTH="33" HEIGHT="75" STYLEREFS="font0"/><SP WIDTH="17" VPOS="2292" HPOS="586"/><String ID="p50_w429" CONTENT="to" HPOS="603" VPOS="2292" WIDTH="34" HEIGHT="75" STYLEREFS="font0"/><SP WIDTH="17" VPOS="2292" HPOS="637"/><String ID="p50_w430" CONTENT="be" HPOS="654" VPOS="2292" WIDTH="40" HEIGHT="75" STYLEREFS="font0"/><SP WIDTH="17" VPOS="2292" HPOS="694"/><String ID="p50_w431" CONTENT="almod" HPOS="711" VPOS="2292" WIDTH="108" HEIGHT="75" STYLEREFS="font0"/><SP WIDTH="12" VPOS="2292" HPOS="819"/><String ID="p50_w432" CONTENT="indantaneous:" HPOS="831" VPOS="2292" WIDTH="250" HEIGHT="75" STYLEREFS="font0"/><SP WIDTH="19" VPOS="2292" HPOS="1081"/><String ID="p50_w433" CONTENT="That" HPOS="1100" VPOS="2292" WIDTH="93" HEIGHT="75" STYLEREFS="font0"/><SP WIDTH="12" VPOS="2292" HPOS="1193"/><String ID="p50_w434" CONTENT="as" HPOS="1205" VPOS="2292" WIDTH="34" HEIGHT="75" STYLEREFS="font0"/></TextLine><TextLine WIDTH="978" HEIGHT="93" ID="p50_t49" HPOS="262" VPOS="2320"><String ID="p50_w435" CONTENT="44" HPOS="262" VPOS="2320" WIDTH="23" HEIGHT="49" STYLEREFS="font1"/><SP WIDTH="26" VPOS="2320" HPOS="285"/><String ID="p50_w436" CONTENT="all" HPOS="311" VPOS="2338" WIDTH="41" HEIGHT="75" STYLEREFS="font0"/><SP WIDTH="17" VPOS="2338" HPOS="352"/><String ID="p50_w437" CONTENT="motion" HPOS="369" VPOS="2338" WIDTH="123" HEIGHT="75" STYLEREFS="font0"/><SP WIDTH="23" VPOS="2338" HPOS="492"/><String ID="p50_w438" CONTENT="is" HPOS="515" VPOS="2338" WIDTH="27" HEIGHT="75" STYLEREFS="font0"/><SP WIDTH="24" VPOS="2338" HPOS="542"/><String ID="p50_w439" CONTENT="mechanical;" HPOS="566" VPOS="2338" WIDTH="215" HEIGHT="75" STYLEREFS="font0"/><SP WIDTH="36" VPOS="2338" HPOS="781"/><String ID="p50_w440" CONTENT="therefore" HPOS="817" VPOS="2338" WIDTH="162" HEIGHT="75" STYLEREFS="font0"/><SP WIDTH="24" VPOS="2338" HPOS="979"/><String ID="p50_w441" CONTENT="thought," HPOS="1003" VPOS="2338" WIDTH="142" HEIGHT="75" STYLEREFS="font0"/><SP WIDTH="23" VPOS="2338" HPOS="1145"/><String ID="p50_w442" CONTENT="fen-" HPOS="1168" VPOS="2338" WIDTH="72" HEIGHT="75" STYLEREFS="font0"/></TextLine><TextLine WIDTH="976" HEIGHT="93" ID="p50_t50" HPOS="263" VPOS="2366"><String ID="p50_w443" CONTENT="44" HPOS="263" VPOS="2366" WIDTH="24" HEIGHT="49" STYLEREFS="font1"/><SP WIDTH="24" VPOS="2366" HPOS="287"/><String ID="p50_w444" CONTENT="fation," HPOS="311" VPOS="2384" WIDTH="114" HEIGHT="75" STYLEREFS="font0"/><SP WIDTH="25" VPOS="2384" HPOS="425"/><String ID="p50_w445" CONTENT="and" HPOS="450" VPOS="2384" WIDTH="62" HEIGHT="75" STYLEREFS="font0"/><SP WIDTH="16" VPOS="2384" HPOS="512"/><String ID="p50_w446" CONTENT="mufcular" HPOS="528" VPOS="2384" WIDTH="155" HEIGHT="75" STYLEREFS="font0"/><SP WIDTH="16" VPOS="2384" HPOS="683"/><String ID="p50_w447" CONTENT="motion," HPOS="699" VPOS="2384" WIDTH="134" HEIGHT="75" STYLEREFS="font0"/><SP WIDTH="18" VPOS="2384" HPOS="833"/><String ID="p50_w448" CONTENT="mud" HPOS="851" VPOS="2384" WIDTH="79" HEIGHT="75" STYLEREFS="font0"/><SP WIDTH="24" VPOS="2384" HPOS="930"/><String ID="p50_w449" CONTENT="likewife" HPOS="954" VPOS="2384" WIDTH="140" HEIGHT="75" STYLEREFS="font0"/><SP WIDTH="15" VPOS="2384" HPOS="1094"/><String ID="p50_w450" CONTENT="be" HPOS="1109" VPOS="2384" WIDTH="41" HEIGHT="75" STYLEREFS="font0"/><SP WIDTH="23" VPOS="2384" HPOS="1150"/><String ID="p50_w451" CONTENT="me-" HPOS="1173" VPOS="2384" WIDTH="66" HEIGHT="75" STYLEREFS="font0"/></TextLine><TextLine WIDTH="979" HEIGHT="93" ID="p50_t51" HPOS="262" VPOS="2412"><String ID="p50_w452" CONTENT="44" HPOS="262" VPOS="2412" WIDTH="25" HEIGHT="49" STYLEREFS="font1"/><SP WIDTH="25" VPOS="2412" HPOS="287"/><String ID="p50_w453" CONTENT="chanical:" HPOS="312" VPOS="2430" WIDTH="167" HEIGHT="75" STYLEREFS="font0"/><SP WIDTH="26" VPOS="2430" HPOS="479"/><String ID="p50_w454" CONTENT="That" HPOS="505" VPOS="2430" WIDTH="92" HEIGHT="75" STYLEREFS="font0"/><SP WIDTH="16" VPOS="2430" HPOS="597"/><String ID="p50_w455" CONTENT="fuch" HPOS="613" VPOS="2430" WIDTH="76" HEIGHT="75" STYLEREFS="font0"/><SP WIDTH="17" VPOS="2430" HPOS="689"/><String ID="p50_w456" CONTENT="quick" HPOS="706" VPOS="2430" WIDTH="97" HEIGHT="75" STYLEREFS="font0"/><SP WIDTH="16" VPOS="2430" HPOS="803"/><String ID="p50_w457" CONTENT="motions" HPOS="819" VPOS="2430" WIDTH="137" HEIGHT="75" STYLEREFS="font0"/><SP WIDTH="24" VPOS="2430" HPOS="956"/><String ID="p50_w458" CONTENT="cannot" HPOS="980" VPOS="2430" WIDTH="116" HEIGHT="75" STYLEREFS="font0"/><SP WIDTH="16" VPOS="2430" HPOS="1096"/><String ID="p50_w459" CONTENT="be" HPOS="1112" VPOS="2430" WIDTH="39" HEIGHT="75" STYLEREFS="font0"/><SP WIDTH="16" VPOS="2430" HPOS="1151"/><String ID="p50_w460" CONTENT="p.ro-" HPOS="1167" VPOS="2430" WIDTH="74" HEIGHT="75" STYLEREFS="font0"/></TextLine><TextLine WIDTH="973" HEIGHT="93" ID="p50_t52" HPOS="267" VPOS="2459"><String ID="p50_w461" CONTENT="44" HPOS="267" VPOS="2459" WIDTH="24" HEIGHT="49" STYLEREFS="font1"/><SP WIDTH="27" VPOS="2459" HPOS="291"/><String ID="p50_w462" CONTENT="duced" HPOS="318" VPOS="2477" WIDTH="104" HEIGHT="75" STYLEREFS="font0"/><SP WIDTH="26" VPOS="2477" HPOS="422"/><String ID="p50_w463" CONTENT="without" HPOS="448" VPOS="2477" WIDTH="137" HEIGHT="75" STYLEREFS="font0"/><SP WIDTH="16" VPOS="2477" HPOS="585"/><String ID="p50_w464" CONTENT="the" HPOS="601" VPOS="2477" WIDTH="56" HEIGHT="75" STYLEREFS="font0"/><SP WIDTH="21" VPOS="2477" HPOS="657"/><String ID="p50_w465" CONTENT="intervention" HPOS="678" VPOS="2477" WIDTH="213" HEIGHT="75" STYLEREFS="font0"/><SP WIDTH="24" VPOS="2477" HPOS="891"/><String ID="p50_w466" CONTENT="of" HPOS="915" VPOS="2477" WIDTH="40" HEIGHT="75" STYLEREFS="font0"/><SP WIDTH="18" VPOS="2477" HPOS="955"/><String ID="p50_w467" CONTENT="fome" HPOS="973" VPOS="2477" WIDTH="85" HEIGHT="75" STYLEREFS="font0"/><SP WIDTH="22" VPOS="2477" HPOS="1058"/><String ID="p50_w468" CONTENT="extreme-" HPOS="1080" VPOS="2477" WIDTH="160" HEIGHT="75" STYLEREFS="font0"/></TextLine><TextLine WIDTH="975" HEIGHT="93" ID="p50_t53" HPOS="266" VPOS="2505"><String ID="p50_w469" CONTENT="44" HPOS="266" VPOS="2505" WIDTH="24" HEIGHT="49" STYLEREFS="font1"/><SP WIDTH="25" VPOS="2505" HPOS="290"/><String ID="p50_w470" CONTENT="ly" HPOS="315" VPOS="2523" WIDTH="34" HEIGHT="75" STYLEREFS="font0"/><SP WIDTH="27" VPOS="2523" HPOS="349"/><String ID="p50_w471" CONTENT="eladic" HPOS="376" VPOS="2523" WIDTH="105" HEIGHT="75" STYLEREFS="font0"/><SP WIDTH="23" VPOS="2523" HPOS="481"/><String ID="p50_w472" CONTENT="power;" HPOS="504" VPOS="2523" WIDTH="128" HEIGHT="75" STYLEREFS="font0"/><SP WIDTH="33" VPOS="2523" HPOS="632"/><String ID="p50_w473" CONTENT="and," HPOS="665" VPOS="2523" WIDTH="74" HEIGHT="75" STYLEREFS="font0"/><SP WIDTH="30" VPOS="2523" HPOS="739"/><String ID="p50_w474" CONTENT="as" HPOS="769" VPOS="2523" WIDTH="33" HEIGHT="75" STYLEREFS="font0"/><SP WIDTH="26" VPOS="2523" HPOS="802"/><String ID="p50_w475" CONTENT="Sir" HPOS="828" VPOS="2523" WIDTH="54" HEIGHT="75" STYLEREFS="font0"/><SP WIDTH="24" VPOS="2523" HPOS="882"/><String ID="p50_w476" CONTENT="Ifaac" HPOS="906" VPOS="2523" WIDTH="88" HEIGHT="75" STYLEREFS="font0"/><SP WIDTH="24" VPOS="2523" HPOS="994"/><String ID="p50_w477" CONTENT="Newton" HPOS="1018" VPOS="2523" WIDTH="143" HEIGHT="75" STYLEREFS="font0"/><SP WIDTH="22" VPOS="2523" HPOS="1161"/><String ID="p50_w478" CONTENT="has" HPOS="1183" VPOS="2523" WIDTH="58" HEIGHT="75" STYLEREFS="font0"/></TextLine><TextLine WIDTH="975" HEIGHT="93" ID="p50_t54" HPOS="267" VPOS="2551"><String ID="p50_w479" CONTENT="44" HPOS="267" VPOS="2551" WIDTH="24" HEIGHT="49" STYLEREFS="font1"/><SP WIDTH="26" VPOS="2551" HPOS="291"/><String ID="p50_w480" CONTENT="fhown," HPOS="317" VPOS="2569" WIDTH="119" HEIGHT="75" STYLEREFS="font0"/><SP WIDTH="25" VPOS="2569" HPOS="436"/><String ID="p50_w481" CONTENT="that" HPOS="461" VPOS="2569" WIDTH="72" HEIGHT="75" STYLEREFS="font0"/><SP WIDTH="19" VPOS="2569" HPOS="533"/><String ID="p50_w482" CONTENT="the" HPOS="552" VPOS="2569" WIDTH="56" HEIGHT="75" STYLEREFS="font0"/><SP WIDTH="18" VPOS="2569" HPOS="608"/><String ID="p50_w483" CONTENT="impulfes" HPOS="626" VPOS="2569" WIDTH="148" HEIGHT="75" STYLEREFS="font0"/><SP WIDTH="16" VPOS="2569" HPOS="774"/><String ID="p50_w484" CONTENT="which" HPOS="790" VPOS="2569" WIDTH="106" HEIGHT="75" STYLEREFS="font0"/><SP WIDTH="17" VPOS="2569" HPOS="896"/><String ID="p50_w485" CONTENT="occafion" HPOS="913" VPOS="2569" WIDTH="140" HEIGHT="75" STYLEREFS="font0"/><SP WIDTH="23" VPOS="2569" HPOS="1053"/><String ID="p50_w486" CONTENT="the" HPOS="1076" VPOS="2569" WIDTH="56" HEIGHT="75" STYLEREFS="font0"/><SP WIDTH="16" VPOS="2569" HPOS="1132"/><String ID="p50_w487" CONTENT="diffe-" HPOS="1148" VPOS="2569" WIDTH="94" HEIGHT="75" STYLEREFS="font0"/></TextLine><TextLine WIDTH="972" HEIGHT="93" ID="p50_t55" HPOS="269" VPOS="2597"><String ID="p50_w488" CONTENT="44" HPOS="269" VPOS="2597" WIDTH="25" HEIGHT="49" STYLEREFS="font1"/><SP WIDTH="24" VPOS="2597" HPOS="294"/><String ID="p50_w489" CONTENT="rent" HPOS="318" VPOS="2615" WIDTH="70" HEIGHT="75" STYLEREFS="font0"/><SP WIDTH="16" VPOS="2615" HPOS="388"/><String ID="p50_w490" CONTENT="fenfations" HPOS="404" VPOS="2615" WIDTH="169" HEIGHT="75" STYLEREFS="font0"/><SP WIDTH="17" VPOS="2615" HPOS="573"/><String ID="p50_w491" CONTENT="mud" HPOS="590" VPOS="2615" WIDTH="79" HEIGHT="75" STYLEREFS="font0"/><SP WIDTH="16" VPOS="2615" HPOS="669"/><String ID="p50_w492" CONTENT="be" HPOS="685" VPOS="2615" WIDTH="40" HEIGHT="75" STYLEREFS="font0"/><SP WIDTH="17" VPOS="2615" HPOS="725"/><String ID="p50_w493" CONTENT="owing" HPOS="742" VPOS="2615" WIDTH="105" HEIGHT="75" STYLEREFS="font0"/><SP WIDTH="16" VPOS="2615" HPOS="847"/><String ID="p50_w494" CONTENT="to" HPOS="863" VPOS="2615" WIDTH="35" HEIGHT="75" STYLEREFS="font0"/><SP WIDTH="27" VPOS="2615" HPOS="898"/><String ID="p50_w495" CONTENT="an" HPOS="925" VPOS="2615" WIDTH="40" HEIGHT="75" STYLEREFS="font0"/><SP WIDTH="27" VPOS="2615" HPOS="965"/><String ID="p50_w496" CONTENT="elaflic" HPOS="992" VPOS="2615" WIDTH="104" HEIGHT="75" STYLEREFS="font0"/><SP WIDTH="16" VPOS="2615" HPOS="1096"/><String ID="p50_w497" CONTENT="power;" HPOS="1112" VPOS="2615" WIDTH="129" HEIGHT="75" STYLEREFS="font0"/></TextLine><TextLine WIDTH="975" HEIGHT="93" ID="p50_t56" HPOS="269" VPOS="2644"><String ID="p50_w498" CONTENT="44" HPOS="269" VPOS="2644" WIDTH="24" HEIGHT="49" STYLEREFS="font1"/><SP WIDTH="25" VPOS="2644" HPOS="293"/><String ID="p50_w499" CONTENT="therefore" HPOS="318" VPOS="2662" WIDTH="162" HEIGHT="75" STYLEREFS="font0"/><SP WIDTH="15" VPOS="2662" HPOS="480"/><String ID="p50_w500" CONTENT="the" HPOS="495" VPOS="2662" WIDTH="56" HEIGHT="75" STYLEREFS="font0"/><SP WIDTH="21" VPOS="2662" HPOS="551"/><String ID="p50_w501" CONTENT="mufcular" HPOS="572" VPOS="2662" WIDTH="157" HEIGHT="75" STYLEREFS="font0"/><SP WIDTH="21" VPOS="2662" HPOS="729"/><String ID="p50_w502" CONTENT="motions" HPOS="750" VPOS="2662" WIDTH="140" HEIGHT="75" STYLEREFS="font0"/><SP WIDTH="18" VPOS="2662" HPOS="890"/><String ID="p50_w503" CONTENT="of" HPOS="908" VPOS="2662" WIDTH="40" HEIGHT="75" STYLEREFS="font0"/><SP WIDTH="12" VPOS="2662" HPOS="948"/><String ID="p50_w504" CONTENT="animals" HPOS="960" VPOS="2662" WIDTH="132" HEIGHT="75" STYLEREFS="font0"/><SP WIDTH="16" VPOS="2662" HPOS="1092"/><String ID="p50_w505" CONTENT="mud" HPOS="1108" VPOS="2662" WIDTH="80" HEIGHT="75" STYLEREFS="font0"/><SP WIDTH="15" VPOS="2662" HPOS="1188"/><String ID="p50_w506" CONTENT="be" HPOS="1203" VPOS="2662" WIDTH="41" HEIGHT="75" STYLEREFS="font0"/></TextLine><TextLine WIDTH="973" HEIGHT="93" ID="p50_t57" HPOS="270" VPOS="2690"><String ID="p50_w507" CONTENT="44" HPOS="270" VPOS="2690" WIDTH="24" HEIGHT="49" STYLEREFS="font1"/><SP WIDTH="25" VPOS="2690" HPOS="294"/><String ID="p50_w508" CONTENT="occafioned" HPOS="319" VPOS="2708" WIDTH="183" HEIGHT="75" STYLEREFS="font0"/><SP WIDTH="10" VPOS="2708" HPOS="502"/><String ID="p50_w509" CONTENT="by" HPOS="512" VPOS="2708" WIDTH="44" HEIGHT="75" STYLEREFS="font0"/><SP WIDTH="9" VPOS="2708" HPOS="556"/><String ID="p50_w510" CONTENT="the" HPOS="565" VPOS="2708" WIDTH="55" HEIGHT="75" STYLEREFS="font0"/><SP WIDTH="12" VPOS="2708" HPOS="620"/><String ID="p50_w511" CONTENT="ofcillations" HPOS="632" VPOS="2708" WIDTH="191" HEIGHT="75" STYLEREFS="font0"/><SP WIDTH="18" VPOS="2708" HPOS="823"/><String ID="p50_w512" CONTENT="offome" HPOS="841" VPOS="2708" WIDTH="130" HEIGHT="75" STYLEREFS="font0"/><SP WIDTH="13" VPOS="2708" HPOS="971"/><String ID="p50_w513" CONTENT="eladic" HPOS="984" VPOS="2708" WIDTH="104" HEIGHT="75" STYLEREFS="font0"/><SP WIDTH="11" VPOS="2708" HPOS="1088"/><String ID="p50_w514" CONTENT="power.”" HPOS="1099" VPOS="2708" WIDTH="144" HEIGHT="75" STYLEREFS="font0"/></TextLine><TextLine WIDTH="974" HEIGHT="93" ID="p50_t58" HPOS="271" VPOS="2737"><String ID="p50_w515" CONTENT="44" HPOS="271" VPOS="2737" WIDTH="24" HEIGHT="49" STYLEREFS="font1"/><SP WIDTH="24" VPOS="2737" HPOS="295"/><String ID="p50_w516" CONTENT="But,”" HPOS="319" VPOS="2755" WIDTH="105" HEIGHT="75" STYLEREFS="font0"/><SP WIDTH="22" VPOS="2755" HPOS="424"/><String ID="p50_w517" CONTENT="fays" HPOS="446" VPOS="2755" WIDTH="70" HEIGHT="75" STYLEREFS="font0"/><SP WIDTH="16" VPOS="2755" HPOS="516"/><String ID="p50_w518" CONTENT="he," HPOS="532" VPOS="2755" WIDTH="54" HEIGHT="75" STYLEREFS="font0"/><SP WIDTH="26" VPOS="2755" HPOS="586"/><String ID="p50_w519" CONTENT="44" HPOS="612" VPOS="2737" WIDTH="25" HEIGHT="49" STYLEREFS="font1"/><SP WIDTH="24" VPOS="2737" HPOS="637"/><String ID="p50_w520" CONTENT="as" HPOS="661" VPOS="2755" WIDTH="34" HEIGHT="75" STYLEREFS="font0"/><SP WIDTH="16" VPOS="2755" HPOS="695"/><String ID="p50_w521" CONTENT="this" HPOS="711" VPOS="2755" WIDTH="65" HEIGHT="75" STYLEREFS="font0"/><SP WIDTH="21" VPOS="2755" HPOS="776"/><String ID="p50_w522" CONTENT="eladic" HPOS="797" VPOS="2755" WIDTH="105" HEIGHT="75" STYLEREFS="font0"/><SP WIDTH="21" VPOS="2755" HPOS="902"/><String ID="p50_w523" CONTENT="power" HPOS="923" VPOS="2755" WIDTH="109" HEIGHT="75" STYLEREFS="font0"/><SP WIDTH="19" VPOS="2755" HPOS="1032"/><String ID="p50_w524" CONTENT="cannot" HPOS="1051" VPOS="2755" WIDTH="116" HEIGHT="75" STYLEREFS="font0"/><SP WIDTH="19" VPOS="2755" HPOS="1167"/><String ID="p50_w525" CONTENT="ex-" HPOS="1186" VPOS="2755" WIDTH="59" HEIGHT="75" STYLEREFS="font0"/></TextLine><TextLine WIDTH="974" HEIGHT="93" ID="p50_t59" HPOS="273" VPOS="2783"><String ID="p50_w526" CONTENT="44" HPOS="273" VPOS="2783" WIDTH="23" HEIGHT="49" STYLEREFS="font1"/><SP WIDTH="26" VPOS="2783" HPOS="296"/><String ID="p50_w527" CONTENT="id" HPOS="322" VPOS="2801" WIDTH="36" HEIGHT="75" STYLEREFS="font0"/><SP WIDTH="16" VPOS="2801" HPOS="358"/><String ID="p50_w528" CONTENT="in" HPOS="374" VPOS="2801" WIDTH="33" HEIGHT="75" STYLEREFS="font0"/><SP WIDTH="22" VPOS="2801" HPOS="407"/><String ID="p50_w529" CONTENT="the" HPOS="429" VPOS="2801" WIDTH="57" HEIGHT="75" STYLEREFS="font0"/><SP WIDTH="27" VPOS="2801" HPOS="486"/><String ID="p50_w530" CONTENT="folid" HPOS="513" VPOS="2801" WIDTH="81" HEIGHT="75" STYLEREFS="font0"/><SP WIDTH="20" VPOS="2801" HPOS="594"/><String ID="p50_w531" CONTENT="nervous" HPOS="614" VPOS="2801" WIDTH="135" HEIGHT="75" STYLEREFS="font0"/><SP WIDTH="22" VPOS="2801" HPOS="749"/><String ID="p50_w532" CONTENT="fibres," HPOS="771" VPOS="2801" WIDTH="108" HEIGHT="75" STYLEREFS="font0"/><SP WIDTH="25" VPOS="2801" HPOS="879"/><String ID="p50_w533" CONTENT="nor" HPOS="904" VPOS="2801" WIDTH="58" HEIGHT="75" STYLEREFS="font0"/><SP WIDTH="15" VPOS="2801" HPOS="962"/><String ID="p50_w534" CONTENT="in" HPOS="977" VPOS="2801" WIDTH="32" HEIGHT="75" STYLEREFS="font0"/><SP WIDTH="17" VPOS="2801" HPOS="1009"/><String ID="p50_w535" CONTENT="any" HPOS="1026" VPOS="2801" WIDTH="62" HEIGHT="75" STYLEREFS="font0"/><SP WIDTH="21" VPOS="2801" HPOS="1088"/><String ID="p50_w536" CONTENT="ineladic" HPOS="1109" VPOS="2801" WIDTH="138" HEIGHT="75" STYLEREFS="font0"/></TextLine><TextLine WIDTH="976" HEIGHT="75" ID="p50_t60" HPOS="273" VPOS="2853"><String ID="p50_w537" CONTENT="“" HPOS="273" VPOS="2853" WIDTH="23" HEIGHT="75" STYLEREFS="font0"/><SP WIDTH="26" VPOS="2853" HPOS="296"/><String ID="p50_w538" CONTENT="fluid;" HPOS="322" VPOS="2853" WIDTH="97" HEIGHT="75" STYLEREFS="font0"/><SP WIDTH="25" VPOS="2853" HPOS="419"/><String ID="p50_w539" CONTENT="therefore," HPOS="444" VPOS="2853" WIDTH="174" HEIGHT="75" STYLEREFS="font0"/><SP WIDTH="25" VPOS="2853" HPOS="618"/><String ID="p50_w540" CONTENT="by" HPOS="643" VPOS="2853" WIDTH="44" HEIGHT="75" STYLEREFS="font0"/><SP WIDTH="21" VPOS="2853" HPOS="687"/><String ID="p50_w541" CONTENT="dilemma," HPOS="708" VPOS="2853" WIDTH="163" HEIGHT="75" STYLEREFS="font0"/><SP WIDTH="24" VPOS="2853" HPOS="871"/><String ID="p50_w542" CONTENT="it" HPOS="895" VPOS="2853" WIDTH="26" HEIGHT="75" STYLEREFS="font0"/><SP WIDTH="24" VPOS="2853" HPOS="921"/><String ID="p50_w543" CONTENT="mud" HPOS="945" VPOS="2853" WIDTH="79" HEIGHT="75" STYLEREFS="font0"/><SP WIDTH="24" VPOS="2853" HPOS="1024"/><String ID="p50_w544" CONTENT="exid" HPOS="1048" VPOS="2853" WIDTH="79" HEIGHT="75" STYLEREFS="font0"/><SP WIDTH="27" VPOS="2853" HPOS="1127"/><String ID="p50_w545" CONTENT="in" HPOS="1154" VPOS="2853" WIDTH="32" HEIGHT="75" STYLEREFS="font0"/><SP WIDTH="23" VPOS="2853" HPOS="1186"/><String ID="p50_w546" CONTENT="an" HPOS="1209" VPOS="2853" WIDTH="40" HEIGHT="75" STYLEREFS="font0"/></TextLine><TextLine WIDTH="972" HEIGHT="93" ID="p50_t61" HPOS="276" VPOS="2876"><String ID="p50_w547" CONTENT="44" HPOS="276" VPOS="2876" WIDTH="22" HEIGHT="49" STYLEREFS="font1"/><SP WIDTH="25" VPOS="2876" HPOS="298"/><String ID="p50_w548" CONTENT="eladic" HPOS="323" VPOS="2894" WIDTH="104" HEIGHT="75" STYLEREFS="font0"/><SP WIDTH="11" VPOS="2894" HPOS="427"/><String ID="p50_w549" CONTENT="fluid;" HPOS="438" VPOS="2894" WIDTH="97" HEIGHT="75" STYLEREFS="font0"/><SP WIDTH="19" VPOS="2894" HPOS="535"/><String ID="p50_w550" CONTENT="and" HPOS="554" VPOS="2894" WIDTH="63" HEIGHT="75" STYLEREFS="font0"/><SP WIDTH="15" VPOS="2894" HPOS="617"/><String ID="p50_w551" CONTENT="hence" HPOS="632" VPOS="2894" WIDTH="100" HEIGHT="75" STYLEREFS="font0"/><SP WIDTH="12" VPOS="2894" HPOS="732"/><String ID="p50_w552" CONTENT="alfo," HPOS="744" VPOS="2894" WIDTH="75" HEIGHT="75" STYLEREFS="font0"/><SP WIDTH="12" VPOS="2894" HPOS="819"/><String ID="p50_w553" CONTENT="by" HPOS="831" VPOS="2894" WIDTH="45" HEIGHT="75" STYLEREFS="font0"/><SP WIDTH="11" VPOS="2894" HPOS="876"/><String ID="p50_w554" CONTENT="the" HPOS="887" VPOS="2894" WIDTH="56" HEIGHT="75" STYLEREFS="font0"/><SP WIDTH="11" VPOS="2894" HPOS="943"/><String ID="p50_w555" CONTENT="former" HPOS="954" VPOS="2894" WIDTH="119" HEIGHT="75" STYLEREFS="font0"/><SP WIDTH="12" VPOS="2894" HPOS="1073"/><String ID="p50_w556" CONTENT="dilemma," HPOS="1085" VPOS="2894" WIDTH="163" HEIGHT="75" STYLEREFS="font0"/></TextLine><TextLine WIDTH="974" HEIGHT="93" ID="p50_t62" HPOS="276" VPOS="2922"><String ID="p50_w557" CONTENT="44" HPOS="276" VPOS="2922" WIDTH="23" HEIGHT="49" STYLEREFS="font1"/><SP WIDTH="24" VPOS="2922" HPOS="299"/><String ID="p50_w558" CONTENT="this" HPOS="323" VPOS="2940" WIDTH="64" HEIGHT="75" STYLEREFS="font0"/><SP WIDTH="17" VPOS="2940" HPOS="387"/><String ID="p50_w559" CONTENT="eladic" HPOS="404" VPOS="2940" WIDTH="104" HEIGHT="75" STYLEREFS="font0"/><SP WIDTH="15" VPOS="2940" HPOS="508"/><String ID="p50_w560" CONTENT="fluid" HPOS="523" VPOS="2940" WIDTH="78" HEIGHT="75" STYLEREFS="font0"/><SP WIDTH="11" VPOS="2940" HPOS="601"/><String ID="p50_w561" CONTENT="mud" HPOS="612" VPOS="2940" WIDTH="80" HEIGHT="75" STYLEREFS="font0"/><SP WIDTH="15" VPOS="2940" HPOS="692"/><String ID="p50_w562" CONTENT="be" HPOS="707" VPOS="2940" WIDTH="40" HEIGHT="75" STYLEREFS="font0"/><SP WIDTH="16" VPOS="2940" HPOS="747"/><String ID="p50_w563" CONTENT="feated," HPOS="763" VPOS="2940" WIDTH="120" HEIGHT="75" STYLEREFS="font0"/><SP WIDTH="17" VPOS="2940" HPOS="883"/><String ID="p50_w564" CONTENT="either" HPOS="900" VPOS="2940" WIDTH="102" HEIGHT="75" STYLEREFS="font0"/><SP WIDTH="11" VPOS="2940" HPOS="1002"/><String ID="p50_w565" CONTENT="in" HPOS="1013" VPOS="2940" WIDTH="33" HEIGHT="75" STYLEREFS="font0"/><SP WIDTH="11" VPOS="2940" HPOS="1046"/><String ID="p50_w566" CONTENT="the" HPOS="1057" VPOS="2940" WIDTH="56" HEIGHT="75" STYLEREFS="font0"/><SP WIDTH="12" VPOS="2940" HPOS="1113"/><String ID="p50_w567" CONTENT="nerves," HPOS="1125" VPOS="2940" WIDTH="125" HEIGHT="75" STYLEREFS="font0"/></TextLine><TextLine WIDTH="643" HEIGHT="93" ID="p50_t63" HPOS="276" VPOS="2969"><String ID="p50_w568" CONTENT="C4" HPOS="276" VPOS="2969" WIDTH="24" HEIGHT="49" STYLEREFS="font1"/><SP WIDTH="25" VPOS="2969" HPOS="300"/><String ID="p50_w569" CONTENT="or" HPOS="325" VPOS="2987" WIDTH="36" HEIGHT="75" STYLEREFS="font0"/><SP WIDTH="19" VPOS="2987" HPOS="361"/><String ID="p50_w570" CONTENT="in" HPOS="380" VPOS="2987" WIDTH="33" HEIGHT="75" STYLEREFS="font0"/><SP WIDTH="15" VPOS="2987" HPOS="413"/><String ID="p50_w571" CONTENT="their" HPOS="428" VPOS="2987" WIDTH="84" HEIGHT="75" STYLEREFS="font0"/><SP WIDTH="19" VPOS="2987" HPOS="512"/><String ID="p50_w572" CONTENT="medullary" HPOS="531" VPOS="2987" WIDTH="176" HEIGHT="75" STYLEREFS="font0"/><SP WIDTH="16" VPOS="2987" HPOS="707"/><String ID="p50_w573" CONTENT="fubdance,”" HPOS="723" VPOS="2987" WIDTH="196" HEIGHT="75" STYLEREFS="font0"/></TextLine><TextLine WIDTH="20" HEIGHT="75" ID="p50_t64" HPOS="1316" VPOS="126"><String ID="p50_w574" CONTENT=")" HPOS="1316" VPOS="126" WIDTH="20" HEIGHT="75" STYLEREFS="font0"/></TextLine><TextLine WIDTH="256" HEIGHT="75" ID="p50_t65" HPOS="1663" VPOS="126"><String ID="p50_w575" CONTENT="M" HPOS="1663" VPOS="126" WIDTH="56" HEIGHT="75" STYLEREFS="font0"/><SP WIDTH="58" VPOS="126" HPOS="1719"/><String ID="p50_w576" CONTENT="T" HPOS="1777" VPOS="126" WIDTH="40" HEIGHT="75" STYLEREFS="font0"/><SP WIDTH="57" VPOS="126" HPOS="1817"/><String ID="p50_w577" CONTENT="H" HPOS="1874" VPOS="126" WIDTH="45" HEIGHT="75" STYLEREFS="font0"/></TextLine><TextLine WIDTH="941" HEIGHT="75" ID="p50_t66" HPOS="1353" VPOS="196"><String ID="p50_w578" CONTENT="Here" HPOS="1353" VPOS="196" WIDTH="89" HEIGHT="75" STYLEREFS="font0"/><SP WIDTH="15" VPOS="196" HPOS="1442"/><String ID="p50_w579" CONTENT="again" HPOS="1457" VPOS="196" WIDTH="93" HEIGHT="75" STYLEREFS="font0"/><SP WIDTH="21" VPOS="196" HPOS="1550"/><String ID="p50_w580" CONTENT="the'author" HPOS="1571" VPOS="196" WIDTH="189" HEIGHT="75" STYLEREFS="font0"/><SP WIDTH="18" VPOS="196" HPOS="1760"/><String ID="p50_w581" CONTENT="calls" HPOS="1778" VPOS="196" WIDTH="78" HEIGHT="75" STYLEREFS="font0"/><SP WIDTH="18" VPOS="196" HPOS="1856"/><String ID="p50_w582" CONTENT="Sir" HPOS="1874" VPOS="196" WIDTH="53" HEIGHT="75" STYLEREFS="font0"/><SP WIDTH="16" VPOS="196" HPOS="1927"/><String ID="p50_w583" CONTENT="Ifaac" HPOS="1943" VPOS="196" WIDTH="88" HEIGHT="75" STYLEREFS="font0"/><SP WIDTH="16" VPOS="196" HPOS="2031"/><String ID="p50_w584" CONTENT="into" HPOS="2047" VPOS="196" WIDTH="69" HEIGHT="75" STYLEREFS="font0"/><SP WIDTH="16" VPOS="196" HPOS="2116"/><String ID="p50_w585" CONTENT="his" HPOS="2132" VPOS="196" WIDTH="50" HEIGHT="75" STYLEREFS="font0"/><SP WIDTH="21" VPOS="196" HPOS="2182"/><String ID="p50_w586" CONTENT="aflid-" HPOS="2203" VPOS="196" WIDTH="91" HEIGHT="75" STYLEREFS="font0"/></TextLine><TextLine WIDTH="988" HEIGHT="75" ID="p50_t67" HPOS="1307" VPOS="225"><String ID="p50_w587" CONTENT="ance.—" HPOS="1307" VPOS="243" WIDTH="140" HEIGHT="75" STYLEREFS="font0"/><String ID="p50_w588" CONTENT="44" HPOS="1447" VPOS="225" WIDTH="26" HEIGHT="49" STYLEREFS="font1"/><SP WIDTH="26" VPOS="225" HPOS="1473"/><String ID="p50_w589" CONTENT="What" HPOS="1499" VPOS="243" WIDTH="108" HEIGHT="75" STYLEREFS="font0"/><SP WIDTH="16" VPOS="243" HPOS="1607"/><String ID="p50_w590" CONTENT="confirms" HPOS="1623" VPOS="243" WIDTH="150" HEIGHT="75" STYLEREFS="font0"/><SP WIDTH="17" VPOS="243" HPOS="1773"/><String ID="p50_w591" CONTENT="this" HPOS="1790" VPOS="243" WIDTH="64" HEIGHT="75" STYLEREFS="font0"/><SP WIDTH="18" VPOS="243" HPOS="1854"/><String ID="p50_w592" CONTENT="opinion,”" HPOS="1872" VPOS="243" WIDTH="167" HEIGHT="75" STYLEREFS="font0"/><SP WIDTH="24" VPOS="243" HPOS="2039"/><String ID="p50_w593" CONTENT="fays" HPOS="2063" VPOS="243" WIDTH="70" HEIGHT="75" STYLEREFS="font0"/><SP WIDTH="12" VPOS="243" HPOS="2133"/><String ID="p50_w594" CONTENT="he," HPOS="2145" VPOS="243" WIDTH="54" HEIGHT="75" STYLEREFS="font0"/><SP WIDTH="27" VPOS="243" HPOS="2199"/><String ID="p50_w595" CONTENT="44" HPOS="2226" VPOS="225" WIDTH="23" HEIGHT="49" STYLEREFS="font1"/><SP WIDTH="18" VPOS="225" HPOS="2249"/><String ID="p50_w596" CONTENT="is" HPOS="2267" VPOS="243" WIDTH="28" HEIGHT="75" STYLEREFS="font0"/></TextLine><TextLine WIDTH="984" HEIGHT="93" ID="p50_t68" HPOS="1310" VPOS="271"><String ID="p50_w597" CONTENT="44" HPOS="1310" VPOS="271" WIDTH="22" HEIGHT="49" STYLEREFS="font1"/><SP WIDTH="27" VPOS="271" HPOS="1332"/><String ID="p50_w598" CONTENT="the" HPOS="1359" VPOS="289" WIDTH="56" HEIGHT="75" STYLEREFS="font0"/><SP WIDTH="22" VPOS="289" HPOS="1415"/><String ID="p50_w599" CONTENT="Newtonian" HPOS="1437" VPOS="289" WIDTH="196" HEIGHT="75" STYLEREFS="font0"/><SP WIDTH="15" VPOS="289" HPOS="1633"/><String ID="p50_w600" CONTENT="aether," HPOS="1648" VPOS="289" WIDTH="112" HEIGHT="75" STYLEREFS="font0"/><SP WIDTH="26" VPOS="289" HPOS="1760"/><String ID="p50_w601" CONTENT="which" HPOS="1786" VPOS="289" WIDTH="107" HEIGHT="75" STYLEREFS="font0"/><SP WIDTH="22" VPOS="289" HPOS="1893"/><String ID="p50_w602" CONTENT="pervades" HPOS="1915" VPOS="289" WIDTH="153" HEIGHT="75" STYLEREFS="font0"/><SP WIDTH="29" VPOS="289" HPOS="2068"/><String ID="p50_w603" CONTENT="all" HPOS="2097" VPOS="289" WIDTH="42" HEIGHT="75" STYLEREFS="font0"/><SP WIDTH="29" VPOS="289" HPOS="2139"/><String ID="p50_w604" CONTENT="nature," HPOS="2168" VPOS="289" WIDTH="126" HEIGHT="75" STYLEREFS="font0"/></TextLine><TextLine WIDTH="982" HEIGHT="93" ID="p50_t69" HPOS="1312" VPOS="317"><String ID="p50_w605" CONTENT="44" HPOS="1312" VPOS="317" WIDTH="22" HEIGHT="49" STYLEREFS="font1"/><SP WIDTH="27" VPOS="317" HPOS="1334"/><String ID="p50_w606" CONTENT="and" HPOS="1361" VPOS="335" WIDTH="62" HEIGHT="75" STYLEREFS="font0"/><SP WIDTH="12" VPOS="335" HPOS="1423"/><String ID="p50_w607" CONTENT="which," HPOS="1435" VPOS="335" WIDTH="119" HEIGHT="75" STYLEREFS="font0"/><SP WIDTH="18" VPOS="335" HPOS="1554"/><String ID="p50_w608" CONTENT="with" HPOS="1572" VPOS="335" WIDTH="80" HEIGHT="75" STYLEREFS="font0"/><SP WIDTH="13" VPOS="335" HPOS="1652"/><String ID="p50_w609" CONTENT="a" HPOS="1665" VPOS="335" WIDTH="19" HEIGHT="75" STYLEREFS="font0"/><SP WIDTH="11" VPOS="335" HPOS="1684"/><String ID="p50_w610" CONTENT="few" HPOS="1695" VPOS="335" WIDTH="63" HEIGHT="75" STYLEREFS="font0"/><SP WIDTH="16" VPOS="335" HPOS="1758"/><String ID="p50_w611" CONTENT="variations" HPOS="1774" VPOS="335" WIDTH="172" HEIGHT="75" STYLEREFS="font0"/><SP WIDTH="13" VPOS="335" HPOS="1946"/><String ID="p50_w612" CONTENT="in" HPOS="1959" VPOS="335" WIDTH="32" HEIGHT="75" STYLEREFS="font0"/><SP WIDTH="17" VPOS="335" HPOS="1991"/><String ID="p50_w613" CONTENT="its" HPOS="2008" VPOS="335" WIDTH="42" HEIGHT="75" STYLEREFS="font0"/><SP WIDTH="12" VPOS="335" HPOS="2050"/><String ID="p50_w614" CONTENT="modification," HPOS="2062" VPOS="335" WIDTH="232" HEIGHT="75" STYLEREFS="font0"/></TextLine><TextLine WIDTH="986" HEIGHT="93" ID="p50_t70" HPOS="1311" VPOS="365"><String ID="p50_w615" CONTENT="44" HPOS="1311" VPOS="365" WIDTH="24" HEIGHT="49" STYLEREFS="font1"/><SP WIDTH="28" VPOS="365" HPOS="1335"/><String ID="p50_w616" CONTENT="Sir" HPOS="1363" VPOS="383" WIDTH="53" HEIGHT="75" STYLEREFS="font0"/><SP WIDTH="15" VPOS="383" HPOS="1416"/><String ID="p50_w617" CONTENT="Ifaac" HPOS="1431" VPOS="383" WIDTH="89" HEIGHT="75" STYLEREFS="font0"/><SP WIDTH="17" VPOS="383" HPOS="1520"/><String ID="p50_w618" CONTENT="has" HPOS="1537" VPOS="383" WIDTH="58" HEIGHT="75" STYLEREFS="font0"/><SP WIDTH="16" VPOS="383" HPOS="1595"/><String ID="p50_w619" CONTENT="Ihown" HPOS="1611" VPOS="383" WIDTH="107" HEIGHT="75" STYLEREFS="font0"/><SP WIDTH="15" VPOS="383" HPOS="1718"/><String ID="p50_w620" CONTENT="to" HPOS="1733" VPOS="383" WIDTH="36" HEIGHT="75" STYLEREFS="font0"/><SP WIDTH="16" VPOS="383" HPOS="1769"/><String ID="p50_w621" CONTENT="be" HPOS="1785" VPOS="383" WIDTH="40" HEIGHT="75" STYLEREFS="font0"/><SP WIDTH="16" VPOS="383" HPOS="1825"/><String ID="p50_w622" CONTENT="the" HPOS="1841" VPOS="383" WIDTH="56" HEIGHT="75" STYLEREFS="font0"/><SP WIDTH="16" VPOS="383" HPOS="1897"/><String ID="p50_w623" CONTENT="caufe" HPOS="1913" VPOS="383" WIDTH="90" HEIGHT="75" STYLEREFS="font0"/><SP WIDTH="17" VPOS="383" HPOS="2003"/><String ID="p50_w624" CONTENT="of" HPOS="2020" VPOS="383" WIDTH="41" HEIGHT="75" STYLEREFS="font0"/><SP WIDTH="18" VPOS="383" HPOS="2061"/><String ID="p50_w625" CONTENT="cohefion," HPOS="2079" VPOS="383" WIDTH="158" HEIGHT="75" STYLEREFS="font0"/><SP WIDTH="25" VPOS="383" HPOS="2237"/><String ID="p50_w626" CONTENT="e-" HPOS="2262" VPOS="383" WIDTH="35" HEIGHT="75" STYLEREFS="font0"/></TextLine><TextLine WIDTH="936" HEIGHT="75" ID="p50_t71" HPOS="1362" VPOS="429"><String ID="p50_w627" CONTENT="ladicity," HPOS="1362" VPOS="429" WIDTH="149" HEIGHT="75" STYLEREFS="font0"/><SP WIDTH="33" VPOS="429" HPOS="1511"/><String ID="p50_w628" CONTENT="gravity," HPOS="1544" VPOS="429" WIDTH="139" HEIGHT="75" STYLEREFS="font0"/><SP WIDTH="37" VPOS="429" HPOS="1683"/><String ID="p50_w629" CONTENT="eledlricity," HPOS="1720" VPOS="429" WIDTH="189" HEIGHT="75" STYLEREFS="font0"/><SP WIDTH="31" VPOS="429" HPOS="1909"/><String ID="p50_w630" CONTENT="magnetifm," HPOS="1940" VPOS="429" WIDTH="199" HEIGHT="75" STYLEREFS="font0"/><SP WIDTH="27" VPOS="429" HPOS="2139"/><String ID="p50_w631" CONTENT="&amp;c." HPOS="2166" VPOS="429" WIDTH="65" HEIGHT="75" STYLEREFS="font0"/><SP WIDTH="33" VPOS="429" HPOS="2231"/><String ID="p50_w632" CONTENT="in" HPOS="2264" VPOS="429" WIDTH="34" HEIGHT="75" STYLEREFS="font0"/></TextLine><TextLine WIDTH="984" HEIGHT="93" ID="p50_t72" HPOS="1313" VPOS="458"><String ID="p50_w633" CONTENT="44" HPOS="1313" VPOS="458" WIDTH="24" HEIGHT="49" STYLEREFS="font1"/><SP WIDTH="25" VPOS="458" HPOS="1337"/><String ID="p50_w634" CONTENT="the" HPOS="1362" VPOS="476" WIDTH="56" HEIGHT="75" STYLEREFS="font0"/><SP WIDTH="25" VPOS="476" HPOS="1418"/><String ID="p50_w635" CONTENT="following" HPOS="1443" VPOS="476" WIDTH="168" HEIGHT="75" STYLEREFS="font0"/><SP WIDTH="27" VPOS="476" HPOS="1611"/><String ID="p50_w636" CONTENT="manner:" HPOS="1638" VPOS="476" WIDTH="152" HEIGHT="75" STYLEREFS="font0"/><SP WIDTH="40" VPOS="476" HPOS="1790"/><String ID="p50_w637" CONTENT="1." HPOS="1830" VPOS="476" WIDTH="30" HEIGHT="75" STYLEREFS="font0"/><SP WIDTH="26" VPOS="476" HPOS="1860"/><String ID="p50_w638" CONTENT="As" HPOS="1886" VPOS="476" WIDTH="50" HEIGHT="75" STYLEREFS="font0"/><SP WIDTH="24" VPOS="476" HPOS="1936"/><String ID="p50_w639" CONTENT="the" HPOS="1960" VPOS="476" WIDTH="55" HEIGHT="75" STYLEREFS="font0"/><SP WIDTH="27" VPOS="476" HPOS="2015"/><String ID="p50_w640" CONTENT="rays" HPOS="2042" VPOS="476" WIDTH="72" HEIGHT="75" STYLEREFS="font0"/><SP WIDTH="28" VPOS="476" HPOS="2114"/><String ID="p50_w641" CONTENT="of" HPOS="2142" VPOS="476" WIDTH="40" HEIGHT="75" STYLEREFS="font0"/><SP WIDTH="18" VPOS="476" HPOS="2182"/><String ID="p50_w642" CONTENT="light," HPOS="2200" VPOS="476" WIDTH="97" HEIGHT="75" STYLEREFS="font0"/></TextLine><TextLine WIDTH="983" HEIGHT="93" ID="p50_t73" HPOS="1314" VPOS="504"><String ID="p50_w643" CONTENT="44" HPOS="1314" VPOS="504" WIDTH="24" HEIGHT="49" STYLEREFS="font1"/><SP WIDTH="26" VPOS="504" HPOS="1338"/><String ID="p50_w644" CONTENT="when" HPOS="1364" VPOS="522" WIDTH="94" HEIGHT="75" STYLEREFS="font0"/><SP WIDTH="17" VPOS="522" HPOS="1458"/><String ID="p50_w645" CONTENT="refiefted," HPOS="1475" VPOS="522" WIDTH="160" HEIGHT="75" STYLEREFS="font0"/><SP WIDTH="25" VPOS="522" HPOS="1635"/><String ID="p50_w646" CONTENT="do" HPOS="1660" VPOS="522" WIDTH="43" HEIGHT="75" STYLEREFS="font0"/><SP WIDTH="18" VPOS="522" HPOS="1703"/><String ID="p50_w647" CONTENT="not" HPOS="1721" VPOS="522" WIDTH="57" HEIGHT="75" STYLEREFS="font0"/><SP WIDTH="16" VPOS="522" HPOS="1778"/><String ID="p50_w648" CONTENT="touch" HPOS="1794" VPOS="522" WIDTH="99" HEIGHT="75" STYLEREFS="font0"/><SP WIDTH="16" VPOS="522" HPOS="1893"/><String ID="p50_w649" CONTENT="the" HPOS="1909" VPOS="522" WIDTH="56" HEIGHT="75" STYLEREFS="font0"/><SP WIDTH="24" VPOS="522" HPOS="1965"/><String ID="p50_w650" CONTENT="folid" HPOS="1989" VPOS="522" WIDTH="80" HEIGHT="75" STYLEREFS="font0"/><SP WIDTH="16" VPOS="522" HPOS="2069"/><String ID="p50_w651" CONTENT="parts" HPOS="2085" VPOS="522" WIDTH="87" HEIGHT="75" STYLEREFS="font0"/><SP WIDTH="16" VPOS="522" HPOS="2172"/><String ID="p50_w652" CONTENT="of" HPOS="2188" VPOS="522" WIDTH="40" HEIGHT="75" STYLEREFS="font0"/><SP WIDTH="11" VPOS="522" HPOS="2228"/><String ID="p50_w653" CONTENT="bo-" HPOS="2239" VPOS="522" WIDTH="58" HEIGHT="75" STYLEREFS="font0"/></TextLine><TextLine WIDTH="984" HEIGHT="93" ID="p50_t74" HPOS="1315" VPOS="551"><String ID="p50_w654" CONTENT="44" HPOS="1315" VPOS="551" WIDTH="24" HEIGHT="49" STYLEREFS="font1"/><SP WIDTH="25" VPOS="551" HPOS="1339"/><String ID="p50_w655" CONTENT="dies," HPOS="1364" VPOS="569" WIDTH="82" HEIGHT="75" STYLEREFS="font0"/><SP WIDTH="26" VPOS="569" HPOS="1446"/><String ID="p50_w656" CONTENT="but" HPOS="1472" VPOS="569" WIDTH="58" HEIGHT="75" STYLEREFS="font0"/><SP WIDTH="27" VPOS="569" HPOS="1530"/><String ID="p50_w657" CONTENT="are" HPOS="1557" VPOS="569" WIDTH="54" HEIGHT="75" STYLEREFS="font0"/><SP WIDTH="27" VPOS="569" HPOS="1611"/><String ID="p50_w658" CONTENT="reflefted" HPOS="1638" VPOS="569" WIDTH="149" HEIGHT="75" STYLEREFS="font0"/><SP WIDTH="23" VPOS="569" HPOS="1787"/><String ID="p50_w659" CONTENT="a" HPOS="1810" VPOS="569" WIDTH="19" HEIGHT="75" STYLEREFS="font0"/><SP WIDTH="23" VPOS="569" HPOS="1829"/><String ID="p50_w660" CONTENT="little" HPOS="1852" VPOS="569" WIDTH="83" HEIGHT="75" STYLEREFS="font0"/><SP WIDTH="24" VPOS="569" HPOS="1935"/><String ID="p50_w661" CONTENT="before" HPOS="1959" VPOS="569" WIDTH="110" HEIGHT="75" STYLEREFS="font0"/><SP WIDTH="26" VPOS="569" HPOS="2069"/><String ID="p50_w662" CONTENT="they" HPOS="2095" VPOS="569" WIDTH="79" HEIGHT="75" STYLEREFS="font0"/><SP WIDTH="27" VPOS="569" HPOS="2174"/><String ID="p50_w663" CONTENT="reach" HPOS="2201" VPOS="569" WIDTH="98" HEIGHT="75" STYLEREFS="font0"/></TextLine><TextLine WIDTH="983" HEIGHT="93" ID="p50_t75" HPOS="1316" VPOS="598"><String ID="p50_w664" CONTENT="44" HPOS="1316" VPOS="598" WIDTH="22" HEIGHT="49" STYLEREFS="font1"/><SP WIDTH="27" VPOS="598" HPOS="1338"/><String ID="p50_w665" CONTENT="them," HPOS="1365" VPOS="616" WIDTH="101" HEIGHT="75" STYLEREFS="font0"/><SP WIDTH="25" VPOS="616" HPOS="1466"/><String ID="p50_w666" CONTENT="it" HPOS="1491" VPOS="616" WIDTH="26" HEIGHT="75" STYLEREFS="font0"/><SP WIDTH="17" VPOS="616" HPOS="1517"/><String ID="p50_w667" CONTENT="is" HPOS="1534" VPOS="616" WIDTH="26" HEIGHT="75" STYLEREFS="font0"/><SP WIDTH="24" VPOS="616" HPOS="1560"/><String ID="p50_w668" CONTENT="plain" HPOS="1584" VPOS="616" WIDTH="86" HEIGHT="75" STYLEREFS="font0"/><SP WIDTH="17" VPOS="616" HPOS="1670"/><String ID="p50_w669" CONTENT="that" HPOS="1687" VPOS="616" WIDTH="71" HEIGHT="75" STYLEREFS="font0"/><SP WIDTH="22" VPOS="616" HPOS="1758"/><String ID="p50_w670" CONTENT="the" HPOS="1780" VPOS="616" WIDTH="57" HEIGHT="75" STYLEREFS="font0"/><SP WIDTH="16" VPOS="616" HPOS="1837"/><String ID="p50_w671" CONTENT="aether" HPOS="1853" VPOS="616" WIDTH="101" HEIGHT="75" STYLEREFS="font0"/><SP WIDTH="16" VPOS="616" HPOS="1954"/><String ID="p50_w672" CONTENT="not" HPOS="1970" VPOS="616" WIDTH="56" HEIGHT="75" STYLEREFS="font0"/><SP WIDTH="24" VPOS="616" HPOS="2026"/><String ID="p50_w673" CONTENT="only" HPOS="2050" VPOS="616" WIDTH="78" HEIGHT="75" STYLEREFS="font0"/><SP WIDTH="27" VPOS="616" HPOS="2128"/><String ID="p50_w674" CONTENT="fills" HPOS="2155" VPOS="616" WIDTH="63" HEIGHT="75" STYLEREFS="font0"/><SP WIDTH="25" VPOS="616" HPOS="2218"/><String ID="p50_w675" CONTENT="the" HPOS="2243" VPOS="616" WIDTH="56" HEIGHT="75" STYLEREFS="font0"/></TextLine><TextLine WIDTH="983" HEIGHT="93" ID="p50_t76" HPOS="1316" VPOS="645"><String ID="p50_w676" CONTENT="44" HPOS="1316" VPOS="645" WIDTH="23" HEIGHT="49" STYLEREFS="font1"/><SP WIDTH="25" VPOS="645" HPOS="1339"/><String ID="p50_w677" CONTENT="pores" HPOS="1364" VPOS="663" WIDTH="94" HEIGHT="75" STYLEREFS="font0"/><SP WIDTH="17" VPOS="663" HPOS="1458"/><String ID="p50_w678" CONTENT="of" HPOS="1475" VPOS="663" WIDTH="40" HEIGHT="75" STYLEREFS="font0"/><SP WIDTH="11" VPOS="663" HPOS="1515"/><String ID="p50_w679" CONTENT="bodies," HPOS="1526" VPOS="663" WIDTH="124" HEIGHT="75" STYLEREFS="font0"/><SP WIDTH="36" VPOS="663" HPOS="1650"/><String ID="p50_w680" CONTENT="but" HPOS="1686" VPOS="663" WIDTH="59" HEIGHT="75" STYLEREFS="font0"/><SP WIDTH="17" VPOS="663" HPOS="1745"/><String ID="p50_w681" CONTENT="likewife" HPOS="1762" VPOS="663" WIDTH="140" HEIGHT="75" STYLEREFS="font0"/><SP WIDTH="16" VPOS="663" HPOS="1902"/><String ID="p50_w682" CONTENT="floats" HPOS="1918" VPOS="663" WIDTH="93" HEIGHT="75" STYLEREFS="font0"/><SP WIDTH="17" VPOS="663" HPOS="2011"/><String ID="p50_w683" CONTENT="upon" HPOS="2028" VPOS="663" WIDTH="85" HEIGHT="75" STYLEREFS="font0"/><SP WIDTH="18" VPOS="663" HPOS="2113"/><String ID="p50_w684" CONTENT="their" HPOS="2131" VPOS="663" WIDTH="85" HEIGHT="75" STYLEREFS="font0"/><SP WIDTH="15" VPOS="663" HPOS="2216"/><String ID="p50_w685" CONTENT="fur-" HPOS="2231" VPOS="663" WIDTH="68" HEIGHT="75" STYLEREFS="font0"/></TextLine><TextLine WIDTH="985" HEIGHT="93" ID="p50_t77" HPOS="1316" VPOS="691"><String ID="p50_w686" CONTENT="44" HPOS="1316" VPOS="691" WIDTH="24" HEIGHT="49" STYLEREFS="font1"/><SP WIDTH="25" VPOS="691" HPOS="1340"/><String ID="p50_w687" CONTENT="faces" HPOS="1365" VPOS="709" WIDTH="87" HEIGHT="75" STYLEREFS="font0"/><SP WIDTH="12" VPOS="709" HPOS="1452"/><String ID="p50_w688" CONTENT=";" HPOS="1464" VPOS="709" WIDTH="10" HEIGHT="75" STYLEREFS="font0"/><SP WIDTH="27" VPOS="709" HPOS="1474"/><String ID="p50_w689" CONTENT="and" HPOS="1501" VPOS="709" WIDTH="64" HEIGHT="75" STYLEREFS="font0"/><SP WIDTH="14" VPOS="709" HPOS="1565"/><String ID="p50_w690" CONTENT="hence" HPOS="1579" VPOS="709" WIDTH="101" HEIGHT="75" STYLEREFS="font0"/><SP WIDTH="17" VPOS="709" HPOS="1680"/><String ID="p50_w691" CONTENT="it" HPOS="1697" VPOS="709" WIDTH="25" HEIGHT="75" STYLEREFS="font0"/><SP WIDTH="17" VPOS="709" HPOS="1722"/><String ID="p50_w692" CONTENT="becomes" HPOS="1739" VPOS="709" WIDTH="147" HEIGHT="75" STYLEREFS="font0"/><SP WIDTH="17" VPOS="709" HPOS="1886"/><String ID="p50_w693" CONTENT="the" HPOS="1903" VPOS="709" WIDTH="56" HEIGHT="75" STYLEREFS="font0"/><SP WIDTH="19" VPOS="709" HPOS="1959"/><String ID="p50_w694" CONTENT="caufe" HPOS="1978" VPOS="709" WIDTH="92" HEIGHT="75" STYLEREFS="font0"/><SP WIDTH="17" VPOS="709" HPOS="2070"/><String ID="p50_w695" CONTENT="of" HPOS="2087" VPOS="709" WIDTH="40" HEIGHT="75" STYLEREFS="font0"/><SP WIDTH="6" VPOS="709" HPOS="2127"/><String ID="p50_w696" CONTENT="attradlion" HPOS="2133" VPOS="709" WIDTH="168" HEIGHT="75" STYLEREFS="font0"/></TextLine><TextLine WIDTH="984" HEIGHT="93" ID="p50_t78" HPOS="1316" VPOS="738"><String ID="p50_w697" CONTENT="44" HPOS="1316" VPOS="738" WIDTH="24" HEIGHT="49" STYLEREFS="font1"/><SP WIDTH="26" VPOS="738" HPOS="1340"/><String ID="p50_w698" CONTENT="andrepulfion.—" HPOS="1366" VPOS="756" WIDTH="294" HEIGHT="75" STYLEREFS="font0"/><SP WIDTH="11" VPOS="756" HPOS="1660"/><String ID="p50_w699" CONTENT="2." HPOS="1671" VPOS="756" WIDTH="35" HEIGHT="75" STYLEREFS="font0"/><SP WIDTH="24" VPOS="756" HPOS="1706"/><String ID="p50_w700" CONTENT="All" HPOS="1730" VPOS="756" WIDTH="59" HEIGHT="75" STYLEREFS="font0"/><SP WIDTH="17" VPOS="756" HPOS="1789"/><String ID="p50_w701" CONTENT="metals," HPOS="1806" VPOS="756" WIDTH="126" HEIGHT="75" STYLEREFS="font0"/><SP WIDTH="26" VPOS="756" HPOS="1932"/><String ID="p50_w702" CONTENT="and" HPOS="1958" VPOS="756" WIDTH="64" HEIGHT="75" STYLEREFS="font0"/><SP WIDTH="15" VPOS="756" HPOS="2022"/><String ID="p50_w703" CONTENT="ineladic" HPOS="2037" VPOS="756" WIDTH="139" HEIGHT="75" STYLEREFS="font0"/><SP WIDTH="15" VPOS="756" HPOS="2176"/><String ID="p50_w704" CONTENT="fluids," HPOS="2191" VPOS="756" WIDTH="109" HEIGHT="75" STYLEREFS="font0"/></TextLine><TextLine WIDTH="980" HEIGHT="93" ID="p50_t79" HPOS="1318" VPOS="784"><String ID="p50_w705" CONTENT="44" HPOS="1318" VPOS="784" WIDTH="25" HEIGHT="49" STYLEREFS="font1"/><SP WIDTH="26" VPOS="784" HPOS="1343"/><String ID="p50_w706" CONTENT="are" HPOS="1369" VPOS="802" WIDTH="53" HEIGHT="75" STYLEREFS="font0"/><SP WIDTH="18" VPOS="802" HPOS="1422"/><String ID="p50_w707" CONTENT="non-ele&amp;rics" HPOS="1440" VPOS="802" WIDTH="223" HEIGHT="75" STYLEREFS="font0"/><SP WIDTH="14" VPOS="802" HPOS="1663"/><String ID="p50_w708" CONTENT=";" HPOS="1677" VPOS="802" WIDTH="11" HEIGHT="75" STYLEREFS="font0"/><SP WIDTH="27" VPOS="802" HPOS="1688"/><String ID="p50_w709" CONTENT="on" HPOS="1715" VPOS="802" WIDTH="41" HEIGHT="75" STYLEREFS="font0"/><SP WIDTH="21" VPOS="802" HPOS="1756"/><String ID="p50_w710" CONTENT="the" HPOS="1777" VPOS="802" WIDTH="56" HEIGHT="75" STYLEREFS="font0"/><SP WIDTH="16" VPOS="802" HPOS="1833"/><String ID="p50_w711" CONTENT="other" HPOS="1849" VPOS="802" WIDTH="95" HEIGHT="75" STYLEREFS="font0"/><SP WIDTH="14" VPOS="802" HPOS="1944"/><String ID="p50_w712" CONTENT="hand," HPOS="1958" VPOS="802" WIDTH="100" HEIGHT="75" STYLEREFS="font0"/><SP WIDTH="26" VPOS="802" HPOS="2058"/><String ID="p50_w713" CONTENT="all" HPOS="2084" VPOS="802" WIDTH="42" HEIGHT="75" STYLEREFS="font0"/><SP WIDTH="16" VPOS="802" HPOS="2126"/><String ID="p50_w714" CONTENT="folid" HPOS="2142" VPOS="802" WIDTH="82" HEIGHT="75" STYLEREFS="font0"/><SP WIDTH="16" VPOS="802" HPOS="2224"/><String ID="p50_w715" CONTENT="bo-" HPOS="2240" VPOS="802" WIDTH="58" HEIGHT="75" STYLEREFS="font0"/></TextLine><TextLine WIDTH="985" HEIGHT="93" ID="p50_t80" HPOS="1317" VPOS="831"><String ID="p50_w716" CONTENT="44" HPOS="1317" VPOS="831" WIDTH="24" HEIGHT="49" STYLEREFS="font1"/><SP WIDTH="25" VPOS="831" HPOS="1341"/><String ID="p50_w717" CONTENT="dies," HPOS="1366" VPOS="849" WIDTH="81" HEIGHT="75" STYLEREFS="font0"/><SP WIDTH="17" VPOS="849" HPOS="1447"/><String ID="p50_w718" CONTENT="metals" HPOS="1464" VPOS="849" WIDTH="115" HEIGHT="75" STYLEREFS="font0"/><SP WIDTH="11" VPOS="849" HPOS="1579"/><String ID="p50_w719" CONTENT="excepted," HPOS="1590" VPOS="849" WIDTH="171" HEIGHT="75" STYLEREFS="font0"/><SP WIDTH="18" VPOS="849" HPOS="1761"/><String ID="p50_w720" CONTENT="are" HPOS="1779" VPOS="849" WIDTH="53" HEIGHT="75" STYLEREFS="font0"/><SP WIDTH="17" VPOS="849" HPOS="1832"/><String ID="p50_w721" CONTENT="eleftrics," HPOS="1849" VPOS="849" WIDTH="156" HEIGHT="75" STYLEREFS="font0"/><SP WIDTH="18" VPOS="849" HPOS="2005"/><String ID="p50_w722" CONTENT="i." HPOS="2023" VPOS="849" WIDTH="26" HEIGHT="75" STYLEREFS="font0"/><SP WIDTH="12" VPOS="849" HPOS="2049"/><String ID="p50_w723" CONTENT="e." HPOS="2061" VPOS="849" WIDTH="30" HEIGHT="75" STYLEREFS="font0"/><SP WIDTH="25" VPOS="849" HPOS="2091"/><String ID="p50_w724" CONTENT="proper" HPOS="2116" VPOS="849" WIDTH="116" HEIGHT="75" STYLEREFS="font0"/><SP WIDTH="17" VPOS="849" HPOS="2232"/><String ID="p50_w725" CONTENT="for" HPOS="2249" VPOS="849" WIDTH="53" HEIGHT="75" STYLEREFS="font0"/></TextLine><TextLine WIDTH="985" HEIGHT="93" ID="p50_t81" HPOS="1318" VPOS="878"><String ID="p50_w726" CONTENT="44" HPOS="1318" VPOS="878" WIDTH="24" HEIGHT="49" STYLEREFS="font1"/><SP WIDTH="26" VPOS="878" HPOS="1342"/><String ID="p50_w727" CONTENT="accumulating" HPOS="1368" VPOS="896" WIDTH="233" HEIGHT="75" STYLEREFS="font0"/><SP WIDTH="11" VPOS="896" HPOS="1601"/><String ID="p50_w728" CONTENT="aether." HPOS="1612" VPOS="896" WIDTH="112" HEIGHT="75" STYLEREFS="font0"/><SP WIDTH="50" VPOS="896" HPOS="1724"/><String ID="p50_w729" CONTENT="But" HPOS="1774" VPOS="896" WIDTH="66" HEIGHT="75" STYLEREFS="font0"/><SP WIDTH="12" VPOS="896" HPOS="1840"/><String ID="p50_w730" CONTENT="aether," HPOS="1852" VPOS="896" WIDTH="112" HEIGHT="75" STYLEREFS="font0"/><SP WIDTH="26" VPOS="896" HPOS="1964"/><String ID="p50_w731" CONTENT="thus" HPOS="1990" VPOS="896" WIDTH="74" HEIGHT="75" STYLEREFS="font0"/><SP WIDTH="18" VPOS="896" HPOS="2064"/><String ID="p50_w732" CONTENT="accumulated" HPOS="2082" VPOS="896" WIDTH="221" HEIGHT="75" STYLEREFS="font0"/></TextLine><TextLine WIDTH="981" HEIGHT="93" ID="p50_t82" HPOS="1319" VPOS="925"><String ID="p50_w733" CONTENT="44" HPOS="1319" VPOS="925" WIDTH="23" HEIGHT="49" STYLEREFS="font1"/><SP WIDTH="26" VPOS="925" HPOS="1342"/><String ID="p50_w734" CONTENT="in" HPOS="1368" VPOS="943" WIDTH="32" HEIGHT="75" STYLEREFS="font0"/><SP WIDTH="24" VPOS="943" HPOS="1400"/><String ID="p50_w735" CONTENT="fuch" HPOS="1424" VPOS="943" WIDTH="75" HEIGHT="75" STYLEREFS="font0"/><SP WIDTH="18" VPOS="943" HPOS="1499"/><String ID="p50_w736" CONTENT="a" HPOS="1517" VPOS="943" WIDTH="19" HEIGHT="75" STYLEREFS="font0"/><SP WIDTH="16" VPOS="943" HPOS="1536"/><String ID="p50_w737" CONTENT="variety" HPOS="1552" VPOS="943" WIDTH="122" HEIGHT="75" STYLEREFS="font0"/><SP WIDTH="19" VPOS="943" HPOS="1674"/><String ID="p50_w738" CONTENT="of" HPOS="1693" VPOS="943" WIDTH="39" HEIGHT="75" STYLEREFS="font0"/><SP WIDTH="22" VPOS="943" HPOS="1732"/><String ID="p50_w739" CONTENT="bodies," HPOS="1754" VPOS="943" WIDTH="125" HEIGHT="75" STYLEREFS="font0"/><SP WIDTH="26" VPOS="943" HPOS="1879"/><String ID="p50_w740" CONTENT="may" HPOS="1905" VPOS="943" WIDTH="74" HEIGHT="75" STYLEREFS="font0"/><SP WIDTH="27" VPOS="943" HPOS="1979"/><String ID="p50_w741" CONTENT="produce" HPOS="2006" VPOS="943" WIDTH="141" HEIGHT="75" STYLEREFS="font0"/><SP WIDTH="27" VPOS="943" HPOS="2147"/><String ID="p50_w742" CONTENT="various" HPOS="2174" VPOS="943" WIDTH="126" HEIGHT="75" STYLEREFS="font0"/></TextLine><TextLine WIDTH="979" HEIGHT="93" ID="p50_t83" HPOS="1320" VPOS="971"><String ID="p50_w743" CONTENT="44" HPOS="1320" VPOS="971" WIDTH="23" HEIGHT="49" STYLEREFS="font1"/><SP WIDTH="25" VPOS="971" HPOS="1343"/><String ID="p50_w744" CONTENT="motions" HPOS="1368" VPOS="989" WIDTH="140" HEIGHT="75" STYLEREFS="font0"/><SP WIDTH="16" VPOS="989" HPOS="1508"/><String ID="p50_w745" CONTENT="in" HPOS="1524" VPOS="989" WIDTH="32" HEIGHT="75" STYLEREFS="font0"/><SP WIDTH="17" VPOS="989" HPOS="1556"/><String ID="p50_w746" CONTENT="the" HPOS="1573" VPOS="989" WIDTH="56" HEIGHT="75" STYLEREFS="font0"/><SP WIDTH="23" VPOS="989" HPOS="1629"/><String ID="p50_w747" CONTENT="parts" HPOS="1652" VPOS="989" WIDTH="88" HEIGHT="75" STYLEREFS="font0"/><SP WIDTH="17" VPOS="989" HPOS="1740"/><String ID="p50_w748" CONTENT="of" HPOS="1757" VPOS="989" WIDTH="39" HEIGHT="75" STYLEREFS="font0"/><SP WIDTH="11" VPOS="989" HPOS="1796"/><String ID="p50_w749" CONTENT="thefe" HPOS="1807" VPOS="989" WIDTH="87" HEIGHT="75" STYLEREFS="font0"/><SP WIDTH="14" VPOS="989" HPOS="1894"/><String ID="p50_w750" CONTENT="bodies," HPOS="1908" VPOS="989" WIDTH="126" HEIGHT="75" STYLEREFS="font0"/><SP WIDTH="17" VPOS="989" HPOS="2034"/><String ID="p50_w751" CONTENT="without" HPOS="2051" VPOS="989" WIDTH="139" HEIGHT="75" STYLEREFS="font0"/><SP WIDTH="15" VPOS="989" HPOS="2190"/><String ID="p50_w752" CONTENT="indu-" HPOS="2205" VPOS="989" WIDTH="94" HEIGHT="75" STYLEREFS="font0"/></TextLine><TextLine WIDTH="983" HEIGHT="93" ID="p50_t84" HPOS="1320" VPOS="1018"><String ID="p50_w753" CONTENT="44" HPOS="1320" VPOS="1018" WIDTH="24" HEIGHT="49" STYLEREFS="font1"/><SP WIDTH="25" VPOS="1018" HPOS="1344"/><String ID="p50_w754" CONTENT="cing" HPOS="1369" VPOS="1036" WIDTH="74" HEIGHT="75" STYLEREFS="font0"/><SP WIDTH="15" VPOS="1036" HPOS="1443"/><String ID="p50_w755" CONTENT="any" HPOS="1458" VPOS="1036" WIDTH="63" HEIGHT="75" STYLEREFS="font0"/><SP WIDTH="16" VPOS="1036" HPOS="1521"/><String ID="p50_w756" CONTENT="change" HPOS="1537" VPOS="1036" WIDTH="121" HEIGHT="75" STYLEREFS="font0"/><SP WIDTH="32" VPOS="1036" HPOS="1658"/><String ID="p50_w757" CONTENT="in" HPOS="1690" VPOS="1036" WIDTH="32" HEIGHT="75" STYLEREFS="font0"/><SP WIDTH="17" VPOS="1036" HPOS="1722"/><String ID="p50_w758" CONTENT="the" HPOS="1739" VPOS="1036" WIDTH="55" HEIGHT="75" STYLEREFS="font0"/><SP WIDTH="16" VPOS="1036" HPOS="1794"/><String ID="p50_w759" CONTENT="bodies" HPOS="1810" VPOS="1036" WIDTH="112" HEIGHT="75" STYLEREFS="font0"/><SP WIDTH="17" VPOS="1036" HPOS="1922"/><String ID="p50_w760" CONTENT="themfelves." HPOS="1939" VPOS="1036" WIDTH="202" HEIGHT="75" STYLEREFS="font0"/><SP WIDTH="48" VPOS="1036" HPOS="2141"/><String ID="p50_w761" CONTENT="Hence" HPOS="2189" VPOS="1036" WIDTH="114" HEIGHT="75" STYLEREFS="font0"/></TextLine><TextLine WIDTH="982" HEIGHT="93" ID="p50_t85" HPOS="1320" VPOS="1065"><String ID="p50_w762" CONTENT="44" HPOS="1320" VPOS="1065" WIDTH="24" HEIGHT="49" STYLEREFS="font1"/><SP WIDTH="25" VPOS="1065" HPOS="1344"/><String ID="p50_w763" CONTENT="aether," HPOS="1369" VPOS="1083" WIDTH="111" HEIGHT="75" STYLEREFS="font0"/><SP WIDTH="25" VPOS="1083" HPOS="1480"/><String ID="p50_w764" CONTENT="with" HPOS="1505" VPOS="1083" WIDTH="79" HEIGHT="75" STYLEREFS="font0"/><SP WIDTH="17" VPOS="1083" HPOS="1584"/><String ID="p50_w765" CONTENT="fome" HPOS="1601" VPOS="1083" WIDTH="85" HEIGHT="75" STYLEREFS="font0"/><SP WIDTH="16" VPOS="1083" HPOS="1686"/><String ID="p50_w766" CONTENT="variations" HPOS="1702" VPOS="1083" WIDTH="172" HEIGHT="75" STYLEREFS="font0"/><SP WIDTH="25" VPOS="1083" HPOS="1874"/><String ID="p50_w767" CONTENT="in" HPOS="1899" VPOS="1083" WIDTH="32" HEIGHT="75" STYLEREFS="font0"/><SP WIDTH="23" VPOS="1083" HPOS="1931"/><String ID="p50_w768" CONTENT="its" HPOS="1954" VPOS="1083" WIDTH="41" HEIGHT="75" STYLEREFS="font0"/><SP WIDTH="25" VPOS="1083" HPOS="1995"/><String ID="p50_w769" CONTENT="modification," HPOS="2020" VPOS="1083" WIDTH="230" HEIGHT="75" STYLEREFS="font0"/><SP WIDTH="24" VPOS="1083" HPOS="2250"/><String ID="p50_w770" CONTENT="is" HPOS="2274" VPOS="1083" WIDTH="28" HEIGHT="75" STYLEREFS="font0"/></TextLine><TextLine WIDTH="982" HEIGHT="93" ID="p50_t86" HPOS="1321" VPOS="1111"><String ID="p50_w771" CONTENT="44" HPOS="1321" VPOS="1111" WIDTH="24" HEIGHT="49" STYLEREFS="font1"/><SP WIDTH="25" VPOS="1111" HPOS="1345"/><String ID="p50_w772" CONTENT="fufficient" HPOS="1370" VPOS="1129" WIDTH="155" HEIGHT="75" STYLEREFS="font0"/><SP WIDTH="16" VPOS="1129" HPOS="1525"/><String ID="p50_w773" CONTENT="to" HPOS="1541" VPOS="1129" WIDTH="34" HEIGHT="75" STYLEREFS="font0"/><SP WIDTH="16" VPOS="1129" HPOS="1575"/><String ID="p50_w774" CONTENT="account" HPOS="1591" VPOS="1129" WIDTH="135" HEIGHT="75" STYLEREFS="font0"/><SP WIDTH="14" VPOS="1129" HPOS="1726"/><String ID="p50_w775" CONTENT="for" HPOS="1740" VPOS="1129" WIDTH="54" HEIGHT="75" STYLEREFS="font0"/><SP WIDTH="15" VPOS="1129" HPOS="1794"/><String ID="p50_w776" CONTENT="all" HPOS="1809" VPOS="1129" WIDTH="42" HEIGHT="75" STYLEREFS="font0"/><SP WIDTH="18" VPOS="1129" HPOS="1851"/><String ID="p50_w777" CONTENT="the" HPOS="1869" VPOS="1129" WIDTH="55" HEIGHT="75" STYLEREFS="font0"/><SP WIDTH="15" VPOS="1129" HPOS="1924"/><String ID="p50_w778" CONTENT="phaenomena" HPOS="1939" VPOS="1129" WIDTH="206" HEIGHT="75" STYLEREFS="font0"/><SP WIDTH="15" VPOS="1129" HPOS="2145"/><String ID="p50_w779" CONTENT="of" HPOS="2160" VPOS="1129" WIDTH="41" HEIGHT="75" STYLEREFS="font0"/><SP WIDTH="18" VPOS="1129" HPOS="2201"/><String ID="p50_w780" CONTENT="elec-" HPOS="2219" VPOS="1129" WIDTH="84" HEIGHT="75" STYLEREFS="font0"/></TextLine><TextLine WIDTH="982" HEIGHT="93" ID="p50_t87" HPOS="1323" VPOS="1159"><String ID="p50_w781" CONTENT="44" HPOS="1323" VPOS="1159" WIDTH="22" HEIGHT="49" STYLEREFS="font1"/><SP WIDTH="25" VPOS="1159" HPOS="1345"/><String ID="p50_w782" CONTENT="tricity." HPOS="1370" VPOS="1177" WIDTH="122" HEIGHT="75" STYLEREFS="font0"/><SP WIDTH="53" VPOS="1177" HPOS="1492"/><String ID="p50_w783" CONTENT="3." HPOS="1545" VPOS="1177" WIDTH="32" HEIGHT="75" STYLEREFS="font0"/><SP WIDTH="25" VPOS="1177" HPOS="1577"/><String ID="p50_w784" CONTENT="As" HPOS="1602" VPOS="1177" WIDTH="49" HEIGHT="75" STYLEREFS="font0"/><SP WIDTH="17" VPOS="1177" HPOS="1651"/><String ID="p50_w785" CONTENT="iron," HPOS="1668" VPOS="1177" WIDTH="82" HEIGHT="75" STYLEREFS="font0"/><SP WIDTH="18" VPOS="1177" HPOS="1750"/><String ID="p50_w786" CONTENT="by" HPOS="1768" VPOS="1177" WIDTH="43" HEIGHT="75" STYLEREFS="font0"/><SP WIDTH="12" VPOS="1177" HPOS="1811"/><String ID="p50_w787" CONTENT="accumulating" HPOS="1823" VPOS="1177" WIDTH="233" HEIGHT="75" STYLEREFS="font0"/><SP WIDTH="10" VPOS="1177" HPOS="2056"/><String ID="p50_w788" CONTENT="aether" HPOS="2066" VPOS="1177" WIDTH="100" HEIGHT="75" STYLEREFS="font0"/><SP WIDTH="16" VPOS="1177" HPOS="2166"/><String ID="p50_w789" CONTENT="around" HPOS="2182" VPOS="1177" WIDTH="123" HEIGHT="75" STYLEREFS="font0"/></TextLine><TextLine WIDTH="981" HEIGHT="93" ID="p50_t88" HPOS="1323" VPOS="1205"><String ID="p50_w790" CONTENT="44" HPOS="1323" VPOS="1205" WIDTH="23" HEIGHT="49" STYLEREFS="font1"/><SP WIDTH="25" VPOS="1205" HPOS="1346"/><String ID="p50_w791" CONTENT="it," HPOS="1371" VPOS="1223" WIDTH="38" HEIGHT="75" STYLEREFS="font0"/><SP WIDTH="25" VPOS="1223" HPOS="1409"/><String ID="p50_w792" CONTENT="exhibits" HPOS="1434" VPOS="1223" WIDTH="141" HEIGHT="75" STYLEREFS="font0"/><SP WIDTH="18" VPOS="1223" HPOS="1575"/><String ID="p50_w793" CONTENT="all" HPOS="1593" VPOS="1223" WIDTH="42" HEIGHT="75" STYLEREFS="font0"/><SP WIDTH="15" VPOS="1223" HPOS="1635"/><String ID="p50_w794" CONTENT="the" HPOS="1650" VPOS="1223" WIDTH="57" HEIGHT="75" STYLEREFS="font0"/><SP WIDTH="15" VPOS="1223" HPOS="1707"/><String ID="p50_w795" CONTENT="wonders" HPOS="1722" VPOS="1223" WIDTH="148" HEIGHT="75" STYLEREFS="font0"/><SP WIDTH="14" VPOS="1223" HPOS="1870"/><String ID="p50_w796" CONTENT="-of" HPOS="1884" VPOS="1223" WIDTH="52" HEIGHT="75" STYLEREFS="font0"/><SP WIDTH="17" VPOS="1223" HPOS="1936"/><String ID="p50_w797" CONTENT="magnetifm" HPOS="1953" VPOS="1223" WIDTH="186" HEIGHT="75" STYLEREFS="font0"/><SP WIDTH="12" VPOS="1223" HPOS="2139"/><String ID="p50_w798" CONTENT=";" HPOS="2151" VPOS="1223" WIDTH="10" HEIGHT="75" STYLEREFS="font0"/><SP WIDTH="27" VPOS="1223" HPOS="2161"/><String ID="p50_w799" CONTENT="fo" HPOS="2188" VPOS="1223" WIDTH="34" HEIGHT="75" STYLEREFS="font0"/><SP WIDTH="16" VPOS="1223" HPOS="2222"/><String ID="p50_w800" CONTENT="this" HPOS="2238" VPOS="1223" WIDTH="66" HEIGHT="75" STYLEREFS="font0"/></TextLine><TextLine WIDTH="980" HEIGHT="93" ID="p50_t89" HPOS="1322" VPOS="1252"><String ID="p50_w801" CONTENT="44" HPOS="1322" VPOS="1252" WIDTH="23" HEIGHT="49" STYLEREFS="font1"/><SP WIDTH="26" VPOS="1252" HPOS="1345"/><String ID="p50_w802" CONTENT="magnetical" HPOS="1371" VPOS="1270" WIDTH="190" HEIGHT="75" STYLEREFS="font0"/><SP WIDTH="21" VPOS="1270" HPOS="1561"/><String ID="p50_w803" CONTENT="aether" HPOS="1582" VPOS="1270" WIDTH="101" HEIGHT="75" STYLEREFS="font0"/><SP WIDTH="16" VPOS="1270" HPOS="1683"/><String ID="p50_w804" CONTENT="is" HPOS="1699" VPOS="1270" WIDTH="26" HEIGHT="75" STYLEREFS="font0"/><SP WIDTH="17" VPOS="1270" HPOS="1725"/><String ID="p50_w805" CONTENT="more" HPOS="1742" VPOS="1270" WIDTH="89" HEIGHT="75" STYLEREFS="font0"/><SP WIDTH="16" VPOS="1270" HPOS="1831"/><String ID="p50_w806" CONTENT="analogous" HPOS="1847" VPOS="1270" WIDTH="174" HEIGHT="75" STYLEREFS="font0"/><SP WIDTH="17" VPOS="1270" HPOS="2021"/><String ID="p50_w807" CONTENT="to" HPOS="2038" VPOS="1270" WIDTH="35" HEIGHT="75" STYLEREFS="font0"/><SP WIDTH="23" VPOS="1270" HPOS="2073"/><String ID="p50_w808" CONTENT="the" HPOS="2096" VPOS="1270" WIDTH="56" HEIGHT="75" STYLEREFS="font0"/><SP WIDTH="12" VPOS="1270" HPOS="2152"/><String ID="p50_w809" CONTENT="nervous" HPOS="2164" VPOS="1270" WIDTH="138" HEIGHT="75" STYLEREFS="font0"/></TextLine><TextLine WIDTH="979" HEIGHT="93" ID="p50_t90" HPOS="1322" VPOS="1299"><String ID="p50_w810" CONTENT="44" HPOS="1322" VPOS="1299" WIDTH="23" HEIGHT="49" STYLEREFS="font1"/><SP WIDTH="25" VPOS="1299" HPOS="1345"/><String ID="p50_w811" CONTENT="aether" HPOS="1370" VPOS="1317" WIDTH="101" HEIGHT="75" STYLEREFS="font0"/><SP WIDTH="21" VPOS="1317" HPOS="1471"/><String ID="p50_w812" CONTENT="of" HPOS="1492" VPOS="1317" WIDTH="41" HEIGHT="75" STYLEREFS="font0"/><SP WIDTH="22" VPOS="1317" HPOS="1533"/><String ID="p50_w813" CONTENT="animals" HPOS="1555" VPOS="1317" WIDTH="131" HEIGHT="75" STYLEREFS="font0"/><SP WIDTH="17" VPOS="1317" HPOS="1686"/><String ID="p50_w814" CONTENT="than" HPOS="1703" VPOS="1317" WIDTH="78" HEIGHT="75" STYLEREFS="font0"/><SP WIDTH="16" VPOS="1317" HPOS="1781"/><String ID="p50_w815" CONTENT="any-other" HPOS="1797" VPOS="1317" WIDTH="176" HEIGHT="75" STYLEREFS="font0"/><SP WIDTH="12" VPOS="1317" HPOS="1973"/><String ID="p50_w816" CONTENT="kind" HPOS="1985" VPOS="1317" WIDTH="79" HEIGHT="75" STYLEREFS="font0"/><SP WIDTH="15" VPOS="1317" HPOS="2064"/><String ID="p50_w817" CONTENT="of" HPOS="2079" VPOS="1317" WIDTH="41" HEIGHT="75" STYLEREFS="font0"/><SP WIDTH="9" VPOS="1317" HPOS="2120"/><String ID="p50_w818" CONTENT="it." HPOS="2129" VPOS="1317" WIDTH="40" HEIGHT="75" STYLEREFS="font0"/><SP WIDTH="49" VPOS="1317" HPOS="2169"/><String ID="p50_w819" CONTENT="For," HPOS="2218" VPOS="1317" WIDTH="83" HEIGHT="75" STYLEREFS="font0"/></TextLine><TextLine WIDTH="981" HEIGHT="93" ID="p50_t91" HPOS="1323" VPOS="1346"><String ID="p50_w820" CONTENT="44" HPOS="1323" VPOS="1346" WIDTH="23" HEIGHT="49" STYLEREFS="font1"/><SP WIDTH="27" VPOS="1346" HPOS="1346"/><String ID="p50_w821" CONTENT="as" HPOS="1373" VPOS="1364" WIDTH="35" HEIGHT="75" STYLEREFS="font0"/><SP WIDTH="14" VPOS="1364" HPOS="1408"/><String ID="p50_w822" CONTENT="the" HPOS="1422" VPOS="1364" WIDTH="55" HEIGHT="75" STYLEREFS="font0"/><SP WIDTH="16" VPOS="1364" HPOS="1477"/><String ID="p50_w823" CONTENT="magnetical" HPOS="1493" VPOS="1364" WIDTH="190" HEIGHT="75" STYLEREFS="font0"/><SP WIDTH="23" VPOS="1364" HPOS="1683"/><String ID="p50_w824" CONTENT="aether" HPOS="1706" VPOS="1364" WIDTH="101" HEIGHT="75" STYLEREFS="font0"/><SP WIDTH="17" VPOS="1364" HPOS="1807"/><String ID="p50_w825" CONTENT="paffes" HPOS="1824" VPOS="1364" WIDTH="98" HEIGHT="75" STYLEREFS="font0"/><SP WIDTH="25" VPOS="1364" HPOS="1922"/><String ID="p50_w826" CONTENT="along" HPOS="1947" VPOS="1364" WIDTH="96" HEIGHT="75" STYLEREFS="font0"/><SP WIDTH="26" VPOS="1364" HPOS="2043"/><String ID="p50_w827" CONTENT="iron" HPOS="2069" VPOS="1364" WIDTH="72" HEIGHT="75" STYLEREFS="font0"/><SP WIDTH="22" VPOS="1364" HPOS="2141"/><String ID="p50_w828" CONTENT="without" HPOS="2163" VPOS="1364" WIDTH="141" HEIGHT="75" STYLEREFS="font0"/></TextLine><TextLine WIDTH="979" HEIGHT="93" ID="p50_t92" HPOS="1324" VPOS="1392"><String ID="p50_w829" CONTENT="44" HPOS="1324" VPOS="1392" WIDTH="23" HEIGHT="49" STYLEREFS="font1"/><SP WIDTH="26" VPOS="1392" HPOS="1347"/><String ID="p50_w830" CONTENT="changing" HPOS="1373" VPOS="1410" WIDTH="158" HEIGHT="75" STYLEREFS="font0"/><SP WIDTH="13" VPOS="1410" HPOS="1531"/><String ID="p50_w831" CONTENT="any" HPOS="1544" VPOS="1410" WIDTH="62" HEIGHT="75" STYLEREFS="font0"/><SP WIDTH="11" VPOS="1410" HPOS="1606"/><String ID="p50_w832" CONTENT="part" HPOS="1617" VPOS="1410" WIDTH="72" HEIGHT="75" STYLEREFS="font0"/><SP WIDTH="12" VPOS="1410" HPOS="1689"/><String ID="p50_w833" CONTENT="of" HPOS="1701" VPOS="1410" WIDTH="40" HEIGHT="75" STYLEREFS="font0"/><SP WIDTH="10" VPOS="1410" HPOS="1741"/><String ID="p50_w834" CONTENT="the" HPOS="1751" VPOS="1410" WIDTH="55" HEIGHT="75" STYLEREFS="font0"/><SP WIDTH="12" VPOS="1410" HPOS="1806"/><String ID="p50_w835" CONTENT="iron" HPOS="1818" VPOS="1410" WIDTH="70" HEIGHT="75" STYLEREFS="font0"/><SP WIDTH="12" VPOS="1410" HPOS="1888"/><String ID="p50_w836" CONTENT=";" HPOS="1900" VPOS="1410" WIDTH="10" HEIGHT="75" STYLEREFS="font0"/><SP WIDTH="20" VPOS="1410" HPOS="1910"/><String ID="p50_w837" CONTENT="fo" HPOS="1930" VPOS="1410" WIDTH="33" HEIGHT="75" STYLEREFS="font0"/><SP WIDTH="13" VPOS="1410" HPOS="1963"/><String ID="p50_w838" CONTENT="the" HPOS="1976" VPOS="1410" WIDTH="55" HEIGHT="75" STYLEREFS="font0"/><SP WIDTH="13" VPOS="1410" HPOS="2031"/><String ID="p50_w839" CONTENT="nervous" HPOS="2044" VPOS="1410" WIDTH="135" HEIGHT="75" STYLEREFS="font0"/><SP WIDTH="13" VPOS="1410" HPOS="2179"/><String ID="p50_w840" CONTENT="aether," HPOS="2192" VPOS="1410" WIDTH="111" HEIGHT="75" STYLEREFS="font0"/></TextLine><TextLine WIDTH="980" HEIGHT="93" ID="p50_t93" HPOS="1324" VPOS="1439"><String ID="p50_w841" CONTENT="44" HPOS="1324" VPOS="1439" WIDTH="24" HEIGHT="49" STYLEREFS="font1"/><SP WIDTH="25" VPOS="1439" HPOS="1348"/><String ID="p50_w842" CONTENT="in" HPOS="1373" VPOS="1457" WIDTH="31" HEIGHT="75" STYLEREFS="font0"/><SP WIDTH="17" VPOS="1457" HPOS="1404"/><String ID="p50_w843" CONTENT="like" HPOS="1421" VPOS="1457" WIDTH="64" HEIGHT="75" STYLEREFS="font0"/><SP WIDTH="17" VPOS="1457" HPOS="1485"/><String ID="p50_w844" CONTENT="manner," HPOS="1502" VPOS="1457" WIDTH="143" HEIGHT="75" STYLEREFS="font0"/><SP WIDTH="17" VPOS="1457" HPOS="1645"/><String ID="p50_w845" CONTENT="paffes" HPOS="1662" VPOS="1457" WIDTH="98" HEIGHT="75" STYLEREFS="font0"/><SP WIDTH="17" VPOS="1457" HPOS="1760"/><String ID="p50_w846" CONTENT="along" HPOS="1777" VPOS="1457" WIDTH="96" HEIGHT="75" STYLEREFS="font0"/><SP WIDTH="11" VPOS="1457" HPOS="1873"/><String ID="p50_w847" CONTENT="the" HPOS="1884" VPOS="1457" WIDTH="55" HEIGHT="75" STYLEREFS="font0"/><SP WIDTH="13" VPOS="1457" HPOS="1939"/><String ID="p50_w848" CONTENT="medullary" HPOS="1952" VPOS="1457" WIDTH="179" HEIGHT="75" STYLEREFS="font0"/><SP WIDTH="12" VPOS="1457" HPOS="2131"/><String ID="p50_w849" CONTENT="fubdance" HPOS="2143" VPOS="1457" WIDTH="161" HEIGHT="75" STYLEREFS="font0"/></TextLine><TextLine WIDTH="980" HEIGHT="93" ID="p50_t94" HPOS="1325" VPOS="1486"><String ID="p50_w850" CONTENT="44" HPOS="1325" VPOS="1486" WIDTH="24" HEIGHT="49" STYLEREFS="font1"/><SP WIDTH="25" VPOS="1486" HPOS="1349"/><String ID="p50_w851" CONTENT="of" HPOS="1374" VPOS="1504" WIDTH="40" HEIGHT="75" STYLEREFS="font0"/><SP WIDTH="12" VPOS="1504" HPOS="1414"/><String ID="p50_w852" CONTENT="the" HPOS="1426" VPOS="1504" WIDTH="55" HEIGHT="75" STYLEREFS="font0"/><SP WIDTH="15" VPOS="1504" HPOS="1481"/><String ID="p50_w853" CONTENT="nerves," HPOS="1496" VPOS="1504" WIDTH="124" HEIGHT="75" STYLEREFS="font0"/><SP WIDTH="18" VPOS="1504" HPOS="1620"/><String ID="p50_w854" CONTENT="and" HPOS="1638" VPOS="1504" WIDTH="63" HEIGHT="75" STYLEREFS="font0"/><SP WIDTH="11" VPOS="1504" HPOS="1701"/><String ID="p50_w855" CONTENT="excites" HPOS="1712" VPOS="1504" WIDTH="120" HEIGHT="75" STYLEREFS="font0"/><SP WIDTH="14" VPOS="1504" HPOS="1832"/><String ID="p50_w856" CONTENT="motion" HPOS="1846" VPOS="1504" WIDTH="122" HEIGHT="75" STYLEREFS="font0"/><SP WIDTH="17" VPOS="1504" HPOS="1968"/><String ID="p50_w857" CONTENT="in" HPOS="1985" VPOS="1504" WIDTH="33" HEIGHT="75" STYLEREFS="font0"/><SP WIDTH="13" VPOS="1504" HPOS="2018"/><String ID="p50_w858" CONTENT="any" HPOS="2031" VPOS="1504" WIDTH="61" HEIGHT="75" STYLEREFS="font0"/><SP WIDTH="12" VPOS="1504" HPOS="2092"/><String ID="p50_w859" CONTENT="part;" HPOS="2104" VPOS="1504" WIDTH="71" HEIGHT="75" STYLEREFS="font0"/><SP WIDTH="18" VPOS="1504" HPOS="2175"/><String ID="p50_w860" CONTENT="that" HPOS="2193" VPOS="1504" WIDTH="72" HEIGHT="75" STYLEREFS="font0"/><SP WIDTH="13" VPOS="1504" HPOS="2265"/><String ID="p50_w861" CONTENT="is" HPOS="2278" VPOS="1504" WIDTH="27" HEIGHT="75" STYLEREFS="font0"/></TextLine><TextLine WIDTH="978" HEIGHT="93" ID="p50_t95" HPOS="1326" VPOS="1533"><String ID="p50_w862" CONTENT="44" HPOS="1326" VPOS="1533" WIDTH="23" HEIGHT="49" STYLEREFS="font1"/><SP WIDTH="26" VPOS="1533" HPOS="1349"/><String ID="p50_w863" CONTENT="continuous" HPOS="1375" VPOS="1551" WIDTH="189" HEIGHT="75" STYLEREFS="font0"/><SP WIDTH="12" VPOS="1551" HPOS="1564"/><String ID="p50_w864" CONTENT="with" HPOS="1576" VPOS="1551" WIDTH="80" HEIGHT="75" STYLEREFS="font0"/><SP WIDTH="12" VPOS="1551" HPOS="1656"/><String ID="p50_w865" CONTENT="them," HPOS="1668" VPOS="1551" WIDTH="100" HEIGHT="75" STYLEREFS="font0"/><SP WIDTH="12" VPOS="1551" HPOS="1768"/><String ID="p50_w866" CONTENT="without" HPOS="1780" VPOS="1551" WIDTH="139" HEIGHT="75" STYLEREFS="font0"/><SP WIDTH="16" VPOS="1551" HPOS="1919"/><String ID="p50_w867" CONTENT="inducing" HPOS="1935" VPOS="1551" WIDTH="152" HEIGHT="75" STYLEREFS="font0"/><SP WIDTH="17" VPOS="1551" HPOS="2087"/><String ID="p50_w868" CONTENT="any" HPOS="2104" VPOS="1551" WIDTH="62" HEIGHT="75" STYLEREFS="font0"/><SP WIDTH="15" VPOS="1551" HPOS="2166"/><String ID="p50_w869" CONTENT="change" HPOS="2181" VPOS="1551" WIDTH="123" HEIGHT="75" STYLEREFS="font0"/></TextLine><TextLine WIDTH="985" HEIGHT="93" ID="p50_t96" HPOS="1326" VPOS="1580"><String ID="p50_w870" CONTENT="44" HPOS="1326" VPOS="1580" WIDTH="23" HEIGHT="49" STYLEREFS="font1"/><SP WIDTH="25" VPOS="1580" HPOS="1349"/><String ID="p50_w871" CONTENT="in" HPOS="1374" VPOS="1598" WIDTH="33" HEIGHT="75" STYLEREFS="font0"/><SP WIDTH="32" VPOS="1598" HPOS="1407"/><String ID="p50_w872" CONTENT="the" HPOS="1439" VPOS="1598" WIDTH="56" HEIGHT="75" STYLEREFS="font0"/><SP WIDTH="27" VPOS="1598" HPOS="1495"/><String ID="p50_w873" CONTENT="nerves.—" HPOS="1522" VPOS="1598" WIDTH="180" HEIGHT="75" STYLEREFS="font0"/><SP WIDTH="16" VPOS="1598" HPOS="1702"/><String ID="p50_w874" CONTENT="4." HPOS="1718" VPOS="1598" WIDTH="34" HEIGHT="75" STYLEREFS="font0"/><SP WIDTH="24" VPOS="1598" HPOS="1752"/><String ID="p50_w875" CONTENT="The" HPOS="1776" VPOS="1598" WIDTH="78" HEIGHT="75" STYLEREFS="font0"/><SP WIDTH="26" VPOS="1598" HPOS="1854"/><String ID="p50_w876" CONTENT="irritability" HPOS="1880" VPOS="1598" WIDTH="186" HEIGHT="75" STYLEREFS="font0"/><SP WIDTH="28" VPOS="1598" HPOS="2066"/><String ID="p50_w877" CONTENT="and" HPOS="2094" VPOS="1598" WIDTH="63" HEIGHT="75" STYLEREFS="font0"/><SP WIDTH="26" VPOS="1598" HPOS="2157"/><String ID="p50_w878" CONTENT="life" HPOS="2183" VPOS="1598" WIDTH="58" HEIGHT="75" STYLEREFS="font0"/><SP WIDTH="28" VPOS="1598" HPOS="2241"/><String ID="p50_w879" CONTENT="of" HPOS="2269" VPOS="1598" WIDTH="42" HEIGHT="75" STYLEREFS="font0"/></TextLine><TextLine WIDTH="978" HEIGHT="93" ID="p50_t97" HPOS="1327" VPOS="1626"><String ID="p50_w880" CONTENT="44" HPOS="1327" VPOS="1626" WIDTH="23" HEIGHT="49" STYLEREFS="font1"/><SP WIDTH="26" VPOS="1626" HPOS="1350"/><String ID="p50_w881" CONTENT="plants," HPOS="1376" VPOS="1644" WIDTH="116" HEIGHT="75" STYLEREFS="font0"/><SP WIDTH="16" VPOS="1644" HPOS="1492"/><String ID="p50_w882" CONTENT="which" HPOS="1508" VPOS="1644" WIDTH="107" HEIGHT="75" STYLEREFS="font0"/><SP WIDTH="15" VPOS="1644" HPOS="1615"/><String ID="p50_w883" CONTENT="very" HPOS="1630" VPOS="1644" WIDTH="80" HEIGHT="75" STYLEREFS="font0"/><SP WIDTH="16" VPOS="1644" HPOS="1710"/><String ID="p50_w884" CONTENT="much" HPOS="1726" VPOS="1644" WIDTH="94" HEIGHT="75" STYLEREFS="font0"/><SP WIDTH="18" VPOS="1644" HPOS="1820"/><String ID="p50_w885" CONTENT="refemble" HPOS="1838" VPOS="1644" WIDTH="151" HEIGHT="75" STYLEREFS="font0"/><SP WIDTH="17" VPOS="1644" HPOS="1989"/><String ID="p50_w886" CONTENT="thofe" HPOS="2006" VPOS="1644" WIDTH="89" HEIGHT="75" STYLEREFS="font0"/><SP WIDTH="15" VPOS="1644" HPOS="2095"/><String ID="p50_w887" CONTENT="in" HPOS="2110" VPOS="1644" WIDTH="32" HEIGHT="75" STYLEREFS="font0"/><SP WIDTH="19" VPOS="1644" HPOS="2142"/><String ID="p50_w888" CONTENT="animals," HPOS="2161" VPOS="1644" WIDTH="144" HEIGHT="75" STYLEREFS="font0"/></TextLine><TextLine WIDTH="980" HEIGHT="93" ID="p50_t98" HPOS="1328" VPOS="1673"><String ID="p50_w889" CONTENT="44" HPOS="1328" VPOS="1673" WIDTH="23" HEIGHT="49" STYLEREFS="font1"/><SP WIDTH="27" VPOS="1673" HPOS="1351"/><String ID="p50_w890" CONTENT="cannot" HPOS="1378" VPOS="1691" WIDTH="117" HEIGHT="75" STYLEREFS="font0"/><SP WIDTH="23" VPOS="1691" HPOS="1495"/><String ID="p50_w891" CONTENT="be" HPOS="1518" VPOS="1691" WIDTH="40" HEIGHT="75" STYLEREFS="font0"/><SP WIDTH="17" VPOS="1691" HPOS="1558"/><String ID="p50_w892" CONTENT="explained" HPOS="1575" VPOS="1691" WIDTH="172" HEIGHT="75" STYLEREFS="font0"/><SP WIDTH="22" VPOS="1691" HPOS="1747"/><String ID="p50_w893" CONTENT="by" HPOS="1769" VPOS="1691" WIDTH="43" HEIGHT="75" STYLEREFS="font0"/><SP WIDTH="27" VPOS="1691" HPOS="1812"/><String ID="p50_w894" CONTENT="any" HPOS="1839" VPOS="1691" WIDTH="62" HEIGHT="75" STYLEREFS="font0"/><SP WIDTH="29" VPOS="1691" HPOS="1901"/><String ID="p50_w895" CONTENT="ineladic" HPOS="1930" VPOS="1691" WIDTH="138" HEIGHT="75" STYLEREFS="font0"/><SP WIDTH="30" VPOS="1691" HPOS="2068"/><String ID="p50_w896" CONTENT="caufe," HPOS="2098" VPOS="1691" WIDTH="106" HEIGHT="75" STYLEREFS="font0"/><SP WIDTH="41" VPOS="1691" HPOS="2204"/><String ID="p50_w897" CONTENT="and" HPOS="2245" VPOS="1691" WIDTH="63" HEIGHT="75" STYLEREFS="font0"/></TextLine><TextLine WIDTH="977" HEIGHT="93" ID="p50_t99" HPOS="1329" VPOS="1719"><String ID="p50_w898" CONTENT="44" HPOS="1329" VPOS="1719" WIDTH="24" HEIGHT="49" STYLEREFS="font1"/><SP WIDTH="25" VPOS="1719" HPOS="1353"/><String ID="p50_w899" CONTENT="mud" HPOS="1378" VPOS="1737" WIDTH="80" HEIGHT="75" STYLEREFS="font0"/><SP WIDTH="30" VPOS="1737" HPOS="1458"/><String ID="p50_w900" CONTENT="therefore" HPOS="1488" VPOS="1737" WIDTH="163" HEIGHT="75" STYLEREFS="font0"/><SP WIDTH="23" VPOS="1737" HPOS="1651"/><String ID="p50_w901" CONTENT="be" HPOS="1674" VPOS="1737" WIDTH="40" HEIGHT="75" STYLEREFS="font0"/><SP WIDTH="24" VPOS="1737" HPOS="1714"/><String ID="p50_w902" CONTENT="attributed" HPOS="1738" VPOS="1737" WIDTH="178" HEIGHT="75" STYLEREFS="font0"/><SP WIDTH="26" VPOS="1737" HPOS="1916"/><String ID="p50_w903" CONTENT="to" HPOS="1942" VPOS="1737" WIDTH="35" HEIGHT="75" STYLEREFS="font0"/><SP WIDTH="29" VPOS="1737" HPOS="1977"/><String ID="p50_w904" CONTENT="an" HPOS="2006" VPOS="1737" WIDTH="39" HEIGHT="75" STYLEREFS="font0"/><SP WIDTH="21" VPOS="1737" HPOS="2045"/><String ID="p50_w905" CONTENT="astherial" HPOS="2066" VPOS="1737" WIDTH="142" HEIGHT="75" STYLEREFS="font0"/><SP WIDTH="24" VPOS="1737" HPOS="2208"/><String ID="p50_w906" CONTENT="one." HPOS="2232" VPOS="1737" WIDTH="74" HEIGHT="75" STYLEREFS="font0"/></TextLine><TextLine WIDTH="980" HEIGHT="93" ID="p50_t100" HPOS="1328" VPOS="1766"><String ID="p50_w907" CONTENT="44" HPOS="1328" VPOS="1766" WIDTH="24" HEIGHT="49" STYLEREFS="font1"/><SP WIDTH="26" VPOS="1766" HPOS="1352"/><String ID="p50_w908" CONTENT="Ladly," HPOS="1378" VPOS="1784" WIDTH="122" HEIGHT="75" STYLEREFS="font0"/><SP WIDTH="25" VPOS="1784" HPOS="1500"/><String ID="p50_w909" CONTENT="As" HPOS="1525" VPOS="1784" WIDTH="49" HEIGHT="75" STYLEREFS="font0"/><SP WIDTH="17" VPOS="1784" HPOS="1574"/><String ID="p50_w910" CONTENT="the" HPOS="1591" VPOS="1784" WIDTH="55" HEIGHT="75" STYLEREFS="font0"/><SP WIDTH="16" VPOS="1784" HPOS="1646"/><String ID="p50_w911" CONTENT="common" HPOS="1662" VPOS="1784" WIDTH="148" HEIGHT="75" STYLEREFS="font0"/><SP WIDTH="15" VPOS="1784" HPOS="1810"/><String ID="p50_w912" CONTENT="asther" HPOS="1825" VPOS="1784" WIDTH="99" HEIGHT="75" STYLEREFS="font0"/><SP WIDTH="22" VPOS="1784" HPOS="1924"/><String ID="p50_w913" CONTENT="is" HPOS="1946" VPOS="1784" WIDTH="27" HEIGHT="75" STYLEREFS="font0"/><SP WIDTH="24" VPOS="1784" HPOS="1973"/><String ID="p50_w914" CONTENT="differently" HPOS="1997" VPOS="1784" WIDTH="185" HEIGHT="75" STYLEREFS="font0"/><SP WIDTH="22" VPOS="1784" HPOS="2182"/><String ID="p50_w915" CONTENT="modi-" HPOS="2204" VPOS="1784" WIDTH="104" HEIGHT="75" STYLEREFS="font0"/></TextLine><TextLine WIDTH="979" HEIGHT="93" ID="p50_t101" HPOS="1330" VPOS="1811"><String ID="p50_w916" CONTENT="44" HPOS="1330" VPOS="1811" WIDTH="24" HEIGHT="49" STYLEREFS="font1"/><SP WIDTH="24" VPOS="1811" HPOS="1354"/><String ID="p50_w917" CONTENT="filed" HPOS="1378" VPOS="1829" WIDTH="65" HEIGHT="75" STYLEREFS="font0"/><SP WIDTH="14" VPOS="1829" HPOS="1443"/><String ID="p50_w918" CONTENT="in" HPOS="1457" VPOS="1829" WIDTH="34" HEIGHT="75" STYLEREFS="font0"/><SP WIDTH="24" VPOS="1829" HPOS="1491"/><String ID="p50_w919" CONTENT="each" HPOS="1515" VPOS="1829" WIDTH="78" HEIGHT="75" STYLEREFS="font0"/><SP WIDTH="27" VPOS="1829" HPOS="1593"/><String ID="p50_w920" CONTENT="of" HPOS="1620" VPOS="1829" WIDTH="42" HEIGHT="75" STYLEREFS="font0"/><SP WIDTH="20" VPOS="1829" HPOS="1662"/><String ID="p50_w921" CONTENT="the" HPOS="1682" VPOS="1829" WIDTH="56" HEIGHT="75" STYLEREFS="font0"/><SP WIDTH="22" VPOS="1829" HPOS="1738"/><String ID="p50_w922" CONTENT="fubdances" HPOS="1760" VPOS="1829" WIDTH="176" HEIGHT="75" STYLEREFS="font0"/><SP WIDTH="21" VPOS="1829" HPOS="1936"/><String ID="p50_w923" CONTENT="above" HPOS="1957" VPOS="1829" WIDTH="100" HEIGHT="75" STYLEREFS="font0"/><SP WIDTH="27" VPOS="1829" HPOS="2057"/><String ID="p50_w924" CONTENT="taken" HPOS="2084" VPOS="1829" WIDTH="94" HEIGHT="75" STYLEREFS="font0"/><SP WIDTH="24" VPOS="1829" HPOS="2178"/><String ID="p50_w925" CONTENT="notice" HPOS="2202" VPOS="1829" WIDTH="107" HEIGHT="75" STYLEREFS="font0"/></TextLine><TextLine WIDTH="977" HEIGHT="93" ID="p50_t102" HPOS="1331" VPOS="1857"><String ID="p50_w926" CONTENT="44" HPOS="1331" VPOS="1857" WIDTH="23" HEIGHT="49" STYLEREFS="font1"/><SP WIDTH="24" VPOS="1857" HPOS="1354"/><String ID="p50_w927" CONTENT="of," HPOS="1378" VPOS="1875" WIDTH="47" HEIGHT="75" STYLEREFS="font0"/><SP WIDTH="26" VPOS="1875" HPOS="1425"/><String ID="p50_w928" CONTENT="and" HPOS="1451" VPOS="1875" WIDTH="62" HEIGHT="75" STYLEREFS="font0"/><SP WIDTH="16" VPOS="1875" HPOS="1513"/><String ID="p50_w929" CONTENT="alfo" HPOS="1529" VPOS="1875" WIDTH="65" HEIGHT="75" STYLEREFS="font0"/><SP WIDTH="16" VPOS="1875" HPOS="1594"/><String ID="p50_w930" CONTENT="produces" HPOS="1610" VPOS="1875" WIDTH="156" HEIGHT="75" STYLEREFS="font0"/><SP WIDTH="17" VPOS="1875" HPOS="1766"/><String ID="p50_w931" CONTENT="various" HPOS="1783" VPOS="1875" WIDTH="127" HEIGHT="75" STYLEREFS="font0"/><SP WIDTH="16" VPOS="1875" HPOS="1910"/><String ID="p50_w932" CONTENT="motions" HPOS="1926" VPOS="1875" WIDTH="140" HEIGHT="75" STYLEREFS="font0"/><SP WIDTH="12" VPOS="1875" HPOS="2066"/><String ID="p50_w933" CONTENT="or" HPOS="2078" VPOS="1875" WIDTH="39" HEIGHT="75" STYLEREFS="font0"/><SP WIDTH="15" VPOS="1875" HPOS="2117"/><String ID="p50_w934" CONTENT="effects" HPOS="2132" VPOS="1875" WIDTH="108" HEIGHT="75" STYLEREFS="font0"/><SP WIDTH="13" VPOS="1875" HPOS="2240"/><String ID="p50_w935" CONTENT="pe-" HPOS="2253" VPOS="1875" WIDTH="55" HEIGHT="75" STYLEREFS="font0"/></TextLine><TextLine WIDTH="976" HEIGHT="93" ID="p50_t103" HPOS="1332" VPOS="1903"><String ID="p50_w936" CONTENT="44" HPOS="1332" VPOS="1903" WIDTH="24" HEIGHT="49" STYLEREFS="font1"/><SP WIDTH="24" VPOS="1903" HPOS="1356"/><String ID="p50_w937" CONTENT="culiar" HPOS="1380" VPOS="1921" WIDTH="101" HEIGHT="75" STYLEREFS="font0"/><SP WIDTH="19" VPOS="1921" HPOS="1481"/><String ID="p50_w938" CONTENT="to" HPOS="1500" VPOS="1921" WIDTH="36" HEIGHT="75" STYLEREFS="font0"/><SP WIDTH="25" VPOS="1921" HPOS="1536"/><String ID="p50_w939" CONTENT="each," HPOS="1561" VPOS="1921" WIDTH="90" HEIGHT="75" STYLEREFS="font0"/><SP WIDTH="24" VPOS="1921" HPOS="1651"/><String ID="p50_w940" CONTENT="it" HPOS="1675" VPOS="1921" WIDTH="27" HEIGHT="75" STYLEREFS="font0"/><SP WIDTH="16" VPOS="1921" HPOS="1702"/><String ID="p50_w941" CONTENT="likewife" HPOS="1718" VPOS="1921" WIDTH="139" HEIGHT="75" STYLEREFS="font0"/><SP WIDTH="15" VPOS="1921" HPOS="1857"/><String ID="p50_w942" CONTENT="varies" HPOS="1872" VPOS="1921" WIDTH="103" HEIGHT="75" STYLEREFS="font0"/><SP WIDTH="20" VPOS="1921" HPOS="1975"/><String ID="p50_w943" CONTENT="and" HPOS="1995" VPOS="1921" WIDTH="63" HEIGHT="75" STYLEREFS="font0"/><SP WIDTH="15" VPOS="1921" HPOS="2058"/><String ID="p50_w944" CONTENT="has" HPOS="2073" VPOS="1921" WIDTH="58" HEIGHT="75" STYLEREFS="font0"/><SP WIDTH="17" VPOS="1921" HPOS="2131"/><String ID="p50_w945" CONTENT="fome" HPOS="2148" VPOS="1921" WIDTH="85" HEIGHT="75" STYLEREFS="font0"/><SP WIDTH="20" VPOS="1921" HPOS="2233"/><String ID="p50_w946" CONTENT="pe-" HPOS="2253" VPOS="1921" WIDTH="55" HEIGHT="75" STYLEREFS="font0"/></TextLine><TextLine WIDTH="978" HEIGHT="93" ID="p50_t104" HPOS="1331" VPOS="1950"><String ID="p50_w947" CONTENT="44" HPOS="1331" VPOS="1950" WIDTH="24" HEIGHT="49" STYLEREFS="font1"/><SP WIDTH="25" VPOS="1950" HPOS="1355"/><String ID="p50_w948" CONTENT="culiar" HPOS="1380" VPOS="1968" WIDTH="102" HEIGHT="75" STYLEREFS="font0"/><SP WIDTH="16" VPOS="1968" HPOS="1482"/><String ID="p50_w949" CONTENT="qualities" HPOS="1498" VPOS="1968" WIDTH="147" HEIGHT="75" STYLEREFS="font0"/><SP WIDTH="23" VPOS="1968" HPOS="1645"/><String ID="p50_w950" CONTENT="when" HPOS="1668" VPOS="1968" WIDTH="94" HEIGHT="75" STYLEREFS="font0"/><SP WIDTH="23" VPOS="1968" HPOS="1762"/><String ID="p50_w951" CONTENT="refiding" HPOS="1785" VPOS="1968" WIDTH="134" HEIGHT="75" STYLEREFS="font0"/><SP WIDTH="16" VPOS="1968" HPOS="1919"/><String ID="p50_w952" CONTENT="in" HPOS="1935" VPOS="1968" WIDTH="33" HEIGHT="75" STYLEREFS="font0"/><SP WIDTH="17" VPOS="1968" HPOS="1968"/><String ID="p50_w953" CONTENT="animal" HPOS="1985" VPOS="1968" WIDTH="114" HEIGHT="75" STYLEREFS="font0"/><SP WIDTH="15" VPOS="1968" HPOS="2099"/><String ID="p50_w954" CONTENT="bodies" HPOS="2114" VPOS="1968" WIDTH="112" HEIGHT="75" STYLEREFS="font0"/><SP WIDTH="12" VPOS="1968" HPOS="2226"/><String ID="p50_w955" CONTENT=";" HPOS="2238" VPOS="1968" WIDTH="11" HEIGHT="75" STYLEREFS="font0"/><SP WIDTH="26" VPOS="1968" HPOS="2249"/><String ID="p50_w956" CONTENT="fo" HPOS="2275" VPOS="1968" WIDTH="34" HEIGHT="75" STYLEREFS="font0"/></TextLine><TextLine WIDTH="979" HEIGHT="93" ID="p50_t105" HPOS="1332" VPOS="1997"><String ID="p50_w957" CONTENT="44" HPOS="1332" VPOS="1997" WIDTH="25" HEIGHT="49" STYLEREFS="font1"/><SP WIDTH="25" VPOS="1997" HPOS="1357"/><String ID="p50_w958" CONTENT="that" HPOS="1382" VPOS="2015" WIDTH="72" HEIGHT="75" STYLEREFS="font0"/><SP WIDTH="14" VPOS="2015" HPOS="1454"/><String ID="p50_w959" CONTENT="the" HPOS="1468" VPOS="2015" WIDTH="57" HEIGHT="75" STYLEREFS="font0"/><SP WIDTH="16" VPOS="2015" HPOS="1525"/><String ID="p50_w960" CONTENT="nervous" HPOS="1541" VPOS="2015" WIDTH="136" HEIGHT="75" STYLEREFS="font0"/><SP WIDTH="17" VPOS="2015" HPOS="1677"/><String ID="p50_w961" CONTENT="or" HPOS="1694" VPOS="2015" WIDTH="37" HEIGHT="75" STYLEREFS="font0"/><SP WIDTH="19" VPOS="2015" HPOS="1731"/><String ID="p50_w962" CONTENT="animal" HPOS="1750" VPOS="2015" WIDTH="117" HEIGHT="75" STYLEREFS="font0"/><SP WIDTH="15" VPOS="2015" HPOS="1867"/><String ID="p50_w963" CONTENT="aether" HPOS="1882" VPOS="2015" WIDTH="101" HEIGHT="75" STYLEREFS="font0"/><SP WIDTH="15" VPOS="2015" HPOS="1983"/><String ID="p50_w964" CONTENT="is" HPOS="1998" VPOS="2015" WIDTH="26" HEIGHT="75" STYLEREFS="font0"/><SP WIDTH="18" VPOS="2015" HPOS="2024"/><String ID="p50_w965" CONTENT="not" HPOS="2042" VPOS="2015" WIDTH="56" HEIGHT="75" STYLEREFS="font0"/><SP WIDTH="15" VPOS="2015" HPOS="2098"/><String ID="p50_w966" CONTENT="exactly" HPOS="2113" VPOS="2015" WIDTH="126" HEIGHT="75" STYLEREFS="font0"/><SP WIDTH="16" VPOS="2015" HPOS="2239"/><String ID="p50_w967" CONTENT="the" HPOS="2255" VPOS="2015" WIDTH="56" HEIGHT="75" STYLEREFS="font0"/></TextLine><TextLine WIDTH="978" HEIGHT="93" ID="p50_t106" HPOS="1333" VPOS="2044"><String ID="p50_w968" CONTENT="44" HPOS="1333" VPOS="2044" WIDTH="23" HEIGHT="49" STYLEREFS="font1"/><SP WIDTH="25" VPOS="2044" HPOS="1356"/><String ID="p50_w969" CONTENT="fame," HPOS="1381" VPOS="2062" WIDTH="96" HEIGHT="75" STYLEREFS="font0"/><SP WIDTH="17" VPOS="2062" HPOS="1477"/><String ID="p50_w970" CONTENT="but" HPOS="1494" VPOS="2062" WIDTH="59" HEIGHT="75" STYLEREFS="font0"/><SP WIDTH="15" VPOS="2062" HPOS="1553"/><String ID="p50_w971" CONTENT="differs" HPOS="1568" VPOS="2062" WIDTH="110" HEIGHT="75" STYLEREFS="font0"/><SP WIDTH="16" VPOS="2062" HPOS="1678"/><String ID="p50_w972" CONTENT="in" HPOS="1694" VPOS="2062" WIDTH="34" HEIGHT="75" STYLEREFS="font0"/><SP WIDTH="15" VPOS="2062" HPOS="1728"/><String ID="p50_w973" CONTENT="fome" HPOS="1743" VPOS="2062" WIDTH="85" HEIGHT="75" STYLEREFS="font0"/><SP WIDTH="12" VPOS="2062" HPOS="1828"/><String ID="p50_w974" CONTENT="refpefts" HPOS="1840" VPOS="2062" WIDTH="133" HEIGHT="75" STYLEREFS="font0"/><SP WIDTH="12" VPOS="2062" HPOS="1973"/><String ID="p50_w975" CONTENT="from" HPOS="1985" VPOS="2062" WIDTH="86" HEIGHT="75" STYLEREFS="font0"/><SP WIDTH="15" VPOS="2062" HPOS="2071"/><String ID="p50_w976" CONTENT="thofe" HPOS="2086" VPOS="2062" WIDTH="90" HEIGHT="75" STYLEREFS="font0"/><SP WIDTH="16" VPOS="2062" HPOS="2176"/><String ID="p50_w977" CONTENT="fpecies" HPOS="2192" VPOS="2062" WIDTH="119" HEIGHT="75" STYLEREFS="font0"/></TextLine><TextLine WIDTH="978" HEIGHT="93" ID="p50_t107" HPOS="1333" VPOS="2091"><String ID="p50_w978" CONTENT="44" HPOS="1333" VPOS="2091" WIDTH="25" HEIGHT="49" STYLEREFS="font1"/><SP WIDTH="25" VPOS="2091" HPOS="1358"/><String ID="p50_w979" CONTENT="of" HPOS="1383" VPOS="2109" WIDTH="40" HEIGHT="75" STYLEREFS="font0"/><SP WIDTH="9" VPOS="2109" HPOS="1423"/><String ID="p50_w980" CONTENT="aether" HPOS="1432" VPOS="2109" WIDTH="100" HEIGHT="75" STYLEREFS="font0"/><SP WIDTH="16" VPOS="2109" HPOS="1532"/><String ID="p50_w981" CONTENT="which" HPOS="1548" VPOS="2109" WIDTH="107" HEIGHT="75" STYLEREFS="font0"/><SP WIDTH="7" VPOS="2109" HPOS="1655"/><String ID="p50_w982" CONTENT="give" HPOS="1662" VPOS="2109" WIDTH="76" HEIGHT="75" STYLEREFS="font0"/><SP WIDTH="16" VPOS="2109" HPOS="1738"/><String ID="p50_w983" CONTENT="rife" HPOS="1754" VPOS="2109" WIDTH="60" HEIGHT="75" STYLEREFS="font0"/><SP WIDTH="11" VPOS="2109" HPOS="1814"/><String ID="p50_w984" CONTENT="to" HPOS="1825" VPOS="2109" WIDTH="35" HEIGHT="75" STYLEREFS="font0"/><SP WIDTH="17" VPOS="2109" HPOS="1860"/><String ID="p50_w985" CONTENT="cohefion," HPOS="1877" VPOS="2109" WIDTH="157" HEIGHT="75" STYLEREFS="font0"/><SP WIDTH="25" VPOS="2109" HPOS="2034"/><String ID="p50_w986" CONTENT="gravity," HPOS="2059" VPOS="2109" WIDTH="137" HEIGHT="75" STYLEREFS="font0"/><SP WIDTH="25" VPOS="2109" HPOS="2196"/><String ID="p50_w987" CONTENT="mag-" HPOS="2221" VPOS="2109" WIDTH="90" HEIGHT="75" STYLEREFS="font0"/></TextLine><TextLine WIDTH="498" HEIGHT="93" ID="p50_t108" HPOS="1335" VPOS="2138"><String ID="p50_w988" CONTENT="44" HPOS="1335" VPOS="2138" WIDTH="24" HEIGHT="49" STYLEREFS="font1"/><SP WIDTH="25" VPOS="2138" HPOS="1359"/><String ID="p50_w989" CONTENT="netifm," HPOS="1384" VPOS="2156" WIDTH="123" HEIGHT="75" STYLEREFS="font0"/><SP WIDTH="25" VPOS="2156" HPOS="1507"/><String ID="p50_w990" CONTENT="electricity,”" HPOS="1532" VPOS="2156" WIDTH="212" HEIGHT="75" STYLEREFS="font0"/><SP WIDTH="25" VPOS="2156" HPOS="1744"/><String ID="p50_w991" CONTENT="&amp;c." HPOS="1769" VPOS="2156" WIDTH="64" HEIGHT="75" STYLEREFS="font0"/></TextLine><TextLine WIDTH="937" HEIGHT="75" ID="p50_t109" HPOS="1381" VPOS="2202"><String ID="p50_w992" CONTENT="Having" HPOS="1381" VPOS="2202" WIDTH="130" HEIGHT="75" STYLEREFS="font0"/><SP WIDTH="16" VPOS="2202" HPOS="1511"/><String ID="p50_w993" CONTENT="thus" HPOS="1527" VPOS="2202" WIDTH="75" HEIGHT="75" STYLEREFS="font0"/><SP WIDTH="16" VPOS="2202" HPOS="1602"/><String ID="p50_w994" CONTENT="explained" HPOS="1618" VPOS="2202" WIDTH="171" HEIGHT="75" STYLEREFS="font0"/><SP WIDTH="25" VPOS="2202" HPOS="1789"/><String ID="p50_w995" CONTENT="the" HPOS="1814" VPOS="2202" WIDTH="56" HEIGHT="75" STYLEREFS="font0"/><SP WIDTH="26" VPOS="2202" HPOS="1870"/><String ID="p50_w996" CONTENT="nature" HPOS="1896" VPOS="2202" WIDTH="112" HEIGHT="75" STYLEREFS="font0"/><SP WIDTH="23" VPOS="2202" HPOS="2008"/><String ID="p50_w997" CONTENT="and" HPOS="2031" VPOS="2202" WIDTH="62" HEIGHT="75" STYLEREFS="font0"/><SP WIDTH="16" VPOS="2202" HPOS="2093"/><String ID="p50_w998" CONTENT="qualities" HPOS="2109" VPOS="2202" WIDTH="150" HEIGHT="75" STYLEREFS="font0"/><SP WIDTH="14" VPOS="2202" HPOS="2259"/><String ID="p50_w999" CONTENT="of" HPOS="2273" VPOS="2202" WIDTH="45" HEIGHT="75" STYLEREFS="font0"/></TextLine><TextLine WIDTH="980" HEIGHT="75" ID="p50_t110" HPOS="1331" VPOS="2250"><String ID="p50_w1000" CONTENT="sether," HPOS="1331" VPOS="2250" WIDTH="115" HEIGHT="75" STYLEREFS="font0"/><SP WIDTH="17" VPOS="2250" HPOS="1446"/><String ID="p50_w1001" CONTENT="our" HPOS="1463" VPOS="2250" WIDTH="60" HEIGHT="75" STYLEREFS="font0"/><SP WIDTH="16" VPOS="2250" HPOS="1523"/><String ID="p50_w1002" CONTENT="author" HPOS="1539" VPOS="2250" WIDTH="115" HEIGHT="75" STYLEREFS="font0"/><SP WIDTH="16" VPOS="2250" HPOS="1654"/><String ID="p50_w1003" CONTENT="darts" HPOS="1670" VPOS="2250" WIDTH="90" HEIGHT="75" STYLEREFS="font0"/><SP WIDTH="13" VPOS="2250" HPOS="1760"/><String ID="p50_w1004" CONTENT="a" HPOS="1773" VPOS="2250" WIDTH="19" HEIGHT="75" STYLEREFS="font0"/><SP WIDTH="9" VPOS="2250" HPOS="1792"/><String ID="p50_w1005" CONTENT="very" HPOS="1801" VPOS="2250" WIDTH="78" HEIGHT="75" STYLEREFS="font0"/><SP WIDTH="11" VPOS="2250" HPOS="1879"/><String ID="p50_w1006" CONTENT="important" HPOS="1890" VPOS="2250" WIDTH="172" HEIGHT="75" STYLEREFS="font0"/><SP WIDTH="12" VPOS="2250" HPOS="2062"/><String ID="p50_w1007" CONTENT="quedion," HPOS="2074" VPOS="2250" WIDTH="154" HEIGHT="75" STYLEREFS="font0"/><SP WIDTH="14" VPOS="2250" HPOS="2228"/><String ID="p50_w1008" CONTENT="viz." HPOS="2242" VPOS="2250" WIDTH="69" HEIGHT="75" STYLEREFS="font0"/></TextLine><TextLine WIDTH="977" HEIGHT="93" ID="p50_t111" HPOS="1338" VPOS="2277"><String ID="p50_w1009" CONTENT="44" HPOS="1338" VPOS="2277" WIDTH="23" HEIGHT="49" STYLEREFS="font1"/><SP WIDTH="25" VPOS="2277" HPOS="1361"/><String ID="p50_w1010" CONTENT="Whence" HPOS="1386" VPOS="2295" WIDTH="149" HEIGHT="75" STYLEREFS="font0"/><SP WIDTH="12" VPOS="2295" HPOS="1535"/><String ID="p50_w1011" CONTENT="is" HPOS="1547" VPOS="2295" WIDTH="26" HEIGHT="75" STYLEREFS="font0"/><SP WIDTH="12" VPOS="2295" HPOS="1573"/><String ID="p50_w1012" CONTENT="aether" HPOS="1585" VPOS="2295" WIDTH="101" HEIGHT="75" STYLEREFS="font0"/><SP WIDTH="10" VPOS="2295" HPOS="1686"/><String ID="p50_w1013" CONTENT="derived" HPOS="1696" VPOS="2295" WIDTH="129" HEIGHT="75" STYLEREFS="font0"/><SP WIDTH="12" VPOS="2295" HPOS="1825"/><String ID="p50_w1014" CONTENT="?" HPOS="1837" VPOS="2295" WIDTH="12" HEIGHT="75" STYLEREFS="font0"/><SP WIDTH="19" VPOS="2295" HPOS="1849"/><String ID="p50_w1015" CONTENT="and" HPOS="1868" VPOS="2295" WIDTH="63" HEIGHT="75" STYLEREFS="font0"/><SP WIDTH="11" VPOS="2295" HPOS="1931"/><String ID="p50_w1016" CONTENT="whether" HPOS="1942" VPOS="2295" WIDTH="145" HEIGHT="75" STYLEREFS="font0"/><SP WIDTH="11" VPOS="2295" HPOS="2087"/><String ID="p50_w1017" CONTENT="does" HPOS="2098" VPOS="2295" WIDTH="77" HEIGHT="75" STYLEREFS="font0"/><SP WIDTH="13" VPOS="2295" HPOS="2175"/><String ID="p50_w1018" CONTENT="it" HPOS="2188" VPOS="2295" WIDTH="26" HEIGHT="75" STYLEREFS="font0"/><SP WIDTH="11" VPOS="2295" HPOS="2214"/><String ID="p50_w1019" CONTENT="leave" HPOS="2225" VPOS="2295" WIDTH="90" HEIGHT="75" STYLEREFS="font0"/></TextLine><TextLine WIDTH="925" HEIGHT="75" ID="p50_t112" HPOS="1389" VPOS="2342"><String ID="p50_w1020" CONTENT="any" HPOS="1389" VPOS="2342" WIDTH="61" HEIGHT="75" STYLEREFS="font0"/><SP WIDTH="13" VPOS="2342" HPOS="1450"/><String ID="p50_w1021" CONTENT="body" HPOS="1463" VPOS="2342" WIDTH="90" HEIGHT="75" STYLEREFS="font0"/><SP WIDTH="24" VPOS="2342" HPOS="1553"/><String ID="p50_w1022" CONTENT="after" HPOS="1577" VPOS="2342" WIDTH="84" HEIGHT="75" STYLEREFS="font0"/><SP WIDTH="20" VPOS="2342" HPOS="1661"/><String ID="p50_w1023" CONTENT=".haying" HPOS="1681" VPOS="2342" WIDTH="123" HEIGHT="75" STYLEREFS="font0"/><SP WIDTH="23" VPOS="2342" HPOS="1804"/><String ID="p50_w1024" CONTENT="once" HPOS="1827" VPOS="2342" WIDTH="80" HEIGHT="75" STYLEREFS="font0"/><SP WIDTH="16" VPOS="2342" HPOS="1907"/><String ID="p50_w1025" CONTENT="got" HPOS="1923" VPOS="2342" WIDTH="55" HEIGHT="75" STYLEREFS="font0"/><SP WIDTH="16" VPOS="2342" HPOS="1978"/><String ID="p50_w1026" CONTENT="poffeflion" HPOS="1994" VPOS="2342" WIDTH="159" HEIGHT="75" STYLEREFS="font0"/><SP WIDTH="24" VPOS="2342" HPOS="2153"/><String ID="p50_w1027" CONTENT="of" HPOS="2177" VPOS="2342" WIDTH="40" HEIGHT="75" STYLEREFS="font0"/><SP WIDTH="21" VPOS="2342" HPOS="2217"/><String ID="p50_w1028" CONTENT="it" HPOS="2238" VPOS="2342" WIDTH="26" HEIGHT="75" STYLEREFS="font0"/><SP WIDTH="11" VPOS="2342" HPOS="2264"/><String ID="p50_w1029" CONTENT="?”" HPOS="2275" VPOS="2342" WIDTH="39" HEIGHT="75" STYLEREFS="font0"/></TextLine><TextLine WIDTH="979" HEIGHT="75" ID="p50_t113" HPOS="1336" VPOS="2371"><String ID="p50_w1030" CONTENT="In" HPOS="1336" VPOS="2389" WIDTH="39" HEIGHT="75" STYLEREFS="font0"/><SP WIDTH="16" VPOS="2389" HPOS="1375"/><String ID="p50_w1031" CONTENT="anfwer" HPOS="1391" VPOS="2389" WIDTH="120" HEIGHT="75" STYLEREFS="font0"/><SP WIDTH="15" VPOS="2389" HPOS="1511"/><String ID="p50_w1032" CONTENT="to" HPOS="1526" VPOS="2389" WIDTH="37" HEIGHT="75" STYLEREFS="font0"/><SP WIDTH="15" VPOS="2389" HPOS="1563"/><String ID="p50_w1033" CONTENT="this,'" HPOS="1578" VPOS="2389" WIDTH="79" HEIGHT="75" STYLEREFS="font0"/><SP WIDTH="13" VPOS="2389" HPOS="1657"/><String ID="p50_w1034" CONTENT="he" HPOS="1670" VPOS="2389" WIDTH="42" HEIGHT="75" STYLEREFS="font0"/><SP WIDTH="17" VPOS="2389" HPOS="1712"/><String ID="p50_w1035" CONTENT="ohferves," HPOS="1729" VPOS="2389" WIDTH="158" HEIGHT="75" STYLEREFS="font0"/><SP WIDTH="26" VPOS="2389" HPOS="1887"/><String ID="p50_w1036" CONTENT="44" HPOS="1913" VPOS="2371" WIDTH="24" HEIGHT="49" STYLEREFS="font1"/><SP WIDTH="24" VPOS="2371" HPOS="1937"/><String ID="p50_w1037" CONTENT="That" HPOS="1961" VPOS="2389" WIDTH="91" HEIGHT="75" STYLEREFS="font0"/><SP WIDTH="15" VPOS="2389" HPOS="2052"/><String ID="p50_w1038" CONTENT="certain" HPOS="2067" VPOS="2389" WIDTH="121" HEIGHT="75" STYLEREFS="font0"/><SP WIDTH="14" VPOS="2389" HPOS="2188"/><String ID="p50_w1039" CONTENT="bodies" HPOS="2202" VPOS="2389" WIDTH="113" HEIGHT="75" STYLEREFS="font0"/></TextLine><TextLine WIDTH="977" HEIGHT="93" ID="p50_t114" HPOS="1339" VPOS="2418"><String ID="p50_w1040" CONTENT="44" HPOS="1339" VPOS="2418" WIDTH="24" HEIGHT="49" STYLEREFS="font1"/><SP WIDTH="24" VPOS="2418" HPOS="1363"/><String ID="p50_w1041" CONTENT="have" HPOS="1387" VPOS="2436" WIDTH="82" HEIGHT="75" STYLEREFS="font0"/><SP WIDTH="26" VPOS="2436" HPOS="1469"/><String ID="p50_w1042" CONTENT="the" HPOS="1495" VPOS="2436" WIDTH="56" HEIGHT="75" STYLEREFS="font0"/><SP WIDTH="27" VPOS="2436" HPOS="1551"/><String ID="p50_w1043" CONTENT="power" HPOS="1578" VPOS="2436" WIDTH="110" HEIGHT="75" STYLEREFS="font0"/><SP WIDTH="24" VPOS="2436" HPOS="1688"/><String ID="p50_w1044" CONTENT="of" HPOS="1712" VPOS="2436" WIDTH="41" HEIGHT="75" STYLEREFS="font0"/><SP WIDTH="9" VPOS="2436" HPOS="1753"/><String ID="p50_w1045" CONTENT="'" HPOS="1762" VPOS="2436" WIDTH="8" HEIGHT="75" STYLEREFS="font0"/><String ID="p50_w1046" CONTENT="collecting" HPOS="1770" VPOS="2436" WIDTH="166" HEIGHT="75" STYLEREFS="font0"/><SP WIDTH="16" VPOS="2436" HPOS="1936"/><String ID="p50_w1047" CONTENT="the" HPOS="1952" VPOS="2436" WIDTH="57" HEIGHT="75" STYLEREFS="font0"/><SP WIDTH="15" VPOS="2436" HPOS="2009"/><String ID="p50_w1048" CONTENT="electrical" HPOS="2024" VPOS="2436" WIDTH="158" HEIGHT="75" STYLEREFS="font0"/><SP WIDTH="17" VPOS="2436" HPOS="2182"/><String ID="p50_w1049" CONTENT="matter" HPOS="2199" VPOS="2436" WIDTH="117" HEIGHT="75" STYLEREFS="font0"/></TextLine><TextLine WIDTH="976" HEIGHT="93" ID="p50_t115" HPOS="1338" VPOS="2465"><String ID="p50_w1050" CONTENT="44" HPOS="1338" VPOS="2465" WIDTH="25" HEIGHT="49" STYLEREFS="font1"/><SP WIDTH="26" VPOS="2465" HPOS="1363"/><String ID="p50_w1051" CONTENT="from" HPOS="1389" VPOS="2483" WIDTH="85" HEIGHT="75" STYLEREFS="font0"/><SP WIDTH="22" VPOS="2483" HPOS="1474"/><String ID="p50_w1052" CONTENT="every" HPOS="1496" VPOS="2483" WIDTH="98" HEIGHT="75" STYLEREFS="font0"/><SP WIDTH="21" VPOS="2483" HPOS="1594"/><String ID="p50_w1053" CONTENT="circumjacent" HPOS="1615" VPOS="2483" WIDTH="225" HEIGHT="75" STYLEREFS="font0"/><SP WIDTH="21" VPOS="2483" HPOS="1840"/><String ID="p50_w1054" CONTENT="body," HPOS="1861" VPOS="2483" WIDTH="100" HEIGHT="75" STYLEREFS="font0"/><SP WIDTH="25" VPOS="2483" HPOS="1961"/><String ID="p50_w1055" CONTENT="and" HPOS="1986" VPOS="2483" WIDTH="64" HEIGHT="75" STYLEREFS="font0"/><SP WIDTH="23" VPOS="2483" HPOS="2050"/><String ID="p50_w1056" CONTENT="of" HPOS="2073" VPOS="2483" WIDTH="40" HEIGHT="75" STYLEREFS="font0"/><SP WIDTH="22" VPOS="2483" HPOS="2113"/><String ID="p50_w1057" CONTENT="accumula-" HPOS="2135" VPOS="2483" WIDTH="179" HEIGHT="75" STYLEREFS="font0"/></TextLine><TextLine WIDTH="976" HEIGHT="93" ID="p50_t116" HPOS="1341" VPOS="2512"><String ID="p50_w1058" CONTENT="44" HPOS="1341" VPOS="2512" WIDTH="23" HEIGHT="49" STYLEREFS="font1"/><SP WIDTH="25" VPOS="2512" HPOS="1364"/><String ID="p50_w1059" CONTENT="ting" HPOS="1389" VPOS="2530" WIDTH="69" HEIGHT="75" STYLEREFS="font0"/><SP WIDTH="16" VPOS="2530" HPOS="1458"/><String ID="p50_w1060" CONTENT="it" HPOS="1474" VPOS="2530" WIDTH="26" HEIGHT="75" STYLEREFS="font0"/><SP WIDTH="15" VPOS="2530" HPOS="1500"/><String ID="p50_w1061" CONTENT="in" HPOS="1515" VPOS="2530" WIDTH="34" HEIGHT="75" STYLEREFS="font0"/><SP WIDTH="16" VPOS="2530" HPOS="1549"/><String ID="p50_w1062" CONTENT="their" HPOS="1565" VPOS="2530" WIDTH="84" HEIGHT="75" STYLEREFS="font0"/><SP WIDTH="16" VPOS="2530" HPOS="1649"/><String ID="p50_w1063" CONTENT="pores" HPOS="1665" VPOS="2530" WIDTH="93" HEIGHT="75" STYLEREFS="font0"/><SP WIDTH="17" VPOS="2530" HPOS="1758"/><String ID="p50_w1064" CONTENT="and" HPOS="1775" VPOS="2530" WIDTH="63" HEIGHT="75" STYLEREFS="font0"/><SP WIDTH="15" VPOS="2530" HPOS="1838"/><String ID="p50_w1065" CONTENT="on" HPOS="1853" VPOS="2530" WIDTH="41" HEIGHT="75" STYLEREFS="font0"/><SP WIDTH="21" VPOS="2530" HPOS="1894"/><String ID="p50_w1066" CONTENT="their" HPOS="1915" VPOS="2530" WIDTH="84" HEIGHT="75" STYLEREFS="font0"/><SP WIDTH="23" VPOS="2530" HPOS="1999"/><String ID="p50_w1067" CONTENT="furfaces," HPOS="2022" VPOS="2530" WIDTH="151" HEIGHT="75" STYLEREFS="font0"/><SP WIDTH="25" VPOS="2530" HPOS="2173"/><String ID="p50_w1068" CONTENT="but" HPOS="2198" VPOS="2530" WIDTH="59" HEIGHT="75" STYLEREFS="font0"/><SP WIDTH="15" VPOS="2530" HPOS="2257"/><String ID="p50_w1069" CONTENT="do" HPOS="2272" VPOS="2530" WIDTH="45" HEIGHT="75" STYLEREFS="font0"/></TextLine><TextLine WIDTH="976" HEIGHT="93" ID="p50_t117" HPOS="1342" VPOS="2557"><String ID="p50_w1070" CONTENT="44" HPOS="1342" VPOS="2557" WIDTH="22" HEIGHT="49" STYLEREFS="font1"/><SP WIDTH="26" VPOS="2557" HPOS="1364"/><String ID="p50_w1071" CONTENT="not" HPOS="1390" VPOS="2575" WIDTH="57" HEIGHT="75" STYLEREFS="font0"/><SP WIDTH="16" VPOS="2575" HPOS="1447"/><String ID="p50_w1072" CONTENT="differ" HPOS="1463" VPOS="2575" WIDTH="96" HEIGHT="75" STYLEREFS="font0"/><SP WIDTH="27" VPOS="2575" HPOS="1559"/><String ID="p50_w1073" CONTENT="it" HPOS="1586" VPOS="2575" WIDTH="26" HEIGHT="75" STYLEREFS="font0"/><SP WIDTH="25" VPOS="2575" HPOS="1612"/><String ID="p50_w1074" CONTENT="again" HPOS="1637" VPOS="2575" WIDTH="91" HEIGHT="75" STYLEREFS="font0"/><SP WIDTH="15" VPOS="2575" HPOS="1728"/><String ID="p50_w1075" CONTENT="to" HPOS="1743" VPOS="2575" WIDTH="36" HEIGHT="75" STYLEREFS="font0"/><SP WIDTH="17" VPOS="2575" HPOS="1779"/><String ID="p50_w1076" CONTENT="tranfinigrate" HPOS="1796" VPOS="2575" WIDTH="218" HEIGHT="75" STYLEREFS="font0"/><SP WIDTH="26" VPOS="2575" HPOS="2014"/><String ID="p50_w1077" CONTENT="into" HPOS="2040" VPOS="2575" WIDTH="69" HEIGHT="75" STYLEREFS="font0"/><SP WIDTH="28" VPOS="2575" HPOS="2109"/><String ID="p50_w1078" CONTENT="any" HPOS="2137" VPOS="2575" WIDTH="63" HEIGHT="75" STYLEREFS="font0"/><SP WIDTH="23" VPOS="2575" HPOS="2200"/><String ID="p50_w1079" CONTENT="other" HPOS="2223" VPOS="2575" WIDTH="95" HEIGHT="75" STYLEREFS="font0"/></TextLine><TextLine WIDTH="978" HEIGHT="93" ID="p50_t118" HPOS="1341" VPOS="2604"><String ID="p50_w1080" CONTENT="44" HPOS="1341" VPOS="2604" WIDTH="24" HEIGHT="49" STYLEREFS="font1"/><SP WIDTH="25" VPOS="2604" HPOS="1365"/><String ID="p50_w1081" CONTENT="body." HPOS="1390" VPOS="2622" WIDTH="101" HEIGHT="75" STYLEREFS="font0"/><SP WIDTH="47" VPOS="2622" HPOS="1491"/><String ID="p50_w1082" CONTENT="There" HPOS="1538" VPOS="2622" WIDTH="114" HEIGHT="75" STYLEREFS="font0"/><SP WIDTH="25" VPOS="2622" HPOS="1652"/><String ID="p50_w1083" CONTENT="are" HPOS="1677" VPOS="2622" WIDTH="53" HEIGHT="75" STYLEREFS="font0"/><SP WIDTH="28" VPOS="2622" HPOS="1730"/><String ID="p50_w1084" CONTENT="other" HPOS="1758" VPOS="2622" WIDTH="94" HEIGHT="75" STYLEREFS="font0"/><SP WIDTH="26" VPOS="2622" HPOS="1852"/><String ID="p50_w1085" CONTENT="fubdances" HPOS="1878" VPOS="2622" WIDTH="175" HEIGHT="75" STYLEREFS="font0"/><SP WIDTH="17" VPOS="2622" HPOS="2053"/><String ID="p50_w1086" CONTENT="of" HPOS="2070" VPOS="2622" WIDTH="41" HEIGHT="75" STYLEREFS="font0"/><SP WIDTH="12" VPOS="2622" HPOS="2111"/><String ID="p50_w1087" CONTENT="an" HPOS="2123" VPOS="2622" WIDTH="38" HEIGHT="75" STYLEREFS="font0"/><SP WIDTH="17" VPOS="2622" HPOS="2161"/><String ID="p50_w1088" CONTENT="oppofite" HPOS="2178" VPOS="2622" WIDTH="141" HEIGHT="75" STYLEREFS="font0"/></TextLine><TextLine WIDTH="976" HEIGHT="93" ID="p50_t119" HPOS="1342" VPOS="2650"><String ID="p50_w1089" CONTENT="44" HPOS="1342" VPOS="2650" WIDTH="23" HEIGHT="49" STYLEREFS="font1"/><SP WIDTH="26" VPOS="2650" HPOS="1365"/><String ID="p50_w1090" CONTENT="nature," HPOS="1391" VPOS="2668" WIDTH="124" HEIGHT="75" STYLEREFS="font0"/><SP WIDTH="24" VPOS="2668" HPOS="1515"/><String ID="p50_w1091" CONTENT="which" HPOS="1539" VPOS="2668" WIDTH="106" HEIGHT="75" STYLEREFS="font0"/><SP WIDTH="16" VPOS="2668" HPOS="1645"/><String ID="p50_w1092" CONTENT="do" HPOS="1661" VPOS="2668" WIDTH="43" HEIGHT="75" STYLEREFS="font0"/><SP WIDTH="16" VPOS="2668" HPOS="1704"/><String ID="p50_w1093" CONTENT="not" HPOS="1720" VPOS="2668" WIDTH="57" HEIGHT="75" STYLEREFS="font0"/><SP WIDTH="16" VPOS="2668" HPOS="1777"/><String ID="p50_w1094" CONTENT="accumulate" HPOS="1793" VPOS="2668" WIDTH="194" HEIGHT="75" STYLEREFS="font0"/><SP WIDTH="28" VPOS="2668" HPOS="1987"/><String ID="p50_w1095" CONTENT="the" HPOS="2015" VPOS="2668" WIDTH="56" HEIGHT="75" STYLEREFS="font0"/><SP WIDTH="22" VPOS="2668" HPOS="2071"/><String ID="p50_w1096" CONTENT="eleCtric" HPOS="2093" VPOS="2668" WIDTH="126" HEIGHT="75" STYLEREFS="font0"/><SP WIDTH="17" VPOS="2668" HPOS="2219"/><String ID="p50_w1097" CONTENT="mat-" HPOS="2236" VPOS="2668" WIDTH="82" HEIGHT="75" STYLEREFS="font0"/></TextLine><TextLine WIDTH="977" HEIGHT="93" ID="p50_t120" HPOS="1342" VPOS="2696"><String ID="p50_w1098" CONTENT="44" HPOS="1342" VPOS="2696" WIDTH="23" HEIGHT="49" STYLEREFS="font1"/><SP WIDTH="25" VPOS="2696" HPOS="1365"/><String ID="p50_w1099" CONTENT="ter," HPOS="1390" VPOS="2714" WIDTH="62" HEIGHT="75" STYLEREFS="font0"/><SP WIDTH="24" VPOS="2714" HPOS="1452"/><String ID="p50_w1100" CONTENT="butindantly" HPOS="1476" VPOS="2714" WIDTH="218" HEIGHT="75" STYLEREFS="font0"/><SP WIDTH="14" VPOS="2714" HPOS="1694"/><String ID="p50_w1101" CONTENT="allow" HPOS="1708" VPOS="2714" WIDTH="96" HEIGHT="75" STYLEREFS="font0"/><SP WIDTH="10" VPOS="2714" HPOS="1804"/><String ID="p50_w1102" CONTENT="it" HPOS="1814" VPOS="2714" WIDTH="27" HEIGHT="75" STYLEREFS="font0"/><SP WIDTH="17" VPOS="2714" HPOS="1841"/><String ID="p50_w1103" CONTENT="to" HPOS="1858" VPOS="2714" WIDTH="34" HEIGHT="75" STYLEREFS="font0"/><SP WIDTH="17" VPOS="2714" HPOS="1892"/><String ID="p50_w1104" CONTENT="pafs" HPOS="1909" VPOS="2714" WIDTH="68" HEIGHT="75" STYLEREFS="font0"/><SP WIDTH="15" VPOS="2714" HPOS="1977"/><String ID="p50_w1105" CONTENT="into" HPOS="1992" VPOS="2714" WIDTH="69" HEIGHT="75" STYLEREFS="font0"/><SP WIDTH="16" VPOS="2714" HPOS="2061"/><String ID="p50_w1106" CONTENT="others," HPOS="2077" VPOS="2714" WIDTH="122" HEIGHT="75" STYLEREFS="font0"/><SP WIDTH="16" VPOS="2714" HPOS="2199"/><String ID="p50_w1107" CONTENT="unlefs" HPOS="2215" VPOS="2714" WIDTH="104" HEIGHT="75" STYLEREFS="font0"/></TextLine><TextLine WIDTH="976" HEIGHT="93" ID="p50_t121" HPOS="1343" VPOS="2743"><String ID="p50_w1108" CONTENT="44" HPOS="1343" VPOS="2743" WIDTH="23" HEIGHT="49" STYLEREFS="font1"/><SP WIDTH="25" VPOS="2743" HPOS="1366"/><String ID="p50_w1109" CONTENT="prohibited" HPOS="1391" VPOS="2761" WIDTH="183" HEIGHT="75" STYLEREFS="font0"/><SP WIDTH="14" VPOS="2761" HPOS="1574"/><String ID="p50_w1110" CONTENT="by" HPOS="1588" VPOS="2761" WIDTH="44" HEIGHT="75" STYLEREFS="font0"/><SP WIDTH="16" VPOS="2761" HPOS="1632"/><String ID="p50_w1111" CONTENT="an" HPOS="1648" VPOS="2761" WIDTH="38" HEIGHT="75" STYLEREFS="font0"/><SP WIDTH="16" VPOS="2761" HPOS="1686"/><String ID="p50_w1112" CONTENT="ele&amp;ric." HPOS="1702" VPOS="2761" WIDTH="138" HEIGHT="75" STYLEREFS="font0"/><SP WIDTH="47" VPOS="2761" HPOS="1840"/><String ID="p50_w1113" CONTENT="Hence,”" HPOS="1887" VPOS="2761" WIDTH="151" HEIGHT="75" STYLEREFS="font0"/><SP WIDTH="23" VPOS="2761" HPOS="2038"/><String ID="p50_w1114" CONTENT="fays" HPOS="2061" VPOS="2761" WIDTH="69" HEIGHT="75" STYLEREFS="font0"/><SP WIDTH="11" VPOS="2761" HPOS="2130"/><String ID="p50_w1115" CONTENT="he," HPOS="2141" VPOS="2761" WIDTH="54" HEIGHT="75" STYLEREFS="font0"/><SP WIDTH="26" VPOS="2761" HPOS="2195"/><String ID="p50_w1116" CONTENT="44" HPOS="2221" VPOS="2743" WIDTH="24" HEIGHT="49" STYLEREFS="font1"/><SP WIDTH="17" VPOS="2743" HPOS="2245"/><String ID="p50_w1117" CONTENT="no-" HPOS="2262" VPOS="2761" WIDTH="57" HEIGHT="75" STYLEREFS="font0"/></TextLine><TextLine WIDTH="978" HEIGHT="93" ID="p50_t122" HPOS="1344" VPOS="2789"><String ID="p50_w1118" CONTENT="44" HPOS="1344" VPOS="2789" WIDTH="24" HEIGHT="49" STYLEREFS="font1"/><SP WIDTH="25" VPOS="2789" HPOS="1368"/><String ID="p50_w1119" CONTENT="thing" HPOS="1393" VPOS="2807" WIDTH="93" HEIGHT="75" STYLEREFS="font0"/><SP WIDTH="15" VPOS="2807" HPOS="1486"/><String ID="p50_w1120" CONTENT="more" HPOS="1501" VPOS="2807" WIDTH="88" HEIGHT="75" STYLEREFS="font0"/><SP WIDTH="15" VPOS="2807" HPOS="1589"/><String ID="p50_w1121" CONTENT="is" HPOS="1604" VPOS="2807" WIDTH="27" HEIGHT="75" STYLEREFS="font0"/><SP WIDTH="16" VPOS="2807" HPOS="1631"/><String ID="p50_w1122" CONTENT="neceffary" HPOS="1647" VPOS="2807" WIDTH="160" HEIGHT="75" STYLEREFS="font0"/><SP WIDTH="15" VPOS="2807" HPOS="1807"/><String ID="p50_w1123" CONTENT="for" HPOS="1822" VPOS="2807" WIDTH="51" HEIGHT="75" STYLEREFS="font0"/><SP WIDTH="14" VPOS="2807" HPOS="1873"/><String ID="p50_w1124" CONTENT="fubdances" HPOS="1887" VPOS="2807" WIDTH="176" HEIGHT="75" STYLEREFS="font0"/><SP WIDTH="16" VPOS="2807" HPOS="2063"/><String ID="p50_w1125" CONTENT="of" HPOS="2079" VPOS="2807" WIDTH="41" HEIGHT="75" STYLEREFS="font0"/><SP WIDTH="10" VPOS="2807" HPOS="2120"/><String ID="p50_w1126" CONTENT="the" HPOS="2130" VPOS="2807" WIDTH="55" HEIGHT="75" STYLEREFS="font0"/><SP WIDTH="15" VPOS="2807" HPOS="2185"/><String ID="p50_w1127" CONTENT="former" HPOS="2200" VPOS="2807" WIDTH="122" HEIGHT="75" STYLEREFS="font0"/></TextLine><TextLine WIDTH="978" HEIGHT="93" ID="p50_t123" HPOS="1345" VPOS="2836"><String ID="p50_w1128" CONTENT="44" HPOS="1345" VPOS="2836" WIDTH="24" HEIGHT="49" STYLEREFS="font1"/><SP WIDTH="24" VPOS="2836" HPOS="1369"/><String ID="p50_w1129" CONTENT="kind," HPOS="1393" VPOS="2854" WIDTH="90" HEIGHT="75" STYLEREFS="font0"/><SP WIDTH="17" VPOS="2854" HPOS="1483"/><String ID="p50_w1130" CONTENT="but" HPOS="1500" VPOS="2854" WIDTH="59" HEIGHT="75" STYLEREFS="font0"/><SP WIDTH="15" VPOS="2854" HPOS="1559"/><String ID="p50_w1131" CONTENT="to" HPOS="1574" VPOS="2854" WIDTH="36" HEIGHT="75" STYLEREFS="font0"/><SP WIDTH="14" VPOS="2854" HPOS="1610"/><String ID="p50_w1132" CONTENT="be" HPOS="1624" VPOS="2854" WIDTH="41" HEIGHT="75" STYLEREFS="font0"/><SP WIDTH="19" VPOS="2854" HPOS="1665"/><String ID="p50_w1133" CONTENT="in" HPOS="1684" VPOS="2854" WIDTH="32" HEIGHT="75" STYLEREFS="font0"/><SP WIDTH="15" VPOS="2854" HPOS="1716"/><String ID="p50_w1134" CONTENT="fuch" HPOS="1731" VPOS="2854" WIDTH="76" HEIGHT="75" STYLEREFS="font0"/><SP WIDTH="16" VPOS="2854" HPOS="1807"/><String ID="p50_w1135" CONTENT="circumdances" HPOS="1823" VPOS="2854" WIDTH="239" HEIGHT="75" STYLEREFS="font0"/><SP WIDTH="15" VPOS="2854" HPOS="2062"/><String ID="p50_w1136" CONTENT="as" HPOS="2077" VPOS="2854" WIDTH="33" HEIGHT="75" STYLEREFS="font0"/><SP WIDTH="17" VPOS="2854" HPOS="2110"/><String ID="p50_w1137" CONTENT="allow" HPOS="2127" VPOS="2854" WIDTH="95" HEIGHT="75" STYLEREFS="font0"/><SP WIDTH="11" VPOS="2854" HPOS="2222"/><String ID="p50_w1138" CONTENT="them" HPOS="2233" VPOS="2854" WIDTH="90" HEIGHT="75" STYLEREFS="font0"/></TextLine><TextLine WIDTH="974" HEIGHT="93" ID="p50_t124" HPOS="1348" VPOS="2882"><String ID="p50_w1139" CONTENT="44" HPOS="1348" VPOS="2882" WIDTH="23" HEIGHT="49" STYLEREFS="font1"/><SP WIDTH="24" VPOS="2882" HPOS="1371"/><String ID="p50_w1140" CONTENT="to" HPOS="1395" VPOS="2900" WIDTH="36" HEIGHT="75" STYLEREFS="font0"/><SP WIDTH="25" VPOS="2900" HPOS="1431"/><String ID="p50_w1141" CONTENT="accumulate" HPOS="1456" VPOS="2900" WIDTH="196" HEIGHT="75" STYLEREFS="font0"/><SP WIDTH="23" VPOS="2900" HPOS="1652"/><String ID="p50_w1142" CONTENT="the" HPOS="1675" VPOS="2900" WIDTH="56" HEIGHT="75" STYLEREFS="font0"/><SP WIDTH="26" VPOS="2900" HPOS="1731"/><String ID="p50_w1143" CONTENT="ele&amp;ric" HPOS="1757" VPOS="2900" WIDTH="125" HEIGHT="75" STYLEREFS="font0"/><SP WIDTH="22" VPOS="2900" HPOS="1882"/><String ID="p50_w1144" CONTENT="matter." HPOS="1904" VPOS="2900" WIDTH="130" HEIGHT="75" STYLEREFS="font0"/><SP WIDTH="56" VPOS="2900" HPOS="2034"/><String ID="p50_w1145" CONTENT="In" HPOS="2090" VPOS="2900" WIDTH="40" HEIGHT="75" STYLEREFS="font0"/><SP WIDTH="26" VPOS="2900" HPOS="2130"/><String ID="p50_w1146" CONTENT="the" HPOS="2156" VPOS="2900" WIDTH="56" HEIGHT="75" STYLEREFS="font0"/><SP WIDTH="26" VPOS="2900" HPOS="2212"/><String ID="p50_w1147" CONTENT="fame" HPOS="2238" VPOS="2900" WIDTH="84" HEIGHT="75" STYLEREFS="font0"/></TextLine><TextLine WIDTH="975" HEIGHT="93" ID="p50_t125" HPOS="1346" VPOS="2928"><String ID="p50_w1148" CONTENT="44" HPOS="1346" VPOS="2928" WIDTH="25" HEIGHT="49" STYLEREFS="font1"/><SP WIDTH="25" VPOS="2928" HPOS="1371"/><String ID="p50_w1149" CONTENT="manner,”" HPOS="1396" VPOS="2946" WIDTH="166" HEIGHT="75" STYLEREFS="font0"/><SP WIDTH="16" VPOS="2946" HPOS="1562"/><String ID="p50_w1150" CONTENT="proceeds" HPOS="1578" VPOS="2946" WIDTH="152" HEIGHT="75" STYLEREFS="font0"/><SP WIDTH="12" VPOS="2946" HPOS="1730"/><String ID="p50_w1151" CONTENT="our" HPOS="1742" VPOS="2946" WIDTH="59" HEIGHT="75" STYLEREFS="font0"/><SP WIDTH="11" VPOS="2946" HPOS="1801"/><String ID="p50_w1152" CONTENT="author," HPOS="1812" VPOS="2946" WIDTH="126" HEIGHT="75" STYLEREFS="font0"/><SP WIDTH="19" VPOS="2946" HPOS="1938"/><String ID="p50_w1153" CONTENT="44" HPOS="1957" VPOS="2928" WIDTH="24" HEIGHT="49" STYLEREFS="font1"/><SP WIDTH="18" VPOS="2928" HPOS="1981"/><String ID="p50_w1154" CONTENT="the" HPOS="1999" VPOS="2946" WIDTH="55" HEIGHT="75" STYLEREFS="font0"/><SP WIDTH="11" VPOS="2946" HPOS="2054"/><String ID="p50_w1155" CONTENT="nervous" HPOS="2065" VPOS="2946" WIDTH="135" HEIGHT="75" STYLEREFS="font0"/><SP WIDTH="9" VPOS="2946" HPOS="2200"/><String ID="p50_w1156" CONTENT="sether," HPOS="2209" VPOS="2946" WIDTH="112" HEIGHT="75" STYLEREFS="font0"/></TextLine><TextLine WIDTH="972" HEIGHT="93" ID="p50_t126" HPOS="1349" VPOS="2976"><String ID="p50_w1157" CONTENT="44" HPOS="1349" VPOS="2976" WIDTH="23" HEIGHT="49" STYLEREFS="font1"/><SP WIDTH="24" VPOS="2976" HPOS="1372"/><String ID="p50_w1158" CONTENT="which" HPOS="1396" VPOS="2994" WIDTH="107" HEIGHT="75" STYLEREFS="font0"/><SP WIDTH="27" VPOS="2994" HPOS="1503"/><String ID="p50_w1159" CONTENT="is" HPOS="1530" VPOS="2994" WIDTH="27" HEIGHT="75" STYLEREFS="font0"/><SP WIDTH="28" VPOS="2994" HPOS="1557"/><String ID="p50_w1160" CONTENT="diffufed" HPOS="1585" VPOS="2994" WIDTH="136" HEIGHT="75" STYLEREFS="font0"/><SP WIDTH="24" VPOS="2994" HPOS="1721"/><String ID="p50_w1161" CONTENT="through" HPOS="1745" VPOS="2994" WIDTH="142" HEIGHT="75" STYLEREFS="font0"/><SP WIDTH="22" VPOS="2994" HPOS="1887"/><String ID="p50_w1162" CONTENT="every" HPOS="1909" VPOS="2994" WIDTH="96" HEIGHT="75" STYLEREFS="font0"/><SP WIDTH="27" VPOS="2994" HPOS="2005"/><String ID="p50_w1163" CONTENT="part" HPOS="2032" VPOS="2994" WIDTH="72" HEIGHT="75" STYLEREFS="font0"/><SP WIDTH="32" VPOS="2994" HPOS="2104"/><String ID="p50_w1164" CONTENT="of" HPOS="2136" VPOS="2994" WIDTH="41" HEIGHT="75" STYLEREFS="font0"/><SP WIDTH="21" VPOS="2994" HPOS="2177"/><String ID="p50_w1165" CONTENT="nature," HPOS="2198" VPOS="2994" WIDTH="123" HEIGHT="75" STYLEREFS="font0"/></TextLine><TextLine WIDTH="129" HEIGHT="93" ID="p50_t127" HPOS="2193" VPOS="3016"><String ID="p50_w1166" CONTENT="44" HPOS="2193" VPOS="3016" WIDTH="24" HEIGHT="49" STYLEREFS="font1"/><SP WIDTH="16" VPOS="3016" HPOS="2217"/><String ID="p50_w1167" CONTENT="flows" HPOS="2233" VPOS="3034" WIDTH="89" HEIGHT="75" STYLEREFS="font0"/></TextLine></PrintSpace></Page></Layout></alto>