2397 3387
504 138 36 75 B
599 138 42 75 A
699 138 35 75 L
809 138 8 75 .

1094 138 19 75 (

122 210 250 75 BALLOTA,
398 210 31 75 in
447 210 132 75 botany,
597 210 19 75 a
632 210 99 75 genus
748 210 41 75 of
800 210 55 75 the
872 210 184 75 didynamia
1072 210 91 75 gym-

127 254 8 75 ,
168 254 180 75 nofpemia
368 254 92 75 clafs.
509 254 78 75 The
603 254 85 75 calix
701 254 57 75 has
772 254 73 75 four
862 254 88 75 teeth
962 254 9 75 ;
999 254 56 75 the
1072 254 90 75 iupe-

169 302 66 75 rior
250 302 46 75 lip
313 302 40 75 of
366 302 53 75 the
437 302 123 75 corolla
575 302 28 75 is
615 302 139 75 concave
768 302 62 75 and
848 302 164 75 crenated.
1047 302 115 75 There

169 351 54 75 are
251 351 75 75 four
353 351 132 75 fpecies,
520 351 71 75 viz.
624 351 56 75 the
704 351 103 75 nigra,
839 351 39 75 or
905 351 135 75 (linking
1065 351 95 75 hore-

168 396 122 75 hound,
316 396 18 75 a
350 396 108 75 native
475 396 41 75 of
526 396 127 75 Britain
666 396 10 75 ;
703 396 56 75 the
775 396 72 75 alba
859 396 62 75 and
936 396 119 75 lanata,
1080 396 81 75 both

167 444 123 75 natives
308 444 39 75 of
361 444 156 75 Europe;
543 444 64 75 and
624 444 55 75 the
690 444 198 75 fuaveolens,
905 444 19 75 a
939 444 107 75 native
1058 444 40 75 of
1109 444 51 75 A-

168 490 130 75 merica.

515 490 7 75 '

120 538 319 75 BALLOTADE,
465 538 32 75 in
514 538 56 75 the
586 538 145 75 menage,
755 538 57 75 the
823 538 71 75 leap
907 538 41 75 of
959 538 19 75 a
993 538 92 75 horfe
1103 538 55 75 be-

168 584 104 75 tween
289 584 66 75 two
372 584 123 75 pillars,
520 584 38 75 or
581 584 85 75 upon
684 584 18 75 a
718 584 133 75 llraight
867 584 77 75 line,
970 584 93 75 made
1082 584 78 75 with

162 631 135 75 juftnefs
314 631 40 75 of
366 631 89 75 time,
479 631 80 75 with
587 631 56 75 the
669 631 52 75 aid
745 631 40 75 of
808 631 56 75 the
890 631 99 75 hand,
1015 631 63 75 and
1101 631 58 75 the

168 679 104 75 calves
290 679 39 75 of
341 679 56 75 the
413 679 91 75 legs;
530 679 64 75 and
608 679 34 75 in
658 679 76 75 fuch
759 679 19 75 a
803 679 142 75 manner,
971 679 70 75 that
1065 679 94 75 when

167 725 51 75 his
231 725 153 75 fore-feet
401 725 53 75 are
470 725 33 75 in
525 725 57 75 the
598 725 59 75 air,
682 725 42 75 he
751 725 99 75 fhews
877 725 136 75 nothing
1029 725 58 75 but
1104 725 55 75 the

167 771 88 75 {hoes
272 771 41 75 of
324 771 48 75 his
390 771 197 75 hinder-feet
604 771 137 75 without
758 771 135 75 yerking
911 771 70 75 oUt.

121 819 170 75 BALLS,
317 819 37 75 or
371 819 198 75 Ballets,
594 819 32 75 in
644 819 163 75 heraldry,
825 819 19 75 a
860 819 150 75 frequent
1026 819 134 75 bearing

167 865 31 75 in
223 865 88 75 coats
338 865 40 75 of
401 865 96 75 arms,
524 865 123 75 ufually
674 865 226 75 denominated
927 865 173 75 according
1125 865 35 75 to

167 911 84 75 their
273 911 140 75 colours,
439 911 147 75 bezants,
611 911 115 75 plates,
751 911 106 75 hurts,
884 911 66 75 <&c.
1001 911 63 75 See
1087 911 72 75 Be-

169 959 145 75 zants.

119 1006 308 75 BALLUSTER,
454 1006 19 75 a
496 1006 89 75 fmall
606 1006 79 75 kind
701 1006 41 75 of
761 1006 93 75 pillar
877 1006 80 75 ufed
981 1006 53 75 for
1056 1006 103 75 ballu-

167 1052 130 75 ftrades.
348 1052 62 75 See
427 1052 336 75 Architecture.

118 1098 382 75 BALLUSTRADE,
527 1098 19 75 a
560 1098 95 75 feries
673 1098 37 75 or
735 1098 68 75 row
819 1098 41 75 of
871 1098 178 75 ballufters,
1071 1098 87 75 join-

167 1145 41 75 ed
224 1145 43 75 by
283 1145 19 75 a
318 1145 80 75 rail;
425 1145 125 75 ferving
566 1145 34 75 as
617 1145 72 75 well
706 1145 52 75 for
782 1145 19 75 a
824 1145 61 75 reft
896 1145 40 75 to
953 1145 55 75 the
1024 1145 134 75 elbows,

167 1192 34 75 as
220 1192 53 75 for
296 1192 18 75 a
330 1192 91 75 fence
437 1192 38 75 or
492 1192 157 75 inclofure
666 1192 36 75 to
726 1192 174 75 balconies,
925 1192 112 75 altars,
1069 1192 88 75 ftair-

167 1239 101 75 eafes,
294 1239 64 75 &c..
410 1239 61 75 See
491 1239 336 75 Architecture.

119 1286 152 75 BALM,
297 1286 30 75 in
346 1286 133 75 botany.
530 1286 61 75 See
608 1286 190 75 Melissa.

118 1331 127 75 Balm,
270 1331 37 75 or
325 1331 170 75 Balsam.
546 1331 61 75 See
624 1331 171 75 Balsam.

117 1379 258 75 BALNEUM,
401 1379 18 75 a
436 1379 82 75 term
535 1379 76 75 ufed
625 1379 43 75 by
686 1379 145 75 chemifts
845 1379 34 75 to
893 1379 116 75 fignify
1026 1379 18 75 a
1059 1379 97 75 veflel

165 1425 88 75 filled
280 1425 80 75 with
385 1425 86 75 fome
487 1425 130 75 matter,
643 1425 34 75 as
694 1425 88 75 fand,
807 1425 113 75 water,
946 1425 37 75 or
1003 1425 56 75 the
1076 1425 78 75 like,

165 1471 33 75 in
214 1471 107 75 which
333 1471 135 75 another
484 1471 26 75 is
527 1471 114 75 placed
652 1471 72 75 that
742 1471 143 75 requires
903 1471 19 75 a
938 1471 89 75 more
1047 1471 108 75 gentle

165 1517 76 75 heat
258 1517 76 75 than
351 1517 57 75 the
424 1517 105 75 naked
552 1517 70 75 fire.
678 1517 98 75 Thus
804 1517 150 75 balneum
976 1517 179 75 arenofum,

166 1565 106 75 called
298 1565 66 75 alfo
391 1565 153 75 balneum
555 1565 140 75 ftccum,
721 1565 62 75 and
810 1565 183 75 fand-heat,
1018 1565 27 75 is
1063 1565 93 75 when

165 1613 55 75 the
237 1613 146 75 cucurbit
398 1613 27 75 is
442 1613 112 75 placed
570 1613 33 75 in
627 1613 88 75 fand,
741 1613 32 75 in
799 1613 99 75 afhes,
924 1613 36 75 or
988 1613 106 75 filings
1122 1613 41 75 of

169 1659 88 75 fteel.
308 1659 162 75 Balneum
487 1659 127 75 maria,
633 1659 41 75 or
692 1659 114 75 marts,
824 1659 26 75 is
868 1659 92 75 when
976 1659 55 75 the
1049 1659 106 75 veflel,

123 1705 4 75 .
165 1705 184 75 containing
360 1705 55 75 the
426 1705 194 75 ingredients
637 1705 36 75 to
689 1705 40 75 be
746 1705 150 75 diftilled,
914 1705 65 75 &c.
996 1705 27 75 is
1037 1705 56 75 put
1110 1705 48 75 in-

169 1752 35 75 to
222 1752 18 75 a
257 1752 93 75 veflel
366 1752 41 75 of
418 1752 111 75 water;
554 1752 107 75 which
677 1752 28 75 is
718 1752 92 75 made
822 1752 35 75 to
870 1752 85 75 boil;
981 1752 34 75 fo
1031 1752 71 75 that
1114 1752 43 75 no

168 1797 127 75 greater
311 1797 75 75 heat
402 1797 78 75 than
496 1797 72 75 that
584 1797 40 75 of
635 1797 121 75 boiling
773 1797 100 75 water
892 1797 58 75 can
962 1797 39 75 be
1014 1797 143 75 commu-

165 1845 127 75 nicated
308 1845 34 75 to
359 1845 55 75 the
430 1845 160 75 fubftance
609 1845 36 75 to
662 1845 39 75 be
718 1845 136 75 treated.
905 1845 77 75 And
1006 1845 150 75 balneum

165 1891 141 75 vaporis,
331 1891 38 75 or
381 1891 222 75 vaporarium,
628 1891 41 75 is,
698 1891 91 75 wljen
808 1891 65 75 two
890 1891 110 75 veflels
1016 1891 54 75 are
1092 1891 63 75 dif-

164 1939 96 75 pofed
276 1939 32 75 in
325 1939 75 75 fuch
418 1939 19 75 a
452 1939 143 75 mannter,
622 1939 70 75 that
708 1939 55 75 the
781 1939 131 75 vapour,
947 1939 102 75 raifed
1066 1939 85 75 from

164 1986 54 75 the
245 1986 101 75 water
372 1986 169 75 contained
557 1986 32 75 in
613 1986 56 75 the
693 1986 113 75 lower,
831 1986 94 75 heats
950 1986 55 75 the
1035 1986 117 75 matter

166 2032 169 75 contained
351 2032 32 75 in
401 2032 55 75 the
473 2032 111 75 upper.

115 2078 286 75 BALOTADE,
426 2078 37 75 or
482 2078 259 75 Ballotade.
791 2078 62 75 See
871 2078 258 75 Ballotade.

116 2124 29 75 B
150 2124 148 75 ALOW
300 2124 36 75 A'
336 2124 10 75 ,
379 2124 19 75 a
416 2124 67 75 city
514 2124 40 75 of
573 2124 88 75 Afia,
685 2124 33 75 in
746 2124 56 75 the
833 2124 153 75 kingdom
1015 2124 40 75 of
1083 2124 70 75 De-

165 2170 70 75 can.

117 2217 214 75 BALSAM,
357 2217 37 75 or
409 2217 158 75 Native
587 2217 174 75 Balsatvi,
787 2217 39 75 an
842 2217 78 75 oily,
946 2217 150 75 refinous,
1115 2217 39 75 li-

166 2264 78 75 quid
272 2264 173 75 fubftance,
481 2264 128 75 flowing
637 2264 102 75 either
766 2264 254 75 fpontaneoufly,
1045 2264 37 75 or
1109 2264 45 75 by

163 2309 107 75 means
288 2309 40 75 of
347 2309 139 75 incifion,
512 2309 85 75 from
609 2309 120 75 certain
746 2309 117 75 plants.
910 2309 115 75 There
1053 2309 53 75 are
1135 2309 19 75 a

163 2357 91 75 great
267 2357 127 75 variety
416 2357 40 75 of
475 2357 145 75 balfams,
645 2357 164 75 generally
825 2357 227 75 denominated
1067 2357 84 75 from

163 2404 55 75 the
233 2404 176 75 fubftances
432 2404 85 75 from
544 2404 106 75 which
678 2404 77 75 they
783 2404 54 75 are
865 2404 163 75 obtained.
1090 2404 63 75 See

164 2450 259 75 Chemistry,
450 2450 53 75 Of
510 2450 99 75 reftris
624 2450 71 75 and
713 2450 153 75 balfams.

116 2497 291 75 BALSAMICS,
432 2497 32 75 in
482 2497 182 75 pharmacy,
689 2497 173 75 foftening,
879 2497 167 75 reftoring,
1064 2497 87 75 heal-

163 2543 54 75 ing
245 2543 62 75 and
331 2543 156 75 cleanfing
503 2543 184 75 medicines,
712 2543 40 75 of
775 2543 18 75 a
817 2543 107 75 gentle
951 2543 200 75 attenuating

163 2590 124 75 nature.

220 2636 172 75 Balfamics
417 2636 73 75 may
517 2636 39 75 be
584 2636 88 75 ufed,
701 2636 80 75 both
805 2636 171 75 internally
1000 2636 63 75 and
1090 2636 60 75 ex-

161 2684 151 75 ternally,
348 2684 33 75 in
409 2684 42 75 all
478 2684 133 75 difeafes
639 2684 39 75 of
701 2684 56 75 the
788 2684 97 75 head,
919 2684 124 75 nerves,
1081 2684 67 75 fto-

161 2731 107 75 mach,
294 2731 65 75 <bc.

114 2776 303 75 BALSAMINA,
441 2776 31 75 in
490 2776 132 75 botany,
647 2776 55 75 the
719 2776 106 75 trivial
842 2776 91 75 name
949 2776 41 75 of
1001 2776 18 75 a
1035 2776 117 75 fpecies

162 2824 40 75 of
216 2824 183 75 impatiens.
449 2824 61 75 See
527 2824 230 75 Impatiens.

114 2870 301 75 BALSAMITA,
440 2870 31 75 in
496 2870 132 75 botany,
653 2870 18 75 a
696 2870 162 75 fynonime
874 2870 41 75 of
938 2870 19 75 a
973 2870 119 75 fpecies
1117 2870 41 75 of

163 2917 254 75 xeranthemum.
469 2917 61 75 See
547 2917 326 75 Xeranthemum.

112 2964 241 75 BALSARA,
378 2964 31 75 in
427 2964 197 75 geography,
641 2964 55 75 the
712 2964 84 75 fame
813 2964 77 75 with
909 2964 142 75 Baflbra.
1090 2964 62 75 See

159 3010 199 75 Bassora.

206 3058 102 75 Vol.
335 3058 30 75 I.
415 3058 72 75 No.
507 3058 57 75 22.

1171 149 84 75 51-7
1314 149 19 75 )

1624 149 243 75 BAN

1214 205 183 75 BALTIC
1405 205 76 75 feai
1505 205 71 75 that
1592 205 89 75 lying
1697 205 143 75 between
1860 205 137 75 Sweden
2014 205 40 75 on
2068 205 58 75 the
2140 205 109 75 north,

1261 250 61 75 and
1340 250 169 75 Germany
1525 250 61 75 and
1604 250 141 75 Livonia
1761 250 41 75 on
1819 250 55 75 the
1891 250 105 75 fouth.

1213 299 308 75 BALTIMORE,
1548 299 17 75 a
1582 299 88 75 town
1699 299 40 75 of
1763 299 54 75 the
1840 299 120 75 county
1982 299 40 75 of
2040 299 122 75 Corke,
2188 299 63 75 and

1260 346 150 75 province
1438 346 41 75 of
1501 346 159 75 Munfter,
1684 346 34 75 in
1747 346 142 75 Ireland,
1915 346 135 75 fituated
2075 346 98 75 about
2189 346 63 75 five

1259 392 90 75 miles
1371 392 97 75 north
1486 392 40 75 of
1537 392 91 75 Cape
1646 392 110 75 Clear,
1782 392 33 75 in
1846 392 21 75 9
1867 374 22 49 0
1914 392 52 75 if
1994 392 62 75 W.
2073 392 89 75 long,
2188 392 63 75 and

1261 440 65 75 Ji
1350 440 52 75 if
1427 440 48 75 N.
1492 440 59 75 lat.

1211 486 246 75 BALZANE.
1508 486 62 75 See
1586 486 272 75 Whiteeoot.

1209 533 257 75 BAMBERG,
1492 533 18 75 a
1527 533 66 75 city
1608 533 41 75 of
1662 533 189 75 Franconia,
1868 533 31 75 in
1917 533 180 75 Germany,
2119 533 59 75 io
2194 533 43 75 JO
2237 515 12 49 ,

1255 579 45 75 E.
1318 579 90 75 long,
1434 579 62 75 and
1516 579 66 75 50
1605 579 52 75 if
1682 579 47 75 N.
1748 579 59 75 lat.

1303 627 76 75 The
1397 627 108 75 biftiop
1521 627 41 75 of
1573 627 162 75 Bamberg
1751 627 27 75 is
1801 627 165 75 fovereign
1983 627 41 75 of
2035 627 55 75 the
2102 627 69 75 city
2186 627 65 75 and

1256 672 119 75 diftrid
1396 672 103 75 round
1515 672 39 75 it,
1579 672 53 75 for
1648 672 83 75 fixty
1748 672 90 75 miles
1867 672 33 75 in
1923 672 125 75 length,
2074 672 63 75 and
2160 672 89 75 forty

1256 719 32 75 in
1305 719 149 75 breadth.

1209 768 220 75 BAMBOE,
1455 768 31 75 in
1504 768 134 75 botany,
1664 768 55 75 the
1737 768 107 75 trivial
1872 768 91 75 name
1980 768 41 75 of
2045 768 18 75 a
2080 768 116 75 fpecies
2213 768 41 75 of

1257 814 134 75 arundo.
1442 814 61 75 See
1520 814 182 75 Arundo.

1208 862 178 75 BAMFF,
1412 862 39 75 or
1466 862 143 75 Banff,
1635 862 18 75 a
1669 862 87 75 town
1781 862 41 75 of
1842 862 167 75 Scotland,
2035 862 108 75 which
2159 862 87 75 gives

1256 908 91 75 name
1375 908 36 75 to
1427 908 19 75 a
1463 908 129 75 county,
1618 908 91 75 lying
1731 908 144 75 between
1905 908 252 75 Aberdeenlhire
2185 908 64 75 and

1256 956 150 75 Murray,
1432 956 96 75 aAng
1544 956 55 75 the
1619 956 153 75 fouthern
1789 956 86 75 bank
1890 956 41 75 of
1941 956 56 75 the
2014 956 83 75 river
2122 956 101 75 Spey.

1303 1002 77 75 The
1397 1002 87 75 town
1504 1002 27 75 is
1548 1002 135 75 fituated
1698 1002 34 75 at
1748 1002 55 75 the
1820 1002 113 75 mouth
1949 1002 40 75 of
2000 1002 56 75 the
2072 1002 84 75 river
2172 1002 73 75 Do-

1256 1048 38 75 ve
1298 1048 49 75 rn.

1209 1096 254 75 BAMPTON,
1489 1096 18 75 a
1535 1096 229 75 market-town
1789 1096 41 75 of
1852 1096 226 75 Oxfordfhire,
2112 1096 136 75 fituated

1255 1141 41 75 on
1313 1141 57 75 the
1386 1141 84 75 river
1483 1141 68 75 Ifis,
1569 1141 98 75 about
1679 1141 54 75 ten
1746 1141 90 75 miles
1849 1141 185 75 fouth-weft
2045 1141 41 75 of
2097 1141 146 75 Oxford,

1260 1190 40 75 i
1321 1190 55 75 35'
1392 1190 61 75 W.
1473 1190 90 75 long,
1589 1190 61 75 and
1670 1190 39 75 51
1709 1172 23 49 0
1751 1190 56 75 40'
1823 1190 48 75 N.
1888 1190 60 75 lat.

1207 1236 187 75 Bampton
1413 1236 26 75 is
1456 1236 65 75 alfo
1539 1236 54 75 the
1611 1236 90 75 name
1719 1236 40 75 of
1770 1236 19 75 a
1814 1236 229 75 market-town
2059 1236 32 75 in
2109 1236 135 75 Devon-

1253 1282 92 75 ftiire,
1370 1282 123 75 twenty
1518 1282 90 75 miles
1636 1282 96 75 north
1760 1282 40 75 of
1817 1282 140 75 Exeter,
1982 1282 32 75 in
2039 1282 17 75 3
2056 1264 26 49 0
2101 1282 57 75 40'
2184 1282 59 75 W.

1253 1328 89 75 long,
1368 1328 63 75 and
1450 1328 99 75 5i'5
1549 1310 13 49 /
1581 1328 46 75 N.
1641 1328 59 75 lat.

1207 1377 112 75 BAN,
1346 1377 37 75 or
1409 1377 123 75 Bann.
1583 1377 61 75 See
1662 1377 121 75 Bank.

1206 1422 96 75 Ban,
1327 1422 32 75 in
1377 1422 191 75 commerce,
1586 1422 19 75 a
1621 1422 65 75 fort
1703 1422 40 75 of
1755 1422 139 75 fmooth,
1913 1422 62 75 fine
1987 1422 124 75 muflin,
2138 1422 105 75 which

1254 1470 54 75 the
1331 1470 132 75 Englifti
1487 1470 120 75 import
1631 1470 84 75 from
1740 1470 56 75 the
1823 1470 44 75 E.
1887 1470 121 75 Indies.
2058 1470 75 75 The
2156 1470 89 75 piece

1252 1516 27 75 is
1296 1516 110 75 almoft
1424 1516 17 75 a
1458 1516 78 75 yard
1554 1516 113 75 broad,
1697 1516 62 75 and
1787 1516 76 75 runs
1892 1516 100 75 about
2007 1516 123 75 twenty
2148 1516 96 75 yards

1254 1563 63 75 and
1333 1563 19 75 a
1368 1563 84 75 half.

1206 1611 246 75 BANBURY,
1494 1611 19 75 a
1540 1611 87 75 large
1666 1611 251 75 borough-town
1950 1611 32 75 in
2015 1611 228 75 Oxfordlhire,

1253 1657 122 75 twenty
1399 1657 92 75 miles
1513 1657 97 75 north
1635 1657 40 75 of
1693 1657 148 75 Oxford,
1874 1657 31 75 in
1930 1657 40 75 i
1991 1657 45 75 20
2074 1657 61 75 W.
2153 1657 89 75 long,

1253 1703 63 75 and
1343 1703 40 75 52
1383 1685 25 49 0
1430 1703 30 75 f
1477 1703 47 75 N.
1542 1703 57 75 lat.

1206 1751 144 75 BANC,
1377 1751 36 75 or
1431 1751 147 75 Bench,
1597 1751 118 75 inlaw,
1734 1751 132 75 denotes
1880 1751 17 75 a
1908 1751 153 75 tribunal,
2079 1751 38 75 or
2126 1751 116 75 judge-

1253 1797 168 75 ment-feat
1434 1797 8 75 :
1471 1797 124 75 Hence,
1622 1797 204 75 kings-banc
1852 1797 26 75 is
1902 1797 54 75 the
1977 1797 84 75 fame
2080 1797 80 75 with
2187 1797 57 75 The

1252 1844 93 75 court
1361 1844 41 75 of
1412 1844 239 75 kings-bench,
1677 1844 62 75 and
1763 1844 146 75 common
1927 1844 81 75 banc
2024 1844 79 75 with
2122 1844 69 75 that
2208 1844 41 75 of

1252 1892 147 75 common
1419 1892 101 75 pleas.
1581 1892 63 75 See
1671 1892 136 75 Kings
1826 1892 131 75 Bench
1988 1892 63 75 and
2079 1892 161 75 Common

1251 1939 138 75 Pleas.

1202 1986 179 75 BANCA,
1406 1986 40 75 an
1466 1986 98 75 ifland
1581 1986 40 75 of
1632 1986 55 75 the
1704 1986 44 75 E.
1766 1986 121 75 Indies,
1912 1986 166 75 feparated
2089 1986 84 75 from
2186 1986 56 75 the

1250 2033 173 75 fouth-eaft
1441 2033 70 75 part
1539 2033 40 75 of
1596 2033 71 75 that
1691 2033 41 75 of
1749 2033 150 75 Sumatra
1922 2033 44 75 by
1988 2033 17 75 a
2021 2033 79 75 very
2116 2033 126 75 narrow

1251 2079 145 75 channel,
1423 2079 31 75 in
1477 2079 61 75 105
1538 2061 25 49 0
1583 2079 44 75 E.
1644 2079 90 75 long,
1760 2079 63 75 and
1841 2079 17 75 3
1858 2061 25 49 0
1904 2079 35 75 S.
1958 2079 58 75 lat.

1203 2125 140 75 BANC.

1250 2172 115 75 matra,
1382 2172 32 75 in
1432 2172 45 75 99
1477 2154 22 49 0
1518 2172 45 75 E.
1575 2172 90 75 long,
1683 2172 64 75 and
1765 2172 18 75 2
1783 2154 24 49 0
1826 2172 48 75 N.
1887 2172 58 75 lat.
1995 2172 31 75 It
2043 2172 27 75 is
2091 2172 19 75 a
2126 2172 114 75 Dutch

1250 2218 189 75 fettlement.

1203 2266 245 75 BANCOCK,
1475 2266 18 75 a
1519 2266 66 75 city
1605 2266 41 75 of
1664 2266 56 75 the
1748 2266 154 75 kingdom
1918 2266 40 75 of
1970 2266 101 75 Siam,
2096 2266 33 75 in
2151 2266 87 75 101

1250 2311 43 75 E.
1311 2311 90 75 long,
1426 2311 64 75 and
1512 2311 36 75 13
1548 2293 26 49 0
1595 2311 55 75 30'
1666 2311 48 75 N.
1731 2311 58 75 lat.

1202 2359 150 75 BAND,
1378 2359 32 75 in
1435 2359 19 75 a
1475 2359 128 75 general
1629 2359 96 75 fenfe,
1759 2359 86 75 fome
1869 2359 102 75 froall,
2006 2359 127 75 narrow
2157 2359 80 75 ligir

1250 2404 99 75 ment,
1368 2404 186 75 wherewith
1568 2404 62 75 any
1646 2404 92 75 thing
1753 2404 25 75 is
1798 2404 119 75 bound,
1935 2404 79 75 tied,
2033 2404 37 75 or
2087 2404 150 75 faftened.

1201 2452 123 75 Band,
1351 2452 30 75 in
1400 2452 220 75 architefture,
1646 2452 18 75 a
1679 2452 128 75 general
1823 2452 92 75 name
1933 2452 50 75 for
1999 2452 62 75 any
2081 2452 68 75 flat,
2174 2452 65 75 low

1249 2499 155 75 member,
1429 2499 38 75 or
1494 2499 179 75 moulding,
1700 2499 70 75 that
1797 2499 27 75 is
1853 2499 113 75 broad,
1992 2499 57 75 but
2077 2499 58 75 not
2163 2499 77 75 very

1249 2545 93 75 deep.

1203 2592 109 75 Band
1341 2592 195 75 tffoldiers,
1562 2592 31 75 in
1622 2592 142 75 military
1791 2592 122 75 affairs,
1939 2592 91 75 thofe
2052 2592 75 75 who
2156 2592 82 75 fight

1249 2640 101 75 under
1366 2640 56 75 the
1438 2640 83 75 fame
1536 2640 63 75 flag
1616 2640 38 75 or
1670 2640 117 75 enfign.

1204 2688 149 75 Trained
1366 2688 143 75 Bands.
1560 2688 61 75 See
1641 2688 184 75 Trained

1202 2732 108 75 Band
1330 2732 41 75 of
1380 2732 180 75 penfoners
1578 2732 53 75 are
1655 2732 19 75 a
1702 2732 157 75 company
1883 2732 41 75 of
1952 2732 63 75 120
2042 2732 193 75 gentlemen,

1250 2780 74 75 who
1344 2780 120 75 receive
1482 2780 17 75 a
1516 2780 110 75 yearly
1643 2780 171 75 allowance
1842 2780 39 75 of
1904 2780 17 75 a
1949 2780 145 75 hundred
2113 2780 123 75 pounds

1251 2826 52 75 for
1320 2826 164 75 attending
1501 2826 41 75 on
1563 2826 48 75 his
1629 2826 131 75 majefty
1776 2826 40 75 on
1834 2826 123 75 folemn
1975 2826 171 75 occafions.

1203 2873 106 75 Band
1339 2873 26 75 is
1383 2873 64 75 alfo
1463 2873 56 75 the
1546 2873 239 75 denomination
1812 2873 41 75 of
1875 2873 19 75 a
1917 2873 143 75 military
2080 2873 97 75 order
2204 2873 32 75 in

1251 2921 107 75 Spain,
1383 2921 163 75 inftituted
1572 2921 42 75 by
1640 2921 184 75 Alphonfus
1840 2921 65 75 XI.
1932 2921 77 75 king
2036 2921 40 75 of
2103 2921 132 75 Caftile,

1249 2967 51 75 for
1329 2967 53 75 the
1411 2967 144 75 younger
1583 2967 70 75 fons
1682 2967 40 75 of
1745 2967 56 75 the
1827 2967 158 75 nobility;
2012 2967 87 75 who,
2124 2967 112 75 before

1249 3015 81 75 their
1342 3015 182 75 admifiion,
1549 3015 80 75 muft
1646 3015 88 75 ferve
1761 3015 54 75 ten
1839 3015 105 75 years,
1969 3015 34 75 at
2018 3015 87 75 leaft,
2133 3015 104 75 either

1707 3071 20 75 6
1751 3071 28 75 P

2203 3071 33 75 in

1086 3073 23 75 3
