2396 3377
493 168 242 75 ANA

1082 168 20 75 (
1160 168 42 75 u

184 238 72 75 tifm
279 238 33 75 in
336 238 135 75 Jordan,
504 238 87 75 Mat.
613 238 46 75 iii.
683 238 54 75 16.
761 238 101 75 Mark
878 238 23 75 i.
920 238 35 75 9,
975 238 56 75 10.
1057 238 63 75 and
1136 238 40 75 of

185 283 55 75 the
267 283 166 75 eunuch’s,
461 283 80 75 Afts
565 283 69 75 viii.
654 283 55 75 38,
739 283 57 75 39.
821 283 62 75 and
910 283 56 75 the
998 283 110 75 reafon
1136 283 39 75 of

183 330 117 75 John’s
328 330 163 75 baptizing
507 330 33 75 in
563 330 107 75 Enon,
689 330 85 75 John
792 330 46 75 iii.
858 330 56 75 23.
964 330 112 75 Hence
1093 330 78 75 they

182 376 115 75 affirm,
315 376 71 75 that
401 376 42 75 no
460 376 94 75 other
572 376 92 75 mode
681 376 57 75 can
755 376 41 75 be
812 376 104 75 called
931 376 194 75 baptifm,or
1138 376 33 75 fo

183 423 71 75 fitly
270 423 160 75 reprefent
457 423 202 75 communion
683 423 79 75 with
792 423 109 75 (Thrift
923 423 33 75 in
984 423 49 75 his
1061 423 109 75 death,

182 470 116 75 burial,
317 470 64 75 and
394 470 222 75 refurre&ion,
642 470 105 75 which
765 470 27 75 is
808 470 166 75 exprefsly
990 470 55 75 the
1065 470 108 75 defign

183 516 40 75 of
233 516 146 75 baptifm,
397 516 99 75 Rom.
513 516 44 75 vi.
578 516 81 75 3,4,
680 516 32 75 5.

229 562 105 75 Great
350 562 140 75 troubles
508 562 84 75 were
604 562 181 75 occafioned
803 562 32 75 in
847 562 168 75 Germany
1026 562 44 75 by
1082 562 90 75 fome

180 610 76 75 who
273 610 157 75 profefled
446 610 63 75 this
527 610 110 75 tenet.;
663 610 58 75 but
737 610 40 75 of
789 610 42 75 all
848 610 106 75 places
971 610 108 75 where
1094 610 79 75 they

185 655 176 75 prevailed,
381 655 87 75 none
485 655 137 75 fuffered
637 655 34 75 fo
686 655 96 75 much
799 655 44 75 by
858 655 88 75 them
964 655 34 75 as
1014 655 55 75 the
1085 655 88 75 town

184 702 41 75 of
245 702 159 75 Munfter.
450 702 79 75 The
546 702 216 75 Anabaptifls,
787 702 162 75 however,
975 702 40 75 of
1026 702 146 75 Holland

183 750 63 75 and
263 750 153 75 Frizland
431 750 108 75 difapp
543 750 97 75 roved
651 750 41 75 of
702 750 85 75 their
804 750 150 75 feditious
971 750 196 75 behaviour:

184 797 65 75 and
265 797 32 75 at
308 797 137 75 prefent,
470 797 125 75 though
608 797 64 75 this
689 797 61 75 fedt
766 797 62 75 ftill
844 797 133 75 fubfifts,
1001 797 35 75 as
1052 797 74 75 well
1138 797 32 75 in

181 844 127 75 Britain
324 844 33 75 as
370 844 132 75 abroad,
527 844 56 75 yet
598 844 78 75 they
691 844 43 75 no
745 844 112 75 longer
868 844 135 75 pretend
1017 844 36 75 to
1062 844 42 75 be
1120 844 49 75 di-

182 890 107 75 vinely
306 890 158 75 infpired;
489 890 80 75 they
580 890 42 75 no
633 890 112 75 longer
757 890 116 75 oppofe
886 890 208 75 magiftrates,
1111 890 60 75 nor

182 938 117 75 preach
315 938 41 75 up
375 938 18 75 a
408 938 198 75 community
622 938 41 75 of
680 938 115 75 goods.
843 938 112 75 Thofe
972 938 41 75 of
1031 938 88 75 them
1137 938 33 75 in

182 984 152 75 England
350 984 96 75 differ
468 984 79 75 very
563 984 83 75 little
671 984 85 75 from
772 984 56 75 the
844 984 181 75 Proteftant
1040 984 129 75 diffent-

180 1030 66 75 ers,
278 1030 116 75 except
421 1030 33 75 in
482 1030 152 75 rejefting
661 1030 276 75 infant-baptifm;
975 1030 33 75 as
1038 1030 129 75 appears

182 1077 85 75 from
284 1077 84 75 their
384 1077 167 75 conleffion
569 1077 39 75 of
627 1077 83 75 faith
726 1077 164 75 publifhed
911 1077 101 75 1689.

230 1125 131 75 Within
377 1125 87 75 thefe
481 1125 73 75 four
566 1125 104 75 years,
687 1125 55 75 the
754 1125 206 75 Anabaptifts
972 1125 81 75 have
1070 1125 99 75 form-

182 1171 42 75 ed
241 1171 20 75 a
275 1171 228 75 congregation
513 1171 33 75 in
561 1171 205 75 Edinburgh,
786 1171 122 75 (which
918 1171 28 75 is
962 1171 56 75 the
1033 1171 65 75 firft
1115 1171 54 75 ap-

181 1219 154 75 pearance
346 1219 79 75 they
441 1219 75 75 ever
532 1219 93 75 made
640 1219 33 75 in
691 1219 185 75 Scotland)^
901 1219 65 75 and
981 1219 82 75 feem
1079 1219 35 75 to
1131 1219 39 75 be

182 1264 20 75 a
217 1264 118 75 ferious
352 1264 181 75 inoffenfive
557 1264 124 75 people.
728 1264 101 75 They
844 1264 80 75 pray
945 1264 52 75 for
1021 1264 56 75 the
1092 1264 78 75 king

181 1312 64 75 and
261 1312 43 75 all
319 1312 133 75 inferior
468 1312 208 75 magilfrates,
700 1312 62 75 and
778 1312 121 75 fubjedt
914 1312 187 75 themfelves
1121 1312 49 75 (in

184 1358 74 75 civil
286 1358 149 75 matters)
464 1358 49 75 to'
527 1358 97 75 every
649 1358 172 75 ordinance
848 1358 40 75 of
912 1358 86 75 man,
1035 1358 51 75 for
1113 1358 57 75 the

182 1406 121 75 Lord’s
324 1406 85 75 fake.
452 1406 105 75 They
580 1406 142 75 confider
746 1406 55 75 the
825 1406 152 75 kingdom
1001 1406 40 75 of
1061 1406 110 75 Chrift

184 1451 34 75 to
235 1451 38 75 be
286 1451 154 75 fpiritual,
466 1451 62 75 and
540 1451 56 75 not
612 1451 40 75 of
670 1451 64 75 this
751 1451 126 75 world;
904 1451 62 75 and
982 1451 53 75 are
1051 1451 119 75 ftridfly

181 1499 87 75 upon
280 1499 56 75 the
352 1499 257 75 congregational
622 1499 37 75 or
671 1499 213 75 independent
896 1499 86 75 plan,
1000 1499 171 75 admitting

182 1544 42 75 of
243 1544 41 75 no
298 1544 199 75 jurifdidtion
514 1544 37 75 or
567 1544 164 75 authority
749 1544 49 75 (in
814 1544 132 75 matters
959 1544 209 75 of'religion)

181 1592 60 75 but
258 1592 71 75 that
345 1592 40 75 of
404 1592 56 75 the
476 1592 107 75 Great
596 1592 187 75 Lawgiver.
831 1592 107 75 Their
962 1592 209 75 church-offi-

184 1639 69 75 cers
282 1639 54 75 are
360 1639 125 75 bifhops
512 1639 54 75 (or
590 1639 119 75 elders)
737 1639 64 75 and
822 1639 151 75 deacons,
999 1639 62 75 and
1084 1639 89 75 thefe

184 1685 79 75 they
276 1685 164 75 generally
457 1685 94 75 chufe
576 1685 84 75 from
685 1685 115 75 among
824 1685 200 75 themfelves.
1074 1685 98 75 They

183 1731 94 75 make
294 1731 58 75 the
366 1731 132 75 reading
509 1731 39 75 of
567 1731 56 75 the
641 1731 169 75 fcriptures
831 1731 18 75 a
866 1731 73 75 part
954 1731 40 75 of
1013 1731 84 75 their
1114 1731 56 75 pu-

185 1778 64 75 blic
261 1778 129 75 fervice,
415 1778 63 75 and
493 1778 51 75 eat
561 1778 55 75 the
633 1778 120 75 Lord’s
776 1778 112 75 fupper
911 1778 96 75 every
1024 1778 147 75 fabbath-

183 1824 77 75 day.
308 1824 108 75 Their
431 1824 157 75 difciples,
613 1824 111 75 before
741 1824 78 75 they
844 1824 52 75 are
922 1824 156 75 admitted
1100 1824 69 75 into

182 1871 217 75 communion,
424 1871 56 75 are
493 1871 64 75 firft
574 1871 151 75 baptized
740 1871 33 75 in
788 1871 57 75 the
860 1871 119 75 Water
996 1871 41 75 of
1056 1871 111 75 Leith,

183 1918 107 75 which
305 1918 79 75 they
394 1918 44 75 do
455 1918 32 75 at
500 1918 41 75 all
558 1918 123 75 feafons
696 1918 41 75 of
749 1918 54 75 the
820 1918 92 75 year;
936 1918 74 75 and,
1028 1918 42 75 on
1082 1918 88 75 thefe

182 1964 171 75 occafions,
379 1964 78 75 they
468 1964 54 75 are
533 1964 163 75 generally
707 1964 152 75 attended
875 1964 43 75 by
937 1964 23 75 a
972 1964 90 75 great
1079 1964 91 75 num-

183 2010 59 75 ber
257 2010 40 75 of
315 2010 170 75 fpedtators
504 2010 34 75 *.

139 2057 267 75 ANABLEPS,
428 2057 43 75 in'
471 2057 227 75 ichthyology,
715 2057 56 75 the
787 2057 106 75 trivial
910 2057 90 75 name
1017 2057 40 75 of
1068 2057 18 75 a
1102 2057 67 75 fpe-

187 2104 63 75 cies
268 2104 40 75 of
321 2104 128 75 cobitis.
503 2104 60 75 See
581 2104 179 75 Cobitis.

139 2151 341 75 ANABOLiEUM,
498 2151 38 75 or
552 2151 198 75 Anabole,
768 2151 33 75 in
818 2151 172 75 antiquity,
1008 2151 19 75 a
1042 2151 78 75 kind
1137 2151 41 75 of

186 2196 91 75 great
297 2196 36 75 or
350 2196 99 75 upper
466 2196 85 75 coat,
577 2196 89 75 worn
683 2196 76 75 over
775 2196 56 75 the
847 2196 119 75 tunica.
1016 2196 61 75 See
1093 2196 79 75 Tu-

190 2244 108 75 nica.

139 2290 309 75 ANABOLEUS,
476 2290 33 75 in
533 2290 171 75 antiquity,
728 2290 38 75 an
795 2290 191 75 appellation
1019 2290 92 75 given
1136 2290 35 75 to

185 2337 127 75 grooms
330 2337 40 75 of
384 2337 55 75 the
462 2337 109 75 liable,
597 2337 37 75 or
658 2337 174 75 equerries,
858 2337 74 75 who
956 2337 117 75 aflilted
1089 2337 85 75 their

185 2383 128 75 mailers
335 2383 32 75 in
398 2383 166 75 mounting
591 2383 84 75 their
701 2383 122 75 horfes.
872 2383 49 75 As
950 2383 54 75 the
1028 2383 143 75 ancients

184 2429 66 75 had
265 2429 42 75 no
327 2429 141 75 ftirrups,
485 2429 37 75 or
538 2429 201 75 inftruments
755 2429 71 75 that
844 2429 54 75 are
914 2429 73 75 now
1003 2429 32 75 in
1051 2429 53 75 ufe
1120 2429 53 75 for

185 2476 167 75 mounting
375 2476 17 75 a
415 2476 106 75 horfe,
549 2476 79 75 they
644 2476 102 75 either
760 2476 134 75 jumped
909 2476 84 75 upon
1009 2476 50 75 his
1076 2476 95 75 back,

187 2523 37 75 or
247 2523 83 75 were
348 2523 93 75 aided
458 2523 31 75 in
507 2523 164 75 mounting
686 2523 44 75 by
746 2523 157 75 anabolei.

138 2569 434 75 ANABROCHISMUS,
591 2569 37 75 an
647 2569 141 75 obfolete
807 2569 82 75 term
910 2569 114 75 among
1040 2569 134 75 phyfici-

188 2617 68 75 ans,
274 2617 52 75 for
343 2617 165 75 removing
526 2617 149 75 offenfive
692 2617 85 75 hairs
794 2617 85 75 from
898 2617 56 75 the
977 2617 151 75 eye-lids.

200 2736 21 49 #
247 2754 50 75 ds
320 2736 11 49 r
331 2754 41 75 we
388 2754 93 75 chufe
496 2754 32 75 to
543 2754 99 75 avoid
662 2754 89 75 every
765 2754 82 75 kind
862 2754 43 75 of
920 2754 256 75 mifreprefenta-

138 2800 83 75 tion,
246 2800 164 75 efpecially
432 2800 34 75 in
494 2800 137 75 matters
647 2800 44 75 of
706 2800 152 75 religious
883 2800 124 75 opinion
1019 2800 12 75 ;
1057 2800 68 75 and
1138 2800 38 75 as

143 2848 53 75 the
223 2848 74 75 n/oji
314 2848 145 75 genuine
477 2848 69 75 and
560 2848 212 75 fatisfattory
789 2848 135 75 account
945 2848 43 75 of
1002 2848 52 75 the
1071 2848 106 75 origin

140 2894 70 75 and
226 2894 180 75 principles
421 2894 44 75 of
481 2894 61 75 any
557 2894 70 75 fett
652 2894 28 75 is
706 2894 31 75 to
754 2894 35 75 be
807 2894 16 75 e
838 2894 115 75 pefted
963 2894 96 75 from
1076 2894 97 75 them-

130 2939 128 75 fclves;
281 2939 55 75 swe
358 2939 130 75 applied
511 2939 31 75 to
568 2939 53 75 the
643 2939 171 75 preachers
839 2939 42 75 of
901 2939 54 75 the
979 2939 198 75 Anabaptijl

140 2987 226 75 congregation
393 2987 36 75 at
456 2987 202 75 Edinburgh,
685 2987 95 75 from
811 2987 106 75 •whom
944 2987 53 75 we
1024 2987 69 75 had
1121 2987 54 75 the

138 3034 98 75 above
257 3034 195 75 account—'
452 3034 71 75 The
528 3034 93 75 fame
636 3034 131 75 conduit
783 3034 78 75 will
875 3034 35 75 be
928 3034 151 75 obferved
1091 3034 85 75 with

128 3082 142 75 .regard
286 3082 35 75 to
337 3082 91 75 every
447 3082 92 75 other
552 3082 71 75 fell
641 3082 42 75 of
697 3082 61 75 any
775 3082 85 75 note.

1206 165 37 75 [O
1300 165 18 75 )

1665 165 245 75 ANA

1223 235 286 75 ANABROSIS,
1527 235 131 75 fignifies
1676 235 19 75 a
1710 235 158 75 corrofion
1887 235 44 75 by
1947 235 88 75 acrid
2049 235 166 75 humours.

1221 282 181 75 ANACA,
1424 282 31 75 in
1473 282 219 75 ornithology,
1710 282 40 75 an
1766 282 141 75 obfolete
1924 282 91 75 name
2032 282 40 75 of
2091 282 19 75 a
2136 282 117 75 fpecies

1268 327 39 75 of
1326 327 160 75 pfittacus.
1535 327 238 75 Psittacus.

1221 375 428 75 ANACALYPTERIA,
1676 375 32 75 in
1725 375 172 75 antiquity,
1915 375 137 75 feftivals
2069 375 115 75 among
2200 375 56 75 the

1270 422 127 75 Greeks
1414 422 41 75 on
1472 422 55 75 the
1543 422 63 75 day
1616 422 70 75 that
1702 422 55 75 the
1773 422 92 75 bride
1881 422 65 75 was
1964 422 172 75 permitted
2152 422 34 75 to
2202 422 55 75 lay

1270 469 80 75 alide
1367 469 59 75 her
1442 469 75 75 veil,
1535 469 63 75 and
1614 469 115 75 appear
1744 469 33 75 in
1794 469 118 75 public.
1960 469 78 75 The
2049 469 92 75 word
2155 469 28 75 is
2199 469 56 75 de-

1270 515 89 75 rived
1375 515 86 75 from
1482 515 21 75 a
1519 515 76 75 verb
1612 515 106 75 which
1733 515 134 75 fignifies
1884 515 35 75 to
1940 515 149 75 uncover.

1222 563 407 75 ANACAMPSEROS,
1663 563 32 75 in
1723 563 131 75 botany,
1884 563 19 75 a
1934 563 171 75 fynonyme
2133 563 41 75 of
2199 563 56 75 the

1269 609 177 75 portulaca,
1463 609 63 75 and
1542 609 118 75 feveral
1677 609 94 75 other
1787 609 117 75 plants.

1221 657 407 75 ANACAMPTERIA,
1657 657 32 75 in
1708 657 216 75 ecclefiaftical
1944 657 171 75 antiquity,
2145 657 18 75 a
2179 657 78 75 kind

1269 702 39 75 of
1319 702 85 75 little
1420 702 128 75 edifices
1565 702 146 75 adjacent
1728 702 35 75 to
1780 702 55 75 the
1852 702 168 75 churches,
2040 702 149 75 defigned
2204 702 52 75 for

1269 749 54 75 the
1338 749 245 75 entertainment
1599 749 40 75 of
1649 749 156 75 ftrahgers
1822 749 62 75 and
1900 749 80 75 poor
2002 749 141 75 perfons.

1219 797 339 75 ANACAMPTIC,
1577 797 19 75 a
1612 797 89 75 name
1719 797 126 75 applied
1856 797 44 75 by
1909 797 55 75 the
1981 797 141 75 ancients
2139 797 35 75 to
2186 797 71 75 that

1265 841 72 75 part
1368 841 41 75 of
1434 841 101 75 optics
1562 841 104 75 which
1690 841 99 75 treats
1814 841 41 75 of
1878 841 171 75 reflection,
2078 841 95 75 being
2200 841 57 75 the

1266 889 83 75 fame
1365 889 79 75 with
1462 889 87 75 what
1564 889 26 75 is
1608 889 73 75 now
1703 889 104 75 called
1830 889 185 75 catoptrics.
2064 889 64 75 See
2153 889 102 75 Cat-

1272 936 180 75 optrics.

1220 984 350 75 ANACARDIUM,
1588 984 38 75 or
1643 984 400 75 Cashew-nut-tree,
2071 984 34 75 in
2122 984 131 75 botany,

1266 1029 20 75 a
1301 1029 98 75 genus
1417 1029 40 75 of
1481 1029 55 75 the
1563 1029 172 75 decandria
1761 1029 192 75 monogynia
1978 1029 90 75 clafs,
2098 1029 40 75 of
2149 1029 106 75 which

1267 1075 90 75 there
1373 1075 26 75 is
1416 1075 58 75 but
1490 1075 62 75 one
1567 1075 131 75 fpecies,
1716 1075 70 75 viz.
1803 1075 54 75 the
1875 1075 210 75 occidentale,
2115 1075 18 75 a
2149 1075 106 75 native

1267 1122 40 75 of
1321 1122 55 75 the
1402 1122 120 75 Indies.
1569 1122 79 75 The
1670 1122 86 75 calix
1780 1122 27 75 is
1830 1122 130 75 divided
1979 1122 68 75 into
2063 1122 62 75 five
2141 1122 86 75 parts
2242 1122 11 75 ;

1266 1169 55 75 the
1336 1169 112 75 flower
1464 1169 124 75 confifts
1605 1169 40 75 of
1667 1169 61 75 one
1744 1169 205 75 quinquefide
1966 1169 106 75 petal;
2099 1169 56 75 the
2175 1169 80 75 fruit

1271 1215 26 75 is
1323 1215 19 75 a
1357 1215 249 75 kidney-lhaped
1626 1215 70 75 nut,
1713 1215 141 75 inclofed
1869 1215 33 75 in
1919 1215 19 75 a
1953 1215 97 75 fleftiy
2066 1215 187 75 receptacle.

1267 1262 76 75 The
1359 1262 112 75 kernel
1496 1262 25 75 is
1550 1262 41 75 of
1614 1262 55 75 the
1685 1262 83 75 fame
1791 1262 112 75 nature
1930 1262 79 75 with
2036 1262 53 75 an'
2105 1262 146 75 almond:

1265 1309 77 75 The
1367 1309 88 75 acrid
1476 1309 87 75 juice
1588 1309 170 75 contained
1781 1309 144 75 between
1946 1309 56 75 the
2018 1309 126 75 kernels
2161 1309 26 75 is
2204 1309 50 75 re-

1266 1355 209 75 commended
1491 1355 52 75 for
1560 1355 112 75 tetters
1686 1355 63 75 and
1763 1355 94 75 other
1880 1355 172 75 cutaneous
2069 1355 144 75 difeafes".

1218 1403 391 75 ANACATHARSIS,
1637 1403 131 75 fignifies
1794 1403 18 75 a
1834 1403 175 75 faiivation,
2031 1403 38 75 or
2088 1403 165 75 difeharge

1267 1447 39 75 of
1325 1447 137 75 noxious
1479 1447 155 75 humours
1652 1447 44 75 by
1712 1447 143 75 fpitting.

1219 1496 433 75 ANACATHARTICS,
1685 1496 150 75 properly
1850 1496 114 75 fignify
1981 1496 77 75 fuch
2082 1496 170 75 medicines

1268 1541 32 75 as
1318 1541 146 75 promote
1481 1541 55 75 the
1553 1541 165 75 difeharge
1734 1541 40 75 of
1790 1541 110 75 faliva.

1219 1589 464 75 ANACEPHALALOSIS,
1708 1589 31 75 in
1757 1589 153 75 rhetoric,
1928 1589 56 75 the
2007 1589 85 75 fame
2108 1589 79 75 with
2204 1589 48 75 re-

1268 1634 217 75 capitulation.
1536 1634 61 75 See
1614 1634 377 75 Recapitulation.

1220 1682 386 75 ANACHIMOIJSSI,
1635 1682 19 75 a
1674 1682 137 75 country
1826 1682 33 75 in
1884 1682 55 75 the
1962 1682 98 75 iiland
2076 1682 41 75 of
2135 1682 118 75 Mada-

1268 1726 117 75 gafear,
1404 1726 171 75 bordering
1590 1726 44 75 on
1652 1726 55 75 the
1723 1726 93 75 fouth
1833 1726 79 75 with
1933 1726 208 75 Manaboule.

1221 1774 318 75 ANACHORET,
1553 1774 32 75 in
1601 1774 270 75 church-hiftory,
1883 1774 134 75 denotes
2035 1774 18 75 a
2068 1774 130 75 hermit,
2216 1774 38 75 or

1268 1819 129 75 fblitary
1417 1819 108 75 monk,
1554 1819 73 75 who
1654 1819 110 75 retires
1786 1819 85 75 from
1895 1819 55 75 the
1967 1819 121 75 fociety
2103 1819 40 75 of
2164 1819 89 75 man-

1266 1866 79 75 kind
1360 1866 69 75 into
1445 1866 85 75 fome
1546 1866 117 75 defart,
1688 1866 79 75 with
1785 1866 19 75 a
1819 1866 81 75 view
1916 1866 35 75 to
1968 1866 94 75 avoid
2079 1866 55 75 the
2150 1866 103 75 temp-

1266 1913 117 75 tations
1400 1913 41 75 of
1451 1913 56 75 the
1525 1913 113 75 world,
1656 1913 64 75 and
1735 1913 35 75 to
1787 1913 39 75 be
1842 1913 89 75 more
1947 1913 33 75 at
1995 1913 112 75 leifure
2122 1913 54 75 for
2186 1913 66 75 me-

1267 1959 136 75 ditation
1420 1959 62 75 and
1497 1959 127 75 prayer.

1315 2005 87 75 Such
1422 2005 92 75 were
1538 2005 93 75 Paul,
1659 2005 170 75 Anthony,
1847 2005 63 75 and
1937 2005 161 75 Hilarion,
2116 2005 56 75 the
2188 2005 64 75 firft

1268 2052 153 75 founders
1439 2052 39 75 of
1496 2052 150 75 monaftic
1661 2052 71 75 life,
1749 2052 32 75 in
1797 2052 111 75 Egypt
1924 2052 62 75 and
2001 2052 169 75 Paleftine.

1316 2098 213 75 Anachorets,
1557 2098 117 75 among
1693 2098 56 75 the
1765 2098 142 75 Greeks,
1940 2098 108 75 confift
2065 2098 188 75 principally

1268 2146 40 75 of
1325 2146 125 75 monks,
1467 2146 75 75 who
1559 2146 96 75 retire
1672 2146 34 75 to
1723 2146 91 75 caves
1831 2146 38 75 or
1884 2146 90 75 cells,
1997 2146 79 75 with
2093 2146 55 75 the
2164 2146 90 75 leave

1267 2193 40 75 of
1327 2193 56 75 the
1411 2193 110 75 abbot,
1548 2193 66 75 and
1626 2193 39 75 an
1685 2193 173 75 allowance
1874 2193 84 75 from
1975 2193 54 75 the
2052 2193 199 75 monaftery;

1268 2239 37 75 or
1321 2239 86 75 who,
1424 2239 108 75 weary
1548 2239 40 75 of
1613 2239 56 75 the
1685 2239 137 75 fatigues
1839 2239 40 75 of
1897 2239 54 75 the
1968 2239 189 75 monafttry,
2179 2239 74 75 pur-

1269 2286 91 75 chafe
1376 2286 19 75 a
1410 2286 70 75 fpot
1495 2286 41 75 of
1546 2286 137 75 ground,
1713 2286 35 75 to
1775 2286 106 75 which
1906 2286 77 75 they
1999 2286 130 75 retreat,
2157 2286 98 75 never

1269 2332 168 75 appearing
1453 2332 92 75 again
1560 2332 33 75 in
1612 2332 55 75 the
1683 2332 190 75 monaftery,
1886 2332 103 75 unlefs
2006 2332 41 75 on
2063 2332 118 75 folemn
2198 2332 55 75 oc-

1270 2379 130 75 cafions.

1221 2426 374 75 ANACHRONISM,
1619 2426 31 75 in
1676 2426 131 75 matters
1825 2426 40 75 of
1886 2426 177 75 literature,
2096 2426 40 75 an
2163 2426 90 75 error

1269 2472 78 75 with
1364 2472 118 75 refpedt
1498 2472 35 75 to
1550 2472 210 75 chronology,
1777 2472 151 75 whereby
1940 2472 39 75 an
1995 2472 92 75 event
2104 2472 25 75 is
2142 2472 113 75 placed

1269 2518 112 75 earlier
1396 2518 77 75 than
1489 2518 26 75 it
1532 2518 100 75 really
1642 2518 177 75 happened,
1837 2518 33 75 in
1886 2518 104 75 which
2008 2518 84 75 fenfe
2108 2518 25 75 it
2149 2518 104 75 Hands

1270 2565 138 75 oppofed
1422 2565 37 75 to
1471 2565 266 75 •Paracbronifm.

1222 2612 169 75 ANACL
1397 2612 179 75 ASTICS,
1590 2612 70 75 that
1677 2612 69 75 part
1756 2612 39 75 of
1803 2612 101 75 optics
1916 2612 104 75 wdiich
2031 2612 156 75 confiders
2198 2612 57 75 the

1272 2657 167 75 refradlion
1453 2657 39 75 of
1499 2657 94 75 light.
1644 2657 61 75 See
1717 2657 276 75 Refraction,
2012 2657 63 75 and
2092 2657 161 75 Optics.

1225 2705 312 75 ANACLASTIC
1549 2705 128 75 glaffes.
1727 2705 62 75 See
1811 2705 141 75 Glass.

1224 2751 367 75 ANACLETERIA,
1608 2751 32 75 in
1658 2751 171 75 antiquity,
1847 2751 19 75 a
1881 2751 119 75 folemn
2024 2751 121 75 feftival
2155 2751 6 75 •
2171 2751 83 75 cele-

1271 2798 115 75 brated
1412 2798 44 75 by
1478 2798 56 75 the
1556 2798 140 75 ancients
1721 2798 93 75 when
1839 2798 84 75 their
1947 2798 92 75 kings
2067 2798 37 75 or
2131 2798 124 75 princes

1272 2844 87 75 came
1383 2844 41 75 of
1445 2844 70 75 age,
1544 2844 62 75 and
1630 2844 138 75 affumed
1791 2844 56 75 the
1863 2844 84 75 reins
1967 2844 40 75 of
2034 2844 218 75 government.

1271 2891 33 75 It
1322 2891 28 75 is
1373 2891 34 75 fo
1429 2891 114 75 called,
1576 2891 130 75 becaufe
1729 2891 230 75 proclamation
1982 2891 96 75 being
2100 2891 92 75 made
2206 2891 5 75 '
2220 2891 41 75 of

1272 2938 63 75 this
1360 2938 93 75 event
1477 2938 35 75 to
1538 2938 56 75 the
1621 2938 124 75 people,
1778 2938 78 75 they
1872 2938 85 75 went
1984 2938 35 75 to
2043 2938 102 75 fahite
2173 2938 85 75 their

1272 2984 106 75 prince
1394 2984 116 75 during
1528 2984 55 75 the
1600 2984 202 75 anacleteria,
1825 2984 63 75 and
1904 2984 35 75 to
1955 2984 218 75 congratulate
2189 2984 67 75 him

1272 3032 84 75 upon
1372 3032 50 75 his
1438 3032 71 75 new
1525 3032 137 75 dignity.

2135 3079 117 75 ANA*
