2493 3387
1125 235 20 75 (
1200 235 87 75 434
1342 235 19 75 )

489 491 754 75 ASTRO

186 698 354 75 ASTRONOMY
556 698 26 75 is
599 698 57 75 the
670 698 123 75 fclence
808 698 106 75 which
931 698 99 75 treats
1043 698 40 75 of
1090 698 56 75 the
1161 698 55 75 na-

293 749 70 75 ture
382 749 61 75 and
460 749 176 75 properties
653 749 39 75 of
705 749 54 75 the
779 749 157 75 heavenly
953 749 123 75 bodies.

255 875 140 75 Chap.
426 875 31 75 I.
516 875 65 75 Of
602 875 294 75 Astronomy
927 875 43 75 in
992 875 171 75 general.

234 972 57 75 By
310 972 181 75 aftronomy
506 972 49 75 we
571 972 142 75 difcover
728 972 73 75 that
817 972 56 75 the
889 972 92 75 earth
997 972 29 75 is
1043 972 33 75 at
1087 972 35 75 fo
1133 972 91 75 great

191 1019 20 75 a
225 1019 137 75 diflance
379 1019 85 75 from
481 1019 55 75 the
553 1019 69 75 fun,
640 1019 71 75 that
724 1019 31 75 if
766 1019 71 75 feen
849 1019 85 75 from
950 1019 116 75 thence
1077 1019 25 75 it
1114 1019 110 75 would

187 1064 116 75 appear
314 1064 41 75 no
364 1064 110 75 bigger
484 1064 78 75 than
573 1064 18 75 a
603 1064 103 75 point,
719 1064 158 75 although
890 1064 41 75 its
941 1064 248 75 circumference
1196 1064 27 75 is

188 1111 119 75 known
324 1111 35 75 to
376 1111 40 75 be
434 1111 129 75 25,020
580 1111 104 75 miles.
717 1111 66 75 Yet
799 1111 72 75 that
885 1111 139 75 diflance
1035 1111 27 75 is
1075 1111 34 75 fo
1121 1111 122 75 fmalli.

189 1156 172 75 compared
376 1156 80 75 with
473 1156 55 75 the
544 1156 120 75 earth’s
681 1156 137 75 diftance
834 1156 85 75 from
944 1156 57 75 the
1023 1156 88 75 fixed
1134 1156 89 75 ftars,

189 1203 85 75 that*
283 1203 31 75 if
329 1203 55 75 the
400 1203 87 75 orbit
503 1203 32 75 in
550 1203 107 75 which
669 1203 56 75 the
742 1203 92 75 earth
851 1203 108 75 moves
977 1203 101 75 round
1097 1203 55 75 the
1168 1203 55 75 fun

190 1250 83 75 were
293 1250 95 75 folid,
414 1250 63 75 and
488 1250 71 75 feen
575 1250 84 75 from
677 1250 55 75 the
748 1250 205 75 neareftllar,
978 1250 27 75 it
1017 1250 109 75 would
1141 1250 80 75 like-

189 1297 76 75 wife
290 1297 115 75 appear
429 1297 42 75 no
488 1297 111 75 bigger
622 1297 78 75 than
728 1297 18 75 a
772 1297 103 75 point,
900 1297 156 75 although
1083 1297 26 75 it
1133 1297 28 75 is
1189 1297 34 75 at

189 1343 78 75 Jcaft
281 1343 61 75 162
357 1343 138 75 millions
512 1343 40 75 of
564 1343 89 75 miles
665 1343 32 75 in
710 1343 170 75 diameter.
919 1343 66 75 For
993 1343 57 75 the
1067 1343 104 75 earth,
1188 1343 33 75 in

190 1390 99 75 going
306 1390 102 75 round
423 1390 56 75 the
496 1390 69 75 fun,
593 1390 26 75 is
641 1390 63 75 162
734 1390 141 75 millions
893 1390 40 75 of
951 1390 91 75 miles
1059 1390 111 75 nearer
1186 1390 36 75 to

189 1437 87 75 fome
288 1437 40 75 of
339 1437 56 75 the
412 1437 76 75 ftars
506 1437 32 75 at
555 1437 60 75 one
627 1437 78 75 time
717 1437 41 75 of
769 1437 55 75 the
840 1437 76 75 year
933 1437 76 75 than
1021 1437 33 75 at
1068 1437 153 75 another;

191 1485 65 75 and
277 1485 56 75 yet
358 1485 86 75 their
467 1485 151 75 apparent
643 1485 215 75 magnitudes,
884 1485 178 75 fituations,
1087 1485 63 75 and
1174 1485 49 75 di-

192 1529 120 75 ftances
329 1529 83 75 from
429 1529 60 75 one
506 1529 134 75 another
656 1529 60 75 ftill
729 1529 119 75 remain
865 1529 55 75 the
931 1529 84 75 fame
1027 1529 11 75 ;
1064 1529 63 75 and
1142 1529 18 75 a
1175 1529 49 75 te-

191 1575 125 75 lefcope
343 1575 105 75 which
468 1575 161 75 magnifies
647 1575 101 75 above
767 1575 68 75 200
850 1575 93 75 times
960 1575 80 75 does
1057 1575 56 75 not
1133 1575 91 75 fenfi-

192 1623 57 75 bly
264 1623 143 75 magnify
422 1623 109 75 them;
557 1623 105 75 which
680 1623 112 75 proves
805 1623 89 75 them
909 1623 36 75 to
961 1623 39 75 be
1017 1623 33 75 at
1065 1623 75 75 leaft
1159 1623 68 75 400

192 1667 176 75 thoufands
389 1667 94 75 times
508 1667 124 75 farther
651 1667 86 75 from
759 1667 37 75 us
819 1667 78 75 than
922 1667 49 75 we
999 1667 54 75 are
1070 1667 87 75 from
1172 1667 55 75 the

193 1716 71 75 fun.

242 1761 32 75 It
293 1761 27 75 is
337 1761 57 75 not
410 1761 36 75 to
456 1761 41 75 be
514 1761 159 75 imagined
690 1761 71 75 that
777 1761 42 75 all
837 1761 54 75 the
909 1761 76 75 ftars
1002 1761 54 75 are
1072 1761 113 75 placed
1196 1761 32 75 in

196 1808 60 75 one
273 1808 136 75 concave
426 1808 194 75 furface^fo
637 1808 34 75 as
688 1808 35 75 to
734 1808 40 75 be
790 1808 131 75 equally
937 1808 114 75 diftant
1068 1808 84 75 from
1168 1808 58 75 us;

196 1854 59 75 but
275 1854 70 75 that
362 1854 77 75 they
455 1854 53 75 are
520 1854 158 75 fcanered
696 1854 31 75 at
743 1854 148 75 immenfe
906 1854 153 75 diftanc.es
1071 1854 85 75 from
1168 1854 61 75 one

196 1899 135 75 another
349 1899 139 75 through
505 1899 169 75 unlimited
690 1899 103 75 fpace.
844 1899 45 75 So
905 1899 70 75 that
993 1899 91 75 there
1100 1899 73 75 may
1189 1899 40 75 be

196 1947 37 75 as
248 1947 91 75 great
356 1947 18 75 a
389 1947 137 75 diftance
542 1947 144 75 between
704 1947 61 75 any
793 1947 65 75 two
887 1947 232 75 neighbouring
1136 1947 89 75 ftars,

197 1994 36 75 as
255 1994 145 75 between
416 1994 59 75 our
491 1994 56 75 fun
572 1994 61 75 and
650 1994 89 75 thofe
756 1994 105 75 which
879 1994 53 75 are
949 1994 120 75 neareft
1096 1994 36 75 to
1148 1994 78 75 him.

198 2036 184 75 Therefore
404 2036 39 75 an
472 2036 163 75 obferver,.
654 2036 75 75 who
754 2036 27 75 is
809 2036 121 75 neareft
957 2036 62 75 any
1043 2036 88 75 fixed
1155 2036 72 75 ftar,

198 2086 69 75 will
278 2086 76 75 look
371 2086 122 75 upon.it
506 2086 92 75 alone
615 2086 33 75 as
661 2086 18 75 a
694 2086 66 75 real
772 2086 74 75 fun;
866 2086 62 75 and
944 2086 140 75 confider
1101 2086 55 75 the
1168 2086 61 75 reft

198 2133 36 75 as
251 2133 34 75 fo
300 2133 94 75 many
410 2133 121 75 fhining
546 2133 118 75 points,
689 2133 112 75 placed
816 2133 33 75 at
865 2133 96 75 equal
977 2133 152 75 diftances
1145 2133 85 75 from

199 2178 67 75 him
283 2178 32 75 in
331 2178 55 75 the
401 2178 191 75 firmament.

249 2224 52 75 By
316 2224 55 75 the
393 2224 75 75 help
492 2224 40 75 of
554 2224 179 75 telefcopes.
754 2224 48 75 we
830 2224 144 75 difcover
1000 2224 171 75 thoufands
1196 2224 40 75 of

201 2270 77 75 ftars
295 2270 104 75 which
413 2270 53 75 are
478 2270 139 75 invifible
634 2270 35 75 to
686 2270 56 75 the
758 2270 104 75 naked
879 2270 79 75 eye;
986 2270 61 75 and
1058 2270 56 75 the
1126 2270 105 75 better

202 2317 60 75 our
278 2317 110 75 glafles
405 2317 69 75 are,
496 2317 61 75 ftill
574 2317 54 75 the
645 2317 88 75 tnore
748 2317 132 75 become
896 2317 109 75 vifible
1018 2317 11 75 ;
1056 2317 33 75 fo
1106 2317 70 75 that
1189 2317 43 75 no

199 2361 103 75 limits
319 2361 58 75 can
393 2361 39 75 be
449 2361 45 75 fet
510 2361 102 75 either
628 2361 35 75 to
676 2361 83 75 their
771 2361 134 75 number
915 2361 38 75 or
969 2361 85 75 their
1066 2361 165 75 diftances.

250 2409 76 75 The
342 2409 55 75 fun
415 2409 129 75 appears
561 2409 78 75 very
662 2409 108 75 bright
795 2409 63 75 and
884 2409 89 75 large
988 2409 31 75 in
1038 2409 195 75 comparifon

204 2455 40 75 of
255 2455 55 75 the
333 2455 88 75 fixed
440 2455 89 75 ftars,
553 2455 131 75 becaufe
707 2455 48 75 we
779 2455 81 75 keep
884 2455 176 75 conftantly
1076 2455 75 75 near
1177 2455 56 75 the

206 2502 71 75 fun,
292 2502 31 75 in
342 2502 195 75 comparifon
550 2502 39 75 of
599 2502 59 75 our
670 2502 149 75 immenfe
830 2502 137 75 diftance
978 2502 86 75 from
1076 2502 54 75 the
1143 2502 89 75 ftars.

205 2548 66 75 For
288 2548 18 75 a
322 2548 166 75 fpe&ator,
514 2548 113 75 placed
643 2548 33 75 as
692 2548 75 75 near
783 2548 35 75 to
835 2548 61 75 any
912 2548 62 75 ftar
990 2548 34 75 as
1045 2548 49 75 we
1119 2548 53 75 are
1199 2548 36 75 fo

206 2595 57 75 the
280 2595 68 75 fun,
372 2595 109 75 would
495 2595 51 75 fee
563 2595 72 75 that
658 2595 62 75 ftar
736 2595 18 75 a
773 2595 88 75 body
883 2595 33 75 as
944 2595 87 75 large
1048 2595 62 75 and
1125 2595 109 75 bright

205 2641 35 75 as
257 2641 54 75 the
328 2641 55 75 fun
399 2641 136 75 .appears
553 2641 34 75 to
607 2641 57 75 us:
691 2641 62 75 and
769 2641 18 75 a
803 2641 167 75 fpe&ator,
995 2641 33 75 as
1052 2641 50 75 far
1119 2641 114 75 diftant

207 2687 84 75 from
309 2687 54 75 the
379 2687 56 75 fun
452 2687 34 75 as
502 2687 49 75 we
568 2687 52 75 are
638 2687 83 75 from
738 2687 53 75 the
805 2687 88 75 ftars,
919 2687 109 75 would
1043 2687 50 75 fee
1109 2687 55 75 the
1181 2687 55 75 fun

209 2734 32 75 as
260 2734 89 75 fmall
366 2734 33 75 as
416 2734 47 75 we
476 2734 49 75 fee
542 2734 18 75 a
576 2734 72 75 ftar,
665 2734 140 75 divefted
822 2734 39 75 of
872 2734 43 75 all
932 2734 41 75 its
990 2734 247 75 circumvolving

207 2780 144 75 planets;
370 2780 62 75 and
448 2780 108 75 would
567 2780 117 75 reckon
697 2780 26 75 it
734 2780 61 75 one
807 2780 40 75 of
857 2780 55 75 the
924 2780 78 75 ftars
1018 2780 33 75 in
1068 2780 168 75 numbring

207 2828 103 75 them.

449 2828 6 75 .

248 2872 76 75 The
337 2872 89 75 ftars,
439 2872 95 75 being
546 2872 33 75 at
593 2872 75 75 fuch
683 2872 148 75 immenfe
841 2872 151 75 diftances
1002 2872 84 75 from
1097 2872 56 75 the
1165 2872 70 75 fun,

209 2917 116 75 cannot
342 2917 129 75 poffibly
488 2917 121 75 receive
625 2917 85 75 from
721 2917 66 75 him
803 2917 33 75 fo
852 2917 106 75 ftrong
975 2917 18 75 a
1009 2917 80 75 light
1107 2917 34 75 as
1157 2917 77 75 they

206 2963 83 75 feem
301 2963 36 75 to
354 2963 100 75 have;
473 2963 60 75 nor
549 2963 61 75 any
622 2963 176 75 brightnefs
816 2963 155 75 fufficient
984 2963 34 75 to
1036 2963 92 75 make
1145 2963 88 75 them

209 3009 107 75 vifible
329 3009 34 75 to
375 3009 49 75 us.
457 3009 66 75 For
539 3009 55 75 the
611 3009 82 75 fun’s
709 3009 72 75 rays
798 3009 80 75 muft
894 3009 40 75 be
950 3009 35 75 fo
1000 3009 157 75 fcattered
1173 3009 63 75 and

210 3056 162 75 diftipatcd
397 3056 111 75 before
535 3056 78 75 they
636 3056 96 75 reach
754 3056 76 75 fuch
858 3056 122 75 remote
1007 3056 132 75 obje&s,
1164 3056 72 75 that

1347 493 84 75 N
1530 493 69 75 O
1698 493 101 75 M
1896 493 99 75 Y.

1266 689 77 75 they
1362 689 58 75 can
1437 689 97 75 never
1549 689 41 75 be
1607 689 202 75 tranfmitted
1823 689 84 75 back
1923 689 35 75 to
1974 689 60 75 onr
2049 689 87 75 eyes,
2160 689 35 75 fo
2211 689 33 75 as
2267 689 38 75 to

1266 735 113 75 render
1395 735 88 75 thefe
1500 735 121 75 objedts
1639 735 106 75 vifible
1757 735 44 75 by
1813 735 168 75 reflexion.
2013 735 78 75 The
2104 735 77 75 ftars
2194 735 109 75 there-

1267 782 70 75 fore
1353 782 85 75 fttine
1455 782 78 75 with
1551 782 86 75 their
1655 782 71 75 own
1744 782 105 75 native
1872 782 63 75 and
1958 782 215 75 unborrowed
2195 782 109 75 luftre,

1267 828 33 75 as
1317 828 55 75 the
1388 828 56 75 fun
1459 828 99 75 does;
1586 828 64 75 and
1673 828 80 75 fince
1777 828 77 75 each
1878 828 174 75 particular
2079 828 74 75 ftar,
2178 828 34 75 as
2230 828 75 75 well
2321 810 15 49 /

1269 874 34 75 as
1318 874 57 75 the
1390 874 69 75 fun,
1484 874 28 75 is
1529 874 145 75 confined
1690 874 36 75 to
1750 874 18 75 a
1787 874 175 75 particular
1986 874 128 75 portion
2141 874 41 75 of
2200 874 104 75 fpace,

1269 920 26 75 it
1313 920 26 75 is
1356 920 85 75 plain
1458 920 70 75 that
1546 920 56 75 the
1619 920 76 75 ftars
1713 920 53 75 are
1783 920 42 75 of
1843 920 55 75 the
1920 920 85 75 fame
2025 920 112 75 nature
2153 920 79 75 with
2248 920 58 75 the

1272 967 69 75 fun.

1318 1013 30 75 It
1365 1013 27 75 is
1408 1013 133 75 noways
1556 1013 153 75 probable
1733 1013 71 75 that
1820 1013 57 75 the
1895 1013 183 75 Almighty,
2096 1013 74 75 who
2187 1013 118 75 always

1272 1060 64 75 adts
1349 1060 77 75 with
1439 1060 121 75 infinite
1572 1060 143 75 wifdom,
1734 1060 63 75 and
1808 1060 78 75 does
1898 1060 134 75 nothing
2045 1060 31 75 in
2092 1060 86 75 vain,
2193 1060 113 75 (hould

1273 1106 106 75 create
1395 1106 34 75 fo
1446 1106 95 75 many
1556 1106 141 75 glorious
1715 1106 84 75 funs,
1824 1106 36 75 fit
1877 1106 52 75 for
1956 1106 34 75 fo
2019 1106 95 75 many
2130 1106 175 75 important

1272 1152 162 75 purpofes,
1460 1152 64 75 and
1547 1152 89 75 place
1652 1152 88 75 them
1758 1152 32 75 at
1808 1152 76 75 fuch
1900 1152 154 75 diftances
2071 1152 84 75 from
2172 1152 60 75 one
2250 1152 55 75 an-

1272 1198 106 75 other,
1396 1198 137 75 without
1545 1198 117 75 proper
1674 1198 122 75 objedts
1813 1198 77 75 near
1905 1198 127 75 enough
2045 1198 35 75 to
2092 1198 41 75 be
2149 1198 159 75 benefited

1270 1244 44 75 by
1330 1244 84 75 their
1429 1244 184 75 influences.
1662 1244 168 75 Whoever
1852 1244 258 75 imagines'they
2137 1244 84 75 were
2237 1244 68 75 cre-

1272 1291 74 75 ated
1363 1291 77 75 only
1456 1291 35 75 to
1514 1291 70 75 give
1602 1291 19 75 a
1637 1291 81 75 faint
1740 1291 201 75 glimmering
1957 1291 84 75 light
2057 1291 36 75 to
2108 1291 56 75 the
2181 1291 123 75 inhabi-

1270 1336 84 75 tants
1379 1336 40 75 of
1438 1336 64 75 this
1532 1336 107 75 globe,
1665 1336 80 75 muft
1768 1336 82 75 have
1867 1336 19 75 a
1900 1336 79 75 very
2002 1336 176 75 fuperficial
2194 1336 111 75 know-

1270 1383 71 75 lege
1358 1383 39 75 of
1409 1383 192 75 aftronomy,
1627 1383 62 75 and
1717 1383 18 75 a
1762 1383 91 75 mean
1881 1383 128 75 opinion
2037 1383 41 75 of
2102 1383 55 75 the
2186 1383 123 75 Divine

1271 1430 170 75 Wifdom;
1468 1430 95 75 fince,
1588 1430 42 75 by
1648 1430 37 75 an
1702 1430 156 75 infinitely
1874 1430 59 75 lefs
1950 1430 147 75 exertion
2114 1430 40 75 of
2165 1430 143 75 creating

1272 1475 118 75 power,
1416 1475 57 75 the
1491 1475 104 75 Deity
1611 1475 96 75 could
1723 1475 81 75 have
1819 1475 95 75 given
1926 1475 59 75 our
1997 1475 91 75 earth
2104 1475 96 75 much
2217 1475 90 75 more

1273 1522 83 75 light
1372 1522 44 75 by
1435 1522 61 75 one
1517 1522 95 75 Angle
1636 1522 174 75 additional
1829 1522 109 75 moon.

1322 1568 123 75 Inftead
1461 1568 78 75 then
1556 1568 40 75 of
1606 1568 60 75 one
1678 1568 56 75 fun
1751 1568 64 75 and
1831 1568 60 75 one
1908 1568 104 75 world
2024 1568 76 75 only
2116 1568 32 75 in
2165 1568 55 75 the
2236 1568 71 75 uni-

1274 1615 101 75 verfe,
1400 1615 180 75 aftronomy
1608 1615 162 75 difcovers
1798 1615 36 75 to
1856 1615 37 75 us
1920 1615 77 75 fuch
2013 1615 40 75 an
2068 1615 240 75 inconceivable

1276 1661 133 75 number
1424 1661 41 75 of
1479 1661 83 75 funs,
1586 1661 132 75 fyftems'
1718 1661 10 75 ,
1754 1661 62 75 and
1832 1661 133 75 worlds,
1990 1661 160 75 difperfed
2165 1661 142 75 through

1272 1708 172 75 boundlefs
1468 1708 105 75 fpace,
1596 1708 71 75 that
1692 1708 31 75 if
1745 1708 59 75 our
1826 1708 70 75 fun,
1920 1708 79 75 with
2026 1708 44 75 all
2094 1708 56 75 the
2170 1708 137 75 planets,

1276 1755 129 75 moons,
1429 1755 62 75 and
1514 1755 121 75 comets
1663 1755 176 75 belonging
1863 1755 35 75 to
1924 1755 40 75 it,
1989 1755 83 75 were
2099 1755 208 75 annihilated,

1276 1801 78 75 they
1380 1801 108 75 would
1515 1801 41 75 be
1584 1801 42 75 no
1653 1801 89 75 more
1767 1801 120 75 miffed,
1912 1801 43 75 by
1973 1801 40 75 an
2028 1801 58 75 eye
2113 1801 71 75 that
2212 1801 98 75 could

1278 1847 73 75 take
1366 1847 34 75 in
1416 1847 56 75 the
1488 1847 104 75 whole
1610 1847 155 75 creation,
1790 1847 76 75 than
1884 1847 18 75 a
1913 1847 88 75 grain
2013 1847 40 75 of
2064 1847 76 75 faod
2157 1847 83 75 from
2252 1847 58 75 the

1277 1893 175 75 fea-lhore:
1487 1893 76 75 The
1587 1893 90 75 fpace
1702 1893 79 75 they
1803 1893 114 75 poffefs
1942 1893 94 75 being
2060 1893 248 75 comparatively

1275 1940 35 75 fo
1326 1940 101 75 fmall,
1452 1940 71 75 that
1539 1940 26 75 it
1581 1940 109 75 would
1708 1940 106 75 fcarce
1832 1940 41 75 be
1895 1940 18 75 a
1929 1940 129 75 fenfible
2074 1940 97 75 blank
2196 1940 34 75 in
2253 1940 57 75 the

1275 1985 156 75 univerfe,
1456 1985 154 75 although
1629 1985 129 75 Saturn,
1784 1985 56 75 the
1856 1985 173 75 outermoft
2046 1985 41 75 of
2098 1985 58 75 our
2171 1985 137 75 planets,

1278 2031 142 75 revolves
1434 2031 97 75 about
1537 2031 62 75 the
1610 2031 55 75 fun
1679 2031 31 75 in
1722 2031 40 75 an
1775 2031 85 75 orbit
1872 2031 40 75 of
1917 2031 92 75 4884
2020 2031 139 75 millions
2172 2031 39 75 of
2218 2031 91 75 miles

1277 2078 31 75 in
1321 2078 258 75 circumference,
1592 2078 60 75 and
1666 2078 84 75 fome
1762 2078 40 75 of
1815 2078 59 75 our
1886 2078 121 75 comets
2023 2078 92 75 make
2128 2078 181 75 excurfions

1277 2124 147 75 upwards
1447 2124 42 75 of
1506 2124 54 75 ten
1587 2124 157 75 thoufand
1768 2124 139 75 millions
1935 2124 40 75 of
1996 2124 91 75 miles
2104 2124 128 75 beyond
2249 2124 60 75 Sa-

1277 2173 103 75 turn’s
1392 2173 104 75 orbit;
1523 2173 63 75 and
1597 2173 68 75 yet,
1690 2173 34 75 at
1739 2173 71 75 that
1826 2173 151 75 amazing
1988 2173 149 75 diftance,
2162 2173 79 75 they
2257 2173 56 75 are

1278 2217 238 75 incomparably
1537 2217 111 75 nearer
1664 2217 35 75 to
1719 2217 55 75 the
1790 2217 55 75 fun
1862 2217 76 75 than
1957 2217 35 75 to
2009 2217 60 75 any
2086 2217 40 75 of
2137 2217 55 75 the
2207 2217 77 75 ftars
2295 2217 14 75 ;

1279 2264 33 75 as
1329 2264 27 75 is
1372 2264 126 75 evident
1514 2264 94 75 from'
1623 2264 84 75 their
1725 2264 136 75 keeping
1887 2264 86 75 clear
2000 2264 41 75 of
2062 2264 57 75 the
2146 2264 167 75 attradHve

1280 2311 108 75 power
1407 2311 42 75 of
1458 2311 41 75 all
1525 2311 56 75 the
1596 2311 88 75 ftars,
1710 2311 62 75 and
1787 2311 163 75 returning
1965 2311 209 75 periodically
2185 2311 43 75 by
2245 2311 64 75 vir-

1281 2357 53 75 tue
1358 2357 41 75 of
1417 2357 55 75 the
1489 2357 83 75 fun’s
1591 2357 180 75 attraftion.

1328 2403 96 75 From
1442 2403 85 75 what
1545 2403 50 75 we
1618 2403 95 75 know
1736 2403 40 75 of
1795 2403 59 75 our
1881 2403 72 75 own
1974 2403 127 75 fyftem,
2124 2403 25 75 it
2173 2403 75 75 may
2270 2403 41 75 be

1282 2450 184 75 reafonably
1489 2450 193 75 concluded,
1709 2450 71 75 that
1808 2450 42 75 all
1879 2450 55 75 the
1963 2450 59 75 reft
2050 2450 53 75 are
2118 2450 78 75 with
2213 2450 96 75 equal

1282 2495 131 75 wifdom
1430 2495 184 75 contrived,
1638 2495 145 75 fituated,
1815 2495 64 75 and
1899 2495 155 75 provided
2079 2495 79 75 with
2186 2495 125 75 accom-

1283 2541 181 75 modations
1491 2541 52 75 for
1570 2541 135 75 rational
1733 2541 208 75 inhabitants.
1989 2541 66 75 Let
2083 2541 37 75 us
2147 2541 164 75 therefore

1258 2588 12 75 -
1281 2588 73 75 take
1367 2588 19 75 a
1397 2588 111 75 furvey
1523 2588 41 75 of
1574 2588 56 75 the
1643 2588 111 75 fyftem
1772 2588 35 75 to
1818 2588 106 75 which
1936 2588 49 75 we
2001 2588 137 75 belong;
2164 2588 54 75 the
2234 2588 77 75 only

1282 2634 59 75 one
1355 2634 159 75 acceflible
1531 2634 34 75 to
1581 2634 37 75 us
1630 2634 11 75 ;
1661 2634 61 75 and
1739 2634 84 75 from
1840 2634 114 75 thence
1970 2634 48 75 we
2035 2634 74 75 ftiall
2123 2634 39 75 be
2175 2634 54 75 the
2241 2634 70 75 bet-

1284 2680 49 75 ter
1356 2680 135 75 enabled
1507 2680 36 75 to
1556 2680 102 75 judge
1675 2680 41 75 of
1722 2680 4 75 .
1737 2680 56 75 the
1809 2680 113 75 nature
1938 2680 63 75 and
2016 2680 63 75 end
2095 2680 41 75 of
2145 2680 55 75 the
2217 2680 95 75 other

1284 2726 127 75 fyftems
1428 2726 40 75 of
1487 2726 55 75 the
1558 2726 156 75 univerfe.
1763 2726 66 75 For
1845 2726 155 75 although
2029 2726 90 75 there
2143 2726 28 75 is
2200 2726 111 75 almoft

1284 2773 40 75 an
1340 2773 121 75 infinite
1476 2773 122 75 variety
1614 2773 33 75 in
1664 2773 56 75 the
1742 2773 86 75 parts
1846 2773 40 75 of
1903 2773 55 75 the
1978 2773 140 75 creation
2134 2773 105 75 which
2263 2773 49 75 we

1281 2820 81 75 have
1379 2820 231 75 opportunities
1627 2820 40 75 of
1678 2820 193 75 examining,
1896 2820 55 75 yet
1979 2820 94 75 there
2093 2820 27 75 is
2144 2820 18 75 a
2184 2820 129 75 general

1283 2867 133 75 analogy
1433 2867 136 75 running
1584 2867 153 75 through,
1755 2867 62 75 and
1834 2867 184 75 connecting
2034 2867 44 75 all
2094 2867 54 75 the
2165 2867 87 75 parts
2264 2867 48 75 in-

1282 2912 35 75 to
1332 2912 61 75 one
1409 2912 90 75 great
1522 2912 62 75 and
1599 2912 155 75 univerfal
1772 2912 124 75 fyftem.

1327 2958 57 75 To
1399 2958 40 75 an
1460 2958 156 75 attentive
1636 2958 194 75 confiderer,
1849 2958 27 75 it
1895 2958 67 75 will
1979 2958 114 75 appear
2108 2958 113 75 highly
2237 2958 75 75 pro-

1284 3005 103 75 bable,
1423 3005 70 75 that
1521 3005 54 75 the
1600 3005 121 75 planets
1750 3005 41 75 of
1811 3005 60 75 our
1899 3005 124 75 fyftem,
2056 3005 147 75 togother
2231 3005 82 75 with

1283 3052 84 75 their
1381 3052 182 75 attendants
1579 3052 103 75 called
1687 3052 165 75 fatellites
1869 3052 39 75 or
1923 3052 104 75 moons
2027 3084 17 49 t
2076 3052 54 75 are
2153 3052 96 75 much
2276 3052 44 75 of

2256 3091 54 75 the
