2493 3387
756 175 495 75 ASTRO

208 245 76 75 year
299 245 101 75 round
419 245 32 75 at
477 245 54 75 the
554 245 146 75 equator,
726 245 106 75 which
848 245 26 75 is
899 245 117 75 always
1034 245 129 75 equally
1186 245 54 75 cut

209 291 43 75 by
266 291 58 75 the
341 291 95 75 circle
453 291 178 75 bounding'
631 291 82 75 light
734 291 63 75 and
797 273 10 49 ;
807 291 168 75 darknefs.

256 338 76 75 The
348 338 187 75 inclination
550 338 40 75 of
609 338 38 75 ;in
666 338 69 75 axis
752 338 36 75 or
806 338 84 75 orbit
906 338 25 75 is
955 338 122 75 merely
1093 338 144 75 relative,

208 384 133 75 becanfe
368 384 49 75 we
442 384 147 75 compare
612 384 26 75 it
666 384 76 75 with
769 384 96 75 fome'
879 384 94 75 other
999 384 68 75 axis
1093 384 38 75 or
1152 384 87 75 orbit

209 430 105 75 which
326 430 48 75 we
388 430 145 75 confider
549 430 33 75 as
601 430 55 75 not
673 430 145 75 inclined,
829 430 32 75 at
873 430 55 75 all.
977 430 25 75 T.
1014 430 72 75 hus,
1097 430 66 75 mur
1180 430 57 75 ho-

210 476 92 75 rizon
317 476 96 75 being
436 476 81 75 level
541 476 34 75 to
600 476 36 75 us
661 476 161 75 whatever
844 476 87 75 place
952 476 40 75 of
1011 476 55 75 the
1083 476 90 75 earth
1189 476 48 75 we

207 524 56 75 are
280 524 96 75 upon,
402 524 48 75 we
467 524 139 75 confider
631 524 26 75 it
682 524 33 75 as
740 524 116 75 having
879 524 40 75 no
942 524 184 75 inclination
1139 524 9 75 ;
1176 524 63 75 and

210 569 68 75 yet,
303 569 30 75 if
353 569 47 75 we
416 569 103 75 travel
536 569 46 75 90
605 569 131 75 degrees
762 569 83 75 from
870 569 70 75 that
963 569 101 75 place,
1090 569 48 75 we
1162 569 75 75 fhall

212 616 75 75 then
304 616 79 75 have
401 616 38 75 an
455 616 137 75 horizon
618 616 243 75 perpendicular
885 616 34 75 to
945 616 54 75 the
1024 616 130 75 former,
1181 616 59 75 but

202 662 35 75 •it
259 662 68 75 will
345 662 60 75 llill
420 662 41 75 be
477 662 80 75 level
576 662 34 75 to
628 662 48 75 us.
726 662 78 75 And
820 662 30 75 if
868 662 64 75 this
949 662 85 75 book
1050 662 40 75 be
1113 662 75 75 held
1205 662 32 75 lb

211 708 70 75 that
298 708 55 75 the
377 708 95 75 circle
490 708 186 75 4B€D‘be
698 708 132 75 parallel
853 708 36 75 to
913 708 55 75 the
984 708 149 75 horizon,
1159 708 78 75 both

212 755 55 75 the
283 755 95 75 circle
396 755 90 75 abed,
513 755 62 75 and
594 755 55 75 the
666 755 113 75 thread
796 755 36 75 or
849 755 70 75 axis
941 755 45 75 K,
1011 755 66 75 will
1094 755 39 75 be
1148 755 90 75 incli-

213 801 61 75 ned
291 801 35 75 to
342 801 38 75 it.
430 801 65 75 But
511 801 30 75 if
560 801 55 75 the
633 801 84 75 book
735 801 36 75 or
788 801 84 75 plate
888 801 38 75 be
943 801 76 75 held
1040 801 33 75 fo
1097 801 70 75 that
1185 801 55 75 the

212 847 115 75 thread
350 847 39 75 be
414 847 239 75 perpendicular
677 847 34 75 to
735 847 55 75 the
815 847 147 75 horizon,
989 847 77 75 then
1083 847 55 75 the
1155 847 85 75 orbit

213 893 129 75 4BCD
360 893 63 75 will
442 893 38 75 be
496 893 137 75 inclined
651 893 35 75 to
699 893 54 75 the
770 893 124 75 thread,
920 893 61 75 and
995 893 55 75 the
1063 893 84 75 orbit
1160 893 81 75 abed

213 937 239 75 perpendicular
476 937 35 75 to
535 937 127 75 it,-and
682 937 131 75 parallel
837 937 35 75 to
897 937 56 75 the
975 937 150 75 horizon.
1174 937 68 75 We

212 982 316 75 generally-confider
544 982 56 75 the
618 982 118 75 earth’s
763 982 114 75 annual
887 982 99 75 ’orbit
1002 982 35 75 as
1060 982 118 75 having
1201 982 42 75 no

211 1031 197 75 inclination,
434 1031 63 75 and
513 1031 54 75 the
582 1031 104 75 orbits
703 1031 39 75 of
748 1031 3 75 -
763 1031 43 75 all
823 1031 54 75 the
894 1031 94 75 other
1004 1031 122 75 planets
1144 1031 33 75 as
1195 1031 48 75 in-

213 1079 105 75 clined
334 1079 35 75 to
386 1079 38 75 it.

261 1124 65 75 Let
352 1124 37 75 us
414 1124 73 75 now
509 1124 73 75 take
607 1124 18 75 a
649 1124 81 75 view
753 1124 42 75 of
812 1124 56 75 the
887 1124 96 75 earth
1007 1124 33 75 in
1063 1124 41 75 its
1130 1124 113 75 annual

213 1171 112 75 courfe
342 1171 102 75 round
466 1171 55 75 the
537 1171 69 75 fun,
631 1171 194 75 Confidering
841 1171 41 75 its
899 1171 86 75 orbit
1010 1171 33 75 as
1050 1171 129 75 Jraving
1201 1171 43 75 no

213 1216 197 75 inclination,
436 1216 63 75 and
514 1216 41 75 its
574 1216 69 75 axis
660 1216 33 75 as
719 1216 151 75 inclining
889 1216 68 75 23-I-
972 1216 133 75 degrees
1124 1216 84 75 from
1226 1216 19 75 a

212 1264 64 75 line
292 1264 241 75 perpendicular
549 1264 35 75 to
601 1264 53 75 the
672 1264 92 75 plane
788 1264 40 75 of
846 1264 40 75 its
907 1264 96 75 orbit,
1030 1264 62 75 and
1108 1264 136 75 keeping

213 1311 56 75 the
296 1311 82 75 fame
403 1311 129 75 oblique
556 1311 153 75 diredlion
736 1311 32 75 in
798 1311 41 75 all
869 1311 89 75 parts
988 1311 40 75 of
1055 1311 41 75 its
1130 1311 113 75 annual

213 1357 130 75 courfe;
370 1357 49 75 or,
445 1357 33 75 as
496 1357 181 75 commonly
694 1357 135 75 termed,
853 1357 136 75 keeping
1004 1357 117 75 always
1139 1357 104 75 paral-

214 1404 42 75 lel
274 1404 34 75 to
324 1404 99 75 itfelf.

263 1449 38 75 In
326 1449 93 75 Plate
442 1449 99 75 XLI.
567 1449 56 75 fig.
649 1449 33 75 4.
707 1449 46 75 let
776 1449 155 75 abccfefgh
958 1449 40 75 be
1022 1449 68 75 the.
1104 1449 90 75 earth
1215 1449 32 75 in

217 1495 88 75 eight
328 1495 151 75 different
504 1495 86 75 parts
616 1495 39 75 of
674 1495 41 75 its
740 1495 98 75 orbit,
864 1495 191 75 equidillant
1078 1495 83 75 from
1187 1495 60 75 one

217 1541 145 75 another.
394 1541 53 75 Ns
469 1541 41 75 its
534 1541 84 75 axis,
645 1541 43 75 N
710 1541 54 75 the
792 1541 94 75 north
916 1541 83 75 pole,
1032 1541 14 75 s
1072 1541 54 75 the
1153 1541 93 75 fouth

217 1588 85 75 pole,
320 1588 62 75 and
404 1588 25 75 S
458 1588 54 75 the
534 1588 57 75 fun
607 1588 111 75 nearly
733 1588 33 75 in
782 1588 55 75 the
855 1588 107 75 centre
987 1588 39 75 of
1046 1588 55 75 the
1127 1588 119 75 earth’s

218 1634 93 75 orbit.
364 1634 49 75 As
439 1634 55 75 the
517 1634 88 75 earth
630 1634 76 75 goes
731 1634 102 75 round
860 1634 55 75 the
937 1634 55 75 fun
1018 1634 170 75 according
1212 1634 36 75 to

218 1681 55 75 the
298 1681 105 75 order
416 1681 41 75 of
479 1681 56 75 the
562 1681 112 75 letters
702 1681 92 75 abed,
818 1681 61 75 &c.
910 1681 42 75 its
981 1681 69 75 axis
1072 1681 53 75 Ns
1151 1681 97 75 keeps

221 1728 55 75 the
304 1728 83 75 fame
414 1728 175 75 obliquity,
634 1728 63 75 and
731 1728 26 75 is
789 1728 58 75 Hill
877 1728 130 75 parallel
1035 1728 35 75 to
1097 1728 55 75 the
1184 1728 63 75 line

221 1773 114 75 MNs.
384 1773 112 75 When
524 1773 56 75 the
607 1773 91 75 earth
726 1773 26 75 is
777 1773 32 75 at
832 1773 32 75 a,
898 1773 42 75 its
969 1773 95 75 north
1096 1773 73 75 pole
1200 1773 47 75 in-

220 1819 97 75 clines
344 1819 125 75 toward
496 1819 55 75 the
575 1819 56 75 fun
656 1819 38 75 S,
729 1819 193 75 and-brings
946 1819 41 75 all
1014 1819 54 75 the
1095 1819 153 75 northern

219 1866 105 75 places
342 1866 87 75 more
445 1866 68 75 into
531 1866 55 75 the
606 1866 82 75 light
705 1866 76 75 than
799 1866 32 75 at
848 1866 60 75 any
925 1866 93 75 other
1035 1866 78 75 time
1133 1866 40 75 of
1192 1866 55 75 the

217 1912 89 75 year.
347 1912 66 75 But
429 1912 93 75 when
539 1912 55 75 the
611 1912 89 75 earth
718 1912 26 75 is
762 1912 32 75 at
812 1912 15 75 e
843 1912 31 75 in
891 1912 55 75 the
962 1912 140 75 oppofite
1119 1912 76 75 time
1212 1912 40 75 of

218 1959 54 75 the
283 1959 89 75 year,
397 1959 54 75 the
464 1959 95 75 north
571 1959 73 75 pole
660 1959 138 75 declines
815 1959 84 75 from
916 1959 55 75 the
987 1959 68 75 fun,
1073 1959 106 75 which
1192 1959 55 75 oc-

215 2005 120 75 cafions
352 2005 55 75 the
419 2005 152 75 northern
592 2005 104 75 places
712 2005 35 75 to
765 2005 38 75 be
820 2005 89 75 more
932 2005 32 75 in
988 2005 55 75 the
1066 2005 80 75 dark
1169 2005 77 75 than

218 2051 32 75 in
267 2051 55 75 the
339 2051 102 75 light;
468 2051 61 75 and
546 2051 55 75 the
618 2051 122 75 reverfe
757 2051 33 75 at
813 2051 55 75 the
889 2051 152 75 fouthern
1066 2051 119 75 places,
1212 2051 34 75 as

219 2098 25 75 is
263 2098 126 75 evident
404 2098 44 75 by
463 2098 56 75 the
535 2098 113 75 figure.
696 2098 112 75 When
824 2098 55 75 the
895 2098 91 75 earth
1003 2098 27 75 is
1053 2098 105 75 either
1180 2098 33 75 at
1230 2098 19 75 c

221 2145 37 75 or
275 2145 37 75 g,
337 2145 41 75 its
396 2145 69 75 axis
481 2145 132 75 inclines
630 2145 56 75 not
704 2145 103 75 either
823 2145 36 75 to
870 2145 38 75 or
924 2145 84 75 from
1024 2145 55 75 the
1096 2145 67 75 fun,
1190 2145 58 75 but

220 2190 58 75 lies
294 2190 137 75 lidewife
451 2190 35 75 to
501 2190 80 75 him,
607 2190 62 75 and
685 2190 78 75 then
779 2190 55 75 the
851 2190 88 75 poles
957 2190 53 75 are
1027 2190 31 75 in
1075 2190 55 75 the
1147 2190 100 75 boun-

220 2236 80 75 dary
316 2236 40 75 of
373 2236 83 75 light
473 2236 61 75 and
550 2236 171 75 darknefs;
747 2236 63 75 and
833 2236 55 75 the
911 2236 69 75 fun,
1005 2236 94 75 being
1115 2236 134 75 dire&ly

220 2283 76 75 over
312 2283 55 75 the
382 2283 148 75 equator,
547 2283 108 75 makes
670 2283 93 75 equal
778 2283 62 75 day
852 2283 63 75 and
927 2283 92 75 night
1030 2283 32 75 at
1075 2283 42 75 all
1130 2283 104 75 places
1234 2315 15 49 4

219 2329 112 75 When
348 2329 55 75 the
418 2329 91 75 earth
525 2329 26 75 is
569 2329 32 75 at
619 2329 29 75 b,
672 2329 24 75 it
713 2329 26 75 is
755 2329 74 75 half
848 2329 71 75 way
935 2329 142 75 between
1095 2329 54 75 the
1165 2329 84 75 fum-

221 2375 68 75 mer
304 2375 122 75 folftice
443 2375 64 75 and
519 2375 124 75 harveft
659 2375 163 75 equinox;
849 2375 93 75 when
966 2375 26 75 it
1016 2375 26 75 is
1066 2375 32 75 at
1116 2375 31 75 d,
1173 2375 28 75 it
1222 2375 26 75 is

221 2423 73 75 half
306 2423 71 75 way
392 2423 85 75 from
491 2423 56 75 the
558 2423 123 75 harveft
697 2423 142 75 equinox
855 2423 34 75 to
906 2423 55 75 the
977 2423 113 75 winter
1106 2423 141 75 folftice;

223 2467 32 75 at
273 2467 38 75 f,
336 2467 73 75 half
424 2467 75 75 way
515 2467 83 75 from
614 2467 56 75 the
685 2467 114 75 winter
815 2467 120 75 folftice
959 2467 35 75 to
1017 2467 55 75 the
1096 2467 104 75 fpring
1216 2467 34 75 er

223 2513 146 75 quinox;
395 2513 61 75 and
474 2513 33 75 at
575 2513 74 75 half
667 2513 71 75 way
754 2513 87 75 from
864 2513 55 75 the
935 2513 112 75 fpring
1055 2513 143 75 equinox
1214 2513 44 75 to.

224 2560 55 75 the
296 2560 135 75 fummer
446 2560 131 75 folftice.

272 2605 97 75 From
394 2605 64 75 this
482 2605 131 75 oblique
637 2605 80 75 view
741 2605 40 75 of
799 2605 56 75 the
878 2605 119 75 earth’s
1019 2605 97 75 orbit,
1142 2605 46 75 let
1212 2605 40 75 us

224 2651 130 75 fuppofe
371 2651 158 75 ourfelves
546 2651 34 75 to
597 2651 40 75 be
663 2651 100 75 raifed
787 2651 49 75 far
858 2651 101 75 above
984 2651 38 75 it,
1049 2651 62 75 and
1121 2651 4 75 .
1137 2651 114 75 placed

222 2697 64 75 juft
301 2697 77 75 over
402 2697 41 75 its
468 2697 108 75 centre
600 2697 37 75 5;
663 2697 133 75 looking
819 2697 101 75 down,
936 2697 86 75 upon
1049 2697 28 75 it
1100 2697 84 75 from
1209 2697 41 75 its

225 2745 95 75 north
336 2745 94 75 pole;
457 2745 63 75 and
536 2745 32 75 as
585 2745 55 75 the
653 2745 118 75 earth’s
783 2745 85 75 orbit
883 2745 109 75 differs
1010 2745 57 75 but
1078 2745 77 75 very
1168 2745 83 75 little

225 2792 84 75 from
323 2792 17 75 a
352 2792 108 75 circle,
477 2792 49 75 we
538 2792 167 75 lhalLhave
716 2792 42 75 its
770 2792 100 75 figure
885 2792 32 75 in
933 2792 76 75 fuch
1017 2792 8 75 .
1025 2792 14 75 a
1051 2792 80 75 view
1140 2792 111 75 repre-

227 2837 110 75 fented
354 2837 42 75 by
407 2837 55 75 the
479 2837 96 75 circle
583 2837 261 75 4BCDEFGH
860 2837 108 75 (Plate
979 2837 118 75 XL1L
1114 2837 45 75 fig.
1159 2837 8 75 .
1187 2837 63 75 1.).

228 2881 65 75 Let
310 2881 36 75 us
363 2881 130 75 fuppofe
509 2881 64 75 this
601 2881 96 75 circle
720 2881 36 75 to
780 2881 39 75 be
842 2881 129 75 divided
995 2881 134 75 into-12
1156 2881 96 75 equal

227 2930 102 75 parts,
354 2930 104 75 called
468 2930 107 75 Jigns,
598 2930 119 75 having
727 2930 85 75 their
827 2930 107 75 names
950 2930 119 75 affixed
1085 2930 35 75 to
1141 2930 87 75 them
1240 2930 10 75 ;

228 2976 63 75 and
310 2976 77 75 each
402 2976 65 75 fign
483 2976 68 75 into
573 2976 43 75 30
640 2976 93 75 equal
752 2976 99 75 parts,
875 2976 102 75 called
999 2976 139 75 degrees,
1162 2976 90 75 xmm-

228 3025 105 75 bered
353 3025 54 75 10,
434 3025 58 75 20,
519 3025 57 75 30,
602 3025 33 75 as
660 3025 32 75 in
710 3025 53 75 the
780 3025 175 75 outermoft
970 3025 94 75 circle
1081 3025 46 75 of.
1139 3025 56 75 the
1216 3025 37 75 fi-

1332 174 41 75 N
1451 174 41 75 O
1569 174 52 75 M
1705 174 47 75 ¥.

2228 174 84 75 455

1284 232 89 75 gure,
1373 214 19 49 :
1400 232 103 75 which
1521 232 174 75 reprefents
1713 232 55 75 the
1784 232 89 75 great
1892 232 127 75 ecliptic
2041 232 31 75 in
2094 232 54 75 the
2159 232 151 75 heavens.

1284 280 76 75 The
1377 280 89 75 earth
1492 280 26 75 is
1543 280 104 75 ftiewn
1671 280 32 75 in
1728 280 88 75 eight
1839 280 149 75 different
2012 280 150 75 pofitions
2187 280 32 75 in
2246 280 75 75 this-

1286 327 106 75 circle,
1418 327 62 75 and
1496 327 31 75 in
1548 327 76 75 each
1642 327 132 75 pofition
1787 327 42 75 JE
1844 327 27 75 is
1889 327 55 75 the
1960 327 147 75 equator,
2127 327 34 75 T
2172 327 54 75 the
2243 327 68 75 tio-

1285 374 50 75 pic
1351 374 40 75 of
1410 374 136 75 Cancer,
1572 374 56 75 the
1641 374 111 75 dotted
1765 374 98 75 circle
1879 374 56 75 the
1952 374 130 75 parallel
2101 374 39 75 of
2158 374 152 75 London,

1287 420 33 75 U
1333 420 55 75 the
1401 420 94 75 anftic
1512 420 38 75 or
1566 420 95 75 north
1679 420 88 75 polar
1779 420 109 75 circle,
1913 420 62 75 and
1988 420 30 75 P
2037 420 56 75 the
2113 420 94 75 north
2227 420 101 75 pole,.

1283 466 107 75 where
1407 466 42 75 all
1473 466 55 75 the
1551 466 169 75 meridians
1746 466 37 75 or
1807 466 210 75 hour-circles
2039 466 97 75 meet.
2184 466 50 75 As
2258 466 56 75 the

1284 513 89 75 earth
1390 513 77 75 goes
1484 513 102 75 round
1601 513 57 75 the
1675 513 67 75 fun,
1761 513 54 75 the
1832 513 95 75 north
1945 513 72 75 pole
2028 513 96 75 keeps
2137 513 176 75 conftantly

1284 559 138 75 towards
1440 559 59 75 one
1516 559 70 75 part
1602 559 41 75 of
1654 559 56 75 the
1727 559 149 75 heavens,
1895 559 33 75 as
1944 559 26 75 it
1982 559 95 75 keeps
2094 559 32 75 in
2144 559 54 75 the
2214 559 101 75 figure

1284 606 139 75 towards
1441 606 54 75 the
1508 606 187 75 right-hand
1712 606 62 75 fide
1791 606 40 75 of
1850 606 55 75 the
1921 606 98 75 plate.

1332 652 110 75 When
1453 652 54 75 the
1520 652 89 75 earth
1623 652 24 75 is
1658 652 33 75 at
1702 652 55 75 the
1766 652 170 75 beginning
1948 652 39 75 of
1994 652 113 75 Libra,
2121 652 138 75 namely,
2274 652 40 75 on

1285 700 55 75 the
1360 700 82 75 20th
1457 700 42 75 of
1509 700 131 75 March,
1665 700 31 75 in
1709 700 63 75 this
1785 700 101 75 figure
1905 700 49 75 (as
1973 700 31 75 at
2015 700 26 75 g
2057 700 33 75 in
2106 700 92 75 Plate
2215 700 99 75 XLI.

1285 747 54 75 fig.
1351 747 51 75 4.)
1419 747 53 75 the
1481 747 56 75 fun
1547 747 24 75 S
1582 747 32 75 as
1624 747 69 75 feen
1704 747 85 75 from
1799 747 54 75 the
1862 747 88 75 earth
1961 747 130 75 appears
2101 747 32 75 at
2143 747 55 75 the
2207 747 110 75 begin-

1286 792 75 75 ning
1374 792 40 75 of
1420 792 96 75 Aries
1529 792 32 75 in
1572 792 55 75 the
1640 792 139 75 oppofite
1791 792 70 75 part
1874 792 40 75 of
1921 792 55 75 the
1988 792 148 75 heavens,
2155 792 54 75 the
2223 792 96 75 north

1290 838 72 75 pole
1379 838 27 75 is
1425 838 64 75 juft
1506 838 126 75 coming
1648 838 68 75 into
1733 838 56 75 the
1805 838 95 75 light,
1926 838 61 75 and
2001 838 53 75 the
2075 838 55 75 fun
2145 838 25 75 is
2188 838 130 75 vertical

1288 885 34 75 to
1338 885 56 75 the
1410 885 155 75 equator;
1594 885 117 75 which,
1730 885 149 75 together
1898 885 75 75 with
1992 885 55 75 the
2061 885 101 75 tropic
2179 885 39 75 of
2230 885 88 75 Can-

1289 931 64 75 cer,
1379 931 130 75 parallel
1522 931 39 75 of
1582 931 152 75 London,
1760 931 62 75 and
1834 931 95 75 arffic
1946 931 108 75 circle,
2080 931 52 75 are
2150 931 41 75 all
2208 931 110 75 equal-

1289 977 33 75 ly
1340 977 52 75 cut
1405 977 44 75 by
1466 977 54 75 the
1538 977 95 75 circle
1649 977 163 75 bounding
1831 977 82 75 light
1936 977 62 75 and
2014 977 162 75 darknefs,
2202 977 117 75 coinci-

1290 1024 76 75 ding
1384 1024 77 75 with
1479 1024 55 75 the
1551 1024 47 75 fix
1621 1024 126 75 o’clock
1769 1024 210 75 hour-circle,
2002 1024 61 75 and
2087 1024 162 75 therefore
2266 1024 56 75 the

1290 1070 78 75 days
1386 1070 62 75 and
1464 1070 108 75 nights
1590 1070 52 75 are
1659 1070 130 75 equally
1805 1070 76 75 long
1899 1070 32 75 at
1944 1070 41 75 all
2003 1070 104 75 places
2120 1070 9 75 ;
2157 1070 52 75 for
2225 1070 98 75 every

1289 1116 70 75 part
1375 1116 41 75 of
1433 1116 56 75 the
1506 1116 154 75 meridian
1677 1116 42 75 JE
1731 1116 78 75 TLa.
1834 1116 106 75 comes
1965 1116 69 75 into
2052 1116 55 75 the
2124 1116 81 75 light
2225 1116 31 75 at
2273 1116 47 75 fix

1290 1163 31 75 in
1339 1163 55 75 the
1410 1163 158 75 morning,
1594 1163 62 75 and
1680 1163 163 75 revolving
1860 1163 78 75 with
1956 1163 54 75 the
2034 1163 92 75 earth
2150 1163 172 75 according

1291 1210 33 75 to
1349 1210 55 75 the
1429 1210 95 75 order
1549 1210 40 75 of
1607 1210 55 75 the
1687 1210 222 75 hour-letters,
1935 1210 76 75 goes
2034 1210 69 75 into
2120 1210 54 75 the
2191 1210 80 75 dark
2289 1210 33 75 at

1291 1257 46 75 fix
1354 1257 30 75 in
1403 1257 54 75 the
1474 1257 146 75 evening.
1668 1257 112 75 There
1798 1257 52 75 are
1868 1257 44 75 24
1930 1257 168 75 meridians
2112 1257 209 75 orhour-cir-

1291 1303 64 75 des
1372 1303 109 75 drawn
1499 1303 40 75 on
1558 1303 54 75 the
1629 1303 90 75 earth
1743 1303 31 75 in
1799 1303 64 75 this
1880 1303 112 75 figure,
2018 1303 34 75 to
2069 1303 82 75 ftiew
2168 1303 54 75 the
2246 1303 81 75 time

1293 1350 38 75 of
1349 1350 167 75 fun-rifing
1532 1350 62 75 and
1611 1350 115 75 fetting
1747 1350 33 75 at
1796 1350 151 75 different
1963 1350 123 75 feafons
2103 1350 40 75 of
2161 1350 55 75 the
2232 1350 89 75 year.

1340 1396 48 75 As
1406 1396 54 75 the
1477 1396 90 75 earth
1584 1396 109 75 moves
1708 1396 32 75 in
1758 1396 55 75 the
1829 1396 128 75 ecliptic
1969 1396 170 75 according
2156 1396 34 75 to
2203 1396 54 75 the
2270 1396 53 75 or-

1293 1442 62 75 der
1366 1442 40 75 of
1425 1442 54 75 the
1497 1442 112 75 letters
1632 1442 30 75 A
1664 1442 105 75 BCD,
1795 1442 61 75 See.
1882 1442 141 75 through
2040 1442 54 75 the
2110 1442 81 75 figns
2208 1442 114 75 Libr’a,

1296 1489 145 75 Scorpio,
1460 1489 63 75 and
1540 1489 203 75 Sagittarius,
1769 1489 55 75 the
1836 1489 95 75 north
1950 1489 71 75 pole
2039 1489 106 75 comes
2162 1489 88 75 more
2262 1489 63 75 and

1294 1536 89 75 more
1406 1536 68 75 into
1497 1536 55 75 the
1570 1536 102 75 light;
1698 1536 56 75 the
1771 1536 78 75 days
1866 1536 138 75 increafe
2020 1536 33 75 as
2071 1536 56 75 the
2144 1536 108 75 nights
2268 1536 56 75 de-

1295 1581 103 75 creafe
1414 1581 32 75 in
1462 1581 123 75 length,
1612 1581 32 75 at
1661 1581 41 75 all
1721 1581 103 75 places
1850 1581 96 75 north
1972 1581 40 75 of
2031 1581 55 75 the
2106 1581 135 75 equator
2257 1581 65 75 JE;

1296 1628 105 75 which
1416 1628 27 75 is
1461 1628 84 75 plain
1562 1628 44 75 by
1621 1628 136 75 viewing
1773 1628 55 75 the
1852 1628 90 75 earth
1967 1628 33 75 at
2026 1628 21 75 b
2068 1628 41 75 on
2134 1628 55 75 the
2216 1628 56 75 jth
2290 1628 41 75 of

1296 1675 95 75 May,
1416 1675 91 75 when
1525 1675 25 75 it
1568 1675 25 75 is
1611 1675 32 75 in
1659 1675 56 75 the
1732 1675 78 75 xyth
1827 1675 116 75 degree
1960 1675 39 75 of
2019 1675 146 75 Scorpio,
2192 1675 62 75 and
2270 1675 56 75 the

1296 1722 53 75 fun
1368 1722 34 75 as
1418 1722 73 75 feen
1511 1722 83 75 from
1611 1722 54 75 the
1683 1722 91 75 earth
1792 1722 130 75 appears
1939 1722 31 75 in
1988 1722 55 75 the
2064 1722 79 75 15th
2159 1722 114 75 degree
2290 1722 42 75 of

1296 1768 129 75 Taurus
1437 1768 10 75 ;
1474 1768 51 75 for
1542 1768 74 75 then
1631 1768 54 75 the
1701 1768 103 75 tropic
1817 1768 40 75 of
1876 1768 126 75 Cancer
2026 1768 34 75 7"
2071 1768 26 75 is
2114 1768 31 75 in
2171 1768 54 75 the
2242 1768 84 75 light

1297 1816 82 75 from
1399 1816 17 75 a
1428 1816 84 75 little
1529 1816 82 75 after
1627 1816 61 75 five
1704 1816 32 75 in
1754 1816 53 75 the
1824 1816 146 75 morning
1987 1816 48 75 till
2052 1816 110 75 almoft
2184 1816 92 75 feven
2294 1816 32 75 in

1297 1862 53 75 the
1368 1862 154 75 evening;
1550 1862 54 75 the
1622 1862 130 75 parallel
1777 1862 39 75 of
1836 1862 140 75 London
1993 1862 83 75 from
2096 1862 74 75 half
2189 1862 38 75 an
2245 1862 82 75 hour

1295 1908 63 75 paft
1375 1908 74 75 four
1465 1908 48 75 till
1530 1908 73 75 half
1622 1908 39 75 an
1678 1908 82 75 hour
1778 1908 63 75 paft
1856 1908 114 75 feven;
2000 1908 56 75 the
2074 1908 89 75 polar
2179 1908 95 75 circle
2292 1908 36 75 1/

1297 1956 85 75 from
1399 1956 90 75 three
1509 1956 50 75 till
1582 1956 93 75 nine;
1703 1956 61 75 and
1782 1956 17 75 a
1816 1956 87 75 large
1924 1956 91 75 track
2033 1956 102 75 round
2159 1956 55 75 the
2230 1956 96 75 north

1297 2002 72 75 pole
1394 2002 30 75 P
1444 2002 142 75 has-day.
1596 2002 41 75 all
1654 2002 56 75 the
1727 2002 44 75 24
1788 2002 112 75 hours,
1926 2002 51 75 for
2000 2002 94 75 many
2111 2002 155 75 rotations
2292 2002 41 75 of

1297 2048 65 75 the.
1369 2048 91 75 earth
1477 2048 41 75 on
1535 2048 43 75 its
1594 2048 84 75 axis-.

1336 2094 110 75 When
1458 2094 54 75 the
1522 2094 89 75 earth
1621 2094 106 75 comes
1740 2094 35 75 to
1784 2094 17 75 c
1810 2094 33 75 at
1852 2094 54 75 the
1915 2094 170 75 beginning
2093 2094 40 75 of
2137 2094 190 75 Capricorn;

1298 2140 60 75 and
1372 2140 55 75 the
1439 2140 55 75 fun
1507 2140 33 75 as
1553 2140 70 75 feen
1637 2140 82 75 from
1733 2140 55 75 the
1800 2140 90 75 earth
1904 2140 129 75 appears
2044 2140 31 75 at
2087 2140 55 75 the
2155 2140 170 75 beginning

1298 2188 39 75 of
1348 2188 127 75 Cancer
1491 2188 41 75 on
1550 2188 56 75 the
1622 2188 70 75 21ft
1709 2188 39 75 of
1767 2188 96 75 June,
1890 2188 32 75 as
1936 2188 35 75 in
1991 2188 64 75 this
2072 2188 112 75 figure,
2209 2188 25 75 it
2248 2188 28 75 is
2293 2188 34 75 in

1298 2233 54 75 the
1371 2233 133 75 pofition
1519 2233 20 75 a
1560 2233 31 75 in
1609 2233 92 75 Plate
1718 2233 97 75 XLI.
1839 2233 55 75 fig.
1914 2233 57 75 4.;
1999 2233 60 75 and
2082 2233 41 75 its
2141 2233 95 75 north
2254 2233 73 75 pole

1298 2281 129 75 inclines
1445 2281 139 75 towards
1600 2281 56 75 the
1672 2281 68 75 fun,
1765 2281 35 75 fo
1816 2281 34 75 as
1866 2281 39 75 to
1917 2281 92 75 bring
2026 2281 43 75 all
2082 2281 170 75 tbe-north
2271 2281 57 75 fri-

1300 2327 53 75 gid
1370 2327 83 75 zone
1468 2327 69 75 into
1554 2327 54 75 the
1624 2327 95 75 light,
1745 2327 62 75 and
1824 2327 54 75 the
1894 2327 155 75 northern
2063 2327 148 75 parallels
2221 2327 43 75 of
2280 2327 48 75 la-

1299 2374 103 75 titude
1417 2374 89 75 more
1524 2374 68 75 into
1608 2374 54 75 the
1678 2374 83 75 light
1777 2374 76 75 than
1866 2374 55 75 the
1932 2374 81 75 dark
2025 2374 150 75 from-the
2191 2374 138 75 equator

1300 2420 34 75 to
1351 2420 55 75 the
1424 2420 91 75 polar
1531 2420 108 75 circle,
1664 2420 62 75 and
1742 2420 56 75 the
1814 2420 89 75 more
1926 2420 34 75 fo
1984 2420 35 75 as
2043 2420 77 75 they
2137 2420 53 75 are
2205 2420 124 75 farther

1300 2467 83 75 from
1401 2467 54 75 the
1472 2467 149 75 equator.
1669 2467 76 75 The
1762 2467 104 75 tropic
1881 2467 40 75 of
1939 2467 127 75 Cancer
2082 2467 27 75 is
2124 2467 33 75 m
2175 2467 55 75 the
2247 2467 83 75 light

1300 2512 83 75 from
1401 2512 60 75 five
1478 2512 31 75 in
1521 2512 56 75 the
1593 2512 145 75 morning
1755 2512 48 75 till
1824 2512 92 75 feven
1936 2512 33 75 at
1985 2512 113 75 night;
2125 2512 55 75 the
2197 2512 132 75 parallel

1301 2559 39 75 of
1359 2559 140 75 London
1516 2559 84 75 from
1616 2559 19 75 a
1652 2559 129 75 quarter
1798 2559 109 75 before
1929 2559 74 75 four
2022 2559 50 75 till
2096 2559 17 75 a
2134 2559 131 75 quarter
2280 2559 49 75 af-

1300 2605 50 75 ter
1366 2605 112 75 eight;
1504 2605 63 75 and
1583 2605 55 75 the
1655 2605 90 75 polar
1761 2605 95 75 circle
1877 2605 64 75 juft
1956 2605 133 75 touches
2105 2605 55 75 the
2177 2605 91 75 dark,
2293 2605 35 75 fo

1301 2651 70 75 that
1388 2651 55 75 the
1459 2651 55 75 fun
1527 2651 57 75 has
1598 2651 77 75 only
1692 2651 55 75 the
1764 2651 98 75 lower
1879 2651 73 75 half
1963 2651 40 75 of
2021 2651 49 75 his
2087 2651 67 75 di(k
2170 2651 56 75 hid
2242 2651 86 75 from

1302 2698 54 75 the
1379 2698 195 75 inhabitants
1596 2698 42 75 on
1662 2698 70 75 that
1755 2698 98 75 circle
1875 2698 52 75 for
1951 2698 18 75 a
1984 2698 63 75 few
2071 2698 136 75 minutes
2232 2698 98 75 about

1301 2744 170 75 midnight,
1495 2744 163 75 fuppofing
1675 2744 264 75 no-inequalities
1961 2744 33 75 in
2016 2744 57 75 the
2094 2744 149 75 horizon,
2267 2744 63 75 and

1301 2792 41 75 no
1354 2792 196 75 refractions.

1349 2839 33 75 A
1406 2839 75 75 bare
1497 2839 81 75 view
1594 2839 40 75 of
1652 2839 56 75 the
1729 2839 99 75 figure
1845 2839 25 75 is
1888 2839 177 75 enough’to
2081 2839 94 75 (hew,
2201 2839 71 75 that
2296 2839 34 75 as

1303 2885 54 75 the
1380 2885 95 75 earth
1488 2885 255 75 advances-from
1769 2885 174 75 Capricorn
1967 2885 139 75 towards
2132 2885 107 75 Aries,
2266 2885 63 75 and

1304 2931 57 75 the
1381 2931 56 75 fun
1461 2931 130 75 appears
1615 2931 35 75 to
1674 2931 94 75 move
1791 2931 84 75 from
1901 2931 124 75 Cancer
2048 2931 140 75 towards
2213 2931 113 75 Libra,

1304 2977 54 75 the
1380 2977 96 75 north
1499 2977 73 75 pole
1596 2977 128 75 recedes
1749 2977 140 75 towards
1906 2977 55 75 the
1983 2977 92 75 dark,
2101 2977 103 75 which
2223 2977 105 75 caufes

1304 3027 54 75 the
1374 3027 78 75 days
1469 3027 34 75 to
1520 3027 160 75 decreafe,
1694 3027 61 75 and
1773 3027 53 75 the
1844 3027 107 75 nights
1966 3027 35 75 to
2012 3027 137 75 increafe
2160 3027 32 75 in
2204 3027 123 75 length,

2258 3082 79 75 "’till
