2477 3395
568 153 230 75 BRA

1131 153 20 75 (
1209 153 77 75 661
1350 153 7 75 '
1357 153 11 75 l

1701 153 234 75 BRA

286 225 77 75 The
381 225 124 75 convex
535 225 62 75 fide
620 225 40 75 of
679 225 61 75 one
765 225 115 75 lamina
904 225 25 75 is
955 225 91 75 fitted
1074 225 69 75 into
1169 225 56 75 the

237 271 141 75 concave
394 271 62 75 fide
473 271 39 75 of
524 271 54 75 the
594 271 79 75 next
689 271 139 75 fuperior
844 271 80 75 one;
943 271 63 75 and
1025 271 42 75 all
1085 271 40 75 of
1136 271 88 75 them

241 319 53 75 are
326 319 170 75 connedted
525 319 147 75 together
700 319 42 75 by
774 319 108 75 means
911 319 39 75 of
978 319 19 75 a
1028 319 194 75 membrane,

239 364 105 75 which
362 364 128 75 reaches
508 364 82 75 from
614 364 83 75 their
713 364 72 75 bafe
802 364 156 75 half-way
985 364 85 75 their
1096 364 125 75 height,

239 410 106 75 where
369 410 26 75 it
420 410 102 75 grows
547 410 138 75 thicker,
711 410 60 75 and
788 410 33 75 in
844 410 84 75 fome
952 410 140 75 meafure
1108 410 113 75 relem-

241 457 66 75 bles
325 457 18 75 a
363 457 88 75 rope.
499 457 77 75 The
594 457 59 75 reft
676 457 40 75 of
727 457 54 75 the
797 457 116 75 lamina
929 457 26 75 is
971 457 81 75 free,
1078 457 64 75 and
1158 457 64 75 ter-

239 503 133 75 minates
389 503 32 75 in
435 503 18 75 a
469 503 77 75 very
563 503 60 75 fine
640 503 62 75 and
722 503 129 75 flexible
868 503 101 75 point.

288 550 47 75 As
349 550 34 75 to
395 550 55 75 the
461 550 52 75 ufe
530 550 39 75 of
581 550 86 75 thefe
682 550 85 75 gills,
793 550 77 75 they
885 550 82 75 feem
986 550 33 75 to
1040 550 39 75 be
1100 550 122 75 defign-

239 596 40 75 ed
300 596 35 75 to
352 596 121 75 receive
490 596 55 75 the
562 596 97 75 blood
676 596 175 75 protruded
867 596 83 75 from
968 596 55 75 the
1046 596 91 75 heart
1155 596 67 75 into

238 643 56 75 the
311 643 101 75 aorta,
439 643 61 75 and
517 643 121 75 convey
656 643 26 75 it
710 643 69 75 into
804 643 55 75 the
886 643 199 75 extremities
1113 643 41 75 of
1167 643 55 75 the

238 688 133 75 lamellae
386 688 10 75 ;
423 688 83 75 from
527 688 128 75 whence
675 688 94 75 being
786 688 152 75 returned
961 688 44 75 by
1030 688 99 75 veins,
1155 688 25 75 it
1197 688 26 75 is

239 734 186 75 diftributed
447 734 76 75 over
541 734 53 75 the
611 734 86 75 body
712 734 39 75 of
763 734 55 75 the
835 734 66 75 filh.

192 781 363 75 BRANCHIARUM
559 781 186 75 foramina,
762 781 162 75 apertures
937 781 40 75 of
987 781 55 75 the
1055 781 86 75 gills.
1184 781 37 75 In

238 828 79 75 moft
332 828 89 75 fifties
438 828 90 75 there
551 828 26 75 is
601 828 76 75 only
693 828 60 75 one
769 828 147 75 aperture
933 828 12 75 ;
967 828 32 75 in
1017 828 54 75 the
1094 828 127 75 cartila-

237 874 111 75 ginous
365 874 88 75 ones,
473 874 87 75 thefe
575 874 164 75 apertures
752 874 53 75 are
818 874 53 75 ten
886 874 34 75 in
937 874 146 75 number,
1108 874 61 75 five
1181 874 40 75 on

237 920 76 75 each
339 920 62 75 fide
415 920 10 75 ;
452 920 62 75 and
530 920 32 75 in
579 920 55 75 the
658 920 211 75 petromyzon
895 920 38 75 or
953 920 154 75 lamprey,
1133 920 91 75 there

236 967 53 75 are
306 967 41 75 no
370 967 59 75 lefs
446 967 77 75 than
540 967 147 75 fourteen
704 967 40 75 of
755 967 87 75 thefe
859 967 176 75 apertures,
1061 967 93 75 feven
1177 967 42 75 on

236 1012 76 75 each
336 1012 77 75 fide.

283 1058 48 75 As
349 1058 34 75 to
400 1058 55 75 the
471 1058 158 75 cetacious
647 1058 102 75 fifties,
774 1058 78 75 they
869 1058 81 75 have
967 1058 41 75 no
1025 1058 146 75 aperture
1186 1058 41 75 of

236 1105 63 75 this
317 1105 98 75 kind;
442 1105 63 75 and
521 1105 55 75 the
593 1105 110 75 reafon
730 1105 99 75 feems
857 1105 36 75 to
917 1105 50 75 be,
993 1105 134 75 becaufe
1143 1105 79 75 they

238 1151 53 75 are
312 1151 159 75 furniftied
488 1151 77 75 with
583 1151 105 75 lungs.

189 1197 316 75 BRANCHIDA1,
532 1197 31 75 in
591 1197 142 75 Grecian
761 1197 172 75 antiquity,
959 1197 107 75 priefts
1099 1197 41 75 of
1167 1197 55 75 the

237 1243 116 75 temple
369 1243 40 75 of
423 1243 131 75 Apollo,
580 1243 106 75 which
702 1243 65 75 was
784 1243 32 75 at
834 1243 160 75 Dydimus
1023 1243 31 75 in
1072 1243 102 75 Ionia,
1201 1243 18 75 a

235 1289 150 75 province
401 1289 40 75 of
451 1289 92 75 lefter
559 1289 86 75 Alia,
671 1289 140 75 towards
834 1289 56 75 the
906 1289 125 75 /Egean
1049 1289 61 75 fea,
1136 1289 85 75 upon

235 1336 55 75 the
305 1336 151 75 frontiers
480 1336 39 75 of
532 1336 109 75 Caria.
689 1336 99 75 They
804 1336 126 75 opened
956 1336 35 75 to
1019 1336 129 75 Xerxes
1166 1336 55 75 the

234 1382 117 75 temple
367 1382 40 75 of
420 1382 131 75 Apollo,
576 1382 56 75 the
649 1382 102 75 riches
774 1382 148 75 whereof
940 1382 41 75 he
1007 1382 79 75 took
1114 1382 104 75 away.

235 1427 98 75 After
349 1427 117 75 which,
484 1427 147 75 thinking
647 1427 26 75 it
691 1427 107 75 unfafe
814 1427 36 75 to
862 1427 65 75 ftay
939 1427 32 75 in
985 1427 140 75 Greece,
1142 1427 79 75 they

236 1473 62 75 fled
322 1473 34 75 to
383 1473 173 75 Sogdiana,
581 1473 41 75 on
646 1473 56 75 the
729 1473 92 75 other
850 1473 62 75 fide
940 1473 39 75 of
1002 1473 55 75 the
1085 1473 135 75 Cafpian

236 1520 62 75 fea,
324 1520 85 75 upon
432 1520 54 75 the
516 1520 149 75 frontiers
682 1520 39 75 of
733 1520 117 75 Pe/fia,
876 1520 106 75 where
998 1520 79 75 they
1102 1520 82 75 built
1201 1520 20 75 a

236 1565 77 75 city,
339 1565 103 75 called
459 1565 42 75 by
518 1565 85 75 their
630 1565 72 75 own
727 1565 90 75 name
830 1565 8 75 ;
865 1565 58 75 but
941 1565 77 75 they
1034 1565 56 75 did
1107 1565 55 75 not
1186 1565 33 75 e-

234 1613 89 75 fcape
341 1613 54 75 the
413 1613 195 75 punifhment
625 1613 40 75 of
683 1613 84 75 their
784 1613 117 75 crime:
939 1613 64 75 For
1030 1613 189 75 Alexander

235 1659 54 75 the
305 1659 104 75 Great
421 1659 117 75 having
555 1659 182 75 conquered
750 1659 120 75 Darius
883 1659 76 75 king
972 1659 39 75 of
1023 1659 116 75 Perfia,
1157 1659 62 75 and

235 1705 96 75 being
347 1705 158 75 informed
521 1705 39 75 of
572 1705 84 75 their
672 1705 179 75 treachery,
877 1705 56 75 put
950 1705 88 75 them
1055 1705 42 75 all
1115 1705 35 75 to
1162 1705 56 75 the

235 1751 116 75 fword,
378 1751 62 75 and
456 1751 96 75 razed
569 1751 83 75 their
664 1751 77 75 city,
760 1751 73 75 thus
846 1751 164 75 punilhing
1023 1751 54 75 the
1089 1751 132 75 impiety

236 1797 38 75 of
285 1797 55 75 the
357 1797 120 75 fathers
494 1797 32 75 in
543 1797 84 75 their
644 1797 162 75 pofterity.

188 1845 283 75 BRANCHON,
498 1845 18 75 a
532 1845 86 75 town
635 1845 40 75 of
693 1845 54 75 the
766 1845 146 75 Auftrian
929 1845 231 75 Netherlands,
1186 1845 33 75 a-

235 1890 77 75 bout
327 1890 89 75 eight
443 1890 90 75 miles
558 1890 94 75 north
681 1890 40 75 of
743 1890 146 75 Namur:
916 1890 43 75 E.
977 1890 90 75 long.
1087 1890 20 75 4
1107 1872 22 49 0
1149 1890 69 75 50^

235 1937 61 75 and
313 1937 46 75 N.
379 1937 56 75 lat.
463 1937 65 75 50
547 1937 67 75 32'.

185 1984 275 75 BRANCHL/S,
485 1984 19 75 a
519 1984 163 75 defluxion
698 1984 40 75 of
748 1984 153 75 humours
918 1984 85 75 upon
1019 1984 55 75 the
1091 1984 122 75 fauces,

233 2029 93 75 being
343 2029 17 75 a
378 2029 116 75 fpecies
507 2029 41 75 of
559 2029 140 75 catarrh.

185 2076 260 75 BRANDEIS,
472 2076 17 75 a
501 2076 86 75 town
604 2076 40 75 of
663 2076 169 75 Bohemia,
851 2076 134 75 fituated
1000 2076 43 75 on
1060 2076 56 75 the
1133 2076 84 75 river

232 2121 96 75 Elbe,
353 2121 54 75 ten
427 2121 91 75 miles
535 2121 175 75 north-eaft
728 2121 39 75 of
788 2121 146 75 Prague:
962 2121 45 75 E.
1031 2121 90 75 long.
1151 2121 41 75 14
1192 2103 22 49 0

235 2168 78 75 25',
338 2168 47 75 N.
404 2168 57 75 lat.
484 2168 64 75 50
572 2168 52 75 15'
624 2168 11 75 .

184 2214 390 75 BRANDENBURG,
600 2214 18 75 a
634 2214 67 75 city
716 2214 40 75 of
768 2214 53 75 the
838 2214 191 75 marquifate
1053 2214 40 75 of
1113 2214 102 75 Bran-

230 2258 143 75 denburg
401 2258 32 75 in
459 2258 180 75 Germany,
671 2258 135 75 fituated
832 2258 42 75 on
901 2258 56 75 the
985 2258 83 75 river
1096 2258 119 75 Havel,

231 2305 185 75 twenty-fix
441 2305 91 75 miles
560 2305 74 75 weft
662 2305 40 75 of
722 2305 133 75 Berlin:
882 2305 151 75 E.-long.
1064 2305 36 75 13
1100 2287 26 49 0
1126 2305 15 75 ,
1164 2305 49 75 N.

230 2350 58 75 lat.
309 2350 40 75 52
349 2332 24 49 0
395 2350 54 75 25'
449 2350 12 75 .

279 2397 31 75 It
328 2397 62 75 was
405 2397 78 75 once
499 2397 55 75 the
573 2397 115 75 capital
699 2397 40 75 of
747 2397 252 75 Brandenburg;
1026 2397 59 75 but
1101 2397 25 75 is
1144 2397 73 75 now

230 2443 38 75 on
287 2443 55 75 the
358 2443 136 75 decline,
519 2443 81 75 fince
618 2443 109 75 Berlin
743 2443 188 75 fupplanted
948 2443 36 75 it.

182 2491 253 75 BRANDON,
453 2491 18 75 a
487 2491 227 75 market-town
731 2491 39 75 of
783 2491 140 75 Suffolk,
941 2491 55 75 ten
1009 2491 89 75 miles
1116 2491 96 75 north

230 2536 39 75 of
280 2536 115 75 Bury.-
420 2536 44 75 E.
482 2536 87 75 long.
589 2536 67 75 45',
683 2536 46 75 N.
748 2536 58 75 lat.
826 2536 40 75 52
866 2518 25 49 0
908 2536 67 75 3c/.

276 2582 31 75 It
327 2582 86 75 gives
437 2582 54 75 the
519 2582 71 75 title
617 2582 40 75 of
678 2582 85 75 duke
778 2582 36 75 to
830 2582 49 75 his
896 2582 95 75 grace
1006 2582 55 75 the
1076 2582 85 75 duke
1178 2582 40 75 of

228 2628 180 75 Hamilton.

181 2677 305 75 BRANDRITH,
512 2677 18 75 a
554 2677 116 75 trevet,
696 2677 36 75 or
760 2677 93 75 other
880 2677 69 75 iron
967 2677 121 75 utenfil,
1114 2677 35 75 to
1165 2677 46 75 fet

228 2721 17 75 a
263 2721 91 75 veffel
373 2721 40 75 on
431 2721 76 75 over
523 2721 55 75 the
598 2721 71 75 fire.

179 2768 217 75 BRANDY,
431 2768 18 75 a
473 2768 168 75 fpirituous
670 2768 61 75 and
758 2768 212 75 inflammable
997 2768 120 75 liquor,
1151 2768 58 75 ex-

226 2814 122 75 traded
375 2814 83 75 from
483 2814 81 75 wine
590 2814 61 75 and
668 2814 93 75 other
778 2814 134 75 liquors,
945 2814 43 75 by
1012 2814 195 75 diftillation.

227 2861 61 75 See
317 2861 250 75 Chemistry,
602 2861 53 75 Of
662 2861 184 75 fpirituous
862 2861 254 75 fermentation,
1141 2861 70 75 and

225 2907 173 75 difilling.

272 2953 252 75 Wine-brandy,
549 2953 92 75 made
653 2953 32 75 in
701 2953 135 75 France,
861 2953 26 75 is
904 2953 153 75 efteemed
1075 2953 55 75 the
1142 2953 66 75 beft

224 3001 32 75 in
273 3001 142 75 Europe.
448 3001 100 75 They
564 3001 91 75 make
667 3001 26 75 it
705 3001 197 75 where-ever
914 3001 78 75 they
1004 3001 92 75 make
1112 3001 94 75 wine,
1236 3001 4 75 ,

320 3047 94 75 yon.
436 3047 29 75 I.
515 3047 71 75 No.
606 3047 57 75 28.

1139 3047 17 75 3

1315 218 62 75 and
1392 218 52 75 for
1461 218 70 75 that
1548 218 134 75 purpofe
1706 218 53 75 ufe
1787 218 82 75 wine
1893 218 70 75 that
1992 218 25 75 is
2040 218 129 75 pricked
2195 218 109 75 rather

1317 264 76 75 than
1425 264 84 75 good
1544 264 92 75 wane.
1706 264 77 75 The
1811 264 90 75 chief
1925 264 146 75 brandies
2099 264 52 75 for
2178 264 125 75 foreign

1316 310 103 75 trade,
1446 310 62 75 and
1525 310 88 75 thofe
1631 310 177 75 accounted
1827 310 77 75 beft,
1931 310 53 75 are
2012 310 54 75 the
2093 310 148 75 brandies
2270 310 41 75 of

1317 357 210 75 Bourdeaux,
1552 357 172 75 Rochelle,
1750 357 157 75 Cogniac,
1934 357 201 75 Charenton,
2163 357 54 75 the
2251 357 54 75 ifle

1316 403 39 75 of
1381 403 87 75 Rhe,
1493 403 152 75 Orleans,
1684 403 56 75 the
1768 403 120 75 county
1920 403 41 75 of
1988 403 136 75 Blafois,
2158 403 147 75 Poidou,

1315 451 178 75 Touraine,
1527 451 124 75 Anjou,
1683 451 139 75 Nantes,
1856 451 190 75 Burgundy,
2079 451 63 75 and
2180 451 123 75 Cham-

1315 496 106 75 paign.

1267 544 233 75 BRANLIN,
1526 544 31 75 in
1575 544 222 75 ichthyology,
1823 544 18 75 a
1858 544 117 75 fpecies
2002 544 41 75 of
2064 544 134 75 falmon,
2223 544 79 75 with

1316 590 115 75 feveral
1450 590 171 75 tranfverfe
1638 590 93 75 black
1748 590 131 75 ftreaks,
1904 590 189 75 refembling
2106 590 55 75 the
2176 590 130 75 impref-

1314 636 63 75 fion
1394 636 41 75 of
1446 636 34 75 fo
1496 636 95 75 many
1607 636 129 75 fingers.

1269 683 240 75 BRANSKA,
1535 683 19 75 a
1571 683 86 75 town
1674 683 40 75 of
1724 683 232 75 Tranfilvania,
1983 683 131 75 fituated
2132 683 40 75 on
2191 683 54 75 the
2263 683 41 75 ri-

1315 728 55 75 ver
1389 728 143 75 Mariili:
1560 728 146 75 E.Iong.
1725 728 42 75 23
1767 710 25 49 0
1817 728 10 75 1
1840 728 42 75 5\
1908 728 62 75 and
1986 728 47 75 N.
2052 728 58 75 lat.
2127 728 97 75 46.

1268 776 212 75 BRASEM,
1504 776 33 75 in
1554 776 224 75 ichthyology,
1804 776 18 75 a
1840 776 55 75 ffth
1912 776 169 75 otherwife
2106 776 103 75 called
2234 776 71 75 aca-

1316 821 33 75 ra
1366 821 94 75 peba.

1265 869 247 75 BRASIDIA,
1539 869 38 75 an
1596 869 202 75 anniverfary
1813 869 168 75 folemnity
1994 869 32 75 at
2041 869 127 75 Sparta,
2188 869 31 75 in
2237 869 66 75 me-

1314 914 91 75 mory
1417 914 40 75 of
1464 914 158 75 Brafidas,
1641 914 16 75 a
1671 914 266 75 Lacedaemonian
1952 914 137 75 captain,
2114 914 124 75 famous
2252 914 52 75 for

1314 961 49 75 his
1381 961 228 75 atchievments
1627 961 32 75 at
1672 961 172 75 Methone,
1870 961 111 75 Pylos,
2007 961 62 75 and
2085 961 218 75 Amphipolis.

1314 1007 31 75 It
1373 1007 64 75 was
1454 1007 183 75 celebrated
1661 1007 77 75 with
1764 1007 153 75 facriiices
1933 1007 61 75 and
2018 1007 120 75 games,
2164 1007 140 75 wherein

1314 1055 82 75 none
1412 1055 84 75 were
1514 1055 171 75 permitted
1702 1055 35 75 to
1753 1055 151 75 contend,
1929 1055 57 75 but
2013 1055 165 75 free-born
2203 1055 99 75 Spar-

1314 1101 83 75 tans.
1447 1101 166 75 Whoever
1631 1101 215 75 negieded.to
1863 1101 38 75 be
1918 1101 123 75 prefent
2058 1101 33 75 at
2115 1101 54 75 the
2186 1101 112 75 foletfi-

1316 1146 67 75 nity
1399 1146 29 75 u'
1428 1146 35 75 as
1481 1146 96 75 fined.

1269 1193 188 75 BRASIL,
1483 1193 37 75 or
1548 1193 169 75 Brazil,
1753 1193 17 75 a
1800 1193 88 75 large
1918 1193 158 75 maritime
2102 1193 137 75 country
2266 1193 40 75 of

1316 1242 103 75 South
1437 1242 164 75 America,
1627 1242 88 75 lying
1733 1242 142 75 between
1896 1242 40 75 35
1936 1224 25 49 0
1980 1242 63 75 and
2060 1242 67 75 6o
2155 1242 60 75 W.
2233 1242 70 75 Ion.

1315 1285 61 75 and
1395 1285 142 75 between
1555 1285 54 75 the
1629 1285 136 75 equator
1783 1285 62 75 and
1864 1285 39 75 35
1903 1267 24 49 0
1949 1285 35 75 S.
2004 1285 57 75 lat.

1362 1332 31 75 It
1409 1332 26 75 is
1454 1332 147 75 bounded
1629 1332 43 75 by
1700 1332 55 75 the
1780 1332 146 75 Atlantic
1950 1332 97 75 ocean
2065 1332 61 75 and
2144 1332 54 75 the
2215 1332 85 75 river

1314 1378 150 75 Amazon
1481 1378 41 75 On
1537 1378 54 75 the
1615 1378 108 75 north,
1750 1378 43 75 by
1809 1378 54 75 the
1880 1378 82 75 fame
1978 1378 98 75 ocean
2092 1378 41 75 on
2153 1378 54 75 the
2224 1378 76 75 eaft,

1313 1424 43 75 by
1373 1424 55 75 the
1444 1424 84 75 river
1545 1424 40 75 of
1596 1424 92 75 Plate
1705 1424 41 75 on
1765 1424 54 75 the
1846 1424 105 75 fouth,
1978 1424 61 75 and
2063 1424 43 75 by
2132 1424 171 75 Paragujy

1313 1470 41 75 on
1381 1470 54 75 the
1452 1470 74 75 weft
1542 1470 9 75 ;
1578 1470 95 75 being
1701 1470 170 75 computed
1902 1470 35 75 to
1964 1470 40 75 be
2035 1470 90 75 2500
2149 1470 90 75 miles
2267 1470 34 75 in

1300 1518 137 75 ^length,
1463 1518 61 75 and
1542 1518 69 75 700
1627 1518 91 75 miles
1735 1518 33 75 in
1784 1518 148 75 breadth.
1996 1518 76 75 The
2102 1518 197 75 Portuguefe

1312 1564 81 75 have
1410 1564 72 75 now
1499 1564 54 75 the
1570 1564 65 75 foie
1651 1564 164 75 dominion
1832 1564 40 75 of
1889 1564 64 75 this
1975 1564 158 75 extenfive
2149 1564 150 75 country,

1313 1611 118 75 where,
1450 1611 118 75 befides
1586 1611 91 75 iugar
1694 1611 62 75 and
1772 1611 147 75 tobacco,
1937 1611 90 75 there
2044 1611 53 75 are
2114 1611 68 75 rich
2201 1611 100 75 mints

1313 1657 39 75 of
1369 1657 77 75 gold
1471 1657 62 75 and
1560 1657 167 75 diamonds
1742 1657 10 75 ;
1790 1657 83 75 from
1892 1657 129 75 whence
2036 1657 50 75 his
2103 1657 197 75 Portuguese

1313 1703 130 75 majefty
1460 1703 104 75 draws
1581 1703 20 75 a
1616 1703 79 75 very
1711 1703 212 75 confiderable
1942 1703 148 75 revenue.

1265 1750 149 75 Brasil
1434 1750 101 75 suoisr/,
1560 1750 37 75 or
1613 1750 275 75 Brazil-w5o^,
1915 1750 38 75 an
1972 1750 169 75 American
2154 1750 96 75 wood
2263 1750 40 75 of

1314 1795 17 75 a
1351 1795 56 75 red
1425 1795 123 75 colour,
1574 1795 63 75 and
1653 1795 74 75 very
1746 1795 115 75 heavy.
1911 1795 31 75 It
1959 1795 26 75 is
2002 1795 224 75 denominated
2243 1795 54 75 va-

1313 1842 127 75 rioufly,
1477 1842 170 75 according
1669 1842 35 75 to
1732 1842 55 75 the
1815 1842 104 75 places
1948 1842 83 75 from
2059 1842 131 75 whence
2218 1842 25 75 it
2263 1842 34 75 as

1313 1889 158 75 brought:
1498 1889 95 75 Thus
1611 1889 48 75 we
1675 1889 81 75 have
1773 1889 89 75 brafil
1880 1889 85 75 from
1982 1889 241 75 Fernambuco,'
2240 1889 56 75 Ja-

1313 1935 72 75 pan,
1404 1935 139 75 Lamon,
1570 1935 65 75 <tc.

1357 1983 77 75 The
1466 1983 178 75 brafil-tree
1678 1983 177 75 ordinarily
1887 1983 106 75 grows
2026 1983 31 75 in
2090 1983 63 75 dry
2183 1983 115 75 barren

1311 2029 118 75 places,
1455 2029 63 75 and
1542 2029 78 75 even
1651 2029 32 75 in
1711 2029 56 75 the
1795 2029 84 75 cliffs
1908 2029 39 75 of
1972 2029 112 75 rocks,:
2127 2029 32 75 It
2175 2029 26 75 is
2220 2029 77 75 very

1311 2075 89 75 thick
1434 2075 60 75 and
1526 2075 101 75 large,
1652 2075 123 75 ufually
1808 2075 139 75 crooked
1975 2075 63 75 and
2069 2075 135 75 knotty:
2248 2075 47 75 Bis

1310 2120 137 75 flowers,
1474 2120 104 75 which
1597 2120 53 75 are
1676 2120 40 75 of
1739 2120 18 75 a
1784 2120 155 75 beautiful
1957 2120 68 75 red,
2051 2120 114 75 exhale
2183 2120 18 75 a
2217 2120 79 75 very

1311 2168 163 75 agreeable
1490 2168 102 75 fmell.

1357 2213 142 75 Though
1528 2213 54 75 the
1598 2213 69 75 tree
1683 2213 39 75 be
1740 2213 78 75 very
1833 2213 101 75 thick,
1958 2213 26 75 it
2009 2213 25 75 is
2063 2213 136 75 covered
2217 2213 77 75 with

1310 2258 33 75 fo
1368 2258 86 75 grofs
1483 2258 18 75 a
1528 2258 91 75 bark,
1645 2258 70 75 that
1733 2258 90 75 when
1842 2258 55 75 the
1914 2258 127 75 favages
2057 2258 81 75 have
2154 2258 96 75 taken
2267 2258 27 75 it

1308 2306 58 75 off,
1392 2306 55 75 the
1470 2306 96 75 wood
1591 2306 37 75 or
1652 2306 109 75 trunk,
1789 2306 104 75 which
1910 2306 63 75 was
1992 2306 109 75 before
2117 2306 55 75 the
2188 2306 106 75 thick-

1309 2352 67 75 nefs
1393 2352 41 75 of
1446 2352 17 75 a
1480 2352 83 75 man,
1581 2352 27 75 is
1626 2352 103 75 fcarce
1742 2352 59 75 left
1819 2352 93 75 equal
1930 2352 35 75 to
1983 2352 69 75 that
2069 2352 41 75 of
2122 2352 48 75 his
2188 2352 65 75 leg.

1356 2399 83 75 This
1471 2399 95 75 wood
1582 2399 80 75 muft
1680 2399 39 75 be
1746 2399 114 75 chofen
1885 2399 31 75 in
1942 2399 89 75 thick
2054 2399 116 75 pieces,
2195 2399 95 75 clofe,

1308 2445 111 75 found,
1445 2445 137 75 without
1609 2445 62 75 any
1695 2445 79 75 bark
1801 2445 41 75 on
1870 2445 38 75 it,
1934 2445 61 75 and
2022 2445 76 75 fuch
2126 2445 47 75 as,
2207 2445 85 75 upon

1307 2492 153 75 fplitting,
1486 2492 40 75 of
1539 2492 70 75 pale
1626 2492 145 75 becomes
1786 2492 136 75 reddifti,
1948 2492 74 75 and,
2041 2492 91 75 when
2145 2492 144 75 chewed,

1306 2537 57 75 has
1381 2537 18 75 a
1415 2537 180 75 faccharine
1622 2537 89 75 tafte.
1769 2537 31 75 It
1832 2537 28 75 is
1886 2537 94 75 much
2009 2537 75 75 ufed
2113 2537 30 75 in
2174 2537 117 75 turned

1307 2584 102 75 work,
1432 2584 62 75 and
1511 2584 87 75 takes
1616 2584 18 75 a
1650 2584 85 75 good
1753 2584 96 75 polilh
1863 2584 8 75 :
1899 2584 66 75 But
1981 2584 41 75 its
2040 2584 90 75 chief
2146 2584 51 75 ufe
2213 2584 26 75 is
2257 2584 32 75 in

1306 2630 110 75 dying,
1443 2630 106 75 where
1565 2630 25 75 it
1606 2630 104 75 ferves
1728 2630 50 75 for
1795 2630 18 75 a
1830 2630 57 75 red
1903 2630 132 75 colour:
2063 2630 31 75 It
2110 2630 27 75 is
2155 2630 18 75 a
2189 2630 99 75 fpuri-

1305 2678 58 75 ous
1380 2678 123 75 colour,
1529 2678 160 75 however,
1715 2678 70 75 that
1807 2678 26 75 it
1856 2678 100 75 gives,
1983 2678 61 75 and
2061 2678 96 75 eafily
2171 2678 117 75 evapo-

1305 2724 83 75 rates
1405 2724 60 75 and
1483 2724 111 75 fades;
1621 2724 58 75 nor
1696 2724 27 75 is
1740 2724 56 75 the
1823 2724 94 75 wood
1935 2724 34 75 to
1991 2724 39 75 be
2053 2724 76 75 ufed
2153 2724 136 75 without

1305 2770 83 75 alum
1405 2770 61 75 and
1483 2770 111 75 tartar.
1644 2770 98 75 From
1758 2770 56 75 the
1831 2770 98 75 Brafil
1953 2770 41 75 of
2003 2770 234 75 Fernambuco,
2263 2770 26 75 is

1303 2817 106 75 drawn
1428 2817 17 75 a
1461 2817 79 75 kind
1566 2817 41 75 of
1621 2817 151 75 carmine,
1798 2817 42 75 by
1857 2817 107 75 means
1981 2817 40 75 of
2043 2817 104 75 acids:
2174 2817 92 75 Ther
2274 2817 13 75 s

1303 2862 25 75 is
1346 2862 63 75 alfo
1427 2862 18 75 a
1462 2862 102 75 liquid
1580 2862 88 75 lacca
1684 2862 91 75 made
1792 2862 40 75 of
1843 2862 36 75 it,
1907 2862 52 75 for
1976 2862 180 75 miniature.
2203 2862 9 75 *

1255 2912 252 75 BRASLAW,
1534 2912 55 75 the
1617 2912 114 75 capital
1761 2912 40 75 of
1824 2912 19 75 a
1870 2912 171 75 palatinate
2069 2912 40 75 of
2131 2912 55 75 the
2204 2912 82 75 Eam:

1300 2956 103 75 name,
1421 2956 33 75 in
1471 2956 54 75 the
1541 2956 151 75 province
1708 2956 41 75 of
1760 2956 175 75 Lithuania
1949 2956 32 75 in
2001 2956 141 75 Poland:
2158 2956 127 75 Eolon,

1250 3006 4 75 ,
1278 3006 103 75 ,.26,
1407 3006 49 75 N.
1474 3006 58 75 lat.
1553 3006 65 75 56
1637 3006 69 75 20.
1723 3006 29 75 ..

1751 3052 19 75 8
1795 3052 30 75 E

2123 3052 178 75 BRASS,-
