2456 3337
509 160 233 45 ABA

175 238 84 37 fome
272 238 178 37 ornament,
465 238 34 37 as
512 238 19 37 a
541 238 69 37 rofe
623 238 36 37 or
671 238 93 37 other
775 238 122 37 flower,
947 238 207 37 Scammozzi

174 284 69 37 ufes
259 284 116 37 abacus
391 284 53 37 for
460 284 18 37 a
494 284 137 37 concave
653 284 165 37 moulding
840 284 42 37 on
906 284 57 37 the
987 284 116 37 capital
1119 284 42 37 of

174 330 58 37 the
245 330 129 37 Tufcan
391 330 157 37 pedefial;
574 330 66 37 and
653 330 145 37 Palladio
827 330 77 37 calls
929 330 55 37 the
1000 330 105 37 plinth
1121 330 33 37 a-

174 375 85 37 bove
273 375 54 37 the
343 375 145 37 echinus,
506 375 37 37 or
555 375 137 37 boultin,
709 375 33 37 in
759 375 195 37 theTufean
972 375 63 37 and
1051 375 106 37 Doric

174 422 124 37 orders,
322 422 44 37 by
385 422 55 37 the
463 422 83 37 fame
567 422 105 37 name.
723 422 61 37 See
799 422 86 37 plate
901 422 30 37 I.
957 422 56 37 fig.
1036 422 31 37 i.
1093 422 64 37 and

174 468 336 36 ARCHITECTURE.

126 514 156 36 ABACUS
308 513 26 37 is
352 513 63 37 alfo
432 513 54 37 the
502 513 91 37 name
615 513 40 37 of
673 513 39 37 an
740 513 124 37 ancient
887 513 185 37 inftrument
1101 513 53 37 for

173 558 190 37 facilitating
386 558 180 37 operations
594 558 33 37 in
655 558 194 37 arithmetic.
899 558 32 37 It
953 558 32 37 is
997 558 157 37 vadoully

172 604 179 37 contrived.
398 604 93 37 That
514 604 116 37 chiefly
653 604 77 37 ufed
751 604 33 37 in
801 604 132 37 Europe
957 604 26 37 is
1001 604 91 37 made
1109 604 45 37 by

172 651 143 37 drawing
331 651 61 37 any
407 651 134 37 number
551 651 40 37 of
603 651 131 37 parallel
750 651 79 37 lines
847 651 33 37 at
896 651 56 37 the
964 651 137 37 di(lance
1117 651 42 37 of

174 697 65 37 two
254 697 169 37 diameters
441 697 42 37 of
499 697 61 37 one
577 697 40 37 of
636 697 55 37 the
709 697 148 37 counters
874 697 77 37 ufed
967 697 32 37 in
1016 697 55 37 the
1088 697 64 37 cal-

171 743 153 37 culation.
349 743 34 37 A
392 743 132 37 counter
532 743 113 37 placed
651 743 105 37 on.the
763 743 110 37 lowed
880 743 77 37 line,
967 743 133 37 fignifies
1114 743 38 37 r;

171 789 43 37 on
225 789 55 37 the
298 789 55 37 sd,
375 789 60 37 10;
462 789 41 37 on
515 789 56 37 the
582 789 56 37 3d,
656 789 83 37 100;
766 789 42 37 on
820 789 55 37 the
887 789 71 37 4th,
976 789 101 37 1000,
1091 789 61 37 &c.

170 835 41 37 In
224 835 54 37 the
295 835 224 37 intermediate
535 835 119 37 fpaces,
679 835 56 37 the
747 835 83 37 fame
847 835 148 37 counters
1013 835 53 37 are
1083 835 71 37 efli-

169 881 110 37 mated
294 881 33 37 at
342 881 60 37 one
408 881 83 37 Jialf
502 881 40 37 of
553 881 56 37 the
625 881 92 37 value
733 881 41 37 of
785 881 55 37 the
856 881 64 37 line
936 881 219 37 immediately

169 927 155 37 fuperior,
354 927 67 37 viz.
446 927 144 37 between
615 927 55 37 the
699 927 44 37 id
767 927 64 37 and
855 927 56 37 2d,
940 927 42 37 5;
1009 927 145 37 between

170 973 56 37 the
250 973 44 37 2d
315 973 62 37 and
396 973 54 37 3d,
479 973 55 37 50,
559 973 62 37 &c.
671 973 63 37 See
758 973 85 37 plate
865 973 30 37 I.
920 973 56 37 fig.
997 973 34 37 2.
1056 973 34 37 A
1106 973 43 37 B,

169 1019 108 37 where
289 1019 56 37 the
357 1019 83 37 fame
449 1019 143 37 number,
611 1019 86 37 1768
707 1019 51 37 for
768 1019 159 37 example,
941 1019 26 37 is
977 1019 175 37 reprefent-

171 1065 41 37 ed
229 1065 101 37 under
345 1065 79 37 both
441 1065 43 37 by
495 1065 151 37 different
660 1065 197 37 difpofitions
874 1065 40 37 of
925 1065 55 37 the
992 1065 160 37 counters.

124 1113 155 36 ABACUS
298 1112 214 37 harmonious,
530 1112 114 37 among
657 1112 176 37 muficians,
857 1112 57 37 the
930 1112 221 37 arrangement

173 1157 38 37 of
224 1157 55 37 the
296 1157 80 37 keys
394 1157 40 37 of
445 1157 19 37 a
478 1157 126 37 mufical
620 1157 199 37 indrument.

123 1209 157 30 ABACUS
298 1204 176 37 logijlicus,
498 1204 17 37 a
532 1204 219 37 right-angled
772 1204 151 37 triangle,
945 1204 106 37 whofe
1075 1204 78 37 fides

171 1250 138 37 forming
324 1250 55 37 the
395 1250 86 37 right
498 1250 94 37 angle
606 1250 127 37 contain
750 1250 55 37 the
821 1250 151 37 numbers
986 1250 86 37 from
1087 1250 13 37 1
1118 1250 36 37 to

171 1298 59 37 60,
248 1298 62 37 and
321 1298 41 37 its
375 1298 73 37 area
463 1298 56 37 the
535 1298 84 37 fafta
635 1298 39 37 of
686 1298 97 37 every
798 1298 66 37 two
880 1298 40 37 of
932 1298 55 37 the
1005 1298 149 37 numbers

170 1341 275 37 perpendicularly
461 1341 154 37 oppofite.
662 1341 86 37 This
768 1341 27 37 is
814 1341 65 37 alfo
895 1341 105 37 called
1017 1341 20 37 a
1051 1341 103 37 canon

173 1388 39 37 of
222 1388 230 37 fexagefimals.

126 1435 156 37 Jk^&cus
300 1435 246 37 Pythagvricus,
571 1435 56 37 the
652 1435 361 37 multiplication-table,
1039 1435 37 37 or
1092 1435 62 37 any

172 1481 84 37 table
280 1481 39 37 of
337 1481 149 37 numbers
513 1481 72 37 that
608 1481 171 37 facilitates
804 1481 183 37 operations
1001 1481 34 37 in
1051 1481 100 37 arith-

172 1526 110 37 metic.

125 1574 218 37 ABADAN,
368 1574 19 37 a
402 1574 90 37 town,
501 1574 40 37 of
551 1574 118 37 Perfia,
687 1574 221 37 fituatednear
924 1574 56 37 the
991 1574 113 37 mouth
1116 1574 39 37 of

174 1619 54 37 the
243 1619 135 37 Tygris.

125 1666 257 37 ABADDON,
407 1666 84 37 from
507 1666 97 37 abaci,
630 1666 35 37 to
681 1666 146 37 dedroy;
855 1666 19 37 a
889 1666 91 37 name
1000 1666 93 37 given
1108 1666 45 37 by

175 1709 38 37 St
226 1709 98 37 John,
343 1709 31 37 in
392 1709 54 37 the
458 1709 222 37 Revelations,
698 1709 35 37 to
750 1709 54 37 the
816 1709 77 37 king
904 1709 41 37 of
956 1709 55 37 the
1022 1709 129 37 locults.

126 1756 202 37 ABADIR,
354 1756 19 37 a
388 1756 70 37 title
474 1756 107 37 which
597 1756 56 37 the
666 1756 246 37 Carthaginians
925 1756 80 37 gave
1022 1756 34 37 to
1072 1756 82 37 gods

173 1802 40 37 of
224 1802 57 37 the
297 1802 66 37 fird
379 1802 108 37 order.
536 1802 39 37 In
587 1802 54 37 the
650 1802 128 37 Roman
795 1802 202 37 mythology,
1014 1802 27 37 it
1056 1802 27 37 is
1100 1802 55 37 the

171 1848 93 37 name
284 1848 40 37 of
341 1848 19 37 a
375 1848 87 37 done
480 1848 104 37 which
602 1848 118 37 Saturn
735 1848 194 37 fwallowed,
953 1848 201 37 believing.it

173 1893 38 37 to
225 1893 40 37 be
281 1893 49 37 his
346 1893 168 37 new-born
532 1893 57 37 fon
606 1893 147 37 Jupiter:
779 1893 100 37 hence
902 1893 26 37 it
952 1893 130 37 became
1098 1893 58 37 the

175 1939 104 37 object
295 1939 40 37 of
347 1939 148 37 religious
512 1939 148 37 worfhip.

130 1985 189 37 ABACRE,
345 1985 18 37 a
379 1985 87 37 town
483 1985 32 37 in
532 1985 55 37 the
598 1985 120 37 defarts
735 1985 41 37 of
786 1985 136 37 Arabia.

128 2031 175 37 ABAFT,
329 2031 19 37 a
363 2031 161 37 fea-term,
548 2031 167 37 fignifying
731 2031 143 37 towards
891 2031 53 37 the
956 2031 118 37 Jiern:
1101 2031 52 37 for

175 2077 147 37 indance,
347 2077 93 37 abaft
457 2077 53 37 the
526 2077 241 37 mizzen-jnaft,
784 2077 135 37 implies,
937 2077 72 37 that
1023 2077 56 37 the
1096 2077 58 37 ob-

175 2122 64 37 Jedf
255 2122 25 37 is
297 2122 142 37 between
455 2122 56 37 the
524 2122 219 37 mizzen-mad
761 2122 61 37 and
838 2122 167 37 the.dern.

131 2169 129 37 ABAI,
283 2169 32 37 in
325 2169 133 37 botany,
481 2169 19 37 a
508 2169 160 37 fynonime
680 2169 40 37 of
731 2169 56 37 the
799 2169 204 37 calycanthus
1015 2169 141 37 prtecox,

179 2214 19 37 a
213 2214 97 37 genus
327 2214 40 37 of
377 2214 103 37 plants
496 2214 171 37 belonging
684 2214 33 37 to
730 2214 54 37 the
797 2214 175 37 icofandria
983 2214 170 37 polygynia

180 2261 77 37 clafs
274 2261 40 37 of
325 2261 164 37 Linnaeus.
538 2261 60 37 See
616 2262 308 36 CALYCANTHUS.

132 2306 216 37 ABAISSE.
399 2306 61 37 See
477 2307 169 36 ABASED.

134 2353 388 37 ABALIENATION.
572 2353 61 37 See
654 2354 270 36 ALIENATION.

133 2398 215 37 ABANBO,
370 2398 19 37 a
404 2398 82 37 river
498 2398 39 37 of
548 2398 154 37 Ethiopia
717 2398 105 37 which
835 2398 73 37 falls
920 2398 68 37 into
999 2398 56 37 the
1066 2398 92 37 Nile.

134 2443 233 37 ABANCAI,
392 2443 36 37 or
445 2444 221 36 ABANCAYS,
691 2443 21 37 a
729 2443 86 37 town
833 2443 63 37 and
910 2443 84 37 river
1010 2443 39 37 of
1061 2443 99 37 Peru,

181 2488 32 37 in
229 2488 54 37 the
300 2488 117 37 didridt
432 2488 40 37 of
483 2488 108 37 Lima.

134 2535 182 37 ABANO,
342 2535 18 37 a
375 2535 90 37 fmall
479 2535 87 37 town
581 2535 32 37 in
628 2535 99 37 Italy,
753 2535 118 37 fubjedt
885 2535 36 37 to
936 2535 136 37 Venice,
1095 2535 63 37 and

183 2579 132 37 fituated
330 2579 60 37 five
406 2579 90 37 miles
512 2579 183 37 fouth-wed
712 2579 38 37 of
767 2579 122 37 Padua.

136 2626 327 37 ABAPTISTON,
479 2626 37 37 or
527 2627 319 36 ANABAPTISTON,
864 2626 40 37 an
920 2626 141 37 obfolete
1078 2626 80 37 term

183 2670 52 37 for
258 2670 55 37 the
337 2670 189 37 chirurgical
549 2670 185 37 indrument
758 2670 104 37 called
885 2670 22 37 a
919 2670 128 37 trepan.
1097 2670 61 37 See

186 2718 200 36 SURGERY,
411 2717 63 37 and
491 2717 143 37 Trepan.

138 2764 211 37 ABARCA,
375 2764 19 37 a
409 2764 72 37 (hoe
498 2764 91 37 made
612 2764 40 37 of
669 2764 66 37 raw
758 2764 104 37 hides,
887 2764 155 37 formerly
1067 2764 92 37 worn

186 2809 43 37 by
240 2809 55 37 the
308 2809 140 37 peafants
465 2809 31 37 in
515 2809 109 37 Spain.

139 2856 453 37 ABARTICULATION,
615 2856 34 37 in
665 2856 160 37 anatomy,
851 2856 19 37 a
893 2856 117 37 fpeeies
1027 2856 39 37 of
1085 2856 77 37 arti-

187 2900 137 37 culation
341 2900 105 37 which
463 2900 26 37 is
506 2900 72 37 now
590 2900 125 37 termed
731 2900 201 37 diarthrofts.
982 2900 62 37 See
1059 2905 102 30 ANA-

191 2956 121 24 TOMY,
337 2946 77 37 Part
430 2946 31 37 I.
486 2946 63 37 and
566 2946 218 37 Diarthrofs.

141 2992 137 37 ABAS,
303 2992 18 37 a
337 2992 116 37 weight
465 2992 74 37 ufed
550 2992 32 37 in
594 2992 105 37 Perfia
710 2992 52 37 for
776 2992 161 37 weighing
950 2992 119 37 pearls.
1093 2992 33 37 It
1135 2992 26 37 is

191 3038 95 37 l-8th
300 3038 59 37 lefs
373 3038 75 37 than
466 3038 54 37 the
531 3038 171 37 European
717 3038 101 37 carat.

915 3038 34 37 *'

1620 153 232 52 ABB

1202 236 223 37 ABASCIA,
1451 236 56 37 the
1524 236 139 37 country
1674 236 41 37 of
1726 236 55 37 the
1793 236 113 37 Alcas.
1957 241 218 30 SCCALCAS.

1202 282 227 37 ABAISED,
1454 282 144 37 Abaijfe,
1622 282 33 37 in
1672 282 163 37 heraldry,
1862 282 38 37 an
1917 282 123 37 epithet
2057 282 128 37 applied
2200 282 36 37 to

1234 328 10 37 '
1255 328 55 37 the
1319 328 100 37 wings
1432 328 164 37 ofe&gies,
1615 328 61 37 &c.
1694 328 94 37 when
1805 328 55 37 the
1872 328 46 37 tip
1930 328 91 37 looks
2035 328 203 37 downwards

1252 374 35 37 to
1303 374 55 37 the
1374 374 91 37 point
1483 374 39 37 of
1534 374 55 37 the
1598 374 110 37 (liield,
1733 374 42 37 or.
1783 374 93 37 when
1893 374 54 37 the
1960 374 101 37 wings
2078 374 53 37 are
2143 374 90 37 (hut;

1252 420 55 37 the
1319 420 126 37 natural
1457 420 72 37 way
1540 420 40 37 of
1591 420 132 37 bearing
1736 420 88 37 them
1841 420 95 37 being
1947 420 175 37 extended.

1204 468 231 37 ABASING,
1461 468 32 37 in
1515 468 55 37 the
1593 468 236 37 fea-language,
1855 468 133 37 fignifies
2011 468 55 37 the
2089 468 83 37 fame
2199 468 35 37 as

1250 512 143 37 driking.

1201 559 183 37 ABASSI,
1408 559 39 37 or
1462 569 176 24 ABAssas,
1665 564 18 30 a
1709 559 91 37 filver
1820 559 72 37 coin
1916 559 129 37 current
2067 559 31 37 in
2116 559 124 37 Perfia,.

1249 604 183 37 equivalent
1448 604 33 37 in
1493 604 92 37 value
1597 604 35 37 to
1646 604 18 37 a
1673 604 124 37 French
1816 604 92 37 livre,
1926 604 38 37 or
1980 604 152 37 tenpence
2148 604 85 37 half-

1249 651 105 37 penny
1366 651 153 37 Sterling.
1568 651 33 37 It
1614 651 79 37 took
1704 651 41 37 its
1759 651 90 37 name
1862 651 86 37 from
1958 651 116 37 Schaw
2082 651 89 37 Abas
2184 651 49 37 II.

1250 696 76 37 king
1343 696 40 37 of
1395 696 118 37 Perfia,
1527 696 102 37 under
1641 696 107 37 whom
1759 696 27 37 it
1801 696 195 37 was-druck.

1203 744 404 37 ABATAMENTUM,
1632 744 33 37 in
1681 744 75 37 law,
1781 744 26 37 is
1822 744 39 37 an
1872 744 94 37 entry
1982 744 35 37 to
2027 744 90 37 lands
2130 744 44 37 by
2185 744 50 37 in-

1250 789 196 37 terpofition,
1470 789 24 37 i.
1508 789 30 37 e.
1555 789 93 37 when
1658 789 19 37 a
1687 789 112 37 perfon
1811 789 66 37 dies
1887 789 118 37 feized,
2024 789 64 37 and
2099 789 137 37 another

1251 835 73 37 who
1341 835 57 37 has
1411 835 42 37 no
1470 835 86 37 right
1572 835 106 37 enters
1697 835 111 37 before
1824 835 56 37 the
1896 835 83 37 heir.

1203 882 179 37 ABATE,
1407 882 86 37 from
1509 882 127 37 abatre,
1662 882 35 37 to
1713 882 126 37 dedroy
1850 882 10 37 ;
1887 882 20 37 a
1925 882 83 37 term
2023 882 78 37 ufed
2116 882 45 37 by
2177 882 56 37 the

1250 928 124 37 writers
1388 928 40 37 of
1439 928 55 37 the
1506 928 146 37 common
1665 928 74 37 law,
1756 928 80 37 both
1855 928 33 37 in
1905 928 40 37 an
1963 928 98 37 a<5tive
2080 928 62 37 and
2155 928 77 37 neu-

1250 973 61 37 tral
1327 973 87 37 fenfe
1426 973 10 37 ;
1464 973 46 37 as,
1536 973 35 37 to
1587 973 96 37 abate
1694 973 19 37 a
1725 973 106 37 cadle,
1849 973 26 37 is
1888 973 35 37 to
1935 973 128 37 dedroy
2074 973 38 37 or
2120 973 74 37 beat
2205 973 28 37 it

1249 1020 116 37 down.;
1391 1020 37 37 to
1443 1020 96 37 abate
1557 1020 18 37 a
1592 1020 86 37 writ,
1701 1020 41 37 is,
1759 1020 44 37 by
1820 1020 85 37 fome
1920 1020 171 37 exception
2107 1020 35 37 to
2159 1020 72 37 ren-

1250 1065 56 37 der
1322 1065 26 37 it
1363 1065 73 37 null
1447 1065 63 37 and
1520 1065 89 37 void.

1200 1112 149 36 ABATE,
1374 1111 32 37 in
1424 1111 56 37 the
1496 1111 144 37 manage,
1665 1111 124 37 implies
1806 1111 56 37 the
1878 1111 219 37 performance
2117 1111 41 37 of
2170 1111 63 37 any

1246 1158 186 37 downward
1450 1158 122 37 motion
1589 1158 165 37 properly.
1793 1158 113 37 Hence
1923 1158 19 37 a
1956 1158 94 37 horfe
2066 1158 27 37 is
2109 1158 69 37 faid
2196 1158 38 37 ta

1250 1204 107 37 abate,
1381 1204 39 37 or
1443 1204 75 37 take
1541 1204 95 37 down
1656 1204 50 37 his
1724 1204 140 37 curvets,
1889 1204 93 37 when
2000 1204 40 37 he
2059 1204 74 37 puts
2149 1204 84 37 both

1250 1251 48 37 his
1314 1251 161 37 hind-legs
1491 1251 36 37 to
1547 1251 55 37 the
1622 1251 125 37 ground
1763 1251 32 37 at
1812 1251 95 37 once,
1930 1251 62 37 and
2007 1251 147 37 obferves
2175 1251 57 37 the

1249 1296 84 37 fame
1348 1296 161 37 exaftnefs
1526 1296 33 37 in
1575 1296 42 37 all
1634 1296 55 37 the
1700 1296 107 37 times.

1202 1342 325 37 ABATEMENT,
1552 1342 32 37 in
1601 1342 163 37 heraldry,
1788 1342 123 37 implies
1932 1342 178 37 fomething
2127 1342 105 37 added

1249 1389 34 37 to
1293 1389 18 37 a
1328 1389 73 37 coat
1413 1389 40 37 of
1464 1389 84 37 arms
1560 1389 33 37 in
1601 1389 95 37 order
1708 1389 35 37 to
1755 1389 94 37 leflen
1861 1389 41 37 its
1915 1389 138 37 dignity,
2071 1389 61 37 and
2140 1389 95 37 point

1248 1434 58 37 out
1322 1434 87 37 fome
1417 1434 227 37 .imperfe&ion
1660 1434 38 37 or
1718 1434 78 37 dain
1811 1434 33 37 in
1864 1434 57 37 the
1940 1434 75 37 char
2018 1434 83 37 after
2117 1434 40 37 of
2174 1434 56 37 the

1248 1480 132 37 wearer.

1201 1527 269 36 ABATEMENT,
1488 1526 32 37 in
1537 1526 74 37 law.
1661 1526 61 37 See
1738 1527 151 36 ABATE.

1199 1573 261 36 ABATEMENT,
1491 1566 33 45 in
1547 1566 190 45 commerce,
1767 1566 135 45 fignifies
1925 1566 39 45 an
1992 1566 171 45 allowance
2191 1566 42 45 or

1247 1612 143 45 difcount
1406 1612 33 45 in
1456 1612 55 45 the
1528 1612 86 45 price
1630 1612 40 45 of
1687 1612 119 45 certain
1823 1612 233 45 commodities,
2082 1612 32 45 in
2130 1612 99 45 conii-

1248 1659 143 45 deration
1407 1659 41 45 of
1459 1659 126 45 prompt
1602 1659 163 45 payment;
1782 1659 22 45 a
1812 1659 190 45 diminution
2013 1659 33 45 in
2061 1659 55 45 the
2133 1659 96 45 dipu-

1249 1705 86 45 lated
1358 1705 148 45 quantity
1524 1705 39 45 or
1583 1705 123 45 quality
1723 1705 35 45 of
1781 1705 114 45 goods,
1921 1705 37 45 or
1973 1705 85 45 fome
2074 1705 76 45 fuch
2167 1705 62 45 cir-

1251 1750 188 45 cumdance.

1203 1802 262 36 ABATEMENT,
1490 1795 32 45 in
1540 1795 55 45 the
1612 1795 149 45 cudoms,
1788 1795 38 45 an
1844 1795 171 45 allowance
2038 1795 92 45 made
2145 1795 85 45 upon

1249 1840 56 45 the
1320 1840 81 45 duty
1409 1840 40 45 of
1460 1840 115 45 goods,
1588 1840 93 45 when
1694 1846 54 37 the
1758 1840 154 45 quantum
1924 1840 154 45 damaged
2089 1840 26 45 is
2125 1840 106 45 deter-

1249 1885 167 45 mined'by
1431 1885 56 45 the
1504 1885 170 45 judgment
1691 1891 40 37 of
1749 1885 66 45 two
1831 1885 179 45 merchants
2035 1885 85 45 upon
2140 1885 90 45 oath,

1253 1931 62 45 and
1331 1931 195 45 afcertained
1541 1937 44 37 by
1601 1937 19 37 a
1636 1931 171 45 certificate
1823 1931 85 45 from
1929 1931 56 45 the
2001 1931 152 45 furveyor
2169 1931 65 45 and

1253 1976 215 45 land-waiter.

1201 2029 192 37 ABATIS,
1418 2029 39 37 an
1474 2029 124 37 ancient
1613 2029 82 37 term
1707 2029 53 37 for
1777 2029 38 37 an
1832 2029 110 37 officer
1953 2029 41 37 of
2000 2029 55 37 the
2071 2029 126 37 dables.

1203 2076 61 37 AB
1268 2076 148 37 ATOR,
1433 2076 33 37 in
1479 2076 74 37 law,
1571 2076 18 37 a
1600 2076 83 37 term
1695 2076 126 37 applied
1837 2076 34 37 to
1889 2076 19 37 a
1918 2076 112 37 perfon
2039 2076 74 37 who
2125 2076 105 37 enters

1251 2121 35 37 to
1303 2121 19 37 a
1335 2121 96 37 houfe
1447 2121 39 37 or
1501 2121 103 37 lands,
1628 2121 77 37 void
1720 2121 43 37 by
1780 2121 55 37 the
1851 2121 98 37 death
1965 2121 39 37 of
2016 2121 56 37 the
2088 2121 57 37 lad
2162 2121 70 37 pof-

1252 2167 106 37 feflbr,
1382 2167 111 37 before
1509 2167 55 37 the
1576 2167 71 37 true
1663 2167 83 37 heir.

1201 2215 180 37 ABAVO,
1407 2215 32 37 in
1464 2215 133 37 botany,
1628 2215 19 37 a
1668 2215 162 37 fynonime
1858 2215 40 37 of
1924 2215 55 37 the
2005 2215 178 37 adanfonia,
2214 2215 19 37 a

1249 2260 94 37 (hrub
1354 2260 173 37 belonging
1543 2260 35 37 to
1596 2260 54 37 the
1662 2260 224 37 monadelphia
1901 2260 187 37 polyandria
2100 2260 40 37 of
2150 2260 81 37 Lin-

1254 2312 98 30 naeus.

1403 2307 61 37 See
1480 2317 246 24 ADANSONTA.

1208 2352 279 37 ABAYANCE.
1537 2352 62 37 See
1615 2353 226 36 ABEYANCE.

1207 2399 108 37 ABB,
1341 2399 20 37 a
1375 2399 96 37 term,
1488 2399 115 37 among
1619 2399 164 37 clothiers,
1808 2399 127 37 applied
1945 2399 36 37 to
1997 2399 55 37 the
2068 2399 78 37 yarn
2163 2399 40 37 of
2214 2399 19 37 a

1256 2444 151 37 weavers
1424 2444 99 37 warp.
1571 2444 100 37 They
1694 2444 65 37 alfo
1776 2444 54 37 fay
1850 2444 167 37 Abb-wool
2029 2444 32 37 in
2078 2444 55 37 the
2149 2444 82 37 fame

1253 2491 97 37 fenfe.

1205 2537 143 37 ABBA,
1372 2537 32 37 in
1428 2537 56 37 the
1506 2537 113 37 Syriac
1642 2537 61 37 and
1719 2537 144 37 Chaldee
1885 2537 182 37 languages,
2092 2537 142 37 literally

1253 2583 132 37 fignifies
1403 2583 19 37 *
1426 2583 142 37 father;
1594 2583 60 37 and
1672 2583 211 37 figuratively,
1901 2583 19 37 a
1931 2583 151 37 fuperior,
2100 2583 134 37 reputed

1255 2628 32 37 as
1297 2628 22 37 a
1330 2628 107 37 father
1448 2628 32 37 in
1493 2628 116 37 refpeft
1621 2628 40 37 of
1674 2628 70 37 age,
1761 2628 137 37 dignity,
1916 2628 37 37 or
1966 2628 158 37 affe&ion.
2161 2628 32 37 It
2205 2628 27 37 is

1254 2675 64 37 alfo
1335 2675 19 37 a
1369 2675 115 37 Jewifti
1501 2675 71 37 title
1588 2675 40 37 of
1639 2675 125 37 honour
1779 2675 93 37 given
1884 2675 35 37 to
1934 2675 86 37 fome
2031 2675 40 37 of
2082 2675 56 37 the
2154 2675 77 37 clafs

1254 2720 103 37 called
1370 2720 169 37 Tanaites.

1206 2766 178 37 ABBAT.
1435 2766 61 37 See
1513 2767 146 36 ABBOT.

1208 2812 222 37 ABBATIS.
1480 2812 61 37 See
1557 2813 163 36 ABATIS.

1208 2858 274 37 ABBEFORD,
1508 2858 19 37 a
1541 2858 140 37 fea-port
1705 2858 86 37 town
1813 2858 33 37 in
1864 2858 158 37 Norway,
2047 2858 33 37 in
2099 2858 57 37 58.
2174 2858 58 37 44.

1256 2906 47 37 N.
1317 2906 58 37 lat.

1209 2950 196 37 ABBESS,
1426 2950 55 37 the
1494 2950 140 37 fuperior
1645 2950 40 37 of
1704 2950 39 37 an
1761 2950 101 37 abbey
1874 2950 37 37 or
1927 2950 136 37 convent
2079 2950 42 37 of
2139 2950 93 37 nuns,

1258 2994 75 37 over
1340 2994 106 37 whom
1455 2994 51 37 (he
1515 2994 56 37 has
1584 2994 55 37 the
1651 2994 83 37 fame
1744 2994 164 37 authority
1920 2994 33 37 as
1965 2994 56 37 the
2033 2994 112 37 abbots
2157 2994 78 37 over

1256 3043 57 37 the
1328 3043 124 37 monks.
1500 3043 105 37 Their
1616 3043 56 37 fex
1687 3043 115 37 indeed
1816 3043 128 37 hinders
1958 3043 87 37 them
2060 3043 86 37 from
2162 3043 71 37 per-

2097 3079 137 37 forming

1092 169 17 52 (
1170 169 21 52 ^
1253 169 18 52 )
