2483 3387
191 171 25 75 3
226 171 52 75 Bo

669 171 43 75 A
789 171 36 75 R
903 171 17 75 I
1000 171 38 75 T
1114 171 44 75 H

195 238 84 75 vifor
295 238 62 75 and
375 238 158 75 quotient,
558 238 89 75 place
671 238 55 75 the
743 238 138 75 excefles
906 238 42 75 on
972 238 56 75 the
1051 238 87 75 right
1166 238 63 75 and

194 285 61 75 left
270 285 79 75 lides
366 285 36 75 of
426 285 19 75 a
461 285 106 75 crofs;
595 285 77 75 then
689 285 149 75 multiply
853 285 86 75 thefe
956 285 67 75 two
1039 285 115 75 figures
1179 285 46 75 in-

193 331 35 75 to
242 331 61 75 one
319 331 145 75 another,
490 331 63 75 and
577 331 63 75 caft
666 331 57 75 the
748 331 49 75 9’s
822 331 57 75 out
902 331 40 75 of
961 331 85 75 their
1071 331 153 75 product;

194 381 62 75 add
273 381 55 75 the
345 381 109 75 excefs
479 381 35 75 to
538 381 55 75 the
617 381 202 75 remainder;
846 381 75 75 and,
947 381 118 75 carting
1088 381 58 75 out
1170 381 57 75 the

194 425 49 75 9’s
260 425 33 75 if
309 425 80 75 need
406 425 52 75 be,
483 425 90 75 place
590 425 55 75 the
661 425 68 75 fum
745 425 38 75 or
799 425 109 75 excefs
925 425 33 75 at
975 425 54 75 the
1046 425 56 75 top
1119 425 40 75 of
1171 425 55 75 the

194 472 83 75 crofs
293 472 10 75 ;
331 472 75 75 then
424 472 63 75 caft
503 472 55 75 the
576 472 49 75 9’s
642 472 57 75 out
716 472 40 75 of
767 472 56 75 the
839 472 164 75 dividend,
1029 472 62 75 and
1108 472 45 75 fet
1170 472 56 75 the

192 520 108 75 excefs
319 520 32 75 at
367 520 56 75 the
440 520 138 75 bottom.
627 520 39 75 If
677 520 55 75 the
749 520 90 75 work
856 520 39 75 be
911 520 100 75 right,
1037 520 55 75 the
1108 520 117 75 figures

191 564 9 75 <
200 546 5 49 !
205 564 18 75 t
240 564 55 75 the
311 564 56 75 top
385 564 62 75 and
463 564 126 75 bottom
604 564 41 75 of
655 564 56 75 the
728 564 85 75 crofs
832 564 65 75 will
913 564 108 75 agree,
1046 564 38 75 or
1107 564 40 75 be
1171 564 55 75 the

191 613 95 75 fame.

237 660 108 75 Thefe
361 660 149 75 methods
535 660 40 75 of
597 660 100 75 proof
720 660 53 75 are
790 660 19 75 a
825 660 116 75 proper
958 660 142 75 exercife
1117 660 35 75 to
1170 660 55 75 the

189 706 122 75 learper
330 706 32 75 in
379 706 125 75 fchools
519 706 10 75 ;
555 706 70 75 but,
651 706 32 75 in
699 706 148 75 bufinefs,
874 706 55 75 the
945 706 77 75 only
1038 706 100 75 proof
1150 706 75 75 ufed

188 753 26 75 is
232 753 19 75 a
272 753 122 75 careful
410 753 113 75 revifal
539 753 41 75 of
592 753 56 75 the
664 753 178 75 operation.

362 900 165 75 Chap.
556 900 70 75 VI.
687 900 362 75 Reduction.

234 997 238 75 Reduction
491 997 148 75 teacheth
657 997 75 75 how
748 997 35 75 to
800 997 93 75 bring
909 997 19 75 a
944 997 134 75 number
1100 997 42 75 of
1160 997 61 75 one

185 1043 92 75 name
293 1043 37 75 or
345 1043 238 75 denomination
601 1043 33 75 to
651 1043 134 75 another
801 1043 39 75 of
851 1043 56 75 the
926 1043 83 75 fame
1025 1043 113 75 value;
1158 1043 63 75 and

185 1090 8 75 i
193 1090 24 75 s"
230 1090 104 75 either
349 1090 203 75 defcending,
578 1090 181 75 afcending,
784 1090 38 75 or
838 1090 96 75 mixt.

231 1137 31 75 I.
287 1137 180 75 Redudtion
484 1137 192 75 defcending
693 1137 109 75 brings
820 1137 19 75 a
855 1137 135 75 number
1006 1137 41 75 of
1070 1137 18 75 a
1095 1137 124 75 .higher

185 1183 237 75 denomination
439 1183 35 75 to
486 1183 20 75 a
520 1183 113 75 lower,
658 1183 94 75 when
768 1183 54 75 the
839 1183 100 75 lower
954 1183 27 75 is
994 1183 86 75 fome
1096 1183 126 75 aliquot

183 1230 73 75 part
272 1230 40 75 of
322 1230 57 75 the
390 1230 136 75 higher;
552 1230 34 75 as
604 1230 123 75 pounds
740 1230 35 75 to
791 1230 152 75 ftiillings,
968 1230 112 75 pence,
1105 1230 38 75 or
1154 1230 65 75 far-

182 1277 129 75 things;
337 1277 64 75 and
416 1277 27 75 is
459 1277 183 75 performed
658 1277 45 75 by
724 1277 258 75 multiplication.

230 1323 49 75 II.
304 1323 181 75 Reduction
501 1323 169 75 afcending
686 1323 107 75 brings
818 1323 19 75 a
855 1323 139 75 number
1019 1323 41 75 of
1078 1323 18 75 a
1120 1323 100 75 lower

182 1370 237 75 denomination
437 1370 35 75 to
489 1370 18 75 a
521 1370 128 75 higher,
667 1370 92 75 when
771 1370 56 75 the
839 1370 100 75 lower
954 1370 27 75 is
994 1370 85 75 fome
1096 1370 123 75 aliquot

181 1417 73 75 part
270 1417 41 75 of
321 1417 56 75 the
393 1417 136 75 higher;
557 1417 34 75 as
609 1417 153 75 (hillings,
787 1417 111 75 pence,
923 1417 39 75 or
985 1417 173 75 farthings,
1183 1417 35 75 to

180 1463 125 75 pounds
317 1463 10 75 ;
354 1463 63 75 and
431 1463 27 75 is
474 1463 184 75 performed
681 1463 43 75 by
739 1463 145 75 divifion.

230 1511 67 75 III.
323 1511 93 75 Mixt
432 1511 168 75 reduftion
617 1511 109 75 brings
751 1511 18 75 a
797 1511 132 75 number
945 1511 41 75 of
997 1511 60 75 one
1073 1511 145 75 denomi-

180 1557 111 75 nation
308 1557 35 75 to
359 1557 146 75 another,
522 1557 93 75 when
631 1557 56 75 the
703 1557 60 75 one
779 1557 27 75 is
823 1557 42 75 no
881 1557 125 75 aliquot
1021 1557 72 75 part
1108 1557 41 75 of
1161 1557 56 75 the

181 1604 115 75 other;
324 1604 34 75 as
387 1604 123 75 pounds
535 1604 36 75 to
595 1604 142 75 guineas,
763 1604 64 75 and
850 1604 145 75 requires
1020 1604 56 75 the
1100 1604 53 75 ufe
1179 1604 41 75 of

180 1650 81 75 both
277 1650 245 75 multiplication
546 1650 63 75 and
624 1650 143 75 divifion.

229 1696 38 75 In
284 1696 138 75 treating
438 1696 41 75 of
490 1696 164 75 reduftion
680 1696 50 75 we
753 1696 77 75 ftiall
846 1696 130 75 conjoin
992 1696 55 75 the
1063 1696 150 75 defcend-

180 1744 56 75 ing
262 1744 63 75 and
349 1744 179 75 afcending,
554 1744 56 75 the
635 1744 61 75 one
719 1744 124 75 ferving
871 1744 32 75 as
931 1744 20 75 a
976 1744 101 75 proof
1099 1744 40 75 of
1158 1744 56 75 the

180 1789 94 75 other
288 1789 10 75 ;
324 1789 64 75 and
403 1789 78 75 ftiall
497 1789 189 75 afterwards
710 1789 85 75 treat
818 1789 41 75 of
877 1789 84 75 mixt
985 1789 162 75 reduftion
1170 1789 44 75 by

178 1837 98 75 itfelf.

228 1883 38 75 In
283 1883 146 75 working
445 1883 176 75 reduction,
638 1883 41 75 of
689 1883 162 75 whatever
867 1883 90 75 kind,
975 1883 55 75 the
1047 1883 167 75 following

181 1929 70 75 rule
268 1929 26 75 is
313 1929 35 75 to
365 1929 38 75 be
420 1929 165 75 obferved,
612 1929 69 75 viz.

228 1975 158 75 Multiply
402 1975 36 75 or
455 1975 107 75 divide
578 1975 34 75 as
630 1975 54 75 the
702 1975 100 75 tables
819 1975 41 75 of
870 1975 116 75 money
997 1975 62 75 and
1076 1975 135 75 weights

181 2023 113 75 dire£t.

352 2126 176 75 Reduction
551 2126 188 75 defcending
763 2126 70 75 and
850 2126 184 75 afcending.

516 2207 30 75 x.
595 2207 42 75 M
661 2207 33 75 O
718 2207 35 75 N
777 2207 31 75 E
833 2207 44 75 Y.

1235 177 48 75 M
1360 177 36 75 E
1474 177 39 75 T
1590 177 18 75 I
1688 177 35 75 C
1800 177 53 75 K.

1505 305 112 75 Proof
1630 305 35 75 by
1690 305 178 75 Reduction
1890 305 185 75 afcending.

1322 382 41 75 In
1391 382 139 75 45:3120
1547 382 157 75 farthings
1721 382 76 75 how
1813 382 97 75 many
1931 382 111 75 pence,
2068 382 154 75 ftiillings,
2247 382 63 75 and

1274 429 123 75 pounds
1411 429 12 75 ?

1320 476 89 75 Here
1432 476 108 75 divide
1557 476 55 75 the
1630 476 157 75 farthings
1811 476 45 75 by
1927 476 181 75 4)453120
2133 476 172 75 farthings.

1276 522 32 75 4,
1334 522 131 75 becaufe
1492 522 22 75 4
1534 522 160 75 farthings
1722 522 92 75 make
1836 522 13 75 x

1273 568 117 75 penny,
1439 568 63 75 and
1541 568 57 75 the
1638 568 147 75 quotient
1827 568 26 75 is
1907 568 198 75 12)113280
2131 568 110 75 pence.

1272 615 99 75 pence
1386 615 8 75 :
1429 615 76 75 then
1533 615 109 75 divide
1670 615 55 75 the
1756 615 99 75 pence

1271 662 45 75 by
1343 662 52 75 12,
1421 662 132 75 becaufe
1578 662 39 75 12
1641 662 99 75 pence
1759 662 93 75 make
1941 662 171 75 210)944)0
2136 662 151 75 (hillings.

1278 708 11 75 1
1312 708 136 75 (hilling,
1474 708 63 75 and
1564 708 56 75 the
1648 708 147 75 quotient
1822 708 26 75 is

1270 755 163 75 (hillings:
1454 755 103 75 lartly,
1577 755 108 75 divide
1703 755 55 75 the
1777 755 74 75 (hil-

2018 755 67 75 472
2133 755 138 75 pounds.

1271 802 83 75 lings
1366 802 44 75 by
1423 802 57 75 20,
1497 802 132 75 becaufe
1647 802 46 75 20
1708 802 140 75 (hillings

1270 848 93 75 make
1386 848 12 75 1
1419 848 120 75 pound,
1565 848 63 75 and
1643 848 56 75 the
1716 848 147 75 quotient
1879 848 27 75 is
1924 848 137 75 pounds.

1319 895 87 75 Note
1425 895 31 75 1.
1481 895 57 75 To
1556 895 116 75 reduce
1687 895 124 75 pounds
1828 895 35 75 to
1879 895 100 75 pence
1996 895 32 75 at
2044 895 62 75 one
2126 895 176 75 operation,

1269 940 152 75 multiply
1435 940 45 75 by
1496 940 80 75 240,
1601 940 57 75 the
1674 940 133 75 number
1823 940 41 75 of
1884 940 99 75 pence
1998 940 32 75 in
2052 940 13 75 1
2085 940 111 75 pound

1317 988 88 75 Note
1422 988 34 75 2.
1481 988 57 75 To
1562 988 116 75 reduce
1702 988 123 75 pounds
1842 988 34 75 to
1892 988 157 75 farthings
2067 988 32 75 at
2115 988 61 75 one
2192 988 111 75 opera-

1267 1033 82 75 tion,
1373 1033 151 75 multiply
1551 1033 44 75 by
1619 1033 81 75 960,
1727 1033 57 75 the
1811 1033 133 75 number
1971 1033 39 75 of
2038 1033 158 75 farthings
2224 1033 33 75 in
2284 1033 14 75 1

1267 1080 121 75 pound.

1316 1128 87 75 Note
1421 1128 33 75 3.
1478 1128 57 75 To
1553 1128 117 75 reduce
1686 1128 140 75 (hillings
1842 1128 35 75 to
1902 1128 157 75 farthings
2087 1128 32 75 at
2142 1128 60 75 one
2225 1128 76 75 ope-

1268 1173 116 75 ration,
1407 1173 150 75 multiply
1584 1173 43 75 by
1655 1173 58 75 48,
1739 1173 56 75 the
1820 1173 134 75 number
1978 1173 39 75 of
2043 1173 158 75 farthings
2225 1173 32 75 in
2281 1173 18 75 1

1266 1218 138 75 (hilling.

1315 1266 87 75 Note
1417 1266 36 75 4.
1476 1266 59 75 To
1552 1266 115 75 reduce
1683 1266 98 75 pence
1798 1266 34 75 to
1849 1266 123 75 pounds
1990 1266 33 75 at
2043 1266 60 75 one
2119 1266 179 75 operation,

1266 1311 108 75 divide
1390 1311 45 75 by
1453 1311 81 75 240,
1560 1311 55 75 the
1633 1311 97 75 pence
1747 1311 31 75 in
1801 1311 12 75 1
1835 1311 122 75 pound.

1313 1359 88 75 Note
1419 1359 32 75 5.
1476 1359 57 75 To
1557 1359 115 75 reduce
1697 1359 157 75 farthings
1881 1359 35 75 to
1939 1359 123 75 pounds
2087 1359 32 75 at
2144 1359 61 75 one
2222 1359 75 75 ope-

1263 1404 118 75 ration,
1406 1404 108 75 divide
1530 1404 45 75 by
1592 1404 81 75 960,
1698 1404 56 75 the
1770 1404 157 75 farthings
1944 1404 31 75 in
2001 1404 14 75 1
2036 1404 119 75 pound.

1313 1452 87 75 Note
1417 1452 35 75 6.
1476 1452 57 75 To
1557 1452 117 75 reduce
1702 1452 158 75 farthings
1886 1452 34 75 to
1937 1452 141 75 (hillings
2095 1452 33 75 at
2143 1452 63 75 one
2221 1452 76 75 ope-

1262 1497 117 75 ration,
1402 1497 111 75 divide
1529 1497 44 75 by
1590 1497 57 75 48,
1673 1497 56 75 the
1746 1497 158 75 farthings
1922 1497 31 75 in
1976 1497 12 75 1
2009 1497 138 75 (lulling.

1309 1545 89 75 Here
1417 1545 127 75 follows
1562 1545 56 75 the
1633 1545 158 75 farthings
1810 1545 42 75 of
1863 1545 115 75 Queft.
2005 1545 31 75 1.
2061 1545 141 75 reduced
2216 1545 82 75 back

1261 1591 36 75 to
1313 1591 124 75 pounds
1454 1591 44 75 by
1512 1591 88 75 thefe
1615 1591 107 75 notes.

1307 1685 54 75 By
1376 1685 75 75 note
1468 1685 35 75 4.

1310 1732 180 75 4)453120
1515 1732 171 75 farthings.

1263 1825 290 75 24|o)ii328|od.
1578 1825 144 75 (472L.

1381 1917 44 75 96

1929 1687 55 75 By
1994 1687 76 75 note
2089 1687 33 75 5.

1874 1734 336 75 96)0)45312)0(472
2220 1734 46 75 L.

1975 1791 109 75 384”

1982 1870 66 75 691

1979 1919 67 75 672

1385 2011 62 75 172

1382 2056 64 75 168

2008 2012 63 75 192

2012 2059 63 75 192

1424 2149 45 75 48

2008 2149 57 75 (o)

1428 2196 43 75 48

226 2268 150 75 Quest,
408 2268 30 75 i.
487 2268 39 75 In
550 2268 45 75 L.
614 2268 67 75 472
706 2268 77 75 how
809 2268 96 75 many
920 2268 154 75 (hillings,
1100 2268 110 75 pence,

180 2317 64 75 and
260 2317 157 75 farthings
432 2317 10 75 ?

229 2362 85 75 This
354 2362 164 75 reduction
556 2362 27 75 is
622 2362 203 75 defcending,
923 2362 67 75 472
1039 2362 136 75 pounds,

180 2409 162 75 therefore
370 2409 149 75 multiply
550 2409 55 75 the
633 2409 123 75 pounds
780 2409 45 75 by

967 2409 45 75 20

182 2458 58 75 20,
273 2458 131 75 becaufe
438 2458 44 75 20
511 2458 139 75 (hillings
678 2458 92 75 make
806 2458 13 75 1

180 2502 121 75 pound,
320 2502 63 75 and
397 2502 57 75 the
470 2502 133 75 produft
619 2502 26 75 is
662 2502 161 75 (hillings:
921 2502 93 75 944°
1037 2502 154 75 (hillings,

178 2550 78 75 then
284 2550 150 75 multiply
457 2550 55 75 the
536 2550 139 75 (hillings
701 2550 43 75 by
767 2550 52 75 12,
942 2550 40 75 12

179 2596 134 75 becaufe
342 2596 38 75 12
409 2596 98 75 pence
531 2596 92 75 make
651 2596 13 75 1
685 2596 137 75 (hilling,

181 2643 63 75 and
268 2643 54 75 the
349 2643 133 75 product
510 2643 27 75 is
564 2643 99 75 pence
680 2643 8 75 :
716 2643 103 75 lartly,
896 2643 88 75 1888

181 2689 151 75 multiply
354 2689 55 75 the
437 2689 98 75 pence
559 2689 46 75 by
630 2689 34 75 4,
689 2689 131 75 becaufe
893 2689 68 75 944

183 2736 22 75 4
221 2736 157 75 farthings
395 2736 92 75 make
509 2736 13 75 1
542 2736 118 75 penny,
685 2736 63 75 and
763 2736 56 75 the

181 2783 134 75 product
328 2783 29 75 is
375 2783 170 75 farthings.

872 2783 136 75 113280
1055 2783 110 75 pence.

877 2921 139 75 453120
1041 2921 170 75 farthings.

1423 2301 59 75 (°)

1636 2380 53 75 By
1706 2380 74 75 note
1798 2380 36 75 6.

1805 2427 68 75 2)0)

1574 2474 272 75 48)453120(94
1872 2474 30 75 |o
1926 2474 154 75 (hillings.

1636 2568 66 75 432
1801 2568 66 75 472
1917 2568 135 75 pounds.

1660 2659 64 75 211

1662 2706 63 75 192

1688 2800 63 75 192

1690 2845 63 75 192

2062 2985 34 75 2.
2122 2985 168 75 AVOIR-
