2397 3387
419 140 35 75 B
515 140 34 75 L
608 140 44 75 U

977 140 18 75 (
1054 140 81 75 575
1197 140 17 75 )

1562 140 242 75 BOA

32 212 7 75 '
39 212 40 75 Ta
94 212 101 75 write
215 212 37 75 cn
265 212 102 75 paper
379 212 37 75 or
423 212 192 75 parchment
626 212 83 75 ivitb
722 212 28 75 J3
757 212 17 75 L
782 212 21 75 u
811 212 30 75 E'
849 212 65 75 ink.
958 212 124 75 Grinds

79 260 73 75 blue
169 260 79 75 with
264 260 118 75 honey,
399 260 77 75 then
493 260 123 75 temper
632 260 26 75 it
674 260 78 75 with
769 260 82 75 glair
870 260 40 75 of
922 260 88 75 eggs,
1029 260 38 75 or

79 306 75 75 gum
171 306 92 75 made
281 306 39 75 of
331 306 149 75 ifmglafs.

31 353 180 75 Blueing
231 353 42 75 of
280 353 113 75 metals
411 353 26 75 is
454 353 184 75 performed
657 353 43 75 by
712 353 129 75 heating
858 353 88 75 them
963 353 31 75 in
1012 353 56 75 the

79 400 68 75 fire,
174 400 50 75 till
253 400 77 75 they
346 400 118 75 afiume
476 400 17 75 a
505 400 74 75 blue
595 400 131 75 colour;
754 400 205 75 particularly
976 400 91 75 prac-

78 446 80 75 tifed
185 446 44 75 by
251 446 130 75 gilders,
409 446 73 75 who
510 446 74 75 blue
611 446 84 75 their
722 446 113 75 metals
861 446 110 75 before
989 446 78 75 they

79 492 95 75 apply
191 492 55 75 the
264 492 77 75 gold
352 492 63 75 and
430 492 91 75 filver
542 492 76 75 leaf.

34 540 46 75 To
105 540 55 75 dye
175 540 91 75 fins
284 540 121 75 Blue.
456 540 74 75 Boil
547 540 225 75 elder-berries
789 540 37 75 or
843 540 222 75 dwarf-elder,

79 587 77 75 then
173 587 100 75 imear
290 587 61 75 and
371 587 82 75 walh
476 587 56 75 the
559 587 82 75 Ikins
665 587 184 75 therewith,
874 587 63 75 and
965 587 101 75 wring

78 634 89 75 them
183 634 79 75 out;
289 634 77 75 then
382 634 66 75 boil
465 634 55 75 the
536 634 134 75 berries,
691 634 33 75 as
750 634 124 75 before,
898 634 32 75 in
949 634 17 75 a
982 634 83 75 folu-

78 680 68 75 tion
163 680 41 75 of
214 680 213 75 alum-water,
445 680 61 75 and
520 680 63 75 wet
595 680 55 75 the
662 680 82 75 flcins
761 680 31 75 in
805 680 56 75 the
878 680 83 75 fame
978 680 87 75 man-

78 726 57 75 ner
151 726 80 75 once
246 726 39 75 or
303 726 93 75 twice
411 726 11 75 ;
448 726 61 75 dry
525 726 101 75 them,
651 726 60 75 and
728 726 78 75 they
830 726 66 75 will
924 726 39 75 be
988 726 79 75 very

78 773 86 75 blue.

32 820 108 75 Dyers
157 820 105 75 Blue
281 820 26 75 is
324 820 60 75 one
409 820 40 75 of
468 820 84 75 their
579 820 108 75 fimple
714 820 38 75 or
780 820 285 75 mother-colours,

80 866 73 75 ufed
179 866 32 75 in
236 866 55 75 the
319 866 205 75 compofition
552 866 41 75 of
615 866 122 75 others.
799 866 31 75 It
861 866 25 75 is
912 866 92 75 made
1032 866 41 75 of

76 913 105 75 woad,
207 913 120 75 indigo,
353 913 63 75 and
443 913 18 75 a
489 913 94 75 paftel
601 913 141 75 brought
759 913 84 75 from
859 913 206 75 Normandy.

78 959 96 75 Some
190 959 95 75 dyers
302 959 151 75 heighten
470 959 85 75 their
574 959 86 75 blue,
685 959 42 75 by
744 959 119 75 adding
879 959 99 75 Brafil
1004 959 63 75 and

77 1006 93 75 other
182 1006 125 75 woods.

82 1051 105 75 Blue
199 1051 62 75 for
272 1051 157 75 painting
455 1051 37 75 or
505 1051 153 75 flaining
682 1051 43 75 of
730 1051 104 75 glafs.
893 1051 95 75 Take
1004 1051 62 75 fine

77 1099 99 75 white
192 1099 76 75 fand
284 1099 115 75 twelve
415 1099 131 75 ounces,
572 1099 101 75 zaffer
690 1099 63 75 and
769 1099 133 75 minium
925 1099 40 75 of
988 1099 78 75 each

77 1146 92 75 three
186 1146 139 75 ounces;
352 1146 114 75 reduce
482 1146 87 75 them
588 1146 34 75 to
639 1146 19 75 a
676 1146 62 75 fine
756 1146 129 75 powder
901 1146 31 75 in
950 1146 19 75 a
986 1146 79 75 bell-

78 1192 99 75 metal
200 1192 142 75 mortar;
370 1192 77 75 then
474 1192 127 75 putting
628 1192 54 75 the
711 1192 108 75 power
845 1192 69 75 into
943 1192 18 75 a
987 1192 80 75 very

77 1239 107 75 ftrong
200 1239 151 75 crucible,
377 1239 94 75 cover
496 1239 25 75 it
533 1239 5 75 .
547 1239 62 75 and
634 1239 66 75 lute
716 1239 26 75 it
759 1239 86 75 well,
871 1239 74 75 and,
970 1239 96 75 being

77 1286 74 75 dry,
175 1286 119 75 calcine
309 1286 27 75 it
352 1286 77 75 over
446 1286 18 75 a
476 1286 96 75 quick
589 1286 56 75 fire
662 1286 108 75 for.an
786 1286 104 75 hour;
917 1286 74 75 take
1008 1286 58 75 out

77 1333 56 75 the
160 1333 117 75 matter
301 1333 62 75 and
387 1333 108 75 pound
511 1333 51 75 it;
589 1333 77 75 then
693 1333 36 75 to
756 1333 121 75 fixteen
894 1333 119 75 ounces
1031 1333 40 75 of

78 1379 64 75 this
158 1379 131 75 powder
313 1379 64 75 add
401 1379 146 75 fourteen
565 1379 39 75 of
615 1379 83 75 nitre
713 1379 152 75 powder;
893 1379 68 75 mix
978 1379 88 75 them

77 1425 72 75 well
171 1425 161 75 together,
357 1425 61 75 and
447 1425 58 75 put
528 1425 89 75 them
634 1425 67 75 into
719 1425 54 75 the
791 1425 140 75 crucible
948 1425 91 75 again
1054 1425 12 75 ;

79 1470 95 75 cover
201 1470 62 75 and
294 1470 67 75 lute
381 1470 38 75 it,
452 1470 62 75 and
533 1470 120 75 calcine
679 1470 53 75 for
760 1470 65 75 two
851 1470 99 75 hours
977 1470 43 75 on
1048 1470 20 75 a

79 1518 78 75 very
172 1518 106 75 ftrong
296 1518 67 75 fire.

33 1565 148 75 Pruffian
198 1565 121 75 Blwe.
368 1565 85 75 This
478 1565 74 75 blue
552 1547 7 49 -
579 1565 27 75 is
633 1565 81 75 next
730 1565 35 75 to
781 1565 205 75 ultramarine
1014 1565 53 75 for

79 1614 129 75 beauty,
233 1614 31 75 if
285 1614 27 75 it
336 1614 40 75 be
399 1614 77 75 ufed
500 1614 32 75 in
561 1614 43 75 oil
621 1614 8 75 :
656 1614 85 75 This
768 1614 111 75 colour
905 1614 76 75 does
1009 1614 58 75 not

81 1658 92 75 grind
192 1658 74 75 well
282 1658 32 75 in
337 1658 111 75 water.

33 1704 105 75 Blue
151 1704 67 75 bice
233 1704 25 75 is
271 1704 19 75 a
302 1704 110 75 colour
430 1704 39 75 of
481 1704 84 75 good
577 1704 193 75 brightnefs,
787 1704 79 75 next
879 1704 35 75 to
926 1704 140 75 Prufiian

78 1750 75 75 blue
165 1750 11 75 ;
203 1750 61 75 and
281 1750 64 75 alfo
362 1750 19 75 a
396 1750 111 75 colour
523 1750 40 75 of
574 1750 19 75 a
605 1750 98 75 body,
729 1750 61 75 and
807 1750 66 75 will
890 1750 74 75 flow
980 1750 91 75 pret-

80 1796 36 75 ty
131 1796 74 75 well
222 1796 31 75 in
271 1796 54 75 the
343 1796 116 75 pencil.

34 1844 171 75 Saunders
221 1844 106 75 Blue
345 1844 27 75 is
385 1844 65 75 alfo
469 1844 40 75 of
520 1844 79 75 very
614 1844 85 75 good
719 1844 66 75 ufe,
810 1844 63 75 and
889 1844 73 75 may
979 1844 90 75 ferve

81 1890 32 75 as
131 1890 19 75 a
165 1890 93 75 fiiade
275 1890 35 75 to
328 1890 206 75 ultramarine
550 1890 37 75 or
615 1890 55 75 the
687 1890 75 75 blue
779 1890 84 75 bice,
889 1890 107 75 where
1012 1890 57 75 the

80 1937 107 75 fhades
205 1937 54 75 are
275 1937 56 75 not
347 1937 151 75 required
513 1937 35 75 to
573 1937 39 75 be
640 1937 78 75 very
734 1937 93 75 deep,
854 1937 62 75 and
932 1937 25 75 is
975 1937 39 75 of
1025 1937 41 75 it-

78 1984 63 75 felf
153 1984 18 75 a
190 1984 139 75 pleafant
353 1984 87 75 blue,
465 1984 35 75 to
516 1984 40 75 be
583 1984 65 75 laid
664 1984 143 75 between
832 1984 55 75 the
903 1984 83 75 light
1003 1984 64 75 and

78 2031 108 75 ftiades
203 2031 40 75 of
254 2031 75 75 fuch
353 2031 18 75 a
388 2031 109 75 flower
514 2031 33 75 as
571 2031 28 75 is
622 2031 40 75 of
681 2031 18 75 a
715 2031 160 75 mazarine
891 2031 86 75 blue.

32 2078 37 75 J
84 2078 63 75 fine
171 2078 106 75 Blue
287 2078 94 75 from
400 2078 64 75 Mr
483 2078 106 75 Boyle.
636 2078 96 75 Take
748 2078 55 75 the
820 2078 73 75 blue
910 2078 103 75 leaves
1031 2078 42 75 of

80 2123 67 75 rue,
173 2123 62 75 and
251 2123 74 75 beat
342 2123 87 75 them
450 2123 18 75 a
494 2123 84 75 little
607 2123 32 75 in
662 2123 19 75 a
707 2123 87 75 Hone
811 2123 121 75 mortar
950 2123 76 75 with
1045 2123 19 75 a

78 2168 136 75 wooden
231 2168 117 75 peflle;
374 2168 77 75 then
467 2168 58 75 put
542 2168 87 75 them
646 2168 32 75 in
696 2168 111 75 water,
827 2168 88 75 juice
931 2168 62 75 and
1010 2168 56 75 all,

78 2215 53 75 for
153 2215 144 75 fourteen
325 2215 80 75 days
432 2215 38 75 or
497 2215 101 75 more,
623 2215 137 75 walking
781 2215 88 75 them
887 2215 97 75 every
1000 2215 65 75 day

78 2261 50 75 till
145 2261 76 75 they
233 2261 52 75 are
302 2261 106 75 rotten
420 2261 10 75 ;
457 2261 61 75 and
536 2261 31 75 at
583 2261 58 75 lall
653 2261 72 75 beqt
743 2261 88 75 them
849 2261 61 75 and
929 2261 55 75 the
1001 2261 64 75 wa-

76 2308 50 75 ter
151 2308 160 75 together,
338 2308 48 75 till
411 2308 78 75 they
517 2308 131 75 become
664 2308 20 75 a
700 2308 88 75 pulp,
814 2308 62 75 arid
903 2308 45 75 let
975 2308 90 75 them

78 2355 60 75 dry
154 2355 32 75 in
204 2355 54 75 the
275 2355 68 75 fun.
391 2355 85 75 This
493 2355 27 75 is
537 2355 18 75 a
574 2355 61 75 fine
652 2355 74 75 blue
751 2355 50 75 for
827 2355 141 75 lhading.

32 2403 249 75 JndigoMhvz.
330 2403 85 75 This
432 2403 109 75 makes
558 2403 55 75 the
629 2403 151 75 ftrongefl
796 2403 92 75 lhade
904 2403 52 75 for
972 2403 90 75 blues

77 2448 38 75 of
128 2448 61 75 any
206 2448 104 75 other,
328 2448 60 75 and
402 2448 26 75 is
445 2448 40 75 of
496 2448 94 75 afoft
605 2448 98 75 warm
720 2448 123 75 colour,
861 2448 93 75 when
968 2448 25 75 it
1005 2448 58 75 has
1082 2448 4 75 .

77 2495 81 75 been
184 2495 70 75 well
282 2495 136 75 ground,
442 2495 63 75 and
532 2495 125 75 walked
680 2495 78 75 with
791 2495 205 75 gum-water,
1021 2495 45 75 by

76 2541 108 75 means
201 2541 40 75 of
252 2541 18 75 a
286 2541 85 75 Hone
389 2541 61 75 and
467 2541 19 75 a
501 2541 115 75 muller

33 2588 150 75 Lactnus,
210 2588 38 75 or
265 2588 134 75 Litmus'
399 2588 129 75 Bx.vv..
579 2588 84 75 This
691 2588 27 75 is
743 2588 19 75 a
787 2588 158 75 beautiful
974 2588 106 75 blue,.

79 2634 61 75 and
155 2634 67 75 will
240 2634 56 75 run
314 2634 30 75 in
370 2634 18 75 a
404 2634 61 75 pen
493 2634 33 75 as
551 2634 67 75 free
643 2634 34 75 as
702 2634 67 75 ink.
828 2634 31 75 It
875 2634 27 75 is
918 2634 93 75 made
1027 2634 41 75 of

76 2680 133 75 lacmus,
228 2680 62 75 and
305 2680 154 75 prepared
475 2680 74 75 thus
565 2680 9 75 :
592 2680 96 75 Take
703 2680 40 75 an
760 2680 101 75 ounce
877 2680 40 75 of
927 2680 135 75 lacmus,

77 2728 61 75 and
156 2728 66 75 boil
238 2728 26 75 it
281 2728 31 75 in
330 2728 18 75 a
364 2728 67 75 pint
444 2728 41 75 of
494 2728 183 75 fmall-beer
693 2728 95 75 wort,
813 2728 49 75 till
881 2728 54 75 the
952 2728 112 75 colour

75 2773 27 75 is
115 2773 32 75 as
161 2773 106 75 ftrong
284 2773 32 75 as
334 2773 65 75 you
414 2773 108 75 would
539 2773 80 75 have
635 2773 50 75 it;
704 2773 76 75 then
793 2773 80 75 pour
884 2773 57 75 off
952 2773 55 75 the
1020 2773 39 75 li-

78 2819 82 75 quor
176 2819 69 75 into
258 2819 18 75 a
293 2819 146 75 gallipot,
463 2819 64 75 and
541 2819 46 75 let
599 2819 25 75 it
641 2819 71 75 cool
729 2819 52 75 for
791 2819 71 75 .ufe.
911 2819 84 75 This
1013 2819 48 75 af-

76 2867 90 75 fords
184 2867 17 75 a
217 2867 155 75 beautiful
389 2867 124 75 colour,
529 2867 58 75 has
603 2867 243 75 extraordinary
862 2867 121 75 effefts,
1000 2867 63 75 and
1075 2867 5 75 :

76 2913 26 75 is
121 2913 18 75 a
154 2913 135 75 holding
311 2913 111 75 colour
434 2913 11 75 ;
472 2913 30 75 if
512 2913 26 75 it
553 2913 38 75 be
603 2913 140 75 touched
760 2913 77 75 with
855 2913 206 75 aqua-fortis,

77 2959 24 75 it
113 2959 215 75 immediately
344 2959 137 75 changes
498 2959 35 75 to
550 2959 19 75 a
583 2959 61 75 fine
661 2959 148 75 crimfon,
833 2959 84 75 little
929 2959 133 75 inferior

58 3008 9 75 '
76 3008 41 75 to.
125 3008 151 75 carmine.

1115 210 254 75 B-lwe-Japan.
1433 210 96 75 Take
1558 210 205 75 gum-water,
1788 210 88 75 what
1907 210 150 75 quantity
2089 210 80 75 you:

1162 256 113 75 pleafe,
1295 256 61 75 and
1371 256 97 75 white
1479 256 73 75 lead
1569 256 19 75 a
1602 256 155 75 fufficient
1769 256 148 75 quantity
1929 256 10 75 ;
1959 256 92 75 grind
2065 256 91 75 them

1163 304 73 75 well
1254 304 86 75 upon
1368 304 18 75 a
1404 304 185 75 porphyry;
1617 304 75 75 then
1722 304 74 75 take
1823 304 136 75 ifinglafs
1981 304 61 75 lize
2066 304 89 75 what

1164 350 147 75 quantity
1328 350 64 75 you
1409 350 115 75 pleafe,
1550 350 40 75 of
1602 350 54 75 the
1673 350 88 75 find!
1776 350 63 75 and
1855 350 65 75 bell
1937 350 92 75 fmalt
2053 350 19 75 a
2087 350 72 75 fuf-

1163 397 106 75 ficient
1287 397 161 75 quantity,
1474 397 69 75 mix
1571 397 89 75 them
1688 397 95 75 well;
1818 397 35 75 to
1882 397 105 75 which
2016 397 75 75 add,
2117 397 42 75 of

1164 443 81 75 your
1261 443 99 75 white
1375 443 85 75 lead,
1486 443 111 75 before
1614 443 136 75 ground,
1777 443 34 75 fo
1827 443 96 75 much
1940 443 33 75 as
1990 443 74 75 may
2080 443 73 75 give

1164 489 24 75 it
1206 489 18 75 a
1240 489 154 75 fufticient
1411 489 87 75 body
1511 489 11 75 ;
1549 489 70 75 mix
1634 489 42 75 all
1694 489 87 75 thefe
1797 489 148 75 together
1957 489 35 75 to
2005 489 55 75 the
2077 489 75 75 con-

1164 536 125 75 filtence
1305 536 40 75 of
1364 536 17 75 a
1406 536 98 75 paint.

1110 584 241 75 TdLUE-^o/r/e,
1376 584 31 75 in
1424 584 131 75 botany.
1606 584 63 75 See
1684 584 175 75 Cyanus.

1116 631 196 75 Blue-c/>,
1338 631 31 75 in
1386 631 223 75 ichthyology.
1660 631 250 75 SccSalmo.'

1116 679 261 75 V>i.we.-mantle,
1402 679 32 75 in
1449 679 164 75 heraldry,
1638 679 57 75 the
1711 679 71 75 title
1802 679 41 75 of
1862 679 19 75 a
1897 679 204 75 pourfuivant
2118 679 35 75 at

1163 724 96 75 arms.

1117 772 326 75 BLUFF-HEAD,
1469 772 116 75 among
1601 772 123 75 failors.
1774 772 32 75 A
1823 772 65 75 fliip
1905 772 27 75 is
1957 772 66 75 faid
2049 772 36 75 to
2112 772 40 75 be

1165 817 234 75 bluff-headed,
1424 817 70 75 that
1511 817 57 75 has
1585 817 38 75 an
1641 817 130 75 upright
1788 817 94 75 Hern.

1119 866 372 75 BLUNDERBUSS,
1519 866 18 75 a
1553 866 85 75 ftiort
1655 866 142 75 fire-arm
1813 866 79 75 with
1919 866 18 75 a
1960 866 83 75 wide
2059 866 91 75 bore,

1166 910 128 75 capable
1311 910 41 75 of
1362 910 134 75 holding
1513 910 17 75 a
1548 910 133 75 number
1697 910 41 75 of
1752 910 118 75 bullets
1887 910 33 75 at
1939 910 93 75 once.

1117 958 265 75 BLUSHING,
1408 958 18 75 a
1441 958 160 75 fuffufion,
1627 958 37 75 or
1681 958 125 75 rednefs
1823 958 41 75 of
1874 958 56 75 the
1947 958 129 75 cheeks,
2093 958 59 75 ex-

1164 1003 86 75 cited
1267 1003 42 75 by
1326 1003 18 75 a
1360 1003 85 75 fenfe
1471 1003 40 75 of
1527 1003 117 75 lhame,
1670 1003 40 75 on
1729 1003 138 75 account
1882 1003 39 75 of
1933 1003 19 75 a
1975 1003 176 75 confciouf-

1163 1050 66 75 nefs
1247 1050 40 75 of
1298 1050 85 75 fome
1399 1050 113 75 failing
1527 1050 38 75 or
1580 1050 231 75 imperfection.

1116 1097 27 75 B
1162 1097 72 75 MI,
1259 1097 30 75 in
1304 1097 107 75 mufic,
1429 1097 54 75 the
1496 1097 88 75 third
1601 1097 75 75 note
1692 1097 32 75 in
1742 1097 55 75 the
1815 1097 132 75 modern
1964 1097 97 75 fcale.
2087 1097 63 75 See

1165 1144 124 75 Scale
1309 1144 61 75 and
1388 1144 148 75 Music.

1115 1190 29 75 B
1161 1190 291 75 MOLLARRE,
1478 1190 38 75 or
1532 1190 156 75 Molle,
1715 1190 60 75 one
1791 1190 39 75 of
1849 1190 55 75 the
1929 1190 90 75 notes
2037 1190 40 75 of
2095 1190 56 75 the

1162 1237 81 75 fcaje
1256 1237 39 75 of
1308 1237 107 75 mufic,
1440 1237 124 75 ufually
1581 1237 101 75 called
1699 1237 63 75 foft
1778 1237 37 75 or
1832 1237 68 75 flat,
1924 1237 33 75 in
1974 1237 178 75 oppofition

1163 1285 33 75 to
1214 1285 19 75 b
1250 1285 159 75 quandro.
1459 1285 63 75 See
1538 1285 28 75 B
1584 1285 212 75 Quandrp.

1118 1331 110 75 BOA,
1253 1331 32 75 in
1304 1331 153 75 zoology,
1483 1331 18 75 a
1517 1331 99 75 genus
1629 1331 40 75 of
1679 1331 153 75 ferpents,
1858 1331 171 75 belonging
2046 1331 34 75 to
2097 1331 56 75 the

1163 1376 95 75 order
1273 1376 40 75 of
1324 1376 174 75 amphibia.
1546 1376 76 75 The
1644 1376 177 75 characters
1838 1376 41 75 of
1889 1376 63 75 this
1973 1376 97 75 genus
2084 1376 68 75 are,

1163 1423 71 75 that
1251 1423 55 75 the
1324 1423 85 75 belly
1426 1423 61 75 and
1511 1423 56 75 tail
1585 1423 53 75 are
1654 1423 78 75 both
1758 1423 162 75 furnithed
1945 1423 78 75 with
2049 1423 101 75 fcuta.

1163 1472 76 75 The
1255 1472 118 75 fpecies
1390 1472 53 75 are
1460 1472 66 75 ten,
1551 1472 70 75 viz.
1652 1472 31 75 i.
1700 1472 77 75 The
1789 1472 194 75 contortrix,
2008 1472 57 75 has
2089 1472 65 75 150

1164 1516 88 75 fcuta
1268 1516 41 75 on
1326 1516 55 75 the
1397 1516 100 75 belly,
1524 1516 62 75 and
1604 1516 44 75 40
1677 1516 42 75 on
1744 1516 56 75 the
1827 1516 79 75 tail;
1932 1516 56 75 the
2015 1516 83 75 head
2125 1516 27 75 is

1164 1564 114 75 broad,
1296 1564 79 75 very
1391 1564 138 75 convex,
1546 1564 62 75 and
1623 1564 58 75 has
1692 1564 205 75 poifon-bags
1913 1564 32 75 in
1957 1564 55 75 the
2025 1564 126 75 mouth,

1163 1611 56 75 but
1237 1611 51 75 no,
1297 1611 87 75 fang,
1410 1611 53 75 for
1488 1611 105 75 which
1611 1611 108 75 reafon
1737 1611 41 75 its
1796 1611 66 75 bite
1878 1611 26 75 is
1921 1611 56 75 not
1990 1611 163 75 reckoned

1164 1659 169 75 poifonous
1351 1659 9 75 :
1402 1659 76 75 The
1506 1659 90 75 body
1620 1659 27 75 is
1676 1659 234 75 alh-coloured,
1943 1659 211 75 interfperfed

1163 1704 79 75 with
1259 1704 88 75 large
1363 1704 101 75 dulky
1480 1704 107 75 fpots;
1623 1704 63 75 and
1702 1704 54 75 the
1779 1704 57 75 tail
1860 1704 27 75 is
1916 1704 96 75 about
2029 1704 18 75 a
2064 1704 90 75 third

1164 1750 38 75 of
1215 1750 56 75 the
1289 1750 111 75 length
1428 1750 39 75 of
1485 1750 54 75 the
1557 1750 99 75 body.
1705 1750 87 75 This
1819 1750 124 75 ferpent
1960 1750 27 75 is
2004 1750 100 75 found
2120 1750 33 75 in

1167 1798 162 75 Carolina.
1381 1798 33 75 2.
1439 1798 77 75 The
1533 1798 124 75 canina,
1682 1798 57 75 has
1758 1798 65 75 20.3
1842 1798 88 75 fcuta
1954 1798 41 75 on
2012 1798 56 75 the
2084 1798 69 75 bel-

1164 1844 46 75 ly,
1235 1844 63 75 and
1314 1844 40 75 77
1373 1844 40 75 on
1431 1844 55 75 the
1500 1844 54 75 the
1566 1844 77 75 tail;
1670 1844 25 75 it
1712 1844 26 75 is
1755 1844 156 75 greenifli,
1936 1844 61 75 and
2009 1844 143 75 variega-

1165 1890 57 75 ted
1237 1890 77 75 with
1333 1890 98 75 white
1447 1890 96 75 belts.
1601 1890 32 75 It
1649 1890 34 75 is.
1693 1890 18 75 a
1728 1890 106 75 native
1850 1890 40 75 of
1900 1890 164 75 America,
2091 1890 62 75 and

1163 1937 112 75 lodges
1292 1937 32 75 in
1341 1937 54 75 the
1412 1937 251 75 hollow-trunks
1678 1937 40 75 of
1729 1937 98 75 trees,
1853 1937 61 75 and
1931 1937 26 75 is
1971 1937 98 75 about
2086 1937 67 75 two

1164 1984 65 75 feet
1244 1984 89 75 long.
1382 1984 76 75 The
1486 1984 66 75 bite
1569 1984 40 75 of
1628 1984 55 75 the
1708 1984 112 75 canina
1840 1984 27 75 is
1894 1984 57 75 not
1967 1984 184 75 poilbnops.

1167 2032 33 75 3.
1224 2032 77 75 The
1327 2032 140 75 bipnale,
1493 2032 26 75 is
1544 2032 41 75 of
1607 2032 19 75 a
1653 2032 68 75 dull
1750 2032 117 75 yellow
1895 2032 123 75 colour,
2044 2032 63 75 and
2123 2032 27 75 is

1164 2079 101 75 found
1276 2079 32 75 in
1320 2079 87 75 Afia.
1442 2079 32 75 It
1490 2079 57 75 has
1571 2079 63 75 179
1652 2079 88 75 fcuta
1755 2079 42 75 on
1814 2079 55 75 the
1885 2079 99 75 belly,
2002 2079 63 75 and
2085 2079 66 75 120

1165 2124 40 75 on
1234 2124 55 75 the
1316 2124 156 75 tail.4.
1497 2124 77 75 The
1602 2124 196 75 conllriCfor,
1824 2124 57 75 has
1908 2124 67 75 240
2000 2124 87 75 fcuta
2105 2124 47 75 on

1164 2170 55 75 the
1235 2170 99 75 belly,
1361 2170 61 75 and
1441 2170 47 75 60
1501 2170 41 75 on
1561 2170 55 75 the
1633 2170 71 75 tail.
1751 2170 85 75 This
1853 2170 25 75 is
1896 2170 39 75 an
1952 2170 149 75 immenfe
2118 2170 33 75 a-

1164 2217 120 75 nimal;
1311 2217 25 75 it
1353 2217 90 75 often
1460 2217 138 75 exceeds
1618 2217 42 75 36
1677 2217 65 75 feet
1767 2217 31 75 in
1827 2217 111 75 length
1954 2217 10 75 ;
1991 2217 56 75 the
2065 2217 86 75 body

1163 2264 25 75 is
1205 2264 79 75 very
1299 2264 103 75 thick,
1426 2264 41 75 of
1490 2264 19 75 a
1530 2264 102 75 duflty
1648 2264 97 75 white
1761 2264 124 75 colour,
1910 2264 64 75 and
1999 2264 42 75 its
2069 2264 100 75 back.

1164 2310 26 75 is
1207 2310 207 75 interfperfed
1431 2310 77 75 with
1528 2310 44 75 24
1587 2310 89 75 large
1692 2310 69 75 pale
1777 2310 157 75 irregular
1948 2310 86 75 fpots
2046 2310 9 75 ;
2094 2310 56 75 the

1162 2357 57 75 tail
1236 2357 26 75 is
1279 2357 40 75 of
1326 2357 19 75 a
1355 2357 117 75 darker
1484 2357 112 75 colour
1610 2357 10 75 ;
1648 2357 61 75 and
1725 2357 57 75 the
1798 2357 79 75 fides
1894 2357 53 75 are
1960 2357 191 75 beautifully

1118 2386 8 49 k
1161 2404 184 75 variegated
1358 2404 82 75 with
1457 2404 70 75 pale
1547 2404 85 75 Ipots
1694 2404 142 75 Befides,
1861 2404 56 75 the
1933 2404 106 75 whole
2063 2404 87 75 body

1162 2451 26 75 is
1209 2451 209 75 interfperfed
1435 2451 78 75 with
1530 2451 88 75 fmall
1636 2451 110 75 brown
1766 2451 99 75 fpots.
1914 2451 76 75 The
2013 2451 84 75 head
2119 2451 28 75 is

1163 2498 136 75 covered
1326 2498 79 75 with
1431 2498 90 75 fmall
1543 2498 112 75 fcales,
1679 2498 63 75 and
1768 2498 58 75 has
1850 2498 42 75 no
1908 2498 100 75 broad
2024 2498 124 75 laminae

1163 2544 137 75 betwixt
1316 2544 54 75 the
1386 2544 86 75 eyes,
1491 2544 58 75 but
1561 2544 57 75 has
1636 2544 17 75 a
1669 2544 94 75 black
1774 2544 68 75 belt
1852 2544 120 75 behind
1987 2544 55 75 the
2058 2544 88 75 eyes.

1163 2590 32 75 It
1206 2590 101 75 wants
1324 2590 56 75 the
1391 2590 88 75 large
1494 2590 188 75 dog-fangs,
1707 2590 62 75 and
1785 2590 41 75 of
1837 2590 109 75 courfe
1968 2590 41 75 its
2038 2590 65 75 bite
2119 2590 49 75 is-

1161 2636 56 75 not
1235 2636 181 75 poifonous.
1465 2636 76 75 The
1569 2636 118 75 tongue
1704 2636 28 75 is
1753 2636 110 75 flefhy,
1889 2636 61 75 and
1968 2636 76 75 very
2060 2636 86 75 little

1162 2685 127 75 forked.
1338 2685 114 75 Above
1469 2685 54 75 the
1537 2685 87 75 eyes,
1641 2685 41 75 on
1698 2685 79 75 each
1793 2685 75 75 fide,
1895 2685 55 75 the
1966 2685 82 75 head
2069 2685 76 75 rifes

1160 2730 92 75 high.
1299 2730 77 75 The
1392 2730 96 75 fcales
1505 2730 40 75 of
1556 2730 65 75 this
1637 2730 125 75 ferpent
1789 2730 54 75 are
1870 2730 43 75 all
1939 2730 79 75 very
2040 2730 103 75 fmall,

1159 2778 161 75 roundilh,
1346 2778 62 75 and
1423 2778 142 75 fmooth.
1611 2778 77 75 The
1705 2778 56 75 tail
1776 2778 78 75 does
1872 2778 56 75 not
1944 2778 122 75 exceed
2082 2778 62 75 one

1160 2825 111 75 eighth
1287 2825 40 75 of
1337 2825 55 75 the
1409 2825 105 75 whole
1533 2825 111 75 length
1662 2825 40 75 of
1714 2825 54 75 the
1785 2825 128 75 animal.
1961 2825 77 75 The
2056 2825 88 75 Indi-

1160 2871 55 75 ans
1215 2903 19 49 x
1253 2871 74 75 who
1343 2871 96 75 adore
1452 2871 65 75 this
1533 2871 177 75 monftrous
1726 2871 128 75 animal,
1879 2871 53 75 ufe
1944 2871 54 75 the
2010 2871 66 75 fltin
2093 2871 53 75 for

1159 2920 136 75 cloaths,
1328 2920 41 75 on
1397 2920 135 75 account
1559 2920 40 75 of
1621 2920 42 75 its
1690 2920 195 75 fmoothnefs
1915 2920 64 75 and
2013 2920 129 75 beauty.

1158 2966 110 75 There
1284 2966 54 75 are
1354 2966 118 75 feveral
1490 2966 41 75 of
1542 2966 86 75 thefe
1646 2966 83 75 Ikins
1754 2966 40 75 of
1813 2966 55 75 the
1893 2966 100 75 above
2018 2966 125 75 dimen-

1157 3015 79 75 fions
1260 3015 191 75 preferred,,
1465 3015 62 75 and
1547 3015 35 75 to
1607 3015 39 75 be
1670 3015 73 75 feen
1765 3015 35 75 in
1827 3015 55 75 the
1905 3015 150 75 different
2072 3015 70 75 mu-

2039 3067 124 75 feums-'
