2428 3377
140 136 48 75 23
197 136 24 75 6

694 136 41 75 A
850 136 43 75 N
1012 136 41 75 A
1168 136 39 75 T

138 201 26 75 it
181 201 73 75 runs
271 201 198 75 downward,
495 201 64 75 and
570 201 87 75 gives
671 201 78 75 rami
765 201 36 75 to
818 201 43 75 all
879 201 56 75 the
951 201 134 75 mufcles
1101 201 73 75 that

139 248 43 75 lie
198 248 43 75 on
263 248 58 75 the
342 248 147 75 backfide
506 248 40 75 of
556 248 75 75 that
657 248 95 75 bone,
778 248 61 75 one
868 248 39 75 of
930 248 107 75 which
1066 248 107 75 enters

140 295 57 75 the
212 295 84 75 bone
312 295 90 75 itfelf
414 295 42 75 on
473 295 60 75 one
549 295 63 75 fide
629 295 39 75 of
684 295 55 75 the
756 295 84 75 linea
856 295 120 75 afpera.

189 339 131 75 Having
335 339 68 75 fent
420 339 51 75 off
489 339 42 75 all
561 339 87 75 thefe
674 339 90 75 three
793 339 167 75 branches,
986 339 56 75 the
1060 339 119 75 arteria

142 386 133 75 cruralis
305 386 74 75 runs
408 386 96 75 down
519 386 146 75 between
688 386 55 75 the
766 386 166 75 fartorius,
957 386 103 75 valtus
1078 386 98 75 inter-

143 432 72 75 aus,
240 432 64 75 and
331 432 130 75 triceps,
487 432 109 75 giving
612 432 156 75 branches
791 432 35 75 to
851 432 42 75 all
918 432 56 75 the
991 432 88 75 parts
1103 432 76 75 near

143 480 38 75 it.
230 480 33 75 It
288 480 27 75 is
344 480 138 75 covered
498 480 42 75 by
556 480 57 75 the
630 480 151 75 fartorius
810 480 42 75 all
881 480 56 75 the
966 480 71 75 way
1060 480 36 75 to
1125 480 55 75 the

144 526 101 75 lower
260 526 71 75 part
346 526 41 75 of
405 526 55 75 the
485 526 107 75 thigh,
616 526 108 75 where
749 526 27 75 it
798 526 26 75 is
846 526 147 75 infleffed
1009 526 174 75 backward

146 573 77 75 over
240 573 55 75 the
311 573 118 75 triceps
446 573 115 75 tertius
579 573 19 75 a
613 573 85 75 little
715 573 100 75 above
826 573 57 75 the
897 573 138 75 internal
1047 573 136 75 condyle

147 620 39 75 of
206 620 56 75 the
285 620 37 75 os
347 620 145 75 femoris.
549 620 219 75 Afterwards,
793 620 186 75 continuing
1003 620 42 75 its
1072 620 111 75 courfe

147 665 142 75 through
319 665 55 75 the
390 665 122 75 hollow
529 665 40 75 of
585 665 56 75 the
658 665 87 75 ham,
771 665 26 75 it
814 665 26 75 is
861 665 104 75 called
979 665 131 75 arteria
1126 665 58 75 po-

143 712 123 75 plitea.

195 757 76 75 The
288 757 152 75 poplitea,
465 757 96 75 while
588 757 32 75 in
647 757 57 75 the
731 757 86 75 ham,
843 757 26 75 is
896 757 138 75 covered
1049 757 78 75 only
1142 757 44 75 by

148 807 56 75 the
221 807 209 75 integument,
455 807 132 75 fending
611 807 51 75 off
685 807 156 75 branches
870 807 124 75 toward
1015 807 78 75 each
1109 807 75 75 fide,

149 852 106 75 which
281 852 59 75 run
357 852 42 75 up
417 852 83 75 upon
519 852 54 75 the
590 852 167 75 condyles,
782 852 64 75 and
857 852 231 75 communicate
1105 852 80 75 with

151 901 55 75 the
218 901 104 75 lower
339 901 225 75 ramifications
582 901 40 75 of
633 901 56 75 the
705 901 118 75 arteria
841 901 147 75 cruralis.

198 945 34 75 It
246 945 93 75 fends
356 945 79 75 rami
452 945 35 75 to
503 945 56 75 the
572 945 86 75 joint
674 945 41 75 of
733 945 56 75 the
812 945 94 75 kndfe,
932 945 60 75 one
1021 945 41 75 of
1078 945 109 75 which

151 994 33 75 at
200 994 76 75 lead
292 994 97 75 pafles
408 994 143 75 between
567 994 56 75 the
638 994 117 75 crucial
772 994 181 75 ligaments.
1002 994 50 75 As
1068 994 26 75 it
1112 994 75 75 runs

151 1042 108 75 down,
285 1042 26 75 it
339 1042 92 75 fends
456 1042 155 75 branches
629 1042 36 75 to
687 1042 55 75 the
769 1042 218 75 gaftrocnemii
1005 1042 63 75 and
1083 1042 103 75 popli-

153 1087 91 75 teus;
272 1087 62 75 and
360 1087 119 75 having
502 1087 142 75 reached
671 1087 55 75 the
751 1087 144 75 backfide
912 1087 41 75 of
972 1087 56 75 the
1044 1087 84 75 head
1151 1087 41 75 of

154 1134 56 75 the
230 1134 91 75 tibia,
347 1134 26 75 it
390 1134 88 75 gives
495 1134 52 75 off
559 1134 65 75 two
640 1134 169 75 branches,
835 1134 60 75 one
913 1134 34 75 to
967 1134 78 75 each
1062 1134 76 75 fide.

200 1179 78 75 The
301 1179 65 75 firrt
393 1179 38 75 or
458 1179 137 75 internal
624 1179 119 75 branch
768 1179 173 75 furrounds
958 1179 55 75 the
1029 1179 159 75 fore-part

155 1228 39 75 of
205 1228 57 75 the
277 1228 85 75 head
373 1228 40 75 of
424 1228 56 75 the
496 1228 90 75 tibia,
604 1228 115 75 palling
731 1228 144 75 betvyeen
892 1228 56 75 the
964 1228 83 75 bone
1064 1228 64 75 and
1139 1228 48 75 in-

154 1273 103 75 ternal
274 1273 113 75 lateral
404 1273 176 75 ligament;
608 1273 63 75 an^
687 1273 119 75 befides
822 1273 121 75 feveral
959 1273 96 75 other
1071 1273 117 75 ramifi-

154 1318 135 75 cations,
315 1318 91 75 fends
435 1318 43 75 up
503 1318 18 75 a
544 1318 91 75 fmall
660 1318 132 75 branch,
818 1318 107 75 which
942 1318 247 75 communicates

156 1367 79 75 with
252 1367 56 75 the
325 1367 131 75 arteries
473 1367 72 75 that
555 1367 43 75 lie
612 1367 102 75 round
728 1367 57 75 the
803 1367 151 75 condyles
971 1367 40 75 of
1025 1367 55 75 the
1095 1367 35 75 os
1142 1367 47 75 fe-

156 1413 111 75 moris.

202 1460 79 75 The
302 1460 118 75 fecond
437 1460 38 75 or
490 1460 148 75 external
655 1460 119 75 branch
793 1460 75 75 runs
886 1460 76 75 over
978 1460 55 75 the
1049 1460 85 75 head
1158 1460 40 75 of

157 1507 56 75 the
229 1507 108 75 fibula,
364 1507 62 75 and
441 1507 145 75 between
601 1507 56 75 the
675 1507 82 75 head
773 1507 40 75 of
824 1507 54 75 the
904 1507 80 75 tibia
1003 1507 63 75 and
1082 1507 109 75 exter-

158 1554 51 75 nal
225 1554 112 75 lateral
353 1554 154 75 ligament
524 1554 40 75 of
584 1554 55 75 the
656 1554 93 75 knee,
775 1554 212 75 furrounding
1002 1554 56 75 the
1075 1554 116 75 articu-

156 1600 102 75 lation
285 1600 42 75 all
355 1600 56 75 the
437 1600 72 75 way
534 1600 35 75 to
597 1600 56 75 the
680 1600 154 75 ligament
851 1600 40 75 of
902 1600 55 75 the
974 1600 129 75 patella,
1129 1600 63 75 and

158 1645 269 75 communicating
443 1645 78 75 with
538 1645 56 75 the
621 1645 156 75 branches
805 1645 105 75 which
935 1645 43 75 lie
1005 1645 104 75 round
1136 1645 56 75 th§

159 1692 152 75 condyles
329 1692 41 75 of
389 1692 55 75 the
460 1692 36 75 os
513 1692 144 75 femoris,
682 1692 150 75 together
860 1692 81 75 with
966 1692 20 75 a
1010 1692 121 75 branch
1156 1692 41 75 of

156 1740 59 75 the
233 1740 73 75 firff.
317 1740 37 75 or
370 1740 137 75 internal
524 1740 118 75 ramus.

208 1785 223 75 Immediately
446 1785 85 75 after
558 1785 54 75 the
637 1785 104 75 origin
765 1785 40 75 of
827 1785 87 75 thefe
931 1785 66 75 two
1013 1785 92 75 rami,
1131 1785 62 75 and

159 1834 113 75 before
287 1834 56 75 the
362 1834 140 75 poplitea
518 1834 90 75 ends,
633 1834 27 75 it
676 1834 90 75 fends
785 1834 18 75 a
813 1834 91 75 fmall
920 1834 109 75 artery
1044 1834 93 75 down
1152 1834 42 75 on

161 1881 56 75 the
233 1881 147 75 backfide
395 1881 40 75 of
450 1881 55 75 the
522 1881 205 75 interoffeous
750 1881 166 75 ligament,
941 1881 79 75 very
1039 1881 76 75 near
1138 1881 56 75 the

161 1927 92 75 tibia,
277 1927 69 75 into
362 1927 106 75 which
487 1927 27 75 it
531 1927 105 75 enters
654 1927 43 75 by
717 1927 18 75 a
751 1927 172 75 particular
939 1927 75 75 hole
1030 1927 19 75 a
1059 1927 84 75 little
1160 1927 32 75 a-

161 1975 83 75 bove
260 1975 55 75 the
331 1975 120 75 middle
469 1975 128 75 portion
618 1975 40 75 of
676 1975 55 75 the
752 1975 94 75 bone.

212 2019 48 75 As
287 2019 55 75 the
365 2019 141 75 poplitea
532 2019 91 75 ends,
655 2019 28 75 it
707 2019 122 75 divides
857 2019 68 75 into
949 2019 66 75 two
1040 2019 155 75 principal

163 2066 168 75 branches,
356 2066 62 75 one
443 2066 39 75 of
505 2066 105 75 which
630 2066 77 75 runs
725 2066 144 75 between
886 2066 55 75 the
956 2066 100 75 heads
1080 2066 40 75 of
1140 2066 55 75 the

164 2114 80 75 tibia
259 2114 64 75 and
338 2114 110 75 fibula,
473 2114 115 75 palling
603 2114 86 75 from
704 2114 119 75 behind
845 2114 155 75 forwards
1017 2114 42 75 on
1066 2114 64 75 4he
1146 2114 49 75 in-

165 2159 173 75 teroffeous
354 2159 164 75 ligament,
543 2159 107 75 where
673 2159 26 75 it
715 2159 89 75 takes
822 2159 54 75 the
892 2159 92 75 name
1008 2159 39 75 of
1066 2159 130 75 arteria

166 2207 130 75 tibialis
312 2207 162 75 anterior.
518 2207 89 75 -The
623 2207 116 75 fecond
755 2207 121 75 branch
892 2207 123 75 divides
1038 2207 68 75 into
1130 2207 67 75 two

167 2253 130 75 others;
323 2253 61 75 one
399 2253 137 75 internal
553 2253 62 75 and
632 2253 126 75 largeft,
784 2253 104 75 called
908 2253 132 75 arteria
1050 2253 148 75 peronaa

171 2300 169 75 anterior;
358 2300 56 75 the
427 2300 92 75 other
536 2300 154 75 pofterior
706 2300 63 75 and
780 2300 147 75 fmalleft,
946 2300 115 75 named
1071 2300 129 75 arteria

166 2346 149 75 peronaa
324 2346 168 75 pojlerior.

216 2393 77 75 The
307 2393 119 75 tibialis
442 2393 151 75 anterior,
617 2393 118 75 having
750 2393 107 75 paffed
872 2393 144 75 between
1027 2393 57 75 the
1099 2393 99 75 heads

172 2440 40 75 of
223 2440 56 75 the
295 2440 78 75 tibia
393 2440 62 75 and
470 2440 110 75 fibula,
605 2440 90 75 fends
711 2440 90 75 fmall
817 2440 155 75 branches
988 2440 134 75 upward
1138 2440 63 75 and

173 2487 160 75 laterally.
364 2487 78 75 The
456 2487 141 75 fuperior
610 2487 154 75 branches
777 2487 231 75 communicate
1019 2487 80 75 with
1112 2487 89 75 thofe

174 2533 79 75 rami
265 2533 40 75 of
311 2533 56 75 the
379 2533 158 75 popliteus
549 2533 106 75 which
665 2533 45 75 lie
718 2533 104 75 round
833 2533 56 75 the
901 2533 224 75 articulation;
1139 2533 64 75 and

175 2580 56 75 the
250 2580 113 75 lateral
380 2580 154 75 branches
550 2580 43 75 go
616 2580 36 75 to
667 2580 56 75 the
739 2580 233 75 neighbouring
989 2580 100 75 parts.
1138 2580 63 75 Af-

176 2624 154 75 terwards
344 2624 64 75 this
423 2624 90 75 tibial
530 2624 106 75 artery
652 2624 75 75 runs
744 2624 96 75 down
864 2624 40 75 on
924 2624 56 75 the
1008 2624 133 75 forefide
1169 2624 41 75 of

175 2673 58 75 the
259 2673 204 75 interoffeous
490 2673 164 75 ligament,
679 2673 124 75 toward
831 2673 55 75 the
901 2673 121 75 outfide
1039 2673 40 75 of
1091 2673 56 75 the
1163 2673 40 75 ti-

178 2719 65 75 bia,
266 2719 145 75 between
435 2719 56 75 the
514 2719 157 75 mufculus
695 2719 118 75 tibialis
838 2719 123 75 anticus
975 2719 66 75 and
1056 2719 149 75 extenfor

178 2765 136 75 pollicis.

226 2810 128 75 Having
370 2810 57 75 run
444 2810 146 75 laterally
613 2810 41 75 on
671 2810 55 75 the
742 2810 80 75 tibia
837 2810 52 75 for
905 2810 98 75 about
1019 2810 66 75 two
1101 2810 103 75 thirds

179 2858 41 75 of
231 2858 55 75 the
302 2858 111 75 length
429 2858 40 75 of
486 2858 71 75 that
572 2858 96 75 bone,
693 2858 26 75 it
744 2858 97 75 paffes
858 2858 42 75 on
916 2858 57 75 the
989 2858 134 75 forefide
1146 2858 59 75 un-

181 2903 57 75 der
253 2903 55 75 the
324 2903 146 75 common
487 2903 132 75 annular
634 2903 165 75 ligament,
824 2903 64 75 and
903 2903 150 75 extenfor
1065 2903 139 75 pollicis,

180 2949 38 75 to
233 2949 55 75 the
304 2949 199 75 articulation
519 2949 41 75 of
569 2949 56 75 the
641 2949 91 75 foot;
769 2949 107 75 giving
903 2949 52 75 off
976 2949 119 75 feveral
1124 2949 81 75 rami

179 2996 81 75 both
275 2996 35 75 to
327 2996 54 75 the
399 2996 85 75 right
507 2996 62 75 and
592 2996 60 75 left
667 2996 98 75 hand,
790 2996 105 75 which
912 2996 231 75 communicate
1159 2996 46 75 la-

1326 131 39 75 O
1485 131 47 75 M
1650 131 52 75 Y.

2069 131 100 75 Part
2187 131 70 75 III.

1220 195 115 75 terally
1360 195 79 75 with
1457 195 55 75 the
1536 195 121 75 tibialis
1680 195 155 75 pofterior
1852 195 64 75 and
1931 195 146 75 peronaea
2094 195 173 75 pofterior,

1223 242 33 75 fo
1278 242 71 75 that
1366 242 88 75 thefe
1470 242 67 75 two
1553 242 100 75 bones
1678 242 53 75 are
1751 242 33 75 in
1800 242 19 75 a
1835 242 131 75 manner
1994 242 198 75 furrounded
2219 242 47 75 by

1225 288 147 75 arteries.

1272 334 48 75 At
1337 334 56 75 the
1405 334 86 75 joint
1508 334 40 75 of
1559 334 56 75 the
1632 334 84 75 foot,
1742 334 27 75 it
1797 334 93 75 fends
1908 334 56 75 out
1981 334 160 75 branches
2158 334 107 75 which

1226 382 59 75 run
1302 382 145 75 between
1462 382 56 75 the
1531 382 170 75 aftragalus
1719 382 64 75 and
1794 382 35 75 os
1843 382 109 75 calcis,
1971 382 94 75 being
2079 382 189 75 diftributed

1227 428 35 75 to
1279 428 55 75 the
1350 428 204 75 articulation
1571 428 63 75 and
1644 428 35 75 to
1696 428 55 75 the
1767 428 99 75 bones
1883 428 39 75 of
1934 428 55 75 the
2006 428 116 75 tarfus.

1277 473 130 75 Having
1423 473 106 75 paffed
1545 473 56 75 the
1617 473 72 75 fold
1710 473 40 75 of
1770 473 56 75 the
1847 473 85 75 foot,
1958 473 26 75 it
2010 473 91 75 fends
2131 473 59 75 off,
2216 473 52 75 to-

1229 521 90 75 ward
1335 521 81 75 both
1432 521 94 75 fides,
1551 521 93 75 other
1668 521 92 75 rami,
1786 521 106 75 which
1926 521 231 75 communicate
2185 521 83 75 with

1230 568 55 75 the
1312 568 153 75 pofterior
1493 568 119 75 tibialis
1642 568 63 75 and
1733 568 170 75 peronaea;
1946 568 43 75 all
2005 568 88 75 thefe
2112 568 155 75 branches

1233 614 131 75 making
1387 614 20 75 a
1428 614 80 75 kind
1527 614 40 75 of
1583 614 112 75 circles
1712 614 104 75 round
1832 614 57 75 the
1905 614 114 75 tarfus.

1279 662 206 75 Afterwards
1503 662 55 75 the
1575 662 140 75 anterior
1737 662 92 75 tibial
1856 662 109 75 artery
1983 662 154 75 advances
2154 662 42 75 on
2213 662 56 75 the

1233 708 125 75 convex
1375 708 64 75 fide
1464 708 39 75 of
1525 708 57 75 the
1602 708 84 75 foot,
1712 708 34 75 as
1763 708 49 75 far
1828 708 34 75 as
1879 708 55 75 the
1950 708 159 75 interftice
2125 708 145 75 between

1233 755 55 75 the
1306 755 64 75 firft
1387 755 63 75 and
1466 755 117 75 fecond
1599 755 181 75 metatarfal
1797 755 119 75 bones;
1935 755 145 75 between
2098 755 55 75 the
2169 755 101 75 heads

1234 801 39 75 of
1292 801 106 75 which
1415 801 26 75 it
1456 801 92 75 fends
1576 801 18 75 a
1617 801 89 75 large
1723 801 132 75 branch,
1881 801 106 75 which
2009 801 177 75 perforates
2214 801 57 75 the

1233 848 142 75 fuperior
1401 848 208 75 interoffeous
1638 848 148 75 mufcles,
1827 848 76 75 and,
1925 848 128 75 joining
2073 848 56 75 the
2152 848 119 75 tibialis

1235 894 166 75 pofterior,
1429 894 100 75 forms
1548 894 40 75 an
1604 894 77 75 arch
1697 894 42 75 on
1756 894 56 75 the
1834 894 64 75 fide
1915 894 39 75 of
1966 894 56 75 the
2044 894 84 75 foot.

1282 941 31 75 It
1340 941 140 75 likewife
1496 941 92 75 fends
1616 941 68 75 two
1711 941 38 75 or
1776 941 92 75 three
1885 941 213 75 confiderable
2115 941 156 75 branches

1234 987 78 75 over
1323 987 56 75 the
1394 987 94 75 other
1504 987 180 75 metatarfal
1700 987 112 75 bones,
1837 987 107 75 which
1961 987 43 75 go
2027 987 35 75 to
2080 987 54 75 the
2152 987 59 75 reft
2234 987 42 75 of

1235 1035 55 75 the
1307 1035 207 75 interoffeous
1532 1035 146 75 mufcles,
1704 1035 227 75 integuments,
1958 1035 64 75 <bc.
2049 1035 63 75 and
2128 1035 142 75 commu-

1234 1081 104 75 nicate
1357 1081 78 75 with
1454 1081 77 75 each
1549 1081 106 75 other.

1293 1127 124 75 Laftly,
1458 1127 86 75 This
1584 1127 108 75 artery
1722 1127 185 75 terminates
1940 1127 44 75 by
2016 1127 67 75 two
2114 1127 156 75 principal

1234 1173 168 75 branches,
1428 1173 60 75 one
1508 1173 41 75 of
1560 1173 106 75 which
1689 1173 77 75 goes
1783 1173 35 75 to
1839 1173 54 75 the
1910 1173 113 75 thenar
2040 1173 62 75 and
2122 1173 96 75 infide
2235 1173 42 75 of

1235 1220 55 75 the
1309 1220 90 75 great
1415 1220 72 75 toe;
1516 1220 56 75 the
1588 1220 95 75 other
1700 1220 26 75 is
1744 1220 90 75 fpent
1851 1220 84 75 upon
1955 1220 56 75 the
2027 1220 120 75 outfide
2164 1220 39 75 of
2214 1220 56 75 the

1236 1266 89 75 great
1342 1266 66 75 toe,
1433 1266 63 75 and
1513 1266 54 75 the
1583 1266 98 75 infide
1700 1266 40 75 of
1756 1266 56 75 the
1827 1266 117 75 fecond
1962 1266 66 75 toe.

1282 1314 77 75 The
1386 1314 119 75 tibialis
1534 1314 167 75 pofterior,
1737 1314 105 75 called
1868 1314 141 75 likewife
2023 1314 143 75 furalis,
2193 1314 77 75 runs

1237 1360 94 75 down
1347 1360 144 75 between
1520 1360 56 75 the
1603 1360 90 75 folei,
1717 1360 119 75 tibialis
1857 1360 149 75 pofticus,
2031 1360 105 75 flexor
2151 1360 120 75 digito-

1238 1407 70 75 rum
1320 1407 200 75 ^communis,
1546 1407 64 75 and
1637 1407 103 75 flexor
1766 1407 147 75 pollicis;
1939 1407 108 75 giving
2063 1407 156 75 branches
2236 1407 37 75 to

1239 1454 87 75 thefe
1344 1454 148 75 mufcles,
1518 1454 35 75 to
1578 1454 55 75 the
1657 1454 91 75 tibia,
1773 1454 62 75 and
1851 1454 36 75 to
1908 1454 57 75 the
1982 1454 137 75 marrow
2142 1454 41 75 of
2200 1454 72 75 that

1238 1501 95 75 bone,
1358 1501 142 75 through
1523 1501 20 75 a
1565 1501 172 75 particular
1753 1501 91 75 canal
1859 1501 33 75 in
1908 1501 43 75 its
1966 1501 153 75 pofterior
2135 1501 64 75 and
2214 1501 58 75 up-

1239 1548 56 75 per
1311 1548 84 75 part.

1286 1595 202 75 Afterwards
1507 1595 26 75 it
1550 1595 74 75 runs
1640 1595 120 75 behind
1777 1595 54 75 the
1847 1595 92 75 inner
1963 1595 106 75 ankle,
2095 1595 175 75 communi-

1240 1641 106 75 cating
1362 1641 79 75 with
1458 1641 56 75 the
1531 1641 117 75 tibialis
1666 1641 152 75 anterior,
1843 1641 64 75 and
1923 1641 197 75 furrounded
2147 1641 44 75 by
2216 1641 55 75 the

1240 1688 232 75 neighbouring
1487 1688 113 75 veins;
1627 1688 62 75 and
1705 1688 99 75 paffes
1826 1688 37 75 to
1885 1688 55 75 the
1968 1688 65 75 foie
2059 1688 40 75 of
2122 1688 56 75 the
2200 1688 74 75 foot

1240 1735 144 75 between
1400 1735 56 75 the
1468 1735 137 75 concave
1621 1735 63 75 fide
1700 1735 41 75 of
1753 1735 54 75 the
1824 1735 35 75 os
1872 1735 95 75 calcis
1981 1735 63 75 and
2059 1735 113 75 thenar
2189 1735 83 75 mitf-

1241 1781 61 75 cle,
1326 1781 107 75 where
1450 1781 24 75 it
1493 1781 122 75 divides
1632 1781 69 75 into
1717 1781 65 75 two
1795 1781 169 75 branches,
1981 1781 60 75 one
2058 1781 88 75 large
2162 1781 38 75 or
2215 1781 60 75 ex-

1240 1827 114 75 ternal,
1380 1827 55 75 the
1452 1827 93 75 other
1560 1827 91 75 fmall
1667 1827 37 75 or
1720 1827 150 75 internal.

1286 1873 77 75 The
1380 1873 90 75 great
1486 1873 133 75 branch,
1644 1873 37 75 or
1699 1873 118 75 arteria
1831 1873 154 75 plantaris
2003 1873 145 75 externa,
2175 1873 99 75 paffes

1241 1919 41 75 on
1297 1919 59 75 the
1378 1919 138 75 concave
1532 1919 63 75 fide
1619 1919 41 75 of
1682 1919 55 75 the
1754 1919 35 75 os
1806 1919 95 75 calcis
1917 1919 167 75 obliquely
2100 1919 102 75 under
2217 1919 57 75 the

1239 1965 65 75 foie
1321 1965 39 75 of
1371 1965 56 75 the
1443 1965 83 75 foot,
1552 1965 35 75 to
1604 1965 56 75 the
1672 1965 77 75 bafis
1766 1965 41 75 of
1818 1965 55 75 the
1889 1965 72 75 fifth
1980 1965 180 75 metatarfal
2177 1965 95 75 bone,

1242 2012 62 75 and
1319 2012 85 75 from
1424 2012 114 75 thence
1553 2012 77 75 runs
1647 2012 32 75 in
1696 2012 19 75 a
1730 2012 77 75 kind
1824 2012 41 75 of
1877 2012 75 75 arch
1969 2012 126 75 toward
2110 2012 55 75 the
2181 2012 93 75 great

1241 2058 67 75 toe,
1326 2058 266 75 communicating
1603 2058 92 75 there
1707 2058 79 75 with
1798 2058 55 75 the
1865 2058 118 75 tibialis
1999 2058 151 75 anterior,
2167 2058 106 75 which
2288 2058 6 75 ’

1242 2104 178 75 perforates
1438 2104 55 75 the
1510 2104 366 75 interoffeous.mufcles.
1905 2104 6 75 .

1288 2152 78 75 The
1382 2152 125 75 convex
1522 2152 65 75 fide
1603 2152 40 75 of
1653 2152 64 75 this
1735 2152 76 75 arch
1828 2152 137 75 fupplies
1979 2152 82 75 both
2077 2152 79 75 fides
2168 2152 40 75 of
2220 2152 56 75 the

1243 2198 57 75 laft
1315 2198 92 75 three
1423 2198 83 75 toes,
1531 2198 64 75 and
1611 2198 56 75 the
1685 2198 120 75 outfide
1826 2198 42 75 of
1879 2198 54 75 the
1949 2198 117 75 fecond
2081 2198 67 75 toe,
2173 2198 101 75 form-

1243 2245 55 75 ing
1313 2245 90 75 fmall
1420 2245 266 75 communicating
1704 2245 110 75 arches
1832 2245 33 75 as
1882 2245 33 75 in
1930 2245 55 75 the
2002 2245 98 75 hand.

1290 2292 76 75 The
1379 2292 94 75 firjall
1489 2292 133 75 branch,
1648 2292 38 75 or
1701 2292 115 75 arteria
1832 2292 151 75 plantaris
2000 2292 135 75 interna,
2160 2292 118 75 having

1245 2339 137 75 reached
1397 2339 128 75 beyond
1540 2339 56 75 the
1611 2339 120 75 middle
1748 2339 40 75 of
1799 2339 55 75 the
1869 2339 67 75 foie
1952 2339 40 75 of
2003 2339 55 75 the
2074 2339 84 75 foot,
2183 2339 26 75 is
2226 2339 50 75 di-

1245 2387 97 75 vided
1357 2387 69 75 into
1442 2387 87 75 two;
1566 2387 62 75 one
1656 2387 41 75 of
1715 2387 104 75 which
1848 2387 76 75 goes
1952 2387 35 75 to
2014 2387 57 75 the
2095 2387 90 75 great
2209 2387 67 75 toe,

1248 2431 267 75 communicating
1530 2431 79 75 with
1633 2431 56 75 the
1713 2431 104 75 ramus
1843 2431 41 75 of
1903 2431 56 75 the
1976 2431 118 75 tibialis
2111 2431 139 75 anterior
2264 2431 11 75 ;

1248 2480 56 75 the
1320 2480 93 75 other
1430 2480 26 75 is
1473 2480 186 75 diftributed
1674 2480 36 75 to
1726 2480 56 75 the
1797 2480 65 75 firft
1879 2480 169 75 phalanges
2066 2480 39 75 of
2116 2480 56 75 the
2183 2480 95 75 other

1249 2526 80 75 toes,
1347 2526 265 75 communicating
1628 2526 79 75 with
1725 2526 55 75 the
1797 2526 222 75 ramifications
2037 2526 83 75 from
2134 2526 55 75 the
2201 2526 77 75 arch

1252 2572 128 75 already
1403 2572 193 75 mentioned.

1296 2619 76 75 The
1389 2619 115 75 arteria
1518 2619 147 75 peronasa
1680 2619 74 75 runs
1771 2619 96 75 down
1883 2619 42 75 on
1940 2619 55 75 the
2010 2619 147 75 backfide
2172 2619 41 75 of
2222 2619 57 75 the

1251 2665 108 75 fibula,
1385 2665 144 75 between
1545 2665 56 75 the
1616 2665 104 75 foleus
1742 2665 64 75 and
1825 2665 104 75 flexor
1945 2665 137 75 poliicis,
2106 2665 35 75 to
2158 2665 118 75 which,

1252 2712 61 75 and
1329 2712 35 75 to
1380 2712 54 75 the
1452 2712 232 75 neighbouring
1704 2712 99 75 parts,
1836 2712 26 75 it
1882 2712 88 75 gives
1990 2712 79 75 rami
2093 2712 31 75 in
2147 2712 41 75 its
2209 2712 68 75 paf-

1251 2759 84 75 fage.

1298 2804 129 75 Having
1444 2804 137 75 reached
1595 2804 39 75 to
1651 2804 64 75 the_
1724 2804 99 75 lower
1845 2804 91 75 third
1959 2804 71 75 part
2047 2804 39 75 of
2096 2804 55 75 the
2168 2804 111 75 fibula,

1252 2851 26 75 it
1289 2851 91 75 fends
1401 2851 51 75 off
1466 2851 17 75 a
1496 2851 211 75 confiderable
1725 2851 132 75 branch,
1873 2851 107 75 which
1996 2851 75 75 runs
2087 2851 32 75 in
2136 2851 145 75 between

1254 2898 56 75 the
1326 2898 79 75 tibia
1420 2898 61 75 and
1498 2898 71 75 that
1584 2898 95 75 bone,
1696 2898 115 75 pafling
1822 2898 144 75 between
1982 2898 85 75 their
2082 2898 199 75 extremities

1252 2944 85 75 from
1361 2944 119 75 behind
1502 2944 153 75 forward,
1681 2944 105 75 below
1806 2944 56 75 the
1885 2944 205 75 interofleous
2115 2944 163 75 ligament,

1252 2991 62 75 and
1329 2991 27 75 is
1373 2991 188 75 diftributed
1576 2991 36 75 to
1624 2991 56 75 the
1695 2991 214 75 integuments
1927 2991 33 75 of
1976 2991 55 75 the
2048 2991 113 75 tarfus.
2157 3030 121 75 Laftly,
