2396 3377
529 149 39 75 A
626 149 50 75 M
733 149 37 75 P

1094 149 19 75 (
1176 149 76 75 138
1312 149 19 75 )

1677 149 235 75 AMS

158 218 327 75 AMPHISMILA,
511 218 19 75 a
545 218 280 75 diffe&ing-knife,
843 218 79 75 with
937 218 18 75 a
970 218 119 75 double
1105 218 94 75 edge.

157 265 310 75 AMPHITANE,
494 265 115 75 among
628 265 125 75 ancient
769 265 194 75 naturalifts,
987 265 19 75 a
1030 265 87 75 ftone
1132 265 69 75 faid

205 312 34 75 to
252 312 114 75 attract
382 312 89 75 gold,
497 312 35 75 as
549 312 56 75 the
620 312 164 75 loadftone
800 312 78 75 does
895 312 83 75 iron.

158 358 305 75 AMPH1TAPA,
489 358 34 75 in
540 358 173 75 antiquity,
739 358 19 75 a
770 358 146 75 garment
932 358 107 75 frized
1056 358 39 75 or
1110 358 90 75 fhag-

205 405 63 75 ged
279 405 42 75 on
339 405 80 75 both
435 405 92 75 fides,
553 405 106 75 which
675 405 65 75 was
757 405 68 75 laid
839 405 103 75 under
957 405 129 75 perfons
1103 405 98 75 going

206 451 34 75 to
255 451 94 75 lleep.

159 497 411 75 AMPHITHEATRE,
597 497 32 75 in
654 497 172 75 antiquity,
859 497 19 75 a
905 497 142 75 fpacious
1073 497 126 75 edifice,

206 545 83 75 built
312 545 104 75 either
441 545 108 75 round
569 545 38 75 or
630 545 86 75 oval,
743 545 79 75 with
848 545 19 75 a
892 545 133 75 number
1048 545 40 75 of
1107 545 95 75 rifing

207 591 93 75 feats,
325 591 87 75 upon
428 591 106 75 which
552 591 56 75 the
625 591 114 75 people
755 591 77 75 ufed
852 591 34 75 to
908 591 121 75 behold
1040 591 55 75 the
1113 591 87 75 com-

207 638 69 75 bats
294 638 41 75 of
352 638 188 75 gladiators,
565 638 41 75 of
624 638 78 75 wild
718 638 113 75 beads,
857 638 62 75 and
931 638 94 75 other
1043 638 115 75 fports.

255 683 264 75 Amphitheatres
543 683 85 75 were
645 683 32 75 at
700 683 65 75 fird
788 683 77 75 only
882 683 40 75 of
940 683 118 75 wood;
1085 683 62 75 and
1175 683 26 75 it

208 731 63 75 was
290 731 56 75 not
359 731 51 75 till
423 731 55 75 the
494 731 89 75 reign
600 731 41 75 of
651 731 176 75 Augudus,
853 731 71 75 that
942 731 147 75 Statilius
1108 731 92 75 Tau-

208 778 53 75 rus
278 778 83 75 built
377 778 73 75 one,
476 778 51 75 for
542 778 54 75 the
612 778 65 75 fird
689 778 91 75 time,
805 778 40 75 of
856 778 100 75 done.
1003 778 78 75 The
1094 778 108 75 lowed

208 824 71 75 part
299 824 65 75 was
379 824 41 75 of
439 824 39 75 an
495 824 73 75 oval
584 824 114 75 figure,
723 824 64 75 and
803 824 104 75 called
924 824 107 75 arena,
1056 824 145 75 becaufe,

186 870 74 75 'for
277 870 55 75 the
344 870 216 75 conveniency
576 870 40 75 of
635 870 55 75 the
714 870 212 75 combatants,
951 870 26 75 it
993 870 65 75 was
1077 870 125 75 ufually

208 917 133 75 drewed
357 917 79 75 with
452 917 99 75 fand;
582 917 62 75 and
667 917 103 75 round
794 917 57 75 the
868 917 96 75 arena
988 917 84 75 were
1096 917 105 75 vaults

173 964 6 75 '
207 964 92 75 diled
315 964 116 75 cavea,
457 964 32 75 in
505 964 107 75 which
637 964 84 75 were
747 964 147 75 confined
918 964 55 75 the
998 964 78 75 wild
1099 964 101 75 beads

208 1010 173 75 appointed
392 1010 52 75 for
461 1010 56 75 the
532 1010 112 75 {hews.

256 1057 116 75 Above
395 1057 62 75 the-
477 1057 101 75 caveae
603 1057 66 75 was
694 1057 126 75 ere&ed
846 1057 130 75 a-large
993 1057 136 75 circular
1145 1057 55 75 pe-

212 1104 119 75 ridyle,
358 1104 38 75 or
412 1104 147 75 podium,
574 1104 142 75 adorned
732 1104 79 75 with
828 1104 155 75 columns.
1032 1104 85 75 This
1138 1104 65 75 was

212 1151 55 75 the
281 1151 89 75 place
388 1151 41 75 of
439 1151 56 75 the
507 1151 176 75 emperors,
707 1151 155 75 fenators,
889 1151 63 75 and
963 1151 94 75 other
1073 1151 129 75 perfons

202 1197 54 75 of
267 1197 190 75 didinchon.

256 1244 77 75 The
345 1244 83 75 rows
439 1244 39 75 of
487 1244 140 75 benches
639 1244 86 75 were
738 1244 100 75 above
850 1244 56 75 the
917 1244 154 75 podium..
1095 1244 108 75 Their

210 1291 100 75 figure
324 1291 64 75 was
409 1291 136 75 circular
556 1291 11 75 {
591 1291 66 75 and
670 1291 76 75 they
757 1291 84 75 were
853 1291 130 75 entered
996 1291 43 75 by
1053 1291 150 75 avenues,

214 1336 32 75 at
263 1336 55 75 the
335 1336 62 75 end
414 1336 40 75 of
473 1336 106 75 which
596 1336 85 75 were
698 1336 103 75 gates,
826 1336 104 75 called
941 1336 193 75 vomitoriae.

255 1384 78 75 The
361 1384 80 75 mod
469 1384 120 75 perfeft
613 1384 136 75 remains
765 1384 51 75 we
831 1384 73 75 now
921 1384 80 75 have
1017 1384 41 75 of
1080 1384 122 75 amphi-

211 1431 153 75 theatres,
390 1431 54 75 are
469 1431 70 75 that
563 1431 41 75 of
621 1431 184 75 Vefpafian,
830 1431 104 75 called
959 1431 55 75 the
1040 1431 162 75 colifeum,

211 1477 71 75 that
299 1477 32 75 at
349 1477 132 75 Verona
496 1477 33 75 in
546 1477 100 75 Italy,
672 1477 63 75 and
760 1477 71 75 that
855 1477 32 75 at
910 1477 129 75 NifmeS
1064 1477 33 75 in
1113 1477 89 75 Lan-

213 1524 144 75 guedoc/

166 1571 339 75 Amphitheatre,
529 1571 237 75 in-gardening,
792 1571 19 75 a
826 1571 119 75 temple
970 1571 126 75 ere&ed
1119 1571 40 75 on
1184 1571 20 75 a

211 1617 94 75 rifing
317 1617 138 75 ground,
481 1617 39 75 of
533 1617 19 75 a
567 1617 213 75 iemicircular
792 1617 113 75 figure.
953 1617 109 75 Thefe
1079 1617 124 75 amphi-

211 1665 142 75 theatres
370 1665 53 75 are
448 1665 128 75 formed
595 1665 44 75 of
657 1665 217 75 ever-greens,
899 1665 168 75 obferving
1084 1665 119 75 always

213 1710 35 75 to
263 1710 90 75 plant
376 1710 56 75 the
455 1710 131 75 diorted
608 1710 146 75 growing
779 1710 85 75 trees
886 1710 31 75 in
935 1710 54 75 the
1013 1710 102 75 front,
1141 1710 60 75 and

213 1757 55 75 the
284 1757 102 75 tailed
398 1757 132 75 behind.
566 1757 100 75 They
683 1757 53 75 are
748 1757 65 75 alfo
825 1757 92 75 made
927 1757 40 75 of
977 1757 100 75 dopes
1090 1757 41 75 on
1148 1757 56 75 the

213 1804 78 75 ikies
308 1804 41 75 of
366 1804 89 75 hills,
481 1804 62 75 and
560 1804 138 75 covered
720 1804 80 75 with
826 1804 78 75 turf,
929 1804 95 75 being
1047 1804 156 75 formerly

212 1850 157 75 edeemed
381 1850 89 75 great
483 1850 181 75 ornaments
681 1850 32 75 in
728 1850 155 75 gardens;
902 1850 57 75 but
971 1850 79 75 they
1062 1850 54 75 are
1128 1850 76 75 now

212 1897 165 75 generally
394 1897 173 75 excluded,
593 1897 34 75 as
651 1897 56 75 the
727 1897 126 75 natural
868 1897 84 75 dope
976 1897 40 75 of
1034 1897 76 75 fuch
1127 1897 76 75 hills

211 1944 42 75 is,
278 1944 35 75 to
338 1944 128 75 perfons
490 1944 40 75 of
550 1944 71 75 true
644 1944 91 75 t5.de,
759 1944 52 75 far
834 1944 90 75 more
946 1944 156 75 beautiful
1119 1944 84 75 -than

214 1990 55 75 the
285 1990 68 75 diff
372 1990 133 75 angular
520 1990 100 75 dopes
633 1990 40 75 of
692 1990 88 75 thefe
797 1990 260 75 amphitheatres.

168 2036 347 75 AMPHITHURA,
541 2036 32 75 in
590 2036 55 75 the
662 2036 124 75 ancient
805 2036 168 75 churches,
990 2036 65 75 was
1073 2036 54 75 the
1139 2036 64 75 veil

215 2082 36 75 or
268 2082 123 75 curtain
407 2082 177 75 fepayating
601 2082 56 75 the
673 2082 131 75 chancel
821 2082 84 75 from
928 2082 55 75 the
1007 2082 61 75 ted
1090 2082 40 75 of
1148 2082 56 75 the

216 2128 133 75 church.

167 2175 366 75 AMPHODONTA,
559 2175 19 75 a
592 2175 84 75 term
691 2175 53 75 for
767 2175 132 75 animals
921 2175 75 75 who
1018 2175 81 75 have
1116 2175 88 75 teeth

216 2221 31 75 in
263 2221 80 75 both
362 2221 92 75 jaws.

1028 2253 6 49 (

167 2268 256 75 AMPHORA,
449 2268 32 75 in
499 2268 174 75 antiquity,
700 2268 19 75 a
733 2268 105 75 liquid
854 2268 141 75 meafure
1013 2268 115 75 among
1148 2268 55 75 the

216 2314 130 75 Greeks
362 2314 63 75 and
440 2314 159 75 Romans.
634 2314 78 75 The
728 2314 127 75 Roman
868 2314 153 75 amphora
1036 2314 167 75 contained

215 2360 196 75 forty-eight
426 2360 166 75 fextaries,
611 2360 63 75 and
688 2360 65 75 was
766 2360 95 75 equal
873 2360 35 75 to
920 2360 98 75 about
1033 2360 92 75 feven
1137 2360 68 75 gal-

215 2407 73 75 lons
312 2407 61 75 one
398 2407 69 75 pint
490 2407 132 75 Englilh
651 2407 241 75 wine-meafure
908 2407 10 75 ;
951 2407 62 75 and
1037 2407 55 75 the
1116 2407 88 75 Gre-

217 2453 70 75 cian
311 2453 37 75 or
372 2453 96 75 Attic
501 2453 152 75 amphora
687 2453 170 75 contained
888 2453 62 75 one
982 2453 88 75 third
1101 2453 103 75 more.

216 2499 171 75 Amphora
409 2499 64 75 was
497 2499 65 75 alfo
587 2499 19 75 a
630 2499 61 75 dry
714 2499 153 75 meafure,
891 2499 140 75 likewife
1046 2499 32 75 in
1095 2499 53 75 ufe
1171 2499 33 75 a-

216 2546 97 75 mong
330 2546 56 75 the
401 2546 158 75 Romans,
584 2546 63 75 and
663 2546 167 75 contained
849 2546 91 75 three
956 2546 138 75 bufhels.

171 2593 209 75 Amphora,
406 2593 115 75 among
544 2593 57 75 the
627 2593 193 75 Venetians,
845 2593 56 75 the
923 2593 114 75 larged
1065 2593 141 75 meafure

219 2638 76 75 ufed
310 2638 52 75 for
377 2638 147 75 liquids.'
560 2638 33 75 It
605 2638 143 75 contains
765 2638 73 75 four
849 2638 163 75 bigorzas,
1030 2638 55 75 the
1096 2638 108 75 bigor-

219 2686 41 75 za
276 2686 95 75 being
386 2686 74 75 four
478 2686 125 75 quarts,
627 2686 57 75 the
701 2686 96 75 quart
813 2686 74 75 four
902 2686 134 75 fachies,
1054 2686 61 75 and
1127 2686 78 75 each

219 2732 103 75 fachie
345 2732 74 75 four
435 2732 106 75 leras;
567 2732 70 75 but,
663 2732 44 75 by
723 2732 182 75 wholefale,
932 2732 56 75 the
1011 2732 153 75 amphora
1179 2732 26 75 is

221 2778 146 75 fourteen
385 2778 123 75 quarts,
534 2778 63 75 and
622 2778 55 75 the
701 2778 135 75 bigorza
856 2778 92 75 three
973 2778 111 75 quarts
1108 2778 63 75 and
1187 2778 20 75 a

220 2825 81 75 half.

173 2871 209 75 Amphora,
406 2871 34 75 in
468 2871 192 75 adronomy,
686 2871 19 75 a
728 2871 91 75 name
847 2871 179 75 fometimes
1053 2871 77 75 ufed
1154 2871 52 75 for

222 2916 60 75 one
298 2916 40 75 of
357 2916 55 75 the
429 2916 115 75 twelve
567 2916 79 75 figns
674 2916 43 75 of
735 2916 55 75 the
817 2916 126 75 zodiac,
967 2916 90 75 more
1085 2916 122 75 ufually

223 2962 102 75 called
342 2962 162 75 aquarius.
554 2962 62 75 See
627 2962 222 75 Aquarius.

175 3010 336 75 AMPHOTIDES,
536 3010 33 75 in
597 3010 171 75 antiquity,
802 3010 19 75 a
846 3010 79 75 kind
952 3010 41 75 of
1012 3010 129 75 armour
1168 3010 38 75 or

1299 214 150 75 covering
1472 214 52 75 for
1548 214 55 75 the
1627 214 83 75 ears,
1735 214 91 75 worn
1848 214 45 75 by
1917 214 56 75 the
1998 214 125 75 ancient
2150 214 134 75 pugiles

1299 261 34 75 to
1349 261 134 75 prevent
1498 261 85 75 their
1605 261 194 75 adverfaries
1823 261 86 75 from
1931 261 109 75 laying
2062 261 80 75 hold
2157 261 40 75 of
2216 261 72 75 that

1297 307 83 75 part.

1250 355 309 75 AMPHTHILL,
1586 355 17 75 a
1620 355 109 75 pretty
1745 355 88 75 town
1845 355 32 75 in
1889 355 55 75 the
1957 355 92 75 heart
2065 355 41 75 of
2124 355 161 75 Bedford-

1299 401 79 75 {hire
1394 401 32 75 in
1443 401 164 75 England.

1251 449 328 75 AMPLIATION,
1605 449 33 75 in
1655 449 18 75 a
1689 449 128 75 general
1841 449 97 75 fenfe,
1963 449 133 75 denotes
2113 449 56 75 the
2187 449 48 75 a<d
2252 449 40 75 of

1298 494 164 75 enlarging
1478 494 38 75 or
1533 494 177 75 extending
1726 494 56 75 the
1795 494 141 75 compafs
1952 494 41 75 of
2009 494 21 75 a
2046 494 106 75 thing.

1250 541 272 75 Ampliation,
1548 541 32 75 in
1601 541 129 75 Roman
1753 541 176 75 antiquity,
1953 541 63 75 was
2046 541 55 75 the
2125 541 162 75 deferring

1299 588 35 75 to
1351 588 68 75 pafs
1437 588 147 75 fentence
1600 588 32 75 in
1645 588 121 75 certain
1779 588 119 75 caufes.
1939 588 85 75 This
2038 588 54 75 the
2105 588 101 75 judge
2217 588 69 75 did,

1298 634 43 75 by
1357 634 220 75 pronouncing
1593 634 55 75 the
1667 634 92 75 word
1776 634 161 75 amplius;
1963 634 38 75 or
2017 634 51 75 by.
2081 634 129 75 writing
2231 634 57 75 the

1298 682 112 75 letters
1427 682 48 75 N.
1494 682 44 75 L.
1560 682 52 75 for
1628 682 61 75 non
1707 682 124 75 liquet;
1858 682 136 75 thereby
2012 682 179 75 fignifyiug,
2218 682 71 75 that

1299 728 33 75 as
1349 728 56 75 the
1422 728 90 75 caufe
1534 728 67 75 was
1623 728 58 75 not
1705 728 96 75 clear,
1826 728 27 75 it
1875 728 110 75 would
2007 728 40 75 be
2071 728 159 75 neceifary
2253 728 36 75 to

1295 775 97 75 bring
1408 775 127 75 further
1550 775 164 75 evidence.

1251 823 406 75 AMPLIFICATION,
1690 823 33 75 in
1748 823 156 75 rhetoric.
1963 823 62 75 See
2049 823 238 75 Exaggera-

1251 915 310 75 AMPLITUDE,
1585 915 33 75 in
1638 915 193 75 adronomy,
1857 915 39 75 in
1921 915 76 75 arch
2021 915 40 75 of
2079 915 55 75 the
2150 915 138 75 horizon

1299 962 197 75 intercepted
1519 962 143 75 between
1686 962 56 75 the
1767 962 64 75 ead
1855 962 37 75 or
1917 962 75 75 wed
2014 962 103 75 point,
2142 962 63 75 and
2232 962 56 75 the

1300 1009 107 75 centre
1424 1009 41 75 of
1482 1009 56 75 the
1554 1009 70 75 fun,
1648 1009 38 75 or
1701 1009 8 75 .
1709 1009 13 75 a
1738 1009 108 75 planet
1862 1009 33 75 at
1910 1009 41 75 its
1969 1009 94 75 rifing
2078 1009 64 75 and
2157 1009 129 75 fetting,

1301 1056 61 75 and
1378 1056 34 75 lb
1429 1056 26 75 is
1473 1056 103 75 either
1592 1056 96 75 north
1700 1056 62 75 and
1773 1056 107 75 fouth,
1898 1056 37 75 or
1947 1056 102 75 ortive
2061 1056 62 75 and
2135 1056 151 75 Qccafive.

1302 1103 61 75 See
1380 1103 266 75 Astronomy.

1252 1148 214 75 Mngnetieal
1481 1148 254 75 Amplitude,
1762 1148 56 75 the
1835 1148 150 75 different
2001 1148 94 75 rifing
2111 1148 38 75 or
2171 1148 117 75 fetting

1300 1195 39 75 of
1358 1195 55 75 the
1429 1195 55 75 fun
1496 1195 86 75 from
1598 1195 56 75 the
1670 1195 63 75 ead
1749 1195 38 75 or
1797 1195 75 75 welt
1888 1195 106 75 points
2007 1195 40 75 of
2064 1195 55 75 the
2131 1195 156 75 compafs.

1299 1241 32 75 It
1343 1241 26 75 is
1387 1241 101 75 found
1504 1241 45 75 by
1564 1241 167 75 obferving
1748 1241 56 75 the
1820 1241 69 75 fun,
1915 1241 32 75 at
1963 1241 50 75 his
2031 1241 93 75 rifing
2140 1241 63 75 and
2223 1241 63 75 fet-

1300 1288 82 75 ting,
1406 1288 44 75 by
1467 1288 38 75 an
1524 1288 345 75 amplitude-compafs.

1253 1335 238 75 Amplitude
1506 1335 43 75 of
1563 1335 52 75 the
1631 1335 101 75 range
1747 1335 43 75 of
1796 1335 21 75 a
1833 1335 181 75 prejeflile,
2033 1335 55 75 the
2104 1335 183 75 horizontal

1301 1382 73 75 line,
1393 1382 190 75 {ubtending
1594 1382 55 75 the
1660 1382 78 75 path
1751 1382 33 75 in
1795 1382 105 75 which
1913 1382 56 75 the
1981 1382 163 75 projetfile
2157 1382 129 75 moved.

1252 1430 207 75 AMPULL
1463 1430 43 75 A,
1516 1430 31 75 in
1558 1430 173 75 antiquity,
1745 1430 19 75 a
1772 1430 103 75 round
1883 1430 188 75 big-bellied
2080 1430 92 75 vefiel
2181 1430 106 75 which

1300 1476 55 75 the
1372 1476 141 75 ancients
1535 1476 76 75 ufed
1632 1476 32 75 in
1681 1476 84 75 their
1784 1476 105 75 baths,
1916 1476 35 75 to
1967 1476 128 75 contain
2107 1476 44 75 oil
2164 1476 52 75 for
2232 1476 55 75 an-

1300 1522 125 75 ointing
1441 1522 83 75 their
1537 1522 125 75 bodies.
1711 1522 33 75 It
1760 1522 66 75 was
1845 1522 64 75 alfo
1926 1522 19 75 a
1960 1522 61 75 cup
2037 1522 92 75 made
2140 1522 42 75 of
2192 1522 94 75 glafs,

1300 1568 63 75 and
1380 1568 180 75 fometimes
1577 1568 39 75 of
1626 1568 137 75 leather,
1781 1568 51 75 for
1848 1568 150 75 drinking
2014 1568 55 75 out
2086 1568 41 75 of
2138 1568 32 75 at
2187 1568 97 75 tabje.

1252 1617 352 75 AMPULLACEiE
1635 1617 132 75 concha,
1804 1617 32 75 in
1870 1617 123 75 naturai
2026 1617 133 75 hidory.
2225 1617 62 75 See

1301 1662 148 75 Doha.

1253 1709 265 75 AMPURIAS,
1545 1709 18 75 a
1586 1709 87 75 town
1697 1709 41 75 of
1757 1709 111 75 Spain,
1893 1709 115 75 capital
2032 1709 40 75 of
2090 1709 56 75 the
2169 1709 118 75 diftriid

1300 1754 40 75 of
1351 1754 215 75 Ampouzdan
1583 1754 31 75 in
1633 1754 182 75 Catalonia,
1842 1754 63 75 and
1928 1754 135 75 fituated
2079 1754 32 75 in
2134 1754 45 75 E.
2195 1754 92 75 long.

1303 1802 42 75 2
1367 1802 54 75 50'
1421 1802 12 75 ,
1459 1802 62 75 and
1534 1802 46 75 N.
1600 1802 59 75 lat.
1678 1802 43 75 42
1721 1784 24 49 0
1770 1802 52 75 15'
1822 1802 11 75 .

1252 1848 348 75 AMPUTATION,
1624 1848 33 75 in
1681 1848 142 75 forgery,
1857 1848 55 75 the
1936 1848 124 75 cutting
2084 1848 51 75 off
2154 1848 18 75 a
2195 1848 90 75 limb,

1300 1892 37 75 or
1352 1892 63 75 any
1431 1892 84 75 part,
1539 1892 86 75 from
1641 1892 55 75 the
1713 1892 88 75 body
1820 1892 40 75 of
1879 1892 39 75 an
1934 1892 128 75 animal.
2113 1892 61 75 See
2191 1892 94 75 Sur-

1302 1939 118 75 gery,
1445 1939 85 75 title.
1556 1939 54 75 Of
1623 1939 214 75 amputation.

1253 1985 183 75 AMRAS,
1463 1985 17 75 a
1497 1985 255 75 drongcadlein
1770 1985 55 75 the
1840 1985 179 75 Tyroleze,
2045 1985 44 75 E.
2108 1985 87 75 long.
2217 1985 65 75 12

1305 2032 53 75 10'
1358 2032 11 75 ,
1396 2032 48 75 N.
1457 2032 59 75 lat.
1536 2032 42 75 47
1578 2014 21 49 0
1599 2032 14 75 .

1252 2078 254 75 AMSDORFI
1511 2078 105 75 ANS,
1641 2078 33 75 in
1691 2078 270 75 church-hidory,
1987 2078 19 75 a
2016 2078 62 75 fed:
2094 2078 41 75 of
2146 2078 140 75 Proted-

1301 2124 70 75 ants
1387 2124 32 75 in
1436 2124 55 75 the
1507 2124 123 75 XVIth
1647 2124 147 75 century,
1810 2124 76 75 who
1903 2124 78 75 took
1997 2124 86 75 their
2094 2124 92 75 name
2201 2124 85 75 from

1300 2170 161 75 Amfdorf
1478 2170 85 75 their
1588 2170 120 75 leader.
1756 2170 100 75 They
1880 2170 205 75 maintained,
2110 2170 71 75 that
2201 2170 86 75 good

1300 2218 108 75 works
1424 2218 85 75 were
1529 2218 60 75 not
1609 2218 77 75 only
1710 2218 224 75 unprofitable,
1959 2218 57 75 but
2033 2218 84 75 were
2133 2218 154 75 obdacles

1301 2264 34 75 to
1351 2264 166 75 falvation.

1253 2311 310 75 AMSEGETES,
1589 2311 31 75 in
1637 2311 127 75 Roman
1777 2311 171 75 antiquity,
1973 2311 93 75 thofe
2080 2311 107 75 whofe
2210 2311 76 75 land

1300 2357 159 75 bordered
1474 2357 86 75 upon
1577 2357 19 75 a
1611 2357 107 75 public
1734 2357 91 75 road.

1255 2404 330 75 AMSTERDAM,
1610 2404 19 75 a
1643 2404 88 75 large
1748 2404 62 75 and
1826 2404 156 75 beautiful
1995 2404 68 75 city
2078 2404 41 75 of
2129 2404 157 75 Holland,

1302 2450 134 75 fituated
1459 2450 41 75 on
1517 2450 56 75 the
1596 2450 84 75 river
1696 2450 134 75 Amdel,
1856 2450 63 75 and
1935 2450 39 75 an
1996 2450 67 75 arm
2085 2450 42 75 of
2145 2450 55 75 the
2222 2450 64 75 fea,

1303 2497 103 75 called
1422 2497 102 75 Wye,
1550 2497 19 75 a
1591 2497 86 75 little
1704 2497 151 75 eadward
1881 2497 41 75 of
1939 2497 56 75 the
2020 2497 208 75 Zuyder-fea,
2253 2497 33 75 in

1303 2544 41 75 4
1362 2544 56 75 30'
1433 2544 44 75 E.
1495 2544 89 75 long,
1610 2544 63 75 and
1691 2544 41 75 52
1732 2526 22 49 0
1772 2544 45 75 20
1844 2544 48 75 N.
1910 2544 59 75 lat.

1350 2590 31 75 It
1396 2590 27 75 is
1441 2590 171 75 computed
1628 2590 35 75 to
1678 2590 40 75 be
1730 2590 74 75 half
1814 2590 34 75 as
1861 2590 53 75 big
1926 2590 34 75 as
1972 2590 139 75 London
2126 2590 12 75 ;
2164 2590 75 75 and,
2254 2590 33 75 in

1301 2636 90 75 point
1407 2636 41 75 of
1458 2636 103 75 trade,
1579 2636 94 75 equal
1687 2636 36 75 to
1739 2636 61 75 any
1812 2636 86 75 town
1914 2636 32 75 in
1963 2636 55 75 the
2031 2636 118 75 known
2161 2636 123 75 world;

1302 2683 91 75 there
1409 2683 95 75 being
1515 2683 113 75 people
1644 2683 32 75 in
1693 2683 25 75 it
1734 2683 41 75 of
1794 2683 110 75 almod
1919 2683 96 75 every
2031 2683 109 75 nation
2158 2683 62 75 and
2235 2683 50 75 re-

1301 2729 98 75 ligion
1425 2729 41 75 of
1485 2729 143 75 Europe,
1653 2729 75 75 who
1745 2729 96 75 apply
1856 2729 187 75 themfelves
2060 2729 79 75 with
2163 2729 56 75 the
2234 2729 51 75 ut-

1301 2775 79 75 mod
1396 2775 156 75 diligence
1569 2775 35 75 to
1626 2775 83 75 heap
1730 2775 42 75 up
1789 2775 130 75 wealth,
1945 2775 57 75 not
2018 2775 78 75 with
2113 2775 18 75 a
2146 2775 82 75 view
2250 2775 35 75 to

1302 2821 96 75 enjoy
1412 2821 39 75 it,
1477 2821 57 75 but
1549 2821 36 75 to
1600 2821 82 75 have
1698 2821 56 75 the
1770 2821 141 75 pleafure
1927 2821 41 75 of
1978 2821 99 75 dying
2092 2821 82 75 rich.

1255 2869 270 75 Amsterdam,
1549 2869 26 75 is
1592 2869 65 75 alfo
1673 2869 56 75 the
1746 2869 90 75 name
1852 2869 41 75 of
1906 2869 19 75 a
1946 2869 87 75 town
2050 2869 40 75 of
2109 2869 55 75 the
2181 2869 105 75 Cura-

1301 2915 86 75 coes,
1412 2915 31 75 in
1461 2915 171 75 America:
1659 2915 138 75 likewife
1814 2915 54 75 the
1885 2915 91 75 name
1993 2915 40 75 of
2051 2915 91 75 three
2158 2915 126 75 ifiands,

1302 2962 60 75 one
1379 2962 41 75 of
1445 2962 105 75 which
1567 2962 57 75 lies
1642 2962 31 75 in
1689 2962 55 75 the
1761 2962 114 75 Indian
1891 2962 111 75 ocean,
2032 2962 143 75 between
2199 2962 85 75 New

1301 3009 145 75 Holland
1461 3009 62 75 and
1548 3009 235 75 Madagafcar;
1810 3009 56 75 the
1887 3009 116 75 fecond
2029 3009 144 75 between
2198 3009 86 75 Peru

2223 3054 61 75 and
