2483 3387
665 201 1174 75 ARITHMETICS:.

2226 201 81 75 4n

238 284 39 75 In
293 284 86 75 Var.
399 284 35 75 2.
459 284 56 75 the
530 284 71 75 unit
621 284 16 75 3
657 284 104 75 (lands
788 284 102 75 under
915 284 55 75 the
986 284 90 75 place
1098 284 41 75 of
1161 284 74 75 ten*

192 331 189 75 thoufands,
415 331 64 75 and
502 331 34 75 fo
561 331 22 75 9
607 331 27 75 is
658 331 264 75 ten-thoufands;
949 331 62 75 and
1038 331 35 75 to
1097 331 57 75 the
1178 331 49 75 re-

192 377 145 75 mainder
364 377 24 75 o
408 377 112 75 annex
553 377 70 75 .00,
657 377 53 75 for
735 377 57 75 the
813 377 66 75 two
906 377 137 75 decimal
1066 377 105 75 places
1194 377 32 75 in

191 424 55 75 the
262 424 139 75 divifor;
427 424 249 75 then-dividing,
694 424 64 75 you
775 424 54 75 get
846 424 46 75 00
909 424 34 75 to
960 424 55 75 the
1032 424 102 75 quot;
1160 424 65 75 and

189 470 131 75 becaufe
337 470 23 75 9
374 470 104 75 (lands
494 470 33 75 in
551 470 55 75 the
622 470 89 75 place
728 470 40 75 of
790 470 254 75 ten-thoufands,
1070 470 55 75 the
1142 470 82 75 quot

189 516 163 75 continues
364 516 35 75 to
417 516 39 75 be
472 516 121 75 wholly
604 516 152 75 integers.
788 516 78 75 The
882 516 125 75 procefs
1024 516 27 75 is
1068 516 55 75 the
1140 516 83 75 fame

187 563 33 75 in
237 563 81 75 Var.
339 563 32 75 3.
389 563 63 75 and
470 563 33 75 4.

235 609 124 75 Laftly,
384 609 49 75 we
449 609 77 75 (hall
538 609 96 75 allow
645 609 137 75 decimal
797 609 106 75 places
919 609 35 75 to
970 609 81 75 both
1067 609 156 75 dividend

187 656 63 75 and
265 656 130 75 divifor.

1278 279 87 75 riage
1387 279 89 75 may,
1499 279 33 75 in
1549 279 87 75 feme
1653 279 98 75 cafes,
1776 279 95 75 effect
1887 279 119 75 feveral
2023 279 144 75 columns
2187 279 41 75 on
2252 279 58 75 the

1274 325 72 75 left,
1372 325 61 75 and
1446 325 135 75 thereby
1594 325 113 75 render
1732 325 88 75 more
1837 325 116 75 figures
1970 325 40 75 of
2022 325 56 75 the
2097 325 81 75 quot
2195 325 112 75 uncer-

1272 371 65 75 tain
1355 371 75 75 than
1447 371 56 75 the
1527 371 70 75 rule
1625 371 188 75 pteferibes.
1861 371 78 75 The
1967 371 96 75 fureft
2090 371 84 75 way,
2199 371 113 75 there*

1272 418 82 75 fore,
1379 418 40 75 is,
1443 418 35 75 to
1502 418 93 75 make
1623 418 66 75 two
1716 418 183 75 operations
1928 418 80 75 with
2035 418 151 75 contrary
2210 418 94 75 figns,

1270 465 62 75 and
1353 465 76 75 then
1446 465 55 75 the
1517 465 118 75 figures
1659 465 33 75 in
1720 465 108 75 which
1854 465 56 75 the
1939 465 66 75 two
2022 465 97 75 quots
2137 465 93 75 agree
2251 465 56 75 are

1270 512 132 75 certain.
1432 512 3 75 ,

1315 558 37 75 In
1367 558 97 75 order
1479 558 35 75 to
1535 558 92 75 make
1644 558 55 75 the
1716 558 109 75 reafon
1842 558 41 75 of
1894 558 55 75 the
1965 558 71 75 rule
2052 558 127 75 appear,
2197 558 26 75 it
2239 558 68 75 will

1267 605 40 75 be
1325 605 162 75 neceifary
1503 605 36 75 to
1555 605 93 75 work
1664 605 40 75 an
1720 605 162 75 example.

376 718 82 75 Var.
488 718 32 75 1.

881 718 85 75 for.
996 718 33 75 2.

285 775 311 75 3-5)320.95(91,7

794 775 315 75 3-5)3*-095(9-i7

363 817 123 75 31.5*-
566 799 19 49 A

873 817 127 75 Si-S”

422 915 44 75 59

420 960 42 75 35

421 1052 65 75 245

421 1099 68 75 245

373 1159 83 75 Var.
484 1159 33 75 3;

308 1209 310 75 •35)-32oo5(.9i7

385 1264 122 75 3*15"

432 1358 60 75 49

446 1403 42 75 35

446 1495 65 75 245

447 1542 68 75 245

814 915 10 75 *
933 915 47 75 59
1089 915 14 75 '

934 960 54 75 3T

933 1052 67 75 245

931 1099 67 75 245

870 1162 81 75 Var.
978 1162 34 75 4.

786 1210 337 75 3-5)-32095(.09i7

869 1265 17 75 3
897 1265 69 75 M'
977 1265 11 75 *

929 1360 44 75 59

929 1404 42 75 35

930 1496 65 75 245

927 1534 67 75 245

232 1607 39 75 In
287 1607 82 75 Var.
391 1607 32 75 1.
448 1607 57 75 the
520 1607 86 75 units
624 1607 41 75 of
675 1607 56 75 the
749 1607 64 75 firfl
840 1607 136 75 produft
1003 1607 89 75 (land
1118 1607 104 75 under

185 1655 93 75 tends
301 1655 40 75 of
363 1655 55 75 the
443 1655 175 75 dividend;
644 1655 61 75 and
722 1655 36 75 fo
775 1655 33 75 9,
834 1655 56 75 the
907 1655 64 75 firft
986 1655 102 75 figure
1104 1655 42 75 of
1164 1655 56 75 the

186 1700 95 75 quot,
305 1700 28 75 is
350 1700 82 75 tens.
482 1700 39 75 In
544 1700 83 75 Var.
646 1700 34 75 2.
706 1700 57 75 the
779 1700 85 75 units
881 1700 42 75 of
933 1700 136 75 the.firft
1085 1700 137 75 product

186 1747 89 75 (land
292 1747 100 75 under
409 1747 84 75 units
510 1747 41 75 of
568 1747 56 75 the
641 1747 167 75 dividend,
833 1747 62 75 and
912 1747 34 75 fo
965 1747 20 75 9
1003 1747 26 75 is
1047 1747 94 75 units.
1181 1747 39 75 In

186 1792 82 75 Var.
289 1792 33 75 3.
339 1792 57 75 the
412 1792 84 75 units
512 1792 40 75 of
564 1792 56 75 the
636 1792 68 75 firft
718 1792 133 75 produd
864 1792 88 75 (land
968 1792 100 75 under
1087 1792 132 75 primes,

187 1840 62 75 and
266 1840 34 75 fo
318 1840 21 75 9
356 1840 27 75 is
401 1840 130 75 primes,
557 1840 67 75 &c.

231 1887 57 75 To
304 1887 167 75 divide.by
492 1887 55 75 10,
568 1887 83 75 100,
669 1887 101 75 1000,
887 1887 26 75 is
929 1887 37 75 to
982 1887 93 75 move
1091 1887 57 75 the
1164 1887 57 75 de-

186 1931 93 75 cimal
299 1931 90 75 point
405 1931 60 75 one
481 1931 90 75 place
588 1931 124 75 toward
721 1931 7 75 •
728 1931 11 75 »
747 1931 39 75 he
802 1931 61 75 left
879 1931 52 75 for
948 1931 97 75 every
1062 1931 110 75 cipher
1182 1931 41 75 in

185 1979 55 75 the
256 1979 133 75 divifor.
417 2025 112 75 Thus,

851 2025 78 75 And
944 2025 117 75 Thus,-

394 2072 148 75 io)768(
570 2072 103 75 76.81
769 2072 185 75 10)17.a8(
1007 2072 103 75 1-728

370 2117 170 75 ioo')768(
570 2117 79 75 7.68
667 2117 7 75 I
744 2117 208 75 100)17.28(
1006 2117 108 75 .1728

346 2164 193 75 iooo)768(
583 2164 65 75 768
667 2164 6 75 I
718 2164 233 75 1000)17.28(
981 2164 129 75 .01728

321 2211 325 75 ioooo)768(.o768
666 2211 5 75 l
694 2211 419 75 10000)i7.28(.ooi728

491 2315 418 75 Approximates;

233 2392 39 75 In
289 2392 144 75 dividing
459 2392 248 75 approximates;
733 2392 56 75 the
816 2392 255 75 certain'places
1080 2392 58 75 -of
1159 2392 58 75 the

187 2436 80 75 quot
284 2436 73 75 may
373 2436 39 75 be
432 2436 199 75 determined
647 2436 42 75 by
707 2436 56 75 the
779 2436 169 75 following

232 2482 126 75 Rule.
406 2482 97 75 Place
528 2482 56 75 the
611 2482 118 75 divifor
757 2482 103 75 under
886 2482 145 75 the-firft
1058 2482 157 75 dividual,

185 2528 59 75 and
264 2528 55 75 the
336 2528 131 75 number
493 2528 41 75 of
555 2528 119 75 certain
701 2528 116 75 figures
841 2528 31 75 in
897 2528 66 75 the*
978 2528 80 75 quot
1081 2528 77 75 (hall
1175 2528 40 75 be

184 2576 61 75 one
261 2576 60 75 lefs
338 2576 77 75 than
434 2576 56 75 the
515 2576 134 75 number
671 2576 41 75 of
730 2576 104 75 places
850 2576 85 75 from
959 2576 55 75 the
1030 2576 62 75 left
1109 2576 40 75 of
1160 2576 56 75 the

185 2621 115 75 divifor
316 2621 34 75 to
367 2621 55 75 the
439 2621 64 75 firft
520 2621 37 75 +
573 2621 36 75 or
625 2621 50 75 —,
701 2621 146 75 whether
869 2621 33 75 in
927 2621 55 75 the
1004 2621 117 75 divifor
1134 2621 36 75 or
1181 2621 33 75 in

186 2669 55 75 the
257 2669 166 75 dividend.

398 2730 67 75 Ex.
495 2730 30 75 1.

877 2730 34 75 E'
911 2730 32 75 x.
969 2730 33 75 2.

185 2778 168 75 Dividend
372 2778 340 75 1110.79286078—
734 2778 166 75 Dividend
928 2778 248 75 mo.7929—

186 2821 132 75 Divifor
387 2821 194 75 42.9723+

732 2821 138 75 Divifor
946 2821 224 75 25.8490136
1177 2821 40 75 +

186 2873 131 75 Certain
335 2873 105 75 places
456 2873 72 75 five,
546 2873 124 75 where-
735 2873 132 75 Certain
883 2873 106 75 places
1006 2873 61 75 fix,
1090 2873 125 75 where-

232 2922 39 75 of
281 2922 91 75 three
388 2922 53 75 are
457 2922 164 75 decimals.

780 2922 41 75 of
832 2922 75 75 four
924 2922 54 75 are
994 2922 165 75 decimals.

232 2986 66 75 But
315 2986 78 75 here
415 2986 26 75 it
456 2986 28 75 is
501 2986 35 75 to
551 2986 40 75 be
608 2986 167 75 obferved,
803 2986 70 75 that
890 2986 56 75 the
965 2986 165 75 uncertain
1147 2986 70 75 car-

1690 705 173 75 Example.

1764 774 34 75 A

1408 826 365 75 42.9723+)nio.79

1659 873 115 75 85944

1590 975 17 75 *
1659 975 114 75 25134
1660 1012 113 75 21486

1789 821 349 75 286078—{25.849,

1787 871 40 75 6*
1841 871 8 75 •
1863 871 8 75 •
1883 871 9 75 •

1787 964 43 75 68

1794 1018 35 75 >5

1683 1105 89 75 3648

1683 1160 89 75 3437

1790 1102 66 75 536

1789 1157 66 75 784

1706 1243 68 75 210

1709 1298 37 75 17

1790 1521 111 75 18780

1313 1661 90 75 Here
1430 1661 49 75 we
1504 1661 79 75 (lop,
1609 1661 44 75 no
1678 1661 90 75 more
1792 1661 107 75 places
1922 1661 96 75 being
2044 1661 143 75 certain.'
2226 1661 79 75 The

1268 1706 107 75 reafon
1400 1706 27 75 is
1451 1706 155 75 obvious;
1633 1706 52 75 for
1701 1706 55 75 the
1773 1706 190 75 right-hand
1986 1706 100 75 figure
2108 1706 41 75 of
2167 1706 55 75 the
2238 1706 67 75 firft

1270 1752 146 75 product,
1441 1752 70 75 viz.
1540 1752 32 75 6,
1598 1752 26 75 is
1642 1752 185 75 uncertain;
1854 1752 62 75 and
1937 1752 229 75 confequently
2181 1752 43 75 all
2246 1752 57 75 the

1268 1799 116 75 figures
1408 1799 101 75 under
1525 1799 39 75 it,
1587 1799 43 75 on
1648 1799 56 75 the
1727 1799 86 75 right
1837 1799 39 75 of
1894 1799 57 75 the
1974 1799 65 75 line
2062 1799 32 75 A
2112 1799 43 75 B,
2181 1799 65 75 will
2263 1799 41 75 be

1267 1845 33 75 fo
1317 1845 57 75 too
1384 1845 11 75 ;
1423 1845 71 75 that
1510 1845 40 75 is-,
1576 1845 56 75 the
1647 1845 59 75 laft
1723 1845 177 75 remainder
1916 1845 62 75 and
1995 1845 71 75 new
2089 1845 142 75 dividual
2248 1845 55 75 are

1267 1892 175 75 uncertain,
1467 1892 63 75 and
1546 1892 41 75 of
1605 1892 110 75 courle
1739 1892 56 75 the
1819 1892 100 75 figure
1943 1892 71 75 that
2039 1892 108 75 would
2163 1892 43 75 go
2221 1892 82 75 next

1266 1938 35 75 to
1318 1938 55 75 the
1389 1938 96 75 quot.

1312 1986 97 75 From
1426 1986 64 75 this
1508 1986 148 75 example
1672 1986 26 75 it
1715 1986 144 75 appears,
1884 1986 72 75 that
1980 1986 42 75 all
2040 1986 55 75 the
2118 1986 117 75 figures
2258 1986 43 75 on

1265 2032 56 75 the
1344 2032 86 75 right
1447 2032 40 75 of
1506 2032 55 75 the
1577 2032 66 75 line
1659 2032 32 75 A
1716 2032 29 75 B
1772 2032 54 75 are
1850 2032 165 75 uncertain
2033 2032 63 75 and
2112 2032 134 75 ufelefs;
2273 2032 32 75 if

1266 2079 162 75 therefore
1444 2079 19 75 a
1481 2079 69 75 way
1567 2079 41 75 of
1619 2079 158 75 working,
1803 2079 136 75 without
1957 2079 129 75 writing
2103 2079 97 75 down
2212 2079 90 75 thefe

1264 2124 116 75 ufelefs
1396 2124 129 75 figures,
1551 2124 57 75 can
1625 2124 39 75 be
1681 2124 114 75 found,
1821 2124 146 75 we-(hall
1993 2124 76 75 then
2092 2124 81 75 have
2197 2124 20 75 a
2232 2124 67 75 me-

1262 2170 82 75 thod
1362 2170 40 75 of
1413 2170 143 75 dividing
1568 2170 76 75 long
1656 2170 163 75 decimals,
1839 2170 145 75 whether
1996 2170 87 75 finite
2095 2170 38 75 or
2149 2170 150 75 approxi-

1263 2216 96 75 mate,
1385 2216 35 75 fo
1437 2216 35 75 as
1489 2216 34 75 to
1540 2216 143 75 contradt
1697 2216 58 75 the
1772 2216 178 75 operation,
1975 2216 61 75 and
2053 2216 83 75 limit
2153 2216 55 75 the
2224 2216 75 75 pro-

1262 2262 74 75 duft
1352 2262 35 75 to
1412 2262 63 75 any
1499 2262 134 75 number
1656 2262 41 75 of
1716 2262 135 75 decimal
1875 2262 106 75 places
2003 2262 168 75 propofed.
2220 2262 81 75 And
2315 2262 7 75 i

1262 2309 65 75 this
1346 2309 73 75 may
1432 2309 39 75 be
1488 2309 136 75 effedfed
1640 2309 44 75 by
1698 2309 240 75 obferving.the
1955 2309 167 75 following

1308 2370 122 75 Rule.
1481 2370 111 75 Write
1610 2370 55 75 the
1679 2370 137 75 produdt
1833 2370 42 75 of
1885 2370 55 75 the
1955 2370 66 75 firft
2033 2370 265 75 quotient-figure

1260 2416 101 75 under
1373 2416 57 75 the
1448 2416 151 75 dividend
1611 2416 11 75 ;
1649 2416 63 75 and
1735 2416 86 75 from
1838 2416 55 75 the
1909 2416 147 75 fituation
2080 2416 41 75 of
2139 2416 55 75 the
2211 2416 86 75 units

1260 2463 101 75 place,
1387 2463 142 75 confider
1553 2463 76 75 how
1654 2463 95 75 many
1774 2463 115 75 figures
1913 2463 41 75 of
1972 2463 55 75 the
2044 2463 151 75 dividend
2217 2463 82 75 muft

1260 2509 39 75 be
1328 2509 143 75 retained
1496 2509 35 75 to
1561 2509 71 75 give
1660 2509 54 75 the
1741 2509 81 75 quot
1850 2509 56 75 the
1937 2509 133 75 number
2102 2509 40 75 of
2160 2509 137 75 decimal

1260 2555 104 75 places
1382 2555 173 75 intended;
1581 2555 54 75 cut
1652 2555 52 75 off
1723 2555 55 75 the
1795 2555 94 75 other
1905 2555 117 75 figures
2049 2555 42 75 on
2115 2555 56 75 the
2194 2555 101 75 right,

1261 2602 61 75 and
1339 2602 65 75 alfo
1427 2602 56 75 the
1498 2602 117 75 figures
1640 2602 249 75 correfponding
1913 2602 35 75 to
1966 2602 88 75 them
2071 2602 40 75 on
2128 2602 56 75 the
2208 2602 87 75 right

1261 2648 40 75 of
1320 2648 57 75 the
1392 2648 138 75 divifor;
1556 2648 77 75 then
1651 2648 158 75 fubtradl;
1836 2648 113 75 efteem
1968 2648 64 75 this
2050 2648 61 75 and
2123 2648 97 75 every
2232 2648 64 75 fol-

1259 2694 120 75 lowing
1401 2694 179 75 remainder
1595 2694 19 75 a
1630 2694 70 75 new
1716 2694 165 75 dividual;
1908 2694 63 75 and
1985 2694 53 75 for
2063 2694 77 75 each
2157 2694 71 75 new
2245 2694 49 75 di-

1262 2740 104 75 vidual
1384 2740 80 75 drop
1482 2740 18 75 a
1522 2740 100 75 figure
1646 2740 40 75 on
1704 2740 55 75 the
1777 2740 86 75 right
1886 2740 41 75 of
1945 2740 59 75 the
2024 2740 140 75 divifor;
2189 2740 56 75 but
2262 2740 33 75 in

1262 2788 202 75 multiplying
1482 2788 56 75 the
1555 2788 282 75 quotient-figures
1854 2788 69 75 into
1939 2788 56 75 the
2019 2788 129 75 divifor,
2174 2788 74 75 take
2264 2788 33 75 in

1261 2833 55 75 the
1333 2833 140 75 carriage
1497 2833 86 75 from
1607 2833 57 75 the
1689 2833 87 75 right
1800 2833 107 75 hand;
1934 2833 35 75 as
1992 2833 33 75 in
2049 2833 55 75 the
2129 2833 166 75 fallowing

1262 2882 176 75 examples.

1305 2982 74 75 ?.r'
1404 2964 18 49 T
1422 2982 13 75 -
1484 2964 121 49 Divide
1635 2982 341 75 95-43275-<M3275
2002 2964 20 49 b
2022 2982 24 75 7
2069 2982 223 75 3-4637528;
2314 3014 4 49 :

1261 3001 63 75 and
1338 3001 83 75 limit
1438 3001 56 75 the
1511 3001 80 75 quot
1608 3001 35 75 to
1659 3001 74 75 four
1748 3001 135 75 decimal
1900 3001 121 75 places.

2099 3066 197 75 Contracted
