2428 3377
172 235 121 75 Before
307 235 26 75 it
349 235 75 75 {ides
442 235 58 75 out
515 235 41 75 of
573 235 56 75 the
646 235 169 75 abdomen,
844 235 25 75 it
885 235 102 75 unites
1004 235 80 75 with
1101 235 55 75 the

124 280 123 75 iliacus,
272 280 62 75 and
349 280 27 75 is
393 280 180 75 fometimes
591 280 98 75 fixed,
708 280 43 75 by
768 280 18 75 a
801 280 63 75 few
880 280 96 75 flefhy
993 280 105 75 fibres,
1124 280 33 75 in

127 327 55 75 the
200 327 119 75 outfde
343 327 40 75 of
407 327 55 75 the
477 327 163 75 eminence
667 327 57 75 fall
751 327 196 75 mentioned.
996 327 33 75 It
1057 327 99 75 after-

125 374 104 75 wards
246 374 110 75 coders
373 374 55 75 the
445 374 151 75 fore-fide
612 374 41 75 of
663 374 56 75 the
731 374 81 75 head
829 374 40 75 of
887 374 56 75 the
960 374 36 75 os
1013 374 143 75 femoris,

128 419 61 75 and
201 419 27 75 is
245 419 136 75 inferred
393 419 33 75 in
444 419 54 75 the
516 419 159 75 fore-part
691 419 39 75 of
742 419 55 75 the
814 419 84 75 little
914 419 183 75 trochanter
1114 419 44 75 by

125 465 40 75 an
181 465 131 75 oblique
328 465 131 75 tendon,
485 465 107 75 which
609 465 27 75 is
653 465 111 75 folded
787 465 119 75 double
931 465 83 75 from
1039 465 120 75 behind

127 512 152 75 forward.

487 617 305 75 ILIACUS.

171 693 100 75 This
291 693 25 75 is
338 693 18 75 a
371 693 103 75 broad
490 693 90 75 thick
597 693 130 75 mufcle,
754 693 89 75 lying
859 693 42 75 on
917 693 56 75 the
990 693 105 75 whole
1107 693 48 75 in-

125 739 63 75 fide
204 739 40 75 of
256 739 54 75 the
328 739 35 75 os
380 739 103 75 ilium.

171 785 32 75 It
215 785 26 75 is
258 785 87 75 fixed
363 785 42 75 by
420 785 98 75 flefhy
530 785 94 75 fibres
641 785 36 75 to
689 785 56 75 the
761 785 136 75 internal
915 785 118 75 labium
1050 785 40 75 of
1099 785 58 75 the

124 831 90 75 crifta
230 831 68 75 oflis
314 831 102 75 ilium,
442 831 36 75 to
502 831 70 75 that
596 831 40 75 of
655 831 56 75 the
735 831 84 75 flope
845 831 143 75 between
1010 831 55 75 the
1089 831 66 75 two

125 877 141 75 anterior
282 877 115 75 fpines,
422 877 35 75 to
474 877 56 75 the
545 877 113 75 infides
674 877 42 75 of
738 877 86 75 thefe
841 877 115 75 fpines,
982 877 35 75 to
1034 877 55 75 the
1105 877 50 75 fu-

123 923 106 75 perior
244 923 74 75 half
340 923 41 75 of
398 923 56 75 the
470 923 97 75 infide
583 923 41 75 of
635 923 64 75 this
717 923 93 75 bone,
836 923 63 75 and
915 923 35 75 to
966 923 55 75 the
1043 923 112 75 neigh-

123 970 138 75 bouring
275 970 113 75 lateral
404 970 72 75 part
492 970 40 75 of
543 970 108 75 the-os
667 970 136 75 facrum.

170 1017 59 75 All
245 1017 88 75 thefe
349 1017 108 75 fibres,
475 1017 197 75 contra<5ling
688 1017 44 75 by
748 1017 146 75 degrees,
912 1017 60 75 run
988 1017 169 75 obliquely

124 1063 140 75 towards
282 1063 55 75 the
352 1063 100 75 lower
476 1063 72 75 part
573 1063 41 75 of
628 1063 57 75 the
713 1063 158 75 mufculus
899 1063 104 75 pfoas,
1028 1063 127 75 uniting

124 1109 183 75 therewith,
333 1109 61 75 and
411 1109 94 75 being
519 1109 90 75 fixed
631 1109 45 75 by
701 1109 18 75 a
741 1109 78 75 kind
843 1109 40 75 of
906 1109 197 75 aponeurofis
1119 1109 36 75 to

123 1155 56 75 the
203 1155 120 75 outfide
346 1155 42 75 of
409 1155 41 75 its
478 1155 121 75 tendon
623 1155 43 75 all
688 1155 56 75 the
760 1155 72 75 way
856 1155 35 75 to
915 1155 56 75 the
986 1155 84 75 little
1086 1155 69 75 tro-

125 1201 144 75 chanter.
316 1201 101 75 They
433 1201 95 75 cover
549 1201 55 75 the
627 1201 85 75 head
735 1201 41 75 of
797 1201 56 75 the
870 1201 36 75 os
923 1201 144 75 femoris,
1092 1201 64 75 and

122 1248 87 75 feme
225 1248 41 75 of
277 1248 55 75 the
347 1248 111 75 lowed
473 1248 52 75 are
542 1248 137 75 inferred
694 1248 33 75 in
740 1248 71 75 that
827 1248 82 75 bone
922 1248 19 75 a
952 1248 85 75 little
1053 1248 101 75 above

123 1294 62 75 and
201 1294 119 75 behind
339 1294 56 75 the
411 1294 84 75 little
512 1294 196 75 trochanter,
726 1294 63 75 and
801 1294 107 75 others
922 1294 19 75 a
951 1294 84 75 little
1055 1294 100 75 lower

123 1340 109 75 down.

169 1386 76 75 The
261 1386 112 75 iliacus
392 1386 62 75 and
471 1386 104 75 pfoas,
600 1386 75 75 thus
692 1386 123 75 united,
841 1386 69 75 pafs
927 1386 101 75 under
1044 1386 55 75 the
1115 1386 39 75 li-

123 1433 183 75 gamentum
324 1433 148 75 Fallopii,
499 1433 76 75 over
593 1433 54 75 the
663 1433 84 75 flope
774 1433 38 75 or
840 1433 145 75 channel,
1012 1433 143 75 between

124 1479 57 75 the
204 1479 141 75 anterior
361 1479 132 75 inferior
510 1479 85 75 fpine
611 1479 41 75 of
673 1479 108 75 the-os
799 1479 90 75 ilium
905 1479 61 75 and
983 1479 171 75 eminentia

121 1524 226 75 ilio-pe&inea,
364 1524 32 75 in
409 1524 19 75 a
439 1524 65 75 fort
515 1524 41 75 of
568 1524 209 75 iigamentary
795 1524 125 75 capfula
934 1524 78 75 very
1027 1524 127 75 fmooth

124 1571 62 75 and
202 1571 154 75 polifhed.

430 1674 26 75 P
473 1674 30 75 E
519 1674 32 75 C
568 1674 36 75 T
620 1674 16 75 I
653 1674 34 75 N
706 1674 30 75 E
753 1674 34 75 U
806 1674 37 75 S.

168 1753 103 75 This
294 1753 26 75 is
338 1753 18 75 a
372 1753 102 75 frhall,
500 1753 68 75 flat,
593 1753 62 75 and
679 1753 108 75 pretty
802 1753 77 75 long
898 1753 129 75 mufcle,
1053 1753 101 75 broad

123 1798 34 75 at
172 1798 56 75 the
244 1798 99 75 upper
362 1798 83 75 part,
472 1798 63 75 and
550 1798 126 75 narrow
693 1798 33 75 at
742 1798 55 75 the
812 1798 113 75 lower,
950 1798 133 75 fituated
1094 1798 57 75 ob-

122 1846 121 75 liquely
258 1846 145 75 between
419 1846 56 75 the
492 1846 35 75 Os
544 1846 93 75 pubis
654 1846 63 75 and
732 1846 99 75 upper
847 1846 71 75 part
934 1846 39 75 of
984 1846 56 75 the
1056 1846 36 75 os
1105 1846 46 75 fe-

122 1891 110 75 moris.

170 1937 32 75 It
217 1937 27 75 is
264 1937 85 75 fixed
367 1937 100 75 above
483 1937 44 75 by
543 1937 98 75 flefhy
659 1937 94 75 fibres
770 1937 34 75 to
821 1937 42 75 all
880 1937 55 75 the
955 1937 89 75 fliarp
1061 1937 90 75 ridge

122 1983 38 75 or
177 1983 93 75 crifta
285 1983 41 75 of
337 1983 56 75 the
409 1983 37 75 os
463 1983 104 75 pubis,
593 1983 62 75 and
679 1983 36 75 to
732 1983 18 75 a
765 1983 89 75 fmall
871 1983 71 75 part
958 1983 40 75 of
1020 1983 55 75 the
1092 1983 57 75 ob-

121 2030 77 75 long
222 2030 99 75 notch
349 2030 38 75 or
408 2030 173 75 depreflion
596 2030 42 75 on
653 2030 56 75 the
725 2030 133 75 forefide
885 2030 40 75 of
946 2030 72 75 that
1045 2030 102 75 crifta,

121 2076 34 75 in
175 2076 105 75 which
296 2076 55 75 the
366 2076 101 75 upper
484 2076 175 75 extremity
678 2076 41 75 of
735 2076 64 75 this
816 2076 118 75 mufcle
949 2076 28 75 is
992 2076 132 75 lodged.

169 2122 100 75 From
284 2122 114 75 thence
415 2122 25 75 it
457 2122 74 75 runs
543 2122 95 75 down
655 2122 166 75 obliquely
835 2122 141 75 towards
993 2122 54 75 the
1064 2122 96 75 little'

122 2167 197 75 trochanter,
344 2167 103 75 under
463 2167 62 75 and
541 2167 17 75 a
575 2167 84 75 little
675 2167 119 75 behind
809 2167 118 75 which,
952 2167 25 75 it
994 2167 26 75 is
1036 2167 112 75 inferr-

122 2213 42 75 ed
190 2213 168 75 obliquely
372 2213 44 75 by
432 2213 19 75 a
465 2213 55 75 flat
537 2213 132 75 tendon,
694 2213 144 75 between
863 2213 55 75 the
940 2213 140 75 fuperior
1100 2213 48 75 in-

122 2259 118 75 fertion
256 2259 41 75 of
313 2259 57 75 the
387 2259 102 75 vaftus
513 2259 155 75 internus,
694 2259 63 75 and
780 2259 133 75 inferior
939 2259 152 75 infertion
1112 2259 42 75 of

122 2306 55 75 the
193 2306 118 75 triceps
326 2306 167 75 fecundus,
517 2306 79 75 with
613 2306 107 75 which
734 2306 27 75 it
776 2306 28 75 is
820 2306 123 75 united.

276 2410 301 75 GLUTjEU
596 2410 343 75 smaximu
959 2410 38 75 s.

168 2486 102 75 This
287 2486 27 75 is
331 2486 19 75 a
366 2486 89 75 thick
470 2486 101 75 broad
587 2486 130 75 mufcle,
742 2486 88 75 lying
847 2486 41 75 on
908 2486 56 75 the
980 2486 119 75 outfide
1116 2486 41 75 of

122 2533 55 75 the
194 2533 35 75 os
245 2533 90 75 ilium
351 2533 64 75 and
429 2533 99 75 upper
544 2533 71 75 part
626 2533 41 75 of
678 2533 55 75 the
749 2533 35 75 os
798 2533 144 75 femoris.

169 2579 33 75 It
227 2579 27 75 is
277 2579 89 75 fixed
387 2579 122 75 wholly
531 2579 98 75 flefhy
651 2579 36 75 to
714 2579 44 75 all
781 2579 56 75 the
858 2579 113 75 lateral
998 2579 154 75 pofterior

122 2625 87 75 parts
225 2625 41 75 of
276 2625 55 75 the
347 2625 36 75 os
406 2625 146 75 coccygis
569 2625 61 75 and
649 2625 36 75 os
704 2625 144 75 facrum;
874 2625 35 75 to
925 2625 56 75 the
996 2625 154 75 ligamen-

122 2672 69 75 tum
207 2672 283 75 facro-fciaticum;
517 2672 35 75 to
579 2672 56 75 the
651 2672 121 75 outfide
794 2672 40 75 of
852 2672 56 75 the
924 2672 174 75 tuberofity
1115 2672 41 75 of

123 2718 55 75 the
194 2718 36 75 os
247 2718 111 75 ilium;
385 2718 63 75 and
470 2718 85 75 from
578 2718 115 75 thence
717 2718 35 75 to
772 2718 61 75 the
861 2718 145 75 external
1031 2718 119 75 labium

124 2763 39 75 of
175 2763 55 75 the
247 2763 91 75 crifta
355 2763 40 75 cf
406 2763 69 75 that
487 2763 82 75 bone
582 2763 42 75 all
644 2763 56 75 the
715 2763 74 75 way
808 2763 35 75 to
866 2763 42 75 its
927 2763 124 75 higheft
1066 2763 83 75 part,

124 2809 108 75 where
250 2809 63 75 this
331 2809 117 75 mufcle
463 2809 103 75 mixes
586 2809 91 75 fibres
694 2809 80 75 with
790 2809 55 75 the
861 2809 134 75 glutams
1012 2809 136 75 medius.

170 2854 31 75 It
218 2854 26 75 is
261 2854 139 75 likewife
418 2854 85 75 fixed
520 2854 34 75 to
578 2854 55 75 the
650 2854 95 75 infide
768 2854 40 75 of
819 2854 55 75 the
890 2854 97 75 fafeia
1013 2854 78 75 lata,
1116 2854 54 75 at,

123 2901 56 75 the
203 2901 104 75 places
335 2901 106 75 which
468 2901 118 75 anfwer
613 2901 36 75 to
677 2901 43 75 all
747 2901 57 75 the
831 2901 167 75 infertions
1020 2901 130 75 already

123 2948 194 75 mentioned,
342 2948 58 75 but
420 2948 140 75 through
578 2948 17 75 a
612 2948 94 75 much
723 2948 126 75 greater
864 2948 103 75 fpace,
993 2948 63 75 and
1071 2948 44 75 by
1132 2948 18 75 a

1313 160 38 75 O
1467 160 49 75 M
1632 160 52 75 y.

2062 160 100 75 Part
2188 160 46 75 II.

1202 231 78 75 very
1304 231 90 75 great
1419 231 133 75 number
1577 231 40 75 of
1634 231 96 75 flefhy
1753 231 106 75 fibres,
1885 231 111 75 almoft
2019 231 31 75 in
2076 231 56 75 the
2152 231 83 75 fame

1204 279 128 75 manner
1350 279 33 75 as
1401 279 48 75 we
1465 279 77 75 fliall
1559 279 50 75 fee
1625 279 32 75 in
1673 279 56 75 the
1745 279 145 75 external
1907 279 92 75 plane
2023 279 40 75 of
2082 279 55 75 the
2153 279 83 75 muf-

1204 325 89 75 culus
1310 325 198 75 temporalis.
1556 325 77 75 The
1645 325 94 75 fibres
1751 325 105 75 which
1869 325 62 75 end
1942 325 33 75 in
1987 325 63 75 this
2067 325 98 75 fafeia
2180 325 56 75 be-

1204 370 90 75 come
1310 370 167 75 gradually
1496 370 135 75 ftiorter,
1656 370 34 75 as
1707 370 78 75 they
1802 370 52 75 are
1871 370 134 75 fituated
2020 370 113 75 lower.

1252 417 57 75 All
1326 417 88 75 thefe
1434 417 95 75 fibres
1546 417 142 75 contradt
1703 417 32 75 in
1751 417 134 75 breadth
1904 417 30 75 in
1953 417 19 75 a
1987 417 146 75 radiated
2148 417 87 75 man-

1204 463 57 75 ner
1278 463 33 75 as
1330 463 77 75 they
1422 463 161 75 approach
1603 463 36 75 to
1654 463 56 75 the
1730 463 91 75 great
1837 463 195 75 trochanter,
2058 463 63 75 and
2137 463 99 75 after-

1204 510 104 75 wards
1326 510 85 75 form
1439 510 19 75 a
1480 510 119 75 ftrong,
1625 510 68 75 flat,
1718 510 108 75 pretty
1849 510 101 75 broad
1974 510 132 75 tendon,
2138 510 99 75 about

1205 556 39 75 an
1264 556 74 75 inch
1355 556 32 75 in
1403 556 123 75 length,
1551 556 107 75 which
1673 556 28 75 is
1717 556 139 75 inferred
1872 556 18 75 a
1905 556 128 75 fingers
2051 556 134 75 breadth
2198 556 38 75 or

1204 602 19 75 a
1246 602 85 75 little
1358 602 89 75 more
1474 602 105 75 below
1606 602 56 75 the
1686 602 91 75 great
1800 602 197 75 trochanter,
2022 602 33 75 in
2088 602 42 75 all
2163 602 75 75 that

1206 649 87 75 large
1309 649 212 75 longitudinal
1538 649 174 75 impreffion
1730 649 32 75 at
1779 649 56 75 the
1859 649 96 75 upper
1978 649 71 75 part
2065 649 40 75 of
2124 649 56 75 the
2195 649 39 75 li-

1204 695 59 75 nea
1285 695 107 75 afpera
1417 695 41 75 on
1475 695 55 75 the
1547 695 161 75 back-fide
1731 695 41 75 of
1791 695 55 75 the
1870 695 35 75 os
1923 695 143 75 femoris,
2091 695 143 75 between

1203 742 56 75 the
1274 742 102 75 vaftus
1394 742 153 75 ext^rnus
1566 742 63 75 and
1644 742 115 75 largeft
1770 742 129 75 portion
1914 742 41 75 of
1969 742 56 75 the
2040 742 130 75 triceps.

1386 845 188 75 GLUT
1588 845 46 75 7E
1654 845 74 75 US
1769 845 287 75 MEDIUS.

1250 921 102 75 This
1372 921 27 75 is
1423 921 19 75 a
1458 921 144 75 radiated
1619 921 130 75 mufcle,
1775 921 111 75 almoft
1912 921 33 75 in
1969 921 57 75 the
2049 921 93 75 lhape
2165 921 41 75 of
2216 921 19 75 a

1203 967 112 75 fpread
1330 967 67 75 fan.
1447 967 32 75 It
1495 967 27 75 is
1539 967 108 75 pretty
1668 967 103 75 thick,
1796 967 64 75 and
1882 967 111 75 almoft
2016 967 34 75 as
2072 967 102 75 broad
2200 967 34 75 as

1202 1014 55 75 the
1275 1014 106 75 whole
1397 1014 121 75 outfide
1534 1014 39 75 of
1588 1014 56 75 the
1660 1014 36 75 os
1716 1014 103 75 ilium,
1837 1014 95 75 being
1944 1014 134 75 fituated
2089 1014 158 75 between.

1204 1059 55 75 the
1275 1059 93 75 crifta
1382 1059 41 75 of
1440 1059 71 75 that
1531 1059 83 75 bone
1631 1059 63 75 and
1710 1059 56 75 the
1783 1059 91 75 great
1891 1059 197 75 trochanter,
2107 1059 61 75 and
2180 1059 54 75 co-

1203 1106 98 75 vered
1316 1106 173 75 anteriorly
1506 1106 43 75 by
1561 1106 55 75 the
1633 1106 96 75 fafeia
1740 1106 76 75 lata,
1842 1106 63 75 and
1920 1106 189 75 pofteriorly
2125 1106 42 75 by
2179 1106 55 75 the

1204 1153 133 75 glutseus
1354 1153 173 75 maximus.

1250 1198 31 75 It
1298 1198 27 75 is
1353 1198 90 75 fixed
1470 1198 101 75 above
1596 1198 45 75 by
1667 1198 98 75 flefliy
1792 1198 93 75 fibres
1914 1198 36 75 to
1978 1198 42 75 all
2045 1198 72 75 that
2140 1198 92 75 fpace

1204 1245 41 75 on
1266 1245 56 75 the
1342 1245 120 75 cutfide
1485 1245 39 75 of
1543 1245 56 75 the
1622 1245 35 75 os
1683 1245 102 75 ilium,
1810 1245 106 75 which
1933 1245 57 75 lies
2008 1245 144 75 between
2177 1245 56 75 the

1202 1290 147 75 external
1365 1290 118 75 labium
1500 1290 40 75 of
1559 1290 56 75 the
1631 1290 103 75 crifta,
1760 1290 62 75 and
1848 1290 57 75 the
1931 1290 214 75 femicircular
2171 1290 59 75 im-

1201 1336 131 75 preflion
1348 1336 106 75 which
1471 1336 76 75 goes
1563 1336 145 75 between
1732 1336 55 75 the
1811 1336 142 75 fuperior
1978 1336 140 75 anterior
2133 1336 98 75 fpine,

1203 1383 62 75 and
1283 1383 55 75 the
1355 1383 90 75 great
1463 1383 153 75 pofterior
1631 1383 95 75 finus.

1250 1430 31 75 It
1294 1430 26 75 is
1337 1430 139 75 likewife
1492 1430 89 75 fixed
1595 1430 32 75 in
1644 1430 54 75 the
1715 1430 80 75 edge
1811 1430 41 75 of
1869 1430 70 75 that
1956 1430 153 75 ligament
2127 1430 104 75 which

1202 1477 75 75 goes
1295 1477 143 75 between
1455 1477 57 75 the
1527 1477 101 75 lower
1639 1477 72 75 part
1728 1477 39 75 of
1783 1477 56 75 the
1856 1477 36 75 os
1908 1477 121 75 facrum
2047 1477 63 75 and
2127 1477 35 75 os
2180 1477 50 75 ili-

1201 1522 67 75 um.
1316 1522 124 75 Laftly,
1466 1522 55 75 the
1541 1522 89 75 imffer
1648 1522 71 75 part
1735 1522 40 75 of
1785 1522 39 75 it,
1845 1522 107 75 which
1962 1522 28 75 is
2002 1522 135 75 covered
2154 1522 78 75 only

1201 1568 44 75 by
1260 1568 55 75 the
1332 1568 95 75 fafeia
1443 1568 75 75 lata,
1543 1568 27 75 is
1587 1568 138 75 inferted
1740 1568 33 75 in
1800 1568 55 75 the
1872 1568 97 75 infide
1985 1568 40 75 of
2035 1568 72 75 that
2124 1568 100 75 fafeia

1201 1615 32 75 in
1249 1615 56 75 the
1320 1615 84 75 fame
1421 1615 128 75 manner
1566 1615 33 75 as
1620 1615 55 75 the
1691 1615 134 75 glutasus
1842 1615 175 75 maximus.

1248 1662 97 75 From
1361 1662 114 75 thence
1492 1662 43 75 all
1551 1662 55 75 the
1629 1662 94 75 fibres
1748 1662 141 75 contrail:
1905 1662 32 75 in
1964 1662 148 75 breadth,
2137 1662 91 75 more

1200 1708 38 75 Of
1253 1708 73 75 lefs,
1351 1708 33 75 in
1406 1708 20 75 a
1448 1708 144 75 radiated
1613 1708 142 75 manner,
1780 1708 34 75 as
1837 1708 79 75 they
1942 1708 139 75 advance
2103 1708 127 75 toward

1200 1754 55 75 the
1283 1754 90 75 great
1399 1754 197 75 trochanter,
1633 1754 62 75 and
1722 1754 86 75 form
1835 1754 19 75 a
1880 1754 86 75 fliort
1982 1754 91 75 thick
2095 1754 133 75 tendon,

1200 1799 108 75 which
1324 1799 104 75 mixes
1445 1799 19 75 a
1479 1799 84 75 little
1591 1799 174 75 anteriorly
1787 1799 79 75 with
1889 1799 55 75 the
1968 1799 119 75 tendon
2109 1799 42 75 of
2172 1799 57 75 the

1199 1846 135 75 glutasus
1354 1846 147 75 minimus
1513 1846 11 75 ;
1550 1846 64 75 and
1632 1846 55 75 the
1707 1846 79 75 moft
1802 1846 152 75 pofterior
1968 1846 96 75 fibres
2079 1846 148 75 gradual-

1198 1891 34 75 ly
1246 1891 71 75 join
1332 1891 56 75 the
1407 1891 62 75 fide
1485 1891 40 75 of
1536 1891 56 75 the
1607 1891 120 75 tendon
1743 1891 40 75 of
1795 1891 55 75 the
1866 1891 196 75 pyriformis.

1245 1937 76 75 The
1344 1937 120 75 tendon
1484 1937 27 75 is
1536 1937 138 75 inferted
1696 1937 32 75 in
1752 1937 55 75 the
1835 1937 99 75 upper
1954 1937 125 75 convex
2105 1937 71 75 part
2192 1937 41 75 of

1198 1984 55 75 the
1269 1984 91 75 great
1375 1984 194 75 trochanter,
1593 1984 85 75 from
1690 1984 56 75 the
1760 1984 83 75 apex
1859 1984 42 75 of
1911 1984 55 75 the
1982 1984 87 75 large
2084 1984 143 75 fuperior

1197 2029 145 75 external
1371 2029 104 75 rough
1502 2029 135 75 furface,
1678 2029 43 75 all
1756 2029 57 75 the
1841 2029 72 75 way
1939 2029 36 75 to
2003 2029 56 75 the
2086 2029 140 75 anterior

1197 2076 102 75 rough
1323 2076 134 75 furface,
1483 2076 228 75 encompafling
1726 2076 34 75 in
1776 2076 20 75 a
1809 2076 130 75 manner
1955 2076 45 75 all
2016 2076 70 75 that
2100 2076 75 75 part
2192 2076 40 75 of

1197 2123 54 75 the
1267 2123 197 75 trochanter.

1355 2227 341 75 GLUTEUS
1737 2227 327 75 MINIMUS.

1244 2306 101 75 This
1362 2306 28 75 is
1407 2306 18 75 a
1441 2306 102 75 fmall,
1568 2306 113 75 broad,
1707 2306 143 75 radiated
1873 2306 128 75 mufcle,
2026 2306 135 75 fituated
2183 2306 42 75 on

1198 2352 55 75 the
1269 2352 121 75 outfide
1407 2352 39 75 of
1457 2352 55 75 the
1535 2352 36 75 os
1587 2352 103 75 ilium,
1716 2352 101 75 under
1841 2352 55 75 the
1913 2352 94 75 other
2022 2352 66 75 two
2105 2352 120 75 glutaei.

1246 2398 30 75 It
1291 2398 27 75 is
1335 2398 88 75 fixed
1439 2398 100 75 above
1555 2398 32 75 in
1604 2398 42 75 all
1663 2398 71 75 that
1757 2398 127 75 portion
1909 2398 40 75 of
1966 2398 56 75 the
2050 2398 118 75 outfide
2191 2398 41 75 of

1198 2445 55 75 the
1270 2445 36 75 os
1322 2445 103 75 ilium,
1450 2445 106 75 which
1583 2445 59 75 lies
1667 2445 143 75 between
1835 2445 56 75 the
1907 2445 89 75 great
2012 2445 214 75 femicircular

1197 2490 77 75 line,
1298 2490 63 75 and
1373 2490 138 75 another
1527 2490 90 75 fmall
1633 2490 72 75 one,
1731 2490 19 75 a
1771 2490 84 75 little
1871 2490 100 75 above
1987 2490 65 75 the.
2065 2490 161 75 fupercili-

1196 2536 55 75 um
1275 2536 41 75 of
1337 2536 55 75 the
1418 2536 141 75 cotyloid
1576 2536 107 75 cavity
1706 2536 37 75 or
1770 2536 212 75 acetabulum,
2007 2536 136 75 running
2170 2536 55 75 be-

1198 2582 102 75 tween
1318 2582 55 75 the
1389 2582 141 75 anterior
1545 2582 131 75 inferior
1691 2582 88 75 fpine
1796 2582 62 75 and
1874 2582 54 75 the
1956 2582 91 75 great
2068 2582 156 75 potlerior

1197 2629 93 75 finus.
1338 2629 32 75 It
1386 2629 33 75 is"
1429 2629 139 75 likewife
1584 2629 89 75 fixed
1687 2629 33 75 in
1736 2629 57 75 the
1809 2629 81 75 edge
1913 2629 40 75 of
1976 2629 71 75 that
2071 2629 94 75 finus,
2190 2629 34 75 in

1198 2675 54 75 the
1268 2675 86 75 fpine
1374 2675 40 75 of
1431 2675 55 75 the
1502 2675 146 75 ifehium,
1673 2675 62 75 and
1758 2675 34 75 in
1819 2675 56 75 the
1897 2675 159 75 orbicular
2071 2675 154 75 ligament

1199 2721 39 75 of
1249 2721 55 75 the
1316 2721 85 75 joint
1417 2721 41 75 of
1469 2721 54 75 the
1539 2721 67 75 hip.

1246 2767 96 75 From
1359 2767 114 75 thence
1484 2767 41 75 its
1542 2767 107 75 fibres,
1673 2767 196 75 contrafting
1883 2767 34 75 in
1932 2767 148 75 breadth,
2104 2767 84 75 form
2206 2767 19 75 a

1197 2813 85 75 fliort
1298 2813 131 75 tendon,
1456 2813 41 75 by
1516 2813 107 75 which
1640 2813 55 75 the
1711 2813 116 75 mufcle
1848 2813 25 75 is
1890 2813 137 75 inferted
2042 2813 33 75 in
2095 2813 55 75 the
2168 2813 55 75 an-

1196 2859 100 75 terior
1312 2859 71 75 part
1403 2859 42 75 of
1455 2859 55 75 the
1526 2859 100 75 upper
1641 2859 81 75 edge
1739 2859 40 75 of
1789 2859 55 75 the
1859 2859 90 75 great
1965 2859 198 75 trochanter,
2188 2859 35 75 a-

1195 2906 81 75 bove
1293 2906 55 75 the
1363 2906 91 75 great
1469 2906 145 75 external
1639 2906 126 75 convex
1788 2906 102 75 rough
1913 2906 123 75 furface
2058 2906 34 75 in
2116 2906 107 75 which

1197 2953 53 75 the
1266 2953 134 75 glutaeus
1417 2953 122 75 medius
1554 2953 28 75 is
1599 2953 98 75 fixed.

1946 3000 274 75 TRICEPS
