2428 3377
98 124 101 75 Part
229 124 49 75 II.

653 124 360 75 ANA

97 193 41 75 all
157 193 56 75 the
229 193 92 75 three
337 193 170 75 phalanges
524 193 148 75 together
687 193 10 75 ;
724 193 61 75 and
802 193 140 75 likewife
956 193 79 75 each
1050 193 77 75 pha-

96 240 79 75 lanx
192 240 42 75 by
250 240 98 75 itfelf,
369 240 128 75 though
513 240 58 75 not
583 240 78 75 with
678 240 55 75 the
748 240 84 75 fame
848 240 138 75 facility.

144 286 76 75 The
238 286 115 75 proper
368 286 166 75 extenibrs
550 286 41 75 of
602 286 54 75 the
673 286 71 75 fore
761 286 62 75 and
837 286 86 75 little
940 286 114 75 fingers
1075 286 53 75 are

101 331 150 75 aiTillants
268 331 34 75 to
318 331 67 75 two
400 331 158 75 fubaltern
577 331 133 75 mulcles
732 331 41 75 of
791 331 55 75 the
868 331 148 75 extenfor
1040 331 87 75 com-

99 379 104 75 munis
218 379 71 75 that
306 379 43 75 go
376 379 36 75 to
436 379 88 75 thefe
547 379 128 75 fingers,
700 379 106 75 which
825 379 228 75 confequently
1079 379 50 75 we

99 425 121 75 extend
245 425 177 75 feparately
444 425 78 75 with
549 425 87 75 more
658 425 69 75 cafe
752 425 74 75 than
844 425 102 75 either
962 425 40 75 of
1022 425 54 75 the
1093 425 35 75 o-

100 471 74 75 ther
190 471 78 75 two.
317 471 109 75 Thefe
454 471 132 75 mufcles
614 471 139 75 likewife
776 471 88 75 ferve
892 471 34 75 to
955 471 92 75 bring
1073 471 55 75 the

96 517 129 75 fingers,
250 517 34 75 in
307 517 106 75 which
437 517 79 75 they
537 517 54 75 are
607 517 150 75 inferted,
781 517 76 75 near
881 517 56 75 the
958 517 94 75 other
1068 517 59 75 fin-

97 565 85 75 gers.

143 610 76 75 The
235 610 104 75 flexor
363 610 123 75 pollicis
507 610 119 75 longus
650 610 108 75 ferves-
781 610 115 75 chiefly
913 610 34 75 to
964 610 84 75 bend
1072 610 56 75 the

96 656 89 75 third
201 656 141 75 phalanx
365 656 40 75 of
424 656 56 75 the
497 656 125 75 thumb,
647 656 33 75 in
697 656 104 75 which
828 656 25 75 it
878 656 27 75 is
930 656 137 75 inferted
1084 656 44 75 by

96 703 55 75 the
168 703 175 75 extremity
360 703 39 75 of
415 703 41 75 its
474 703 131 75 tendon.
655 703 32 75 It
712 703 140 75 likewife
874 703 101 75 bends
1003 703 55 75 the
1081 703 46 75 fe-

96 749 83 75 cond
211 749 152 75 phalanx,
400 749 43 75 by
474 749 104 75 virtue
602 749 42 75 of
670 749 56 75 the
758 749 212 75 ligaraentary
997 749 127 75 vagina,

95 795 141 75 through
253 795 105 75 which
374 795 25 75 it
415 795 112 75 paffes,
552 795 33 75 as
603 795 140 75 through
761 795 38 75 an
812 795 131 75 annular
958 795 166 75 ligament.

142 842 76 75 The
235 842 63 75 firfl
314 842 150 75 extenfor
479 842 41 75 of
536 842 55 75 the
608 842 112 75 thumb
736 842 104 75 alone,
862 842 91 75 when
966 842 90 75 there
1073 842 53 75 are

95 888 104 75 three,
224 888 19 75 a
259 888 127 75 portion
414 888 40 75 of
474 888 55 75 the
553 888 77 75 firft,
655 888 93 75 when
769 888 90 75 there
886 888 53 75 are
963 888 58 75 but
1045 888 79 75 two,

95 934 104 75 ferves
215 934 35 75 to
266 934 90 75 draw
378 934 57 75 the
459 934 64 75 firfl:
547 934 141 75 phalanx
715 934 85 75 from
828 934 56 75 the
904 934 86 75 palm
1013 934 40 75 of
1071 934 55 75 the

97 980 97 75 hand,
220 980 37 75 or
273 980 35 75 to
325 980 81 75 keep
427 980 25 75 it
469 980 32 75 at
518 980 19 75 a
552 980 137 75 diflance
706 980 189 75 therefrom.

142 1026 78 75 The
235 1026 117 75 fecond
366 1026 40 75 of
421 1026 86 75 thefe
520 1026 132 75 mufcles
669 1026 92 75 when
785 1026 91 75 there
892 1026 52 75 are
961 1026 102 75 three,
1089 1026 38 75 or

102 1072 56 75 the
181 1072 114 75 fecond
319 1072 126 75 portion
468 1072 40 75 of
526 1072 55 75 the
604 1072 64 75 firfl:
693 1072 91 75 when
799 1072 93 75 there
908 1072 52 75 are
977 1072 58 75 but
1050 1072 80 75 two,

96 1119 104 75 ferves
217 1119 35 75 to
267 1119 121 75 extend
404 1119 55 75 the
475 1119 116 75 fecond
606 1119 142 75 phalanx
763 1119 41 75 on
822 1119 54 75 the
893 1119 76 75 firft.

144 1165 76 75 The
239 1165 89 75 third
351 1165 92 75 when
464 1165 90 75 there
570 1165 54 75 are
640 1165 105 75 three,
769 1165 37 75 or
822 1165 55 75 the
902 1165 116 75 fecond
1034 1165 93 75 when

97 1212 91 75 there
205 1212 53 75 are
275 1212 57 75 but
353 1212 77 75 two,
456 1212 136 75 extends
609 1212 56 75 the
682 1212 87 75 third
791 1212 143 75 phalanx
949 1212 42 75 on
1010 1212 53 75 the
1079 1212 48 75 fe-

98 1257 95 75 cond.

145 1303 110 75 When
272 1303 78 75 they
366 1303 48 75 adf
431 1303 42 75 all
498 1303 162 75 together,
685 1303 79 75 they
780 1303 75 75 aflift
881 1303 78 75 each
974 1303 95 75 other
1084 1303 45 75 by

98 1349 56 75 the
172 1349 175 75 graduated
361 1349 165 75 infertions
543 1349 40 75 of
594 1349 85 75 their
693 1349 89 75 fmall
800 1349 160 75 fubaltern
977 1349 148 75 tendons.

145 1396 76 75 The
237 1396 125 75 thenar,
378 1396 43 75 by
437 1396 41 75 its
496 1396 150 75 infertion
661 1396 32 75 in
710 1396 55 75 the
781 1396 65 75 firft
865 1396 140 75 phalanx
1020 1396 40 75 of
1072 1396 55 75 the

97 1441 128 75 thumb,
248 1441 104 75 ferves
369 1441 35 75 to
419 1441 89 75 draw
524 1441 26 75 it
566 1441 84 75 from
662 1441 54 75 the
729 1441 63 75 firft
809 1441 82 75 bone
907 1441 39 75 of
958 1441 55 75 the
1025 1441 99 75 meta-

98 1489 125 75 carpus,
248 1489 88 75 more
353 1489 38 75 or
406 1489 59 75 lefs
480 1489 147 75 diredtly,
652 1489 33 75 as
702 1489 60 75 one
785 1489 40 75 of
844 1489 41 75 its
903 1489 142 75 portions
1062 1489 65 75 ads

98 1533 88 75 more
202 1533 77 75 than
296 1533 56 75 the
363 1533 106 75 other,
495 1533 36 75 or
543 1533 33 75 as
592 1533 78 75 they
686 1533 79 75 both
781 1533 49 75 ad
842 1533 140 75 equally.

145 1581 53 75 By
213 1581 57 75 the
287 1581 151 75 infertion
467 1581 41 75 of
526 1581 55 75 the
602 1581 89 75 large
715 1581 126 75 portion
865 1581 33 75 in
923 1581 55 75 the
994 1581 79 75 bafis
1091 1581 41 75 of

97 1627 57 75 the
169 1627 116 75 fecond
300 1627 150 75 phalanx,
476 1627 45 75 by
540 1627 55 75 the
611 1627 212 75 intervention
840 1627 40 75 of
902 1627 54 75 the
972 1627 154 75 fefamoid

97 1673 83 75 bone
195 1673 41 75 of
253 1673 55 75 the
324 1673 84 75 fame
424 1673 75 75 fide,
524 1673 26 75 it
573 1673 71 75 may
662 1673 81 75 bend
761 1673 63 75 this
842 1673 139 75 phalanx
998 1673 127 75 lateral-

99 1718 34 75 ly
155 1718 41 75 on
214 1718 56 75 the
286 1718 75 75 firft,
388 1718 61 75 and
468 1718 134 75 thereby
618 1718 92 75 bring
727 1718 54 75 the
798 1718 112 75 thumb
934 1718 35 75 to
986 1718 18 75 a
1019 1718 107 75 great-

98 1764 36 75 er
152 1764 136 75 diftance
306 1764 83 75 from
408 1764 54 75 the
482 1764 111 75 index.

145 1811 76 75 The
236 1811 199 75 mefothenar
450 1811 108 75 moves
575 1811 54 75 the
647 1811 63 75 firft
725 1811 142 75 phalanx
890 1811 41 75 of
941 1811 55 75 the
1011 1811 114 75 thumb

98 1857 140 75 towards
255 1857 192 75 theJioilow
463 1857 41 75 of
517 1857 56 75 the
583 1857 98 75 hand,
706 1857 88 75 more
811 1857 38 75 or
864 1857 59 75 lefs
947 1857 180 75 obliquely,

97 1903 34 75 as
151 1903 27 75 it
206 1903 64 75 ads
293 1903 102 75 either
419 1903 91 75 alone
532 1903 39 75 or
593 1903 80 75 with
690 1903 55 75 the
761 1903 88 75 large
866 1903 126 75 portion
1008 1903 42 75 of
1068 1903 56 75 the

97 1950 125 75 thenar,
247 1950 39 75 or
307 1950 78 75 even
408 1950 80 75 with
512 1950 56 75 the
584 1950 191 75 antithenar.
824 1950 54 75 By
903 1950 41 75 its
971 1950 154 75 infertion

97 1997 32 75 in
145 1997 55 75 the
216 1997 153 75 fefamoid
390 1997 83 75 bone
496 1997 40 75 of
559 1997 55 75 the
631 1997 115 75 fecond
762 1997 153 75 phalanx,
941 1997 25 75 it
982 1997 141 75 likewife

98 2042 107 75 moves
221 2042 71 75 that
307 2042 140 75 phalanx
464 2042 41 75 on
530 2042 55 75 the
613 2042 76 75 firft,
715 2042 62 75 and
804 2042 136 75 thereby
956 2042 92 75 affifts
1066 2042 57 75 the

97 2088 103 75 flexor
215 2088 128 75 longus.

145 2134 76 75 The
244 2134 179 75 antithenar
438 2134 108 75 moves
574 2134 55 75 the
652 2134 62 75 firft
731 2134 142 75 phalanx
888 2134 41 75 of
939 2134 55 75 the
1010 2134 114 75 thumb

97 2180 128 75 toward
252 2180 55 75 the
334 2180 65 75 firft
422 2180 83 75 bone
530 2180 42 75 of
592 2180 55 75 the
675 2180 211 75 metacarpus,
911 2180 63 75 and
989 2180 136 75 thereby

98 2225 113 75 preftes
229 2225 56 75 the
302 2225 113 75 thumb
431 2225 147 75 laterally
593 2225 118 75 againft
722 2225 55 75 the
793 2225 112 75 index.
952 2225 85 75 This
1053 2225 69 75 mo-

96 2271 69 75 tion
181 2271 147 75 becomes
343 2271 89 75 more
448 2271 37 75 or
507 2271 60 75 lefs
584 2271 129 75 oblique
724 2271 43 75 by
784 2271 55 75 the
855 2271 219 75 co-operation
1090 2271 42 75 of

98 2317 55 75 the
169 2317 211 75 mefothenar.

144 2364 76 75 The
235 2364 200 75 hypothenar
450 2364 104 75 minor
568 2364 102 75 ferves
686 2364 37 75 to
739 2364 139 75 feparate
893 2364 56 75 the
965 2364 84 75 little
1065 2364 59 75 fin-

98 2409 57 75 ger
170 2409 85 75 from
270 2409 57 75 the
342 2409 80 75 reft;
449 2409 104 75 which
570 2409 120 75 motion
707 2409 27 75 is
752 2409 181 75 commonly
947 2409 106 75 called
1068 2409 53 75 ab-

99 2456 141 75 duttion.
288 2456 32 75 It
336 2456 138 75 likewife
490 2456 95 75 keeps
614 2456 64 75 this
707 2456 99 75 finger
831 2456 164 75 feparated
1018 2456 32 75 in
1080 2456 43 75 all

98 2502 177 75 fituations,
299 2502 71 75 that
393 2502 40 75 is,
458 2502 32 75 in
507 2502 43 75 all
565 2502 131 75 degrees
712 2502 40 75 of
762 2502 118 75 flexion
895 2502 36 75 or
948 2502 175 75 extenfion.

144 2548 78 75 The
237 2548 157 75 interoflei
415 2548 72 75 may
501 2548 81 75 have
599 2548 64 75 two
680 2548 149 75 different
846 2548 82 75 ufes,
954 2548 170 75 according

98 2594 36 75 to
145 2594 85 75 their
242 2594 149 75 different
407 2594 162 75 infertion,
595 2594 62 75 and
672 2594 55 75 the
743 2594 149 75 different
908 2594 162 75 fituations
1087 2594 42 75 of

99 2640 55 75 the
172 2640 115 75 fingers
304 2640 31 75 in
360 2640 105 75 which
482 2640 78 75 they
576 2640 52 75 are
643 2640 150 75 inferted.

146 2685 37 75 In
200 2685 139 75 general,
357 2685 78 75 they
447 2685 75 75 aflift
539 2685 55 75 the
610 2685 148 75 extenfor
770 2685 196 75 conmmtmis
979 2685 44 75 by
1038 2685 86 75 their

98 2731 165 75 infertions
280 2731 34 75 in
323 2731 55 75 the
393 2731 111 75 lateral
520 2731 110 75 angles
645 2731 40 75 of
696 2731 54 75 the
768 2731 196 75 rhomboidal
982 2731 138 75 fiflures;

99 2777 51 75 for
167 2777 133 75 thereby
316 2777 77 75 they
420 2777 48 75 ad
492 2777 65 75 like
574 2777 113 75 lateral
702 2777 104 75 ropes,
831 2777 119 75 which,
975 2777 148 75 together

98 2823 78 75 with
194 2823 55 75 the
266 2823 135 75 tendons
425 2823 40 75 of
483 2823 55 75 the
554 2823 161 75 extenfor,
745 2823 88 75 ferve
861 2823 35 75 to
922 2823 121 75 extend
1067 2823 55 75 the

99 2869 87 75 third
208 2869 137 75 phalanx
364 2869 39 75 of
413 2869 77 75 each
509 2869 111 75 finger.

145 2916 51 75 By
212 2916 55 75 the
283 2916 83 75 fame
384 2916 108 75 lateral
509 2916 166 75 infertions
687 2916 78 75 they
781 2916 142 75 perform
939 2916 54 75 the
1011 2916 110 75 lateral

99 2962 139 75 motioui
253 2962 39 75 of
306 2962 54 75 the
375 2962 128 75 fingers,
527 2962 70 75 that
613 2962 43 75 is,
677 2962 78 75 they
771 2962 84 75 prefs
873 2962 89 75 them
978 2962 43 75 all
1037 2962 84 75 clofe

1128 124 38 75 T
1282 124 40 75 O
1438 124 50 75 M
1601 124 54 75 Y.

2123 124 85 75 205

1178 195 118 75 againft
1322 195 79 75 each
1428 195 107 75 other,
1560 195 59 75 but
1643 195 43 75 do
1710 195 59 75 not
1791 195 143 75 feparate
1955 195 89 75 them
2067 195 56 75 all,
2149 195 61 75 nor

1177 241 93 75 move
1297 241 79 75 each
1402 241 101 75 finger
1530 241 33 75 in
1589 241 173 75 particular
1790 241 136 75 toward,
1960 241 37 75 or
2018 241 97 75 from,
2154 241 57 75 the

1178 288 126 75 thumb.
1353 288 39 75 In
1409 288 19 75 a
1444 288 128 75 general
1588 288 178 75 feparation
1794 288 40 75 of
1854 288 41 75 all
1920 288 55 75 the
1999 288 128 75 fingers,
2154 288 55 75 the

1179 333 158 75 interoflei
1355 333 91 75 move
1463 333 76 75 only
1555 333 55 75 the
1627 333 120 75 middle
1764 333 62 75 and
1843 333 71 75 ring
1930 333 115 75 fingers
2057 333 9 75 ;
2092 333 57 75 the
2160 333 48 75 in-

1179 380 66 75 dex
1261 380 62 75 and
1345 380 84 75 little
1446 380 99 75 finger
1561 380 96 75 being
1684 380 165 75 feparated
1875 380 45 75 by
1941 380 94 75 other
2061 380 151 75 mufcles.

1180 427 39 75 In
1241 427 56 75 the
1316 427 138 75 motions
1472 427 39 75 of
1530 427 55 75 the
1602 427 116 75 fingers
1735 427 124 75 toward
1877 427 55 75 the
1949 427 126 75 thumb,
2102 427 107 75 which

1180 472 26 75 is
1223 472 124 75 termed
1363 472 183 75 udduttion,
1571 472 78 75 they
1672 472 49 75 ad
1742 472 77 75 only
1835 472 42 75 on
1893 472 92 75 three
2000 472 128 75 fingers,
2154 472 57 75 the

1180 519 132 75 middle,
1338 519 82 75 ring,
1446 519 63 75 and
1532 519 85 75 little
1635 519 129 75 fingers.
1824 519 39 75 In
1888 519 56 75 the
1962 519 150 75 contrary
2139 519 69 75 mo-

1179 565 80 75 tion,
1293 565 38 75 or
1352 565 167 75 abdudion
1544 565 40 75 of
1606 565 55 75 the
1689 565 128 75 fingers,
1848 565 80 75 they
1951 565 92 75 move
2069 565 141 75 likewife

1179 610 102 75 three,
1306 610 70 75 viz.
1403 610 55 75 the
1474 610 111 75 index,
1611 610 132 75 middle,
1769 610 64 75 and
1848 610 71 75 ring
1935 610 130 75 fingers.

1225 658 76 75 The
1317 658 68 75 ufes
1409 658 40 75 of
1460 658 56 75 the
1531 658 159 75 interoffei
1714 658 32 75 in
1774 658 185 75 particular,
1985 658 144 75 whether
2144 658 67 75 ex-

1179 704 100 75 ternal
1299 704 38 75 or
1353 704 148 75 internal,
1526 704 74 75 may
1620 704 40 75 be
1679 704 149 75 different
1846 704 30 75 in
1893 704 150 75 different
2059 704 154 75 fubjeds,

1177 750 171 75 according
1364 750 35 75 to
1415 750 55 75 the
1492 750 125 75 variety
1632 750 40 75 of
1691 750 85 75 their
1799 750 165 75 infertions
1980 750 11 75 ;
2018 750 63 75 and
2096 750 108 75 there-

1177 796 70 75 fore
1269 796 32 75 in
1329 796 99 75 living
1450 796 111 75 bodies
1586 796 134 75 nothing
1748 796 59 75 can
1823 796 40 75 be
1879 796 200 75 determined
2105 796 101 75 about

1178 843 102 75 them.

1225 890 185 75 According
1425 890 34 75 to
1471 890 56 75 the
1542 890 147 75 fituation
1701 890 32 75 in
1746 890 106 75 which
1868 890 79 75 they
1962 890 81 75 have
2058 890 81 75 been
2151 890 57 75 de-

1178 936 134 75 feribed,
1338 936 55 75 the
1421 936 65 75 firft
1515 936 61 75 and
1599 936 116 75 fecond
1730 936 146 75 external
1891 936 160 75 interofiei
2068 936 146 75 perform,

1177 982 187 75 alternately
1380 982 56 75 the
1452 982 169 75 addudion
1634 982 62 75 and
1711 982 169 75 abdudion
1896 982 40 75 of
1948 982 54 75 the
2014 982 119 75 middle
2149 982 60 75 fin-

1176 1028 57 75 ger
1244 1028 10 75 ;
1281 1028 55 75 the
1353 1028 89 75 third
1453 1028 156 75 performs
1626 1028 56 75 the
1693 1028 169 75 abdudion
1879 1028 41 75 of
1931 1028 18 75 t'
1949 1028 36 75 he
1998 1028 208 75 ring-finger;

1179 1074 69 75 that
1266 1074 41 75 is,
1332 1074 109 75 moves
1458 1074 27 75 it
1501 1074 125 75 toward
1643 1074 54 75 the
1712 1074 85 75 little
1813 1074 114 75 finger.

1223 1121 76 75 The
1316 1121 63 75 firft
1402 1121 135 75 internal
1564 1121 183 75 interofleus
1775 1121 107 75 makes
1908 1121 54 75 the
1984 1121 169 75 abdudion
2173 1121 41 75 of

1177 1167 55 75 the
1248 1167 111 75 index,
1385 1167 38 75 or
1439 1167 148 75 movesdt
1603 1167 127 75 toward
1745 1167 54 75 the
1811 1167 121 75 middle
1945 1167 118 75 finger;
2089 1167 55 75 the
2160 1167 48 75 fe-

1179 1213 82 75 cond
1276 1213 110 75 makes
1402 1213 56 75 the
1475 1213 169 75 addudion
1661 1213 41 75 of
1721 1213 56 75 the
1793 1213 199 75 ring-finger,
2016 1213 44 75 by
2076 1213 132 75 moving

1176 1259 25 75 it
1217 1259 138 75 likewife
1371 1259 125 75 toward
1513 1259 55 75 the
1586 1259 119 75 middle
1721 1259 121 75 finger;
1870 1259 63 75 and
1948 1259 56 75 the
2027 1259 88 75 third
2135 1259 72 75 per-

1178 1306 99 75 forms
1294 1306 56 75 the
1370 1306 168 75 addudion
1555 1306 41 75 of
1614 1306 55 75 the
1685 1306 84 75 little
1789 1306 114 75 finger,
1927 1306 38 75 or
1988 1306 111 75 moves
2107 1306 33 75 .it
2156 1306 51 75 to-

1178 1351 88 75 ward
1283 1351 56 75 the
1356 1351 119 75 middle
1492 1351 112 75 finger.

1224 1398 76 75 The
1316 1398 53 75 ufe
1386 1398 39 75 of
1445 1398 56 75 the
1523 1398 279 75 femi-interofleus
1818 1398 113 75 indicis
1948 1398 26 75 is
1992 1398 35 75 to
2042 1398 93 75 move
2150 1398 63 75 the:

1176 1444 63 75 firft
1256 1444 141 75 phalanx
1413 1444 40 75 of
1470 1444 55 75 the
1541 1444 111 75 index,
1676 1444 89 75 more
1781 1444 39 75 or
1834 1444 60 75 lefs
1911 1444 146 75 diredly,
2083 1444 126 75 toward

1176 1492 54 75 the
1247 1492 91 75 great
1356 1492 81 75 edge
1453 1492 40 75 of
1510 1492 54 75 the
1581 1492 211 75 metacarpus,
1816 1492 45 75 by
1879 1492 165 75 removing
2070 1492 26 75 it
2123 1492 85 75 from

1175 1538 55 75 the
1253 1538 120 75 middle
1389 1538 113 75 finger.
1550 1538 85 75 This
1652 1538 123 75 motion
1795 1538 27 75 is
1839 1538 57 75 not
1913 1538 19 75 a
1948 1538 72 75 true
2036 1538 175 75 addudion

1176 1584 40 75 of
1227 1584 55 75 the
1299 1584 98 75 index
1416 1584 126 75 toward
1557 1584 57 75 the
1630 1584 126 75 thumb.

1221 1629 77 75 The
1316 1629 214 75 lumbricales,
1556 1629 43 75 by
1618 1629 56 75 the
1696 1629 96 75 union
1814 1629 41 75 of
1872 1629 85 75 their
1973 1629 136 75 tendons
2126 1629 80 75 with

1176 1674 89 75 thofe
1280 1674 41 75 of
1332 1674 55 75 the
1406 1674 172 75 interoflei,
1604 1674 52 75 are
1676 1674 183 75 coadjutors
1885 1674 34 75 to
1943 1674 87 75 thefe
2059 1674 146 75 mufcles,

1175 1722 58 75 not
1250 1722 76 75 only
1343 1722 32 75 in
1391 1722 56 75 the
1463 1722 112 75 lateral
1593 1722 137 75 motions
1756 1722 39 75 of
1813 1722 56 75 the
1897 1722 74 75 four
1994 1722 129 75 fingers,
2148 1722 59 75 but

1175 1768 66 75 alfo
1257 1768 32 75 in
1305 1768 141 75 bending
1462 1768 63 75 and
1540 1768 177 75 extending
1732 1768 102 75 them.
1883 1768 38 75 In
1940 1768 55 75 the
2011 1768 112 75 lateral
2135 1768 71 75 mo-

1173 1814 97 75 tions,
1288 1814 79 75 they
1382 1814 185 75 co-operate
1585 1814 171 75 according
1767 1814 36 75 to
1815 1814 86 75 their
1917 1814 195 75 fituation-in
2124 1814 81 75 each

1175 1861 139 75 fubjed;
1342 1861 62 75 and
1427 1861 25 75 it
1467 1861 28 75 is
1512 1861 127 75 poffible
1654 1861 72 75 that
1743 1861 55 75 the
1814 1861 126 75 variety
1955 1861 40 75 of
2006 1861 85 75 their
2105 1861 100 75 infer-

1174 1906 84 75 tions
1274 1906 119 75 anfwer
1407 1906 38 75 to
1461 1906 72 75 that
1557 1906 40 75 of
1618 1906 56 75 the
1700 1906 231 75 interoffei,-fo
1951 1906 71 75 that
2045 1906 56 75 the
2122 1906 83 75 reci-

1174 1953 108 75 procal
1298 1953 222 75 co-operation
1540 1953 163 75 continues
1720 1953 62 75 ftill
1799 1953 34 75 to
1849 1953 40 75 be
1904 1953 110 75 equal.

1174 2099 134 75 Sect.
1338 2099 73 75 IX.
1468 2099 80 75 The
1589 2099 214 75 Muscles
1841 2099 133 75 uhich
2004 2099 102 75 move
2139 2099 67 75 the

1375 2153 55 75 Os
1463 2153 159 75 Fetmris
1644 2153 95 75 upon
1768 2153 66 75 the
1857 2153 147 75 Pelvis.

1220 2251 180 75 PSOAS
1410 2251 77 75 Jive
1510 2251 164 75 LUMB
1687 2251 132 75 ARTS
1843 2251 312 75 INTERNUS.

1220 2323 101 75 This
1338 2323 28 75 is
1383 2323 19 75 a
1417 2323 76 75 long
1509 2323 90 75 thick
1620 2323 117 75 mufcJe
1752 2323 135 75 fituated
1913 2323 33 75 in
1975 2323 55 75 the
2047 2323 157 75 abdomen

1176 2369 40 75 on
1233 2369 57 75 the
1306 2369 126 75 lumbar
1448 2369 122 75 region,
1596 2369 216 75 adheringto
1835 2369 55 75 the
1914 2369 154 75 vertebra
2092 2369 41 75 of
2145 2369 58 75 the

1174 2416 95 75 loins,
1293 2416 86 75 from
1395 2416 56 75 the
1470 2416 152 75 pofterior
1645 2416 72 75 part
1732 2416 41 75 of
1782 2416 58 75 the
1866 2416 38 75 os
1916 2416 92 75 ilium
2024 2416 36 75 to
2075 2416 56 75 the
2148 2416 55 75 an-

1173 2461 100 75 terior
1289 2461 71 75 part
1377 2461 76 75 near
1476 2461 55 75 the
1547 2461 104 75 thigh.

1221 2507 32 75 It
1269 2507 26 75 is
1312 2507 88 75 fixed
1417 2507 100 75 above
1533 2507 36 75 to
1585 2507 55 75 the
1663 2507 57 75 laft
1742 2507 131 75 vetebra
1889 2507 41 75 of
1947 2507 57 75 the
2018 2507 96 75 back,
2140 2507 62 75 and

1173 2555 36 75 to
1223 2555 44 75 ail
1284 2555 89 75 thofe
1390 2555 42 75 of
1441 2555 56 75 the
1523 2555 94 75 loins,
1642 2555 72 75 that
1739 2555 42 75 is,
1804 2555 36 75 to
1860 2555 58 75 the
1933 2555 115 75 lateral
2063 2555 87 75 parts
2164 2555 43 75 of

1174 2601 54 75 the
1244 2601 110 75 bodies
1371 2601 41 75 of
1427 2601 88 75 thefe
1532 2601 164 75 vertebra,
1722 2601 63 75 and
1808 2601 36 75 to
1866 2601 56 75 the
1945 2601 89 75 roots
2050 2601 53 75 >pf
2115 2601 87 75 their

1173 2645 172 75 tranfverfe
1361 2645 187 75 apophyfes.
1595 2645 78 75 The
1700 2645 168 75 infertions
1895 2645 33 75 in
1955 2645 56 75 the
2038 2645 110 75 bodies
2165 2645 43 75 of

1173 2692 55 75 the
1243 2692 154 75 vertebra
1415 2692 53 75 are
1484 2692 43 75 by
1544 2692 21 75 a
1576 2692 80 75 kind
1678 2692 41 75 of
1730 2692 201 75 digitations,
1956 2692 63 75 and
2045 2692 55 75 are
2122 2692 83 75 very

1174 2737 83 75 little
1273 2737 181 75 tendinous.

1221 2784 97 75 From
1334 2784 114 75 thence
1465 2784 55 75 the
1537 2784 117 75 mufcle
1670 2784 76 75 runs
1764 2784 95 75 down
1876 2784 148 75 laterally
2047 2784 77 75 over
2144 2784 57 75 the

1174 2830 35 75 os
1227 2830 101 75 ilium,
1354 2830 41 75 on
1412 2830 60 75 one
1487 2830 64 75 fide
1567 2830 41 75 of
1623 2830 55 75 the
1694 2830 74 75 iliac
1792 2830 129 75 mufcle,
1947 2830 61 75 and
2025 2830 99 75 pafles
2141 2830 57 75 un-

1172 2875 58 75 der
1245 2875 55 75 the
1316 2875 207 75 ligamentum
1539 2875 150 75 Fallopti,
1706 2875 144 75 between
1866 2875 55 75 the
1933 2875 142 75 anterior
2088 2875 111 75 inferi-

1173 2921 37 75 or
1225 2921 87 75 fpine
1327 2921 40 75 of
1377 2921 57 75 the
1450 2921 37 75 os
1502 2921 104 75 ilium,
1630 2921 65 75 and
1715 2921 72 75 that
1806 2921 161 75 eminence
1990 2921 106 75 which
2112 2921 88 75 from

1170 2971 43 75 its
1228 2971 151 75 fituatioa
1389 2971 72 75 may
1477 2971 43 75 be
1534 2971 127 75 termed
1674 2971 236 75 iliojetlinea.,.

2077 3016 125 75 Before
