2397 3387
446 169 35 75 B
543 169 39 75 O
644 169 34 75 L

987 169 18 75 (
1062 169 22 75 5
1099 169 9 75 /

63 243 256 75 BOLOGNA,
345 243 18 75 a
379 243 66 75 city
462 243 40 75 of
520 243 100 75 Italy,
645 243 71 75 fifty
741 243 90 75 rmles
850 243 94 75 north
963 243 39 75 of
1022 243 77 75 Flo.

112 289 105 75 rence.
269 289 30 75 It
317 289 25 75 is
361 289 96 75 about
474 289 60 75 five
551 289 91 75 miles
657 289 31 75 in
706 289 261 75 circumference,
992 289 62 75 and
1071 289 26 75 is

111 335 197 75 remarkable
326 335 51 75 for
394 335 40 75 its
457 335 202 75 magnificent
676 335 156 75 churches
857 335 62 75 an$}
943 335 153 75 monaite-

110 381 75 75 ries,
210 381 34 75 as
262 381 72 75 well
348 381 34 75 as
399 381 52 75 for
467 381 41 75 its
525 381 183 75 univerfxty,
734 381 105 75 which
856 381 28 75 is
903 381 61 75 one
982 381 40 75 of
1041 381 56 75 the

110 429 78 75 molt
206 429 212 75 confiderable
442 429 33 75 in
499 429 153 75 Europe;
679 429 44 75 E.
741 429 88 75 long.
856 429 36 75 11
892 411 26 49 0
938 429 69 75 40',
1033 429 63 75 and

112 475 46 75 N.
177 475 57 75 lat.
254 475 45 75 44
299 457 22 49 0
343 475 67 75 30'.

62 520 252 75 BOLOGNE.
366 520 61 75 See
445 520 234 75 Boulogne.

62 567 257 75 BOLONIAN

465 567 26 75 is
509 567 18 75 a
550 567 208 75 fulphureous
783 567 77 75 kind
876 567 40 75 of
935 567 99 75 (lone,
1060 567 33 75 a-

109 613 78 75 bout
210 613 55 75 the
291 613 130 75 bignefs.
439 613 41 75 of
499 613 19 75 a
541 613 131 75 walnut,
697 613 102 75 found
823 613 75 75 near
923 613 168 75 Bologna;

108 659 119 75 which,
253 659 92 75 when
370 659 79 75 duly
474 659 154 75 prepared
652 659 43 75 by
719 659 201 75 calcination,
949 659 108 75 makes
1074 659 20 75 a

109 706 117 75 Ipecies
244 706 40 75 of
303 706 210 75 phofphorus.
564 706 61 75 See
643 706 276 75 Phosphorus.

62 752 275 75 BOLS£NN*A,
362 752 19 75 a
398 752 86 75 town
497 752 40 75 of
556 752 56 75 the
628 752 109 75 pope’s
754 752 177 75 territories
944 752 32 75 in
993 752 99 75 Italy,

108 798 98 75 about
223 798 164 75 forty-five
414 798 93 75 miles
530 798 97 75 north
650 798 41 75 of
710 798 119 75 Rome,
854 798 34 75 at
912 798 56 75 the
988 798 104 75 jiorth

108 845 62 75 end
186 845 39 75 of
245 845 18 75 a
279 845 72 75 lake
367 845 36 75 to
425 845 104 75 which
555 845 26 75 it
602 845 88 75 gives
714 845 91 75 name
816 845 10 75 ;
853 845 45 75 E.
914 845 91 75 long.
1028 845 38 75 13
1066 827 23 49 0

112 892 54 75 45'
166 892 12 75 ,
204 892 120 75 andN.
341 892 58 75 lat.
416 892 40 75 42
467 874 15 49 9
503 892 45 75 40
548 874 9 49 /
557 892 13 75 .

60 939 252 75 BOLSLAW,
339 939 16 75 a
380 939 87 75 town
491 939 41 75 of
547 939 172 75 Bohemia,
744 939 135 75 fituated
903 939 41 75 on
969 939 56 75 the
1049 939 41 75 ri-

108 984 54 75 ver
180 984 123 75 Sizera,
328 984 99 75 about
442 984 104 75 thirty
568 984 91 75 miles
681 984 177 75 north-eaft
881 984 40 75 of
939 984 149 75 Prague;

107 1032 42 75 E.
167 1032 89 75 long.
275 1032 41 75 14
316 1014 23 49 0
358 1032 69 75 45',
453 1032 63 75 and
532 1032 47 75 N.
597 1032 60 75 lat.
677 1032 61 75 50°
760 1032 42 75 24
802 1014 10 49 /
812 1032 14 75 .

59 1078 252 75 BOLSTERS
329 1078 42 75 of
385 1078 21 75 a
422 1078 130 75 fuddle,
578 1078 89 75 thofe
681 1078 84 75 parts
784 1078 39 75 of
842 1078 18 75 a
875 1078 91 75 great
982 1078 109 75 faddle

106 1123 105 75 which
236 1123 53 75 are
305 1123 102 75 raifed
425 1123 82 75 upon
525 1123 55 75 the
599 1123 102 75 bows,
727 1123 78 75 both
822 1123 111 75 before
949 1123 63 75 and
1035 1123 54 75 be-

109 1169 90 75 hind,
217 1169 35 75 to
263 1169 79 75 hold
358 1169 55 75 the
425 1169 113 75 rider’s
551 1169 104 75 thigh,
674 1169 62 75 and
752 1169 80 75 keep
843 1169 67 75 him
926 1169 32 75 in
975 1169 18 75 a
1005 1169 87 75 right

107 1216 135 75 pofture.

59 1262 323 75 BOLSWAERT,
409 1262 18 75 a
442 1262 87 75 town
542 1262 41 75 of
600 1262 93 75 Weft
709 1262 183 75 Friezland,
917 1262 32 75 in
967 1262 54 75 the
1039 1262 50 75 U-

106 1309 89 75 nited
219 1309 184 75 Provinces,
429 1309 97 75 about
552 1309 147 75 eighteen
727 1309 90 75 miles
841 1309 186 75 fouth-weft
1053 1309 40 75 of

105 1355 200 75 Lewarden;
332 1355 44 75 E.
395 1355 89 75 long.
504 1355 16 75 5
520 1337 20 49 0
560 1355 54 75 20'
614 1355 11 75 ,
649 1355 62 75 and
728 1355 48 75 N.
793 1355 57 75 lat.
873 1355 60 75 53°
956 1355 66 75 io'.

57 1402 148 75 BOLT,
229 1402 116 75 among
360 1402 154 75 builders,
540 1402 39 75 an
595 1402 69 75 iron
677 1402 152 75 faftening
845 1402 88 75 fixed
944 1402 35 75 to
991 1402 98 75 doors

105 1447 62 75 and
185 1447 167 75 windows.
400 1447 100 75 They
523 1447 52 75 are
597 1447 160 75 generally
775 1447 221 75 diftinguiftied
1020 1447 69 75 into

107 1493 89 75 three
212 1493 107 75 kinds,
343 1493 68 75 viz.
437 1493 99 75 plate,
563 1493 114 75 round,
703 1493 62 75 and
781 1493 105 75 fpring
903 1493 97 75 bolts.

153 1540 93 75 Bolts
258 1540 32 75 in
306 1540 143 75 gunnery
466 1540 52 75 are
535 1540 40 75 of
585 1540 119 75 feveral
720 1540 103 75 forts;
850 1540 45 75 as,
928 1540 30 75 1.
980 1540 108 75 Tran-

104 1587 66 75 fum
194 1587 97 75 bolts,
317 1587 69 75 that
404 1587 42 75 go
462 1587 145 75 between
631 1587 55 75 the
711 1587 115 75 cheeks
843 1587 38 75 of
901 1587 18 75 a
935 1587 152 75 gun-car-

105 1633 96 75 riage,
227 1633 36 75 to
290 1633 182 75 {Lengthen
500 1633 56 75 the
586 1633 169 75 tranfums.
813 1633 33 75 2.
883 1633 203 75 Prife-boks,

104 1679 54 75 the
174 1679 88 75 large
277 1679 105 75 knobs
398 1679 39 75 of
458 1679 69 75 iron
551 1679 40 75 on
617 1679 56 75 the
698 1679 116 75 cheeks
839 1679 39 75 of
898 1679 18 75 a
933 1679 153 75 carriage,

103 1724 102 75 which
223 1724 80 75 keep
320 1724 55 75 the
391 1724 189 75 hand-fpike
596 1724 86 75 from
698 1724 112 75 Aiding
823 1724 92 75 when
932 1724 26 75 it
975 1724 25 75 is
1018 1724 68 75 poi-

105 1771 74 75 zing
203 1771 42 75 up
273 1771 56 75 the
356 1771 116 75 breech
501 1771 40 75 of
561 1771 18 75 a
603 1771 100 75 piece.
754 1771 33 75 3.
813 1771 273 75 Traverfe-bolts,

104 1818 55 75 the
176 1818 66 75 two
258 1818 84 75 ftiort
359 1818 85 75 bolts
461 1818 70 75 that
548 1818 95 75 being
655 1818 55 75 put
728 1818 60 75 one
800 1818 33 75 in
844 1818 79 75 each
939 1818 62 75 end
1016 1818 41 75 of
1068 1818 19 75 a

102 1864 290 75 mortar-carriage,
420 1864 89 75 ferve
532 1864 36 75 to
592 1864 137 75 traverfe
749 1864 71 75 her.
870 1864 34 75 4.
930 1864 156 75 Bracket-

102 1910 99 75 bolts,
226 1910 55 75 the
299 1910 82 75 bolts
400 1910 69 75 that
490 1910 42 75 go
548 1910 138 75 through
705 1910 54 75 the
776 1910 115 75 cheeks
909 1910 39 75 of
967 1910 18 75 a
1001 1910 85 75 mor-

101 1956 62 75 tar,
190 1956 63 75 and
275 1956 43 75 by
335 1956 55 75 the
405 1956 74 75 help
497 1956 40 75 of
555 1956 114 75 quoins
694 1956 79 75 keep
789 1956 58 75 her
871 1956 85 75 fixed
974 1956 32 75 at
1030 1956 56 75 the

102 2004 92 75 given
219 2004 170 75 elevation.
437 2004 92 75 And,
557 2004 31 75 5.
614 2004 186 75 Bed-bolts,
825 2004 55 75 the
902 2004 73 75 four
1000 2004 85 75 bolts

103 2050 69 75 that
188 2050 99 75 faften
305 2050 55 75 the
376 2050 148 75 brackets
537 2050 40 75 of
596 2050 18 75 a
629 2050 120 75 mortar
762 2050 34 75 to
809 2050 54 75 the
880 2050 75 75 bed.

149 2096 94 75 Bolts
260 2096 31 75 in
310 2096 21 75 a
339 2096 65 75 ftiip
422 2096 52 75 are
490 2096 70 75 iron
578 2096 81 75 pins,
685 2096 39 75 of
745 2096 104 75 which
861 2096 90 75 there
967 2096 52 75 are
1037 2096 58 75 fe-

99 2141 87 75 veral
199 2141 93 75 forts,
311 2141 170 75 according
492 2141 35 75 to
538 2141 84 75 their
634 2141 149 75 different
799 2141 108 75 makes
924 2141 62 75 and
1003 2141 88 75 ufes..

101 2187 88 75 Such
205 2187 54 75 are
270 2187 208 75 drive-bolts,
499 2187 76 75 ufed
592 2187 34 75 to
642 2187 88 75 drive
748 2187 58 75 out
822 2187 123 75 others.
993 2187 90 75 Ray-

101 2234 98 75 bolts,
225 2234 78 75 with
316 2234 74 75 jags
407 2234 37 75 or
468 2234 94 75 barbs
579 2234 49 75 on
637 2234 77 75 each
731 2234 76 75 fide,
833 2234 34 75 to
890 2234 81 75 keep
995 2234 88 75 them

99 2281 84 75 from
201 2281 97 75 flying
315 2281 57 75 out
396 2281 40 75 of
454 2281 84 75 their
560 2281 104 75 holes.
712 2281 240 75 Clench-bolts,
979 2281 104 75 which

99 2327 53 75 are
169 2327 153 75 clenched
339 2327 78 75 with
430 2327 151 75 rivetting
593 2327 172 75 hammers.
807 2327 273 75 Forelock-bolts,

96 2373 105 75 which
218 2373 81 75 have
311 2373 33 75 at
362 2373 54 75 the
433 2373 62 75 end
512 2373 21 75 a
546 2373 195 75 forelock.of
761 2373 69 75 iron
847 2373 115 75 driven
974 2373 44 75 in,
1045 2373 36 75 to

96 2420 81 75 keep
205 2420 88 75 them
317 2420 84 75 from
428 2420 128 75 ftarting
556 2402 8 49 /
581 2420 93 75 back.
725 2420 173 75 Set-bolts,
933 2420 75 75 ufed
1031 2420 51 75 for

97 2465 124 75 forcing
238 2465 55 75 the
311 2465 124 75 planks,
462 2465 61 75 and
540 2465 148 75 bringing
705 2465 88 75 them
813 2465 83 75 clofe
919 2465 161 75 together.

97 2511 90 75 Fend
199 2511 37 75 or
253 2511 226 75 fender-bolts,
497 2511 92 75 made
606 2511 78 75 with
701 2511 76 75 long
793 2511 63 75 and
869 2511 86 75 thick
967 2511 123 75 heads,,

94 2558 65 75 and
174 2558 113 75 ftrucL
296 2558 68 75 into
381 2558 54 75 the
448 2558 164 75 uttermoft
629 2558 98 75 bends
741 2558 40 75 of
791 2558 55 75 the
858 2558 79 75 {hip,
963 2558 34 75 to
1008 2558 72 75 fave

95 2603 58 75 her
170 2603 78 75 fides
262 2603 83 75 from
357 2603 58 75 bru
430 2603 59 75 fes.
526 2603 78 75 And
616 2603 181 75 ring-bolts,
816 2603 73 75 ufed
907 2603 51 75 for
970 2603 107 75 bring-

94 2650 54 75 ing
164 2650 35 75 to
216 2650 39 75 of
276 2650 55 75 the
348 2650 124 75 planks,
498 2650 60 75 and
576 2650 89 75 thofe
685 2650 84 75 parts
782 2650 143 75 whereto
937 2650 54 75 are
1003 2650 74 75 faft-

94 2696 80 75 ened
191 2696 54 75 the
259 2696 152 75 breeches
428 2696 64 75 and
508 2696 120 75 tackles
646 2696 38 75 of
704 2696 55 75 the
771 2696 93 75 guns.

45 2743 111 75 Bolt
176 2743 42 75 of
232 2743 133 75 canvas,
391 2743 32 75 in
441 2743 199 75 commerce,,
656 2743 55 75 the
728 2743 148 75 quantity
886 2743 42 75 of
939 2743 136 75 twenty-

95 2788 90 75 eight
201 2788 74 75 ells.

46 2834 214 75 BoLT-ra/ie.
311 2834 61 75 See
392 2834 118 75 Rope,

45 2881 237 75 BOLTING,
308 2881 18 75 a
338 2881 80 75 term
435 2881 155 75 formerly
604 2881 76 75 ufed
697 2881 31 75 in
749 2881 60 75 our
823 2881 70 75 inns
910 2881 41 75 of
968 2881 114 75 court,,

92 2926 51 75 for
156 2926 55 75 the
228 2926 122 75 private
362 2926 132 75 arguing
511 2926 39 75 of
561 2926 120 75 caufes.
732 2926 52 75 An
797 2926 124 75 ancient
934 2926 61 75 and
1008 2926 66 75 two

91 2973 163 75 barrifters
278 2973 46 75 fat
340 2973 33 75 as
396 2973 137 75 judges;
560 2973 61 75 and
638 2973 90 75 three
747 2973 154 75 ftudents,
927 2973 147 75 bringing

91 3020 77 75 each
185 3020 17 75 a
217 3020 86 75 cafe,
325 3020 61 75 out
399 3020 39 75 of
458 3020 104 75 which
580 3020 54 75 the
656 3020 119 75 judges
795 3020 93 75 chofe
904 3020 61 75 one
981 3020 44 75 to.
1033 3020 42 75 be

1122 164 23 75 9
1205 164 17 75 )

1587 164 244 75 BOM

1196 235 131 75 argued,
1355 235 55 75 the
1434 235 141 75 ftudents
1591 235 64 75 firft
1672 235 101 75 began
1790 235 35 75 to
1841 235 97 75 argue
1954 235 37 75 it,
2017 235 62 75 and
2096 235 87 75 after

1194 285 87 75 them
1300 285 54 75 the
1370 285 177 75 barrifters.
1596 285 31 75 It
1641 285 63 75 was
1717 285 132 75 inferior
1862 285 35 75 to
1909 285 155 75 mooting.
2114 285 63 75 See

1192 330 138 75 Moot.

1144 378 216 75 BOLTON,
1386 378 20 75 a
1422 378 226 75 market-town
1666 378 40 75 of
1725 378 205 75 Lancafltire,
1956 378 97 75 about
2076 378 100 75 twen-

1192 423 143 75 ty-feven
1353 423 90 75 miles
1466 423 176 75 north-eaft
1666 423 40 75 of
1725 423 198 75 Liverpool;
1950 423 60 75 W.
2027 423 90 75 long.
2136 423 19 75 2
2155 405 20 49 0

1193 470 43 75 10
1250 470 9 75 ,
1286 470 62 75 and
1364 470 48 75 N.
1430 470 57 75 lat.
1509 470 41 75 53
1550 452 24 49 0
1597 470 54 75 35'
1651 470 11 75 .

1143 517 173 75 BOLUS,
1342 517 38 75 an
1397 517 287 75 extemporaneous
1709 517 84 75 form
1814 517 40 75 of
1873 517 17 75 a
1906 517 168 75 medicine,
2098 517 77 75 foft,

1189 563 177 75 coherent,,
1380 563 18 75 a
1413 563 85 75 little
1514 563 125 75 thicker
1655 563 78 75 than
1748 563 118 75 honey,
1885 563 62 75 and
1958 563 55 75 the
2025 563 151 75 quantity

1189 610 40 75 of
1247 610 107 75 which
1377 610 27 75 is
1430 610 19 75 a
1471 610 85 75 little
1581 610 114 75 morfel
1721 610 37 75 or
1782 610 185 75 mouthful;
1993 610 53 75 for
2067 610 107 75 which

1190 657 108 75 reafon
1314 657 25 75 it
1356 657 26 75 is
1399 657 42 75 by
1455 657 84 75 fome
1552 657 103 75 called
1672 657 153 75 buccella.

1236 703 180 75 Whatever
1427 703 27 75 is
1471 703 36 75 fit
1523 703 52 75 for
1591 703 135 75 internal
1748 703 65 75 ufe,
1839 703 103 75 either
1958 703 45 75 by
2014 703 97 75 itfelf,
2136 703 39 75 or

1188 749 92 75 when
1297 749 110 75 mixed
1434 749 79 75 with
1534 749 94 75 other
1649 749 189 75 fubftances,
1864 749 155 75 provided
2036 749 25 75 it
2077 749 27 75 is
2121 749 52 75 ca-

1187 796 92 75 pable
1295 796 42 75 of
1358 796 55 75 the
1429 796 101 75 above
1546 796 182 75 mentioned
1747 796 201 75 confiftence,
1973 796 27 75 is
2024 796 18 75 a
2059 796 117 75 proper

1187 843 145 75 material
1343 843 52 75 for
1411 843 55 75 the
1480 843 204 75 compofition
1697 843 42 75 of
1750 843 17 75 a
1783 843 103 75 bolus.
1939 843 87 75 Such
2044 843 52 75 are
2109 843 66 75 foft

1185 890 175 75 fubftances
1373 890 88 75 more
1474 890 36 75 or
1526 890 59 75 lefs
1602 890 102 75 thick,
1730 890 33 75 as
1776 890 177 75 conferves,
1971 890 199 75 electuaries,

1183 936 87 75 robs,
1295 936 104 75 pulps,
1417 936 157 75 extracts;
1600 936 112 75 fyrups
1730 936 62 75 and
1807 936 105 75 liquid
1927 936 189 75 fubftances,
2134 936 34 75 as

1184 983 73 75 oils,
1281 983 119 75 fpirits,
1425 983 147 75 eflences,
1598 983 125 75 elixirs,
1754 983 63 75 fyc.
1867 983 77 75 The
1961 983 75 75 dofe
2059 983 41 75 of
2111 983 58 75 bo-

1184 1029 49 75 lus
1251 1029 73 75 may
1335 1029 41 75 be
1393 1029 162 75 extended
1580 1029 84 75 from
1681 1029 61 75 one
1758 1029 91 75 dram
1871 1029 35 75 to
1924 1029 60 75 one
2000 1029 91 75 dram
2107 1029 64 75 and

1187 1075 16 75 a
1218 1075 81 75 half,
1325 1075 37 75 or
1378 1075 66 75 two
1459 1075 119 75 drams.

1138 1123 201 75 BOLZAS,
1357 1123 18 75 a
1391 1123 65 75 fort
1468 1123 40 75 of
1519 1123 122 75 ticking
1657 1123 106 75 which
1783 1123 105 75 comes
1904 1123 87 75 from
2007 1123 55 75 the
2074 1123 91 75 Eaft-

1187 1169 120 75 Indies.

1137 1216 186 75 BOMAL,
1341 1216 17 75 a
1370 1216 87 75 town
1470 1216 39 75 of
1517 1216 224 75 Luxemburg,
1753 1216 32 75 in
1798 1216 55 75 the
1865 1216 149 75 Auftrian
2026 1216 142 75 Nether-

1183 1261 104 75 lands,
1304 1261 135 75 fituated
1450 1261 41 75 on
1506 1261 57 75 the
1580 1261 83 75 river
1674 1261 100 75 Ourt,
1792 1261 97 75 about
1907 1261 46 75 20
1969 1261 90 75 miles
2075 1261 94 75 fouth

1184 1307 39 75 of
1234 1307 124 75 Liege;
1385 1307 31 75 in
1431 1307 42 75 j°
1490 1307 55 75 30'
1556 1307 42 75 E.
1614 1307 88 75 long,
1720 1307 62 75 and
1801 1307 64 75 50°
1882 1307 55 75 20'
1949 1307 46 75 N.
2013 1307 59 75 lat.

1137 1354 150 75 BOMB,
1313 1354 31 75 in
1369 1354 139 75 military
1533 1354 121 75 affairs,
1680 1354 18 75 a
1722 1354 87 75 large
1836 1354 76 75 fhell
1935 1354 40 75 of
1997 1354 62 75 caft
2084 1354 84 75 iron,

1183 1401 116 75 having
1309 1401 17 75 a
1343 1401 89 75 great
1449 1401 74 75 vent
1537 1401 35 75 to
1589 1401 123 75 receive
1729 1401 55 75 the
1802 1401 99 75 fufee,
1919 1401 105 75 which
2037 1401 27 75 is
2076 1401 94 75 made

1183 1446 40 75 of
1234 1446 106 75 wood.
1389 1446 76 75 The
1478 1446 76 75 fiiell
1571 1446 93 75 being
1680 1446 88 75 filled
1783 1446 78 75 with
1879 1446 207 75 gunpowder,
2113 1446 56 75 the

1182 1493 89 75 fufee
1286 1493 27 75 is
1337 1493 113 75 driven
1478 1493 69 75 into
1575 1493 56 75 the
1648 1493 76 75 vent
1738 1493 38 75 or
1801 1493 161 75 aperture,
1987 1493 113 75 within
2128 1493 45 75 an.

1183 1539 72 75 inch
1277 1539 39 75 of
1329 1539 54 75 the
1399 1539 95 75 head,
1521 1539 62 75 and
1599 1539 140 75 faftened
1751 1539 79 75 with
1847 1539 18 75 a
1881 1539 124 75 cement
2021 1539 92 75 made
2130 1539 41 75 of

1183 1586 200 75 quick-lime,
1401 1586 98 75 afires,
1525 1586 189 75 brick-duft,
1732 1586 63 75 and
1806 1586 209 75 fteel-filings,
2035 1586 131 75 worked

1182 1633 148 75 together
1353 1633 32 75 in
1414 1633 18 75 a
1456 1633 162 75 glutinous
1646 1633 119 75 water;
1794 1633 37 75 or
1857 1633 40 75 of
1917 1633 74 75 four
2015 1633 86 75 parts
2130 1633 41 75 of

1182 1678 101 75 pitch,
1309 1678 65 75 two
1391 1678 40 75 of
1448 1678 194 75 colophony,
1668 1678 59 75 one
1744 1678 40 75 of
1803 1678 193 75 turpentine,
2023 1678 62 75 and
2102 1678 61 75 one

1181 1725 40 75 of
1233 1725 85 75 wax.
1354 1725 86 75 This
1458 1725 76 75 tube
1546 1725 25 75 is
1589 1725 88 75 filled
1693 1725 78 75 with
1784 1725 19 75 a
1814 1725 206 75 combuftibie
2036 1725 130 75 matter,

1181 1771 91 75 made
1285 1771 40 75 of
1335 1771 66 75 two
1418 1771 117 75 ounces
1552 1771 40 75 of
1602 1771 96 75 nitre,
1716 1771 60 75 one
1788 1771 40 75 of
1839 1771 142 75 fulphur,
2000 1771 61 75 and
2075 1771 90 75 three

1181 1817 40 75 of
1243 1817 195 75 gunpowder
1460 1817 82 75 duff,
1568 1817 72 75 well
1658 1817 155 75 rammed.
1860 1817 59 75 To
1941 1817 145 75 preferve
2109 1817 56 75 the

1181 1864 99 75 fufee,
1298 1864 78 75 they
1392 1864 86 75 pilch
1496 1864 26 75 it
1539 1864 88 75 over,
1653 1864 57 75 but
1734 1864 111 75 uncafe
1862 1864 25 75 it
1904 1864 92 75 when
2013 1864 78 75 they
2108 1864 59 75 put

1181 1910 54 75 the
1264 1910 95 75 bomb
1381 1910 68 75 into
1477 1910 55 75 the
1560 1910 132 75 mortar,
1718 1910 63 75 and
1808 1910 96 75 cover
1929 1910 25 75 it
1980 1910 77 75 with
2083 1910 80 75 gun-

1180 1957 106 75 power
1299 1957 93 75 dull;
1415 1957 105 75 which
1536 1957 117 75 having
1670 1957 94 75 taken
1776 1957 57 75 fire
1850 1957 43 75 by
1904 1957 55 75 the
1970 1957 75 75 flafh
2058 1957 40 75 of
2109 1957 55 75 the

1181 2003 130 75 powder
1328 2003 30 75 in
1386 2003 56 75 the
1459 2003 150 75 chamber
1627 2003 39 75 of
1691 2003 54 75 the
1769 2003 134 75 mortar,
1927 2003 97 75 burns
2050 2003 40 75 all
2109 2003 56 75 the

1180 2049 77 75 time
1273 2049 56 75 the
1352 2049 97 75 bomb
1473 2049 26 75 is
1523 2049 32 75 in
1573 2049 55 75 the
1652 2049 46 75 air
1712 2049 10 75 ;
1750 2049 62 75 and
1829 2049 55 75 the
1909 2049 204 75 conipofition
2131 2049 31 75 in

1180 2095 54 75 the
1250 2095 86 75 fufee
1353 2095 95 75 being
1463 2095 102 75 fpent,
1590 2095 25 75 it
1628 2095 72 75 fires
1713 2095 56 75 the
1786 2095 129 75 powder
1934 2095 30 75 in
1984 2095 54 75 t^
2052 2095 109 75 bomb,

1178 2142 104 75 which
1300 2142 101 75 burfts
1419 2142 77 75 with
1509 2142 91 75 great
1616 2142 100 75 force,
1742 2142 140 75 blowing
1900 2142 41 75 up
1958 2142 161 75 whatever
2135 2142 26 75 is

1178 2188 98 75 about
1291 2188 39 75 it.
1378 2188 77 75 The
1471 2188 90 75 great
1577 2188 112 75 height
1705 2188 55 75 the
1777 2188 96 75 bomb
1891 2188 75 75 goes
1983 2188 32 75 in
2033 2188 54 75 the
2100 2188 58 75 air,

1175 2234 61 75 and
1248 2234 55 75 the
1319 2234 88 75 force
1424 2234 78 75 with
1520 2234 104 75 which
1641 2234 26 75 it
1683 2234 85 75 falls,
1794 2234 107 75 makes
1919 2234 25 75 it
1960 2234 42 75 go
2019 2234 81 75 deep
2112 2234 47 75 in-

1178 2281 34 75 to
1228 2281 56 75 the
1300 2281 105 75 earth.

1129 2326 201 75 Bomb-che
1341 2326 59 75 st,
1426 2326 18 75 a
1459 2326 79 75 kind
1549 2326 40 75 of
1600 2326 84 75 cheft
1700 2326 122 75 ufually
1833 2326 88 75 filled
1938 2326 78 75 with
2032 2326 127 75 bombs,

1174 2373 178 75 fometimes
1370 2373 77 75 only
1459 2373 78 75 with
1555 2373 207 75 gunpowder,
1787 2373 113 75 placed
1918 2373 101 75 under
2035 2373 126 75 ground

1176 2419 35 75 to
1239 2419 69 75 tear
1330 2419 26 75 it
1372 2419 60 75 and
1451 2419 86 75 blow
1553 2419 26 75 it
1600 2419 43 75 up
1658 2419 30 75 in
1715 2419 54 75 the
1794 2419 71 75 air,,
1877 2419 79 75 with
1978 2419 89 75 thofe
2085 2419 74 75 who

1175 2466 88 75 ftand
1279 2466 42 75 on
1337 2466 38 75 it.
1423 2466 33 75 It
1470 2466 63 75 was
1550 2466 45 75 fet
1611 2466 116 75 on-fire
1754 2466 43 75 by
1813 2466 108 75 means
1944 2466 41 75 of
1997 2466 18 75 a
2031 2466 126 75 fauciffe

1174 2512 138 75 faftened
1330 2512 32 75 at
1378 2512 61 75 one
1455 2512 75 75 end,
1555 2512 57 75 but
1625 2512 26 75 is
1669 2512 72 75 now
1756 2512 97 75 much
1869 2512 137 75 difufed.

1128 2560 327 75 Bomb-battery.
1507 2560 61 75 See
1586 2560 204 75 Battery.

1125 2605 256 75 BOMBARD,
1407 2605 18 75 a
1441 2605 87 75 piece
1548 2605 40 75 of
1599 2605 158 75 ordnance
1774 2605 164 75 anciently,
1953 2605 32 75 in
2003 2605 65 75 ufe,
2094 2605 59 75 ex-

1172 2651 167 75 ceedingly
1351 2651 84 75 fliort
1448 2651 62 75 and
1526 2651 101 75 thick,
1644 2651 61 75 and
1719 2651 76 75 with
1809 2651 18 75 a
1838 2651 78 75 very
1928 2651 87 75 large
2028 2651 125 75 mouth.

1169 2698 112 75 There
1292 2698 80 75 have
1385 2698 78 75 been
1476 2698 170 75 bombards
1662 2698 102 75 which
1778 2698 81 75 have
1871 2698 125 75 thrown
2011 2698 17 75 a
2039 2698 65 75 ball
2119 2698 39 75 of

1175 2743 65 75 500
1258 2743 107 75 pound
1381 2743 139 75 weight..
1559 2743 97 75 They
1670 2743 94 75 made
1779 2743 54 75 ufe
1850 2743 40 75 of
1901 2743 109 75 cranes
2029 2743 33 75 to
2078 2743 77 75 load

1170 2790 102 75 them.

1216 2836 75 75 The
1308 2836 153 75 bombard
1478 2836 26 75 is
1521 2836 43 75 by
1576 2836 94 75 fame,
1676 2836 104 75 called

1957 2836 62 75 and
2036 2836 43 75 by
2096 2836 56 75 the

1169 2883 127 75 Dutch,
1322 2883 204 75 dondtrbufs.

1121 2932 351 75 BOMBARDIER,,
1487 2932 17 75 a
1529 2932 111 75 perfon
1665 2932 169 75 employed
1859 2932 97 75 about
1981 2932 18 75 a
2016 2932 133 75 mortar.

1168 2976 61 75 His
1254 2976 133 75 bufiriefs
1404 2976 26 75 is
1456 2976 34 75 to
1506 2976 89 75 drive
1612 2976 55 75 the
1690 2976 99 75 fufee,
1815 2976 46 75 fix
1878 2976 56 75 the
1961 2976 88 75 ftitll,
2075 2976 76 75 load

1167 3024 63 75 and
1246 3024 57 75 fire
1319 3024 55 75 the
1392 3024 132 75 mortar.

2029 3080 124 75 BQM-
