2397 3387
548 115 42 75 A
648 115 39 75 X
745 115 20 75 I

1141 115 99 75 (5

235 172 90 75 eight
340 172 154 75 fteckans,
520 172 37 75 or
573 172 123 75 twenty
714 172 115 75 verges
840 172 37 75 or
894 172 151 75 verteels,
1070 172 95 75 equal
1182 172 35 75 to

235 219 56 75 the
315 219 98 75 tierce
441 219 32 75 in
496 219 164 75 England,
687 219 37 75 or
748 219 36 75 to
808 219 61 75 one
891 219 85 75 fixth
999 219 41 75 of
1061 219 19 75 a
1102 219 58 75 tun
1183 219 40 75 of

242 266 136 75 France.

189 313 131 75 AWN,
345 313 32 75 in
394 313 133 75 botany.
570 313 61 75 See
649 313 168 75 Arista.

188 359 223 75 AWNING,
436 359 33 75 in
486 359 55 75 the
569 359 234 75 fea-language,
828 359 27 75 is
872 359 55 75 the
954 359 141 75 hanging
1117 359 18 75 a
1152 359 68 75 fail,

236 404 171 75 tarpaulin,
432 404 38 75 or
497 404 56 75 the
575 404 77 75 like,
678 404 76 75 over
771 404 61 75 any
852 404 73 75 part
947 404 41 75 of
1012 404 55 75 the
1083 404 79 75 fhip,
1187 404 36 75 to

236 450 81 75 keep
334 450 52 75 off
397 450 55 75 the
469 450 68 75 fun,
564 450 79 75 rain,
669 450 38 75 or
723 450 98 75 wind.

190 498 268 75 AX-VETCH.
509 498 61 75 See
589 498 268 75 Skcuridaca.

189 544 272 75 AXBRIDGE,
488 544 18 75 a
518 544 229 75 market-town
764 544 40 75 of
818 544 252 75 Somerfetfhire,
1090 544 134 75 fituated

235 591 98 75 about
350 591 88 75 eight
455 591 91 75 miles
559 591 189 75 north-weft
759 591 41 75 of
810 591 122 75 Wells,
950 591 32 75 in
1003 591 16 75 3
1019 573 21 49 0
1053 591 61 75 W.
1131 591 91 75 long,

238 637 59 75 and
319 637 39 75 51
358 619 22 49 0
397 637 53 75 3c/
467 637 48 75 N.
534 637 58 75 lat.

188 684 147 75 AXEL,
361 684 18 75 a
391 684 89 75 fmall
497 684 143 75 fortified
655 684 88 75 town
759 684 39 75 of
810 684 115 75 Dutch
938 684 167 75 Flanders,
1131 684 94 75 fitua-

236 730 55 75 ted
316 730 98 75 about
436 730 44 75 20
505 730 92 75 miles
621 730 73 75 weft
718 730 38 75 of
779 730 186 75 Antwerpt,
990 730 33 75 in
1049 730 18 75 3
1067 712 23 49 0
1107 730 45 75 qo
1152 712 10 49 7
1179 730 45 75 E.

237 776 90 75 long,
346 776 61 75 and
428 776 38 75 51
466 758 22 49 0
507 776 55 75 id
580 776 47 75 N.
644 776 59 75 lat.

189 823 201 75 AXILLA,
416 823 32 75 in
461 823 161 75 anatomy,
647 823 56 75 the
720 823 144 75 arm-pit,
881 823 39 75 or
936 823 55 75 the
1007 823 107 75 cavity
1126 823 100 75 under

238 869 55 75 the
310 869 99 75 upper
426 869 72 75 part
510 869 39 75 of
560 869 56 75 the
634 869 78 75 arm.

190 915 201 75 AXILLA,
417 915 31 75 in
465 915 132 75 botany,
623 915 56 75 the
692 915 92 75 angle
799 915 126 75 formed
940 915 44 75 by
996 915 18 75 a
1029 915 122 75 branch
1164 915 63 75 and

240 962 55 75 the
311 962 89 75 Item,
418 962 38 75 or
473 962 19 75 a
502 962 70 75 leaf
584 962 61 75 and
663 962 57 75 the
737 962 130 75 branch,

190 1009 144 75 AXIM,
360 1009 19 75 a
389 1009 87 75 town
493 1009 42 75 on
548 1009 56 75 the
620 1009 93 75 Gold
726 1009 97 75 Coaft
839 1009 40 75 of
891 1009 141 75 Guinea,
1050 1009 108 75 where
1171 1009 56 75 the

240 1054 114 75 Dutch
371 1054 81 75 have
462 1054 18 75 a
491 1054 67 75 fort
574 1054 62 75 and
649 1054 136 75 faftory,
803 1054 104 75 called
924 1054 53 75 St.
994 1054 148 75 Anthony
1155 1054 12 75 :
1186 1054 21 75 4
1207 1036 18 49 0

238 1101 63 75 W.
320 1101 89 75 long,
428 1101 62 75 and
511 1101 16 75 5
527 1083 20 49 0
561 1101 48 75 N.
628 1101 58 75 lat.

191 1147 178 75 AXIOM,
394 1147 31 75 in
444 1147 202 75 philofophy,
671 1147 63 75 any
750 1147 97 75 plain,
866 1147 218 75 felf-evident,
1102 1147 62 75 and
1177 1147 49 75 re-

241 1192 108 75 ceived
367 1192 123 75 notion,
509 1192 71 75 that
592 1192 115 75 cannot
722 1192 41 75 be
775 1192 92 75 made
883 1192 90 75 more
989 1192 85 75 plain
1092 1192 61 75 and
1162 1192 65 75 evi-

240 1239 78 75 dent
335 1239 42 75 by
400 1239 259 75 demonftration.
709 1239 32 75 It
752 1239 27 75 is
796 1239 65 75 alfo
885 1239 40 75 an
942 1239 184 75 eftablilhed
1142 1239 86 75 prin-

243 1285 81 75 ciple
341 1285 31 75 in
385 1285 85 75 fome
488 1285 49 75 art
550 1285 36 75 or
604 1285 132 75 fcience.

194 1332 275 75 AXIOPOLIS,
487 1332 18 75 a
516 1332 89 75 town
618 1332 39 75 of
668 1332 165 75 Bulgaria,
850 1332 120 75 fubjeft
982 1332 35 75 to
1030 1332 55 75 the
1100 1332 128 75 Turks.

242 1379 33 75 L
291 1379 105 75 Hands
413 1379 85 75 upon
515 1379 55 75 the
588 1379 83 75 river
687 1379 153 75 Danube.

195 1426 127 75 AXIS,
348 1426 32 75 in
408 1426 179 75 geometry,
612 1426 56 75 the
685 1426 133 75 ftraight
834 1426 64 75 line
922 1426 33 75 in
973 1426 17 75 a
1013 1426 85 75 plain
1115 1426 115 75 figure,

242 1471 97 75 about
356 1471 104 75 which
490 1471 26 75 it
533 1471 155 75 revolves,
715 1471 36 75 to
767 1471 140 75 produce
923 1471 38 75 or
978 1471 149 75 generate
1145 1471 18 75 a
1179 1471 49 75 fo-

243 1518 46 75 lid
301 1518 8 75 :
337 1518 89 75 thus,
451 1518 31 75 if
493 1518 18 75 a
534 1518 189 75 femi-circle
740 1518 40 75 be
800 1518 116 75 moved
933 1518 103 75 round
1051 1518 42 75 its
1110 1518 119 75 diame-

243 1565 48 75 ter
309 1565 34 75 at
359 1565 73 75 reft,
450 1565 25 75 it
491 1565 66 75 will
574 1565 150 75 generate
742 1565 19 75 a
775 1565 124 75 fphere,
917 1565 56 75 the
990 1565 71 75 axis
1073 1565 40 75 of
1125 1565 105 75 which

244 1611 26 75 is
288 1611 70 75 that
375 1611 169 75 diameter.

198 1658 116 75 Axis,
340 1658 32 75 in
390 1658 194 75 aftronomy,
608 1658 27 75 is
652 1658 40 75 an
704 1658 177 75 imaginary
895 1658 91 75 right
1002 1658 64 75 line
1078 1658 154 75 fuppofed

244 1704 35 75 to
297 1704 67 75 pafs
381 1704 141 75 through
539 1704 54 75 the
611 1704 108 75 centre
739 1704 39 75 of
790 1704 54 75 the
867 1704 105 75 earth,
998 1704 63 75 and
1083 1704 55 75 the
1155 1704 75 75 hea-

244 1750 95 75 venly
356 1750 125 75 bodies,
507 1750 98 75 about
621 1750 107 75 which
746 1750 77 75 they
839 1750 142 75 perform
998 1750 85 75 their
1105 1750 125 75 diurnal

247 1796 209 75 revolutions.

201 1843 98 75 Axis
337 1843 32 75 in
387 1843 253 75 conic-fedtions,
665 1843 18 75 a
701 1843 87 75 right
804 1843 64 75 line
884 1843 144 75 dividing
1045 1843 55 75 the
1116 1843 116 75 fedtion

246 1890 68 75 into
341 1890 66 75 two
423 1890 96 75 equal
542 1890 103 75 parts,
670 1890 62 75 and
749 1890 124 75 cutting
901 1890 43 75 all
961 1890 42 75 its
1020 1890 161 75 ordinates
1199 1890 34 75 at

246 1935 88 75 right
346 1935 121 75 angles.
518 1935 62 75 See
597 1935 125 75 Conic
739 1935 207 75 Sections.

198 1982 114 75 Axis,
336 1982 33 75 in
386 1982 192 75 mechanics.
617 1982 76 75 The
711 1982 70 75 axis
805 1982 40 75 of
856 1982 18 75 a
889 1982 132 75 balance
1036 1982 27 75 is
1081 1982 70 75 that
1167 1982 64 75 line

248 2027 96 75 about
372 2027 106 75 which
502 2027 26 75 it
545 2027 122 75 moves,
692 2027 38 75 or
756 2027 108 75 rather
880 2027 89 75 turns
987 2027 110 75 about.
1145 2027 88 75 Axis

247 2076 40 75 of
306 2076 177 75 ofcillation
508 2076 26 75 is
559 2076 18 75 a
592 2076 87 75 right
702 2076 63 75 line
789 2076 131 75 parallel
942 2076 35 75 to
1003 2076 55 75 the
1081 2076 150 75 horizon,

246 2121 118 75 palling
379 2121 141 75 through
547 2121 57 75 the
627 2121 107 75 centre
763 2121 98 75 about
888 2121 108 75 which
1013 2121 18 75 a
1058 2121 175 75 pendulum

246 2166 156 75 vibrates.
453 2166 62 75 See
530 2166 254 75 Mechanics.

203 2215 99 75 Axis
331 2215 35 75 in
377 2215 210 75 peritrochio,
607 2215 60 75 one
684 2215 41 75 of
735 2215 56 75 the
808 2215 61 75 five
886 2215 195 75 mechanical
1098 2215 137 75 potvers,

248 2259 165 75 confifting
429 2259 39 75 of
480 2259 19 75 a
521 2259 230 75 peritrochium
775 2259 37 75 or
827 2259 103 75 wheel
959 2259 182 75 concentric
1158 2259 79 75 with

248 2306 79 75 with
351 2306 56 75 the
429 2306 72 75 bafe
526 2306 40 75 of
586 2306 19 75 a
632 2306 158 75 cylinder,
816 2306 63 75 and
900 2306 164 75 moveable
1089 2306 148 75 together

252 2353 80 75 with
350 2353 26 75 it
392 2353 97 75 about
508 2353 42 75 its
567 2353 83 75 axis.
700 2353 62 75 See
778 2353 258 75 Mechanics.

205 2400 114 75 Axis,
345 2400 32 75 in
394 2400 115 75 optics,
534 2400 26 75 is
578 2400 71 75 that
676 2400 175 75 particular
875 2400 57 75 ray
955 2400 39 75 of
1012 2400 83 75 light
1112 2400 128 75 coming

250 2446 85 75 from
347 2446 60 75 any
424 2446 106 75 objedt
545 2446 106 75 which
666 2446 75 75 falls
757 2446 276 75 perpendicularly
1045 2446 43 75 on
1099 2446 56 75 the
1167 2446 71 75 eye.

257 2493 61 75 See
337 2493 162 75 Optics.

207 2540 115 75 Axis,
348 2540 31 75 in
397 2540 222 75 architedture,
643 2540 94 75 fpiral
750 2540 83 75 axis,
857 2540 28 75 is
902 2540 55 75 the
974 2540 70 75 axis
1056 2540 40 75 of
1108 2540 18 75 a
1142 2540 97 75 twill-

253 2586 40 75 ed
309 2586 127 75 column
453 2586 108 75 drawn
579 2586 141 75 fpirally,
746 2586 33 75 in
804 2586 95 75 order
926 2586 35 75 to
986 2586 87 75 trace
1098 2586 55 75 the
1178 2586 61 75 cir-

256 2629 233 75 cumvolutions
506 2629 151 75 without.

305 2678 84 75 Axis
402 2678 39 75 of
449 2678 55 75 the
519 2678 91 75 Ionic
627 2678 128 75 capital,
781 2678 28 75 is
825 2678 19 75 a
862 2678 64 75 line
942 2678 115 75 palling
1072 2678 169 75 perpendi-

255 2725 122 75 cularly
392 2725 141 75 through
550 2725 56 75 the
624 2725 120 75 middle
768 2725 41 75 of
826 2725 56 75 the
899 2725 58 75 eye
981 2725 40 75 of
1043 2725 56 75 the
1116 2725 123 75 volute.

256 2772 62 75 See
336 2772 332 75 Architecture.

303 2817 85 75 Axis
417 2817 40 75 of
479 2817 19 75 a
520 2817 92 75 veffel
638 2817 26 75 is
693 2817 39 75 an
752 2817 176 75 imaginary
945 2817 86 75 right
1048 2817 62 75 line
1126 2817 116 75 palling

257 2863 139 75 through
413 2863 56 75 the
486 2863 118 75 middle
621 2863 42 75 of
682 2863 26 75 it
733 2863 275 75 perpendicularly
1034 2863 34 75 to
1090 2863 41 75 its
1157 2863 84 75 bafe,

255 2912 62 75 and
340 2912 130 75 equally
486 2912 116 75 diftant
619 2912 86 75 from
720 2912 43 75 its
778 2912 91 75 fides.

1259 117 46 75 ro
1360 117 21 75 )

1754 117 43 75 a
1852 117 35 75 z
1944 117 19 75 1

1271 176 112 75 Axis,
1409 176 33 75 in
1459 176 163 75 anatomy,
1647 176 57 75 the
1719 176 118 75 fecond
1851 176 148 75 vertebra
2023 176 41 75 of
2085 176 56 75 the
2157 176 93 75 neck,
2275 176 33 75 fo

1318 223 102 75 called
1437 223 85 75 from
1545 223 56 75 the
1626 223 110 75 heads
1760 223 131 75 turning
1907 223 42 75 on
1965 223 26 75 it
2007 223 65 75 like
2090 223 38 75 an
2146 223 84 75 axis.

1273 269 113 75 Axis,
1412 269 32 75 in
1468 269 154 75 zoology.
1673 269 62 75 See
1752 269 171 75 Cervus.

1273 316 305 75 AXMINSTER,
1605 316 18 75 a
1639 316 228 75 market-town
1885 316 40 75 of
1949 316 212 75 Devonlhire,
2179 316 132 75 fituated

1323 362 97 75 about
1437 362 43 75 22
1507 362 91 75 miles
1625 362 64 75 call
1712 362 40 75 of
1774 362 138 75 Exeter,
1937 362 31 75 in
1985 362 17 75 3
2002 344 25 49 0
2050 362 51 75 xy'
2130 362 61 75 W.
2221 362 89 75 long,

1325 410 63 75 and
1407 410 65 75 50
1488 410 121 75 40'N.
1627 410 59 75 lat.

1274 455 194 75 AXUMA,
1494 455 19 75 a
1530 455 67 75 city
1613 455 40 75 of
1664 455 155 75 Ethiopia
1834 455 32 75 in
1886 455 131 75 Africa,
2040 455 134 75 fituated
2190 455 32 75 in
2244 455 66 75 38

1322 500 44 75 E.
1384 500 88 75 long,
1499 500 62 75 and
1590 500 129 75 i5'N.
1738 500 56 75 lat.

1276 547 240 75 AXUNGIA,
1542 547 31 75 in
1598 547 18 75 a
1640 547 130 75 general
1794 547 96 75 fenfe,
1923 547 134 75 denotes
2085 547 57 75 old
2168 547 82 75 lard,
2275 547 38 75 or

1323 594 56 75 the
1401 594 95 75 drieft
1513 594 62 75 and
1599 594 127 75 hardell
1746 594 39 75 of
1804 594 60 75 any
1882 594 46 75 fat
1944 594 32 75 in
1993 594 57 75 the
2064 594 112 75 bodies
2192 594 41 75 of
2244 594 67 75 ani-

1323 640 98 75 mals:
1448 640 80 75 But,
1554 640 87 75 more
1658 640 163 75 properly,
1846 640 24 75 it
1887 640 133 75 fignifies
2038 640 75 75 only
2130 640 182 75 hogs-lard.

1276 687 189 75 Axungia
1477 687 97 75 foils,
1600 687 31 75 in
1653 687 123 75 natural
1805 687 132 75 hiftory,
1962 687 55 75 the
2042 687 83 75 fame
2155 687 79 75 with
2257 687 56 75 the

1326 732 133 75 Silefian
1476 732 104 75 earth.

1278 780 188 75 Axungia
1484 780 97 75 vitri,
1609 780 218 75 Sandiver,
1852 780 38 75 or
1908 780 103 75 Salt
2030 780 149 75 ofglafs,
2197 780 19 75 a
2235 780 79 75 kind

1326 824 38 75 of
1375 824 60 75 fait
1451 824 105 75 which
1570 824 156 75 feparates
1744 824 84 75 from
1845 824 56 75 the
1917 824 80 75 glafs
2014 824 96 75 while
2127 824 24 75 it
2169 824 27 75 is
2212 824 31 75 in
2261 824 52 75 fu-

1324 870 76 75 fion.
1450 870 31 75 It
1498 870 27 75 is
1542 870 40 75 of
1605 870 39 75 an
1661 870 209 75 acrimonious
1894 870 62 75 and
1972 870 103 75 biting
2098 870 90 75 tafte.
2236 870 78 75 The

1325 918 130 75 farriers
1480 918 53 75 ufe
1549 918 26 75 it
1591 918 52 75 for
1665 918 155 75 cleanfing
1839 918 56 75 the
1911 918 74 75 eyes
2010 918 44 75 of-
2068 918 121 75 horfes.
2237 918 33 75 It
2287 918 27 75 is

1325 964 65 75 alfo
1406 964 94 75 made
1516 964 53 75 ufe
1586 964 40 75 of
1638 964 51 75 for
1705 964 155 75 cleanfing
1876 964 54 75 the
1948 964 88 75 teeth
2048 964 10 75 ;
2085 964 62 75 and
2169 964 28 75 is
2212 964 101 75 fome-

1326 1010 92 75 times
1446 1010 127 75 applied
1598 1010 35 75 to
1661 1010 136 75 running
1826 1010 116 75 ulcers,
1968 1010 56 75 the
2051 1010 127 75 herpes,
2204 1010 37 75 or
2257 1010 56 75 the

1325 1056 79 75 itch,
1430 1056 44 75 by
1491 1056 72 75 way
1578 1056 41 75 of
1634 1056 200 75 deficcative.

1278 1104 191 75 AXYRIS,
1496 1104 31 75 in
1544 1104 133 75 botany,
1702 1104 18 75 a
1747 1104 99 75 genus
1863 1104 40 75 of
1914 1104 56 75 the
1986 1104 157 75 monoecia
2159 1104 155 75 triandria

1326 1150 92 75 clafs.
1467 1150 77 75 The
1561 1150 86 75 calix
1664 1150 40 75 of
1716 1150 54 75 the
1787 1150 82 75 male
1885 1150 28 75 is
1932 1150 180 75 tripartite;
2150 1150 26 75 it
2198 1150 58 75 has
2273 1150 43 75 no

1327 1196 132 75 corolla.
1523 1196 78 75 The
1629 1196 87 75 calix
1743 1196 41 75 of
1806 1196 55 75 the
1889 1196 116 75 female
2032 1196 126 75 confifts
2186 1196 40 75 of
2248 1196 68 75 two

1326 1242 125 75 leaves;
1479 1242 25 75 it
1521 1242 57 75 has
1595 1242 66 75 two
1679 1242 82 75 ftyli,
1788 1242 63 75 and
1875 1242 61 75 one
1960 1242 86 75 feed.
2095 1242 77 75 The
2196 1242 119 75 fpecies

1326 1287 52 75 are
1397 1287 33 75 4,
1456 1287 81 75 none
1554 1287 40 75 of
1606 1287 88 75 them
1710 1287 122 75 natives
1847 1287 38 75 of
1898 1287 138 75 Britain.

1278 1335 292 75 AYAMONTE,
1597 1335 19 75 a
1631 1335 142 75 fea-port
1789 1335 87 75 town
1894 1335 40 75 of
1945 1335 185 75 Andalufia,
2155 1335 32 75 in
2202 1335 112 75 Spain,

1327 1381 131 75 fituated
1482 1381 76 75 near
1574 1381 56 75 the
1645 1381 113 75 mouth
1774 1381 41 75 of
1837 1381 55 75 the
1909 1381 83 75 river
2008 1381 185 75 Guadiana,
2218 1381 33 75 in
2268 1381 45 75 8

1331 1427 15 75 5
1377 1427 60 75 W.
1456 1427 89 75 long,
1571 1427 62 75 and
1652 1427 41 75 37
1693 1409 24 49 0
1735 1427 47 75 N.
1801 1427 58 75 lat.

1279 1473 198 75 AYENIA,
1503 1473 30 75 in
1552 1473 132 75 botany,
1709 1473 19 75 a
1743 1473 100 75 genus
1859 1473 41 75 of
1910 1473 55 75 the
1981 1473 176 75 gynandria
2181 1473 133 75 pentan-

1327 1518 69 75 dria
1412 1518 92 75 clafs.
1552 1518 76 75 The
1645 1518 86 75 calix
1746 1518 58 75 has
1821 1518 66 75 two
1902 1518 106 75 leaves
2020 1518 10 75 ;
2057 1518 55 75 the
2130 1518 104 75 petals
2262 1518 54 75 are

1328 1564 30 75 in
1372 1564 54 75 the
1440 1564 83 75 form
1536 1564 41 75 of
1588 1564 17 75 a
1618 1564 71 75 ftar,
1704 1564 79 75 with
1796 1564 76 75 long
1886 1564 119 75 ungues
2017 1564 10 75 ;
2047 1564 62 75 and
2123 1564 55 75 the
2191 1564 125 75 capfule

1326 1612 57 75 has
1401 1612 60 75 five
1478 1612 89 75 cells.
1615 1612 112 75 There
1745 1612 53 75 are
1816 1612 90 75 three
1925 1612 132 75 Ipecies,
2083 1612 41 75 all
2140 1612 123 75 natives
2281 1612 42 75 of

1327 1658 55 75 the
1399 1658 60 75 W.
1478 1658 120 75 Indies.

1280 1704 144 75 AYRY,
1457 1704 36 75 or
1521 1704 112 75 Aery
1664 1704 43 75 of
1721 1704 124 75 hahuks,
1882 1704 19 75 a
1928 1704 65 75 neft
2021 1704 37 75 or
2090 1704 158 75 company
2281 1704 41 75 of

1327 1750 123 75 hawks,
1484 1750 34 75 fo
1546 1750 103 75 called
1677 1750 84 75 from
1790 1750 56 75 the
1873 1750 57 75 old
1957 1750 126 75 French
2110 1750 93 75 word
2229 1750 86 75 aire,

1327 1797 106 75 which
1451 1797 139 75 fignified
1606 1797 55 75 the
1678 1797 95 75 fame.

1281 1843 141 75 AZAB,
1446 1843 32 75 in
1499 1843 54 75 the
1571 1843 141 75 Turkifh
1739 1843 127 75 armies,
1892 1843 19 75 a
1929 1843 124 75 diftinft
2079 1843 89 75 body
2195 1843 41 75 of
2254 1843 61 75 fol-

1329 1888 103 75 diery,
1458 1888 75 75 who
1548 1888 56 75 are
1619 1888 91 75 great
1734 1888 95 75 rivals
1851 1888 40 75 of
1902 1888 56 75 the
1976 1888 192 75 Janizaries.

1281 1935 211 75 AZALEA,
1516 1935 33 75 in
1566 1935 131 75 botany,
1723 1935 19 75 a
1757 1935 99 75 genus
1873 1935 40 75 of
1925 1935 56 75 the
1997 1935 187 75 pentandria
2204 1935 113 75 mono-

1329 1981 93 75 gynia
1443 1981 92 75 clafs.
1583 1981 77 75 The
1676 1981 122 75 corolla
1816 1981 27 75 is
1868 1981 218 75 bell-lhaped;
2116 1981 56 75 the
2188 1981 131 75 ftamina

1329 2028 54 75 are
1399 2028 138 75 inferred
1559 2028 69 75 into
1652 2028 55 75 the
1723 2028 179 75 receptacle
1916 2028 10 75 ;
1953 2028 61 75 and
2039 2028 57 75 the
2120 2028 124 75 capfule
2260 2028 57 75 has

1329 2074 60 75 five
1406 2074 90 75 cells.
1546 2074 76 75 The
1637 2074 120 75 fpecies
1774 2074 53 75 are
1844 2074 59 75 fix,
1928 2074 79 75 moft
2023 2074 41 75 of
2083 2074 89 75 them
2196 2074 123 75 natives

1331 2120 39 75 of
1386 2120 163 75 America.

1285 2168 220 75 AZAMOR,
1532 2168 18 75 a
1572 2168 160 75 maritime
1749 2168 67 75 city
1832 2168 40 75 of
1893 2168 126 75 Africa,
2044 2168 32 75 in
2093 2168 55 75 the
2165 2168 153 75 kingdom

1332 2213 39 75 of
1382 2213 172 75 Morocco,
1578 2213 63 75 and
1657 2213 149 75 province
1823 2213 40 75 of
1878 2213 166 75 Duquela,
2070 2213 134 75 fituated
2227 2213 32 75 in
2277 2213 41 75 6

1336 2260 53 75 3c/
1413 2260 61 75 W.
1492 2260 88 75 long,
1607 2260 62 75 and
1688 2260 41 75 32
1729 2242 20 49 0
1768 2260 56 75 50'
1847 2260 47 75 N.
1913 2260 58 75 lat.

1285 2307 276 75 AZAROLUS,
1586 2307 31 75 in
1634 2307 132 75 botany.
1818 2307 61 75 See
1896 2307 244 75 Crataegus.

1286 2352 224 75 AZARUM,
1534 2352 32 75 in
1583 2352 133 75 botany.
1767 2352 61 75 See
1844 2352 181 75 Asarum.

1286 2399 206 75 AZAZEL,
1518 2399 55 75 the
1600 2399 194 75 fcape-goat,
1819 2399 33 75 in
1878 2399 116 75 Jewilh
2021 2399 174 75 antiquity.
2256 2399 64 75 See

1336 2443 261 75 Scape-goat.

1288 2491 144 75 AZED,
1457 2491 33 75 in
1506 2491 55 75 the
1578 2491 133 75 materia
1728 2491 135 75 medica,
1881 2491 19 75 a
1914 2491 79 75 kind
2009 2491 39 75 of
2060 2491 164 75 camphor.
2258 2491 64 75 See

1337 2537 204 75 Camphor.

1288 2582 315 75 AZERADACH,
1629 2582 32 75 in
1676 2582 132 75 botany.
1859 2582 61 75 See
1936 2582 152 75 Melia.

1289 2629 243 75 AZIMUTH,
1557 2629 33 75 in
1608 2629 191 75 aftronomy,
1826 2629 39 75 an
1883 2629 75 75 arch
1971 2629 39 75 of
2022 2629 55 75 the
2095 2629 149 75 horizon,
2270 2629 47 75 in-

1336 2674 163 75 tercepted
1523 2674 144 75 between
1691 2674 54 75 the
1762 2674 156 75 meridian
1932 2674 41 75 of
1986 2674 54 75 the
2055 2674 89 75 place
2170 2674 63 75 and
2263 2674 56 75 the

1337 2721 155 75 azimuth,
1518 2721 36 75 or
1578 2721 132 75 vertical
1735 2721 95 75 circle
1858 2721 115 75 palling
2000 2721 143 75 through
2165 2721 56 75 the
2246 2721 74 75 cen-

1338 2768 48 75 tre
1403 2768 40 75 of
1454 2768 55 75 the
1526 2768 118 75 objeft,
1666 2768 104 75 which
1795 2768 25 75 is
1838 2768 92 75 equal
1947 2768 35 75 to
2004 2768 54 75 the
2087 2768 92 75 angje
2203 2768 40 75 of
2265 2768 57 75 the

1338 2814 121 75 zenith,
1478 2814 125 75 formed
1621 2814 43 75 by
1680 2814 55 75 the
1753 2814 151 75 meridian
1922 2814 62 75 and
2000 2814 131 75 vertical
2148 2814 115 75 circle;
2282 2814 39 75 or

1336 2861 26 75 it
1377 2861 27 75 is
1422 2861 102 75 found
1548 2861 45 75 by
1616 2861 64 75 this
1705 2861 198 75 proportion,
1929 2861 33 75 as
1987 2861 56 75 the
2070 2861 107 75 radius
2204 2861 35 75 to
2266 2861 60 75 the

1338 2909 130 75 tangent
1485 2909 39 75 of
1535 2909 55 75 the
1607 2909 134 75 latitude
1758 2909 41 75 of
1818 2909 55 75 the
1901 2909 103 75 place,
2027 2909 33 75 fo
2075 2909 28 75 is
2120 2909 54 75 the
2191 2909 132 75 tangent
