<?xml version="1.0" encoding="UTF-8"?>
<alto xmlns="http://www.loc.gov/standards/alto/v3/alto.xsd"><Description><MeasurementUnit>pixel</MeasurementUnit><sourceImageInformation><fileName>./data/pdfs/c_188936619/i_144133901/188082693.23.pdf</fileName></sourceImageInformation><OCRProcessing ID="IdOcr"><ocrProcessingStep><processingDateTime>Fri Jul 12 10:36:14 2019
</processingDateTime><processingSoftware><softwareCreator>CONTRIBUTORS</softwareCreator><softwareName>pdfalto</softwareName><softwareVersion>0.1</softwareVersion></processingSoftware></ocrProcessingStep></OCRProcessing></Description><Styles><TextStyle ID="font0" FONTFAMILY="times" FONTSIZE="10.000" FONTTYPE="serif" FONTWIDTH="proportional" FONTCOLOR="#WWWWWW" FONTSTYLE=""/></Styles><Layout><Page ID="Page39" PHYSICAL_IMG_NR="39" WIDTH="2466" HEIGHT="3327"><PrintSpace><TextLine WIDTH="244" HEIGHT="75" ID="p39_t1" HPOS="527" VPOS="120"><String ID="p39_w1" CONTENT="ADA" HPOS="527" VPOS="120" WIDTH="244" HEIGHT="75" STYLEREFS="font0"/></TextLine><TextLine WIDTH="89" HEIGHT="75" ID="p39_t2" HPOS="1115" VPOS="120"><String ID="p39_w2" CONTENT="(" HPOS="1115" VPOS="120" WIDTH="19" HEIGHT="75" STYLEREFS="font0"/><SP WIDTH="60" VPOS="120" HPOS="1134"/><String ID="p39_w3" CONTENT="'" HPOS="1194" VPOS="120" WIDTH="10" HEIGHT="75" STYLEREFS="font0"/></TextLine><TextLine WIDTH="1034" HEIGHT="75" ID="p39_t3" HPOS="164" VPOS="186"><String ID="p39_w4" CONTENT="ACULEATUS," HPOS="164" VPOS="186" WIDTH="310" HEIGHT="75" STYLEREFS="font0"/><SP WIDTH="26" VPOS="186" HPOS="474"/><String ID="p39_w5" CONTENT="in" HPOS="500" VPOS="186" WIDTH="31" HEIGHT="75" STYLEREFS="font0"/><SP WIDTH="17" VPOS="186" HPOS="531"/><String ID="p39_w6" CONTENT="ichthyology," HPOS="548" VPOS="186" WIDTH="222" HEIGHT="75" STYLEREFS="font0"/><SP WIDTH="26" VPOS="186" HPOS="770"/><String ID="p39_w7" CONTENT="a" HPOS="796" VPOS="186" WIDTH="19" HEIGHT="75" STYLEREFS="font0"/><SP WIDTH="16" VPOS="186" HPOS="815"/><String ID="p39_w8" CONTENT="fynonime" HPOS="831" VPOS="186" WIDTH="162" HEIGHT="75" STYLEREFS="font0"/><SP WIDTH="15" VPOS="186" HPOS="993"/><String ID="p39_w9" CONTENT="of" HPOS="1008" VPOS="186" WIDTH="42" HEIGHT="75" STYLEREFS="font0"/><SP WIDTH="25" VPOS="186" HPOS="1050"/><String ID="p39_w10" CONTENT="the" HPOS="1075" VPOS="186" WIDTH="55" HEIGHT="75" STYLEREFS="font0"/><SP WIDTH="13" VPOS="186" HPOS="1130"/><String ID="p39_w11" CONTENT="ga-" HPOS="1143" VPOS="186" WIDTH="55" HEIGHT="75" STYLEREFS="font0"/></TextLine><TextLine WIDTH="912" HEIGHT="75" ID="p39_t4" HPOS="207" VPOS="232"><String ID="p39_w12" CONTENT="fterofteus" HPOS="207" VPOS="232" WIDTH="163" HEIGHT="75" STYLEREFS="font0"/><SP WIDTH="17" VPOS="232" HPOS="370"/><String ID="p39_w13" CONTENT="or" HPOS="387" VPOS="232" WIDTH="38" HEIGHT="75" STYLEREFS="font0"/><SP WIDTH="14" VPOS="232" HPOS="425"/><String ID="p39_w14" CONTENT="ftickle-back." HPOS="439" VPOS="232" WIDTH="220" HEIGHT="75" STYLEREFS="font0"/><SP WIDTH="52" VPOS="232" HPOS="659"/><String ID="p39_w15" CONTENT="See" HPOS="711" VPOS="232" WIDTH="62" HEIGHT="75" STYLEREFS="font0"/><SP WIDTH="16" VPOS="232" HPOS="773"/><String ID="p39_w16" CONTENT="Gasterosteus." HPOS="789" VPOS="232" WIDTH="330" HEIGHT="75" STYLEREFS="font0"/></TextLine><TextLine WIDTH="890" HEIGHT="75" ID="p39_t5" HPOS="159" VPOS="279"><String ID="p39_w17" CONTENT="ACULEI," HPOS="159" VPOS="279" WIDTH="200" HEIGHT="75" STYLEREFS="font0"/><SP WIDTH="27" VPOS="279" HPOS="359"/><String ID="p39_w18" CONTENT="the" HPOS="386" VPOS="279" WIDTH="54" HEIGHT="75" STYLEREFS="font0"/><SP WIDTH="16" VPOS="279" HPOS="440"/><String ID="p39_w19" CONTENT="prickles" HPOS="456" VPOS="279" WIDTH="138" HEIGHT="75" STYLEREFS="font0"/><SP WIDTH="16" VPOS="279" HPOS="594"/><String ID="p39_w20" CONTENT="of" HPOS="610" VPOS="279" WIDTH="42" HEIGHT="75" STYLEREFS="font0"/><SP WIDTH="18" VPOS="279" HPOS="652"/><String ID="p39_w21" CONTENT="animals" HPOS="670" VPOS="279" WIDTH="132" HEIGHT="75" STYLEREFS="font0"/><SP WIDTH="18" VPOS="279" HPOS="802"/><String ID="p39_w22" CONTENT="or" HPOS="820" VPOS="279" WIDTH="38" HEIGHT="75" STYLEREFS="font0"/><SP WIDTH="15" VPOS="279" HPOS="858"/><String ID="p39_w23" CONTENT="of" HPOS="873" VPOS="279" WIDTH="41" HEIGHT="75" STYLEREFS="font0"/><SP WIDTH="18" VPOS="279" HPOS="914"/><String ID="p39_w24" CONTENT="plants." HPOS="932" VPOS="279" WIDTH="117" HEIGHT="75" STYLEREFS="font0"/></TextLine><TextLine WIDTH="1036" HEIGHT="75" ID="p39_t6" HPOS="159" VPOS="325"><String ID="p39_w25" CONTENT="ACULEOSA," HPOS="159" VPOS="325" WIDTH="275" HEIGHT="75" STYLEREFS="font0"/><SP WIDTH="26" VPOS="325" HPOS="434"/><String ID="p39_w26" CONTENT="in" HPOS="460" VPOS="325" WIDTH="32" HEIGHT="75" STYLEREFS="font0"/><SP WIDTH="25" VPOS="325" HPOS="492"/><String ID="p39_w27" CONTENT="botany," HPOS="517" VPOS="325" WIDTH="133" HEIGHT="75" STYLEREFS="font0"/><SP WIDTH="33" VPOS="325" HPOS="650"/><String ID="p39_w28" CONTENT="a" HPOS="683" VPOS="325" WIDTH="18" HEIGHT="75" STYLEREFS="font0"/><SP WIDTH="23" VPOS="325" HPOS="701"/><String ID="p39_w29" CONTENT="fynonime" HPOS="724" VPOS="325" WIDTH="163" HEIGHT="75" STYLEREFS="font0"/><SP WIDTH="25" VPOS="325" HPOS="887"/><String ID="p39_w30" CONTENT="of" HPOS="912" VPOS="325" WIDTH="41" HEIGHT="75" STYLEREFS="font0"/><SP WIDTH="18" VPOS="325" HPOS="953"/><String ID="p39_w31" CONTENT="the" HPOS="971" VPOS="325" WIDTH="54" HEIGHT="75" STYLEREFS="font0"/><SP WIDTH="28" VPOS="325" HPOS="1025"/><String ID="p39_w32" CONTENT="gorteria" HPOS="1053" VPOS="325" WIDTH="142" HEIGHT="75" STYLEREFS="font0"/></TextLine><TextLine WIDTH="982" HEIGHT="75" ID="p39_t7" HPOS="211" VPOS="371"><String ID="p39_w33" CONTENT="ciliaris" HPOS="211" VPOS="371" WIDTH="115" HEIGHT="75" STYLEREFS="font0"/><SP WIDTH="17" VPOS="371" HPOS="326"/><String ID="p39_w34" CONTENT="and" HPOS="343" VPOS="371" WIDTH="63" HEIGHT="75" STYLEREFS="font0"/><SP WIDTH="16" VPOS="371" HPOS="406"/><String ID="p39_w35" CONTENT="the" HPOS="422" VPOS="371" WIDTH="55" HEIGHT="75" STYLEREFS="font0"/><SP WIDTH="16" VPOS="371" HPOS="477"/><String ID="p39_w36" CONTENT="roella" HPOS="493" VPOS="371" WIDTH="100" HEIGHT="75" STYLEREFS="font0"/><SP WIDTH="16" VPOS="371" HPOS="593"/><String ID="p39_w37" CONTENT="ciliata." HPOS="609" VPOS="371" WIDTH="119" HEIGHT="75" STYLEREFS="font0"/><SP WIDTH="48" VPOS="371" HPOS="728"/><String ID="p39_w38" CONTENT="See" HPOS="776" VPOS="371" WIDTH="64" HEIGHT="75" STYLEREFS="font0"/><SP WIDTH="18" VPOS="371" HPOS="840"/><String ID="p39_w39" CONTENT="Gorteria," HPOS="858" VPOS="371" WIDTH="231" HEIGHT="75" STYLEREFS="font0"/><SP WIDTH="28" VPOS="371" HPOS="1089"/><String ID="p39_w40" CONTENT="Ro-" HPOS="1117" VPOS="371" WIDTH="76" HEIGHT="75" STYLEREFS="font0"/></TextLine><TextLine WIDTH="111" HEIGHT="75" ID="p39_t8" HPOS="209" VPOS="416"><String ID="p39_w41" CONTENT="ELLA." HPOS="209" VPOS="416" WIDTH="111" HEIGHT="75" STYLEREFS="font0"/></TextLine><TextLine WIDTH="1037" HEIGHT="75" ID="p39_t9" HPOS="156" VPOS="463"><String ID="p39_w42" CONTENT="ACULE" HPOS="156" VPOS="463" WIDTH="167" HEIGHT="75" STYLEREFS="font0"/><SP WIDTH="9" VPOS="463" HPOS="323"/><String ID="p39_w43" CONTENT="R," HPOS="332" VPOS="463" WIDTH="44" HEIGHT="75" STYLEREFS="font0"/><SP WIDTH="26" VPOS="463" HPOS="376"/><String ID="p39_w44" CONTENT="in" HPOS="402" VPOS="463" WIDTH="33" HEIGHT="75" STYLEREFS="font0"/><SP WIDTH="16" VPOS="463" HPOS="435"/><String ID="p39_w45" CONTENT="the" HPOS="451" VPOS="463" WIDTH="55" HEIGHT="75" STYLEREFS="font0"/><SP WIDTH="17" VPOS="463" HPOS="506"/><String ID="p39_w46" CONTENT="menage," HPOS="523" VPOS="463" WIDTH="145" HEIGHT="75" STYLEREFS="font0"/><SP WIDTH="24" VPOS="463" HPOS="668"/><String ID="p39_w47" CONTENT="is" HPOS="692" VPOS="463" WIDTH="27" HEIGHT="75" STYLEREFS="font0"/><SP WIDTH="17" VPOS="463" HPOS="719"/><String ID="p39_w48" CONTENT="ufed" HPOS="736" VPOS="463" WIDTH="76" HEIGHT="75" STYLEREFS="font0"/><SP WIDTH="17" VPOS="463" HPOS="812"/><String ID="p39_w49" CONTENT="for" HPOS="829" VPOS="463" WIDTH="51" HEIGHT="75" STYLEREFS="font0"/><SP WIDTH="21" VPOS="463" HPOS="880"/><String ID="p39_w50" CONTENT="the" HPOS="901" VPOS="463" WIDTH="56" HEIGHT="75" STYLEREFS="font0"/><SP WIDTH="20" VPOS="463" HPOS="957"/><String ID="p39_w51" CONTENT="motion" HPOS="977" VPOS="463" WIDTH="121" HEIGHT="75" STYLEREFS="font0"/><SP WIDTH="17" VPOS="463" HPOS="1098"/><String ID="p39_w52" CONTENT="of" HPOS="1115" VPOS="463" WIDTH="40" HEIGHT="75" STYLEREFS="font0"/><SP WIDTH="18" VPOS="463" HPOS="1155"/><String ID="p39_w53" CONTENT="a" HPOS="1173" VPOS="463" WIDTH="20" HEIGHT="75" STYLEREFS="font0"/></TextLine><TextLine WIDTH="985" HEIGHT="75" ID="p39_t10" HPOS="205" VPOS="509"><String ID="p39_w54" CONTENT="horfe," HPOS="205" VPOS="509" WIDTH="106" HEIGHT="75" STYLEREFS="font0"/><SP WIDTH="25" VPOS="509" HPOS="311"/><String ID="p39_w55" CONTENT="when," HPOS="336" VPOS="509" WIDTH="106" HEIGHT="75" STYLEREFS="font0"/><SP WIDTH="26" VPOS="509" HPOS="442"/><String ID="p39_w56" CONTENT="in" HPOS="468" VPOS="509" WIDTH="32" HEIGHT="75" STYLEREFS="font0"/><SP WIDTH="17" VPOS="509" HPOS="500"/><String ID="p39_w57" CONTENT="working" HPOS="517" VPOS="509" WIDTH="145" HEIGHT="75" STYLEREFS="font0"/><SP WIDTH="16" VPOS="509" HPOS="662"/><String ID="p39_w58" CONTENT="upon" HPOS="678" VPOS="509" WIDTH="85" HEIGHT="75" STYLEREFS="font0"/><SP WIDTH="21" VPOS="509" HPOS="763"/><String ID="p39_w59" CONTENT="volts," HPOS="784" VPOS="509" WIDTH="98" HEIGHT="75" STYLEREFS="font0"/><SP WIDTH="24" VPOS="509" HPOS="882"/><String ID="p39_w60" CONTENT="he" HPOS="906" VPOS="509" WIDTH="41" HEIGHT="75" STYLEREFS="font0"/><SP WIDTH="25" VPOS="509" HPOS="947"/><String ID="p39_w61" CONTENT="does" HPOS="972" VPOS="509" WIDTH="77" HEIGHT="75" STYLEREFS="font0"/><SP WIDTH="26" VPOS="509" HPOS="1049"/><String ID="p39_w62" CONTENT="not" HPOS="1075" VPOS="509" WIDTH="57" HEIGHT="75" STYLEREFS="font0"/><SP WIDTH="16" VPOS="509" HPOS="1132"/><String ID="p39_w63" CONTENT="go" HPOS="1148" VPOS="509" WIDTH="42" HEIGHT="75" STYLEREFS="font0"/></TextLine><TextLine WIDTH="985" HEIGHT="75" ID="p39_t11" HPOS="205" VPOS="554"><String ID="p39_w64" CONTENT="far" HPOS="205" VPOS="554" WIDTH="50" HEIGHT="75" STYLEREFS="font0"/><SP WIDTH="17" VPOS="554" HPOS="255"/><String ID="p39_w65" CONTENT="enough" HPOS="272" VPOS="554" WIDTH="127" HEIGHT="75" STYLEREFS="font0"/><SP WIDTH="24" VPOS="554" HPOS="399"/><String ID="p39_w66" CONTENT="forward" HPOS="423" VPOS="554" WIDTH="142" HEIGHT="75" STYLEREFS="font0"/><SP WIDTH="23" VPOS="554" HPOS="565"/><String ID="p39_w67" CONTENT="at" HPOS="588" VPOS="554" WIDTH="33" HEIGHT="75" STYLEREFS="font0"/><SP WIDTH="24" VPOS="554" HPOS="621"/><String ID="p39_w68" CONTENT="every" HPOS="645" VPOS="554" WIDTH="97" HEIGHT="75" STYLEREFS="font0"/><SP WIDTH="16" VPOS="554" HPOS="742"/><String ID="p39_w69" CONTENT="time" HPOS="758" VPOS="554" WIDTH="77" HEIGHT="75" STYLEREFS="font0"/><SP WIDTH="20" VPOS="554" HPOS="835"/><String ID="p39_w70" CONTENT="or" HPOS="855" VPOS="554" WIDTH="38" HEIGHT="75" STYLEREFS="font0"/><SP WIDTH="17" VPOS="554" HPOS="893"/><String ID="p39_w71" CONTENT="motion," HPOS="910" VPOS="554" WIDTH="134" HEIGHT="75" STYLEREFS="font0"/><SP WIDTH="25" VPOS="554" HPOS="1044"/><String ID="p39_w72" CONTENT="fo" HPOS="1069" VPOS="554" WIDTH="33" HEIGHT="75" STYLEREFS="font0"/><SP WIDTH="18" VPOS="554" HPOS="1102"/><String ID="p39_w73" CONTENT="that" HPOS="1120" VPOS="554" WIDTH="70" HEIGHT="75" STYLEREFS="font0"/></TextLine><TextLine WIDTH="988" HEIGHT="75" ID="p39_t12" HPOS="203" VPOS="600"><String ID="p39_w74" CONTENT="his" HPOS="203" VPOS="600" WIDTH="49" HEIGHT="75" STYLEREFS="font0"/><SP WIDTH="17" VPOS="600" HPOS="252"/><String ID="p39_w75" CONTENT="Ihoulders" HPOS="269" VPOS="600" WIDTH="162" HEIGHT="75" STYLEREFS="font0"/><SP WIDTH="17" VPOS="600" HPOS="431"/><String ID="p39_w76" CONTENT="embrace" HPOS="448" VPOS="600" WIDTH="146" HEIGHT="75" STYLEREFS="font0"/><SP WIDTH="16" VPOS="600" HPOS="594"/><String ID="p39_w77" CONTENT="or" HPOS="610" VPOS="600" WIDTH="39" HEIGHT="75" STYLEREFS="font0"/><SP WIDTH="11" VPOS="600" HPOS="649"/><String ID="p39_w78" CONTENT="take" HPOS="660" VPOS="600" WIDTH="74" HEIGHT="75" STYLEREFS="font0"/><SP WIDTH="12" VPOS="600" HPOS="734"/><String ID="p39_w79" CONTENT="in" HPOS="746" VPOS="600" WIDTH="32" HEIGHT="75" STYLEREFS="font0"/><SP WIDTH="16" VPOS="600" HPOS="778"/><String ID="p39_w80" CONTENT="too" HPOS="794" VPOS="600" WIDTH="57" HEIGHT="75" STYLEREFS="font0"/><SP WIDTH="17" VPOS="600" HPOS="851"/><String ID="p39_w81" CONTENT="little" HPOS="868" VPOS="600" WIDTH="86" HEIGHT="75" STYLEREFS="font0"/><SP WIDTH="10" VPOS="600" HPOS="954"/><String ID="p39_w82" CONTENT="ground," HPOS="964" VPOS="600" WIDTH="139" HEIGHT="75" STYLEREFS="font0"/><SP WIDTH="25" VPOS="600" HPOS="1103"/><String ID="p39_w83" CONTENT="and" HPOS="1128" VPOS="600" WIDTH="63" HEIGHT="75" STYLEREFS="font0"/></TextLine><TextLine WIDTH="979" HEIGHT="75" ID="p39_t13" HPOS="203" VPOS="646"><String ID="p39_w84" CONTENT="his" HPOS="203" VPOS="646" WIDTH="49" HEIGHT="75" STYLEREFS="font0"/><SP WIDTH="31" VPOS="646" HPOS="252"/><String ID="p39_w85" CONTENT="croupe" HPOS="283" VPOS="646" WIDTH="119" HEIGHT="75" STYLEREFS="font0"/><SP WIDTH="24" VPOS="646" HPOS="402"/><String ID="p39_w86" CONTENT="comes" HPOS="426" VPOS="646" WIDTH="106" HEIGHT="75" STYLEREFS="font0"/><SP WIDTH="26" VPOS="646" HPOS="532"/><String ID="p39_w87" CONTENT="too" HPOS="558" VPOS="646" WIDTH="56" HEIGHT="75" STYLEREFS="font0"/><SP WIDTH="25" VPOS="646" HPOS="614"/><String ID="p39_w88" CONTENT="near" HPOS="639" VPOS="646" WIDTH="75" HEIGHT="75" STYLEREFS="font0"/><SP WIDTH="24" VPOS="646" HPOS="714"/><String ID="p39_w89" CONTENT="the" HPOS="738" VPOS="646" WIDTH="55" HEIGHT="75" STYLEREFS="font0"/><SP WIDTH="27" VPOS="646" HPOS="793"/><String ID="p39_w90" CONTENT="centre" HPOS="820" VPOS="646" WIDTH="109" HEIGHT="75" STYLEREFS="font0"/><SP WIDTH="27" VPOS="646" HPOS="929"/><String ID="p39_w91" CONTENT="of" HPOS="956" VPOS="646" WIDTH="40" HEIGHT="75" STYLEREFS="font0"/><SP WIDTH="24" VPOS="646" HPOS="996"/><String ID="p39_w92" CONTENT="the" HPOS="1020" VPOS="646" WIDTH="56" HEIGHT="75" STYLEREFS="font0"/><SP WIDTH="26" VPOS="646" HPOS="1076"/><String ID="p39_w93" CONTENT="volt." HPOS="1102" VPOS="646" WIDTH="80" HEIGHT="75" STYLEREFS="font0"/></TextLine><TextLine WIDTH="986" HEIGHT="75" ID="p39_t14" HPOS="202" VPOS="692"><String ID="p39_w94" CONTENT="Horfes" HPOS="202" VPOS="692" WIDTH="121" HEIGHT="75" STYLEREFS="font0"/><SP WIDTH="18" VPOS="692" HPOS="323"/><String ID="p39_w95" CONTENT="are" HPOS="341" VPOS="692" WIDTH="52" HEIGHT="75" STYLEREFS="font0"/><SP WIDTH="17" VPOS="692" HPOS="393"/><String ID="p39_w96" CONTENT="naturally" HPOS="410" VPOS="692" WIDTH="159" HEIGHT="75" STYLEREFS="font0"/><SP WIDTH="23" VPOS="692" HPOS="569"/><String ID="p39_w97" CONTENT="inclined" HPOS="592" VPOS="692" WIDTH="139" HEIGHT="75" STYLEREFS="font0"/><SP WIDTH="21" VPOS="692" HPOS="731"/><String ID="p39_w98" CONTENT="to" HPOS="752" VPOS="692" WIDTH="35" HEIGHT="75" STYLEREFS="font0"/><SP WIDTH="22" VPOS="692" HPOS="787"/><String ID="p39_w99" CONTENT="this" HPOS="809" VPOS="692" WIDTH="65" HEIGHT="75" STYLEREFS="font0"/><SP WIDTH="25" VPOS="692" HPOS="874"/><String ID="p39_w100" CONTENT="fault" HPOS="899" VPOS="692" WIDTH="82" HEIGHT="75" STYLEREFS="font0"/><SP WIDTH="23" VPOS="692" HPOS="981"/><String ID="p39_w101" CONTENT="in" HPOS="1004" VPOS="692" WIDTH="32" HEIGHT="75" STYLEREFS="font0"/><SP WIDTH="23" VPOS="692" HPOS="1036"/><String ID="p39_w102" CONTENT="making" HPOS="1059" VPOS="692" WIDTH="129" HEIGHT="75" STYLEREFS="font0"/></TextLine><TextLine WIDTH="196" HEIGHT="75" ID="p39_t15" HPOS="203" VPOS="738"><String ID="p39_w103" CONTENT="demi-volts." HPOS="203" VPOS="738" WIDTH="196" HEIGHT="75" STYLEREFS="font0"/></TextLine><TextLine WIDTH="1031" HEIGHT="75" ID="p39_t16" HPOS="156" VPOS="785"><String ID="p39_w104" CONTENT="ACUMEN," HPOS="156" VPOS="785" WIDTH="223" HEIGHT="75" STYLEREFS="font0"/><SP WIDTH="24" VPOS="785" HPOS="379"/><String ID="p39_w105" CONTENT="in" HPOS="403" VPOS="785" WIDTH="33" HEIGHT="75" STYLEREFS="font0"/><SP WIDTH="16" VPOS="785" HPOS="436"/><String ID="p39_w106" CONTENT="the" HPOS="452" VPOS="785" WIDTH="55" HEIGHT="75" STYLEREFS="font0"/><SP WIDTH="22" VPOS="785" HPOS="507"/><String ID="p39_w107" CONTENT="ancient" HPOS="529" VPOS="785" WIDTH="124" HEIGHT="75" STYLEREFS="font0"/><SP WIDTH="16" VPOS="785" HPOS="653"/><String ID="p39_w108" CONTENT="mufic," HPOS="669" VPOS="785" WIDTH="108" HEIGHT="75" STYLEREFS="font0"/><SP WIDTH="27" VPOS="785" HPOS="777"/><String ID="p39_w109" CONTENT="a" HPOS="804" VPOS="785" WIDTH="19" HEIGHT="75" STYLEREFS="font0"/><SP WIDTH="18" VPOS="785" HPOS="823"/><String ID="p39_w110" CONTENT="found" HPOS="841" VPOS="785" WIDTH="100" HEIGHT="75" STYLEREFS="font0"/><SP WIDTH="23" VPOS="785" HPOS="941"/><String ID="p39_w111" CONTENT="produced" HPOS="964" VPOS="785" WIDTH="163" HEIGHT="75" STYLEREFS="font0"/><SP WIDTH="15" VPOS="785" HPOS="1127"/><String ID="p39_w112" CONTENT="by" HPOS="1142" VPOS="785" WIDTH="45" HEIGHT="75" STYLEREFS="font0"/></TextLine><TextLine WIDTH="649" HEIGHT="75" ID="p39_t17" HPOS="203" VPOS="831"><String ID="p39_w113" CONTENT="the" HPOS="203" VPOS="831" WIDTH="53" HEIGHT="75" STYLEREFS="font0"/><SP WIDTH="16" VPOS="831" HPOS="256"/><String ID="p39_w114" CONTENT="intention" HPOS="272" VPOS="831" WIDTH="156" HEIGHT="75" STYLEREFS="font0"/><SP WIDTH="16" VPOS="831" HPOS="428"/><String ID="p39_w115" CONTENT="or" HPOS="444" VPOS="831" WIDTH="37" HEIGHT="75" STYLEREFS="font0"/><SP WIDTH="16" VPOS="831" HPOS="481"/><String ID="p39_w116" CONTENT="raifing" HPOS="497" VPOS="831" WIDTH="112" HEIGHT="75" STYLEREFS="font0"/><SP WIDTH="15" VPOS="831" HPOS="609"/><String ID="p39_w117" CONTENT="of" HPOS="624" VPOS="831" WIDTH="41" HEIGHT="75" STYLEREFS="font0"/><SP WIDTH="14" VPOS="831" HPOS="665"/><String ID="p39_w118" CONTENT="the" HPOS="679" VPOS="831" WIDTH="55" HEIGHT="75" STYLEREFS="font0"/><SP WIDTH="16" VPOS="831" HPOS="734"/><String ID="p39_w119" CONTENT="voice." HPOS="750" VPOS="831" WIDTH="102" HEIGHT="75" STYLEREFS="font0"/></TextLine><TextLine WIDTH="1031" HEIGHT="75" ID="p39_t18" HPOS="153" VPOS="877"><String ID="p39_w120" CONTENT="ACUMINA," HPOS="153" VPOS="877" WIDTH="246" HEIGHT="75" STYLEREFS="font0"/><SP WIDTH="18" VPOS="877" HPOS="399"/><String ID="p39_w121" CONTENT="in" HPOS="417" VPOS="877" WIDTH="32" HEIGHT="75" STYLEREFS="font0"/><SP WIDTH="13" VPOS="877" HPOS="449"/><String ID="p39_w122" CONTENT="antiquity," HPOS="462" VPOS="877" WIDTH="172" HEIGHT="75" STYLEREFS="font0"/><SP WIDTH="18" VPOS="877" HPOS="634"/><String ID="p39_w123" CONTENT="a" HPOS="652" VPOS="877" WIDTH="18" HEIGHT="75" STYLEREFS="font0"/><SP WIDTH="11" VPOS="877" HPOS="670"/><String ID="p39_w124" CONTENT="kind" HPOS="681" VPOS="877" WIDTH="79" HEIGHT="75" STYLEREFS="font0"/><SP WIDTH="13" VPOS="877" HPOS="760"/><String ID="p39_w125" CONTENT="of" HPOS="773" VPOS="877" WIDTH="42" HEIGHT="75" STYLEREFS="font0"/><SP WIDTH="10" VPOS="877" HPOS="815"/><String ID="p39_w126" CONTENT="military" HPOS="825" VPOS="877" WIDTH="140" HEIGHT="75" STYLEREFS="font0"/><SP WIDTH="15" VPOS="877" HPOS="965"/><String ID="p39_w127" CONTENT="omen," HPOS="980" VPOS="877" WIDTH="105" HEIGHT="75" STYLEREFS="font0"/><SP WIDTH="18" VPOS="877" HPOS="1085"/><String ID="p39_w128" CONTENT="moll" HPOS="1103" VPOS="877" WIDTH="81" HEIGHT="75" STYLEREFS="font0"/></TextLine><TextLine WIDTH="984" HEIGHT="75" ID="p39_t19" HPOS="200" VPOS="922"><String ID="p39_w129" CONTENT="generally" HPOS="200" VPOS="922" WIDTH="163" HEIGHT="75" STYLEREFS="font0"/><SP WIDTH="14" VPOS="922" HPOS="363"/><String ID="p39_w130" CONTENT="fuppoled" HPOS="377" VPOS="922" WIDTH="154" HEIGHT="75" STYLEREFS="font0"/><SP WIDTH="14" VPOS="922" HPOS="531"/><String ID="p39_w131" CONTENT="to" HPOS="545" VPOS="922" WIDTH="35" HEIGHT="75" STYLEREFS="font0"/><SP WIDTH="15" VPOS="922" HPOS="580"/><String ID="p39_w132" CONTENT="have" HPOS="595" VPOS="922" WIDTH="81" HEIGHT="75" STYLEREFS="font0"/><SP WIDTH="16" VPOS="922" HPOS="676"/><String ID="p39_w133" CONTENT="been" HPOS="692" VPOS="922" WIDTH="80" HEIGHT="75" STYLEREFS="font0"/><SP WIDTH="16" VPOS="922" HPOS="772"/><String ID="p39_w134" CONTENT="taken" HPOS="788" VPOS="922" WIDTH="94" HEIGHT="75" STYLEREFS="font0"/><SP WIDTH="17" VPOS="922" HPOS="882"/><String ID="p39_w135" CONTENT="from" HPOS="899" VPOS="922" WIDTH="84" HEIGHT="75" STYLEREFS="font0"/><SP WIDTH="24" VPOS="922" HPOS="983"/><String ID="p39_w136" CONTENT="the" HPOS="1007" VPOS="922" WIDTH="55" HEIGHT="75" STYLEREFS="font0"/><SP WIDTH="16" VPOS="922" HPOS="1062"/><String ID="p39_w137" CONTENT="points" HPOS="1078" VPOS="922" WIDTH="106" HEIGHT="75" STYLEREFS="font0"/></TextLine><TextLine WIDTH="825" HEIGHT="75" ID="p39_t20" HPOS="200" VPOS="968"><String ID="p39_w138" CONTENT="or" HPOS="200" VPOS="968" WIDTH="39" HEIGHT="75" STYLEREFS="font0"/><SP WIDTH="14" VPOS="968" HPOS="239"/><String ID="p39_w139" CONTENT="edges" HPOS="253" VPOS="968" WIDTH="96" HEIGHT="75" STYLEREFS="font0"/><SP WIDTH="14" VPOS="968" HPOS="349"/><String ID="p39_w140" CONTENT="of" HPOS="363" VPOS="968" WIDTH="42" HEIGHT="75" STYLEREFS="font0"/><SP WIDTH="10" VPOS="968" HPOS="405"/><String ID="p39_w141" CONTENT="darts," HPOS="415" VPOS="968" WIDTH="102" HEIGHT="75" STYLEREFS="font0"/><SP WIDTH="25" VPOS="968" HPOS="517"/><String ID="p39_w142" CONTENT="fwords," HPOS="542" VPOS="968" WIDTH="133" HEIGHT="75" STYLEREFS="font0"/><SP WIDTH="25" VPOS="968" HPOS="675"/><String ID="p39_w143" CONTENT="or" HPOS="700" VPOS="968" WIDTH="37" HEIGHT="75" STYLEREFS="font0"/><SP WIDTH="16" VPOS="968" HPOS="737"/><String ID="p39_w144" CONTENT="other" HPOS="753" VPOS="968" WIDTH="95" HEIGHT="75" STYLEREFS="font0"/><SP WIDTH="16" VPOS="968" HPOS="848"/><String ID="p39_w145" CONTENT="weapons." HPOS="864" VPOS="968" WIDTH="161" HEIGHT="75" STYLEREFS="font0"/></TextLine><TextLine WIDTH="1030" HEIGHT="75" ID="p39_t21" HPOS="154" VPOS="1014"><String ID="p39_w146" CONTENT="ACUMULO," HPOS="154" VPOS="1014" WIDTH="258" HEIGHT="75" STYLEREFS="font0"/><SP WIDTH="39" VPOS="1014" HPOS="412"/><String ID="p39_w147" CONTENT="a" HPOS="451" VPOS="1014" WIDTH="17" HEIGHT="75" STYLEREFS="font0"/><SP WIDTH="28" VPOS="1014" HPOS="468"/><String ID="p39_w148" CONTENT="hnail" HPOS="496" VPOS="1014" WIDTH="88" HEIGHT="75" STYLEREFS="font0"/><SP WIDTH="25" VPOS="1014" HPOS="584"/><String ID="p39_w149" CONTENT="town" HPOS="609" VPOS="1014" WIDTH="88" HEIGHT="75" STYLEREFS="font0"/><SP WIDTH="25" VPOS="1014" HPOS="697"/><String ID="p39_w150" CONTENT="in" HPOS="722" VPOS="1014" WIDTH="32" HEIGHT="75" STYLEREFS="font0"/><SP WIDTH="28" VPOS="1014" HPOS="754"/><String ID="p39_w151" CONTENT="Abruzzo" HPOS="782" VPOS="1014" WIDTH="158" HEIGHT="75" STYLEREFS="font0"/><SP WIDTH="29" VPOS="1014" HPOS="940"/><String ID="p39_w152" CONTENT="Ulterior," HPOS="969" VPOS="1014" WIDTH="158" HEIGHT="75" STYLEREFS="font0"/><SP WIDTH="37" VPOS="1014" HPOS="1127"/><String ID="p39_w153" CONTENT="a" HPOS="1164" VPOS="1014" WIDTH="20" HEIGHT="75" STYLEREFS="font0"/></TextLine><TextLine WIDTH="980" HEIGHT="75" ID="p39_t22" HPOS="201" VPOS="1062"><String ID="p39_w154" CONTENT="province" HPOS="201" VPOS="1062" WIDTH="149" HEIGHT="75" STYLEREFS="font0"/><SP WIDTH="16" VPOS="1062" HPOS="350"/><String ID="p39_w155" CONTENT="of" HPOS="366" VPOS="1062" WIDTH="40" HEIGHT="75" STYLEREFS="font0"/><SP WIDTH="11" VPOS="1062" HPOS="406"/><String ID="p39_w156" CONTENT="the" HPOS="417" VPOS="1062" WIDTH="55" HEIGHT="75" STYLEREFS="font0"/><SP WIDTH="15" VPOS="1062" HPOS="472"/><String ID="p39_w157" CONTENT="kingdom" HPOS="487" VPOS="1062" WIDTH="155" HEIGHT="75" STYLEREFS="font0"/><SP WIDTH="10" VPOS="1062" HPOS="642"/><String ID="p39_w158" CONTENT="of" HPOS="652" VPOS="1062" WIDTH="41" HEIGHT="75" STYLEREFS="font0"/><SP WIDTH="11" VPOS="1062" HPOS="693"/><String ID="p39_w159" CONTENT="Naples," HPOS="704" VPOS="1062" WIDTH="134" HEIGHT="75" STYLEREFS="font0"/><SP WIDTH="30" VPOS="1062" HPOS="838"/><String ID="p39_w160" CONTENT="17." HPOS="868" VPOS="1062" WIDTH="54" HEIGHT="75" STYLEREFS="font0"/><SP WIDTH="18" VPOS="1062" HPOS="922"/><String ID="p39_w161" CONTENT="15." HPOS="940" VPOS="1062" WIDTH="54" HEIGHT="75" STYLEREFS="font0"/><SP WIDTH="18" VPOS="1062" HPOS="994"/><String ID="p39_w162" CONTENT="long." HPOS="1012" VPOS="1062" WIDTH="88" HEIGHT="75" STYLEREFS="font0"/><SP WIDTH="24" VPOS="1062" HPOS="1100"/><String ID="p39_w163" CONTENT="39." HPOS="1124" VPOS="1062" WIDTH="57" HEIGHT="75" STYLEREFS="font0"/></TextLine><TextLine WIDTH="133" HEIGHT="75" ID="p39_t23" HPOS="205" VPOS="1107"><String ID="p39_w164" CONTENT="30." HPOS="205" VPOS="1107" WIDTH="55" HEIGHT="75" STYLEREFS="font0"/><SP WIDTH="20" VPOS="1107" HPOS="260"/><String ID="p39_w165" CONTENT="lat." HPOS="280" VPOS="1107" WIDTH="58" HEIGHT="75" STYLEREFS="font0"/></TextLine><TextLine WIDTH="1028" HEIGHT="75" ID="p39_t24" HPOS="153" VPOS="1153"><String ID="p39_w166" CONTENT="ACUPUNCTURE," HPOS="153" VPOS="1153" WIDTH="382" HEIGHT="75" STYLEREFS="font0"/><SP WIDTH="29" VPOS="1153" HPOS="535"/><String ID="p39_w167" CONTENT="the" HPOS="564" VPOS="1153" WIDTH="55" HEIGHT="75" STYLEREFS="font0"/><SP WIDTH="23" VPOS="1153" HPOS="619"/><String ID="p39_w168" CONTENT="name" HPOS="642" VPOS="1153" WIDTH="90" HEIGHT="75" STYLEREFS="font0"/><SP WIDTH="23" VPOS="1153" HPOS="732"/><String ID="p39_w169" CONTENT="of" HPOS="755" VPOS="1153" WIDTH="41" HEIGHT="75" STYLEREFS="font0"/><SP WIDTH="17" VPOS="1153" HPOS="796"/><String ID="p39_w170" CONTENT="a" HPOS="813" VPOS="1153" WIDTH="20" HEIGHT="75" STYLEREFS="font0"/><SP WIDTH="21" VPOS="1153" HPOS="833"/><String ID="p39_w171" CONTENT="furgical" HPOS="854" VPOS="1153" WIDTH="135" HEIGHT="75" STYLEREFS="font0"/><SP WIDTH="24" VPOS="1153" HPOS="989"/><String ID="p39_w172" CONTENT="operation" HPOS="1013" VPOS="1153" WIDTH="168" HEIGHT="75" STYLEREFS="font0"/></TextLine><TextLine WIDTH="981" HEIGHT="75" ID="p39_t25" HPOS="201" VPOS="1199"><String ID="p39_w173" CONTENT="among" HPOS="201" VPOS="1199" WIDTH="114" HEIGHT="75" STYLEREFS="font0"/><SP WIDTH="17" VPOS="1199" HPOS="315"/><String ID="p39_w174" CONTENT="the" HPOS="332" VPOS="1199" WIDTH="55" HEIGHT="75" STYLEREFS="font0"/><SP WIDTH="17" VPOS="1199" HPOS="387"/><String ID="p39_w175" CONTENT="Chinefe" HPOS="404" VPOS="1199" WIDTH="137" HEIGHT="75" STYLEREFS="font0"/><SP WIDTH="17" VPOS="1199" HPOS="541"/><String ID="p39_w176" CONTENT="and" HPOS="558" VPOS="1199" WIDTH="62" HEIGHT="75" STYLEREFS="font0"/><SP WIDTH="22" VPOS="1199" HPOS="620"/><String ID="p39_w177" CONTENT="Japanefe," HPOS="642" VPOS="1199" WIDTH="164" HEIGHT="75" STYLEREFS="font0"/><SP WIDTH="25" VPOS="1199" HPOS="806"/><String ID="p39_w178" CONTENT="which" HPOS="831" VPOS="1199" WIDTH="105" HEIGHT="75" STYLEREFS="font0"/><SP WIDTH="18" VPOS="1199" HPOS="936"/><String ID="p39_w179" CONTENT="is" HPOS="954" VPOS="1199" WIDTH="26" HEIGHT="75" STYLEREFS="font0"/><SP WIDTH="17" VPOS="1199" HPOS="980"/><String ID="p39_w180" CONTENT="performed" HPOS="997" VPOS="1199" WIDTH="185" HEIGHT="75" STYLEREFS="font0"/></TextLine><TextLine WIDTH="977" HEIGHT="75" ID="p39_t26" HPOS="201" VPOS="1245"><String ID="p39_w181" CONTENT="by" HPOS="201" VPOS="1245" WIDTH="44" HEIGHT="75" STYLEREFS="font0"/><SP WIDTH="27" VPOS="1245" HPOS="245"/><String ID="p39_w182" CONTENT="pricking" HPOS="272" VPOS="1245" WIDTH="144" HEIGHT="75" STYLEREFS="font0"/><SP WIDTH="26" VPOS="1245" HPOS="416"/><String ID="p39_w183" CONTENT="the" HPOS="442" VPOS="1245" WIDTH="56" HEIGHT="75" STYLEREFS="font0"/><SP WIDTH="27" VPOS="1245" HPOS="498"/><String ID="p39_w184" CONTENT="part" HPOS="525" VPOS="1245" WIDTH="71" HEIGHT="75" STYLEREFS="font0"/><SP WIDTH="26" VPOS="1245" HPOS="596"/><String ID="p39_w185" CONTENT="affected" HPOS="622" VPOS="1245" WIDTH="135" HEIGHT="75" STYLEREFS="font0"/><SP WIDTH="27" VPOS="1245" HPOS="757"/><String ID="p39_w186" CONTENT="with" HPOS="784" VPOS="1245" WIDTH="78" HEIGHT="75" STYLEREFS="font0"/><SP WIDTH="28" VPOS="1245" HPOS="862"/><String ID="p39_w187" CONTENT="a" HPOS="890" VPOS="1245" WIDTH="20" HEIGHT="75" STYLEREFS="font0"/><SP WIDTH="25" VPOS="1245" HPOS="910"/><String ID="p39_w188" CONTENT="filver" HPOS="935" VPOS="1245" WIDTH="91" HEIGHT="75" STYLEREFS="font0"/><SP WIDTH="28" VPOS="1245" HPOS="1026"/><String ID="p39_w189" CONTENT="needle." HPOS="1054" VPOS="1245" WIDTH="124" HEIGHT="75" STYLEREFS="font0"/></TextLine><TextLine WIDTH="979" HEIGHT="75" ID="p39_t27" HPOS="199" VPOS="1291"><String ID="p39_w190" CONTENT="They" HPOS="199" VPOS="1291" WIDTH="100" HEIGHT="75" STYLEREFS="font0"/><SP WIDTH="14" VPOS="1291" HPOS="299"/><String ID="p39_w191" CONTENT="employ" HPOS="313" VPOS="1291" WIDTH="126" HEIGHT="75" STYLEREFS="font0"/><SP WIDTH="21" VPOS="1291" HPOS="439"/><String ID="p39_w192" CONTENT="this" HPOS="460" VPOS="1291" WIDTH="64" HEIGHT="75" STYLEREFS="font0"/><SP WIDTH="21" VPOS="1291" HPOS="524"/><String ID="p39_w193" CONTENT="operation" HPOS="545" VPOS="1291" WIDTH="165" HEIGHT="75" STYLEREFS="font0"/><SP WIDTH="23" VPOS="1291" HPOS="710"/><String ID="p39_w194" CONTENT="in" HPOS="733" VPOS="1291" WIDTH="33" HEIGHT="75" STYLEREFS="font0"/><SP WIDTH="15" VPOS="1291" HPOS="766"/><String ID="p39_w195" CONTENT="head-achs," HPOS="781" VPOS="1291" WIDTH="187" HEIGHT="75" STYLEREFS="font0"/><SP WIDTH="24" VPOS="1291" HPOS="968"/><String ID="p39_w196" CONTENT="lethargies," HPOS="992" VPOS="1291" WIDTH="186" HEIGHT="75" STYLEREFS="font0"/></TextLine><TextLine WIDTH="432" HEIGHT="75" ID="p39_t28" HPOS="202" VPOS="1337"><String ID="p39_w197" CONTENT="convullions," HPOS="202" VPOS="1337" WIDTH="206" HEIGHT="75" STYLEREFS="font0"/><SP WIDTH="26" VPOS="1337" HPOS="408"/><String ID="p39_w198" CONTENT="colics," HPOS="434" VPOS="1337" WIDTH="109" HEIGHT="75" STYLEREFS="font0"/><SP WIDTH="26" VPOS="1337" HPOS="543"/><String ID="p39_w199" CONTENT="6" HPOS="569" VPOS="1337" WIDTH="28" HEIGHT="75" STYLEREFS="font0"/><SP WIDTH="7" VPOS="1337" HPOS="597"/><String ID="p39_w200" CONTENT="c." HPOS="604" VPOS="1337" WIDTH="30" HEIGHT="75" STYLEREFS="font0"/></TextLine><TextLine WIDTH="1031" HEIGHT="75" ID="p39_t29" HPOS="153" VPOS="1383"><String ID="p39_w201" CONTENT="ACUS," HPOS="153" VPOS="1383" WIDTH="141" HEIGHT="75" STYLEREFS="font0"/><SP WIDTH="24" VPOS="1383" HPOS="294"/><String ID="p39_w202" CONTENT="in" HPOS="318" VPOS="1383" WIDTH="33" HEIGHT="75" STYLEREFS="font0"/><SP WIDTH="16" VPOS="1383" HPOS="351"/><String ID="p39_w203" CONTENT="ichthyology," HPOS="367" VPOS="1383" WIDTH="223" HEIGHT="75" STYLEREFS="font0"/><SP WIDTH="24" VPOS="1383" HPOS="590"/><String ID="p39_w204" CONTENT="the" HPOS="614" VPOS="1383" WIDTH="56" HEIGHT="75" STYLEREFS="font0"/><SP WIDTH="16" VPOS="1383" HPOS="670"/><String ID="p39_w205" CONTENT="trivial" HPOS="686" VPOS="1383" WIDTH="106" HEIGHT="75" STYLEREFS="font0"/><SP WIDTH="17" VPOS="1383" HPOS="792"/><String ID="p39_w206" CONTENT="name" HPOS="809" VPOS="1383" WIDTH="90" HEIGHT="75" STYLEREFS="font0"/><SP WIDTH="16" VPOS="1383" HPOS="899"/><String ID="p39_w207" CONTENT="of" HPOS="915" VPOS="1383" WIDTH="41" HEIGHT="75" STYLEREFS="font0"/><SP WIDTH="18" VPOS="1383" HPOS="956"/><String ID="p39_w208" CONTENT="a" HPOS="974" VPOS="1383" WIDTH="18" HEIGHT="75" STYLEREFS="font0"/><SP WIDTH="15" VPOS="1383" HPOS="992"/><String ID="p39_w209" CONTENT="fpecies" HPOS="1007" VPOS="1383" WIDTH="119" HEIGHT="75" STYLEREFS="font0"/><SP WIDTH="17" VPOS="1383" HPOS="1126"/><String ID="p39_w210" CONTENT="of" HPOS="1143" VPOS="1383" WIDTH="41" HEIGHT="75" STYLEREFS="font0"/></TextLine><TextLine WIDTH="609" HEIGHT="75" ID="p39_t30" HPOS="200" VPOS="1429"><String ID="p39_w211" CONTENT="fyngnathus." HPOS="200" VPOS="1429" WIDTH="205" HEIGHT="75" STYLEREFS="font0"/><SP WIDTH="49" VPOS="1429" HPOS="405"/><String ID="p39_w212" CONTENT="See" HPOS="454" VPOS="1429" WIDTH="63" HEIGHT="75" STYLEREFS="font0"/><SP WIDTH="13" VPOS="1429" HPOS="517"/><String ID="p39_w213" CONTENT="Syngnathus." HPOS="530" VPOS="1429" WIDTH="279" HEIGHT="75" STYLEREFS="font0"/></TextLine><TextLine WIDTH="1025" HEIGHT="75" ID="p39_t31" HPOS="152" VPOS="1477"><String ID="p39_w214" CONTENT="ACUTE," HPOS="152" VPOS="1477" WIDTH="181" HEIGHT="75" STYLEREFS="font0"/><SP WIDTH="33" VPOS="1477" HPOS="333"/><String ID="p39_w215" CONTENT="as" HPOS="366" VPOS="1477" WIDTH="33" HEIGHT="75" STYLEREFS="font0"/><SP WIDTH="28" VPOS="1477" HPOS="399"/><String ID="p39_w216" CONTENT="applied" HPOS="427" VPOS="1477" WIDTH="126" HEIGHT="75" STYLEREFS="font0"/><SP WIDTH="23" VPOS="1477" HPOS="553"/><String ID="p39_w217" CONTENT="to" HPOS="576" VPOS="1477" WIDTH="36" HEIGHT="75" STYLEREFS="font0"/><SP WIDTH="25" VPOS="1477" HPOS="612"/><String ID="p39_w218" CONTENT="angles," HPOS="637" VPOS="1477" WIDTH="122" HEIGHT="75" STYLEREFS="font0"/><SP WIDTH="29" VPOS="1477" HPOS="759"/><String ID="p39_w219" CONTENT="triangles," HPOS="788" VPOS="1477" WIDTH="164" HEIGHT="75" STYLEREFS="font0"/><SP WIDTH="26" VPOS="1477" HPOS="952"/><String ID="p39_w220" CONTENT="cones," HPOS="978" VPOS="1477" WIDTH="107" HEIGHT="75" STYLEREFS="font0"/><SP WIDTH="26" VPOS="1477" HPOS="1085"/><String ID="p39_w221" CONTENT="&lt;bc." HPOS="1111" VPOS="1477" WIDTH="66" HEIGHT="75" STYLEREFS="font0"/></TextLine><TextLine WIDTH="318" HEIGHT="75" ID="p39_t32" HPOS="203" VPOS="1522"><String ID="p39_w222" CONTENT="See" HPOS="203" VPOS="1522" WIDTH="60" HEIGHT="75" STYLEREFS="font0"/><SP WIDTH="16" VPOS="1522" HPOS="263"/><String ID="p39_w223" CONTENT="thefe" HPOS="279" VPOS="1522" WIDTH="88" HEIGHT="75" STYLEREFS="font0"/><SP WIDTH="16" VPOS="1522" HPOS="367"/><String ID="p39_w224" CONTENT="articles." HPOS="383" VPOS="1522" WIDTH="138" HEIGHT="75" STYLEREFS="font0"/></TextLine><TextLine WIDTH="829" HEIGHT="75" ID="p39_t33" HPOS="154" VPOS="1567"><String ID="p39_w225" CONTENT="Acute" HPOS="154" VPOS="1567" WIDTH="136" HEIGHT="75" STYLEREFS="font0"/><SP WIDTH="21" VPOS="1567" HPOS="290"/><String ID="p39_w226" CONTENT="accent," HPOS="311" VPOS="1567" WIDTH="124" HEIGHT="75" STYLEREFS="font0"/><SP WIDTH="24" VPOS="1567" HPOS="435"/><String ID="p39_w227" CONTENT="in" HPOS="459" VPOS="1567" WIDTH="33" HEIGHT="75" STYLEREFS="font0"/><SP WIDTH="16" VPOS="1567" HPOS="492"/><String ID="p39_w228" CONTENT="grammar." HPOS="508" VPOS="1567" WIDTH="171" HEIGHT="75" STYLEREFS="font0"/><SP WIDTH="50" VPOS="1567" HPOS="679"/><String ID="p39_w229" CONTENT="See" HPOS="729" VPOS="1567" WIDTH="62" HEIGHT="75" STYLEREFS="font0"/><SP WIDTH="16" VPOS="1567" HPOS="791"/><String ID="p39_w230" CONTENT="Accent." HPOS="807" VPOS="1567" WIDTH="176" HEIGHT="75" STYLEREFS="font0"/></TextLine><TextLine WIDTH="1024" HEIGHT="75" ID="p39_t34" HPOS="153" VPOS="1613"><String ID="p39_w231" CONTENT="Acute," HPOS="153" VPOS="1613" WIDTH="151" HEIGHT="75" STYLEREFS="font0"/><SP WIDTH="24" VPOS="1613" HPOS="304"/><String ID="p39_w232" CONTENT="in" HPOS="328" VPOS="1613" WIDTH="32" HEIGHT="75" STYLEREFS="font0"/><SP WIDTH="17" VPOS="1613" HPOS="360"/><String ID="p39_w233" CONTENT="mufic," HPOS="377" VPOS="1613" WIDTH="107" HEIGHT="75" STYLEREFS="font0"/><SP WIDTH="27" VPOS="1613" HPOS="484"/><String ID="p39_w234" CONTENT="fignifies" HPOS="511" VPOS="1613" WIDTH="133" HEIGHT="75" STYLEREFS="font0"/><SP WIDTH="26" VPOS="1613" HPOS="644"/><String ID="p39_w235" CONTENT="a" HPOS="670" VPOS="1613" WIDTH="19" HEIGHT="75" STYLEREFS="font0"/><SP WIDTH="23" VPOS="1613" HPOS="689"/><String ID="p39_w236" CONTENT="tone" HPOS="712" VPOS="1613" WIDTH="76" HEIGHT="75" STYLEREFS="font0"/><SP WIDTH="24" VPOS="1613" HPOS="788"/><String ID="p39_w237" CONTENT="that" HPOS="812" VPOS="1613" WIDTH="71" HEIGHT="75" STYLEREFS="font0"/><SP WIDTH="24" VPOS="1613" HPOS="883"/><String ID="p39_w238" CONTENT="is" HPOS="907" VPOS="1613" WIDTH="26" HEIGHT="75" STYLEREFS="font0"/><SP WIDTH="18" VPOS="1613" HPOS="933"/><String ID="p39_w239" CONTENT="lharp," HPOS="951" VPOS="1613" WIDTH="102" HEIGHT="75" STYLEREFS="font0"/><SP WIDTH="25" VPOS="1613" HPOS="1053"/><String ID="p39_w240" CONTENT="fhrall," HPOS="1078" VPOS="1613" WIDTH="99" HEIGHT="75" STYLEREFS="font0"/></TextLine><TextLine WIDTH="978" HEIGHT="75" ID="p39_t35" HPOS="201" VPOS="1658"><String ID="p39_w241" CONTENT="or" HPOS="201" VPOS="1658" WIDTH="37" HEIGHT="75" STYLEREFS="font0"/><SP WIDTH="21" VPOS="1658" HPOS="238"/><String ID="p39_w242" CONTENT="high," HPOS="259" VPOS="1658" WIDTH="90" HEIGHT="75" STYLEREFS="font0"/><SP WIDTH="25" VPOS="1658" HPOS="349"/><String ID="p39_w243" CONTENT="in" HPOS="374" VPOS="1658" WIDTH="32" HEIGHT="75" STYLEREFS="font0"/><SP WIDTH="17" VPOS="1658" HPOS="406"/><String ID="p39_w244" CONTENT="refpect" HPOS="423" VPOS="1658" WIDTH="117" HEIGHT="75" STYLEREFS="font0"/><SP WIDTH="23" VPOS="1658" HPOS="540"/><String ID="p39_w245" CONTENT="of" HPOS="563" VPOS="1658" WIDTH="41" HEIGHT="75" STYLEREFS="font0"/><SP WIDTH="18" VPOS="1658" HPOS="604"/><String ID="p39_w246" CONTENT="fome" HPOS="622" VPOS="1658" WIDTH="85" HEIGHT="75" STYLEREFS="font0"/><SP WIDTH="16" VPOS="1658" HPOS="707"/><String ID="p39_w247" CONTENT="other," HPOS="723" VPOS="1658" WIDTH="105" HEIGHT="75" STYLEREFS="font0"/><SP WIDTH="25" VPOS="1658" HPOS="828"/><String ID="p39_w248" CONTENT="and" HPOS="853" VPOS="1658" WIDTH="63" HEIGHT="75" STYLEREFS="font0"/><SP WIDTH="23" VPOS="1658" HPOS="916"/><String ID="p39_w249" CONTENT="is" HPOS="939" VPOS="1658" WIDTH="27" HEIGHT="75" STYLEREFS="font0"/><SP WIDTH="23" VPOS="1658" HPOS="966"/><String ID="p39_w250" CONTENT="oppofed" HPOS="989" VPOS="1658" WIDTH="140" HEIGHT="75" STYLEREFS="font0"/><SP WIDTH="15" VPOS="1658" HPOS="1129"/><String ID="p39_w251" CONTENT="to" HPOS="1144" VPOS="1658" WIDTH="35" HEIGHT="75" STYLEREFS="font0"/></TextLine><TextLine WIDTH="107" HEIGHT="75" ID="p39_t36" HPOS="202" VPOS="1702"><String ID="p39_w252" CONTENT="grave." HPOS="202" VPOS="1702" WIDTH="107" HEIGHT="75" STYLEREFS="font0"/></TextLine><TextLine WIDTH="1020" HEIGHT="75" ID="p39_t37" HPOS="155" VPOS="1748"><String ID="p39_w253" CONTENT="Acute" HPOS="155" VPOS="1748" WIDTH="136" HEIGHT="75" STYLEREFS="font0"/><SP WIDTH="30" VPOS="1748" HPOS="291"/><String ID="p39_w254" CONTENT="difeafes," HPOS="321" VPOS="1748" WIDTH="143" HEIGHT="75" STYLEREFS="font0"/><SP WIDTH="40" VPOS="1748" HPOS="464"/><String ID="p39_w255" CONTENT="fuch" HPOS="504" VPOS="1748" WIDTH="76" HEIGHT="75" STYLEREFS="font0"/><SP WIDTH="28" VPOS="1748" HPOS="580"/><String ID="p39_w256" CONTENT="as" HPOS="608" VPOS="1748" WIDTH="34" HEIGHT="75" STYLEREFS="font0"/><SP WIDTH="33" VPOS="1748" HPOS="642"/><String ID="p39_w257" CONTENT="come" HPOS="675" VPOS="1748" WIDTH="89" HEIGHT="75" STYLEREFS="font0"/><SP WIDTH="27" VPOS="1748" HPOS="764"/><String ID="p39_w258" CONTENT="fuddenly" HPOS="791" VPOS="1748" WIDTH="155" HEIGHT="75" STYLEREFS="font0"/><SP WIDTH="25" VPOS="1748" HPOS="946"/><String ID="p39_w259" CONTENT="to" HPOS="971" VPOS="1748" WIDTH="35" HEIGHT="75" STYLEREFS="font0"/><SP WIDTH="27" VPOS="1748" HPOS="1006"/><String ID="p39_w260" CONTENT="a" HPOS="1033" VPOS="1748" WIDTH="19" HEIGHT="75" STYLEREFS="font0"/><SP WIDTH="28" VPOS="1748" HPOS="1052"/><String ID="p39_w261" CONTENT="crifis." HPOS="1080" VPOS="1748" WIDTH="95" HEIGHT="75" STYLEREFS="font0"/></TextLine><TextLine WIDTH="976" HEIGHT="75" ID="p39_t38" HPOS="200" VPOS="1793"><String ID="p39_w262" CONTENT="This" HPOS="200" VPOS="1793" WIDTH="83" HEIGHT="75" STYLEREFS="font0"/><SP WIDTH="17" VPOS="1793" HPOS="283"/><String ID="p39_w263" CONTENT="term" HPOS="300" VPOS="1793" WIDTH="81" HEIGHT="75" STYLEREFS="font0"/><SP WIDTH="25" VPOS="1793" HPOS="381"/><String ID="p39_w264" CONTENT="is" HPOS="406" VPOS="1793" WIDTH="27" HEIGHT="75" STYLEREFS="font0"/><SP WIDTH="25" VPOS="1793" HPOS="433"/><String ID="p39_w265" CONTENT="ufed" HPOS="458" VPOS="1793" WIDTH="75" HEIGHT="75" STYLEREFS="font0"/><SP WIDTH="24" VPOS="1793" HPOS="533"/><String ID="p39_w266" CONTENT="for" HPOS="557" VPOS="1793" WIDTH="52" HEIGHT="75" STYLEREFS="font0"/><SP WIDTH="20" VPOS="1793" HPOS="609"/><String ID="p39_w267" CONTENT="all" HPOS="629" VPOS="1793" WIDTH="41" HEIGHT="75" STYLEREFS="font0"/><SP WIDTH="26" VPOS="1793" HPOS="670"/><String ID="p39_w268" CONTENT="difeafes" HPOS="696" VPOS="1793" WIDTH="131" HEIGHT="75" STYLEREFS="font0"/><SP WIDTH="24" VPOS="1793" HPOS="827"/><String ID="p39_w269" CONTENT="which" HPOS="851" VPOS="1793" WIDTH="105" HEIGHT="75" STYLEREFS="font0"/><SP WIDTH="24" VPOS="1793" HPOS="956"/><String ID="p39_w270" CONTENT="do" HPOS="980" VPOS="1793" WIDTH="43" HEIGHT="75" STYLEREFS="font0"/><SP WIDTH="22" VPOS="1793" HPOS="1023"/><String ID="p39_w271" CONTENT="not" HPOS="1045" VPOS="1793" WIDTH="58" HEIGHT="75" STYLEREFS="font0"/><SP WIDTH="15" VPOS="1793" HPOS="1103"/><String ID="p39_w272" CONTENT="fall" HPOS="1118" VPOS="1793" WIDTH="58" HEIGHT="75" STYLEREFS="font0"/></TextLine><TextLine WIDTH="632" HEIGHT="75" ID="p39_t39" HPOS="199" VPOS="1838"><String ID="p39_w273" CONTENT="under" HPOS="199" VPOS="1838" WIDTH="100" HEIGHT="75" STYLEREFS="font0"/><SP WIDTH="17" VPOS="1838" HPOS="299"/><String ID="p39_w274" CONTENT="the" HPOS="316" VPOS="1838" WIDTH="55" HEIGHT="75" STYLEREFS="font0"/><SP WIDTH="11" VPOS="1838" HPOS="371"/><String ID="p39_w275" CONTENT="head" HPOS="382" VPOS="1838" WIDTH="84" HEIGHT="75" STYLEREFS="font0"/><SP WIDTH="16" VPOS="1838" HPOS="466"/><String ID="p39_w276" CONTENT="of" HPOS="482" VPOS="1838" WIDTH="40" HEIGHT="75" STYLEREFS="font0"/><SP WIDTH="18" VPOS="1838" HPOS="522"/><String ID="p39_w277" CONTENT="chronic" HPOS="540" VPOS="1838" WIDTH="129" HEIGHT="75" STYLEREFS="font0"/><SP WIDTH="16" VPOS="1838" HPOS="669"/><String ID="p39_w278" CONTENT="difeafes." HPOS="685" VPOS="1838" WIDTH="146" HEIGHT="75" STYLEREFS="font0"/></TextLine><TextLine WIDTH="1022" HEIGHT="75" ID="p39_t40" HPOS="152" VPOS="1888"><String ID="p39_w279" CONTENT="ACUTITION," HPOS="152" VPOS="1888" WIDTH="287" HEIGHT="75" STYLEREFS="font0"/><SP WIDTH="26" VPOS="1888" HPOS="439"/><String ID="p39_w280" CONTENT="among" HPOS="465" VPOS="1888" WIDTH="115" HEIGHT="75" STYLEREFS="font0"/><SP WIDTH="10" VPOS="1888" HPOS="580"/><String ID="p39_w281" CONTENT="phyficians," HPOS="590" VPOS="1888" WIDTH="187" HEIGHT="75" STYLEREFS="font0"/><SP WIDTH="25" VPOS="1888" HPOS="777"/><String ID="p39_w282" CONTENT="the" HPOS="802" VPOS="1888" WIDTH="55" HEIGHT="75" STYLEREFS="font0"/><SP WIDTH="16" VPOS="1888" HPOS="857"/><String ID="p39_w283" CONTENT="ftiarpening" HPOS="873" VPOS="1888" WIDTH="184" HEIGHT="75" STYLEREFS="font0"/><SP WIDTH="16" VPOS="1888" HPOS="1057"/><String ID="p39_w284" CONTENT="or" HPOS="1073" VPOS="1888" WIDTH="37" HEIGHT="75" STYLEREFS="font0"/><SP WIDTH="15" VPOS="1888" HPOS="1110"/><String ID="p39_w285" CONTENT="in-" HPOS="1125" VPOS="1888" WIDTH="49" HEIGHT="75" STYLEREFS="font0"/></TextLine><TextLine WIDTH="627" HEIGHT="75" ID="p39_t41" HPOS="199" VPOS="1933"><String ID="p39_w286" CONTENT="creafing" HPOS="199" VPOS="1933" WIDTH="134" HEIGHT="75" STYLEREFS="font0"/><SP WIDTH="16" VPOS="1933" HPOS="333"/><String ID="p39_w287" CONTENT="the" HPOS="349" VPOS="1933" WIDTH="56" HEIGHT="75" STYLEREFS="font0"/><SP WIDTH="15" VPOS="1933" HPOS="405"/><String ID="p39_w288" CONTENT="force" HPOS="420" VPOS="1933" WIDTH="88" HEIGHT="75" STYLEREFS="font0"/><SP WIDTH="16" VPOS="1933" HPOS="508"/><String ID="p39_w289" CONTENT="of" HPOS="524" VPOS="1933" WIDTH="39" HEIGHT="75" STYLEREFS="font0"/><SP WIDTH="19" VPOS="1933" HPOS="563"/><String ID="p39_w290" CONTENT="any" HPOS="582" VPOS="1933" WIDTH="62" HEIGHT="75" STYLEREFS="font0"/><SP WIDTH="15" VPOS="1933" HPOS="644"/><String ID="p39_w291" CONTENT="medicine." HPOS="659" VPOS="1933" WIDTH="167" HEIGHT="75" STYLEREFS="font0"/></TextLine><TextLine WIDTH="1023" HEIGHT="75" ID="p39_t42" HPOS="149" VPOS="1979"><String ID="p39_w292" CONTENT="ACYROLOGIA,'" HPOS="149" VPOS="1979" WIDTH="340" HEIGHT="75" STYLEREFS="font0"/><SP WIDTH="25" VPOS="1979" HPOS="489"/><String ID="p39_w293" CONTENT="fignifies" HPOS="514" VPOS="1979" WIDTH="133" HEIGHT="75" STYLEREFS="font0"/><SP WIDTH="23" VPOS="1979" HPOS="647"/><String ID="p39_w294" CONTENT="an" HPOS="670" VPOS="1979" WIDTH="39" HEIGHT="75" STYLEREFS="font0"/><SP WIDTH="28" VPOS="1979" HPOS="709"/><String ID="p39_w295" CONTENT="improper" HPOS="737" VPOS="1979" WIDTH="161" HEIGHT="75" STYLEREFS="font0"/><SP WIDTH="22" VPOS="1979" HPOS="898"/><String ID="p39_w296" CONTENT="word," HPOS="920" VPOS="1979" WIDTH="103" HEIGHT="75" STYLEREFS="font0"/><SP WIDTH="25" VPOS="1979" HPOS="1023"/><String ID="p39_w297" CONTENT="phr^fe," HPOS="1048" VPOS="1979" WIDTH="124" HEIGHT="75" STYLEREFS="font0"/></TextLine><TextLine WIDTH="239" HEIGHT="75" ID="p39_t43" HPOS="197" VPOS="2024"><String ID="p39_w298" CONTENT="or" HPOS="197" VPOS="2024" WIDTH="36" HEIGHT="75" STYLEREFS="font0"/><SP WIDTH="16" VPOS="2024" HPOS="233"/><String ID="p39_w299" CONTENT="expreffion." HPOS="249" VPOS="2024" WIDTH="187" HEIGHT="75" STYLEREFS="font0"/></TextLine><TextLine WIDTH="1026" HEIGHT="75" ID="p39_t44" HPOS="147" VPOS="2070"><String ID="p39_w300" CONTENT="AD," HPOS="147" VPOS="2070" WIDTH="84" HEIGHT="75" STYLEREFS="font0"/><SP WIDTH="26" VPOS="2070" HPOS="231"/><String ID="p39_w301" CONTENT="a" HPOS="257" VPOS="2070" WIDTH="19" HEIGHT="75" STYLEREFS="font0"/><SP WIDTH="24" VPOS="2070" HPOS="276"/><String ID="p39_w302" CONTENT="Latin" HPOS="300" VPOS="2070" WIDTH="98" HEIGHT="75" STYLEREFS="font0"/><SP WIDTH="24" VPOS="2070" HPOS="398"/><String ID="p39_w303" CONTENT="prepofition," HPOS="422" VPOS="2070" WIDTH="201" HEIGHT="75" STYLEREFS="font0"/><SP WIDTH="25" VPOS="2070" HPOS="623"/><String ID="p39_w304" CONTENT="originally" HPOS="648" VPOS="2070" WIDTH="169" HEIGHT="75" STYLEREFS="font0"/><SP WIDTH="24" VPOS="2070" HPOS="817"/><String ID="p39_w305" CONTENT="fignifying" HPOS="841" VPOS="2070" WIDTH="167" HEIGHT="75" STYLEREFS="font0"/><SP WIDTH="24" VPOS="2070" HPOS="1008"/><String ID="p39_w306" CONTENT="to," HPOS="1032" VPOS="2070" WIDTH="44" HEIGHT="75" STYLEREFS="font0"/><SP WIDTH="34" VPOS="2070" HPOS="1076"/><String ID="p39_w307" CONTENT="and" HPOS="1110" VPOS="2070" WIDTH="63" HEIGHT="75" STYLEREFS="font0"/></TextLine><TextLine WIDTH="978" HEIGHT="75" ID="p39_t45" HPOS="194" VPOS="2117"><String ID="p39_w308" CONTENT="frequently" HPOS="194" VPOS="2117" WIDTH="184" HEIGHT="75" STYLEREFS="font0"/><SP WIDTH="15" VPOS="2117" HPOS="378"/><String ID="p39_w309" CONTENT="ufed" HPOS="393" VPOS="2117" WIDTH="76" HEIGHT="75" STYLEREFS="font0"/><SP WIDTH="15" VPOS="2117" HPOS="469"/><String ID="p39_w310" CONTENT="in" HPOS="484" VPOS="2117" WIDTH="33" HEIGHT="75" STYLEREFS="font0"/><SP WIDTH="17" VPOS="2117" HPOS="517"/><String ID="p39_w311" CONTENT="compofition" HPOS="534" VPOS="2117" WIDTH="204" HEIGHT="75" STYLEREFS="font0"/><SP WIDTH="16" VPOS="2117" HPOS="738"/><String ID="p39_w312" CONTENT="both" HPOS="754" VPOS="2117" WIDTH="78" HEIGHT="75" STYLEREFS="font0"/><SP WIDTH="26" VPOS="2117" HPOS="832"/><String ID="p39_w313" CONTENT="with" HPOS="858" VPOS="2117" WIDTH="77" HEIGHT="75" STYLEREFS="font0"/><SP WIDTH="23" VPOS="2117" HPOS="935"/><String ID="p39_w314" CONTENT="and" HPOS="958" VPOS="2117" WIDTH="61" HEIGHT="75" STYLEREFS="font0"/><SP WIDTH="17" VPOS="2117" HPOS="1019"/><String ID="p39_w315" CONTENT="without" HPOS="1036" VPOS="2117" WIDTH="136" HEIGHT="75" STYLEREFS="font0"/></TextLine><TextLine WIDTH="975" HEIGHT="75" ID="p39_t46" HPOS="195" VPOS="2163"><String ID="p39_w316" CONTENT="the" HPOS="195" VPOS="2163" WIDTH="55" HEIGHT="75" STYLEREFS="font0"/><SP WIDTH="17" VPOS="2163" HPOS="250"/><String ID="p39_w317" CONTENT="d," HPOS="267" VPOS="2163" WIDTH="33" HEIGHT="75" STYLEREFS="font0"/><SP WIDTH="25" VPOS="2163" HPOS="300"/><String ID="p39_w318" CONTENT="to" HPOS="325" VPOS="2163" WIDTH="35" HEIGHT="75" STYLEREFS="font0"/><SP WIDTH="11" VPOS="2163" HPOS="360"/><String ID="p39_w319" CONTENT="exprefe" HPOS="371" VPOS="2163" WIDTH="127" HEIGHT="75" STYLEREFS="font0"/><SP WIDTH="12" VPOS="2163" HPOS="498"/><String ID="p39_w320" CONTENT="the" HPOS="510" VPOS="2163" WIDTH="56" HEIGHT="75" STYLEREFS="font0"/><SP WIDTH="18" VPOS="2163" HPOS="566"/><String ID="p39_w321" CONTENT="relation" HPOS="584" VPOS="2163" WIDTH="130" HEIGHT="75" STYLEREFS="font0"/><SP WIDTH="18" VPOS="2163" HPOS="714"/><String ID="p39_w322" CONTENT="of" HPOS="732" VPOS="2163" WIDTH="40" HEIGHT="75" STYLEREFS="font0"/><SP WIDTH="18" VPOS="2163" HPOS="772"/><String ID="p39_w323" CONTENT="qne" HPOS="790" VPOS="2163" WIDTH="59" HEIGHT="75" STYLEREFS="font0"/><SP WIDTH="17" VPOS="2163" HPOS="849"/><String ID="p39_w324" CONTENT="thing" HPOS="866" VPOS="2163" WIDTH="91" HEIGHT="75" STYLEREFS="font0"/><SP WIDTH="16" VPOS="2163" HPOS="957"/><String ID="p39_w325" CONTENT="to" HPOS="973" VPOS="2163" WIDTH="34" HEIGHT="75" STYLEREFS="font0"/><SP WIDTH="17" VPOS="2163" HPOS="1007"/><String ID="p39_w326" CONTENT="another." HPOS="1024" VPOS="2163" WIDTH="146" HEIGHT="75" STYLEREFS="font0"/></TextLine><TextLine WIDTH="1025" HEIGHT="75" ID="p39_t47" HPOS="147" VPOS="2210"><String ID="p39_w327" CONTENT="Ad" HPOS="147" VPOS="2210" WIDTH="63" HEIGHT="75" STYLEREFS="font0"/><SP WIDTH="14" VPOS="2210" HPOS="210"/><String ID="p39_w328" CONTENT="beftias," HPOS="224" VPOS="2210" WIDTH="126" HEIGHT="75" STYLEREFS="font0"/><SP WIDTH="25" VPOS="2210" HPOS="350"/><String ID="p39_w329" CONTENT="in" HPOS="375" VPOS="2210" WIDTH="32" HEIGHT="75" STYLEREFS="font0"/><SP WIDTH="18" VPOS="2210" HPOS="407"/><String ID="p39_w330" CONTENT="antiquity," HPOS="425" VPOS="2210" WIDTH="171" HEIGHT="75" STYLEREFS="font0"/><SP WIDTH="25" VPOS="2210" HPOS="596"/><String ID="p39_w331" CONTENT="is" HPOS="621" VPOS="2210" WIDTH="26" HEIGHT="75" STYLEREFS="font0"/><SP WIDTH="17" VPOS="2210" HPOS="647"/><String ID="p39_w332" CONTENT="the" HPOS="664" VPOS="2210" WIDTH="55" HEIGHT="75" STYLEREFS="font0"/><SP WIDTH="15" VPOS="2210" HPOS="719"/><String ID="p39_w333" CONTENT="punilbment" HPOS="734" VPOS="2210" WIDTH="197" HEIGHT="75" STYLEREFS="font0"/><SP WIDTH="22" VPOS="2210" HPOS="931"/><String ID="p39_w334" CONTENT="of" HPOS="953" VPOS="2210" WIDTH="41" HEIGHT="75" STYLEREFS="font0"/><SP WIDTH="18" VPOS="2210" HPOS="994"/><String ID="p39_w335" CONTENT="criminals" HPOS="1012" VPOS="2210" WIDTH="160" HEIGHT="75" STYLEREFS="font0"/></TextLine><TextLine WIDTH="759" HEIGHT="75" ID="p39_t48" HPOS="146" VPOS="2255"><String ID="p39_w336" CONTENT="" HPOS="146" VPOS="2255" WIDTH="4" HEIGHT="75" STYLEREFS="font0"/><SP WIDTH="43" VPOS="2255" HPOS="150"/><String ID="p39_w337" CONTENT="condemned" HPOS="193" VPOS="2255" WIDTH="196" HEIGHT="75" STYLEREFS="font0"/><SP WIDTH="12" VPOS="2255" HPOS="389"/><String ID="p39_w338" CONTENT="to" HPOS="401" VPOS="2255" WIDTH="34" HEIGHT="75" STYLEREFS="font0"/><SP WIDTH="16" VPOS="2255" HPOS="435"/><String ID="p39_w339" CONTENT="be" HPOS="451" VPOS="2255" WIDTH="40" HEIGHT="75" STYLEREFS="font0"/><SP WIDTH="17" VPOS="2255" HPOS="491"/><String ID="p39_w340" CONTENT="thrown" HPOS="508" VPOS="2255" WIDTH="125" HEIGHT="75" STYLEREFS="font0"/><SP WIDTH="16" VPOS="2255" HPOS="633"/><String ID="p39_w341" CONTENT="to" HPOS="649" VPOS="2255" WIDTH="35" HEIGHT="75" STYLEREFS="font0"/><SP WIDTH="16" VPOS="2255" HPOS="684"/><String ID="p39_w342" CONTENT="wild" HPOS="700" VPOS="2255" WIDTH="77" HEIGHT="75" STYLEREFS="font0"/><SP WIDTH="16" VPOS="2255" HPOS="777"/><String ID="p39_w343" CONTENT="beaffs." HPOS="793" VPOS="2255" WIDTH="112" HEIGHT="75" STYLEREFS="font0"/></TextLine><TextLine WIDTH="1024" HEIGHT="75" ID="p39_t49" HPOS="146" VPOS="2301"><String ID="p39_w344" CONTENT="Ad" HPOS="146" VPOS="2301" WIDTH="59" HEIGHT="75" STYLEREFS="font0"/><SP WIDTH="24" VPOS="2301" HPOS="205"/><String ID="p39_w345" CONTENT="hominetn," HPOS="229" VPOS="2301" WIDTH="167" HEIGHT="75" STYLEREFS="font0"/><SP WIDTH="24" VPOS="2301" HPOS="396"/><String ID="p39_w346" CONTENT="in" HPOS="420" VPOS="2301" WIDTH="32" HEIGHT="75" STYLEREFS="font0"/><SP WIDTH="16" VPOS="2301" HPOS="452"/><String ID="p39_w347" CONTENT="logic," HPOS="468" VPOS="2301" WIDTH="96" HEIGHT="75" STYLEREFS="font0"/><SP WIDTH="26" VPOS="2301" HPOS="564"/><String ID="p39_w348" CONTENT="a" HPOS="590" VPOS="2301" WIDTH="19" HEIGHT="75" STYLEREFS="font0"/><SP WIDTH="14" VPOS="2301" HPOS="609"/><String ID="p39_w349" CONTENT="kind" HPOS="623" VPOS="2301" WIDTH="79" HEIGHT="75" STYLEREFS="font0"/><SP WIDTH="15" VPOS="2301" HPOS="702"/><String ID="p39_w350" CONTENT="of" HPOS="717" VPOS="2301" WIDTH="40" HEIGHT="75" STYLEREFS="font0"/><SP WIDTH="18" VPOS="2301" HPOS="757"/><String ID="p39_w351" CONTENT="argument" HPOS="775" VPOS="2301" WIDTH="166" HEIGHT="75" STYLEREFS="font0"/><SP WIDTH="17" VPOS="2301" HPOS="941"/><String ID="p39_w352" CONTENT="drawn" HPOS="958" VPOS="2301" WIDTH="108" HEIGHT="75" STYLEREFS="font0"/><SP WIDTH="21" VPOS="2301" HPOS="1066"/><String ID="p39_w353" CONTENT="from" HPOS="1087" VPOS="2301" WIDTH="83" HEIGHT="75" STYLEREFS="font0"/></TextLine><TextLine WIDTH="976" HEIGHT="75" ID="p39_t50" HPOS="194" VPOS="2348"><String ID="p39_w354" CONTENT="the" HPOS="194" VPOS="2348" WIDTH="53" HEIGHT="75" STYLEREFS="font0"/><SP WIDTH="17" VPOS="2348" HPOS="247"/><String ID="p39_w355" CONTENT="principles" HPOS="264" VPOS="2348" WIDTH="168" HEIGHT="75" STYLEREFS="font0"/><SP WIDTH="24" VPOS="2348" HPOS="432"/><String ID="p39_w356" CONTENT="or" HPOS="456" VPOS="2348" WIDTH="38" HEIGHT="75" STYLEREFS="font0"/><SP WIDTH="24" VPOS="2348" HPOS="494"/><String ID="p39_w357" CONTENT="prejudices" HPOS="518" VPOS="2348" WIDTH="179" HEIGHT="75" STYLEREFS="font0"/><SP WIDTH="23" VPOS="2348" HPOS="697"/><String ID="p39_w358" CONTENT="of" HPOS="720" VPOS="2348" WIDTH="40" HEIGHT="75" STYLEREFS="font0"/><SP WIDTH="16" VPOS="2348" HPOS="760"/><String ID="p39_w359" CONTENT="thefe" HPOS="776" VPOS="2348" WIDTH="90" HEIGHT="75" STYLEREFS="font0"/><SP WIDTH="26" VPOS="2348" HPOS="866"/><String ID="p39_w360" CONTENT="with" HPOS="892" VPOS="2348" WIDTH="76" HEIGHT="75" STYLEREFS="font0"/><SP WIDTH="25" VPOS="2348" HPOS="968"/><String ID="p39_w361" CONTENT="whom" HPOS="993" VPOS="2348" WIDTH="106" HEIGHT="75" STYLEREFS="font0"/><SP WIDTH="23" VPOS="2348" HPOS="1099"/><String ID="p39_w362" CONTENT="we" HPOS="1122" VPOS="2348" WIDTH="48" HEIGHT="75" STYLEREFS="font0"/></TextLine><TextLine WIDTH="107" HEIGHT="75" ID="p39_t51" HPOS="194" VPOS="2394"><String ID="p39_w363" CONTENT="argue." HPOS="194" VPOS="2394" WIDTH="107" HEIGHT="75" STYLEREFS="font0"/></TextLine><TextLine WIDTH="1028" HEIGHT="75" ID="p39_t52" HPOS="142" VPOS="2441"><String ID="p39_w364" CONTENT="Ad" HPOS="142" VPOS="2441" WIDTH="62" HEIGHT="75" STYLEREFS="font0"/><SP WIDTH="19" VPOS="2441" HPOS="204"/><String ID="p39_w365" CONTENT="ludos," HPOS="223" VPOS="2441" WIDTH="101" HEIGHT="75" STYLEREFS="font0"/><SP WIDTH="25" VPOS="2441" HPOS="324"/><String ID="p39_w366" CONTENT="in" HPOS="349" VPOS="2441" WIDTH="32" HEIGHT="75" STYLEREFS="font0"/><SP WIDTH="12" VPOS="2441" HPOS="381"/><String ID="p39_w367" CONTENT="antiquity," HPOS="393" VPOS="2441" WIDTH="171" HEIGHT="75" STYLEREFS="font0"/><SP WIDTH="26" VPOS="2441" HPOS="564"/><String ID="p39_w368" CONTENT="a" HPOS="590" VPOS="2441" WIDTH="18" HEIGHT="75" STYLEREFS="font0"/><SP WIDTH="11" VPOS="2441" HPOS="608"/><String ID="p39_w369" CONTENT="fentence" HPOS="619" VPOS="2441" WIDTH="145" HEIGHT="75" STYLEREFS="font0"/><SP WIDTH="15" VPOS="2441" HPOS="764"/><String ID="p39_w370" CONTENT="upon" HPOS="779" VPOS="2441" WIDTH="85" HEIGHT="75" STYLEREFS="font0"/><SP WIDTH="17" VPOS="2441" HPOS="864"/><String ID="p39_w371" CONTENT="criminals" HPOS="881" VPOS="2441" WIDTH="157" HEIGHT="75" STYLEREFS="font0"/><SP WIDTH="17" VPOS="2441" HPOS="1038"/><String ID="p39_w372" CONTENT="among" HPOS="1055" VPOS="2441" WIDTH="115" HEIGHT="75" STYLEREFS="font0"/></TextLine><TextLine WIDTH="972" HEIGHT="75" ID="p39_t53" HPOS="192" VPOS="2486"><String ID="p39_w373" CONTENT="the" HPOS="192" VPOS="2486" WIDTH="54" HEIGHT="75" STYLEREFS="font0"/><SP WIDTH="15" VPOS="2486" HPOS="246"/><String ID="p39_w374" CONTENT="Romans," HPOS="261" VPOS="2486" WIDTH="156" HEIGHT="75" STYLEREFS="font0"/><SP WIDTH="24" VPOS="2486" HPOS="417"/><String ID="p39_w375" CONTENT="whereby" HPOS="441" VPOS="2486" WIDTH="151" HEIGHT="75" STYLEREFS="font0"/><SP WIDTH="15" VPOS="2486" HPOS="592"/><String ID="p39_w376" CONTENT="they" HPOS="607" VPOS="2486" WIDTH="77" HEIGHT="75" STYLEREFS="font0"/><SP WIDTH="15" VPOS="2486" HPOS="684"/><String ID="p39_w377" CONTENT="were" HPOS="699" VPOS="2486" WIDTH="83" HEIGHT="75" STYLEREFS="font0"/><SP WIDTH="12" VPOS="2486" HPOS="782"/><String ID="p39_w378" CONTENT="condemned" HPOS="794" VPOS="2486" WIDTH="197" HEIGHT="75" STYLEREFS="font0"/><SP WIDTH="15" VPOS="2486" HPOS="991"/><String ID="p39_w379" CONTENT="to" HPOS="1006" VPOS="2486" WIDTH="36" HEIGHT="75" STYLEREFS="font0"/><SP WIDTH="21" VPOS="2486" HPOS="1042"/><String ID="p39_w380" CONTENT="enter-" HPOS="1063" VPOS="2486" WIDTH="101" HEIGHT="75" STYLEREFS="font0"/></TextLine><TextLine WIDTH="978" HEIGHT="75" ID="p39_t54" HPOS="190" VPOS="2532"><String ID="p39_w381" CONTENT="tain" HPOS="190" VPOS="2532" WIDTH="66" HEIGHT="75" STYLEREFS="font0"/><SP WIDTH="19" VPOS="2532" HPOS="256"/><String ID="p39_w382" CONTENT="the" HPOS="275" VPOS="2532" WIDTH="56" HEIGHT="75" STYLEREFS="font0"/><SP WIDTH="16" VPOS="2532" HPOS="331"/><String ID="p39_w383" CONTENT="people" HPOS="347" VPOS="2532" WIDTH="112" HEIGHT="75" STYLEREFS="font0"/><SP WIDTH="16" VPOS="2532" HPOS="459"/><String ID="p39_w384" CONTENT="either" HPOS="475" VPOS="2532" WIDTH="102" HEIGHT="75" STYLEREFS="font0"/><SP WIDTH="16" VPOS="2532" HPOS="577"/><String ID="p39_w385" CONTENT="by" HPOS="593" VPOS="2532" WIDTH="43" HEIGHT="75" STYLEREFS="font0"/><SP WIDTH="15" VPOS="2532" HPOS="636"/><String ID="p39_w386" CONTENT="fighting" HPOS="651" VPOS="2532" WIDTH="134" HEIGHT="75" STYLEREFS="font0"/><SP WIDTH="16" VPOS="2532" HPOS="785"/><String ID="p39_w387" CONTENT="with" HPOS="801" VPOS="2532" WIDTH="78" HEIGHT="75" STYLEREFS="font0"/><SP WIDTH="17" VPOS="2532" HPOS="879"/><String ID="p39_w388" CONTENT="wild" HPOS="896" VPOS="2532" WIDTH="75" HEIGHT="75" STYLEREFS="font0"/><SP WIDTH="23" VPOS="2532" HPOS="971"/><String ID="p39_w389" CONTENT="beaffs," HPOS="994" VPOS="2532" WIDTH="111" HEIGHT="75" STYLEREFS="font0"/><SP WIDTH="26" VPOS="2532" HPOS="1105"/><String ID="p39_w390" CONTENT="or" HPOS="1131" VPOS="2532" WIDTH="37" HEIGHT="75" STYLEREFS="font0"/></TextLine><TextLine WIDTH="976" HEIGHT="75" ID="p39_t55" HPOS="191" VPOS="2577"><String ID="p39_w391" CONTENT="with" HPOS="191" VPOS="2577" WIDTH="78" HEIGHT="75" STYLEREFS="font0"/><SP WIDTH="25" VPOS="2577" HPOS="269"/><String ID="p39_w392" CONTENT="one" HPOS="294" VPOS="2577" WIDTH="61" HEIGHT="75" STYLEREFS="font0"/><SP WIDTH="27" VPOS="2577" HPOS="355"/><String ID="p39_w393" CONTENT="another," HPOS="382" VPOS="2577" WIDTH="145" HEIGHT="75" STYLEREFS="font0"/><SP WIDTH="34" VPOS="2577" HPOS="527"/><String ID="p39_w394" CONTENT="and" HPOS="561" VPOS="2577" WIDTH="63" HEIGHT="75" STYLEREFS="font0"/><SP WIDTH="25" VPOS="2577" HPOS="624"/><String ID="p39_w395" CONTENT="thus" HPOS="649" VPOS="2577" WIDTH="77" HEIGHT="75" STYLEREFS="font0"/><SP WIDTH="22" VPOS="2577" HPOS="726"/><String ID="p39_w396" CONTENT="executing" HPOS="748" VPOS="2577" WIDTH="172" HEIGHT="75" STYLEREFS="font0"/><SP WIDTH="23" VPOS="2577" HPOS="920"/><String ID="p39_w397" CONTENT="juffice" HPOS="943" VPOS="2577" WIDTH="112" HEIGHT="75" STYLEREFS="font0"/><SP WIDTH="27" VPOS="2577" HPOS="1055"/><String ID="p39_w398" CONTENT="upon" HPOS="1082" VPOS="2577" WIDTH="85" HEIGHT="75" STYLEREFS="font0"/></TextLine><TextLine WIDTH="199" HEIGHT="75" ID="p39_t56" HPOS="191" VPOS="2626"><String ID="p39_w399" CONTENT="themfelves." HPOS="191" VPOS="2626" WIDTH="199" HEIGHT="75" STYLEREFS="font0"/></TextLine><TextLine WIDTH="1023" HEIGHT="75" ID="p39_t57" HPOS="143" VPOS="2672"><String ID="p39_w400" CONTENT="Ad" HPOS="143" VPOS="2672" WIDTH="59" HEIGHT="75" STYLEREFS="font0"/><SP WIDTH="20" VPOS="2672" HPOS="202"/><String ID="p39_w401" CONTENT="met" HPOS="222" VPOS="2672" WIDTH="61" HEIGHT="75" STYLEREFS="font0"/><SP WIDTH="2" VPOS="2672" HPOS="283"/><String ID="p39_w402" CONTENT="alia," HPOS="285" VPOS="2672" WIDTH="81" HEIGHT="75" STYLEREFS="font0"/><SP WIDTH="25" VPOS="2672" HPOS="366"/><String ID="p39_w403" CONTENT="in" HPOS="391" VPOS="2672" WIDTH="32" HEIGHT="75" STYLEREFS="font0"/><SP WIDTH="23" VPOS="2672" HPOS="423"/><String ID="p39_w404" CONTENT="antiquity," HPOS="446" VPOS="2672" WIDTH="173" HEIGHT="75" STYLEREFS="font0"/><SP WIDTH="31" VPOS="2672" HPOS="619"/><String ID="p39_w405" CONTENT="the" HPOS="650" VPOS="2672" WIDTH="55" HEIGHT="75" STYLEREFS="font0"/><SP WIDTH="24" VPOS="2672" HPOS="705"/><String ID="p39_w406" CONTENT="punilhment" HPOS="729" VPOS="2672" WIDTH="195" HEIGHT="75" STYLEREFS="font0"/><SP WIDTH="24" VPOS="2672" HPOS="924"/><String ID="p39_w407" CONTENT="of" HPOS="948" VPOS="2672" WIDTH="41" HEIGHT="75" STYLEREFS="font0"/><SP WIDTH="17" VPOS="2672" HPOS="989"/><String ID="p39_w408" CONTENT="fuch" HPOS="1006" VPOS="2672" WIDTH="76" HEIGHT="75" STYLEREFS="font0"/><SP WIDTH="22" VPOS="2672" HPOS="1082"/><String ID="p39_w409" CONTENT="cri-" HPOS="1104" VPOS="2672" WIDTH="62" HEIGHT="75" STYLEREFS="font0"/></TextLine><TextLine WIDTH="976" HEIGHT="75" ID="p39_t58" HPOS="190" VPOS="2716"><String ID="p39_w410" CONTENT="minals" HPOS="190" VPOS="2716" WIDTH="111" HEIGHT="75" STYLEREFS="font0"/><SP WIDTH="25" VPOS="2716" HPOS="301"/><String ID="p39_w411" CONTENT="as" HPOS="326" VPOS="2716" WIDTH="33" HEIGHT="75" STYLEREFS="font0"/><SP WIDTH="24" VPOS="2716" HPOS="359"/><String ID="p39_w412" CONTENT="were" HPOS="383" VPOS="2716" WIDTH="84" HEIGHT="75" STYLEREFS="font0"/><SP WIDTH="23" VPOS="2716" HPOS="467"/><String ID="p39_w413" CONTENT="condemned" HPOS="490" VPOS="2716" WIDTH="196" HEIGHT="75" STYLEREFS="font0"/><SP WIDTH="23" VPOS="2716" HPOS="686"/><String ID="p39_w414" CONTENT="to" HPOS="709" VPOS="2716" WIDTH="35" HEIGHT="75" STYLEREFS="font0"/><SP WIDTH="22" VPOS="2716" HPOS="744"/><String ID="p39_w415" CONTENT="the" HPOS="766" VPOS="2716" WIDTH="55" HEIGHT="75" STYLEREFS="font0"/><SP WIDTH="23" VPOS="2716" HPOS="821"/><String ID="p39_w416" CONTENT="mines," HPOS="844" VPOS="2716" WIDTH="111" HEIGHT="75" STYLEREFS="font0"/><SP WIDTH="25" VPOS="2716" HPOS="955"/><String ID="p39_w417" CONTENT="among" HPOS="980" VPOS="2716" WIDTH="114" HEIGHT="75" STYLEREFS="font0"/><SP WIDTH="16" VPOS="2716" HPOS="1094"/><String ID="p39_w418" CONTENT="the" HPOS="1110" VPOS="2716" WIDTH="56" HEIGHT="75" STYLEREFS="font0"/></TextLine><TextLine WIDTH="740" HEIGHT="75" ID="p39_t59" HPOS="190" VPOS="2762"><String ID="p39_w419" CONTENT="Romans" HPOS="190" VPOS="2762" WIDTH="141" HEIGHT="75" STYLEREFS="font0"/><SP WIDTH="12" VPOS="2762" HPOS="331"/><String ID="p39_w420" CONTENT="j" HPOS="343" VPOS="2762" WIDTH="13" HEIGHT="75" STYLEREFS="font0"/><SP WIDTH="24" VPOS="2762" HPOS="356"/><String ID="p39_w421" CONTENT="and" HPOS="380" VPOS="2762" WIDTH="62" HEIGHT="75" STYLEREFS="font0"/><SP WIDTH="12" VPOS="2762" HPOS="442"/><String ID="p39_w422" CONTENT="therefore" HPOS="454" VPOS="2762" WIDTH="160" HEIGHT="75" STYLEREFS="font0"/><SP WIDTH="12" VPOS="2762" HPOS="614"/><String ID="p39_w423" CONTENT="called" HPOS="626" VPOS="2762" WIDTH="105" HEIGHT="75" STYLEREFS="font0"/><SP WIDTH="15" VPOS="2762" HPOS="731"/><String ID="p39_w424" CONTENT="Metallic-i." HPOS="746" VPOS="2762" WIDTH="184" HEIGHT="75" STYLEREFS="font0"/></TextLine><TextLine WIDTH="996" HEIGHT="75" ID="p39_t60" HPOS="144" VPOS="2810"><String ID="p39_w425" CONTENT="Av&gt;" HPOS="144" VPOS="2810" WIDTH="58" HEIGHT="75" STYLEREFS="font0"/><SP WIDTH="19" VPOS="2810" HPOS="202"/><String ID="p39_w426" CONTENT="quiddities," HPOS="221" VPOS="2810" WIDTH="187" HEIGHT="75" STYLEREFS="font0"/><SP WIDTH="24" VPOS="2810" HPOS="408"/><String ID="p39_w427" CONTENT="among" HPOS="432" VPOS="2810" WIDTH="115" HEIGHT="75" STYLEREFS="font0"/><SP WIDTH="12" VPOS="2810" HPOS="547"/><String ID="p39_w428" CONTENT="fchoolmen." HPOS="559" VPOS="2810" WIDTH="195" HEIGHT="75" STYLEREFS="font0"/><SP WIDTH="48" VPOS="2810" HPOS="754"/><String ID="p39_w429" CONTENT="See" HPOS="802" VPOS="2810" WIDTH="62" HEIGHT="75" STYLEREFS="font0"/><SP WIDTH="16" VPOS="2810" HPOS="864"/><String ID="p39_w430" CONTENT="Quiddities." HPOS="880" VPOS="2810" WIDTH="260" HEIGHT="75" STYLEREFS="font0"/></TextLine><TextLine WIDTH="1020" HEIGHT="75" ID="p39_t61" HPOS="143" VPOS="2854"><String ID="p39_w431" CONTENT="Ad" HPOS="143" VPOS="2854" WIDTH="59" HEIGHT="75" STYLEREFS="font0"/><SP WIDTH="18" VPOS="2854" HPOS="202"/><String ID="p39_w432" CONTENT="valorem," HPOS="220" VPOS="2854" WIDTH="152" HEIGHT="75" STYLEREFS="font0"/><SP WIDTH="27" VPOS="2854" HPOS="372"/><String ID="p39_w433" CONTENT="a" HPOS="399" VPOS="2854" WIDTH="18" HEIGHT="75" STYLEREFS="font0"/><SP WIDTH="20" VPOS="2854" HPOS="417"/><String ID="p39_w434" CONTENT="term" HPOS="437" VPOS="2854" WIDTH="82" HEIGHT="75" STYLEREFS="font0"/><SP WIDTH="17" VPOS="2854" HPOS="519"/><String ID="p39_w435" CONTENT="chiefly" HPOS="536" VPOS="2854" WIDTH="112" HEIGHT="75" STYLEREFS="font0"/><SP WIDTH="16" VPOS="2854" HPOS="648"/><String ID="p39_w436" CONTENT="ufed" HPOS="664" VPOS="2854" WIDTH="77" HEIGHT="75" STYLEREFS="font0"/><SP WIDTH="14" VPOS="2854" HPOS="741"/><String ID="p39_w437" CONTENT="in" HPOS="755" VPOS="2854" WIDTH="33" HEIGHT="75" STYLEREFS="font0"/><SP WIDTH="23" VPOS="2854" HPOS="788"/><String ID="p39_w438" CONTENT="fpeaking" HPOS="811" VPOS="2854" WIDTH="149" HEIGHT="75" STYLEREFS="font0"/><SP WIDTH="15" VPOS="2854" HPOS="960"/><String ID="p39_w439" CONTENT="of" HPOS="975" VPOS="2854" WIDTH="41" HEIGHT="75" STYLEREFS="font0"/><SP WIDTH="18" VPOS="2854" HPOS="1016"/><String ID="p39_w440" CONTENT="the" HPOS="1034" VPOS="2854" WIDTH="54" HEIGHT="75" STYLEREFS="font0"/><SP WIDTH="16" VPOS="2854" HPOS="1088"/><String ID="p39_w441" CONTENT="du-" HPOS="1104" VPOS="2854" WIDTH="59" HEIGHT="75" STYLEREFS="font0"/></TextLine><TextLine WIDTH="975" HEIGHT="75" ID="p39_t62" HPOS="190" VPOS="2901"><String ID="p39_w442" CONTENT="ties" HPOS="190" VPOS="2901" WIDTH="57" HEIGHT="75" STYLEREFS="font0"/><SP WIDTH="17" VPOS="2901" HPOS="247"/><String ID="p39_w443" CONTENT="or" HPOS="264" VPOS="2901" WIDTH="37" HEIGHT="75" STYLEREFS="font0"/><SP WIDTH="16" VPOS="2901" HPOS="301"/><String ID="p39_w444" CONTENT="cuftoms" HPOS="317" VPOS="2901" WIDTH="133" HEIGHT="75" STYLEREFS="font0"/><SP WIDTH="17" VPOS="2901" HPOS="450"/><String ID="p39_w445" CONTENT="paid" HPOS="467" VPOS="2901" WIDTH="73" HEIGHT="75" STYLEREFS="font0"/><SP WIDTH="16" VPOS="2901" HPOS="540"/><String ID="p39_w446" CONTENT="for" HPOS="556" VPOS="2901" WIDTH="51" HEIGHT="75" STYLEREFS="font0"/><SP WIDTH="11" VPOS="2901" HPOS="607"/><String ID="p39_w447" CONTENT="certain" HPOS="618" VPOS="2901" WIDTH="122" HEIGHT="75" STYLEREFS="font0"/><SP WIDTH="13" VPOS="2901" HPOS="740"/><String ID="p39_w448" CONTENT="goods" HPOS="753" VPOS="2901" WIDTH="101" HEIGHT="75" STYLEREFS="font0"/><SP WIDTH="12" VPOS="2901" HPOS="854"/><String ID="p39_w449" CONTENT=":" HPOS="866" VPOS="2901" WIDTH="9" HEIGHT="75" STYLEREFS="font0"/><SP WIDTH="26" VPOS="2901" HPOS="875"/><String ID="p39_w450" CONTENT="The" HPOS="901" VPOS="2901" WIDTH="76" HEIGHT="75" STYLEREFS="font0"/><SP WIDTH="23" VPOS="2901" HPOS="977"/><String ID="p39_w451" CONTENT="duties" HPOS="1000" VPOS="2901" WIDTH="106" HEIGHT="75" STYLEREFS="font0"/><SP WIDTH="16" VPOS="2901" HPOS="1106"/><String ID="p39_w452" CONTENT="on" HPOS="1122" VPOS="2901" WIDTH="43" HEIGHT="75" STYLEREFS="font0"/></TextLine><TextLine WIDTH="119" HEIGHT="75" ID="p39_t63" HPOS="1210" VPOS="122"><String ID="p39_w453" CONTENT=":" HPOS="1210" VPOS="122" WIDTH="4" HEIGHT="75" STYLEREFS="font0"/><SP WIDTH="10" VPOS="122" HPOS="1214"/><String ID="p39_w454" CONTENT="3" HPOS="1224" VPOS="122" WIDTH="19" HEIGHT="75" STYLEREFS="font0"/><SP WIDTH="68" VPOS="122" HPOS="1243"/><String ID="p39_w455" CONTENT=")" HPOS="1311" VPOS="122" WIDTH="18" HEIGHT="75" STYLEREFS="font0"/></TextLine><TextLine WIDTH="245" HEIGHT="75" ID="p39_t64" HPOS="1672" VPOS="122"><String ID="p39_w456" CONTENT="ADA" HPOS="1672" VPOS="122" WIDTH="245" HEIGHT="75" STYLEREFS="font0"/></TextLine><TextLine WIDTH="985" HEIGHT="75" ID="p39_t65" HPOS="1290" VPOS="185"><String ID="p39_w457" CONTENT="fome" HPOS="1290" VPOS="185" WIDTH="86" HEIGHT="75" STYLEREFS="font0"/><SP WIDTH="17" VPOS="185" HPOS="1376"/><String ID="p39_w458" CONTENT="articles" HPOS="1393" VPOS="185" WIDTH="125" HEIGHT="75" STYLEREFS="font0"/><SP WIDTH="26" VPOS="185" HPOS="1518"/><String ID="p39_w459" CONTENT="are" HPOS="1544" VPOS="185" WIDTH="54" HEIGHT="75" STYLEREFS="font0"/><SP WIDTH="22" VPOS="185" HPOS="1598"/><String ID="p39_w460" CONTENT="paid" HPOS="1620" VPOS="185" WIDTH="75" HEIGHT="75" STYLEREFS="font0"/><SP WIDTH="22" VPOS="185" HPOS="1695"/><String ID="p39_w461" CONTENT="by" HPOS="1717" VPOS="185" WIDTH="44" HEIGHT="75" STYLEREFS="font0"/><SP WIDTH="22" VPOS="185" HPOS="1761"/><String ID="p39_w462" CONTENT="the" HPOS="1783" VPOS="185" WIDTH="55" HEIGHT="75" STYLEREFS="font0"/><SP WIDTH="25" VPOS="185" HPOS="1838"/><String ID="p39_w463" CONTENT="number," HPOS="1863" VPOS="185" WIDTH="146" HEIGHT="75" STYLEREFS="font0"/><SP WIDTH="25" VPOS="185" HPOS="2009"/><String ID="p39_w464" CONTENT="weight," HPOS="2034" VPOS="185" WIDTH="132" HEIGHT="75" STYLEREFS="font0"/><SP WIDTH="24" VPOS="185" HPOS="2166"/><String ID="p39_w465" CONTENT="mea-" HPOS="2190" VPOS="185" WIDTH="85" HEIGHT="75" STYLEREFS="font0"/></TextLine><TextLine WIDTH="987" HEIGHT="75" ID="p39_t66" HPOS="1289" VPOS="231"><String ID="p39_w466" CONTENT="fure," HPOS="1289" VPOS="231" WIDTH="83" HEIGHT="75" STYLEREFS="font0"/><SP WIDTH="25" VPOS="231" HPOS="1372"/><String ID="p39_w467" CONTENT="tale," HPOS="1397" VPOS="231" WIDTH="77" HEIGHT="75" STYLEREFS="font0"/><SP WIDTH="26" VPOS="231" HPOS="1474"/><String ID="p39_w468" CONTENT="c." HPOS="1500" VPOS="231" WIDTH="64" HEIGHT="75" STYLEREFS="font0"/><SP WIDTH="26" VPOS="231" HPOS="1564"/><String ID="p39_w469" CONTENT="and" HPOS="1590" VPOS="231" WIDTH="63" HEIGHT="75" STYLEREFS="font0"/><SP WIDTH="15" VPOS="231" HPOS="1653"/><String ID="p39_w470" CONTENT="others" HPOS="1668" VPOS="231" WIDTH="109" HEIGHT="75" STYLEREFS="font0"/><SP WIDTH="18" VPOS="231" HPOS="1777"/><String ID="p39_w471" CONTENT="are" HPOS="1795" VPOS="231" WIDTH="53" HEIGHT="75" STYLEREFS="font0"/><SP WIDTH="18" VPOS="231" HPOS="1848"/><String ID="p39_w472" CONTENT="paid" HPOS="1866" VPOS="231" WIDTH="74" HEIGHT="75" STYLEREFS="font0"/><SP WIDTH="16" VPOS="231" HPOS="1940"/><String ID="p39_w473" CONTENT="ad" HPOS="1956" VPOS="231" WIDTH="47" HEIGHT="75" STYLEREFS="font0"/><SP WIDTH="20" VPOS="231" HPOS="2003"/><String ID="p39_w474" CONTENT="valorem," HPOS="2023" VPOS="231" WIDTH="155" HEIGHT="75" STYLEREFS="font0"/><SP WIDTH="26" VPOS="231" HPOS="2178"/><String ID="p39_w475" CONTENT="that" HPOS="2204" VPOS="231" WIDTH="72" HEIGHT="75" STYLEREFS="font0"/></TextLine><TextLine WIDTH="505" HEIGHT="75" ID="p39_t67" HPOS="1288" VPOS="277"><String ID="p39_w476" CONTENT="is," HPOS="1288" VPOS="277" WIDTH="38" HEIGHT="75" STYLEREFS="font0"/><SP WIDTH="26" VPOS="277" HPOS="1326"/><String ID="p39_w477" CONTENT="according" HPOS="1352" VPOS="277" WIDTH="170" HEIGHT="75" STYLEREFS="font0"/><SP WIDTH="12" VPOS="277" HPOS="1522"/><String ID="p39_w478" CONTENT="to" HPOS="1534" VPOS="277" WIDTH="35" HEIGHT="75" STYLEREFS="font0"/><SP WIDTH="17" VPOS="277" HPOS="1569"/><String ID="p39_w479" CONTENT="their" HPOS="1586" VPOS="277" WIDTH="85" HEIGHT="75" STYLEREFS="font0"/><SP WIDTH="17" VPOS="277" HPOS="1671"/><String ID="p39_w480" CONTENT="value." HPOS="1688" VPOS="277" WIDTH="105" HEIGHT="75" STYLEREFS="font0"/></TextLine><TextLine WIDTH="1030" HEIGHT="75" ID="p39_t68" HPOS="1242" VPOS="324"><String ID="p39_w481" CONTENT="ADA," HPOS="1242" VPOS="324" WIDTH="116" HEIGHT="75" STYLEREFS="font0"/><SP WIDTH="19" VPOS="324" HPOS="1358"/><String ID="p39_w482" CONTENT="a" HPOS="1377" VPOS="324" WIDTH="19" HEIGHT="75" STYLEREFS="font0"/><SP WIDTH="14" VPOS="324" HPOS="1396"/><String ID="p39_w483" CONTENT="large" HPOS="1410" VPOS="324" WIDTH="87" HEIGHT="75" STYLEREFS="font0"/><SP WIDTH="17" VPOS="324" HPOS="1497"/><String ID="p39_w484" CONTENT="town" HPOS="1514" VPOS="324" WIDTH="87" HEIGHT="75" STYLEREFS="font0"/><SP WIDTH="20" VPOS="324" HPOS="1601"/><String ID="p39_w485" CONTENT="of" HPOS="1621" VPOS="324" WIDTH="41" HEIGHT="75" STYLEREFS="font0"/><SP WIDTH="13" VPOS="324" HPOS="1662"/><String ID="p39_w486" CONTENT="Alia," HPOS="1675" VPOS="324" WIDTH="89" HEIGHT="75" STYLEREFS="font0"/><SP WIDTH="18" VPOS="324" HPOS="1764"/><String ID="p39_w487" CONTENT="inhabited" HPOS="1782" VPOS="324" WIDTH="166" HEIGHT="75" STYLEREFS="font0"/><SP WIDTH="10" VPOS="324" HPOS="1948"/><String ID="p39_w488" CONTENT="chiefly" HPOS="1958" VPOS="324" WIDTH="117" HEIGHT="75" STYLEREFS="font0"/><SP WIDTH="18" VPOS="324" HPOS="2075"/><String ID="p39_w489" CONTENT="by" HPOS="2093" VPOS="324" WIDTH="45" HEIGHT="75" STYLEREFS="font0"/><SP WIDTH="15" VPOS="324" HPOS="2138"/><String ID="p39_w490" CONTENT="Arme-" HPOS="2153" VPOS="324" WIDTH="119" HEIGHT="75" STYLEREFS="font0"/></TextLine><TextLine WIDTH="102" HEIGHT="75" ID="p39_t69" HPOS="1290" VPOS="370"><String ID="p39_w491" CONTENT="nians." HPOS="1290" VPOS="370" WIDTH="102" HEIGHT="75" STYLEREFS="font0"/></TextLine><TextLine WIDTH="1031" HEIGHT="75" ID="p39_t70" HPOS="1246" VPOS="418"><String ID="p39_w492" CONTENT="ADACA-MANGEN," HPOS="1246" VPOS="418" WIDTH="426" HEIGHT="75" STYLEREFS="font0"/><SP WIDTH="25" VPOS="418" HPOS="1672"/><String ID="p39_w493" CONTENT="in" HPOS="1697" VPOS="418" WIDTH="32" HEIGHT="75" STYLEREFS="font0"/><SP WIDTH="29" VPOS="418" HPOS="1729"/><String ID="p39_w494" CONTENT="botany," HPOS="1758" VPOS="418" WIDTH="133" HEIGHT="75" STYLEREFS="font0"/><SP WIDTH="32" VPOS="418" HPOS="1891"/><String ID="p39_w495" CONTENT="a" HPOS="1923" VPOS="418" WIDTH="19" HEIGHT="75" STYLEREFS="font0"/><SP WIDTH="25" VPOS="418" HPOS="1942"/><String ID="p39_w496" CONTENT="fynonime" HPOS="1967" VPOS="418" WIDTH="163" HEIGHT="75" STYLEREFS="font0"/><SP WIDTH="27" VPOS="418" HPOS="2130"/><String ID="p39_w497" CONTENT="of" HPOS="2157" VPOS="418" WIDTH="41" HEIGHT="75" STYLEREFS="font0"/><SP WIDTH="23" VPOS="418" HPOS="2198"/><String ID="p39_w498" CONTENT="the" HPOS="2221" VPOS="418" WIDTH="56" HEIGHT="75" STYLEREFS="font0"/></TextLine><TextLine WIDTH="671" HEIGHT="75" ID="p39_t71" HPOS="1287" VPOS="462"><String ID="p39_w499" CONTENT="fpbaeranthus." HPOS="1287" VPOS="462" WIDTH="228" HEIGHT="75" STYLEREFS="font0"/><SP WIDTH="51" VPOS="462" HPOS="1515"/><String ID="p39_w500" CONTENT="See" HPOS="1566" VPOS="462" WIDTH="62" HEIGHT="75" STYLEREFS="font0"/><SP WIDTH="18" VPOS="462" HPOS="1628"/><String ID="p39_w501" CONTENT="Sphairanthus." HPOS="1646" VPOS="462" WIDTH="312" HEIGHT="75" STYLEREFS="font0"/></TextLine><TextLine WIDTH="1035" HEIGHT="75" ID="p39_t72" HPOS="1238" VPOS="508"><String ID="p39_w502" CONTENT="ADAGE," HPOS="1238" VPOS="508" WIDTH="187" HEIGHT="75" STYLEREFS="font0"/><SP WIDTH="26" VPOS="508" HPOS="1425"/><String ID="p39_w503" CONTENT="a" HPOS="1451" VPOS="508" WIDTH="19" HEIGHT="75" STYLEREFS="font0"/><SP WIDTH="16" VPOS="508" HPOS="1470"/><String ID="p39_w504" CONTENT="proverb," HPOS="1486" VPOS="508" WIDTH="150" HEIGHT="75" STYLEREFS="font0"/><SP WIDTH="18" VPOS="508" HPOS="1636"/><String ID="p39_w505" CONTENT="or" HPOS="1654" VPOS="508" WIDTH="39" HEIGHT="75" STYLEREFS="font0"/><SP WIDTH="15" VPOS="508" HPOS="1693"/><String ID="p39_w506" CONTENT="ftiort" HPOS="1708" VPOS="508" WIDTH="85" HEIGHT="75" STYLEREFS="font0"/><SP WIDTH="18" VPOS="508" HPOS="1793"/><String ID="p39_w507" CONTENT="fentence," HPOS="1811" VPOS="508" WIDTH="158" HEIGHT="75" STYLEREFS="font0"/><SP WIDTH="19" VPOS="508" HPOS="1969"/><String ID="p39_w508" CONTENT="containing" HPOS="1988" VPOS="508" WIDTH="184" HEIGHT="75" STYLEREFS="font0"/><SP WIDTH="15" VPOS="508" HPOS="2172"/><String ID="p39_w509" CONTENT="fome" HPOS="2187" VPOS="508" WIDTH="86" HEIGHT="75" STYLEREFS="font0"/></TextLine><TextLine WIDTH="632" HEIGHT="75" ID="p39_t73" HPOS="1285" VPOS="554"><String ID="p39_w510" CONTENT="wife" HPOS="1285" VPOS="554" WIDTH="73" HEIGHT="75" STYLEREFS="font0"/><SP WIDTH="17" VPOS="554" HPOS="1358"/><String ID="p39_w511" CONTENT="obfervation" HPOS="1375" VPOS="554" WIDTH="200" HEIGHT="75" STYLEREFS="font0"/><SP WIDTH="17" VPOS="554" HPOS="1575"/><String ID="p39_w512" CONTENT="or" HPOS="1592" VPOS="554" WIDTH="39" HEIGHT="75" STYLEREFS="font0"/><SP WIDTH="15" VPOS="554" HPOS="1631"/><String ID="p39_w513" CONTENT="popular" HPOS="1646" VPOS="554" WIDTH="134" HEIGHT="75" STYLEREFS="font0"/><SP WIDTH="15" VPOS="554" HPOS="1780"/><String ID="p39_w514" CONTENT="faying." HPOS="1795" VPOS="554" WIDTH="122" HEIGHT="75" STYLEREFS="font0"/></TextLine><TextLine WIDTH="1034" HEIGHT="75" ID="p39_t74" HPOS="1237" VPOS="602"><String ID="p39_w515" CONTENT="ADAGIO," HPOS="1237" VPOS="602" WIDTH="207" HEIGHT="75" STYLEREFS="font0"/><SP WIDTH="18" VPOS="602" HPOS="1444"/><String ID="p39_w516" CONTENT="in" HPOS="1462" VPOS="602" WIDTH="31" HEIGHT="75" STYLEREFS="font0"/><SP WIDTH="16" VPOS="602" HPOS="1493"/><String ID="p39_w517" CONTENT="mufic," HPOS="1509" VPOS="602" WIDTH="109" HEIGHT="75" STYLEREFS="font0"/><SP WIDTH="18" VPOS="602" HPOS="1618"/><String ID="p39_w518" CONTENT="an" HPOS="1636" VPOS="602" WIDTH="39" HEIGHT="75" STYLEREFS="font0"/><SP WIDTH="14" VPOS="602" HPOS="1675"/><String ID="p39_w519" CONTENT="Italian" HPOS="1689" VPOS="602" WIDTH="117" HEIGHT="75" STYLEREFS="font0"/><SP WIDTH="17" VPOS="602" HPOS="1806"/><String ID="p39_w520" CONTENT="adverb," HPOS="1823" VPOS="602" WIDTH="133" HEIGHT="75" STYLEREFS="font0"/><SP WIDTH="22" VPOS="602" HPOS="1956"/><String ID="p39_w521" CONTENT="fignifying" HPOS="1978" VPOS="602" WIDTH="171" HEIGHT="75" STYLEREFS="font0"/><SP WIDTH="8" VPOS="602" HPOS="2149"/><String ID="p39_w522" CONTENT="fofily," HPOS="2157" VPOS="602" WIDTH="114" HEIGHT="75" STYLEREFS="font0"/></TextLine><TextLine WIDTH="985" HEIGHT="75" ID="p39_t75" HPOS="1284" VPOS="647"><String ID="p39_w523" CONTENT="leifurely" HPOS="1284" VPOS="647" WIDTH="143" HEIGHT="75" STYLEREFS="font0"/><SP WIDTH="14" VPOS="647" HPOS="1427"/><String ID="p39_w524" CONTENT=";" HPOS="1441" VPOS="647" WIDTH="10" HEIGHT="75" STYLEREFS="font0"/><SP WIDTH="19" VPOS="647" HPOS="1451"/><String ID="p39_w525" CONTENT="and" HPOS="1470" VPOS="647" WIDTH="63" HEIGHT="75" STYLEREFS="font0"/><SP WIDTH="11" VPOS="647" HPOS="1533"/><String ID="p39_w526" CONTENT="is" HPOS="1544" VPOS="647" WIDTH="26" HEIGHT="75" STYLEREFS="font0"/><SP WIDTH="12" VPOS="647" HPOS="1570"/><String ID="p39_w527" CONTENT="ufed" HPOS="1582" VPOS="647" WIDTH="78" HEIGHT="75" STYLEREFS="font0"/><SP WIDTH="12" VPOS="647" HPOS="1660"/><String ID="p39_w528" CONTENT="to" HPOS="1672" VPOS="647" WIDTH="36" HEIGHT="75" STYLEREFS="font0"/><SP WIDTH="12" VPOS="647" HPOS="1708"/><String ID="p39_w529" CONTENT="denote" HPOS="1720" VPOS="647" WIDTH="118" HEIGHT="75" STYLEREFS="font0"/><SP WIDTH="14" VPOS="647" HPOS="1838"/><String ID="p39_w530" CONTENT="the" HPOS="1852" VPOS="647" WIDTH="56" HEIGHT="75" STYLEREFS="font0"/><SP WIDTH="13" VPOS="647" HPOS="1908"/><String ID="p39_w531" CONTENT="flowed:" HPOS="1921" VPOS="647" WIDTH="120" HEIGHT="75" STYLEREFS="font0"/><SP WIDTH="16" VPOS="647" HPOS="2041"/><String ID="p39_w532" CONTENT="of" HPOS="2057" VPOS="647" WIDTH="40" HEIGHT="75" STYLEREFS="font0"/><SP WIDTH="12" VPOS="647" HPOS="2097"/><String ID="p39_w533" CONTENT="all" HPOS="2109" VPOS="647" WIDTH="43" HEIGHT="75" STYLEREFS="font0"/><SP WIDTH="11" VPOS="647" HPOS="2152"/><String ID="p39_w534" CONTENT="times," HPOS="2163" VPOS="647" WIDTH="106" HEIGHT="75" STYLEREFS="font0"/></TextLine><TextLine WIDTH="313" HEIGHT="75" ID="p39_t76" HPOS="1283" VPOS="692"><String ID="p39_w535" CONTENT="except" HPOS="1283" VPOS="692" WIDTH="117" HEIGHT="75" STYLEREFS="font0"/><SP WIDTH="16" VPOS="692" HPOS="1400"/><String ID="p39_w536" CONTENT="the" HPOS="1416" VPOS="692" WIDTH="55" HEIGHT="75" STYLEREFS="font0"/><SP WIDTH="16" VPOS="692" HPOS="1471"/><String ID="p39_w537" CONTENT="grave." HPOS="1487" VPOS="692" WIDTH="109" HEIGHT="75" STYLEREFS="font0"/></TextLine><TextLine WIDTH="994" HEIGHT="75" ID="p39_t77" HPOS="1234" VPOS="739"><String ID="p39_w538" CONTENT="ADAJA," HPOS="1234" VPOS="739" WIDTH="175" HEIGHT="75" STYLEREFS="font0"/><SP WIDTH="26" VPOS="739" HPOS="1409"/><String ID="p39_w539" CONTENT="a" HPOS="1435" VPOS="739" WIDTH="19" HEIGHT="75" STYLEREFS="font0"/><SP WIDTH="15" VPOS="739" HPOS="1454"/><String ID="p39_w540" CONTENT="river" HPOS="1469" VPOS="739" WIDTH="85" HEIGHT="75" STYLEREFS="font0"/><SP WIDTH="16" VPOS="739" HPOS="1554"/><String ID="p39_w541" CONTENT="in" HPOS="1570" VPOS="739" WIDTH="32" HEIGHT="75" STYLEREFS="font0"/><SP WIDTH="18" VPOS="739" HPOS="1602"/><String ID="p39_w542" CONTENT="Spain" HPOS="1620" VPOS="739" WIDTH="99" HEIGHT="75" STYLEREFS="font0"/><SP WIDTH="16" VPOS="739" HPOS="1719"/><String ID="p39_w543" CONTENT="which" HPOS="1735" VPOS="739" WIDTH="108" HEIGHT="75" STYLEREFS="font0"/><SP WIDTH="21" VPOS="739" HPOS="1843"/><String ID="p39_w544" CONTENT="falls" HPOS="1864" VPOS="739" WIDTH="74" HEIGHT="75" STYLEREFS="font0"/><SP WIDTH="23" VPOS="739" HPOS="1938"/><String ID="p39_w545" CONTENT="into" HPOS="1961" VPOS="739" WIDTH="68" HEIGHT="75" STYLEREFS="font0"/><SP WIDTH="17" VPOS="739" HPOS="2029"/><String ID="p39_w546" CONTENT="the" HPOS="2046" VPOS="739" WIDTH="56" HEIGHT="75" STYLEREFS="font0"/><SP WIDTH="17" VPOS="739" HPOS="2102"/><String ID="p39_w547" CONTENT="Duro." HPOS="2119" VPOS="739" WIDTH="109" HEIGHT="75" STYLEREFS="font0"/></TextLine><TextLine WIDTH="1033" HEIGHT="75" ID="p39_t78" HPOS="1234" VPOS="785"><String ID="p39_w548" CONTENT="ADALIDES," HPOS="1234" VPOS="785" WIDTH="265" HEIGHT="75" STYLEREFS="font0"/><SP WIDTH="25" VPOS="785" HPOS="1499"/><String ID="p39_w549" CONTENT="in" HPOS="1524" VPOS="785" WIDTH="32" HEIGHT="75" STYLEREFS="font0"/><SP WIDTH="17" VPOS="785" HPOS="1556"/><String ID="p39_w550" CONTENT="the" HPOS="1573" VPOS="785" WIDTH="55" HEIGHT="75" STYLEREFS="font0"/><SP WIDTH="19" VPOS="785" HPOS="1628"/><String ID="p39_w551" CONTENT="Spainifh" HPOS="1647" VPOS="785" WIDTH="142" HEIGHT="75" STYLEREFS="font0"/><SP WIDTH="18" VPOS="785" HPOS="1789"/><String ID="p39_w552" CONTENT="policy," HPOS="1807" VPOS="785" WIDTH="121" HEIGHT="75" STYLEREFS="font0"/><SP WIDTH="24" VPOS="785" HPOS="1928"/><String ID="p39_w553" CONTENT="are" HPOS="1952" VPOS="785" WIDTH="53" HEIGHT="75" STYLEREFS="font0"/><SP WIDTH="17" VPOS="785" HPOS="2005"/><String ID="p39_w554" CONTENT="officers" HPOS="2022" VPOS="785" WIDTH="125" HEIGHT="75" STYLEREFS="font0"/><SP WIDTH="17" VPOS="785" HPOS="2147"/><String ID="p39_w555" CONTENT="of" HPOS="2164" VPOS="785" WIDTH="41" HEIGHT="75" STYLEREFS="font0"/><SP WIDTH="7" VPOS="785" HPOS="2205"/><String ID="p39_w556" CONTENT="ju-" HPOS="2212" VPOS="785" WIDTH="55" HEIGHT="75" STYLEREFS="font0"/></TextLine><TextLine WIDTH="986" HEIGHT="75" ID="p39_t79" HPOS="1279" VPOS="830"><String ID="p39_w557" CONTENT="ftice" HPOS="1279" VPOS="830" WIDTH="74" HEIGHT="75" STYLEREFS="font0"/><SP WIDTH="23" VPOS="830" HPOS="1353"/><String ID="p39_w558" CONTENT="for" HPOS="1376" VPOS="830" WIDTH="52" HEIGHT="75" STYLEREFS="font0"/><SP WIDTH="23" VPOS="830" HPOS="1428"/><String ID="p39_w559" CONTENT="matters" HPOS="1451" VPOS="830" WIDTH="132" HEIGHT="75" STYLEREFS="font0"/><SP WIDTH="17" VPOS="830" HPOS="1583"/><String ID="p39_w560" CONTENT="touching" HPOS="1600" VPOS="830" WIDTH="153" HEIGHT="75" STYLEREFS="font0"/><SP WIDTH="18" VPOS="830" HPOS="1753"/><String ID="p39_w561" CONTENT="the" HPOS="1771" VPOS="830" WIDTH="55" HEIGHT="75" STYLEREFS="font0"/><SP WIDTH="16" VPOS="830" HPOS="1826"/><String ID="p39_w562" CONTENT="military" HPOS="1842" VPOS="830" WIDTH="143" HEIGHT="75" STYLEREFS="font0"/><SP WIDTH="16" VPOS="830" HPOS="1985"/><String ID="p39_w563" CONTENT="forces," HPOS="2001" VPOS="830" WIDTH="120" HEIGHT="75" STYLEREFS="font0"/><SP WIDTH="26" VPOS="830" HPOS="2121"/><String ID="p39_w564" CONTENT="efpeci-" HPOS="2147" VPOS="830" WIDTH="118" HEIGHT="75" STYLEREFS="font0"/></TextLine><TextLine WIDTH="355" HEIGHT="75" ID="p39_t80" HPOS="1280" VPOS="876"><String ID="p39_w565" CONTENT="ally" HPOS="1280" VPOS="876" WIDTH="64" HEIGHT="75" STYLEREFS="font0"/><SP WIDTH="16" VPOS="876" HPOS="1344"/><String ID="p39_w566" CONTENT="on" HPOS="1360" VPOS="876" WIDTH="42" HEIGHT="75" STYLEREFS="font0"/><SP WIDTH="17" VPOS="876" HPOS="1402"/><String ID="p39_w567" CONTENT="expeditions." HPOS="1419" VPOS="876" WIDTH="216" HEIGHT="75" STYLEREFS="font0"/></TextLine><TextLine WIDTH="1032" HEIGHT="75" ID="p39_t81" HPOS="1233" VPOS="923"><String ID="p39_w568" CONTENT="ADAMANT," HPOS="1233" VPOS="923" WIDTH="266" HEIGHT="75" STYLEREFS="font0"/><SP WIDTH="27" VPOS="923" HPOS="1499"/><String ID="p39_w569" CONTENT="a" HPOS="1526" VPOS="923" WIDTH="19" HEIGHT="75" STYLEREFS="font0"/><SP WIDTH="16" VPOS="923" HPOS="1545"/><String ID="p39_w570" CONTENT="name" HPOS="1561" VPOS="923" WIDTH="91" HEIGHT="75" STYLEREFS="font0"/><SP WIDTH="16" VPOS="923" HPOS="1652"/><String ID="p39_w571" CONTENT="fometimes" HPOS="1668" VPOS="923" WIDTH="180" HEIGHT="75" STYLEREFS="font0"/><SP WIDTH="17" VPOS="923" HPOS="1848"/><String ID="p39_w572" CONTENT="given" HPOS="1865" VPOS="923" WIDTH="95" HEIGHT="75" STYLEREFS="font0"/><SP WIDTH="16" VPOS="923" HPOS="1960"/><String ID="p39_w573" CONTENT="to" HPOS="1976" VPOS="923" WIDTH="35" HEIGHT="75" STYLEREFS="font0"/><SP WIDTH="16" VPOS="923" HPOS="2011"/><String ID="p39_w574" CONTENT="the" HPOS="2027" VPOS="923" WIDTH="57" HEIGHT="75" STYLEREFS="font0"/><SP WIDTH="16" VPOS="923" HPOS="2084"/><String ID="p39_w575" CONTENT="diamond." HPOS="2100" VPOS="923" WIDTH="165" HEIGHT="75" STYLEREFS="font0"/></TextLine><TextLine WIDTH="985" HEIGHT="75" ID="p39_t82" HPOS="1280" VPOS="969"><String ID="p39_w576" CONTENT="See" HPOS="1280" VPOS="969" WIDTH="62" HEIGHT="75" STYLEREFS="font0"/><SP WIDTH="17" VPOS="969" HPOS="1342"/><String ID="p39_w577" CONTENT="Diamond." HPOS="1359" VPOS="969" WIDTH="212" HEIGHT="75" STYLEREFS="font0"/><SP WIDTH="49" VPOS="969" HPOS="1571"/><String ID="p39_w578" CONTENT="It" HPOS="1620" VPOS="969" WIDTH="33" HEIGHT="75" STYLEREFS="font0"/><SP WIDTH="16" VPOS="969" HPOS="1653"/><String ID="p39_w579" CONTENT="is" HPOS="1669" VPOS="969" WIDTH="27" HEIGHT="75" STYLEREFS="font0"/><SP WIDTH="16" VPOS="969" HPOS="1696"/><String ID="p39_w580" CONTENT="likewife" HPOS="1712" VPOS="969" WIDTH="139" HEIGHT="75" STYLEREFS="font0"/><SP WIDTH="28" VPOS="969" HPOS="1851"/><String ID="p39_w581" CONTENT="applied" HPOS="1879" VPOS="969" WIDTH="127" HEIGHT="75" STYLEREFS="font0"/><SP WIDTH="15" VPOS="969" HPOS="2006"/><String ID="p39_w582" CONTENT="to" HPOS="2021" VPOS="969" WIDTH="34" HEIGHT="75" STYLEREFS="font0"/><SP WIDTH="25" VPOS="969" HPOS="2055"/><String ID="p39_w583" CONTENT="the" HPOS="2080" VPOS="969" WIDTH="56" HEIGHT="75" STYLEREFS="font0"/><SP WIDTH="22" VPOS="969" HPOS="2136"/><String ID="p39_w584" CONTENT="fcoriae" HPOS="2158" VPOS="969" WIDTH="107" HEIGHT="75" STYLEREFS="font0"/></TextLine><TextLine WIDTH="469" HEIGHT="75" ID="p39_t83" HPOS="1279" VPOS="1014"><String ID="p39_w585" CONTENT="of" HPOS="1279" VPOS="1014" WIDTH="40" HEIGHT="75" STYLEREFS="font0"/><SP WIDTH="11" VPOS="1014" HPOS="1319"/><String ID="p39_w586" CONTENT="gold," HPOS="1330" VPOS="1014" WIDTH="89" HEIGHT="75" STYLEREFS="font0"/><SP WIDTH="25" VPOS="1014" HPOS="1419"/><String ID="p39_w587" CONTENT="the" HPOS="1444" VPOS="1014" WIDTH="55" HEIGHT="75" STYLEREFS="font0"/><SP WIDTH="17" VPOS="1014" HPOS="1499"/><String ID="p39_w588" CONTENT="magnet," HPOS="1516" VPOS="1014" WIDTH="140" HEIGHT="75" STYLEREFS="font0"/><SP WIDTH="26" VPOS="1014" HPOS="1656"/><String ID="p39_w589" CONTENT="dye," HPOS="1682" VPOS="1014" WIDTH="66" HEIGHT="75" STYLEREFS="font0"/></TextLine><TextLine WIDTH="1034" HEIGHT="75" ID="p39_t84" HPOS="1230" VPOS="1061"><String ID="p39_w590" CONTENT="ADAMANTIC," HPOS="1230" VPOS="1061" WIDTH="316" HEIGHT="75" STYLEREFS="font0"/><SP WIDTH="25" VPOS="1061" HPOS="1546"/><String ID="p39_w591" CONTENT="in" HPOS="1571" VPOS="1061" WIDTH="33" HEIGHT="75" STYLEREFS="font0"/><SP WIDTH="17" VPOS="1061" HPOS="1604"/><String ID="p39_w592" CONTENT="church" HPOS="1621" VPOS="1061" WIDTH="121" HEIGHT="75" STYLEREFS="font0"/><SP WIDTH="16" VPOS="1061" HPOS="1742"/><String ID="p39_w593" CONTENT="hiftory," HPOS="1758" VPOS="1061" WIDTH="132" HEIGHT="75" STYLEREFS="font0"/><SP WIDTH="27" VPOS="1061" HPOS="1890"/><String ID="p39_w594" CONTENT="a" HPOS="1917" VPOS="1061" WIDTH="18" HEIGHT="75" STYLEREFS="font0"/><SP WIDTH="11" VPOS="1061" HPOS="1935"/><String ID="p39_w595" CONTENT="name" HPOS="1946" VPOS="1061" WIDTH="92" HEIGHT="75" STYLEREFS="font0"/><SP WIDTH="12" VPOS="1061" HPOS="2038"/><String ID="p39_w596" CONTENT="given" HPOS="2050" VPOS="1061" WIDTH="93" HEIGHT="75" STYLEREFS="font0"/><SP WIDTH="12" VPOS="1061" HPOS="2143"/><String ID="p39_w597" CONTENT="to" HPOS="2155" VPOS="1061" WIDTH="35" HEIGHT="75" STYLEREFS="font0"/><SP WIDTH="17" VPOS="1061" HPOS="2190"/><String ID="p39_w598" CONTENT="the" HPOS="2207" VPOS="1061" WIDTH="57" HEIGHT="75" STYLEREFS="font0"/></TextLine><TextLine WIDTH="804" HEIGHT="75" ID="p39_t85" HPOS="1276" VPOS="1106"><String ID="p39_w599" CONTENT="followers" HPOS="1276" VPOS="1106" WIDTH="163" HEIGHT="75" STYLEREFS="font0"/><SP WIDTH="17" VPOS="1106" HPOS="1439"/><String ID="p39_w600" CONTENT="of" HPOS="1456" VPOS="1106" WIDTH="41" HEIGHT="75" STYLEREFS="font0"/><SP WIDTH="11" VPOS="1106" HPOS="1497"/><String ID="p39_w601" CONTENT="Origen," HPOS="1508" VPOS="1106" WIDTH="136" HEIGHT="75" STYLEREFS="font0"/><SP WIDTH="25" VPOS="1106" HPOS="1644"/><String ID="p39_w602" CONTENT="firnamed" HPOS="1669" VPOS="1106" WIDTH="157" HEIGHT="75" STYLEREFS="font0"/><SP WIDTH="21" VPOS="1106" HPOS="1826"/><String ID="p39_w603" CONTENT="Adamantius." HPOS="1847" VPOS="1106" WIDTH="233" HEIGHT="75" STYLEREFS="font0"/></TextLine><TextLine WIDTH="1033" HEIGHT="75" ID="p39_t86" HPOS="1229" VPOS="1153"><String ID="p39_w604" CONTENT="ADAMBOE," HPOS="1229" VPOS="1153" WIDTH="256" HEIGHT="75" STYLEREFS="font0"/><SP WIDTH="18" VPOS="1153" HPOS="1485"/><String ID="p39_w605" CONTENT="in" HPOS="1503" VPOS="1153" WIDTH="32" HEIGHT="75" STYLEREFS="font0"/><SP WIDTH="12" VPOS="1153" HPOS="1535"/><String ID="p39_w606" CONTENT="botany," HPOS="1547" VPOS="1153" WIDTH="133" HEIGHT="75" STYLEREFS="font0"/><SP WIDTH="18" VPOS="1153" HPOS="1680"/><String ID="p39_w607" CONTENT="a" HPOS="1698" VPOS="1153" WIDTH="19" HEIGHT="75" STYLEREFS="font0"/><SP WIDTH="11" VPOS="1153" HPOS="1717"/><String ID="p39_w608" CONTENT="fynonime" HPOS="1728" VPOS="1153" WIDTH="163" HEIGHT="75" STYLEREFS="font0"/><SP WIDTH="12" VPOS="1153" HPOS="1891"/><String ID="p39_w609" CONTENT="of" HPOS="1903" VPOS="1153" WIDTH="41" HEIGHT="75" STYLEREFS="font0"/><SP WIDTH="6" VPOS="1153" HPOS="1944"/><String ID="p39_w610" CONTENT="the" HPOS="1950" VPOS="1153" WIDTH="56" HEIGHT="75" STYLEREFS="font0"/><SP WIDTH="12" VPOS="1153" HPOS="2006"/><String ID="p39_w611" CONTENT="ipomoea" HPOS="2018" VPOS="1153" WIDTH="145" HEIGHT="75" STYLEREFS="font0"/><SP WIDTH="12" VPOS="1153" HPOS="2163"/><String ID="p39_w612" CONTENT="cam-" HPOS="2175" VPOS="1153" WIDTH="87" HEIGHT="75" STYLEREFS="font0"/></TextLine><TextLine WIDTH="986" HEIGHT="75" ID="p39_t87" HPOS="1273" VPOS="1199"><String ID="p39_w613" CONTENT="panulata," HPOS="1273" VPOS="1199" WIDTH="160" HEIGHT="75" STYLEREFS="font0"/><SP WIDTH="18" VPOS="1199" HPOS="1433"/><String ID="p39_w614" CONTENT="an" HPOS="1451" VPOS="1199" WIDTH="39" HEIGHT="75" STYLEREFS="font0"/><SP WIDTH="16" VPOS="1199" HPOS="1490"/><String ID="p39_w615" CONTENT="Indian" HPOS="1506" VPOS="1199" WIDTH="114" HEIGHT="75" STYLEREFS="font0"/><SP WIDTH="12" VPOS="1199" HPOS="1620"/><String ID="p39_w616" CONTENT="plant," HPOS="1632" VPOS="1199" WIDTH="102" HEIGHT="75" STYLEREFS="font0"/><SP WIDTH="25" VPOS="1199" HPOS="1734"/><String ID="p39_w617" CONTENT="belonging" HPOS="1759" VPOS="1199" WIDTH="172" HEIGHT="75" STYLEREFS="font0"/><SP WIDTH="17" VPOS="1199" HPOS="1931"/><String ID="p39_w618" CONTENT="to" HPOS="1948" VPOS="1199" WIDTH="34" HEIGHT="75" STYLEREFS="font0"/><SP WIDTH="17" VPOS="1199" HPOS="1982"/><String ID="p39_w619" CONTENT="the" HPOS="1999" VPOS="1199" WIDTH="55" HEIGHT="75" STYLEREFS="font0"/><SP WIDTH="16" VPOS="1199" HPOS="2054"/><String ID="p39_w620" CONTENT="pentandria" HPOS="2070" VPOS="1199" WIDTH="189" HEIGHT="75" STYLEREFS="font0"/></TextLine><TextLine WIDTH="629" HEIGHT="75" ID="p39_t88" HPOS="1273" VPOS="1244"><String ID="p39_w621" CONTENT="monogynia" HPOS="1273" VPOS="1244" WIDTH="193" HEIGHT="75" STYLEREFS="font0"/><SP WIDTH="15" VPOS="1244" HPOS="1466"/><String ID="p39_w622" CONTENT="clafs." HPOS="1481" VPOS="1244" WIDTH="90" HEIGHT="75" STYLEREFS="font0"/><SP WIDTH="52" VPOS="1244" HPOS="1571"/><String ID="p39_w623" CONTENT="See" HPOS="1623" VPOS="1244" WIDTH="62" HEIGHT="75" STYLEREFS="font0"/><SP WIDTH="22" VPOS="1244" HPOS="1685"/><String ID="p39_w624" CONTENT="Ipomoea." HPOS="1707" VPOS="1244" WIDTH="195" HEIGHT="75" STYLEREFS="font0"/></TextLine><TextLine WIDTH="1033" HEIGHT="75" ID="p39_t89" HPOS="1225" VPOS="1291"><String ID="p39_w625" CONTENT="ADAML/&gt;ootw," HPOS="1225" VPOS="1291" WIDTH="318" HEIGHT="75" STYLEREFS="font0"/><SP WIDTH="26" VPOS="1291" HPOS="1543"/><String ID="p39_w626" CONTENT="or" HPOS="1569" VPOS="1291" WIDTH="37" HEIGHT="75" STYLEREFS="font0"/><SP WIDTH="17" VPOS="1291" HPOS="1606"/><String ID="p39_w627" CONTENT="Adam'" HPOS="1623" VPOS="1291" WIDTH="118" HEIGHT="75" STYLEREFS="font0"/><String ID="p39_w628" CONTENT="s" HPOS="1741" VPOS="1291" WIDTH="17" HEIGHT="75" STYLEREFS="font0"/><SP WIDTH="17" VPOS="1291" HPOS="1758"/><String ID="p39_w629" CONTENT="apple," HPOS="1775" VPOS="1291" WIDTH="104" HEIGHT="75" STYLEREFS="font0"/><SP WIDTH="25" VPOS="1291" HPOS="1879"/><String ID="p39_w630" CONTENT="in" HPOS="1904" VPOS="1291" WIDTH="32" HEIGHT="75" STYLEREFS="font0"/><SP WIDTH="13" VPOS="1291" HPOS="1936"/><String ID="p39_w631" CONTENT="botany," HPOS="1949" VPOS="1291" WIDTH="134" HEIGHT="75" STYLEREFS="font0"/><SP WIDTH="26" VPOS="1291" HPOS="2083"/><String ID="p39_w632" CONTENT="an" HPOS="2109" VPOS="1291" WIDTH="39" HEIGHT="75" STYLEREFS="font0"/><SP WIDTH="17" VPOS="1291" HPOS="2148"/><String ID="p39_w633" CONTENT="obfo-" HPOS="2165" VPOS="1291" WIDTH="93" HEIGHT="75" STYLEREFS="font0"/></TextLine><TextLine WIDTH="987" HEIGHT="75" ID="p39_t90" HPOS="1272" VPOS="1337"><String ID="p39_w634" CONTENT="lete" HPOS="1272" VPOS="1337" WIDTH="64" HEIGHT="75" STYLEREFS="font0"/><SP WIDTH="17" VPOS="1337" HPOS="1336"/><String ID="p39_w635" CONTENT="name" HPOS="1353" VPOS="1337" WIDTH="90" HEIGHT="75" STYLEREFS="font0"/><SP WIDTH="17" VPOS="1337" HPOS="1443"/><String ID="p39_w636" CONTENT="of" HPOS="1460" VPOS="1337" WIDTH="40" HEIGHT="75" STYLEREFS="font0"/><SP WIDTH="18" VPOS="1337" HPOS="1500"/><String ID="p39_w637" CONTENT="a" HPOS="1518" VPOS="1337" WIDTH="18" HEIGHT="75" STYLEREFS="font0"/><SP WIDTH="15" VPOS="1337" HPOS="1536"/><String ID="p39_w638" CONTENT="fpecies" HPOS="1551" VPOS="1337" WIDTH="119" HEIGHT="75" STYLEREFS="font0"/><SP WIDTH="16" VPOS="1337" HPOS="1670"/><String ID="p39_w639" CONTENT="of" HPOS="1686" VPOS="1337" WIDTH="41" HEIGHT="75" STYLEREFS="font0"/><SP WIDTH="10" VPOS="1337" HPOS="1727"/><String ID="p39_w640" CONTENT="the" HPOS="1737" VPOS="1337" WIDTH="55" HEIGHT="75" STYLEREFS="font0"/><SP WIDTH="28" VPOS="1337" HPOS="1792"/><String ID="p39_w641" CONTENT="citrus" HPOS="1820" VPOS="1337" WIDTH="100" HEIGHT="75" STYLEREFS="font0"/><SP WIDTH="28" VPOS="1337" HPOS="1920"/><String ID="p39_w642" CONTENT="or" HPOS="1948" VPOS="1337" WIDTH="38" HEIGHT="75" STYLEREFS="font0"/><SP WIDTH="26" VPOS="1337" HPOS="1986"/><String ID="p39_w643" CONTENT="orange." HPOS="2012" VPOS="1337" WIDTH="131" HEIGHT="75" STYLEREFS="font0"/><SP WIDTH="53" VPOS="1337" HPOS="2143"/><String ID="p39_w644" CONTENT="See" HPOS="2196" VPOS="1337" WIDTH="63" HEIGHT="75" STYLEREFS="font0"/></TextLine><TextLine WIDTH="166" HEIGHT="75" ID="p39_t91" HPOS="1272" VPOS="1384"><String ID="p39_w645" CONTENT="Citrus." HPOS="1272" VPOS="1384" WIDTH="166" HEIGHT="75" STYLEREFS="font0"/></TextLine><TextLine WIDTH="1033" HEIGHT="75" ID="p39_t92" HPOS="1224" VPOS="1429"><String ID="p39_w646" CONTENT="Adam" HPOS="1224" VPOS="1429" WIDTH="116" HEIGHT="75" STYLEREFS="font0"/><SP WIDTH="8" VPOS="1429" HPOS="1340"/><String ID="p39_w647" CONTENT="1" HPOS="1348" VPOS="1429" WIDTH="10" HEIGHT="75" STYLEREFS="font0"/><SP WIDTH="15" VPOS="1429" HPOS="1358"/><String ID="p39_w648" CONTENT="pomum," HPOS="1373" VPOS="1429" WIDTH="142" HEIGHT="75" STYLEREFS="font0"/><SP WIDTH="25" VPOS="1429" HPOS="1515"/><String ID="p39_w649" CONTENT="in" HPOS="1540" VPOS="1429" WIDTH="32" HEIGHT="75" STYLEREFS="font0"/><SP WIDTH="12" VPOS="1429" HPOS="1572"/><String ID="p39_w650" CONTENT="anatomy," HPOS="1584" VPOS="1429" WIDTH="161" HEIGHT="75" STYLEREFS="font0"/><SP WIDTH="26" VPOS="1429" HPOS="1745"/><String ID="p39_w651" CONTENT="the" HPOS="1771" VPOS="1429" WIDTH="57" HEIGHT="75" STYLEREFS="font0"/><SP WIDTH="12" VPOS="1429" HPOS="1828"/><String ID="p39_w652" CONTENT="convex" HPOS="1840" VPOS="1429" WIDTH="125" HEIGHT="75" STYLEREFS="font0"/><SP WIDTH="12" VPOS="1429" HPOS="1965"/><String ID="p39_w653" CONTENT="part" HPOS="1977" VPOS="1429" WIDTH="72" HEIGHT="75" STYLEREFS="font0"/><SP WIDTH="15" VPOS="1429" HPOS="2049"/><String ID="p39_w654" CONTENT="of" HPOS="2064" VPOS="1429" WIDTH="42" HEIGHT="75" STYLEREFS="font0"/><SP WIDTH="10" VPOS="1429" HPOS="2106"/><String ID="p39_w655" CONTENT="the" HPOS="2116" VPOS="1429" WIDTH="58" HEIGHT="75" STYLEREFS="font0"/><SP WIDTH="16" VPOS="1429" HPOS="2174"/><String ID="p39_w656" CONTENT="firft" HPOS="2190" VPOS="1429" WIDTH="67" HEIGHT="75" STYLEREFS="font0"/></TextLine><TextLine WIDTH="956" HEIGHT="75" ID="p39_t93" HPOS="1272" VPOS="1475"><String ID="p39_w657" CONTENT="cartilage" HPOS="1272" VPOS="1475" WIDTH="150" HEIGHT="75" STYLEREFS="font0"/><SP WIDTH="17" VPOS="1475" HPOS="1422"/><String ID="p39_w658" CONTENT="of" HPOS="1439" VPOS="1475" WIDTH="40" HEIGHT="75" STYLEREFS="font0"/><SP WIDTH="11" VPOS="1475" HPOS="1479"/><String ID="p39_w659" CONTENT="the" HPOS="1490" VPOS="1475" WIDTH="54" HEIGHT="75" STYLEREFS="font0"/><SP WIDTH="23" VPOS="1475" HPOS="1544"/><String ID="p39_w660" CONTENT="larynx." HPOS="1567" VPOS="1475" WIDTH="127" HEIGHT="75" STYLEREFS="font0"/><SP WIDTH="51" VPOS="1475" HPOS="1694"/><String ID="p39_w661" CONTENT="See" HPOS="1745" VPOS="1475" WIDTH="62" HEIGHT="75" STYLEREFS="font0"/><SP WIDTH="20" VPOS="1475" HPOS="1807"/><String ID="p39_w662" CONTENT="Anatomy," HPOS="1827" VPOS="1475" WIDTH="211" HEIGHT="75" STYLEREFS="font0"/><SP WIDTH="26" VPOS="1475" HPOS="2038"/><String ID="p39_w663" CONTENT="Part" HPOS="2064" VPOS="1475" WIDTH="79" HEIGHT="75" STYLEREFS="font0"/><SP WIDTH="17" VPOS="1475" HPOS="2143"/><String ID="p39_w664" CONTENT="VI." HPOS="2160" VPOS="1475" WIDTH="68" HEIGHT="75" STYLEREFS="font0"/></TextLine><TextLine WIDTH="1030" HEIGHT="75" ID="p39_t94" HPOS="1224" VPOS="1523"><String ID="p39_w665" CONTENT="ADAMIC" HPOS="1224" VPOS="1523" WIDTH="197" HEIGHT="75" STYLEREFS="font0"/><SP WIDTH="17" VPOS="1523" HPOS="1421"/><String ID="p39_w666" CONTENT="earth," HPOS="1438" VPOS="1523" WIDTH="106" HEIGHT="75" STYLEREFS="font0"/><SP WIDTH="25" VPOS="1523" HPOS="1544"/><String ID="p39_w667" CONTENT="a" HPOS="1569" VPOS="1523" WIDTH="19" HEIGHT="75" STYLEREFS="font0"/><SP WIDTH="17" VPOS="1523" HPOS="1588"/><String ID="p39_w668" CONTENT="name" HPOS="1605" VPOS="1523" WIDTH="89" HEIGHT="75" STYLEREFS="font0"/><SP WIDTH="28" VPOS="1523" HPOS="1694"/><String ID="p39_w669" CONTENT="given" HPOS="1722" VPOS="1523" WIDTH="93" HEIGHT="75" STYLEREFS="font0"/><SP WIDTH="28" VPOS="1523" HPOS="1815"/><String ID="p39_w670" CONTENT="to" HPOS="1843" VPOS="1523" WIDTH="36" HEIGHT="75" STYLEREFS="font0"/><SP WIDTH="28" VPOS="1523" HPOS="1879"/><String ID="p39_w671" CONTENT="common" HPOS="1907" VPOS="1523" WIDTH="148" HEIGHT="75" STYLEREFS="font0"/><SP WIDTH="28" VPOS="1523" HPOS="2055"/><String ID="p39_w672" CONTENT="red" HPOS="2083" VPOS="1523" WIDTH="57" HEIGHT="75" STYLEREFS="font0"/><SP WIDTH="28" VPOS="1523" HPOS="2140"/><String ID="p39_w673" CONTENT="clay," HPOS="2168" VPOS="1523" WIDTH="86" HEIGHT="75" STYLEREFS="font0"/></TextLine><TextLine WIDTH="980" HEIGHT="75" ID="p39_t95" HPOS="1273" VPOS="1567"><String ID="p39_w674" CONTENT="alluding" HPOS="1273" VPOS="1567" WIDTH="140" HEIGHT="75" STYLEREFS="font0"/><SP WIDTH="14" VPOS="1567" HPOS="1413"/><String ID="p39_w675" CONTENT="to" HPOS="1427" VPOS="1567" WIDTH="35" HEIGHT="75" STYLEREFS="font0"/><SP WIDTH="13" VPOS="1567" HPOS="1462"/><String ID="p39_w676" CONTENT="that" HPOS="1475" VPOS="1567" WIDTH="69" HEIGHT="75" STYLEREFS="font0"/><SP WIDTH="17" VPOS="1567" HPOS="1544"/><String ID="p39_w677" CONTENT="fpecies" HPOS="1561" VPOS="1567" WIDTH="117" HEIGHT="75" STYLEREFS="font0"/><SP WIDTH="17" VPOS="1567" HPOS="1678"/><String ID="p39_w678" CONTENT="of" HPOS="1695" VPOS="1567" WIDTH="39" HEIGHT="75" STYLEREFS="font0"/><SP WIDTH="12" VPOS="1567" HPOS="1734"/><String ID="p39_w679" CONTENT="earth" HPOS="1746" VPOS="1567" WIDTH="91" HEIGHT="75" STYLEREFS="font0"/><SP WIDTH="17" VPOS="1567" HPOS="1837"/><String ID="p39_w680" CONTENT="of" HPOS="1854" VPOS="1567" WIDTH="40" HEIGHT="75" STYLEREFS="font0"/><SP WIDTH="13" VPOS="1567" HPOS="1894"/><String ID="p39_w681" CONTENT="which" HPOS="1907" VPOS="1567" WIDTH="105" HEIGHT="75" STYLEREFS="font0"/><SP WIDTH="18" VPOS="1567" HPOS="2012"/><String ID="p39_w682" CONTENT="the" HPOS="2030" VPOS="1567" WIDTH="54" HEIGHT="75" STYLEREFS="font0"/><SP WIDTH="16" VPOS="1567" HPOS="2084"/><String ID="p39_w683" CONTENT="firft" HPOS="2100" VPOS="1567" WIDTH="65" HEIGHT="75" STYLEREFS="font0"/><SP WIDTH="15" VPOS="1567" HPOS="2165"/><String ID="p39_w684" CONTENT="man" HPOS="2180" VPOS="1567" WIDTH="73" HEIGHT="75" STYLEREFS="font0"/></TextLine><TextLine WIDTH="552" HEIGHT="75" ID="p39_t96" HPOS="1272" VPOS="1613"><String ID="p39_w685" CONTENT="is" HPOS="1272" VPOS="1613" WIDTH="27" HEIGHT="75" STYLEREFS="font0"/><SP WIDTH="16" VPOS="1613" HPOS="1299"/><String ID="p39_w686" CONTENT="fuppofed" HPOS="1315" VPOS="1613" WIDTH="153" HEIGHT="75" STYLEREFS="font0"/><SP WIDTH="15" VPOS="1613" HPOS="1468"/><String ID="p39_w687" CONTENT="to" HPOS="1483" VPOS="1613" WIDTH="34" HEIGHT="75" STYLEREFS="font0"/><SP WIDTH="16" VPOS="1613" HPOS="1517"/><String ID="p39_w688" CONTENT="have" HPOS="1533" VPOS="1613" WIDTH="80" HEIGHT="75" STYLEREFS="font0"/><SP WIDTH="12" VPOS="1613" HPOS="1613"/><String ID="p39_w689" CONTENT="been" HPOS="1625" VPOS="1613" WIDTH="80" HEIGHT="75" STYLEREFS="font0"/><SP WIDTH="16" VPOS="1613" HPOS="1705"/><String ID="p39_w690" CONTENT="made." HPOS="1721" VPOS="1613" WIDTH="103" HEIGHT="75" STYLEREFS="font0"/></TextLine><TextLine WIDTH="1026" HEIGHT="75" ID="p39_t97" HPOS="1226" VPOS="1660"><String ID="p39_w691" CONTENT="ADAMITES," HPOS="1226" VPOS="1660" WIDTH="270" HEIGHT="75" STYLEREFS="font0"/><SP WIDTH="26" VPOS="1660" HPOS="1496"/><String ID="p39_w692" CONTENT="in" HPOS="1522" VPOS="1660" WIDTH="31" HEIGHT="75" STYLEREFS="font0"/><SP WIDTH="18" VPOS="1660" HPOS="1553"/><String ID="p39_w693" CONTENT="church" HPOS="1571" VPOS="1660" WIDTH="119" HEIGHT="75" STYLEREFS="font0"/><SP WIDTH="17" VPOS="1660" HPOS="1690"/><String ID="p39_w694" CONTENT="hiftory," HPOS="1707" VPOS="1660" WIDTH="131" HEIGHT="75" STYLEREFS="font0"/><SP WIDTH="13" VPOS="1660" HPOS="1838"/><String ID="p39_w695" CONTENT=".a" HPOS="1851" VPOS="1660" WIDTH="32" HEIGHT="75" STYLEREFS="font0"/><SP WIDTH="24" VPOS="1660" HPOS="1883"/><String ID="p39_w696" CONTENT="name" HPOS="1907" VPOS="1660" WIDTH="90" HEIGHT="75" STYLEREFS="font0"/><SP WIDTH="17" VPOS="1660" HPOS="1997"/><String ID="p39_w697" CONTENT="fometimes" HPOS="2014" VPOS="1660" WIDTH="185" HEIGHT="75" STYLEREFS="font0"/><SP WIDTH="14" VPOS="1660" HPOS="2199"/><String ID="p39_w698" CONTENT="u-" HPOS="2213" VPOS="1660" WIDTH="39" HEIGHT="75" STYLEREFS="font0"/></TextLine><TextLine WIDTH="983" HEIGHT="75" ID="p39_t98" HPOS="1269" VPOS="1705"><String ID="p39_w699" CONTENT="fed" HPOS="1269" VPOS="1705" WIDTH="54" HEIGHT="75" STYLEREFS="font0"/><SP WIDTH="16" VPOS="1705" HPOS="1323"/><String ID="p39_w700" CONTENT="for" HPOS="1339" VPOS="1705" WIDTH="52" HEIGHT="75" STYLEREFS="font0"/><SP WIDTH="23" VPOS="1705" HPOS="1391"/><String ID="p39_w701" CONTENT="the" HPOS="1414" VPOS="1705" WIDTH="56" HEIGHT="75" STYLEREFS="font0"/><SP WIDTH="16" VPOS="1705" HPOS="1470"/><String ID="p39_w702" CONTENT="defeendents" HPOS="1486" VPOS="1705" WIDTH="206" HEIGHT="75" STYLEREFS="font0"/><SP WIDTH="24" VPOS="1705" HPOS="1692"/><String ID="p39_w703" CONTENT="of" HPOS="1716" VPOS="1705" WIDTH="40" HEIGHT="75" STYLEREFS="font0"/><SP WIDTH="21" VPOS="1705" HPOS="1756"/><String ID="p39_w704" CONTENT="Adam" HPOS="1777" VPOS="1705" WIDTH="107" HEIGHT="75" STYLEREFS="font0"/><SP WIDTH="25" VPOS="1705" HPOS="1884"/><String ID="p39_w705" CONTENT="by" HPOS="1909" VPOS="1705" WIDTH="43" HEIGHT="75" STYLEREFS="font0"/><SP WIDTH="25" VPOS="1705" HPOS="1952"/><String ID="p39_w706" CONTENT="Seth," HPOS="1977" VPOS="1705" WIDTH="93" HEIGHT="75" STYLEREFS="font0"/><SP WIDTH="24" VPOS="1705" HPOS="2070"/><String ID="p39_w707" CONTENT="who" HPOS="2094" VPOS="1705" WIDTH="75" HEIGHT="75" STYLEREFS="font0"/><SP WIDTH="27" VPOS="1705" HPOS="2169"/><String ID="p39_w708" CONTENT="are" HPOS="2196" VPOS="1705" WIDTH="56" HEIGHT="75" STYLEREFS="font0"/></TextLine><TextLine WIDTH="975" HEIGHT="75" ID="p39_t99" HPOS="1270" VPOS="1751"><String ID="p39_w709" CONTENT="more" HPOS="1270" VPOS="1751" WIDTH="89" HEIGHT="75" STYLEREFS="font0"/><SP WIDTH="15" VPOS="1751" HPOS="1359"/><String ID="p39_w710" CONTENT="ufually" HPOS="1374" VPOS="1751" WIDTH="122" HEIGHT="75" STYLEREFS="font0"/><SP WIDTH="12" VPOS="1751" HPOS="1496"/><String ID="p39_w711" CONTENT="called" HPOS="1508" VPOS="1751" WIDTH="102" HEIGHT="75" STYLEREFS="font0"/><SP WIDTH="16" VPOS="1751" HPOS="1610"/><String ID="p39_w712" CONTENT="Sethites." HPOS="1626" VPOS="1751" WIDTH="154" HEIGHT="75" STYLEREFS="font0"/><SP WIDTH="48" VPOS="1751" HPOS="1780"/><String ID="p39_w713" CONTENT="But" HPOS="1828" VPOS="1751" WIDTH="67" HEIGHT="75" STYLEREFS="font0"/><SP WIDTH="12" VPOS="1751" HPOS="1895"/><String ID="p39_w714" CONTENT="the" HPOS="1907" VPOS="1751" WIDTH="55" HEIGHT="75" STYLEREFS="font0"/><SP WIDTH="13" VPOS="1751" HPOS="1962"/><String ID="p39_w715" CONTENT="name" HPOS="1975" VPOS="1751" WIDTH="90" HEIGHT="75" STYLEREFS="font0"/><SP WIDTH="15" VPOS="1751" HPOS="2065"/><String ID="p39_w716" CONTENT="Adamites" HPOS="2080" VPOS="1751" WIDTH="165" HEIGHT="75" STYLEREFS="font0"/></TextLine><TextLine WIDTH="981" HEIGHT="75" ID="p39_t100" HPOS="1269" VPOS="1797"><String ID="p39_w717" CONTENT="is" HPOS="1269" VPOS="1797" WIDTH="27" HEIGHT="75" STYLEREFS="font0"/><SP WIDTH="16" VPOS="1797" HPOS="1296"/><String ID="p39_w718" CONTENT="more" HPOS="1312" VPOS="1797" WIDTH="88" HEIGHT="75" STYLEREFS="font0"/><SP WIDTH="16" VPOS="1797" HPOS="1400"/><String ID="p39_w719" CONTENT="particularly" HPOS="1416" VPOS="1797" WIDTH="206" HEIGHT="75" STYLEREFS="font0"/><SP WIDTH="15" VPOS="1797" HPOS="1622"/><String ID="p39_w720" CONTENT="ufed," HPOS="1637" VPOS="1797" WIDTH="87" HEIGHT="75" STYLEREFS="font0"/><SP WIDTH="25" VPOS="1797" HPOS="1724"/><String ID="p39_w721" CONTENT="by" HPOS="1749" VPOS="1797" WIDTH="44" HEIGHT="75" STYLEREFS="font0"/><SP WIDTH="16" VPOS="1797" HPOS="1793"/><String ID="p39_w722" CONTENT="ecclefiaftical" HPOS="1809" VPOS="1797" WIDTH="215" HEIGHT="75" STYLEREFS="font0"/><SP WIDTH="17" VPOS="1797" HPOS="2024"/><String ID="p39_w723" CONTENT="writers," HPOS="2041" VPOS="1797" WIDTH="138" HEIGHT="75" STYLEREFS="font0"/><SP WIDTH="18" VPOS="1797" HPOS="2179"/><String ID="p39_w724" CONTENT="for" HPOS="2197" VPOS="1797" WIDTH="53" HEIGHT="75" STYLEREFS="font0"/></TextLine><TextLine WIDTH="978" HEIGHT="75" ID="p39_t101" HPOS="1270" VPOS="1844"><String ID="p39_w725" CONTENT="a" HPOS="1270" VPOS="1844" WIDTH="17" HEIGHT="75" STYLEREFS="font0"/><SP WIDTH="11" VPOS="1844" HPOS="1287"/><String ID="p39_w726" CONTENT="fe&lt;5t" HPOS="1298" VPOS="1844" WIDTH="62" HEIGHT="75" STYLEREFS="font0"/><SP WIDTH="11" VPOS="1844" HPOS="1360"/><String ID="p39_w727" CONTENT="of" HPOS="1371" VPOS="1844" WIDTH="40" HEIGHT="75" STYLEREFS="font0"/><SP WIDTH="12" VPOS="1844" HPOS="1411"/><String ID="p39_w728" CONTENT="ancient" HPOS="1423" VPOS="1844" WIDTH="123" HEIGHT="75" STYLEREFS="font0"/><SP WIDTH="16" VPOS="1844" HPOS="1546"/><String ID="p39_w729" CONTENT="heietics," HPOS="1562" VPOS="1844" WIDTH="151" HEIGHT="75" STYLEREFS="font0"/><SP WIDTH="26" VPOS="1844" HPOS="1713"/><String ID="p39_w730" CONTENT="who" HPOS="1739" VPOS="1844" WIDTH="73" HEIGHT="75" STYLEREFS="font0"/><SP WIDTH="16" VPOS="1844" HPOS="1812"/><String ID="p39_w731" CONTENT="took" HPOS="1828" VPOS="1844" WIDTH="79" HEIGHT="75" STYLEREFS="font0"/><SP WIDTH="16" VPOS="1844" HPOS="1907"/><String ID="p39_w732" CONTENT="upon" HPOS="1923" VPOS="1844" WIDTH="84" HEIGHT="75" STYLEREFS="font0"/><SP WIDTH="12" VPOS="1844" HPOS="2007"/><String ID="p39_w733" CONTENT="them" HPOS="2019" VPOS="1844" WIDTH="90" HEIGHT="75" STYLEREFS="font0"/><SP WIDTH="16" VPOS="1844" HPOS="2109"/><String ID="p39_w734" CONTENT="to" HPOS="2125" VPOS="1844" WIDTH="35" HEIGHT="75" STYLEREFS="font0"/><SP WIDTH="17" VPOS="1844" HPOS="2160"/><String ID="p39_w735" CONTENT="imi-" HPOS="2177" VPOS="1844" WIDTH="71" HEIGHT="75" STYLEREFS="font0"/></TextLine><TextLine WIDTH="980" HEIGHT="75" ID="p39_t102" HPOS="1268" VPOS="1890"><String ID="p39_w736" CONTENT="tate" HPOS="1268" VPOS="1890" WIDTH="66" HEIGHT="75" STYLEREFS="font0"/><SP WIDTH="15" VPOS="1890" HPOS="1334"/><String ID="p39_w737" CONTENT="the" HPOS="1349" VPOS="1890" WIDTH="55" HEIGHT="75" STYLEREFS="font0"/><SP WIDTH="27" VPOS="1890" HPOS="1404"/><String ID="p39_w738" CONTENT="nakednefsof" HPOS="1431" VPOS="1890" WIDTH="229" HEIGHT="75" STYLEREFS="font0"/><SP WIDTH="9" VPOS="1890" HPOS="1660"/><String ID="p39_w739" CONTENT="Adam," HPOS="1669" VPOS="1890" WIDTH="121" HEIGHT="75" STYLEREFS="font0"/><SP WIDTH="25" VPOS="1890" HPOS="1790"/><String ID="p39_w740" CONTENT="and" HPOS="1815" VPOS="1890" WIDTH="63" HEIGHT="75" STYLEREFS="font0"/><SP WIDTH="14" VPOS="1890" HPOS="1878"/><String ID="p39_w741" CONTENT="pretended" HPOS="1892" VPOS="1890" WIDTH="175" HEIGHT="75" STYLEREFS="font0"/><SP WIDTH="16" VPOS="1890" HPOS="2067"/><String ID="p39_w742" CONTENT="to" HPOS="2083" VPOS="1890" WIDTH="35" HEIGHT="75" STYLEREFS="font0"/><SP WIDTH="17" VPOS="1890" HPOS="2118"/><String ID="p39_w743" CONTENT="be" HPOS="2135" VPOS="1890" WIDTH="39" HEIGHT="75" STYLEREFS="font0"/><SP WIDTH="22" VPOS="1890" HPOS="2174"/><String ID="p39_w744" CONTENT="re-" HPOS="2196" VPOS="1890" WIDTH="52" HEIGHT="75" STYLEREFS="font0"/></TextLine><TextLine WIDTH="594" HEIGHT="75" ID="p39_t103" HPOS="1267" VPOS="1936"><String ID="p39_w745" CONTENT="inftated" HPOS="1267" VPOS="1936" WIDTH="131" HEIGHT="75" STYLEREFS="font0"/><SP WIDTH="16" VPOS="1936" HPOS="1398"/><String ID="p39_w746" CONTENT="in" HPOS="1414" VPOS="1936" WIDTH="32" HEIGHT="75" STYLEREFS="font0"/><SP WIDTH="16" VPOS="1936" HPOS="1446"/><String ID="p39_w747" CONTENT="his" HPOS="1462" VPOS="1936" WIDTH="50" HEIGHT="75" STYLEREFS="font0"/><SP WIDTH="16" VPOS="1936" HPOS="1512"/><String ID="p39_w748" CONTENT="original" HPOS="1528" VPOS="1936" WIDTH="134" HEIGHT="75" STYLEREFS="font0"/><SP WIDTH="16" VPOS="1936" HPOS="1662"/><String ID="p39_w749" CONTENT="innocence." HPOS="1678" VPOS="1936" WIDTH="183" HEIGHT="75" STYLEREFS="font0"/></TextLine><TextLine WIDTH="1023" HEIGHT="75" ID="p39_t104" HPOS="1221" VPOS="1983"><String ID="p39_w750" CONTENT="ADAMSHIDE," HPOS="1221" VPOS="1983" WIDTH="309" HEIGHT="75" STYLEREFS="font0"/><SP WIDTH="26" VPOS="1983" HPOS="1530"/><String ID="p39_w751" CONTENT="a" HPOS="1556" VPOS="1983" WIDTH="19" HEIGHT="75" STYLEREFS="font0"/><SP WIDTH="16" VPOS="1983" HPOS="1575"/><String ID="p39_w752" CONTENT="diftrhft" HPOS="1591" VPOS="1983" WIDTH="117" HEIGHT="75" STYLEREFS="font0"/><SP WIDTH="24" VPOS="1983" HPOS="1708"/><String ID="p39_w753" CONTENT="of" HPOS="1732" VPOS="1983" WIDTH="39" HEIGHT="75" STYLEREFS="font0"/><SP WIDTH="18" VPOS="1983" HPOS="1771"/><String ID="p39_w754" CONTENT="the" HPOS="1789" VPOS="1983" WIDTH="55" HEIGHT="75" STYLEREFS="font0"/><SP WIDTH="25" VPOS="1983" HPOS="1844"/><String ID="p39_w755" CONTENT="circle" HPOS="1869" VPOS="1983" WIDTH="95" HEIGHT="75" STYLEREFS="font0"/><SP WIDTH="17" VPOS="1983" HPOS="1964"/><String ID="p39_w756" CONTENT="of" HPOS="1981" VPOS="1983" WIDTH="40" HEIGHT="75" STYLEREFS="font0"/><SP WIDTH="10" VPOS="1983" HPOS="2021"/><String ID="p39_w757" CONTENT="Raftenburg," HPOS="2031" VPOS="1983" WIDTH="213" HEIGHT="75" STYLEREFS="font0"/></TextLine><TextLine WIDTH="975" HEIGHT="75" ID="p39_t105" HPOS="1268" VPOS="2029"><String ID="p39_w758" CONTENT="belonging" HPOS="1268" VPOS="2029" WIDTH="170" HEIGHT="75" STYLEREFS="font0"/><SP WIDTH="15" VPOS="2029" HPOS="1438"/><String ID="p39_w759" CONTENT="to" HPOS="1453" VPOS="2029" WIDTH="34" HEIGHT="75" STYLEREFS="font0"/><SP WIDTH="24" VPOS="2029" HPOS="1487"/><String ID="p39_w760" CONTENT="the" HPOS="1511" VPOS="2029" WIDTH="55" HEIGHT="75" STYLEREFS="font0"/><SP WIDTH="16" VPOS="2029" HPOS="1566"/><String ID="p39_w761" CONTENT="King" HPOS="1582" VPOS="2029" WIDTH="88" HEIGHT="75" STYLEREFS="font0"/><SP WIDTH="16" VPOS="2029" HPOS="1670"/><String ID="p39_w762" CONTENT="of" HPOS="1686" VPOS="2029" WIDTH="41" HEIGHT="75" STYLEREFS="font0"/><SP WIDTH="10" VPOS="2029" HPOS="1727"/><String ID="p39_w763" CONTENT="Pruifia," HPOS="1737" VPOS="2029" WIDTH="128" HEIGHT="75" STYLEREFS="font0"/><SP WIDTH="26" VPOS="2029" HPOS="1865"/><String ID="p39_w764" CONTENT="Which," HPOS="1891" VPOS="2029" WIDTH="119" HEIGHT="75" STYLEREFS="font0"/><SP WIDTH="25" VPOS="2029" HPOS="2010"/><String ID="p39_w765" CONTENT="with" HPOS="2035" VPOS="2029" WIDTH="80" HEIGHT="75" STYLEREFS="font0"/><SP WIDTH="21" VPOS="2029" HPOS="2115"/><String ID="p39_w766" CONTENT="Dom-" HPOS="2136" VPOS="2029" WIDTH="107" HEIGHT="75" STYLEREFS="font0"/></TextLine><TextLine WIDTH="927" HEIGHT="75" ID="p39_t106" HPOS="1268" VPOS="2074"><String ID="p39_w767" CONTENT="brolken," HPOS="1268" VPOS="2074" WIDTH="143" HEIGHT="75" STYLEREFS="font0"/><SP WIDTH="25" VPOS="2074" HPOS="1411"/><String ID="p39_w768" CONTENT="was" HPOS="1436" VPOS="2074" WIDTH="65" HEIGHT="75" STYLEREFS="font0"/><SP WIDTH="16" VPOS="2074" HPOS="1501"/><String ID="p39_w769" CONTENT="bought," HPOS="1517" VPOS="2074" WIDTH="134" HEIGHT="75" STYLEREFS="font0"/><SP WIDTH="18" VPOS="2074" HPOS="1651"/><String ID="p39_w770" CONTENT="in" HPOS="1669" VPOS="2074" WIDTH="31" HEIGHT="75" STYLEREFS="font0"/><SP WIDTH="22" VPOS="2074" HPOS="1700"/><String ID="p39_w771" CONTENT="1737," HPOS="1722" VPOS="2074" WIDTH="101" HEIGHT="75" STYLEREFS="font0"/><SP WIDTH="25" VPOS="2074" HPOS="1823"/><String ID="p39_w772" CONTENT="for" HPOS="1848" VPOS="2074" WIDTH="52" HEIGHT="75" STYLEREFS="font0"/><SP WIDTH="17" VPOS="2074" HPOS="1900"/><String ID="p39_w773" CONTENT="42,000" HPOS="1917" VPOS="2074" WIDTH="128" HEIGHT="75" STYLEREFS="font0"/><SP WIDTH="17" VPOS="2074" HPOS="2045"/><String ID="p39_w774" CONTENT="dollars." HPOS="2062" VPOS="2074" WIDTH="133" HEIGHT="75" STYLEREFS="font0"/></TextLine><TextLine WIDTH="1025" HEIGHT="75" ID="p39_t107" HPOS="1220" VPOS="2122"><String ID="p39_w775" CONTENT="ADAM's" HPOS="1220" VPOS="2122" WIDTH="176" HEIGHT="75" STYLEREFS="font0"/><SP WIDTH="9" VPOS="2122" HPOS="1396"/><String ID="p39_w776" CONTENT="peak," HPOS="1405" VPOS="2122" WIDTH="95" HEIGHT="75" STYLEREFS="font0"/><SP WIDTH="27" VPOS="2122" HPOS="1500"/><String ID="p39_w777" CONTENT="a" HPOS="1527" VPOS="2122" WIDTH="18" HEIGHT="75" STYLEREFS="font0"/><SP WIDTH="22" VPOS="2122" HPOS="1545"/><String ID="p39_w778" CONTENT="high" HPOS="1567" VPOS="2122" WIDTH="78" HEIGHT="75" STYLEREFS="font0"/><SP WIDTH="16" VPOS="2122" HPOS="1645"/><String ID="p39_w779" CONTENT="mountain" HPOS="1661" VPOS="2122" WIDTH="163" HEIGHT="75" STYLEREFS="font0"/><SP WIDTH="23" VPOS="2122" HPOS="1824"/><String ID="p39_w780" CONTENT="of" HPOS="1847" VPOS="2122" WIDTH="40" HEIGHT="75" STYLEREFS="font0"/><SP WIDTH="22" VPOS="2122" HPOS="1887"/><String ID="p39_w781" CONTENT="the" HPOS="1909" VPOS="2122" WIDTH="55" HEIGHT="75" STYLEREFS="font0"/><SP WIDTH="24" VPOS="2122" HPOS="1964"/><String ID="p39_w782" CONTENT="E." HPOS="1988" VPOS="2122" WIDTH="46" HEIGHT="75" STYLEREFS="font0"/><SP WIDTH="24" VPOS="2122" HPOS="2034"/><String ID="p39_w783" CONTENT="Indies," HPOS="2058" VPOS="2122" WIDTH="121" HEIGHT="75" STYLEREFS="font0"/><SP WIDTH="31" VPOS="2122" HPOS="2179"/><String ID="p39_w784" CONTENT="in" HPOS="2210" VPOS="2122" WIDTH="35" HEIGHT="75" STYLEREFS="font0"/></TextLine><TextLine WIDTH="976" HEIGHT="75" ID="p39_t108" HPOS="1267" VPOS="2168"><String ID="p39_w785" CONTENT="the" HPOS="1267" VPOS="2168" WIDTH="54" HEIGHT="75" STYLEREFS="font0"/><SP WIDTH="18" VPOS="2168" HPOS="1321"/><String ID="p39_w786" CONTENT="ifland" HPOS="1339" VPOS="2168" WIDTH="97" HEIGHT="75" STYLEREFS="font0"/><SP WIDTH="16" VPOS="2168" HPOS="1436"/><String ID="p39_w787" CONTENT="of" HPOS="1452" VPOS="2168" WIDTH="40" HEIGHT="75" STYLEREFS="font0"/><SP WIDTH="12" VPOS="2168" HPOS="1492"/><String ID="p39_w788" CONTENT="Ceylon," HPOS="1504" VPOS="2168" WIDTH="137" HEIGHT="75" STYLEREFS="font0"/><SP WIDTH="26" VPOS="2168" HPOS="1641"/><String ID="p39_w789" CONTENT="on" HPOS="1667" VPOS="2168" WIDTH="41" HEIGHT="75" STYLEREFS="font0"/><SP WIDTH="28" VPOS="2168" HPOS="1708"/><String ID="p39_w790" CONTENT="the" HPOS="1736" VPOS="2168" WIDTH="55" HEIGHT="75" STYLEREFS="font0"/><SP WIDTH="25" VPOS="2168" HPOS="1791"/><String ID="p39_w791" CONTENT="top" HPOS="1816" VPOS="2168" WIDTH="55" HEIGHT="75" STYLEREFS="font0"/><SP WIDTH="18" VPOS="2168" HPOS="1871"/><String ID="p39_w792" CONTENT="of" HPOS="1889" VPOS="2168" WIDTH="40" HEIGHT="75" STYLEREFS="font0"/><SP WIDTH="19" VPOS="2168" HPOS="1929"/><String ID="p39_w793" CONTENT="which" HPOS="1948" VPOS="2168" WIDTH="105" HEIGHT="75" STYLEREFS="font0"/><SP WIDTH="29" VPOS="2168" HPOS="2053"/><String ID="p39_w794" CONTENT="they" HPOS="2082" VPOS="2168" WIDTH="78" HEIGHT="75" STYLEREFS="font0"/><SP WIDTH="28" VPOS="2168" HPOS="2160"/><String ID="p39_w795" CONTENT="be-" HPOS="2188" VPOS="2168" WIDTH="55" HEIGHT="75" STYLEREFS="font0"/></TextLine><TextLine WIDTH="980" HEIGHT="75" ID="p39_t109" HPOS="1265" VPOS="2215"><String ID="p39_w796" CONTENT="lieve" HPOS="1265" VPOS="2215" WIDTH="82" HEIGHT="75" STYLEREFS="font0"/><SP WIDTH="16" VPOS="2215" HPOS="1347"/><String ID="p39_w797" CONTENT="the" HPOS="1363" VPOS="2215" WIDTH="55" HEIGHT="75" STYLEREFS="font0"/><SP WIDTH="16" VPOS="2215" HPOS="1418"/><String ID="p39_w798" CONTENT="firft" HPOS="1434" VPOS="2215" WIDTH="70" HEIGHT="75" STYLEREFS="font0"/><SP WIDTH="3" VPOS="2215" HPOS="1504"/><String ID="p39_w799" CONTENT="man" HPOS="1507" VPOS="2215" WIDTH="74" HEIGHT="75" STYLEREFS="font0"/><SP WIDTH="18" VPOS="2215" HPOS="1581"/><String ID="p39_w800" CONTENT="was" HPOS="1599" VPOS="2215" WIDTH="63" HEIGHT="75" STYLEREFS="font0"/><SP WIDTH="18" VPOS="2215" HPOS="1662"/><String ID="p39_w801" CONTENT="created;" HPOS="1680" VPOS="2215" WIDTH="150" HEIGHT="75" STYLEREFS="font0"/><SP WIDTH="20" VPOS="2215" HPOS="1830"/><String ID="p39_w802" CONTENT="and" HPOS="1850" VPOS="2215" WIDTH="63" HEIGHT="75" STYLEREFS="font0"/><SP WIDTH="15" VPOS="2215" HPOS="1913"/><String ID="p39_w803" CONTENT="there" HPOS="1928" VPOS="2215" WIDTH="91" HEIGHT="75" STYLEREFS="font0"/><SP WIDTH="16" VPOS="2215" HPOS="2019"/><String ID="p39_w804" CONTENT="is" HPOS="2035" VPOS="2215" WIDTH="26" HEIGHT="75" STYLEREFS="font0"/><SP WIDTH="18" VPOS="2215" HPOS="2061"/><String ID="p39_w805" CONTENT="the" HPOS="2079" VPOS="2215" WIDTH="55" HEIGHT="75" STYLEREFS="font0"/><SP WIDTH="16" VPOS="2215" HPOS="2134"/><String ID="p39_w806" CONTENT="ft" HPOS="2150" VPOS="2215" WIDTH="31" HEIGHT="75" STYLEREFS="font0"/><SP WIDTH="3" VPOS="2215" HPOS="2181"/><String ID="p39_w807" CONTENT="ape" HPOS="2184" VPOS="2215" WIDTH="61" HEIGHT="75" STYLEREFS="font0"/></TextLine><TextLine WIDTH="978" HEIGHT="75" ID="p39_t110" HPOS="1266" VPOS="2260"><String ID="p39_w808" CONTENT="of" HPOS="1266" VPOS="2260" WIDTH="39" HEIGHT="75" STYLEREFS="font0"/><SP WIDTH="12" VPOS="2260" HPOS="1305"/><String ID="p39_w809" CONTENT="a" HPOS="1317" VPOS="2260" WIDTH="18" HEIGHT="75" STYLEREFS="font0"/><SP WIDTH="16" VPOS="2260" HPOS="1335"/><String ID="p39_w810" CONTENT="mans" HPOS="1351" VPOS="2260" WIDTH="100" HEIGHT="75" STYLEREFS="font0"/><SP WIDTH="22" VPOS="2260" HPOS="1451"/><String ID="p39_w811" CONTENT="foot," HPOS="1473" VPOS="2260" WIDTH="82" HEIGHT="75" STYLEREFS="font0"/><SP WIDTH="26" VPOS="2260" HPOS="1555"/><String ID="p39_w812" CONTENT="cut" HPOS="1581" VPOS="2260" WIDTH="53" HEIGHT="75" STYLEREFS="font0"/><SP WIDTH="15" VPOS="2260" HPOS="1634"/><String ID="p39_w813" CONTENT="out" HPOS="1649" VPOS="2260" WIDTH="58" HEIGHT="75" STYLEREFS="font0"/><SP WIDTH="16" VPOS="2260" HPOS="1707"/><String ID="p39_w814" CONTENT="of" HPOS="1723" VPOS="2260" WIDTH="41" HEIGHT="75" STYLEREFS="font0"/><SP WIDTH="9" VPOS="2260" HPOS="1764"/><String ID="p39_w815" CONTENT="the" HPOS="1773" VPOS="2260" WIDTH="56" HEIGHT="75" STYLEREFS="font0"/><SP WIDTH="16" VPOS="2260" HPOS="1829"/><String ID="p39_w816" CONTENT="rock," HPOS="1845" VPOS="2260" WIDTH="90" HEIGHT="75" STYLEREFS="font0"/><SP WIDTH="26" VPOS="2260" HPOS="1935"/><String ID="p39_w817" CONTENT="about" HPOS="1961" VPOS="2260" WIDTH="97" HEIGHT="75" STYLEREFS="font0"/><SP WIDTH="16" VPOS="2260" HPOS="2058"/><String ID="p39_w818" CONTENT="five" HPOS="2074" VPOS="2260" WIDTH="60" HEIGHT="75" STYLEREFS="font0"/><SP WIDTH="13" VPOS="2260" HPOS="2134"/><String ID="p39_w819" CONTENT="or" HPOS="2147" VPOS="2260" WIDTH="37" HEIGHT="75" STYLEREFS="font0"/><SP WIDTH="11" VPOS="2260" HPOS="2184"/><String ID="p39_w820" CONTENT="fix" HPOS="2195" VPOS="2260" WIDTH="49" HEIGHT="75" STYLEREFS="font0"/></TextLine><TextLine WIDTH="979" HEIGHT="75" ID="p39_t111" HPOS="1266" VPOS="2306"><String ID="p39_w821" CONTENT="feet" HPOS="1266" VPOS="2306" WIDTH="64" HEIGHT="75" STYLEREFS="font0"/><SP WIDTH="16" VPOS="2306" HPOS="1330"/><String ID="p39_w822" CONTENT="in" HPOS="1346" VPOS="2306" WIDTH="32" HEIGHT="75" STYLEREFS="font0"/><SP WIDTH="16" VPOS="2306" HPOS="1378"/><String ID="p39_w823" CONTENT="length," HPOS="1394" VPOS="2306" WIDTH="122" HEIGHT="75" STYLEREFS="font0"/><SP WIDTH="25" VPOS="2306" HPOS="1516"/><String ID="p39_w824" CONTENT="which" HPOS="1541" VPOS="2306" WIDTH="105" HEIGHT="75" STYLEREFS="font0"/><SP WIDTH="17" VPOS="2306" HPOS="1646"/><String ID="p39_w825" CONTENT="they" HPOS="1663" VPOS="2306" WIDTH="76" HEIGHT="75" STYLEREFS="font0"/><SP WIDTH="17" VPOS="2306" HPOS="1739"/><String ID="p39_w826" CONTENT="pretend" HPOS="1756" VPOS="2306" WIDTH="135" HEIGHT="75" STYLEREFS="font0"/><SP WIDTH="18" VPOS="2306" HPOS="1891"/><String ID="p39_w827" CONTENT="is" HPOS="1909" VPOS="2306" WIDTH="27" HEIGHT="75" STYLEREFS="font0"/><SP WIDTH="18" VPOS="2306" HPOS="1936"/><String ID="p39_w828" CONTENT="the" HPOS="1954" VPOS="2306" WIDTH="54" HEIGHT="75" STYLEREFS="font0"/><SP WIDTH="23" VPOS="2306" HPOS="2008"/><String ID="p39_w829" CONTENT="print" HPOS="2031" VPOS="2306" WIDTH="85" HEIGHT="75" STYLEREFS="font0"/><SP WIDTH="25" VPOS="2306" HPOS="2116"/><String ID="p39_w830" CONTENT="of" HPOS="2141" VPOS="2306" WIDTH="40" HEIGHT="75" STYLEREFS="font0"/><SP WIDTH="10" VPOS="2306" HPOS="2181"/><String ID="p39_w831" CONTENT="his" HPOS="2191" VPOS="2306" WIDTH="54" HEIGHT="75" STYLEREFS="font0"/></TextLine><TextLine WIDTH="644" HEIGHT="75" ID="p39_t112" HPOS="1266" VPOS="2352"><String ID="p39_w832" CONTENT="foot," HPOS="1266" VPOS="2352" WIDTH="82" HEIGHT="75" STYLEREFS="font0"/><SP WIDTH="25" VPOS="2352" HPOS="1348"/><String ID="p39_w833" CONTENT="80." HPOS="1373" VPOS="2352" WIDTH="59" HEIGHT="75" STYLEREFS="font0"/><SP WIDTH="20" VPOS="2352" HPOS="1432"/><String ID="p39_w834" CONTENT="50." HPOS="1452" VPOS="2352" WIDTH="57" HEIGHT="75" STYLEREFS="font0"/><SP WIDTH="23" VPOS="2352" HPOS="1509"/><String ID="p39_w835" CONTENT="E." HPOS="1532" VPOS="2352" WIDTH="41" HEIGHT="75" STYLEREFS="font0"/><SP WIDTH="18" VPOS="2352" HPOS="1573"/><String ID="p39_w836" CONTENT="long." HPOS="1591" VPOS="2352" WIDTH="88" HEIGHT="75" STYLEREFS="font0"/><SP WIDTH="29" VPOS="2352" HPOS="1679"/><String ID="p39_w837" CONTENT=".5" HPOS="1708" VPOS="2352" WIDTH="30" HEIGHT="75" STYLEREFS="font0"/><SP WIDTH="33" VPOS="2352" HPOS="1738"/><String ID="p39_w838" CONTENT="53." HPOS="1771" VPOS="2352" WIDTH="56" HEIGHT="75" STYLEREFS="font0"/><SP WIDTH="25" VPOS="2352" HPOS="1827"/><String ID="p39_w839" CONTENT="lat." HPOS="1852" VPOS="2352" WIDTH="58" HEIGHT="75" STYLEREFS="font0"/></TextLine><TextLine WIDTH="1023" HEIGHT="75" ID="p39_t113" HPOS="1217" VPOS="2399"><String ID="p39_w840" CONTENT="ADANA," HPOS="1217" VPOS="2399" WIDTH="187" HEIGHT="75" STYLEREFS="font0"/><SP WIDTH="26" VPOS="2399" HPOS="1404"/><String ID="p39_w841" CONTENT="an" HPOS="1430" VPOS="2399" WIDTH="38" HEIGHT="75" STYLEREFS="font0"/><SP WIDTH="18" VPOS="2399" HPOS="1468"/><String ID="p39_w842" CONTENT="ancient" HPOS="1486" VPOS="2399" WIDTH="122" HEIGHT="75" STYLEREFS="font0"/><SP WIDTH="18" VPOS="2399" HPOS="1608"/><String ID="p39_w843" CONTENT="town" HPOS="1626" VPOS="2399" WIDTH="85" HEIGHT="75" STYLEREFS="font0"/><SP WIDTH="18" VPOS="2399" HPOS="1711"/><String ID="p39_w844" CONTENT="of" HPOS="1729" VPOS="2399" WIDTH="39" HEIGHT="75" STYLEREFS="font0"/><SP WIDTH="18" VPOS="2399" HPOS="1768"/><String ID="p39_w845" CONTENT="Natolia," HPOS="1786" VPOS="2399" WIDTH="145" HEIGHT="75" STYLEREFS="font0"/><SP WIDTH="25" VPOS="2399" HPOS="1931"/><String ID="p39_w846" CONTENT="with" HPOS="1956" VPOS="2399" WIDTH="79" HEIGHT="75" STYLEREFS="font0"/><SP WIDTH="25" VPOS="2399" HPOS="2035"/><String ID="p39_w847" CONTENT="a" HPOS="2060" VPOS="2399" WIDTH="18" HEIGHT="75" STYLEREFS="font0"/><SP WIDTH="26" VPOS="2399" HPOS="2078"/><String ID="p39_w848" CONTENT="biftops" HPOS="2104" VPOS="2399" WIDTH="136" HEIGHT="75" STYLEREFS="font0"/></TextLine><TextLine WIDTH="973" HEIGHT="75" ID="p39_t114" HPOS="1264" VPOS="2445"><String ID="p39_w849" CONTENT="fee." HPOS="1264" VPOS="2445" WIDTH="62" HEIGHT="75" STYLEREFS="font0"/><SP WIDTH="50" VPOS="2445" HPOS="1326"/><String ID="p39_w850" CONTENT="It" HPOS="1376" VPOS="2445" WIDTH="32" HEIGHT="75" STYLEREFS="font0"/><SP WIDTH="12" VPOS="2445" HPOS="1408"/><String ID="p39_w851" CONTENT="ftands" HPOS="1420" VPOS="2445" WIDTH="102" HEIGHT="75" STYLEREFS="font0"/><SP WIDTH="14" VPOS="2445" HPOS="1522"/><String ID="p39_w852" CONTENT="on" HPOS="1536" VPOS="2445" WIDTH="41" HEIGHT="75" STYLEREFS="font0"/><SP WIDTH="17" VPOS="2445" HPOS="1577"/><String ID="p39_w853" CONTENT="the" HPOS="1594" VPOS="2445" WIDTH="54" HEIGHT="75" STYLEREFS="font0"/><SP WIDTH="17" VPOS="2445" HPOS="1648"/><String ID="p39_w854" CONTENT="river" HPOS="1665" VPOS="2445" WIDTH="82" HEIGHT="75" STYLEREFS="font0"/><SP WIDTH="13" VPOS="2445" HPOS="1747"/><String ID="p39_w855" CONTENT="Choquen," HPOS="1760" VPOS="2445" WIDTH="172" HEIGHT="75" STYLEREFS="font0"/><SP WIDTH="28" VPOS="2445" HPOS="1932"/><String ID="p39_w856" CONTENT="25" HPOS="1960" VPOS="2445" WIDTH="42" HEIGHT="75" STYLEREFS="font0"/><SP WIDTH="18" VPOS="2445" HPOS="2002"/><String ID="p39_w857" CONTENT="miles" HPOS="2020" VPOS="2445" WIDTH="89" HEIGHT="75" STYLEREFS="font0"/><SP WIDTH="18" VPOS="2445" HPOS="2109"/><String ID="p39_w858" CONTENT="N." HPOS="2127" VPOS="2445" WIDTH="48" HEIGHT="75" STYLEREFS="font0"/><SP WIDTH="17" VPOS="2445" HPOS="2175"/><String ID="p39_w859" CONTENT="E." HPOS="2192" VPOS="2445" WIDTH="45" HEIGHT="75" STYLEREFS="font0"/></TextLine><TextLine WIDTH="692" HEIGHT="75" ID="p39_t115" HPOS="1263" VPOS="2490"><String ID="p39_w860" CONTENT="of" HPOS="1263" VPOS="2490" WIDTH="39" HEIGHT="75" STYLEREFS="font0"/><SP WIDTH="17" VPOS="2490" HPOS="1302"/><String ID="p39_w861" CONTENT="Tarfus," HPOS="1319" VPOS="2490" WIDTH="133" HEIGHT="75" STYLEREFS="font0"/><SP WIDTH="28" VPOS="2490" HPOS="1452"/><String ID="p39_w862" CONTENT="36." HPOS="1480" VPOS="2490" WIDTH="56" HEIGHT="75" STYLEREFS="font0"/><SP WIDTH="20" VPOS="2490" HPOS="1536"/><String ID="p39_w863" CONTENT="25." HPOS="1556" VPOS="2490" WIDTH="56" HEIGHT="75" STYLEREFS="font0"/><SP WIDTH="17" VPOS="2490" HPOS="1612"/><String ID="p39_w864" CONTENT="long." HPOS="1629" VPOS="2490" WIDTH="89" HEIGHT="75" STYLEREFS="font0"/><SP WIDTH="28" VPOS="2490" HPOS="1718"/><String ID="p39_w865" CONTENT="38." HPOS="1746" VPOS="2490" WIDTH="56" HEIGHT="75" STYLEREFS="font0"/><SP WIDTH="23" VPOS="2490" HPOS="1802"/><String ID="p39_w866" CONTENT="10." HPOS="1825" VPOS="2490" WIDTH="54" HEIGHT="75" STYLEREFS="font0"/><SP WIDTH="19" VPOS="2490" HPOS="1879"/><String ID="p39_w867" CONTENT="lat." HPOS="1898" VPOS="2490" WIDTH="57" HEIGHT="75" STYLEREFS="font0"/></TextLine><TextLine WIDTH="1027" HEIGHT="75" ID="p39_t116" HPOS="1215" VPOS="2538"><String ID="p39_w868" CONTENT="ADANSONIA," HPOS="1215" VPOS="2538" WIDTH="304" HEIGHT="75" STYLEREFS="font0"/><SP WIDTH="22" VPOS="2538" HPOS="1519"/><String ID="p39_w869" CONTENT="in" HPOS="1541" VPOS="2538" WIDTH="32" HEIGHT="75" STYLEREFS="font0"/><SP WIDTH="18" VPOS="2538" HPOS="1573"/><String ID="p39_w870" CONTENT="botany," HPOS="1591" VPOS="2538" WIDTH="132" HEIGHT="75" STYLEREFS="font0"/><SP WIDTH="26" VPOS="2538" HPOS="1723"/><String ID="p39_w871" CONTENT="a" HPOS="1749" VPOS="2538" WIDTH="19" HEIGHT="75" STYLEREFS="font0"/><SP WIDTH="15" VPOS="2538" HPOS="1768"/><String ID="p39_w872" CONTENT="genus" HPOS="1783" VPOS="2538" WIDTH="98" HEIGHT="75" STYLEREFS="font0"/><SP WIDTH="17" VPOS="2538" HPOS="1881"/><String ID="p39_w873" CONTENT="of" HPOS="1898" VPOS="2538" WIDTH="40" HEIGHT="75" STYLEREFS="font0"/><SP WIDTH="11" VPOS="2538" HPOS="1938"/><String ID="p39_w874" CONTENT="the" HPOS="1949" VPOS="2538" WIDTH="55" HEIGHT="75" STYLEREFS="font0"/><SP WIDTH="13" VPOS="2538" HPOS="2004"/><String ID="p39_w875" CONTENT="monadelphia" HPOS="2017" VPOS="2538" WIDTH="225" HEIGHT="75" STYLEREFS="font0"/></TextLine><TextLine WIDTH="974" HEIGHT="75" ID="p39_t117" HPOS="1262" VPOS="2584"><String ID="p39_w876" CONTENT="polyandria" HPOS="1262" VPOS="2584" WIDTH="186" HEIGHT="75" STYLEREFS="font0"/><SP WIDTH="23" VPOS="2584" HPOS="1448"/><String ID="p39_w877" CONTENT="clafs." HPOS="1471" VPOS="2584" WIDTH="90" HEIGHT="75" STYLEREFS="font0"/><SP WIDTH="48" VPOS="2584" HPOS="1561"/><String ID="p39_w878" CONTENT="It" HPOS="1609" VPOS="2584" WIDTH="34" HEIGHT="75" STYLEREFS="font0"/><SP WIDTH="23" VPOS="2584" HPOS="1643"/><String ID="p39_w879" CONTENT="is" HPOS="1666" VPOS="2584" WIDTH="26" HEIGHT="75" STYLEREFS="font0"/><SP WIDTH="29" VPOS="2584" HPOS="1692"/><String ID="p39_w880" CONTENT="a" HPOS="1721" VPOS="2584" WIDTH="19" HEIGHT="75" STYLEREFS="font0"/><SP WIDTH="23" VPOS="2584" HPOS="1740"/><String ID="p39_w881" CONTENT="native" HPOS="1763" VPOS="2584" WIDTH="105" HEIGHT="75" STYLEREFS="font0"/><SP WIDTH="24" VPOS="2584" HPOS="1868"/><String ID="p39_w882" CONTENT="of" HPOS="1892" VPOS="2584" WIDTH="40" HEIGHT="75" STYLEREFS="font0"/><SP WIDTH="24" VPOS="2584" HPOS="1932"/><String ID="p39_w883" CONTENT="Senegal" HPOS="1956" VPOS="2584" WIDTH="136" HEIGHT="75" STYLEREFS="font0"/><SP WIDTH="18" VPOS="2584" HPOS="2092"/><String ID="p39_w884" CONTENT="and" HPOS="2110" VPOS="2584" WIDTH="62" HEIGHT="75" STYLEREFS="font0"/><SP WIDTH="15" VPOS="2584" HPOS="2172"/><String ID="p39_w885" CONTENT="E-" HPOS="2187" VPOS="2584" WIDTH="49" HEIGHT="75" STYLEREFS="font0"/></TextLine><TextLine WIDTH="156" HEIGHT="75" ID="p39_t118" HPOS="1261" VPOS="2640"><String ID="p39_w886" CONTENT="gypt-" HPOS="1261" VPOS="2640" WIDTH="90" HEIGHT="75" STYLEREFS="font0"/><SP WIDTH="28" VPOS="2640" HPOS="1351"/><String ID="p39_w887" CONTENT="&quot;t" HPOS="1379" VPOS="2640" WIDTH="38" HEIGHT="75" STYLEREFS="font0"/></TextLine><TextLine WIDTH="1022" HEIGHT="75" ID="p39_t119" HPOS="1214" VPOS="2676"><String ID="p39_w888" CONTENT="ADAOUS," HPOS="1214" VPOS="2676" WIDTH="213" HEIGHT="75" STYLEREFS="font0"/><SP WIDTH="25" VPOS="2676" HPOS="1427"/><String ID="p39_w889" CONTENT="or" HPOS="1452" VPOS="2676" WIDTH="37" HEIGHT="75" STYLEREFS="font0"/><SP WIDTH="16" VPOS="2676" HPOS="1489"/><String ID="p39_w890" CONTENT="Adows," HPOS="1505" VPOS="2676" WIDTH="153" HEIGHT="75" STYLEREFS="font0"/><SP WIDTH="25" VPOS="2676" HPOS="1658"/><String ID="p39_w891" CONTENT="a" HPOS="1683" VPOS="2676" WIDTH="19" HEIGHT="75" STYLEREFS="font0"/><SP WIDTH="15" VPOS="2676" HPOS="1702"/><String ID="p39_w892" CONTENT="people" HPOS="1717" VPOS="2676" WIDTH="113" HEIGHT="75" STYLEREFS="font0"/><SP WIDTH="25" VPOS="2676" HPOS="1830"/><String ID="p39_w893" CONTENT="of" HPOS="1855" VPOS="2676" WIDTH="41" HEIGHT="75" STYLEREFS="font0"/><SP WIDTH="18" VPOS="2676" HPOS="1896"/><String ID="p39_w894" CONTENT="Guinea" HPOS="1914" VPOS="2676" WIDTH="129" HEIGHT="75" STYLEREFS="font0"/><SP WIDTH="15" VPOS="2676" HPOS="2043"/><String ID="p39_w895" CONTENT="in" HPOS="2058" VPOS="2676" WIDTH="32" HEIGHT="75" STYLEREFS="font0"/><SP WIDTH="17" VPOS="2676" HPOS="2090"/><String ID="p39_w896" CONTENT="Africa." HPOS="2107" VPOS="2676" WIDTH="129" HEIGHT="75" STYLEREFS="font0"/></TextLine><TextLine WIDTH="1022" HEIGHT="75" ID="p39_t120" HPOS="1213" VPOS="2724"><String ID="p39_w897" CONTENT="ADAPTERS," HPOS="1213" VPOS="2724" WIDTH="272" HEIGHT="75" STYLEREFS="font0"/><SP WIDTH="24" VPOS="2724" HPOS="1485"/><String ID="p39_w898" CONTENT="in" HPOS="1509" VPOS="2724" WIDTH="31" HEIGHT="75" STYLEREFS="font0"/><SP WIDTH="18" VPOS="2724" HPOS="1540"/><String ID="p39_w899" CONTENT="chemiftry," HPOS="1558" VPOS="2724" WIDTH="180" HEIGHT="75" STYLEREFS="font0"/><SP WIDTH="18" VPOS="2724" HPOS="1738"/><String ID="p39_w900" CONTENT="machines" HPOS="1756" VPOS="2724" WIDTH="158" HEIGHT="75" STYLEREFS="font0"/><SP WIDTH="17" VPOS="2724" HPOS="1914"/><String ID="p39_w901" CONTENT="for" HPOS="1931" VPOS="2724" WIDTH="52" HEIGHT="75" STYLEREFS="font0"/><SP WIDTH="16" VPOS="2724" HPOS="1983"/><String ID="p39_w902" CONTENT="fitting" HPOS="1999" VPOS="2724" WIDTH="105" HEIGHT="75" STYLEREFS="font0"/><SP WIDTH="16" VPOS="2724" HPOS="2104"/><String ID="p39_w903" CONTENT="a" HPOS="2120" VPOS="2724" WIDTH="18" HEIGHT="75" STYLEREFS="font0"/><SP WIDTH="18" VPOS="2724" HPOS="2138"/><String ID="p39_w904" CONTENT="reci-" HPOS="2156" VPOS="2724" WIDTH="79" HEIGHT="75" STYLEREFS="font0"/></TextLine><TextLine WIDTH="742" HEIGHT="75" ID="p39_t121" HPOS="1257" VPOS="2768"><String ID="p39_w905" CONTENT="pient" HPOS="1257" VPOS="2768" WIDTH="85" HEIGHT="75" STYLEREFS="font0"/><SP WIDTH="20" VPOS="2768" HPOS="1342"/><String ID="p39_w906" CONTENT="to" HPOS="1362" VPOS="2768" WIDTH="34" HEIGHT="75" STYLEREFS="font0"/><SP WIDTH="18" VPOS="2768" HPOS="1396"/><String ID="p39_w907" CONTENT="the" HPOS="1414" VPOS="2768" WIDTH="55" HEIGHT="75" STYLEREFS="font0"/><SP WIDTH="17" VPOS="2768" HPOS="1469"/><String ID="p39_w908" CONTENT="capital." HPOS="1486" VPOS="2768" WIDTH="131" HEIGHT="75" STYLEREFS="font0"/><SP WIDTH="50" VPOS="2768" HPOS="1617"/><String ID="p39_w909" CONTENT="See" HPOS="1667" VPOS="2768" WIDTH="61" HEIGHT="75" STYLEREFS="font0"/><SP WIDTH="18" VPOS="2768" HPOS="1728"/><String ID="p39_w910" CONTENT="Chemistry." HPOS="1746" VPOS="2768" WIDTH="253" HEIGHT="75" STYLEREFS="font0"/></TextLine><TextLine WIDTH="1022" HEIGHT="75" ID="p39_t122" HPOS="1212" VPOS="2815"><String ID="p39_w911" CONTENT="ADAR," HPOS="1212" VPOS="2815" WIDTH="150" HEIGHT="75" STYLEREFS="font0"/><SP WIDTH="18" VPOS="2815" HPOS="1362"/><String ID="p39_w912" CONTENT="the" HPOS="1380" VPOS="2815" WIDTH="56" HEIGHT="75" STYLEREFS="font0"/><SP WIDTH="12" VPOS="2815" HPOS="1436"/><String ID="p39_w913" CONTENT="name" HPOS="1448" VPOS="2815" WIDTH="90" HEIGHT="75" STYLEREFS="font0"/><SP WIDTH="17" VPOS="2815" HPOS="1538"/><String ID="p39_w914" CONTENT="of" HPOS="1555" VPOS="2815" WIDTH="39" HEIGHT="75" STYLEREFS="font0"/><SP WIDTH="13" VPOS="2815" HPOS="1594"/><String ID="p39_w915" CONTENT="a" HPOS="1607" VPOS="2815" WIDTH="18" HEIGHT="75" STYLEREFS="font0"/><SP WIDTH="14" VPOS="2815" HPOS="1625"/><String ID="p39_w916" CONTENT="Hebrew" HPOS="1639" VPOS="2815" WIDTH="142" HEIGHT="75" STYLEREFS="font0"/><SP WIDTH="16" VPOS="2815" HPOS="1781"/><String ID="p39_w917" CONTENT="month," HPOS="1797" VPOS="2815" WIDTH="125" HEIGHT="75" STYLEREFS="font0"/><SP WIDTH="19" VPOS="2815" HPOS="1922"/><String ID="p39_w918" CONTENT="anfwering" HPOS="1941" VPOS="2815" WIDTH="174" HEIGHT="75" STYLEREFS="font0"/><SP WIDTH="16" VPOS="2815" HPOS="2115"/><String ID="p39_w919" CONTENT="to" HPOS="2131" VPOS="2815" WIDTH="35" HEIGHT="75" STYLEREFS="font0"/><SP WIDTH="12" VPOS="2815" HPOS="2166"/><String ID="p39_w920" CONTENT="the" HPOS="2178" VPOS="2815" WIDTH="56" HEIGHT="75" STYLEREFS="font0"/></TextLine><TextLine WIDTH="981" HEIGHT="75" ID="p39_t123" HPOS="1258" VPOS="2860"><String ID="p39_w921" CONTENT="end" HPOS="1258" VPOS="2860" WIDTH="62" HEIGHT="75" STYLEREFS="font0"/><SP WIDTH="15" VPOS="2860" HPOS="1320"/><String ID="p39_w922" CONTENT="of" HPOS="1335" VPOS="2860" WIDTH="40" HEIGHT="75" STYLEREFS="font0"/><SP WIDTH="11" VPOS="2860" HPOS="1375"/><String ID="p39_w923" CONTENT="February" HPOS="1386" VPOS="2860" WIDTH="164" HEIGHT="75" STYLEREFS="font0"/><SP WIDTH="17" VPOS="2860" HPOS="1550"/><String ID="p39_w924" CONTENT="and" HPOS="1567" VPOS="2860" WIDTH="61" HEIGHT="75" STYLEREFS="font0"/><SP WIDTH="12" VPOS="2860" HPOS="1628"/><String ID="p39_w925" CONTENT="beginning" HPOS="1640" VPOS="2860" WIDTH="170" HEIGHT="75" STYLEREFS="font0"/><SP WIDTH="16" VPOS="2860" HPOS="1810"/><String ID="p39_w926" CONTENT="of" HPOS="1826" VPOS="2860" WIDTH="39" HEIGHT="75" STYLEREFS="font0"/><SP WIDTH="12" VPOS="2860" HPOS="1865"/><String ID="p39_w927" CONTENT="March," HPOS="1877" VPOS="2860" WIDTH="131" HEIGHT="75" STYLEREFS="font0"/><SP WIDTH="17" VPOS="2860" HPOS="2008"/><String ID="p39_w928" CONTENT="the" HPOS="2025" VPOS="2860" WIDTH="55" HEIGHT="75" STYLEREFS="font0"/><SP WIDTH="21" VPOS="2860" HPOS="2080"/><String ID="p39_w929" CONTENT="12th" HPOS="2101" VPOS="2860" WIDTH="78" HEIGHT="75" STYLEREFS="font0"/><SP WIDTH="18" VPOS="2860" HPOS="2179"/><String ID="p39_w930" CONTENT="of" HPOS="2197" VPOS="2860" WIDTH="42" HEIGHT="75" STYLEREFS="font0"/></TextLine><TextLine WIDTH="974" HEIGHT="75" ID="p39_t124" HPOS="1258" VPOS="2907"><String ID="p39_w931" CONTENT="their" HPOS="1258" VPOS="2907" WIDTH="83" HEIGHT="75" STYLEREFS="font0"/><SP WIDTH="23" VPOS="2907" HPOS="1341"/><String ID="p39_w932" CONTENT="facred," HPOS="1364" VPOS="2907" WIDTH="121" HEIGHT="75" STYLEREFS="font0"/><SP WIDTH="26" VPOS="2907" HPOS="1485"/><String ID="p39_w933" CONTENT="and" HPOS="1511" VPOS="2907" WIDTH="61" HEIGHT="75" STYLEREFS="font0"/><SP WIDTH="23" VPOS="2907" HPOS="1572"/><String ID="p39_w934" CONTENT="6th" HPOS="1595" VPOS="2907" WIDTH="59" HEIGHT="75" STYLEREFS="font0"/><SP WIDTH="24" VPOS="2907" HPOS="1654"/><String ID="p39_w935" CONTENT="of" HPOS="1678" VPOS="2907" WIDTH="39" HEIGHT="75" STYLEREFS="font0"/><SP WIDTH="22" VPOS="2907" HPOS="1717"/><String ID="p39_w936" CONTENT="their" HPOS="1739" VPOS="2907" WIDTH="84" HEIGHT="75" STYLEREFS="font0"/><SP WIDTH="28" VPOS="2907" HPOS="1823"/><String ID="p39_w937" CONTENT="civil" HPOS="1851" VPOS="2907" WIDTH="74" HEIGHT="75" STYLEREFS="font0"/><SP WIDTH="28" VPOS="2907" HPOS="1925"/><String ID="p39_w938" CONTENT="year." HPOS="1953" VPOS="2907" WIDTH="87" HEIGHT="75" STYLEREFS="font0"/><SP WIDTH="57" VPOS="2907" HPOS="2040"/><String ID="p39_w939" CONTENT="On" HPOS="2097" VPOS="2907" WIDTH="55" HEIGHT="75" STYLEREFS="font0"/><SP WIDTH="24" VPOS="2907" HPOS="2152"/><String ID="p39_w940" CONTENT="the" HPOS="2176" VPOS="2907" WIDTH="56" HEIGHT="75" STYLEREFS="font0"/></TextLine><TextLine WIDTH="59" HEIGHT="75" ID="p39_t125" HPOS="2174" VPOS="2961"><String ID="p39_w941" CONTENT="7th" HPOS="2174" VPOS="2961" WIDTH="59" HEIGHT="75" STYLEREFS="font0"/></TextLine></PrintSpace></Page></Layout></alto>