2428 3377
138 148 81 75 226
259 148 6 75 '

180 225 78 75 The
270 225 115 75 arteria
401 225 190 75 pulmonalis
608 225 116 75 carries
741 225 57 75 the
808 225 94 75 venal
912 225 101 75 blood
1024 225 142 75 through

136 270 42 75 all
196 270 55 75 the
268 270 153 75 capillary
436 270 110 75 veffels
563 270 39 75 of
621 270 56 75 the
689 270 106 75 lungs.

182 317 88 75 Both
289 317 88 75 thefe
393 317 90 75 great
499 317 39 75 or
553 317 128 75 general
698 317 131 75 arteries
846 317 53 75 are
916 317 187 75 fubdivided
1115 317 54 75 in-

135 362 36 75 to
190 362 120 75 feveial
329 362 169 75 branches,
524 362 63 75 and
604 362 70 75 into
698 362 19 75 a
733 362 92 75 great
846 362 133 75 number
995 362 41 75 of
1052 362 117 75 ramifi-

135 410 134 75 cations.
283 384 6 104 ■
319 410 39 75 In
377 410 65 75 this
459 410 86 75 part,
570 410 49 75 we
635 410 77 75 ftiall
724 410 141 75 defcribe
880 410 57 75 the
953 410 216 75 diftributions

135 454 41 75 of
195 454 55 75 the
267 454 102 75 aorta,
394 454 127 75 leaving
536 454 56 75 the
609 454 188 75 pulmonary
821 454 109 75 artery
947 454 36 75 to
998 454 56 75 the
1070 454 98 75 parti-

138 501 88 75 cular
245 501 122 75 hiftory
384 501 40 75 of
442 501 55 75 the
513 501 105 75 lungs.
670 501 62 75 See
747 501 80 75 Part
842 501 65 75 VI.

182 548 77 75 The
274 548 81 75 bafis
367 548 41 75 of
426 548 55 75 the
493 548 92 75 heart
602 548 95 75 being
708 548 78 75 very
798 548 95 75 much
911 548 139 75 inclined
1061 548 35 75 to
1112 548 56 75 the

135 594 87 75 fight
239 594 79 75 fide;
340 594 63 75 and
425 594 116 75 turned
564 594 18 75 a
598 594 85 75 little
705 594 182 75 backward,
913 594 55 75 the
985 594 91 75 aorta
1091 594 77 75 goes

135 640 57 75 out
217 640 84 75 from
324 640 26 75 it
366 640 32 75 in
424 640 19 75 a
466 640 100 75 direct
589 640 121 75 courfe,
741 640 112 75 nearly
876 640 211 75 over-againfl
1112 640 55 75 the

135 687 111 75 fourth
263 687 148 75 vertebra
423 687 44 75 of
484 687 56 75 the
564 687 94 75 back.
708 687 48 75 Its
781 687 110 75 courfe
911 687 28 75 is
963 687 100 75 direct
1088 687 78 75 with

135 733 118 75 refpedt
275 733 34 75 to
327 733 54 75 the
405 733 114 75 heart;
544 733 58 75 but
619 733 78 75 with
714 733 119 75 refpeft
850 733 35 75 to
909 733 43 75 all
968 733 56 75 the
1035 733 76 75 'reft
1131 733 41 75 of

134 780 56 75 the
205 780 100 75 body,
331 780 25 75 it
374 780 127 75 afcends
519 780 165 75 obliquely
696 780 85 75 from
797 780 56 75 the
874 780 60 75 left
952 780 35 75 to
1007 780 56 75 the
1080 780 87 75 right

134 825 99 75 hand,
259 825 62 75 and
334 825 84 75 from
434 825 111 75 before
558 825 183 75 backward.

185 871 196 75 Soon-after
407 871 78 75 this,
510 871 26 75 it
563 871 100 75 bends
691 871 167 75 obliquely
883 871 84 75 from
995 871 55 75 the
1080 871 88 75 right

134 918 88 75 hand
237 918 35 75 to
290 918 55 75 the
373 918 73 75 left,
477 918 62 75 and
566 918 85 75 from
667 918 112 75 before
801 918 185 75 backward,
1012 918 153 75 reaching

134 964 35 75 as
186 964 77 75 high
281 964 33 75 as
332 964 55 75 the
397 964 119 75 fecond
527 964 149 75 vertebra
687 964 41 75 of
737 964 56 75 the
811 964 104 75 back;
941 964 84 75 from
1039 964 129 75 whence

133 1011 27 75 it
178 1011 73 75 runs
268 1011 95 75 down
382 1011 91 75 again
490 1011 32 75 in
535 1011 54 75 the
605 1011 83 75 fame
706 1011 167 75 direction,
898 1011 140 75 forming
1055 1011 38 75 an
1111 1011 56 75 ob-

132 1057 90 75 lique
239 1057 88 75 arch.
375 1057 78 75 The
469 1057 121 75 middle
606 1057 40 75 of
663 1057 65 75 this
746 1057 74 75 arch
845 1057 27 75 is
900 1057 109 75 almofi
1025 1057 143 75 oppofite

133 1104 37 75 to
186 1104 56 75 the
258 1104 87 75 right
369 1104 61 75 fide
454 1104 38 75 or
516 1104 81 75 edge
618 1104 40 75 of
677 1104 55 75 the
759 1104 141 75 fuperior
917 1104 127 75 portion
1061 1104 40 75 of
1113 1104 54 75 the

133 1150 150 75 flernum,
308 1150 146 75 between
471 1150 55 75 the
543 1150 223 75 cartilaginous
783 1150 199 75 extremities
1001 1150 37 75 or
1053 1150 114 75 liernal

134 1196 221 75 articulations
372 1196 39 75 of
422 1196 55 75 the
494 1196 64 75 firlt
574 1196 66 75 two
656 1196 79 75 ribs.

182 1243 98 75 From
297 1243 114 75 thence
425 1243 56 75 the
498 1243 92 75 aorta
616 1243 150 75 defcends
783 1243 33 75 in
842 1243 16 75 a
876 1243 108 75 direfb
1003 1243 109 75 courfe
1133 1243 33 75 a-

133 1289 78 75 long
227 1289 56 75 the
300 1289 140 75 anterior
455 1289 71 75 part
539 1289 39 75 of
589 1289 55 75 the
656 1289 167 75 vertebrae,
850 1289 42 75 all
910 1289 54 75 the
976 1289 71 75 way
1064 1289 35 75 to
1111 1289 55 75 the

116 1336 55 75 -os
189 1336 136 75 facrum,
350 1336 88 75 lying
455 1336 19 75 a
488 1336 85 75 little
589 1336 125 75 toward
726 1336 55 75 the
796 1336 60 75 left
867 1336 108 75 hand;
1002 1336 61 75 and
1077 1336 89 75 there

133 1381 27 75 it
176 1381 186 75 terminates
379 1381 32 75 in
428 1381 64 75 two
510 1381 202 75 fubordinate
732 1381 38 75 or
783 1381 163 75 collateral
961 1381 128 75 trunks,
1103 1381 62 75 cal-

133 1427 54 75 led
204 1427 122 75 arteriae
343 1427 113 75 iliacae.

181 1475 77 75 The
275 1475 92 75 aorta
381 1475 27 75 is
430 1475 45 75 by
499 1475 180 75 anatomifts
703 1475 163 75 generally
882 1475 128 75 divided
1026 1475 69 75 into
1111 1475 56 75 the

134 1522 92 75 aorta
243 1522 169 75 afeendens
438 1522 62 75 and
516 1522 90 75 aorta
632 1522 205 75 defeendens,
862 1522 125 75 though
1016 1522 78 75 both
1114 1522 52 75 are

134 1567 59 75 but
220 1567 61 75 one
298 1567 63 75 and
388 1567 55 75 the
471 1567 83 75 fame
571 1567 110 75 trunk.
729 1567 33 75 It
787 1567 27 75 is
842 1567 125 75 termed
981 1567 183 75 afcendens,

128 1614 91 75 .from
236 1614 107 75 where
359 1614 26 75 it
400 1614 105 75 leaves
522 1614 55 75 the
599 1614 92 75 heart
718 1614 36 75 to
780 1614 55 75 the
852 1614 174 75 extremity
1052 1614 40 75 of
1111 1614 56 75 the

134 1659 90 75 great
251 1659 169 75 curvature
448 1659 38 75 or
513 1659 89 75 arch.
650 1659 76 75 The
751 1659 174 75 remaining
949 1659 70 75 part
1043 1659 41 75 of
1102 1659 63 75 this

134 1706 98 75 trunk
248 1706 86 75 from
348 1706 56 75 the
420 1706 76 75 arch
513 1706 35 75 to
565 1706 55 75 the
637 1706 35 75 os
689 1706 122 75 facrum
828 1706 37 75 or
888 1706 205 75 bifurcation,
1118 1706 46 75 al-

134 1752 100 75 ready
250 1752 198 75 mentioned,
473 1752 26 75 is
517 1752 113 75 named
648 1752 198 75 defeendens.

181 1799 75 75 The
274 1799 90 75 aorta
375 1799 191 75 defeendens
583 1799 27 75 is
630 1799 128 75 further
773 1799 130 75 divided
918 1799 69 75 into
1002 1799 55 75 the
1074 1799 90 75 fupe-

132 1845 66 75 rior
216 1845 62 75 and
293 1845 133 75 inferior
442 1845 166 75 portions;
635 1845 55 75 the
706 1845 64 75 firft
786 1845 110 75 taking
915 1845 32 75 in
966 1845 41 75 all
1019 1845 71 75 that
1106 1845 58 75 lies

134 1891 100 75 above
251 1891 55 75 the
316 1891 185 75 diaphragm
514 1891 10 75 ;
550 1891 57 75 the
619 1891 94 75 other
730 1891 42 75 all
784 1891 72 75 that
876 1891 57 75 lies
950 1891 143 75 between
1110 1891 55 75 the

131 1938 188 75 diaphragm
337 1938 62 75 and
417 1938 56 75 the
489 1938 206 75 bifurcation.

179 1983 77 75 The
273 1983 89 75 aorta
386 1983 168 75 afeendens
586 1983 26 75 is
637 1983 115 75 chiefly
778 1983 188 75 diftributed
988 1983 35 75 to
1039 1983 71 75 part
1128 1983 41 75 of

133 2030 56 75 the
206 2030 130 75 thorax,
361 2030 36 75 to
423 2030 56 75 the
506 2030 83 75 head
616 2030 62 75 and
705 2030 99 75 upper
828 2030 211 75 extremities.
1086 2030 77 75 The

128 2076 147 75 iuperior
291 2076 127 75 portion
435 2076 39 75 of
487 2076 54 75 the
558 2076 92 75 aorta
665 2076 191 75 defeendens
871 2076 152 75 furniflies
1036 2076 54 75 the
1103 2076 60 75 reft

133 2122 39 75 of
183 2122 56 75 the
255 2122 120 75 thorax
383 2122 9 75 •
421 2122 55 75 the
502 2122 132 75 inferior
658 2122 129 75 portion
813 2122 154 75 furnilhes
991 2122 56 75 the
1064 2122 98 75 abdo-

132 2168 73 75 men
222 2168 63 75 and
301 2168 100 75 lower
417 2168 212 75 extremities.

178 2215 77 75 The
267 2215 91 75 great
368 2215 97 75 trunk
478 2215 39 75 of
525 2215 53 75 the
590 2215 106 75 aorta,
718 2215 139 75 through
869 2215 42 75 its
922 2215 105 75 whole
1036 2215 123 75 length,

132 2260 90 75 fends
239 2260 52 75 off
301 2260 217 75 immediately
544 2260 119 75 feveral
679 2260 168 75 branches,
872 2260 103 75 which
994 2260 53 75 are
1063 2260 98 75 after-

132 2306 105 75 wards
261 2306 186 75 differently
472 2306 140 75 ramified
625 2306 10 75 ;
662 2306 62 75 and
753 2306 86 75 thefe
864 2306 126 75 arterial
1007 2306 154 75 branches

131 2352 75 75 may
222 2352 40 75 be
285 2352 118 75 looked
426 2352 84 75 upon
536 2352 47 75 as.
595 2352 33 75 fo
653 2352 95 75 many
770 2352 112 75 trunks
899 2352 77 75 with
995 2352 116 75 refpeft
1128 2352 35 75 to

131 2399 56 75 the
203 2399 93 75 other
322 2399 237 75 ramifications,
584 2399 104 75 which
706 2399 91 75 again
824 2399 75 75 may
925 2399 40 75 be
981 2399 183 75 confidered

131 2445 34 75 as
181 2445 91 75 fmall
288 2445 112 75 trunks
417 2445 79 75 with
514 2445 114 75 regard
644 2445 36 75 to
696 2445 55 75 the
768 2445 224 75 ramifications
1004 2445 69 75 that
1084 2445 80 75 they

132 2491 77 75 fend
225 2491 59 75 off.

179 2538 76 75 The
282 2538 154 75 branches
460 2538 105 75 which
593 2538 41 75 go
663 2538 56 75 out
751 2538 218 75 immediately
993 2538 84 75 from
1105 2538 56 75 the

131 2584 97 75 trunk
244 2584 41 75 of
312 2584 56 75 the
395 2584 104 75 aorta,
523 2584 75 75 may
624 2584 40 75 be
691 2584 124 75 termed
843 2584 133 75 original
994 2584 37 75 or
1047 2584 116 75 capital

130 2630 178 75 branches;
333 2630 63 75 and
411 2630 40 75 of
473 2630 89 75 thefe
585 2630 86 75 fome
699 2630 55 75 are
776 2630 88 75 large
880 2630 64 75 and
958 2630 110 75 others
1084 2630 78 75 very

131 2676 103 75 fmall.

177 2722 77 75 The
281 2722 88 75 large
398 2722 115 75 capital
540 2722 154 75 branches
721 2722 40 75 of
784 2722 55 75 the
866 2722 91 75 aorta
980 2722 52 75 are
1049 2722 107 75 thefe:

130 2768 67 75 two
221 2768 122 75 artarias
371 2768 177 75 fubclaviae,
574 2768 66 75 two
656 2768 172 75 carbtides,
853 2768 61 75 one
936 2768 137 75 caeliaca,
1098 2768 61 75 one

130 2813 203 75 mefenterica
359 2813 153 75 fuperior,
538 2813 65 75 two
630 2813 134 75 renales,
794 2813 156 75 formerly
976 2813 123 75 termed
1125 2813 33 75 e-

130 2860 172 75 mulgents,
326 2860 61 75 one
403 2860 204 75 mefenterica
622 2860 143 75 inferior,
790 2860 62 75 and
868 2860 67 75 two
949 2860 113 75 ilxacas.

176 2906 76 75 The
264 2906 89 75 fmall
378 2906 115 75 capital
518 2906 153 75 branches
688 2906 53 75 are
758 2906 115 75 chiefly
889 2906 56 75 the
961 2906 126 75 arteriae
1102 2906 55 75 co-

130 2950 131 75 ronarise
272 2950 118 75 cordis,
402 2950 214 75 bronchiales,
625 2950 216 75 cefophagaeae,
852 2950 227 75 intercoftales,
1089 2950 67 75 dia-

130 2998 222 75 phragmaticae
369 2998 179 75 inferiores,
566 2998 205 75 fpermaticae,
791 2998 174 75 lumbares,
978 2998 62 75 and
1050 2998 107 75 faerse..

2065 158 99 75 Part
2185 158 70 75 Ilf.

1262 224 113 75 Thefe
1392 224 117 75 capital
1524 224 157 75 branches
1695 224 37 75 or
1748 224 131 75 arteries
1892 224 53 75 are
1962 224 51 75 for
2025 224 57 75 the
2095 224 77 75 moft
2185 224 73 75 part

1218 270 145 75 difpofed
1374 270 32 75 in
1423 270 84 75 pairs
1519 270 11 75 ;
1556 270 91 75 there
1670 270 94 75 being
1780 270 83 75 none
1890 270 33 75 in
1952 270 66 75 odd
2035 270 149 75 numbers
2200 270 59 75 but

1219 316 56 75 the
1291 316 139 75 caeliaca,
1456 316 55 75 the
1529 316 66 75 two
1611 316 247 75 menfentericae,
1882 316 87 75 fome
1982 316 39 75 of
2038 316 55 75 the
2110 316 144 75 oefopha-

1219 362 87 75 gaeae,
1332 362 55 75 the
1404 362 206 75 bronchialis,
1637 362 62 75 and
1715 362 178 75 fometimes
1909 362 55 75 the
1981 362 107 75 facrce.

1266 409 75 75 The
1357 409 94 75 aorta
1466 409 88 75 gives
1572 409 59 75 rife
1656 409 35 75 to
1716 409 66 75 two
1808 409 89 75 fmall
1914 409 145 75 arteries,
2085 409 104 75 called
2202 409 53 75 cq-

1219 454 131 75 ronariae
1368 454 118 75 cordis,
1515 454 104 75 which
1637 454 42 75 go
1702 454 35 75 to
1763 454 55 75 the
1843 454 93 75 heart
1958 454 63 75 and
2036 454 42 75 its
2096 454 157 75 auricles;

1218 501 59 75 one
1295 501 40 75 of
1347 501 105 75 which
1469 501 27 75 is
1513 501 135 75 fituated
1664 501 186 75 anteriorly,
1876 501 54 75 the
1942 501 95 75 other
2053 501 201 75 pofteriorly,

1219 547 62 75 and
1298 547 180 75 fometimes
1495 547 79 75 they
1598 547 53 75 are
1668 547 91 75 three
1776 547 32 75 in
1826 547 145 75 number.

1265 594 98 75 From
1380 594 55 75 the
1451 594 99 75 upper
1562 594 71 75 part
1650 594 40 75 of
1705 594 56 75 the
1779 594 75 75 arch
1871 594 38 75 or
1942 594 181 75 curvature,
2149 594 54 75 the
2220 594 33 75 a-

1217 640 70 75 orta
1304 640 91 75 fends
1412 640 57 75 out
1487 640 183 75 commonly
1686 640 102 75 three,
1814 640 178 75 fometimes
2006 640 75 75 four
2097 640 88 75 large
2201 640 52 75 ca-

1217 686 77 75 pital
1311 686 168 75 branches,
1505 686 85 75 their
1605 686 119 75 origins
1741 686 95 75 being
1860 686 78 75 very
1954 686 74 75 near
2045 686 78 75 each
2147 686 105 75 other.

1216 732 111 75 When
1343 732 91 75 there
1452 732 52 75 are
1521 732 86 75 four,
1633 732 56 75 the
1706 732 64 75 two
1788 732 118 75 middle
1923 732 155 75 branches
2090 732 53 75 are
2156 732 98 75 term-

1216 776 38 75 ed
1288 776 122 75 arterise
1445 776 181 75 carotides;
1653 776 55 75 the
1739 776 94 75 ether
1865 776 79 75 two,
1969 776 188 75 fubclavias;
2191 776 63 75 and

1216 824 80 75 both
1313 824 53 75 are
1382 824 221 75 diftingUifhed
1616 824 68 75 into
1694 824 87 75 right
1794 824 60 75 and
1872 824 74 75 left.

1264 871 110 75 When
1391 871 90 75 there
1499 871 52 75 are
1568 871 58 75 but
1642 871 90 75 three
1748 871 170 75 branches,
1944 871 105 75 which
2073 871 27 75 is
2118 871 134 75 oftepeft

1217 916 55 75 the
1289 916 80 75 cafe,
1395 916 55 75 the
1467 916 64 75 firft
1546 916 27 75 is
1591 916 18 75 a
1625 916 86 75 fhort
1736 916 108 75 trunk,
1871 916 145 75 common
2035 916 34 75 to
2092 916 55 75 the
2165 916 87 75 right

1216 964 179 75 fubclavian
1414 964 68 75 and.
1493 964 135 75 carotid,
1653 964 56 75 the
1725 964 116 75 fecond
1856 964 26 75 is
1901 964 54 75 the
1981 964 61 75 left
2056 964 193 75 fubclavian,

1218 1009 61 75 and
1292 1009 55 75 the
1363 1009 87 75 third
1467 1009 56 75 the
1539 1009 59 75 left
1616 1009 136 75 carotid.

1212 1056 8 75 :
1261 1056 78 75 The
1355 1056 105 75 origin
1475 1056 41 75 of
1527 1056 55 75 the
1598 1056 61 75 left
1681 1056 180 75 fubclavian
1877 1056 183 75 terminates
2089 1056 55 75 the
2161 1056 89 75 aorta

1214 1103 182 75 afeendens.

1262 1148 76 75 The
1355 1148 122 75 carptid
1495 1148 130 75 arteries
1642 1148 58 75 run
1724 1148 43 75 up
1783 1148 133 75 directly
1933 1148 34 75 to
1984 1148 55 75 the
2050 1148 95 75 head,
2170 1148 77 75 each

1216 1197 38 75 of
1266 1197 88 75 them
1372 1197 93 75 being
1477 1197 64 75 firft
1557 1197 130 75 divided
1697 1197 69 75 into
1778 1197 80 75 two,
1883 1197 60 75 ope
1961 1197 157 75 external,
2144 1197 55 75 the
2211 1197 36 75 o-

1216 1239 71 75 ther
1311 1239 149 75 internal.
1509 1239 76 75 The
1610 1239 147 75 external
1784 1239 108 75 artery
1915 1239 76 75 goes
2009 1239 115 75 chiefly
2140 1239 35 75 to
2192 1239 55 75 the

1214 1285 92 75 outer
1322 1285 87 75 parts
1427 1285 40 75 of
1477 1285 55 75 the
1540 1285 92 75 "head
1647 1285 61 75 and
1724 1285 80 75 dura
1819 1285 113 75 mater,
1958 1285 37 75 or
2018 1285 63 75 firft
2098 1285 150 75 covering

1215 1332 39 75 of
1265 1332 55 75 the
1337 1332 102 75 brain.
1487 1332 78 75 The
1582 1332 133 75 internal
1733 1332 105 75 enters
1851 1332 55 75 the
1923 1332 154 75 cranium,
2104 1332 141 75 through

1215 1379 54 75 the
1294 1379 88 75 bony
1409 1379 90 75 canal
1527 1379 43 75 of
1586 1379 55 75 the
1665 1379 36 75 os
1718 1379 158 75 petrofum
1894 1379 9 75 ;
1928 1379 61 75 and
2016 1379 27 75 is
2059 1379 187 75 diftributed

1215 1426 141 75 through
1372 1426 56 75 the
1444 1426 91 75 brain
1552 1426 42 75 by
1612 1426 18 75 a
1652 1426 89 75 great
1759 1426 132 75 number
1908 1426 39 75 of
1958 1426 239 75 ramifications.

1261 1473 76 75 The
1352 1473 179 75 fubclavian
1557 1473 130 75 arteries
1716 1473 139 75 feparate
1872 1473 159 75 laterally,
2056 1473 62 75 and
2135 1473 119 75 almoft-

1215 1519 220 75 tranfverfely,
1461 1519 77 75 each
1555 1519 125 75 toward
1705 1519 70 75 that
1792 1519 62 75 fide
1872 1519 42 75 on
1930 1519 104 75 which
2050 1519 25 75 it
2092 1519 70 75 lies,
2188 1519 56 75 be-

1213 1565 78 75 hind
1318 1565 65 75 and
1404 1565 100 75 under
1532 1565 54 75 the
1615 1565 173 75 claviculas,
1814 1565 84 75 from
1915 1565 130 75 whence
2061 1565 78 75 they
2161 1565 81 75 have

1214 1611 80 75 their
1310 1611 105 75 name.

1259 1658 75 75 The
1349 1658 181 75 fubclayian
1557 1658 41 75 on
1629 1658 78 75 each
1724 1658 63 75 fide
1803 1658 182 75 terminates
2008 1658 33 75 at
2070 1658 55 75 the
2141 1658 101 75 upper

1212 1704 79 75 edge
1308 1704 40 75 of
1359 1704 54 75 the
1429 1704 65 75 firft
1511 1704 61 75 rib,
1598 1704 142 75 between
1758 1704 56 75 the
1830 1704 100 75 lower
1946 1704 171 75 infertions.
2127 1704 40 75 of
2186 1704 55 75 the

1213 1750 64 75 firft
1288 1750 144 75 fealenus
1444 1750 137 75 nrufcle;
1608 1750 62 75 and
1686 1750 102 75 there,
1814 1750 32 75 as
1864 1750 24 75 it
1901 1750 76 75 goes
1985 1750 57 75 out
2055 1750 39 75 of
2100 1750 56 75 the
2168 1750 73 75 tho-

1213 1796 71 75 rax,
1311 1796 89 75 takes
1416 1796 54 75 the
1487 1796 92 75 name
1594 1796 40 75 of
1645 1796 117 75 arteria
1780 1796 155 75 axillaris.

1258 1846 129 75 During
1403 1846 63 75 this
1484 1846 109 75 courfe
1621 1846 42 75 of
1684 1846 55 75 the
1767 1846 179 75 fubclavian
1974 1846 120 75 artery,
2119 1846 120 75 feveral

1209 1888 134 75 arteries
1360 1888 77 75 arife
1461 1888 87 75 from
1573 1888 40 75 it,
1638 1888 55 75 viz.
1733 1888 55 75 the
1816 1888 181 75 mammaria
2014 1888 147 75 interna,,
2174 1888 65 75 me-

1210 1935 143 75 diaftina,
1378 1935 189 75 pericardia,
1592 1935 270 75 diaphragmatica
1877 1935 104 75 minor
1997 1935 61 75 five
2084 1935 154 75 fuperior,

1211 1979 140 75 thymica
1367 1979 62 75 and
1440 1979 181 75 trachealk.

1256 2026 21 75 T
1290 2026 41 75 he
1347 2026 142 75 thymica
1505 2026 61 75 and
1582 2026 172 75 trachealis
1779 2026 41 75 on
1838 2026 82 75 each
1932 2026 63 75 fide
2012 2026 70 75 are,,
2103 2026 32 75 in
2152 2026 85 75 fome

1207 2071 149 75 fubjedts,
1381 2071 76 75 only
1473 2071 154 75 branches
1644 2071 40 75 of
1703 2071 60 75 one
1786 2071 89 75 fmall
1899 2071 98 75 trunk
2011 2071 106 75 which
2133 2071 106 75 fpring

1208 2119 85 75 from
1310 2119 55 75 the
1382 2119 146 75 common
1551 2119 97 75 trunk
1663 2119 40 75 of
1722 2119 54 75 the
1803 2119 87 75 right
1906 2119 179 75 fubclavian
2108 2119 61 75 and
2186 2119 51 75 ca-

1207 2165 98 75 rotid.

1253 2212 99 75 They
1368 2212 53 75 are
1437 2212 161 75 generally
1613 2212 89 75 fmall
1717 2212 130 75 arteries
1863 2212 105 75 which
1980 2212 59 75 run
2056 2212 183 75 fometimes

1208 2259 153 75 feparate,
1387 2259 62 75 and
1464 2259 179 75 fometimes
1655 2259 105 75 partly
1771 2259 141 75 feparate
1924 2259 62 75 and
1998 2259 105 75 partly
2112 2259 124 75 joined.

1256 2305 75 75 The
1347 2305 181 75 fubclavian
1542 2305 92 75 fends
1651 2305 50 75 off
1711 2305 140 75 likewife
1867 2305 54 75 the
1938 2305 184 75 mammaria
2138 2305 98 75 inter-

1209 2351 51 75 na,
1285 2351 207 75 vertebrales,
1517 2351 182 75 cervicales,
1722 2351 62 75 and
1800 2351 177 75 fometimes
1993 2351 119 75 feveral
2129 2351 40 75 of
2180 2351 56 75 the

1208 2397 99 75 upper
1321 2397 229 75 intercoftales.

1256 2444 76 75 The
1349 2444 137 75 axillary
1502 2444 118 75 artery,
1644 2444 105 75 which
1765 2444 27 75 is
1816 2444 77 75 only
1916 2444 18 75 a
1958 2444 219 75 continuation
2201 2444 41 75 of

1211 2491 55 75 the
1293 2491 178 75 fubclavian
1495 2491 84 75 from
1603 2491 107 75 where
1725 2491 28 75 it
1775 2491 78 75 goes
1869 2491 57 75 out
1943 2491 39 75 of
1993 2491 55 75 the
2064 2491 121 75 thorax
2200 2491 37 75 to

1211 2536 54 75 the
1290 2536 110 75 axilla,
1425 2536 152 75 detaches
1603 2536 116 75 chiefly
1744 2536 55 75 the
1823 2536 185 75 mammaria
2028 2536 146 75 externa,
2200 2536 38 75 or

1209 2583 161 75 thoracica
1384 2583 153 75 fuperior,
1553 2583 163 75 thoracica
1730 2583 145 75 inferior,
1891 2583 176 75 fcapulares
2078 2583 155 75 externae,

1209 2628 168 75 fcapularis
1388 2628 136 75 interna,
1549 2628 169 75 humeralis
1736 2628 37 75 or
1784 2628 196 75 mufcularis,
2008 2628 64 75 <bc.
2121 2628 113 75 After-

1208 2675 103 75 wards
1327 2675 26 75 it
1364 2675 27 75 is
1408 2675 171 75 continued
1595 2675 43 75 by
1664 2675 149 75 different
1836 2675 237 75 ramifications,
2099 2675 62 75 and
2176 2675 58 75 un-

1206 2720 57 75 der
1278 2720 150 75 different
1443 2720 120 75 names,
1584 2720 78 75 over
1688 2720 55 75 the
1760 2720 104 75 whole
1880 2720 79 75 arm,
1985 2720 42 75 all
2045 2720 56 75 the
2112 2720 71 75 way
2196 2720 35 75 to

1206 2768 55 75 the
1278 2768 77 75 ends
1371 2768 39 75 of
1423 2768 55 75 the
1494 2768 131 75 fingers.

1251 2814 77 75 The
1343 2814 141 75 fuperior
1499 2814 127 75 portion
1648 2814 42 75 of
1699 2814 55 75 the
1770 2814 90 75 aorta
1876 2814 190 75 defeendens
2084 2814 88 75 gives
2190 2814 52 75 off

1206 2861 54 75 the
1277 2861 123 75 arteriae
1416 2861 213 75 bronchiales,
1653 2861 107 75 which
1777 2861 78 75 arife
1867 2861 177 75 fometimes
2057 2861 44 75 by
2113 2861 19 75 a
2147 2861 89 75 fmall

1204 2906 146 75 common
1376 2906 108 75 trunk,
1510 2906 177 75 fometimes
1717 2906 154 75 feparate,
1896 2906 64 75 and
1984 2906 180 75 fometimes
2192 2906 43 75 do

1204 2952 56 75 not
1275 2952 91 75 pome
1381 2952 215 75 immediately
1611 2952 84 75 from
1711 2952 55 75 the
1788 2952 102 75 aorta.
1939 2952 32 75 It
1988 2952 80 75 next
2084 2952 91 75 fends
2188 2952 52 75 off

1202 3000 54 75 the
1272 3000 220 75 oefophagaeae,
1514 3000 105 75 which
1630 3000 73 75 may
1714 3000 39 75 be
1765 3000 119 75 looked
1895 3000 87 75 upon
1994 3000 33 75 as
2046 3000 186 75 mediaftinse

2021 3041 188 75 pofteriores
2219 3041 15 75 ;

695 152 1006 75 ANATOMY.
