2423 3387
170 163 49 75 49
228 163 26 75 6

733 163 495 75 ASTRO

172 221 138 75 towards
333 221 56 75 the
408 221 81 75 20th
507 221 116 75 degree
641 221 39 75 of
693 221 177 75 Aquarius,
895 221 171 75 according
1089 221 35 75 to
1148 221 57 75 the

173 269 215 75 observations
413 269 40 75 of
477 269 181 75 Bianchini.
719 269 66 75 She
813 269 99 75 fhews
937 269 43 75 all
1002 269 56 75 the
1085 269 120 75 pheno-

174 315 91 75 mena
281 315 164 75 defcribed
462 315 31 75 in
515 315 107 75 Ghap.
640 315 30 75 I.

218 362 105 75 Next,
336 362 157 75 without
520 362 56 75 the
602 362 88 75 orbit
716 362 40 75 of
776 362 125 75 Venus,
938 362 26 75 is
997 362 56 75 the
1085 362 118 75 Earth,

172 409 88 75 (No,
279 409 66 75 4.),
372 409 106 75 which
492 409 89 75 turns
598 409 103 75 round
717 409 41 75 its
775 409 83 75 axis,
884 409 35 75 to
937 409 61 75 any
1010 409 88 75 fixed
1113 409 93 75 point

172 454 32 75 at
221 454 17 75 a
255 454 90 75 great
361 454 151 75 diliance,
536 454 33 75 in
587 454 41 75 23
655 454 98 75 hours
781 454 42 75 56
849 454 137 75 minutes
1012 454 22 75 4
1058 454 156 75 feconds^

170 501 149 75 of.mean
336 501 83 75 folar
435 501 99 75 time;
561 501 58 75 but
635 501 83 75 from
736 501 55 75 the
807 501 56 75 fun
880 501 35 75 to
939 501 55 75 the
1017 501 56 75 fun
1098 501 105 75 again,

170 550 30 75 in
226 550 44 75 24
294 550 100 75 hours
418 550 40 75 of
478 550 54 75 the
557 550 83 75 fame
665 550 89 75 time.
804 550 71 75 No.
903 550 35 75 6.
964 550 27 75 is
1017 550 19 75 a
1059 550 143 75 fydereal

170 596 61 75 dial
252 596 83 75 plate
353 596 101 75 under
471 596 54 75 the
538 596 106 75 earth,
669 596 63 75 and
748 596 71 75 No.
840 596 34 75 7.
900 596 19 75 a
936 596 82 75 folar
1034 596 170 75 dial-plate

170 642 40 75 on
228 642 55 75 the
300 642 95 75 cover
411 642 40 75 of
470 642 55 75 the
542 642 157 75 machine.
747 642 77 75 The
839 642 100 75 index
950 642 41 75 of
1009 642 56 75 the
1082 642 120 75 former

168 689 98 75 fhews
279 689 156 75 fydereaf..
461 689 63 75 and
540 689 40 75 of
598 689 55 75 the
670 689 109 75 latter,
802 689 83 75 folar
902 689 98 75 time;
1027 689 63 75 and
1101 689 102 75 hence

168 736 55 75 the
240 736 121 75 former
377 736 99 75 index
491 736 90 75 gains
598 736 60 75 one
670 736 101 75 entire
787 736 181 75 revolution
984 736 41 75 on
1038 736 55 75 the
1104 736 96 75 latter

168 782 96 75 every
280 782 89 75 year,
393 782 35 75 as
449 782 64 75 365
527 782 84 75 folar
628 782 38 75 or
681 782 126 75 natural
824 782 78 75 days
919 782 129 75 contain
1067 782 67 75 366
1149 782 52 75 fy-

166 829 108 75 dereal
298 829 91 75 days,
415 829 37 75 or
475 829 153 75 apparent
652 829 198 75 revolutions
875 829 40 75 of
935 829 56 75 the
1017 829 88 75 liars.
1161 829 40 75 In

167 876 55 75 the
240 876 76 75 time
334 876 70 75 that
420 876 55 75 the
492 876 90 75 earth
607 876 108 75 makes
735 876 91 75 3654
841 876 127 75 diurnal
987 876 154 75 rotations
1159 876 41 75 on

167 922 42 75 its
227 922 84 75 axis,
338 922 25 75 it
380 922 77 75 goes
473 922 79 75 once
570 922 103 75 round
689 922 56 75 the
761 922 55 75 fun
841 922 33 75 in
897 922 56 75 the
978 922 92 75 plane
1086 922 41 75 of
1144 922 57 75 the

166 970 238 75 eclipticand
428 970 119 75 always
569 970 97 75 keeps
690 970 139 75 oppofite
853 970 34 75 to
904 970 18 75 a
946 970 130 75 moving
1099 970 101 75 index

168 1017 87 75 (No.
279 1017 71 75 10.)
377 1017 102 75 which
504 1017 99 75 fhews
621 1017 54 75 the
692 1017 84 75 fun’s
793 1017 88 75 daily
897 1017 122 75 change
1035 1017 41 75 of
1094 1017 103 75 place,

166 1062 62 75 and
241 1062 64 75 aifo
323 1062 54 75 the
389 1062 79 75 days
485 1062 40 75 of
545 1062 55 75 the
613 1062 141 75 months.

211 1110 76 75 The
303 1110 91 75 earth
410 1110 25 75 is
452 1110 74 75 half
541 1110 142 75 covered
698 1110 77 75 with
798 1110 19 75 a
832 1110 95 75 black
946 1110 71 75 cap,
1043 1110 52 75 for
1115 1110 82 75 divi-

164 1156 76 75 ding
264 1156 55 75 the
336 1156 186 75 apparently
544 1156 205 75 enlightened
770 1156 75 75 half
863 1156 81 75 next
966 1156 57 75 the
1038 1156 58 75 fun
1111 1156 86 75 from

162 1203 56 75 the
234 1203 94 75 other
350 1203 80 75 half,
455 1203 119 75 which,
599 1203 91 75 when
708 1203 117 75 turned
849 1203 91 75 away
956 1203 84 75 from
1064 1203 78 75 him,
1167 1203 28 75 is

163 1250 32 75 in
212 1250 56 75 the
285 1250 92 75 dark.
426 1250 77 75 The
519 1250 80 75 edge
615 1250 41 75 of
675 1250 56 75 the
755 1250 58 75 cap
833 1250 176 75 reprefents
1025 1250 56 75 the
1098 1250 97 75 circle

162 1297 163 75 bounding
341 1297 83 75 light
441 1297 62 75 and
519 1297 164 75 darknefs,
709 1297 62 75 and
787 1297 98 75 ihews
903 1297 33 75 at
947 1297 87 75 what
1045 1297 77 75 time
1139 1297 55 75 the

162 1343 55 75 fun
236 1343 73 75 rifes
322 1343 74 75 and'
396 1343 65 75 fets
481 1343 35 75 to
532 1343 41 75 all
587 1343 106 75 places
709 1343 200 75 throughout
921 1343 55 75 the
989 1343 87 75 year.
1117 1343 77 75 The

161 1390 120 75 earth’s
294 1390 69 75 axis
380 1390 132 75 inclines
530 1390 69 75 23-I-
614 1390 131 75 degrees
763 1390 85 75 from
860 1390 55 75 the
932 1390 70 75 axis
1019 1390 41 75 of
1070 1390 55 75 the
1142 1390 51 75 ec-

160 1437 103 75 liptic,
289 1437 60 75 the
362 1437 94 75 nordi
481 1437 72 75 pole
578 1437 130 75 inclines
733 1437 126 75 toward
884 1437 55 75 the
963 1437 172 75 beginning
1158 1437 41 75 of

162 1484 136 75 Cancer,
324 1484 62 75 and
411 1484 95 75 keeps
530 1484 42 75 its
596 1484 188 75 parallelifm
801 1484 201 75 throughout
1017 1484 42 75 its
1077 1484 115 75 annual

160 1531 128 75 courfe;
307 1531 34 75 fo
358 1531 70 75 that
441 1531 31 75 in
489 1531 136 75 fummer
640 1531 56 75 the
708 1531 153 75 northern
878 1531 88 75 parts
983 1531 40 75 of
1033 1531 56 75 the
1101 1531 90 75 earth

161 1578 115 75 incline
300 1578 140 75 towards
465 1578 55 75 the
544 1578 69 75 fun,
639 1578 61 75 and
723 1578 32 75 in
779 1578 114 75 winter
917 1578 83 75 from
1025 1578 88 75 him;
1148 1578 45 75 by

159 1625 106 75 which
289 1625 120 75 means,
433 1625 58 75 the
505 1625 152 75 different
674 1625 128 75 lengths
823 1625 40 75 of
881 1625 79 75 days
985 1625 63 75 and
1071 1625 119 75 nights,

160 1671 62 75 and
238 1671 55 75 the
309 1671 91 75 caufe
424 1671 40 75 of
480 1671 60 75 the
562 1671 129 75 various
716 1671 136 75 feafons,
878 1671 53 75 are
956 1671 235 75 demonftrated

159 1718 34 75 to
210 1718 92 75 fight.

206 1764 111 75 There
333 1764 26 75 is
377 1764 18 75 a
414 1764 101 75 broad
532 1764 149 75 horizon,
706 1764 36 75 to
759 1764 55 75 the
830 1764 101 75 upper
946 1764 64 75 fide
1027 1764 41 75 of
1085 1764 105 75 which

159 1811 26 75 is
211 1811 86 75 fixed
322 1811 19 75 a
364 1811 153 75 meridian
540 1811 174 75 femicircle
738 1811 31 75 in
798 1811 56 75 the
882 1811 95 75 north
1006 1811 63 75 and
1096 1811 93 75 fouth

157 1858 119 75 points,
300 1858 177 75 graduated
492 1858 43 75 on
552 1858 79 75 both
647 1858 78 75 lides
742 1858 84 75 from
843 1858 56 75 the
914 1858 140 75 horizon
1068 1858 35 75 to
1120 1858 67 75 90°

157 1903 31 75 in
207 1903 54 75 the
273 1903 111 75 zenith
400 1903 38 75 or
455 1903 130 75 vertical
603 1903 103 75 point.
754 1903 77 75 The
843 1903 81 75 edge
936 1903 39 75 of
986 1903 55 75 the
1053 1903 136 75 horizon

156 1951 28 75 is
208 1951 176 75 graduated
407 1951 84 75 from
515 1951 55 75 the
595 1951 62 75 call
681 1951 63 75 and
766 1951 75 75 weft
866 1951 35 75 to
925 1951 56 75 the
1005 1951 93 75 fouth
1125 1951 63 75 and

156 1997 96 75 north
271 1997 119 75 points,
414 1997 60 75 and
489 1997 116 75 within
621 1997 87 75 thefe
724 1997 147 75 divifions
888 1997 53 75 are
958 1997 55 75 the
1031 1997 103 75 points
1153 1997 39 75 of

157 2044 56 75 the
225 2044 153 75 corhpafs.
428 2044 97 75 From
543 2044 58 75 the
614 2044 99 75 lower
728 2044 64 75 fide
807 2044 42 75 of
867 2044 64 75 this
948 2044 69 75 thin
1033 2044 153 75 horizon-

158 2091 86 75 plate
260 2091 89 75 ftand
362 2091 59 75 out
438 2091 74 75 four
529 2091 87 75 final!
633 2091 105 75 wires,
764 2091 34 75 to
815 2091 105 75 which
938 2091 25 75 is
975 2091 89 75 fixed
1080 2091 18 75 a
1114 2091 72 75 twi-

156 2138 195 75 light-circle
380 2138 38 75 :8
446 2138 131 75 degrees
604 2138 84 75 from
712 2138 56 75 the
792 2138 177 75 graduated
993 2138 63 75 fide
1073 2138 39 75 of
1131 2138 56 75 the

155 2184 137 75 horizon
308 2184 42 75 all
375 2184 112 75 round.
537 2184 86 75 This
645 2184 137 75 horizon
806 2184 73 75 may
894 2184 40 75 be
950 2184 57 75 put
1023 2184 85 75 upop
1132 2184 54 75 the

157 2230 103 75 earth,
287 2230 108 75 (when
412 2230 54 75 the
484 2230 56 75 cap
553 2230 26 75 is
596 2230 95 75 taken
709 2230 121 75 away),
855 2230 62 75 and
930 2230 137 75 re&ified
1084 2230 35 75 to
1131 2230 56 75 the

155 2278 142 75 latitude,
309 2278 39 75 of
367 2278 60 75 any
445 2278 111 75 place;
582 2278 62 75 and
661 2278 89 75 then,
775 2278 44 75 by
836 2278 17 75 a
869 2278 90 75 fmall
984 2278 77 75 wife
1084 2278 103 75 called

157 2328 56 75 the
234 2328 88 75 fdar
337 2328 70 75 ray,,
432 2328 105 75 which
554 2328 75 75 may
644 2328 40 75 be
700 2328 57 75 put
773 2328 42 75 on
831 2328 34 75 fo
883 2328 34 75 as
934 2328 35 75 to
985 2328 136 75 proceed
1137 2328 47 75 di-

158 2371 98 75 refdy
273 2371 83 75 from
374 2371 54 75 the
445 2371 83 75 fun’s
545 2371 108 75 centre
677 2371 141 75 towards
834 2371 56 75 the
914 2371 131 75 earth’s,
1070 2371 58 75 but
1153 2371 33 75 to

157 2418 90 75 cpme
264 2418 41 75 no
321 2418 122 75 farther
458 2418 79 75 than
553 2418 111 75 almoft
679 2418 35 75 to
729 2418 99 75 touch
845 2418 55 75 the
912 2418 149 75 horizon.
1109 2418 77 75 The

157 2465 169 75 beginning
343 2465 39 75 of
400 2465 153 75 twilight,
578 2465 77 75 time
679 2465 40 75 of
738 2465 179 75 fun-rifing,
942 2465 79 75 with
1046 2465 49 75 his
1117 2465 66 75 am-

156 2511 134 75 plitude,
324 2511 152 75 meridian
500 2511 148 75 altitude,
681 2511 77 75 time
786 2511 39 75 of
848 2511 129 75 fetting,
1010 2511 174 75 amplitude

156 2558 91 75 then,
272 2558 62 75 and
350 2558 61 75 end
428 2558 39 75 of
486 2558 153 75 twilight,
664 2558 54 75 are
742 2558 104 75 fhewn
873 2558 52 75 for
950 2558 95 75 every
1068 2558 63 75 day
1147 2558 41 75 of

155 2605 56 75 the
237 2605 84 75 year,
347 2605 33 75 at
396 2605 68 75 that
482 2605 87 75 place
588 2605 34 75 to
638 2605 103 75 which
760 2605 55 75 the
831 2605 136 75 horizon
985 2605 26 75 is
1029 2605 153 75 re&ified.

202 2652 75 75 The
294 2652 105 75 Moon
417 2652 86 75 (No.
524 2652 50 75 5.)
593 2652 77 75 goes
687 2652 103 75 round
812 2652 56 75 the
890 2652 105 75 earth,
1022 2652 85 75 from
1128 2652 55 75 be-

156 2698 102 75 tween
275 2698 25 75 it
318 2698 60 75 and
403 2698 61 75 any
488 2698 86 75 fixed
601 2698 89 75 point
714 2698 33 75 at
772 2698 18 75 a
806 2698 90 75 great
912 2698 149 75 diftance,
1086 2698 33 75 in
1137 2698 43 75 27

151 2718 3 104 ■
154 2744 81 75 days
254 2744 17 75 7
291 2744 97 75 hours
401 2744 42 75 43
464 2744 147 75 minutes,
630 2744 37 75 or
680 2744 140 75 through
834 2744 41 75 all
888 2744 55 75 the
959 2744 81 75 figns
1052 2744 63 75 and
1126 2744 55 75 de-

156 2791 89 75 grees
262 2791 40 75 of
321 2791 55 75 her
393 2791 98 75 orbit,
508 2791 149 75 which-is
674 2791 101 75 called
792 2791 57 75 her
859 2791 181 75 periodical
1055 2791 123 75 revolu-

155 2839 88 75 tion-.
271 2839 124 75 but.fire
411 2839 78 75 goes
506 2839 102 75 round
624 2839 84 75 from
726 2839 53 75 the
795 2839 56 75 fun
875 2839 35 75 to
935 2839 54 75 the
1005 2839 61 75 fim.
1077 2839 103 75 again,

154 2884 38 75 or
215 2884 83 75 from
322 2884 121 75 change
466 2884 36 75 to
519 2884 132 75 change,
677 2884 31 75 in
728 2884 43 75 29
787 2884 78 75 days
887 2884 38 75 12
944 2884 97 75 hours
1061 2884 41 75 45
1122 2884 58 75 mi-

153 2932 104 75 nutes,
283 2932 103 75 which
415 2932 26 75 is
464 2932 59 75 her
543 2932 163 75 fynodical
731 2932 189 75 revolution'
920 2932 11 75 ,
968 2932 62 75 and
1053 2932 32 75 in
1109 2932 70 75 that

154 2980 75 75 tirqe
247 2980 50 75 fire
314 2980 140 75 exhibits
471 2980 42 75 all
526 2980 53 75 the
593 2980 107 75 phafes
718 2980 129 75 already
863 2980 175 75 defcribed.

202 3027 110 75 When
328 3027 54 75 the
399 3027 100 75 above
514 3027 183 75 mentioned
712 3027 135 75 horizon
864 3027 26 75 is
908 3027 140 75 refilled
1073 3027 35 75 to
1125 3027 55 75 the

1308 155 42 75 N
1430 155 40 75 O
1550 155 49 75 M
1677 155 53 75 Y.

1250 226 134 75 latitude
1401 226 41 75 of
1461 226 63 75 any
1539 226 92 75 given
1649 226 102 75 place,
1777 226 56 75 the
1850 226 94 75 times
1961 226 40 75 of
2020 226 56 75 the
2100 226 123 75 moon’s
2241 226 41 75 ri-

1249 272 65 75 ling
1330 272 61 75 and
1409 272 129 75 fetting,
1562 272 150 75 together
1728 272 79 75 with
1824 272 59 75 her
1898 272 187 75 amplitude,
2110 272 54 75 are
2179 272 106 75 Ihewn

1251 318 36 75 to
1303 318 70 75 that
1390 318 90 75 place
1504 318 33 75 as
1553 318 75 75 well
1652 318 33 75 as
1710 318 56 75 the
1790 318 106 75 fun’s;
1924 318 67 75 and^
2010 318 42 75 all
2076 318 56 75 the
2156 318 127 75 various

1249 366 198 75 phenomena
1474 366 41 75 of
1541 366 55 75 the
1623 366 238 75 harveft-moon
1889 366 54 75 are
1970 366 94 75 made
2089 366 133 75 obvious
2248 366 36 75 to

1249 421 92 75 fight-
1296 458 75 75 The
1387 458 123 75 moon’s
1527 458 86 75 orbit
1632 458 87 75 (No.
1739 458 52 75 9.)
1809 458 26 75 is
1852 458 140 75 inclined
2007 458 36 75 to
2069 458 55 75 the
2141 458 139 75 ecliptic,

1251 507 85 75 (No.
1362 507 84 75 11.),
1471 507 62 75 one
1556 507 76 75 half
1651 507 94 75 being
1768 507 113 75 above,
1907 507 62 75 and
1993 507 56 75 the
2065 507 95 75 other
2176 507 105 75 below

1247 552 37 75 it.
1334 552 77 75 The
1427 552 114 75 nodes,
1566 552 38 75 or
1627 552 106 75 points
1758 552 33 75 at
1816 552 23 75 o
1861 552 62 75 and
1948 552 35 75 o,
2007 552 42 75 lie
2066 552 31 75 in
2115 552 54 75 the
2187 552 92 75 plane

1246 599 40 75 of
1309 599 58 75 the
1390 599 141 75 ecliptic,
1572 599 34 75 as
1641 599 109 75 before
1773 599 177 75 defcribed,
1986 599 62 75 and
2079 599 76 75 fhift
2182 599 98 75 back-

1245 645 89 75 ward
1350 645 141 75 through
1508 645 43 75 ail
1567 645 42 75 its
1625 645 77 75 fines
1716 645 61 75 and
1790 645 131 75 degrees
1930 645 32 75 in
1979 645 66 75 184
2062 645 103 75 years.
2201 645 78 75 The

1246 693 131 75 degrees
1402 693 42 75 of
1469 693 57 75 the
1550 693 123 75 moon’s
1698 693 137 75 latitude
1860 693 35 75 to
1925 693 54 75 the
2004 693 123 75 higheft
2151 693 33 75 at
2210 693 69 75 NL

1248 738 111 75 (north
1376 738 152 75 latitude)
1546 738 64 75 and
1627 738 106 75 loweft
1751 738 33 75 at
1806 738 70 75 SL,
1903 738 109 75 (fouth
2033 738 166 75 latitude),
2225 738 55 75 are

1246 785 157 75 engraven
1420 785 81 75 both
1517 785 87 75 ways
1621 785 83 75 from
1722 785 59 75 her
1803 785 98 75 nodes
1926 785 33 75 at
1977 785 23 75 o
2016 785 63 75 and
2094 785 44 75 o;
2164 785 63 75 and
2244 785 38 75 as

1247 833 54 75 the
1318 833 94 75 moon
1431 833 76 75 rifes
1530 833 63 75 and
1608 833 74 75 falls
1700 833 32 75 iq
1755 833 58 75 her
1829 833 86 75 orbit
1931 833 172 75 according
2120 833 35 75 to
2171 833 41 75 its
2229 833 48 75 in-

1246 878 164 75 clination,
1433 878 61 75 her
1508 878 137 75 latitude
1662 878 62 75 and
1747 878 137 75 diftance
1907 878 84 75 from
2016 878 59 75 her
2100 878 99 75 nodes
2224 878 54 75 are

1245 925 102 75 Ihewn
1365 925 52 75 for
1433 925 97 75 every
1545 925 75 75 day,
1645 925 116 75 having
1778 925 63 75 firft
1857 925 140 75 rectified
2013 925 57 75 her
2089 925 86 75 orbit
2190 925 34 75 fo
2242 925 34 75 as

1245 972 34 75 to
1295 972 47 75 fet
1358 972 55 75 the
1436 972 99 75 nodes
1561 972 36 75 to
1620 972 85 75 their
1728 972 115 75 proper
1866 972 105 75 places
1996 972 32 75 in
2053 972 55 75 the
2125 972 149 75 ecliptic;

1243 1018 63 75 and
1322 1018 90 75 then,
1439 1018 33 75 as
1496 1018 78 75 they
1598 1018 92 75 come
1713 1018 97 75 about
1836 1018 32 75 at
1892 1018 163 75 different,
2081 1018 63 75 and
2165 1018 112 75 almoft

1243 1066 142 75 oppofite
1402 1066 92 75 times
1512 1066 37 75 of
1573 1066 54 75 the
1645 1066 87 75 year,
1761 1066 62 75 and
1846 1066 77 75 then
1947 1066 92 75 point
2062 1066 140 75 towards
2218 1066 58 75 the

1241 1112 69 75 fun,
1337 1112 41 75 all
1391 1112 56 75 the
1463 1112 131 75 eclipfes
1611 1112 72 75 may
1700 1112 39 75 be
1756 1112 103 75 fhewn
1876 1112 51 75 for
1937 1112 163 75 hundreds
2117 1112 40 75 of
2169 1112 104 75 years,

1244 1159 154 75 (without
1414 1159 62 75 any
1491 1159 71 75 new
1575 1159 235 75 reftification),
1827 1159 44 75 by
1881 1159 131 75 turning
2023 1159 57 75 the
2091 1159 184 75 machinery

1241 1206 170 75 backward
1433 1206 52 75 for
1508 1206 76 75 time
1608 1206 78 75 paft,
1712 1206 38 75 or
1773 1206 142 75 forward
1941 1206 50 75 for
2015 1206 77 75 time
2116 1206 36 75 to
2168 1206 103 75 come.

1238 1252 49 75 At
1309 1252 38 75 17
1365 1252 132 75 degrees
1514 1252 138 75 diftance
1674 1252 84 75 from
1784 1252 78 75 each
1886 1252 96 75 node,
2007 1252 42 75 on
2074 1252 80 75 both
2178 1252 93 75 fides,

1237 1298 26 75 is
1280 1298 160 75 engraved
1456 1298 18 75 a
1490 1298 90 75 fmall
1602 1298 78 75 fun;
1707 1298 62 75 and
1794 1298 32 75 at
1854 1298 39 75 12
1920 1298 131 75 degrees
2076 1298 150 75 diftance,
2252 1298 20 75 a

1237 1344 89 75 fmall
1344 1344 95 75 moon
1455 1344 10 75 ;
1492 1344 105 75 which
1622 1344 82 75 fhew
1733 1344 55 75 the
1810 1344 100 75 limits
1934 1344 41 75 of
1994 1344 82 75 folar
2100 1344 61 75 and
2178 1344 93 75 lunar

1237 1392 151 75 eclipfes:
1415 1392 63 75 and
1494 1392 104 75 when,
1624 1392 32 75 at
1674 1392 61 75 any
1755 1392 133 75 change,
1914 1392 56 75 the
1993 1392 96 75 moon
2114 1392 73 75 falls
2212 1392 57 75 be-

1237 1438 102 75 tween
1356 1438 104 75 either
1475 1438 40 75 of
1534 1438 87 75 thefe
1637 1438 73 75 funs
1727 1438 62 75 and
1807 1438 56 75 the
1879 1438 96 75 node,
2000 1438 57 75 the
2072 1438 56 75 fun
2145 1438 66 75 will
2230 1438 40 75 be

1237 1485 137 75 eclipfed
1400 1485 42 75 on
1471 1485 55 75 the
1550 1485 64 75 day
1640 1485 131 75 pointed
1802 1485 35 75 to
1861 1485 45 75 by
1930 1485 55 75 the
2013 1485 114 75 annual
2155 1485 114 75 index,

1239 1533 86 75 (No.
1348 1533 94 75 10.);
1469 1533 63 75 and
1548 1533 34 75 as
1600 1533 55 75 the
1671 1533 96 75 moon
1783 1533 58 75 has
1857 1533 76 75 then
1951 1533 96 75 north
2061 1533 37 75 or
2114 1533 92 75 fouth
2220 1533 47 75 la-

1235 1579 115 75 titude,
1375 1579 61 75 one
1451 1579 76 75 may
1542 1579 93 75 eafily
1647 1579 101 75 judge
1759 1579 151 75 whether
1926 1579 71 75 that
2013 1579 114 75 eclipfe
2143 1579 66 75 will
2226 1579 40 75 be

1234 1626 109 75 vifible
1358 1626 33 75 in
1408 1626 55 75 the
1476 1626 154 75 northern
1647 1626 37 75 or
1700 1626 149 75 fouthern
1863 1626 196 75 hemifphere
2071 1626 198 75 j-efpecialiy

1236 1672 33 75 as
1292 1672 56 75 the
1370 1672 120 75 earth’s
1515 1672 70 75 axis
1609 1672 131 75 inclines
1756 1672 125 75 toward
1897 1672 56 75 the
1970 1672 55 75 fun
2043 1672 36 75 or
2096 1672 86 75 from
2197 1672 68 75 him

1235 1718 33 75 at
1284 1718 70 75 that
1371 1718 89 75 time.
1509 1718 79 75 And
1614 1718 106 75 when,
1747 1718 32 75 at
1810 1718 63 75 any
1894 1718 73 75 full,
1993 1718 54 75 the
2072 1718 95 75 moon
2191 1718 74 75 falls

1235 1766 144 75 between
1403 1766 104 75 either
1534 1766 40 75 of
1592 1766 57 75 the
1672 1766 85 75 little
1781 1766 113 75 moons
1919 1766 63 75 and
2005 1766 97 75 node,
2126 1766 53 75 fhe
2198 1766 66 75 will

1235 1812 38 75 be
1290 1812 149 75 eclipfed,
1465 1812 62 75 and
1551 1812 53 75 the
1621 1812 115 75 annual
1752 1812 100 75 index
1869 1812 98 75 fhews
1983 1812 55 75 the
2054 1812 64 75 day
2134 1812 51 75 of,
2192 1812 72 75 that

1233 1859 123 75 eclipfe.
1409 1859 111 75 There
1543 1859 26 75 is
1586 1859 19 75 a
1628 1859 95 75 circle
1740 1859 39 75 of
1799 1859 69 75 294
1885 1859 93 75 equal
1996 1859 87 75 parts
2102 1859 87 75 (No.
2208 1859 53 75 8.)

1232 1906 41 75 on
1290 1906 55 75 the
1362 1906 97 75 cover
1473 1906 41 75 of
1532 1906 55 75 the
1610 1906 157 75 machine,
1792 1906 172 75 on’which
1988 1906 39 75 an
2049 1906 100 75 index
2163 1906 99 75 fhews

1231 1951 55 75 the
1303 1951 79 75 days
1399 1951 40 75 of
1458 1951 54 75 the
1530 1951 123 75 moon’s
1670 1951 70 75 age.

1276 1997 111 75 There
1399 1997 54 75 are
1469 1997 66 75 two
1551 1997 187 75 femicircles
1757 1997 109 75 (Plate
1876 1997 171 75 XLVIII.
2063 1997 55 75 fig.
2134 1997 47 75 1.)
2198 1997 62 75 fix-

1230 2044 39 75 ed
1287 2044 35 75 th
1338 2044 40 75 an
1399 2044 151 75 elliptical
1568 2044 83 75 ring,
1676 2044 105 75 which
1798 2044 94 75 being
1910 2044 56 75 put
1981 2044 65 75 like
2064 2044 18 75 a
2102 2044 57 75 cap
2176 2044 86 75 upon

1230 2092 54 75 the
1301 2092 103 75 earth,
1429 2092 62 75 and
1508 2092 54 75 the
1579 2092 117 75 forked
1711 2092 71 75 part
1799 2092 29 75 F
1848 2092 85 75 upon
1950 2092 55 75 the
2028 2092 109 75 moon,
2162 2092 98 75 fhews

1229 2138 54 75 the
1300 2138 82 75 titfes
1399 2138 33 75 as
1449 2138 55 75 the
1520 2138 92 75 earth
1629 2138 90 75 turns
1737 2138 104 75 round
1856 2138 112 75 within
1980 2138 100 75 them,
2106 2138 61 75 and
2184 2138 78 75 they

1230 2185 52 75 are
1304 2185 54 75 led
1383 2185 103 75 round
1510 2185 25 75 it
1561 2185 42 75 by
1627 2185 56 75 the
1711 2185 108 75 moon.
1884 2185 112 75 When
2029 2185 56 75 the
2109 2185 151 75 different

1228 2232 104 75 places
1350 2232 89 75 come
1456 2232 35 75 to
1507 2232 55 75 the
1577 2232 174 75 femicircle
1769 2232 149 75 AaEbB,
1944 2232 78 75 they
2033 2232 81 75 have
2130 2232 83 75 tides
2225 2232 42 75 of

1228 2279 86 75 flood
1324 2279 11 75 ;
1362 2279 62 75 and
1440 2279 92 75 when
1549 2279 86 75 they.
1643 2279 96 75 come,
1749 2279 35 75 to
1800 2279 56 75 the
1871 2279 173 75 femicircie
2055 2279 108 75 CZiD,
2181 2279 78 75 they

1233 2326 80 75 have
1337 2326 82 75 tides
1436 2326 40 75 of
1486 2326 82 75 ebb;
1596 2326 54 75 the
1666 2326 100 75 index
1777 2326 42 75 on
1835 2326 55 75 the
1906 2326 196 75 hour-circle
2120 2326 87 75 (No.
2223 2326 35 75 7.

1231 2373 92 75 Plate
1335 2373 171 75 XLVII.)
1525 2373 138 75 fhewing
1682 2373 56 75 the
1754 2373 92 75 times
1864 2373 39 75 of
1921 2373 87 75 thefe
2025 2373 210 75 phenomena.

1275 2419 111 75 There
1404 2419 25 75 is
1451 2419 18 75 a
1490 2419 125 75 jointed
1638 2419 90 75 wire,
1754 2419 40 75 of
1812 2419 104 75 which
1935 2419 59 75 one
2012 2419 61 75 end
2090 2419 94 75 being
2200 2419 58 75 put

1226 2466 69 75 into
1307 2466 18 75 a
1341 2466 77 75 hole
1432 2466 32 75 in
1477 2466 54 75 the
1549 2466 128 75 upright
1693 2466 76 75 ftem
1785 2466 71 75 that
1872 2466 95 75 holds
1985 2466 54 75 the
2047 2466 121 75 earth’s
2185 2466 71 75 cap,

1228 2511 62 75 and
1302 2511 55 75 the
1374 2511 76 75 wire
1467 2511 65 75 laid
1544 2511 68 75 into
1630 2511 16 75 a
1664 2511 88 75 fmall
1771 2511 114 75 forked
1905 2511 88 75 piece
2010 2511 104 75 which
2131 2511 73 75 may
2217 2511 41 75 be

1226 2558 205 75 occafionally
1448 2558 56 75 put
1523 2558 84 75 upon
1630 2558 111 75 Venus
1760 2558 37 75 or
1818 2558 170 75 Mercury,
2013 2558 96 75 fhews
2134 2558 55 75 the
2207 2558 51 75 di-

1227 2605 64 75 re<5t
1308 2605 62 75 and
1387 2605 184 75 retrograde
1597 2605 137 75 motions
1757 2605 40 75 of
1816 2605 87 75 thefe
1927 2605 66 75 two
2016 2605 136 75 planets,
2177 2605 80 75 with

1227 2651 83 75 their
1328 2651 169 75 ftaiionary
1512 2651 93 75 times
1619 2651 62 75 and
1698 2651 116 75 places,
1839 2651 33 75 as
1889 2651 71 75 feen
1978 2651 83 75 from
2080 2651 54 75 the
2150 2651 105 75 earth.

1273 2698 75 75 The
1365 2698 104 75 whole
1487 2698 182 75 machinery
1686 2698 26 75 is
1730 2698 116 75 turned
1862 2698 43 75 by
1922 2698 17 75 a
1955 2698 105 75 winch
2076 2698 38 75 or
2125 2698 130 75 handle,

1227 2747 86 75 (No.
1333 2747 85 75 12.),
1444 2747 62 75 and
1523 2747 26 75 is
1566 2747 34 75 fo
1624 2747 96 75 eafily
1743 2747 128 75 moved,
1897 2747 72 75 that
1993 2747 19 75 a
2035 2747 94 75 clock
2151 2747 106 75 might

1224 2791 74 75 turn
1315 2791 25 75 it
1352 2791 136 75 without
1505 2791 62 75 any
1582 2791 121 75 danger
1718 2791 41 75 of
1777 2791 155 75 flopping.

1271 2838 56 75 To
1344 2838 71 75 give
1432 2838 18 75 a
1475 2838 85 75 plate
1584 2838 41 75 of
1643 2838 55 75 the
1723 2838 73 75 whe
1809 2838 124 75 J-work
1954 2838 39 75 of
2012 2838 63 75 this
2094 2838 160 75 machine,

1225 2885 107 75 would
1350 2885 118 75 anfwer
1493 2885 42 75 no
1558 2885 143 75 purpofe,
1727 2885 130 75 becaufe
1881 2885 96 75 many
2001 2885 40 75 of
2059 2885 55 75 the
2137 2885 117 75 wheels

1224 2932 41 75 lie
1282 2932 33 75 fo
1332 2932 116 75 behind
1467 2932 109 75 others
1601 2932 33 75 as
1661 2932 34 75 to
1719 2932 75 75 hide
1819 2932 88 75 them
1931 2932 85 75 from
2038 2932 81 75 fight
2142 2932 32 75 in
2192 2932 62 75 any

1227 2978 79 75 view
1325 2978 174 75 whatever.

1271 3026 77 75 The
1366 3026 287 75 Cometarium,
1682 3026 107 75 (Plate
1806 3026 169 75 XLVIII.
1993 3026 54 75 fig.
2067 3026 51 75 2.)
2167 3026 86 75 This

2119 3067 128 75 curious
