2517 3387
783 178 34 75 B
936 178 40 75 O
1094 178 39 75 T

181 254 61 75 and
257 254 134 75 opening
407 254 83 75 from
515 254 112 75 within
642 254 92 75 when
750 254 67 75 ripe
829 254 8 75 :
864 254 76 75 The
968 254 236 75 receptaculum

182 300 25 75 is
223 300 20 75 a
256 300 77 75 kind
349 300 40 75 of
400 300 126 75 column
539 300 129 75 binding
684 300 53 75 the
756 300 139 75 capfules
913 300 160 75 together.

228 346 75 75 The
320 346 121 75 Seeds
461 346 53 75 are
530 346 143 75 folitary,
692 346 61 75 and
768 346 262 75 kidney-ftiaped.

182 450 339 75 SYNGENESIA
553 450 335 75 POLYGAMIA
917 450 286 75 AEQUALIS.

392 543 265 75 LeonTodon,
683 543 37 75 or
744 543 249 75 Dandelion.

228 619 76 75 The
321 619 137 75 common
472 619 172 75 Calix.is
660 619 128 75 oblong,
807 619 62 75 and
885 619 206 75 imbricated.
1130 619 77 75 The

182 664 141 75 interior
341 664 107 75 fcales
464 664 53 75 are
543 664 111 75 linear,
679 664 144 75 parallel,
848 664 107 75 evjual,
987 664 62 75 and
1077 664 80 75 open
1174 664 34 75 at

183 711 54 75 the
264 711 77 75 top;
373 711 57 75 the
452 711 141 75 exterior
610 711 106 75 fcales
733 711 52 75 are
802 711 98 75 fewer
926 711 32 75 in
975 711 144 75 number,
1146 711 62 75 and

181 756 184 75 frequently
379 756 146 75 refledted
541 756 32 75 at
589 756 54 75 the
660 756 84 75 bafe.

229 803 75 75 The
321 803 171 75 compound
506 803 187 75 Corolla
711 803 27 75 is
755 803 137 75 uniform
910 803 62 75 and
989 803 201 75 imbricated.

229 849 76 75 The
322 849 107 75 fmall
448 849 255 75 hermaphrodite
724 849 124 75 corollee
874 849 53 75 are
944 849 78 75 very
1038 849 169 75 numerous

183 895 62 75 and
261 895 106 75 equal.

228 941 74 75 The
318 941 118 75 corolla
451 941 114 75 proper
578 941 34 75 to
624 941 79 75 each
719 941 127 75 flofcule
859 941 123 75 confifts
998 941 42 75 of
1050 941 60 75 one
1126 941 82 75 ligu-

179 988 86 75 lated
284 988 31 75 (/'
315 988 10 75 .
343 988 30 75 e.
390 988 85 75 plain
492 988 62 75 and
581 988 169 75 expanded
766 988 192 75 outwards),
976 988 110 75 linear,
1116 988 90 75 trun-

180 1034 92 75 cated
291 1034 42 75 (/.
351 1034 28 75 e.
409 1034 190 75 terminated
622 1034 43 75 by
688 1034 19 75 a
721 1034 173 75 tranfverfe
921 1034 94 75 line),
1042 1034 62 75 and
1131 1034 76 75 five-

180 1081 133 75 teethed
328 1081 98 75 petal.

228 1127 76 75 The
321 1127 180 75 Stamina
515 1127 108 75 confift
639 1127 40 75 of
690 1127 60 75 five
765 1127 78 75 very
861 1127 89 75 fmall
968 1127 152 75 capillary
1139 1127 69 75 fila-

182 1173 103 75 ments
297 1173 9 75 :
331 1173 77 75 The
425 1173 137 75 anthers
580 1173 53 75 are
650 1173 170 75 connected
837 1173 159 75 together,
1014 1173 63 75 and
1093 1173 84 75 form
1189 1173 19 75 a

183 1220 185 75 cylindrical
385 1220 86 75 tube.

229 1266 75 75 The
322 1266 217 75 GERMENof
549 1266 55 75 the
616 1266 161 75 pijlillum
793 1266 149 75 isfituate
958 1266 103 75 below
1069 1266 55 75 the
1134 1266 72 75 pro-

179 1310 57 75 per
251 1310 134 75 corolla.
432 1310 77 75 The
525 1310 97 75 ftylus
641 1310 28 75 is
695 1310 159 75 filiforme,
880 1310 60 75 and
966 1310 110 75 nearly
1092 1310 40 75 of
1151 1310 56 75 the

180 1356 83 75 fame
278 1356 112 75 length
404 1356 76 75 with
498 1356 54 75 the
565 1356 140 75 corolla:
731 1356 77 75 The
820 1356 144 75 ftigmata
980 1356 53 75 are
1050 1356 76 75 two,
1145 1356 63 75 and

182 1403 114 75 turned
313 1403 80 75 back
410 1403 31 75 in
460 1403 17 75 a
492 1403 94 75 fpiral
602 1403 96 75 form.

227 1449 91 75 This,
329 1449 86 75 plant
432 1449 55 75 has
505 1449 42 75 no
558 1449 239 75 pericarpinm.

227 1496 76 75 The
314 1496 119 75 Seeds
447 1496 207 75 are.folitary,
671 1496 130 75 oblong,
818 1496 116 75 rough,
947 1496 63 75 and
1018 1496 190 75 terminated

182 1540 44 75 by
234 1540 18 75 a
266 1540 77 75 long
358 1540 140 75 pappous
514 1540 92 75 ftipes
622 1540 35 75 (3
668 1540 49 75 r).

229 1588 75 75 The
329 1588 188 75 receptacle,
542 1588 37 75 or
595 1588 146 75 common
757 1588 73 75 bafe
853 1588 40 75 of
904 1588 56 75 the
978 1588 143 75 flofcules
1136 1588 68 75 (9),

182 1634 25 75 is
225 1634 116 75 naked,
367 1634 63 75 and
445 1634 60 75 full
523 1634 40 75 of
574 1634 89 75 fmall
676 1634 121 75 hollow
807 1634 117 75 points.

216 1743 428 75 GYNANDR1A
686 1743 334 75 PENTAND
1032 1743 70 75 III
1119 1743 47 75 A.

333 1837 259 75 Passiflora,
618 1837 38 75 or
679 1837 367 75 Passion-flower.

227 1917 76 75 The
320 1917 127 75 Calix
475 1917 26 75 is
518 1917 18 75 a
553 1917 210 75 perianthium
781 1917 162 75 confiding
970 1917 40 75 of
1032 1917 60 75 five
1105 1917 108 75 plain,,

181 1965 150 75 coloured
347 1965 117 75 leaves,
482 1965 115 75 fimilar
608 1965 34 75 to
659 1965 90 75 thofe
766 1965 39 75 of
816 1965 55 75 the
883 1965 133 75 corolla^

226 2010 76 75 The
315 2010 188 75 Corolla
524 2010 124 75 confifts
669 2010 41 75 of
730 2010 60 75 five
808 2010 83 75 plain
916 2010 110 75 obtufe
1042 2010 160 75 femi-lan-

180 2058 143 75 ceolated
338 2058 117 75 leaves,
480 2058 40 75 of
542 2058 56 75 the
614 2058 83 75 fame
713 2058 183 75 magnitude
919 2058 62 75 and
1005 2058 100 75 figure
1125 2058 78 75 with

181 2104 91 75 thofe
289 2104 41 75 of
341 2104 55 75 the
413 2104 98 75 calix.

226 2149 77 75 The
330 2149 182 75 neflariam
535 2149 26 75 is
586 2149 17 75 a
634 2149 95 75 triple
757 2149 127 75 corona,
917 2149 55 75 the
1000 2149 142 75 exterior
1169 2149 39 75 of

180 2194 105 75 which
303 2194 26 75 is
342 2194 130 75 longed,
490 2194 207 75 furroundtng
712 2194 56 75 the
778 2194 98 75 dylus
887 2194 114 75 within
1017 2194 55 75 the
1089 2194 113 75 petals,

182 2241 62 75 and
260 2241 167 75 ftraitened
443 2241 112 75 above.

227 2287 76 75 The
313 2287 178 75 Stamina
502 2287 53 75 are
566 2287 73 75 five,
656 2287 177 75 fubulated,
850 2287 93 75 open,
962 2287 61 75 and
1033 2287 171 75 connefled

180 2335 35 75 to
232 2335 55 75 the
302 2335 97 75 dylus
412 2335 31 75 at
459 2335 55 75 the
531 2335 70 75 bafe
614 2335 38 75 of
663 2335 54 75 the
734 2335 127 75 germen
874 2335 8 75 :
908 2335 76 75 The
997 2335 137 75 antherse
1150 2335 52 75 are

180 2381 131 75 oblong,
337 2381 124 75 obtufe,
486 2381 61 75 and
563 2381 195 75 incumbent.

227 2426 76 75 The
315 2426 43 75 Pi
369 2426 187 75 STiLLUM'
556 2426 138 75 Cocfids'
694 2426 35 75 of
741 2426 38 75 an
797 2426 83 75 erefl
893 2426 186 75 cylindrical
1090 2426 110 75 dylua,

180 2474 85 75 upon
295 2474 55 75 the
369 2474 60 75 top
442 2474 40 75 of
504 2474 105 75 which
625 2474 42 75 an.
681 2474 72 75 oval
780 2474 127 75 germen
924 2474 27 75 is
968 2474 110 75 placed
1090 2474 9 75 :
1127 2474 75 75 The

180 2522 70 75 dyli
268 2522 53 75 are
337 2522 103 75 three,
464 2522 136 75 thicker,
625 2522 61 75 and
707 2522 98 75 wider
821 2522 99 75 above
932 2522 8 75 :
968 2522 76 75 The
1059 2522 144 75 digmata

181 2567 55 75 are
251 2567 146 75 roundifh
414 2567 114 75 knobs.

226 2613 76 75 The
330 2613 273 75 Pericarpiu^i
626 2613 26 75 is
674 2613 18 75 a
718 2613 107 75 ftediy,
848 2613 142 75 fuboval,
1021 2613 180 75 one-celled

180 2659 105 75 berry,
311 2659 115 75 reding
444 2659 82 75 upon
544 2659 54 75 the
615 2659 108 75 ftylus.

227 2706 76 75 The
320 2706 119 75 Seeds
458 2706 53 75 are
523 2706 182 75 numerous,
722 2706 84 75 oval,
824 2706 63 75 and
902 2706 77 75 each
999 2706 39 75 of
1050 2706 88 75 them
1153 2706 47 75 in-

172 2753 114 75 -clofed
302 2753 32 75 in
351 2753 17 75 a
385 2753 88 75 fmall
490 2753 203 75 membraVne.

223 2852 391 75 MONOECIA
656 2852 497 75 TETRANDRlA.

368 2928 174 75 Urtica,
567 2928 38 75 or
629 2928 168 75 Common
823 2928 178 75 Nettle.

224 2996 76 75 The
317 2996 125 75 Calix
459 2996 40 75 of
511 2996 54 75 the
583 2996 79 75 male
679 2996 125 75 flowers
821 2996 25 75 is
864 2996 17 75 a
904 2996 201 75 four-leaved
1121 2996 96 75 peri--

179 3043 164 75 anthium;
371 3043 54 75 the
441 3043 104 75 leaves
562 3043 53 75 are
631 3043 158 75 roundifli,
814 3043 147 75 concave,
980 3043 63 75 and
1057 3043 122 75 obtufe.

1251 178 42 75 A
1407 178 44 75 N
1565 178 52 75 Y.

2195 178 81 75 639

1295 247 76 75 The
1381 247 193 75 Corolla
1592 247 56 75 has
1667 247 41 75 no
1724 247 101 75 petals
1837 247 9 75 ;
1872 247 60 75 but
1948 247 90 75 there
2056 247 26 75 is
2096 247 18 75 a
2126 247 89 75 fmall
2232 247 47 75 ur-

1252 293 144 75 ceolated
1410 293 42 75 (/.
1470 293 27 75 e.
1517 293 39 75 an
1569 293 131 75 inflated
1711 293 78 75 flcin,
1808 293 134 75 gibbous
1951 293 42 75 on
2007 293 77 75 each
2092 293 79 75 fide)
2182 293 89 75 nedla

1253 340 82 75 rium
1350 340 33 75 in
1401 340 55 75 the
1472 340 109 75 centre
1593 340 40 75 of
1644 340 55 75 the
1714 340 121 75 flower.

1299 387 76 75 The
1386 387 179 75 Stamina
1576 387 175 75 confidsof
1758 387 74 75 four
1843 387 167 75 fubulated
2021 387 82 75 open
2115 387 170 75 filaments,

1254 432 40 75 of
1317 432 39 75 an
1378 432 96 75 equal
1490 432 112 75 length
1618 432 79 75 with
1717 432 57 75 the
1799 432 99 75 calix,
1923 432 63 75 and
2009 432 61 75 one
2093 432 41 75 of
2156 432 87 75 them
2260 432 26 75 is

1254 480 113 75 placed
1378 480 143 75 between
1535 480 76 75 each
1629 480 70 75 leaf
1709 480 41 75 of
1753 480 63 75 .the
1829 480 89 75 calix
1930 480 8 75 :
1958 480 77 75 The
2050 480 142 75 anther#
2208 480 79 75 have

1256 525 41 75 no
1313 525 91 75 cells.

1302 573 76 75 The
1401 573 129 75 Calix
1550 573 40 75 of
1602 573 56 75 the
1675 573 116 75 female
1802 573 126 75 flowers
1944 573 28 75 is
1989 573 19 75 a
2023 573 263 75 double-valved,

1255 618 84 75 oval,
1365 618 148 75 concave,
1539 618 96 75 ereft,
1660 618 159 75 perfident
1836 618 225 75 perianthium.

1303 665 76 75 The
1396 665 193 75 Corolla
1602 665 28 75 is
1643 665 154 75 wanting.

1303 711 76 75 The
1390 711 27 75 p
1423 711 10 75 1
1442 711 15 75 s
1465 711 22 75 t
1495 711 9 75 1
1511 711 19 75 l
1537 711 47 75 lu
1591 711 25 75 m
1627 711 58 75 has
1701 711 40 75 an
1757 711 73 75 oval
1846 711 143 75 germen,
2013 711 43 75 no
2068 711 112 75 dylus,
2199 711 62 75 and
2270 711 19 75 a

1256 757 118 75 downy
1389 757 122 75 digma.

1303 804 98 75 They
1417 804 81 75 have
1511 804 41 75 no
1564 804 238 75 pericarpium.

1302 851 77 75 The
1405 851 99 75 Seed
1522 851 26 75 is
1566 851 109 75 Angle,
1698 851 86 75 oval,
1805 851 134 75 Ihining,
1967 851 62 75 and
2054 851 20 75 a
2092 851 84 75 little
2199 851 88 75 com-

1256 897 133 75 prefled.

1301 983 107 75 Thefe
1425 983 162 75 examples
1600 983 63 75 will
1681 983 57 75 not
1754 983 78 75 only
1848 983 152 75 illudrate
2016 983 79 75 mod
2108 983 40 75 of
2159 983 55 75 the
2230 983 56 75 ge-

1256 1029 86 75 neric
1358 1029 112 75 terms,
1494 1029 57 75 but
1567 1029 67 75 will
1650 1029 139 75 likewife
1807 1029 45 75 fix
1869 1029 88 75 them
1972 1029 34 75 in
2021 1029 55 75 the
2093 1029 88 75 mind
2197 1029 90 75 more

1254 1076 204 75 fuccefsfully
1473 1076 77 75 than
1568 1076 60 75 any
1644 1076 116 75 formal
1777 1076 219 75 explanation.
2045 1076 33 75 A
2096 1076 120 75 careful
2230 1076 54 75 pe-

1255 1122 82 75 rufal
1361 1122 40 75 of
1423 1122 87 75 them
1528 1122 67 75 will
1624 1122 111 75 enable
1752 1122 61 75 any
1837 1122 111 75 perfon
1966 1122 35 75 to
2024 1122 191 75 underhand
2230 1122 56 75 the

1256 1168 208 75 defcriptions
1481 1168 31 75 in
1532 1168 54 75 the
1612 1168 129 75 Genera
1753 1168 205 75 Plantarum
1973 1168 41 75 of
2037 1168 164 75 Linnaeus,
2238 1168 46 75 al-

1253 1215 124 75 though
1393 1215 41 75 he
1447 1215 111 75 fhould
1574 1215 57 75 not
1650 1215 40 75 be
1706 1215 95 75 much
1819 1215 190 75 acquainted
2020 1215 81 75 with
2112 1215 56 75 the
2185 1215 100 75 Latin

1253 1261 168 75 language.

1302 1308 63 75 But
1383 1308 55 75 the
1451 1308 106 75 young
1573 1308 149 75 botanid,
1747 1308 85 75 after
1849 1308 178 75 advancing
2040 1308 63 75 this
2120 1308 62 75 far,
2207 1308 80 75 mud

1254 1355 61 75 dill
1330 1355 40 75 be
1387 1355 176 75 conduced
1579 1355 18 75 a
1613 1355 64 75 dep
1689 1355 138 75 further.
1862 1355 143 75 Though
2022 1355 44 75 he
2081 1355 72 75 may
2166 1355 40 75 be
2215 1355 69 75 able

1254 1401 34 75 to
1305 1401 115 75 reduce
1437 1401 102 75 plants
1558 1401 35 75 to
1610 1401 83 75 their
1718 1401 120 75 claffes,
1864 1401 123 75 orders,
2013 1401 62 75 and
2091 1401 130 75 genera,
2244 1401 40 75 he

1254 1446 26 75 is
1308 1446 143 75 hitherto
1479 1446 116 75 totally
1619 1446 150 75 ignorant
1796 1446 40 75 of
1863 1446 56 75 the
1942 1446 125 75 fpecific
2094 1446 189 75 characters.

1253 1494 120 75 Before
1390 1494 41 75 he
1442 1494 40 75 be
1494 1494 71 75 able
1577 1494 35 75 to
1628 1494 183 75 invedigate
1824 1494 54 75 the
1890 1494 130 75 fpecies,
2038 1494 40 75 he
2095 1494 80 75 mud
2192 1494 91 75 again

1254 1540 115 75 fubmit
1389 1540 34 75 to
1438 1540 88 75 learn
1544 1540 18 75 a
1579 1540 212 75 confiderable
1807 1540 134 75 nnmber
1959 1540 39 75 of
2011 1540 97 75 terms
2126 1540 157 75 necdfary

1254 1586 51 75 for
1321 1586 72 75 that
1409 1586 144 75 purpofe.

1252 1689 77 75 Lift
1347 1689 47 75 of
1402 1689 133 75 Terms
1553 1689 176 75 neceffary
1752 1689 69 75 for
1837 1689 266 75 invefligating
2120 1689 58 75 the
2199 1689 68 75 Spe
2274 1689 8 75 -

1606 1738 71 75 cies
1696 1738 48 75 of
1754 1738 148 75 Plants.

1594 1832 145 75 Simple
1766 1832 171 75 Leaves.

1252 1883 73 75 Fig.

1256 1926 54 75 37.
1335 1926 238 75 Orbiculatum,
1599 1926 158 75 globular.

1255 1976 54 75 38.
1335 1976 255 75 Subrotundum,
1615 1976 162 75 roundifh.

1255 2019 55 75 39.
1337 2019 153 75 Ovatum,
1515 2019 113 75 (haped
1646 2019 64 75 like
1727 2019 38 75 an
1783 2019 73 75 egg.

1254 2068 56 75 40.
1336 2068 113 75 Ovale,
1476 2068 71 75 oval
1564 2068 37 75 or
1617 2068 165 75 elliptical.

1254 2112 57 75 41.
1336 2112 187 75 Oblongum,
1548 2112 131 75 oblong.

1254 2161 58 75 42..
1338 2161 245 75 Lanceolatum,
1609 2161 32 75 in
1657 2161 55 75 the
1730 2161 83 75 form
1829 2161 41 75 of
1882 2161 17 75 a
1915 2161 98 75 dart,,
2025 2161 36 75 or
2078 2161 145 75 tapering
2237 2161 42 75 or.

1393 2204 76 75 each
1486 2204 62 75 fide
1564 2204 38 75 to
1612 2204 18 75 a
1646 2204 101 75 point.

1252 2251 57 75 43.
1337 2251 152 75 Lineare,
1512 2251 65 75 like
1594 2251 18 75 a
1634 2251 76 75 line,
1735 2251 37 75 or
1796 2251 39 75 of
1857 2251 56 75 the
1939 2251 85 75 fame
2051 2251 136 75 breadth
2215 2251 64 75 and

1392 2297 164 75 thicknefs-
1565 2297 211 75 throughout.

1252 2343 57 75 44.
1335 2343 207 75 Suhulatum,
1563 2343 150 75 tapering
1728 2343 34 75 to
1778 2343 19 75 a
1813 2343 101 75 point,
1940 2343 65 75 like
2021 2343 39 75 an
2078 2343 73 75 awl.

1252 2390 57 75 45.
1336 2390 196 75 Reniforme,
1557 2390 115 75 fhaped
1687 2390 64 75 like
1768 2390 17 75 a
1800 2390 132 75 kidney.

1251 2438 57 75 46.
1334 2438 188 75 Cordatum,
1546 2438 64 75 like
1623 2438 17 75 a
1655 2438 103 75 heart,

1253 2483 55 75 47.
1335 2483 213 75 Lunulatum,
1574 2483 189 75 refembling
1779 2483 19 75 a
1814 2483 139 75 crefcent
1970 2483 36 75 or
2022 2483 79 75 half
2107 2483 109 75 moon.

1252 2532 57 75 48.
1335 2532 233 75 Triangulare,
1594 2532 276 75 three-cornered.

1251 2575 57 75 49.
1335 2575 215 75 Sagittatum,
1575 2575 65 75 like
1657 2575 38 75 an
1713 2575 114 75 arrow.

1252 2624 56 75 50.
1332 2624 60 75 Cor
1394 2624 173 75 data-fagit
1570 2624 49 75 tat
1623 2624 64 75 urn,
1713 2624 188 75 refembling
1916 2624 81 75 both
2014 2624 19 75 a
2048 2624 92 75 heart
2158 2624 62 75 and
2236 2624 39 75 an

1388 2669 104 75 arrow'
1492 2669 10 75 .

1252 2716 54 75 yi.
1333 2716 188 75 Hafnium,
1545 2716 65 75 like
1626 2716 19 75 a
1662 2716 87 75 fpear
1766 2716 35 75 or
1816 2716 103 75 lance.

1252 2766 55 75 $2.
1332 2766 72 75 Tiff
1406 2766 53 75 urn,
1486 2766 54 75 cut
1555 2766 32 75 in
1605 2766 31 75 at
1654 2766 54 75 the
1725 2766 68 75 top.

1255 2809 53 75 53.
1335 2809 177 75 Tribolmn,
1539 2809 163 75 confiding
1714 2809 39 75 of
1765 2809 88 75 three
1872 2809 77 75 (y5)
1967 2809 102 75 lobes.

1253 2856 54 75 y4.
1333 2856 226 75 Preemcrfim,
1586 2856 24 75 i.
1628 2856 28 75 e.
1682 2856 34 75 as
1733 2856 30 75 if
1782 2856 18 75 a
1815 2856 87 75 piece
1920 2856 83 75 were
2031 2856 46 75 bit
2094 2856 57 75 out
2168 2856 40 75 of
2220 2856 53 75 the

1390 2903 157 75 fore-part
1563 2903 41 75 of
1612 2903 58 75 the
1685 2903 77 75 leaf,

1253 2950 55 75 yy.
1335 2950 167 75 Lolatum,
1529 2950 164 75 confiding
1705 2950 39 75 of
1754 2950 102 75 lobes,
1875 2950 202 75 orfegments
2096 2950 55 75 cut
2167 2950 34 75 to
2220 2950 55 75 the

1392 2997 117 75 middle
1527 2997 39 75 of
1578 2997 54 75 the
1648 2997 76 75 leaf,
1750 2997 62 75 and
1824 2997 124 75 convex
1966 2997 31 75 at
2014 2997 54 75 the
2085 2997 110 75 edges.

1255 3046 54 75 y6.
1334 3046 268 75 ^uinangulare,
1628 3046 163 75 confiding
1802 3046 39 75 of
1852 3046 60 75 five
1929 3046 120 75 angles.

2049 3089 54 75 yy.
2126 3089 149 75 Erofum,
