2483 3387
593 161 227 75 ARE

1156 161 19 75 (
1234 161 84 75 364
1375 161 18 75 )

1711 161 43 75 A
1810 161 39 75 R
1906 161 42 75 G

258 230 123 75 corolla
403 230 57 75 has
484 230 90 75 three
598 230 116 75 petals,
737 230 67 75 and
820 230 55 75 the
892 230 86 75 calix
999 230 28 75 is
1044 230 203 75 imbricated.

258 277 113 75 There
387 277 27 75 is
431 277 77 75 only
525 277 61 75 one
601 277 131 75 fpecies,
758 277 73 75 viz.
857 277 57 75 the
930 277 147 75 cathecu,
1100 277 21 75 a
1143 277 105 75 native

210 324 6 75 .
260 324 41 75 of
319 324 107 75 India.

212 370 290 75 AREMBERG,
529 370 18 75 a
571 370 66 75 city
660 370 41 75 of
720 370 181 75 Germany,
927 370 136 75 fituated
1086 370 99 75 about
1202 370 44 75 25

260 417 90 75 miles
376 417 92 75 fouth
493 417 41 75 of
550 417 146 75 Cologn,
721 417 34 75 in
777 417 45 75 6°
838 417 56 75 25'
919 417 44 75 E.
981 417 89 75 long,
1096 417 63 75 and
1184 417 64 75 50°

262 466 54 75 30'
333 466 54 75 N.-
398 466 59 75 lat.

211 511 183 75 ARENA,
419 511 33 75 in
469 511 125 75 natural
611 511 133 75 hiftory.
796 511 62 75 See
876 511 117 75 Sand.

211 559 151 75 Arena,
388 559 32 75 in
440 559 129 75 Roman
586 559 174 75 antiquity,
786 559 18 75 a
820 559 90 75 place
930 559 108 75 where
1056 559 55 75 the
1125 559 124 75 gladia-

259 606 66 75 tors
350 606 137 75 fought;
514 606 35 75 fo
574 606 102 75 called
700 606 85 75 from
808 606 41 75 its
867 606 95 75 being
978 606 119 75 always
1114 606 136 75 ftrewed

257 652 80 75 with
354 652 88 75 fand,
467 652 36 75 to
515 652 131 75 conceal
660 652 85 75 from
757 652 60 75 the
833 652 82 75 view
930 652 42 75 of
989 652 57 75 the
1062 652 115 75 people
1190 652 59 75 the

258 698 99 75 blood
374 698 73 75 fpilt
459 698 33 75 in
508 698 56 75 the
576 698 141 75 combat.

209 746 271 75 ARENARIA,
504 746 39 75 or
554 746 198 75 chickweed,
777 746 32 75 in
828 746 134 75 botany,
988 746 19 75 a
1019 746 99 75 genus
1135 746 41 75 of
1194 746 56 75 the

257 793 173 75 decandria
453 793 140 75 trigynia
615 793 94 75 clals.
773 793 78 75 The
879 793 87 75 calix
994 793 57 75 has
1079 793 61 75 five
1167 793 82 75 open

257 840 128 75 leaves;
409 840 177 75 the-petals
599 840 58 75 are
666 840 86 75 .Eve,
778 840 63 75 and
857 840 123 75 entire;
1007 840 56 75 the
1080 840 125 75 capfule
1220 840 29 75 is

256 888 191 75 unilocular,
471 888 66 75 and
560 888 145 75 contains
730 888 97 75 many
850 888 102 75 feeds.
1000 888 114 75 There
1131 888 54 75 are
1207 888 39 75 17

255 936 118 75 fpecies
396 936 41 75 of
455 936 156 75 arenaria,
648 936 78 75 only
756 936 18 75 7
800 936 40 75 of
859 936 106 75 which
988 936 54 75 are
1065 936 122 75 natives
1212 936 42 75 of

254 983 140 75 Britain,
425 983 70 75 viz.
526 983 57 75 the
611 983 177 75 peploides,
820 983 38 75 or
884 983 276 75 fea-chickweed;
1192 983 56 75 the

255 1029 165 75 trinervia,
446 1029 37 75 or
499 1029 273 75 plantain-leaved
794 1029 186 75 chickweed
992 1029 10 75 ;
1030 1029 56 75 the
1102 1029 145 75 ferpylli-

255 1078 90 75 folia,
371 1078 38 75 or
425 1078 76 75 leaft
518 1078 207 75 chickweed;
756 1078 57 75 the
830 1078 158 75 faxatilis,
1013 1078 38 75 or
1067 1078 180 75 mountain-

255 1122 208 75 chickweed;
489 1122 57 75 the
562 1122 182 75 laricifolia,
761 1122 38 75 or
809 1122 219 75 larch-leaved
1040 1122 206 75 chickweed;

255 1172 58 75 the
330 1172 180 75 tenuifolia,
536 1172 38 75 or
591 1172 191 75 fine-leaved
801 1172 208 75 chickweed;
1036 1172 62 75 and
1114 1172 57 75 the
1194 1172 54 75 ru-

253 1217 72 75 bra,
352 1217 38 75 or
402 1217 282 75 purple-flowered
699 1217 198 75 chickweed.

208 1263 310 75 ARENATION,
535 1263 19 75 a
570 1263 78 75 kind
665 1263 40 75 of
716 1263 61 75 dry
788 1263 92 75 bath,
898 1263 142 75 wherein
1056 1263 55 75 the
1124 1263 124 75 patient

256 1311 52 75 fits
325 1311 79 75 with
421 1311 50 75 his
487 1311 76 75 bare
580 1311 67 75 feet
661 1311 43 75 on
719 1311 60 75 hot
794 1311 90 75 fand.

206 1358 217 75 AREOLA,
450 1358 116 75 among
588 1358 195 75 anatomifts,
809 1358 56 75 the
889 1358 154 75 coloured
1066 1358 96 75 circle
1178 1358 68 75 fur-

257 1404 157 75 rounding
431 1404 55 75 the
503 1404 107 75 nipple
627 1404 41 75 of
687 1404 56 75 the
759 1404 114 75 breaft.

207 1451 313 75 AREOPAGUS,
546 1451 18 75 a
579 1451 164 75 fovereign
759 1451 140 75 tribunal
916 1451 33 75 at
961 1451 141 75 Athens,
1120 1451 126 75 famous

255 1500 53 75 for
324 1500 56 75 the
394 1500 112 75 juflice
522 1500 63 75 and
601 1500 209 75 impartiality
821 1500 41 75 of
871 1500 42 75 its
925 1500 143 75 decrees,
1093 1500 36 75 to
1140 1500 107 75 which

254 1547 56 75 the
335 1547 81 75 gods
440 1547 190 75 themfelves
647 1547 55 75 are
724 1547 69 75 faid
817 1547 35 75 to
875 1547 83 75 have
974 1547 173 75 fubmitted
1162 1547 86 75 their

254 1592 204 75 differences.

301 1638 148 75 Authors
467 1638 54 75 are
533 1638 58 75 not
606 1638 117 75 agreed
741 1638 97 75 about
855 1638 56 75 the
928 1638 135 75 number
1080 1638 40 75 of
1127 1638 118 75 judges

254 1686 73 75 that
343 1686 173 75 compofed
539 1686 63 75 this
621 1686 109 75 auguft
747 1686 115 75 court;
888 1686 86 75 fome
990 1686 119 75 reckon
1127 1686 119 75 thirty-

255 1734 61 75 one
328 1734 10 75 ;
365 1734 125 75 others,
506 1734 174 75 fifty-one;
707 1734 64 75 and
782 1734 123 75 others,
923 1734 62 75 five
997 1734 159 75 hundred.
1207 1734 39 75 In

256 1780 107 75 effeA,
388 1780 84 75 their
489 1780 134 75 number
639 1780 98 75 feems
755 1780 57 75 not
829 1780 36 75 to
880 1780 82 75 have
974 1780 79 75 been
1069 1780 100 75 fixed,
1187 1780 59 75 but

254 1827 36 75 to
306 1827 81 75 have
404 1827 81 75 been
501 1827 90 75 more
608 1827 37 75 or
661 1827 61 75 lefs
734 1827 33 75 in
778 1827 150 75 different
945 1827 105 75 years.
1099 1827 48 75 At
1167 1827 77 75 firft,

254 1873 66 75 this
337 1873 140 75 tribunal
493 1873 152 75 confifted
667 1873 79 75 only
767 1873 41 75 of
826 1873 74 75 nine
924 1873 143 75 perfons,
1091 1873 76 75 who
1181 1873 65 75 had

214 1920 6 75 -
255 1920 44 75 all
321 1920 188 75 difcharged
533 1920 56 75 the
613 1920 93 75 office
730 1920 41 75 of
788 1920 165 75 Archons,
989 1920 66 75 had
1078 1920 168 75 acquitted

254 1965 8 75 '
262 1965 185 75 themfelves
463 1965 79 75 with
557 1965 127 75 honour
698 1965 34 75 in
744 1965 71 75 that
830 1965 91 75 truft,
947 1965 61 75 and
1024 1965 65 75 had
1105 1965 141 75 likewife

254 2013 95 75 given
373 2013 39 75 an
437 2013 135 75 account
598 2013 40 75 of
664 2013 86 75 their
776 2013 250 75 adminillration
1054 2013 112 75 before
1188 2013 57 75 the

254 2060 153 75 Logiftas,
426 2060 63 75 and
500 2060 185 75 undergone
696 2060 19 75 a
724 2060 146 75 rigorous
878 2060 230 75 examination.
1140 2060 107 75 Their

254 2106 31 75 fa
289 2106 8 75 1
302 2106 56 75 ary
373 2106 65 75 was
459 2106 109 75 equal,
593 2106 62 75 and
674 2106 74 75 paid
765 2106 57 75 out
840 2106 40 75 of
897 2106 56 75 the
970 2106 143 75 treafury
1130 2106 42 75 of
1190 2106 57 75 the

253 2153 165 75 republic;
444 2153 79 75 they
545 2153 65 75 had
633 2153 92 75 three
749 2153 89 75 oboli
855 2153 51 75 for
922 2153 79 75 each
1017 2153 103 75 caufe.
1168 2153 78 75 The

254 2199 215 75 Areopagites
493 2199 85 75 were
600 2199 118 75 judges
743 2199 52 75 for
819 2199 80 75 life;
926 2199 79 75 they
1020 2199 97 75 never
1141 2199 47 75 fat
1211 2199 34 75 in

250 2245 173 75 judgment
438 2245 60 75 but
512 2245 33 75 in
561 2245 57 75 the
633 2245 84 75 open
733 2245 59 75 air,
817 2245 65 75 and
903 2245 73 75 that
999 2245 33 75 in
1056 2245 56 75 the
1136 2245 108 75 night-

254 2293 91 75 time,
381 2293 36 75 to
445 2293 56 75 the
533 2293 104 75 intent
662 2293 72 75 that
757 2293 86 75 their
867 2293 105 75 minds
996 2293 105 75 might
1127 2293 40 75 be
1191 2293 55 75 the

252 2340 92 75 more
359 2340 126 75 prefent
502 2340 62 75 and
576 2340 168 75 attentive,
769 2340 64 75 and
847 2340 72 75 that
935 2340 43 75 no
993 2340 106 75 objed:
1115 2340 41 75 of
1172 2340 73 75 pity

255 2386 39 75 or
310 2386 139 75 averfion
466 2386 103 75 might
585 2386 93 75 make
694 2386 64 75 any
779 2386 177 75 impreffion
977 2386 43 75 on
1044 2386 109 75 them;
1181 2386 64 75 and

255 2434 45 75 all
315 2434 56 75 the
386 2434 164 75 pleadings
566 2434 111 75 before
694 2434 88 75 them
799 2434 84 75 were
894 2434 36 75 to
946 2434 40 75 be
997 2434 33 75 in
1043 2434 55 75 the
1110 2434 135 75 fimpleft

254 2480 65 75 and
337 2480 78 75 mofl:
431 2480 105 75 naked
551 2480 112 75 terms.
712 2480 50 75 At
784 2480 65 75 firft
868 2480 78 75 they
962 2480 80 75 took
1058 2480 185 75 cognifance

254 2528 42 75 of
314 2528 144 75 criminal
484 2528 106 75 caufes
616 2528 89 75 only,
729 2528 61 75 but
813 2528 33 75 in
871 2528 111 75 courfe
1006 2528 40 75 of
1064 2528 78 75 time
1158 2528 84 75 their

251 2570 200 75 jurifdidion
462 2570 130 75 became
605 2570 41 75 of
665 2570 90 75 great
766 2570 128 75 extent.

304 2620 57 75 Mr
382 2620 100 75 Spon,
506 2620 75 75 who
596 2620 170 75 examined
782 2620 56 75 the
854 2620 186 75 antiquities
1056 2620 41 75 of
1115 2620 70 75 that
1202 2620 40 75 il-

255 2665 147 75 luftrious
420 2665 78 75 city,
522 2665 103 75 found
641 2665 90 75 fome
754 2665 135 75 remains
913 2665 41 75 of
970 2665 57 75 the
1051 2665 192 75 Areopagus

256 2713 62 75 ftill
335 2713 136 75 exifting
487 2713 32 75 in
536 2713 56 75 the
608 2713 120 75 middle
751 2713 40 75 of
807 2713 57 75 the
887 2713 118 75 temple
1022 2713 41 75 of
1080 2713 161 75 Thefeus,

257 2760 107 75 which
387 2760 65 75 was
474 2760 184 75 heretofore
682 2760 33 75 in
732 2760 56 75 the
804 2760 121 75 middle
942 2760 40 75 of
1000 2760 56 75 the
1082 2760 79 75 city,
1186 2760 59 75 but

256 2809 27 75 is
299 2809 73 75 now
388 2809 138 75 without
536 2809 61 75 the
613 2809 102 75 walls.
759 2809 82 75 The
856 2809 188 75 foundation
1061 2809 41 75 of
1120 2809 56 75 the
1191 2809 50 75 A-

254 2853 156 75 reopagus
441 2853 27 75 is
493 2853 19 75 a
537 2853 185 75 femicircle,
747 2853 80 75 with
856 2853 40 75 an
918 2853 167 75 efplanade
1109 2853 42 75 of
1174 2853 67 75 140

254 2901 96 75 paces
368 2901 103 75 round
484 2901 39 75 it,
548 2901 106 75 which
674 2901 152 75 properly
841 2901 93 75 made
957 2901 55 75 the
1035 2901 66 75 hall
1125 2901 40 75 of
1183 2901 57 75 the

254 2947 205 75 Areopagus.
508 2947 111 75 There
636 2947 27 75 is
680 2947 18 75 a
714 2947 139 75 tribunal
870 2947 55 75 cut
947 2947 31 75 in
997 2947 54 75 the
1067 2947 121 75 middle
1204 2947 42 75 of

255 2994 19 75 a
289 2994 91 75 rock,
404 2994 80 75 with
495 2994 80 75 feats
588 2994 42 75 on
646 2994 80 75 each
736 2994 65 75 fide
817 2994 41 75 of
869 2994 39 75 it,
934 2994 108 75 where
1057 2994 58 75 the
1130 2994 107 75 Areo-

252 3041 123 75 pagites
390 3041 47 75 fat
456 3041 140 75 expofed
596 3073 8 49 i
615 3041 36 75 to
667 3041 55 75 the
734 3041 82 75 open
832 3041 60 75 air.
941 3041 34 75 It
990 3041 26 75 is
1034 3041 79 75 very
1124 3041 113 75 uncer-

1341 228 66 75 tain
1424 228 94 75 when
1534 228 66 75 this
1615 228 95 75 court
1725 228 67 75 was
1808 228 179 75 inftituted,
2005 228 83 75 fince
2100 228 232 75 Demofthenes

1342 276 131 75 himfelf
1483 276 28 75 is
1528 276 32 75 at
1577 276 20 75 a
1611 276 63 75 lofs
1689 276 87 75 upon
1792 276 56 75 the
1865 276 109 75 point:
2002 276 99 75 Some
2113 276 95 75 think
2224 276 70 75 that
2307 276 26 75 it

1342 322 65 75 was
1434 322 165 75 inftituted
1621 322 45 75 by
1693 322 122 75 Solon;
1847 322 60 75 but
1933 322 110 75 others
2068 322 94 75 carry
2188 322 27 75 it
2238 322 97 75 much

1342 369 127 75 higher,
1494 369 64 75 and
1582 369 93 75 aflert
1697 369 27 75 it
1747 369 36 75 to
1807 369 82 75 have
1911 369 79 75 been
2007 369 187 75 eftablilhed
2209 369 44 75 by
2269 369 63 75 Ce-

1345 415 105 75 crops,
1476 415 99 75 about
1591 415 56 75 the
1663 415 79 75 time
1763 415 72 75 that
1852 415 110 75 Aaron
1974 415 89 75 died.

1295 464 296 75 AREQUIPPA,
1617 464 18 75 a
1651 464 67 75 city
1733 464 41 75 of
1784 464 98 75 Peru,
1906 464 33 75 in
1953 464 37 75 S.
2005 464 168 75 America,
2198 464 137 75 fituated

1343 510 31 75 in
1394 510 40 75 73
1434 492 27 49 0
1479 510 61 75 W.
1554 510 67 75 Ion.
1648 510 63 75 and
1732 510 55 75 17.
1787 492 24 49 0
1826 510 38 75 S.
1882 510 59 75 lat.

1294 557 185 75 AREHA,
1500 557 37 75 in
1553 557 133 75 botany,
1711 557 19 75 a
1746 557 100 75 genus
1868 557 42 75 of
1925 557 58 75 the
2006 557 191 75 pentandria
2220 557 113 75 mono-

1339 602 98 75 gynia
1453 602 93 75 clafs.
1595 602 77 75 The
1699 602 122 75 corolla
1844 602 28 75 is
1895 602 133 75 divided
2051 602 70 75 into
2136 602 61 75 five
2221 602 111 75 parts;

1341 651 57 75 the
1421 651 77 75 tube
1513 651 41 75 of
1573 651 55 75 the
1652 651 123 75 corolla
1796 651 27 75 is
1848 651 140 75 ovated;
2014 651 63 75 and
2092 651 60 75 the
2166 651 125 75 capfule
2307 651 27 75 is

1341 700 161 75 globular,
1529 700 64 75 and
1610 700 124 75 confifts
1750 700 43 75 of
1811 700 59 75 but
1886 700 61 75 one
1965 700 74 75 cell.
2088 700 114 75 There
2217 700 27 75 is
2257 700 77 75 only

1345 746 62 75 one
1436 746 132 75 fpecies,
1591 746 71 75 viz.
1687 746 58 75 the
1760 746 118 75 alpina.

1294 793 282 75 ARETHUSA,
1601 793 33 75 in
1653 793 133 75 botany,
1811 793 20 75 a
1846 793 99 75 genus
1962 793 42 75 of
2022 793 57 75 the
2090 793 179 75 gynandria
2283 793 49 75 di-

1303 839 3 75 .
1340 839 114 75 andria
1470 839 91 75 clals.
1610 839 79 75 The
1704 839 129 75 generic
1849 839 162 75 charadter
2026 839 28 75 is
2066 839 98 75 taken
2181 839 85 75 from
2278 839 57 75 the

1342 886 187 75 nedtarium,
1553 886 107 75 which
1676 886 28 75 is
1715 886 143 75 tubular,
1882 886 137 75 fituated
2034 886 32 75 at
2083 886 57 75 the
2156 886 126 75 bottom
2299 886 42 75 of

1345 933 54 75 the
1416 933 143 75 corolla;
1586 933 64 75 and
1673 933 56 75 the
1745 933 134 75 inferior
1894 933 120 75 labium
2037 933 41 75 of
2095 933 27 75 it
2144 933 26 75 is
2195 933 88 75 fixed
2300 933 35 75 to

1344 980 55 75 the
1415 980 113 75 ftylus.
1575 980 113 75 There
1712 980 54 75 are
1790 980 89 75 four.
1888 980 117 75 fpecies
2036 980 41 75 of
2096 980 56 75 the
2175 980 159 75 arethufa,

1344 1027 43 75 all
1403 1027 122 75 natives
1542 1027 41 75 of
1593 1027 165 75 America,
1784 1027 116 75 except
1920 1027 57 75 the
1999 1027 152 75 capenfis,
2175 1027 107 75 which
2306 1027 28 75 is

1345 1073 77 75 only
1438 1073 102 75 found
1556 1073 33 75 at
1600 1073 57 75 the
1673 1073 92 75 Cape
1780 1073 41 75 of
1840 1073 102 75 Good
1958 1073 110 75 Hope.

1296 1121 297 75 ARGEMONE,
1618 1121 34 75 in
1668 1121 145 75 "botany,
1839 1121 18 75 a
1880 1121 99 75 genus
2008 1121 40 75 of
2066 1121 56 75 the
2145 1121 191 75 polyandria

1344 1167 194 75 monogynia
1554 1167 92 75 clafs.
1695 1167 78 75 The
1789 1167 124 75 corolla
1928 1167 125 75 confifts
2077 1167 41 75 of
2137 1167 48 75 fix
2208 1167 101 75 petals
2324 1167 11 75 ;

1344 1213 54 75 the
1427 1213 87 75 calix
1541 1213 41 75 of
1601 1213 91 75 three
1710 1213 130 75 leaves;
1872 1213 65 75 and
1964 1213 56 75 the
2039 1213 124 75 capfule
2192 1213 26 75 is
2240 1213 93 75 femi-

1342 1260 127 75 valved.
1517 1260 114 75 There
1653 1260 55 75 are
1729 1260 94 75 three
1847 1260 119 75 fpecies
1983 1260 41 75 of
2043 1260 183 75 argemone,
2250 1260 84 75 none

1341 1307 42 75 of
1400 1307 108 75 which
1524 1307 54 75 are
1594 1307 123 75 natives
1733 1307 43 75 of
1792 1307 139 75 Britain.
1980 1307 101 75 They
2097 1307 54 75 are
2167 1307 43 75 all
2223 1307 18 75 a
2253 1307 80 75 kind

1343 1353 40 75 of
1401 1353 144 75 poppies.

1294 1401 208 75 AREZZO,
1528 1401 19 75 a
1562 1401 68 75 city
1646 1401 41 75 of
1703 1401 154 75 Tufcany
1878 1401 34 75 in
1935 1401 100 75 Italy,
2059 1401 134 75 fituated
2215 1401 34 75 in
2270 1401 39 75 13
2309 1383 22 49 0

1350 1447 50 75 15'
1416 1447 44 75 E.
1474 1447 89 75 long,
1589 1447 64 75 and
1669 1447 43 75 43
1712 1429 21 49 0
1758 1447 52 75 15'
1826 1447 49 75 N.
1892 1447 59 75 lat.

1295 1495 186 75 ARGEA,
1506 1495 38 75 or
1565 1495 148 75 Argei,
1736 1495 34 75 in
1794 1495 130 75 Roman
1946 1495 174 75 antiquity,
2146 1495 104 75 thirty
2271 1495 60 75 hu-

1342 1541 74 75 man
1427 1541 130 75 figures,
1582 1541 93 75 made
1698 1541 42 75 of
1759 1541 118 75 ruffies,
1902 1541 128 75 thrown
2046 1541 150 75 annually
2215 1541 45 75 by
2275 1541 58 75 the

1341 1589 110 75 priefts
1468 1589 39 75 or
1522 1589 111 75 veftals
1644 1589 71 75 into
1729 1589 57 75 the
1796 1589 117 75 Tiber,
1938 1589 42 75 on
1997 1589 55 75 the
2064 1589 64 75 day
2144 1589 40 75 of
2195 1589 56 75 the
2261 1589 70 75 ides

1343 1634 41 75 of
1401 1634 97 75 May.

1294 1683 222 75 ARGENT,
1540 1683 34 75 in
1590 1683 163 75 heraldry,
1777 1683 57 75 the
1850 1683 98 75 white
1971 1683 112 75 colour
2105 1683 32 75 in
2163 1683 56 75 the
2242 1683 87 75 coats

1340 1728 42 75 of
1416 1728 193 75 gentlemen,
1648 1728 145 75 knights,
1833 1728 64 75 and
1928 1728 162 75 baronets.
2156 1728 63 75 See
2251 1728 77 75 He-

1347 1776 169 75 raldry.

1294 1824 293 75 ARGENTAN,
1613 1824 18 75 a
1654 1824 68 75 city
1743 1824 41 75 of
1803 1824 135 75 France,
1963 1824 32 75 in
2018 1824 56 75 the
2096 1824 123 75 Lower
2239 1824 90 75 Nor-

1341 1868 131 75 mandy,
1497 1868 87 75 upon
1600 1868 55 75 the
1672 1868 103 75 Qme,
1800 1868 33 75 in
1851 1868 42 75 25
1923 1868 46 75 E.
1991 1868 90 75 long,
2106 1868 64 75 and
2184 1868 68 75 48°

1341 1913 59 75 lat.

1292 1962 332 75 ARGENTARIA
1656 1962 105 75 creta,
1798 1962 79 75 pure
1904 1962 99 75 white
2030 1962 104 75 earth,
2168 1962 103 75 found
2295 1962 34 75 in

1340 2007 131 75 Pruflia,
1497 2007 61 75 and
1571 2007 95 75 much
1683 2007 221 75 efteemedfor
1920 2007 145 75 cleaning
2076 2007 100 75 plate.

1293 2055 339 75 ARGENTIERE,
1657 2055 20 75 a
1693 2055 89 75 fmall
1798 2055 99 75 ifland
1912 2055 33 75 in
1961 2055 57 75 the
2033 2055 231 75 Archipelago,
2289 2055 40 75 fi-

1341 2101 110 75 tuated
1463 2101 100 75 about
1580 2101 46 75 60
1642 2101 91 75 miles
1746 2101 63 75 eaft
1825 2101 42 75 of
1884 2101 132 75 Morea,
2039 2101 35 75 in
2090 2101 42 75 25
2132 2083 22 49 0
2174 2101 45 75 E.
2236 2101 90 75 long,

1341 2148 64 75 and
1417 2148 43 75 37
1460 2130 24 49 0
1502 2148 48 75 N.
1568 2148 59 75 lat.

1294 2196 262 75 Argentiere
1582 2196 26 75 is
1626 2196 66 75 alfo
1707 2196 56 75 the
1779 2196 92 75 name
1883 2196 41 75 of
1943 2196 18 75 a
1972 2196 89 75 fmall
2078 2196 87 75 town
2177 2196 42 75 of
2237 2196 89 75 Lan-

1340 2243 124 75 guedoc
1480 2243 32 75 in
1529 2243 134 75 France,
1681 2243 33 75 in
1731 2243 22 75 4
1753 2225 22 49 0
1793 2243 45 75 E.
1855 2243 92 75 long,
1964 2243 64 75 and
2044 2243 45 75 44
2089 2225 23 49 0
2133 2243 55 75 30'
2204 2243 48 75 N.
2265 2243 60 75 lat.

1292 2291 312 75 ARGENTINA,
1628 2291 33 75 in
1684 2291 223 75 ichthyology,
1934 2291 18 75 a
1975 2291 98 75 genus
2099 2291 41 75 of
2157 2291 89 75 filhes
2269 2291 57 75 be-

1339 2336 132 75 longing
1497 2336 36 75 to
1561 2336 57 75 the
1646 2336 95 75 order
1764 2336 40 75 of
1822 2336 228 75 abdominales.
2097 2336 77 75 The
2197 2336 130 75 generic

1339 2383 177 75 charadters
1540 2383 54 75 are
1611 2383 87 75 thefe
1710 2383 9 75 :
1759 2383 77 75 The
1851 2383 90 75 teeth
1958 2383 54 75 are
2027 2383 33 75 in
2076 2383 56 75 the
2148 2383 119 75 tongue
2290 2383 35 75 as

1339 2431 74 75 well
1438 2431 33 75 as
1498 2431 56 75 the
1574 2431 106 75 jaws;
1713 2431 57 75 the
1797 2431 237 75 branchioftege
2057 2431 182 75 membrane
2266 2431 59 75 has

1339 2476 89 75 eight
1449 2476 84 75 radii
1558 2476 38 75 or
1621 2476 93 75 rays;
1742 2476 56 75 the
1822 2476 78 75 anus
1924 2476 27 75 is
1976 2476 77 75 near
2077 2476 56 75 the
2156 2476 79 75 tail;
2260 2476 66 75 and

1338 2523 55 75 the
1417 2523 163 75 belly-fins
1605 2523 110 75 confift
1739 2523 41 75 of
1796 2523 97 75 many
1917 2523 88 75 rays.
2052 2523 113 75 There
2188 2523 54 75 are
2257 2523 68 75 two

1337 2569 118 75 fpecies
1468 2569 40 75 of
1519 2569 175 75 argentina,
1712 2569 70 75 viz.
1805 2569 31 75 1.
1853 2569 77 75 The
1941 2569 164 75 fphyraena
2115 2569 60 75 has
2191 2569 39 75 15
2251 2569 72 75 rays

1337 2616 32 75 in
1393 2616 55 75 the
1464 2616 43 75 fin
1524 2616 34 75 at
1581 2616 57 75 the
1654 2616 99 75 anus;
1779 2616 56 75 the
1852 2616 197 75 air-bladder
2065 2616 41 75 of
2124 2616 64 75 this
2204 2616 119 75 fpecies

1337 2663 26 75 is
1380 2663 122 75 conical
1519 2663 41 75 on
1572 2663 81 75 both
1665 2663 91 75 fides,
1773 2663 62 75 and
1846 2663 101 75 ffiines
1959 2663 65 75 like
2035 2663 111 75 filver:
2174 2663 148 75 Accord-

1334 2709 57 75 ing
1407 2709 36 75 to
1459 2709 59 75 Mr
1534 2709 87 75 Ray,
1646 2709 78 75 falfe
1739 2709 104 75 pearls
1860 2709 53 75 are
1928 2709 181 75 fometimes
2125 2709 93 75 made
2230 2709 40 75 of
2281 2709 40 75 it.

1339 2759 33 75 2.
1396 2759 78 75 The
1490 2759 141 75 Carolina
1652 2759 58 75 has
1725 2759 140 75 likewife
1887 2759 38 75 15:
1944 2759 72 75 rays
2040 2759 33 75 in
2098 2759 56 75 the
2178 2759 42 75 fin
2245 2759 77 75 near

1337 2804 56 75 the
1409 2804 100 75 anus;
1535 2804 58 75 the
1614 2804 58 75 tail
1694 2804 28 75 is
1738 2804 127 75 forked,
1891 2804 63 75 and
1971 2804 56 75 the
2042 2804 115 75 lateral
2170 2804 82 75 lines
2268 2804 55 75 are

1337 2851 143 75 ftreight.
1529 2851 34 75 It
1583 2851 138 75 inhabits
1738 2851 56 75 the
1810 2851 82 75 freffi
1906 2851 117 75 waters
2039 2851 41 75 of
2099 2851 165 75 Carolina.

1287 2898 291 75 ARGENTON,
1604 2898 19 75 a
1634 2898 87 75 town
1738 2898 40 75 of
1790 2898 135 75 France,
1950 2898 135 75 fituated
2100 2898 99 75 about
2214 2898 104 75 forty-

1334 2944 60 75 five
1410 2944 92 75 miles
1523 2944 186 75 foiith-weft
1730 2944 41 75 of
1789 2944 160 75 Bourges,
1973 2944 33 75 in
2028 2944 40 75 i°
2088 2944 55 75 35'
2165 2944 46 75 E.
2227 2944 89 75 long.

1335 2992 66 75 46°
1422 2992 57 75 4c/
1494 2992 48 75 N.
1560 2992 59 75 lat.

1283 3040 301 75 ARGENTUM.
1635 3040 62 75 See
1711 3040 159 75 Silver.

2076 3083 234 75 ARGILLA,
