2443 3377
521 161 41 75 A
619 161 36 75 P
715 161 41 75 O

1091 161 20 75 (
1171 161 80 75 338
1310 161 20 75 )

1692 161 43 75 A
1793 161 33 75 P
1886 161 41 75 O

151 227 236 75 APOCOPE,
413 227 115 75 among
552 227 240 75 grammarians,
817 227 19 75 a
859 227 100 75 figure
981 227 108 75 which
1113 227 70 75 cuts

199 274 52 75 off
270 274 17 75 a
302 274 97 75 letter
415 274 37 75 or
476 274 131 75 fyllable
632 274 86 75 from
742 274 57 75 the
823 274 64 75 end
909 274 40 75 of
969 274 19 75 a
1012 274 113 75 word;
1152 274 35 75 as

201 319 112 75 ingerit
332 319 51 75 for
401 319 139 75 ingenii.

152 366 388 75 APOCRISIARIUS,
565 366 32 75 in
614 366 175 75 antiquity,
814 366 40 75 an
879 366 109 75 officer
1010 366 75 75 who
1106 366 81 75 deli-

201 414 96 75 vered
313 414 55 75 the
384 414 150 75 meffages
547 414 39 75 of
605 414 56 75 the
672 414 159 75 emperor.
880 414 54 75 He
945 414 131 75 became
1088 414 100 75 after-

201 462 104 75 wards
322 462 195 75 chancellor,
543 462 62 75 and
620 462 77 75 kept
714 462 55 75 the
794 462 92 75 feals.
935 462 33 75 It
992 462 64 75 was
1082 462 66 75 aifo
1171 462 18 75 a

200 508 72 75 title
284 508 93 75 given
393 508 36 75 to
445 508 18 75 a
478 508 138 75 biffiop’s
633 508 135 75 refident
784 508 33 75 at
834 508 105 75 court,
964 508 35 75 to
1012 508 55 75 the
1079 508 110 75 pope’s

201 555 121 75 deputy
346 555 34 75 at
404 555 276 75 Conftantinople,
706 555 63 75 and
793 555 35 75 to
852 555 56 75 the
931 555 54 75 tre'
985 555 103 75 afurer
1111 555 41 75 of
1171 555 20 75 a

202 602 190 75 monaftery.

154 649 350 75 APOCRUSTICS,
521 649 210 75 inmedicine,
748 649 57 75 the
817 649 83 75 fame
912 649 79 75 with
1007 649 182 75 repellents.

206 697 62 75 See
284 697 273 75 Repellents.

154 743 341 75 APOCRYPHAL,
528 743 133 75 denotes
689 743 179 75 fomething
894 743 150 75 dubious,
1077 743 61 75 and
1162 743 28 75 is

204 791 88 75 more
303 791 208 75 particularly
527 791 126 75 applied
668 791 36 75 to
720 791 76 75 fuch
813 791 102 75 books
933 791 34 75 as
989 791 55 75 are
1060 791 56 75 not
1133 791 57 75 ad-

203 838 122 75 mitted
342 838 69 75 into
436 838 56 75 the
516 838 102 75 canon
642 838 40 75 of
700 838 167 75 fcripture,
892 838 97 75 being
1013 838 103 75 either
1132 838 58 75 not

203 883 251 75 acknowledged
470 883 33 75 as
525 883 119 75 divine,
670 883 38 75 or
731 883 138 75 rejefled
894 883 34 75 as
948 883 156 75 heretical
1127 883 65 75 and

203 932 155 75 fpurious.
407 932 77 75 The
509 932 193 75 apocryphal
727 932 116 75 books,
880 932 171 75 according
1075 932 36 75 to
1134 932 57 75 the

203 979 85 75 fixth
306 979 112 75 article
434 979 40 75 of
485 979 56 75 the
557 979 121 75 church
696 979 39 75 of
754 979 163 75 England,
942 979 54 75 are
1011 979 36 75 to
1063 979 39 75 be
1114 979 77 75 read

203 1027 53 75 for
272 1027 147 75 example
443 1027 40 75 of
500 1027 57 75 life
582 1027 63 75 and
668 1027 181 75 indruftion
874 1027 41 75 of
934 1027 166 75 manners;
1132 1027 60 75 but

202 1074 26 75 it
245 1074 79 75 doth
342 1074 56 75 not
415 1074 95 75 apply
526 1074 88 75 them
627 1074 35 75 to
682 1074 143 75 eftabliffi
841 1074 62 75 any
915 1074 156 75 do&rine.

156 1120 288 75 APOCYNUM,
475 1120 32 75 in
532 1120 133 75 botany,
698 1120 19 75 a
732 1120 110 75 .genus
867 1120 40 75 of
925 1120 55 75 the
1004 1120 187 75 pentandria

203 1167 234 75 digyniaclafs.
485 1167 78 75 The
579 1167 123 75 corolla
716 1167 27 75 is
760 1167 243 75 campaniform,
1023 1167 37 75 or
1076 1167 116 75 ffiaped

202 1215 66 75 like
284 1215 19 75 a
325 1215 79 75 bell.
451 1215 113 75 There
580 1215 54 75 are
650 1215 61 75 five
727 1215 132 75 fpgcies,
885 1215 43 75 all
950 1215 124 75 natives
1091 1215 40 75 of
1141 1215 50 75 A-

203 1261 135 75 merica.

156 1307 351 75 APODICTICAL,
532 1307 115 75 among
663 1307 232 75 philofophers,
922 1307 18 75 a
956 1307 81 75 term
1056 1307 134 75 import-

203 1356 57 75 ing
276 1356 18 75 a
309 1356 245 75 demonftrative
570 1356 109 75 proof,
704 1356 37 75 or
769 1356 209 75 fyftematical
1003 1356 136 75 method
1157 1356 40 75 of

204 1402 161 75 teaching.

156 1449 255 75 APODOSIS,
434 1449 34 75 in
485 1449 154 75 rhetoric,
661 1449 56 75 the
742 1449 83 75 fame
849 1449 79 75 with
952 1449 128 75 axiofis.
1130 1449 63 75 See

206 1496 187 75 Axiosis.

156 1543 378 75 APODYTERIUM,
551 1543 32 75 in
600 1543 56 75 the
668 1543 125 75 ancient
805 1543 106 75 baths,
929 1543 56 75 the
997 1543 195 75 apartments

206 1591 106 75 where
326 1591 126 75 perfons
470 1591 122 75 drefled
608 1591 63 75 and
686 1591 180 75 undrefied.

157 1637 211 75 APOGEE,
393 1637 32 75 in
443 1637 191 75 aftronomy,
660 1637 71 75 that
754 1637 90 75 point
868 1637 40 75 of
926 1637 57 75 the
1006 1637 85 75 orbit
1113 1637 42 75 of
1174 1637 18 75 a

204 1684 108 75 planet
328 1684 37 75 or
381 1684 57 75 the
454 1684 56 75 fun
527 1684 108 75 tvhich
651 1684 26 75 is
695 1684 134 75 fartheft
846 1684 84 75 from
943 1684 56 75 the
1014 1684 105 75 earth.

157 1731 374 75 APOLLINARIAN
548 1731 127 75 games,
700 1731 33 75 in
750 1731 129 75 Roman
894 1731 173 75 antiquity,
1085 1731 40 75 an
1137 1731 54 75 ap-

204 1778 153 75 pellation
369 1778 94 75 given
479 1778 35 75 to
527 1778 121 75 certain
664 1778 167 75 theatrical
856 1778 260 75 entertainments
1140 1778 51 75 ce-

204 1824 147 75 lebrated
367 1824 150 75 annually
532 1824 34 75 in
583 1824 124 75 honour
724 1824 39 75 of
774 1824 136 75 Apollo.

157 1871 415 75 APOLLINARIANS,
596 1871 37 75 or
645 1871 346 75 Apollinarists,
1008 1871 34 75 in
1055 1871 136 75 church-

204 1918 133 75 hiftory,
363 1918 18 75 a
396 1918 63 75 fedt
475 1918 41 75 of
534 1918 139 75 heretics
689 1918 75 75 who
780 1918 206 75 maintained,
1011 1918 72 75 that
1101 1918 91 75 Jefus

207 1965 108 75 Chrift
330 1965 66 75 had
411 1965 125 75 neither
552 1965 20 75 a
587 1965 137 75 rational
746 1965 119 75 human
888 1965 82 75 foul,
995 1965 59 75 nor
1079 1965 19 75 a
1120 1965 73 75 true

205 2012 101 75 body.

159 2058 345 75 APOLLINARIS,
529 2058 33 75 in
578 2058 134 75 botany.
763 2058 61 75 See
842 2058 296 75 Hyoscyamus.

159 2105 300 75 APOLLONIA,
484 2105 32 75 in
529 2105 173 75 antiquity,
729 2105 38 75 an
781 2105 114 75 annual
911 2105 122 75 feftival
1052 2105 140 75 celebra-

207 2153 55 75 ted
272 2153 44 75 by
332 2153 55 75 the
403 2153 178 75 fEgialians
597 2153 32 75 in
645 2153 127 75 honour
788 2153 39 75 of
839 2153 136 75 Apollo.

159 2198 248 75 Apollonia,
440 2198 32 75 in
497 2198 197 75 geography,
728 2198 19 75 a
770 2198 210 75 promontory
1004 2198 41 75 of
1063 2198 129 75 Africa,

206 2245 85 75 upon
307 2245 57 75 the
387 2245 84 75 coaft
487 2245 40 75 of
546 2245 142 75 Guinea,
712 2245 73 75 neat
809 2245 56 75 the
890 2245 113 75 mouth
1020 2245 41 75 of
1078 2245 56 75 the
1150 2245 42 75 ri-

206 2292 57 75 ver
280 2292 135 75 Mancu.

161 2338 281 75 APOLOGUE,
467 2338 32 75 in
527 2338 134 75 mattsi-s
689 2338 41 75 of
748 2338 180 75 literature,
960 2338 39 75 an
1027 2338 166 75 ingenious

207 2385 133 75 method
356 2385 39 75 of
408 2385 174 75 conveying
599 2385 183 75 indrudtion
799 2385 44 75 by
856 2385 107 75 means
980 2385 39 75 of
1032 2385 19 75 a
1065 2385 130 75 feigned

208 2432 136 75 relation
358 2432 102 75 called
478 2432 18 75 a
511 2432 103 75 moral
630 2432 99 75 fable.

254 2479 77 75 The
348 2479 78 75 only
440 2479 173 75 difference
636 2479 146 75 between
804 2479 19 75 a
838 2479 128 75 parable
983 2479 63 75 and
1062 2479 40 75 an
1118 2479 79 75 apo-

208 2526 95 75 logue
318 2526 40 75 is,
377 2526 69 75 that
459 2526 56 75 the
531 2526 121 75 former
662 2526 96 75 being
770 2526 110 75 drawn
896 2526 85 75 from
997 2526 88 75 what
1096 2526 97 75 paffes

208 2573 115 75 among
338 2573 163 75 mankind,
518 2573 144 75 requires
677 2573 197 75 probability
889 2573 31 75 in
937 2573 56 75 the
1005 2573 160 75 narration
1181 2573 10 75 ;

206 2619 29 75 v
238 2619 41 75 lie
282 2619 33 75 re
318 2619 34 75 as
373 2619 55 75 the
445 2619 172 75 apologue,
639 2619 95 75 being
755 2619 96 75 taken
867 2619 85 75 from
968 2619 57 75 the
1041 2619 154 75 fuppofed

207 2667 121 75 addons
342 2667 41 75 of
400 2667 123 75 brutes,
548 2667 37 75 or
601 2667 78 75 even
696 2667 42 75 of
754 2667 108 75 things
885 2667 188 75 inanimate,
1094 2667 25 75 is
1136 2667 57 75 not

206 2714 68 75 tied
298 2714 96 75 down
410 2714 34 75 to
460 2714 55 75 the
539 2714 88 75 dridt
646 2714 84 75 rules
747 2714 40 75 of
805 2714 209 75 probability.
1062 2714 130 75 Aifop’s

208 2761 105 75 fables:
327 2761 53 75 are
398 2761 18 75 a
425 2761 105 75 model
548 2761 41 75 of
607 2761 64 75 this
688 2761 78 75 kind
779 2761 39 75 of
840 2761 141 75 writing.

161 2808 245 75 APOLOGY,
432 2808 18 75 a
467 2808 112 75 Greek
595 2808 96 75 term,
715 2808 140 75 literally
870 2808 174 75 importing
1067 2808 39 75 an
1132 2808 58 75 ex-

209 2855 85 75 cufe,
318 2855 38 75 or
367 2855 133 75 defence
517 2855 40 75 of
576 2855 86 75 fome
678 2855 112 75 perfon
807 2855 37 75 or
861 2855 114 75 adtion.

161 2902 235 75 APOMELI,
422 2902 116 75 among
561 2902 125 75 ancient
709 2902 195 75 phyficians,
923 2902 19 75 a
968 2902 164 75 decodtion
1156 2902 40 75 of

208 2947 107 75 honey
330 2947 61 75 and
407 2947 142 75 vinegar,
574 2947 95 75 much
681 2947 77 75 ufed
769 2947 33 75 as
821 2947 20 75 a
856 2947 181 75 detergent,
1061 2947 129 75 promo-

208 2993 49 75 ter
273 2993 39 75 of
331 2993 91 75 dool,
447 2993 107 75 urine,
575 2993 64 75 tec.

161 3041 356 75 APONEUROSIS,
538 3041 116 75 among
665 3041 186 75 phyficians,
877 3041 23 75 a
911 3041 91 75 term,
1010 3041 178 75 fometimes

1279 224 77 75 ufed
1378 224 36 75 to
1430 224 118 75 denote
1571 224 57 75 the
1644 224 171 75 expanfion
1833 224 39 75 of
1892 224 19 75 a
1929 224 96 75 nerve
2042 224 37 75 or
2095 224 120 75 tendon
2239 224 34 75 in

1280 270 55 75 the
1352 270 130 75 manner
1498 270 40 75 of
1551 270 19 75 a
1585 270 205 75 membrane;
1817 270 181 75 fometimes
2011 270 52 75 for
2080 270 56 75 the
2149 270 124 75 cutting

1283 317 51 75 off
1354 317 18 75 a
1389 317 96 75 nerve
1497 317 10 75 ;
1534 317 74 75 and,
1635 317 122 75 finally,
1784 317 52 75 for
1849 317 56 75 the
1921 317 120 75 tendon
2058 317 97 75 itfelft

1235 366 355 75 APONOGETON,
1616 366 31 75 in
1664 366 134 75 botany.
1850 366 61 75 See
1930 366 313 75 Zannichellia.

1236 413 280 75 APOPHASIS,
1541 413 19 75 a
1575 413 101 75 figure
1696 413 32 75 in
1751 413 152 75 rhetoric,
1928 413 45 75 by
1992 413 105 75 which
2121 413 56 75 the
2202 413 72 75 ora-

1285 457 63 75 tor,
1373 457 151 75 fpeaking
1541 457 179 75 ironically,
1738 457 97 75 feems
1852 457 36 75 to
1900 457 90 75 wave
2006 457 88 75 what
2108 457 42 75 he
2166 457 110 75 would

1284 504 122 75 plainly
1429 504 171 75 infinuate:
1636 504 46 75 as,
1717 504 143 75 Neither
1883 504 79 75 •will
1984 504 24 75 I
2027 504 141 75 mention
2192 504 85 75 thofe

1283 552 121 75 things,
1436 552 107 75 •which
1572 552 40 75 if
1636 552 24 75 I
1680 552 133 75 Jhould,
1847 552 76 75 you,
1966 552 306 75 notnuithjlanding,

1284 599 94 75 could
1392 599 127 75 neither
1537 599 130 75 confute
1685 599 59 75 nor
1757 599 100 75 fpeak
1874 599 129 75 againjl
2020 599 98 75 them.

1238 649 570 75 APOPHLEGMATIZANTS,
1835 649 32 75 in
1892 649 185 75 pharmacy,
2102 649 172 75 medicines

1284 692 115 75 proper
1427 692 36 75 to
1491 692 84 75 clear
1603 692 55 75 the
1686 692 84 75 head
1797 692 85 75 from
1909 692 195 75 fupeHiuous
2130 692 143 75 phlegm,

1287 740 147 75 whether
1451 740 44 75 by
1510 740 144 75 fpitting,
1679 740 38 75 or
1732 740 44 75 by
1791 740 57 75 the
1864 740 87 75 nofe.

1238 788 356 75 APOPHTHEGM,
1620 788 19 75 a
1654 788 99 75 ffiort,
1778 788 208 75 fententious,
2012 788 62 75 and
2096 788 183 75 indrudtive

1285 835 138 75 remark,
1447 835 207 75 pronounced
1670 835 43 75 by
1730 835 18 75 a
1763 835 112 75 perfon
1899 835 40 75 of
1950 835 224 75 didinguiffied
2199 835 77 75 cha-

1285 881 111 75 radter.
1448 881 87 75 Such
1553 881 54 75 are
1632 881 56 75 the
1708 881 233 75 apophthegms
1959 881 40 75 of
2018 881 167 75 Plutarch,
2212 881 63 75 and

1285 928 90 75 thofe
1391 928 40 75 of
1450 928 55 75 the
1522 928 140 75 ancients
1680 928 154 75 colledted
1851 928 42 75 by
1906 928 232 75 Lycodhenes.

1235 976 273 75 APOPHYGE,
1534 976 32 75 in
1579 976 222 75 architedture,
1827 976 19 75 a
1857 976 137 75 concave
2007 976 71 75 part
2089 976 37 75 or
2144 976 71 75 ring
2237 976 44 75 of

1283 1022 19 75 a
1332 1022 140 75 column,
1505 1022 90 75 lying
1623 1022 100 75 above
1751 1022 38 75 or
1816 1022 106 75 below
1949 1022 57 75 the
2034 1022 56 75 flat
2117 1022 155 75 member.

1284 1069 76 75 The
1386 1069 126 75 French
1536 1069 61 75 call
1621 1069 27 75 it
1673 1069 31 75 le
1720 1069 94 75 conge
1832 1069 23 75 d
1870 1069 39 75 en
1926 1069 70 75 has,
2020 1069 37 75 or
2074 1069 79 75 d'en
2169 1069 102 75 haul;

1284 1116 56 75 the
1356 1116 144 75 Italians,
1526 1116 77 75 cavo
1627 1116 36 75 di
1686 1116 91 75 bajfo,
1803 1116 38 75 or
1866 1116 36 75 di
1915 1116 122 75 fopra;
2064 1116 64 75 and
2144 1116 76 75 alfo,
2246 1116 31 75 il

1285 1162 73 75 vivo
1372 1162 38 75 di
1426 1162 91 75 bajfo.
1565 1162 78 75 The
1666 1162 168 75 apophyge
1850 1162 172 75 originally
2038 1162 65 75 was
2129 1162 41 75 no
2186 1162 90 75 more

1284 1209 76 75 than
1378 1209 56 75 the
1451 1209 70 75 ring
1537 1209 37 75 or
1589 1209 103 75 ferril,
1710 1209 33 75 at
1759 1209 64 75 fird
1840 1209 88 75 fixed
1944 1209 40 75 on
2002 1209 55 75 the
2073 1209 201 75 extremities

1284 1256 39 75 of
1335 1256 133 75 wooden
1480 1256 123 75 pillars,
1621 1256 35 75 to
1672 1256 81 75 keep
1771 1256 87 75 them
1872 1256 84 75 from
1973 1256 165 75 fplitting;
2165 1256 107 75 which

1286 1303 188 75 afterwards
1492 1303 64 75 was
1568 1303 147 75 imitated
1731 1303 32 75 id
1780 1303 99 75 done.

1237 1351 278 75 APOPHYSIS,
1540 1351 33 75 in
1590 1351 162 75 anatomy,
1771 1351 19 75 a
1805 1351 125 75 prqcefs
1942 1351 37 75 or
1992 1351 230 75 protuberance
2238 1351 42 75 of

1287 1398 18 75 a
1323 1398 96 75 bone.

1238 1445 271 75 APOPLEXY,
1535 1445 19 75 a
1571 1445 168 75 didemper
1755 1445 31 75 in
1811 1445 106 75 which
1934 1445 57 75 the
2014 1445 122 75 patient
2153 1445 26 75 is
2202 1445 73 75 fud-

1285 1492 98 75 denly
1393 1492 154 75 deprived
1562 1492 41 75 of
1622 1492 43 75 all
1681 1492 49 75 his
1747 1492 114 75 fenfes,
1886 1492 63 75 and
1964 1492 41 75 of
2022 1492 171 75 voluntary
2204 1492 72 75 mo-

1286 1539 81 75 tion.
1418 1539 62 75 See
1496 1539 221 75 Medicine,
1742 1539 86 75 title,
1854 1539 174 75 apoplexy.

1237 1586 196 75 APORIA,
1457 1586 27 75 is
1502 1586 19 75 a
1536 1586 101 75 figure
1652 1586 33 75 in
1704 1586 154 75 rhetoric,
1883 1586 43 75 by
1942 1586 105 75 which
2071 1586 56 75 the
2143 1586 132 75 fpeaker

1284 1634 112 75 ffiews,
1413 1634 71 75 that
1495 1634 42 75 he
1554 1634 117 75 doubts
1682 1634 109 75 where
1806 1634 35 75 to
1857 1634 94 75 begin
1963 1634 52 75 for
2031 1634 56 75 the
2103 1634 172 75 multitude

1285 1680 40 75 of
1343 1680 131 75 matter,
1499 1680 39 75 or
1553 1680 89 75 what
1653 1680 36 75 to
1704 1680 55 75 fay
1775 1680 32 75 in
1830 1680 84 75 fome
1938 1680 123 75 drange
2087 1680 64 75 and
2173 1680 100 75 ambi-

1285 1727 102 75 guous
1403 1727 113 75 thing;
1543 1727 63 75 and
1618 1727 94 75 doth,
1737 1727 33 75 as
1783 1727 26 75 it
1821 1727 97 75 were,
1936 1727 97 75 argue
2045 1727 57 75 the
2113 1727 68 75 cafe
2194 1727 80 75 with

1286 1775 139 75 himfelf.
1473 1775 97 75 Thus
1598 1775 119 75 Cicero
1741 1775 83 75 fays,
1854 1775 149 75 Whether
2029 1775 38 75 he
2093 1775 67 75 took
2189 1775 85 75 them

1275 1821 96 75 from
1397 1821 50 75 his
1466 1821 139 75 fellows
1629 1821 86 75 more
1738 1821 209 75 impudently,
1974 1821 87 75 gave
2086 1821 85 75 them
2195 1821 32 75 to
2247 1821 23 75 a

1286 1868 107 75 harlot
1416 1868 87 75 more
1525 1868 210 75 lafcivioufy,
1759 1868 150 75 removed
1922 1868 85 75 them
2020 1868 96 75 from
2132 1868 52 75 the
2208 1868 65 75 Ro-

1287 1915 76 75 man
1373 1915 111 75 people
1499 1915 88 75 more
1601 1915 166 75 wickedly,
1793 1915 38 75 or
1846 1915 130 75 altered
1988 1915 84 75 them
2090 1915 85 75 more
2193 1915 78 75 pre-

1278 1961 225 75 fu7nptuoufy,
1531 1961 24 75 1
1567 1961 115 75 cannot
1695 1961 82 75 well
1791 1961 140 75 declare.

1239 2008 321 75 APOSIOPESIS,
1578 2008 19 75 a
1609 2008 84 75 form
1705 2008 40 75 of
1756 2008 124 75 fpeech,
1894 2008 44 75 by
1946 2008 104 75 which
2060 2008 55 75 the
2128 2008 143 75 fpeaker,

1285 2054 140 75 through
1447 2054 87 75 fome
1559 2054 160 75 affedtion,
1746 2054 33 75 as
1800 2054 133 75 forrow,
1957 2054 208 75 baffifulnefs,
2189 2054 93 75 fear,,

1287 2102 108 75 anger,
1420 2102 38 75 or
1473 2102 209 75 vehemency,
1706 2102 116 75 breaks
1839 2102 52 75 off
1909 2102 50 75 his
1975 2102 113 75 fpeech
2112 2102 112 75 before
2246 2102 28 75 it

1285 2149 40 75 be
1342 2149 44 75 all
1402 2149 115 75 ended.
1567 2149 34 75 A
1629 2149 115 75 figure,
1768 2149 95 75 when
1887 2149 150 75 fpeaking
2061 2149 41 75 of
2121 2149 19 75 a
2166 2149 115 75 thing,,

1285 2196 49 75 we
1349 2196 56 75 yet
1421 2196 83 75 feem
1516 2196 35 75 to
1568 2196 129 75 conceal
1713 2196 41 75 it,
1778 2196 123 75 though
1913 2196 115 75 indeed
2044 2196 48 75 we
2103 2196 173 75 aggravate

1286 2243 45 75 it;
1359 2243 37 75 or
1420 2243 94 75 when
1536 2243 57 75 the
1615 2243 111 75 courfe
1750 2243 41 75 of
1810 2243 55 75 the
1889 2243 146 75 fentence
2058 2243 104 75 begun
2185 2243 28 75 is
2238 2243 34 75 fo

1285 2292 120 75 dayed,
1430 2292 35 75 as
1482 2292 136 75 thereby
1633 2292 87 75 fome
1738 2292 69 75 part
1824 2292 40 75 of
1883 2292 56 75 the
1954 2292 159 75 fentence,
2136 2292 56 75 not
2217 2292 54 75 be-

1285 2338 55 75 ing
1351 2338 140 75 uttered,
1509 2338 73 75 may
1593 2338 39 75 be
1648 2338 214 75 underdood;
1889 2338 45 75 as,
1961 2338 26 75 /
1997 2338 100 75 might
2105 2338 59 75 fay
2177 2338 93 75 much

1286 2385 97 75 more,
1409 2385 55 75 hut
1482 2385 130 75 madefy
1629 2385 180 75 commands
1823 2385 136 75 flence.

1237 2432 269 75 APOSTACY,
1533 2432 55 75 the
1605 2432 200 75 abandoning
1822 2432 55 75 the
1901 2432 71 75 true
1999 2432 147 75 religion.
2195 2432 90 75 The'

1285 2478 159 75 primitive
1461 2478 159 75 Chridian
1645 2478 120 75 church
1788 2478 224 75 didinguiffied
2034 2478 122 75 feveral
2177 2478 100 75 kinds,

1286 2526 39 75 of
1344 2526 158 75 apodacy.
1550 2526 77 75 The
1644 2526 76 75 fird,
1745 2526 41 75 of
1804 2526 90 75 thofe
1911 2526 74 75 who
2008 2526 86 75 went
2116 2526 78 75 over
2215 2526 55 75 en-

1285 2573 95 75 tirely
1404 2573 84 75 from
1513 2573 209 75 Chridianity
1745 2573 37 75 to
1804 2573 143 75 Judaifm
1961 2573 10 75 ;
2003 2573 56 75 the
2082 2573 129 75 fecond,
2236 2573 41 75 of

1284 2620 89 75 thofe
1389 2620 74 75 who
1479 2620 142 75 mingled
1636 2620 143 75 Judaifm
1796 2620 62 75 and
1875 2620 210 75 Chridianity
2101 2620 147 75 together
2257 2620 14 75 ^

1285 2667 62 75 and
1362 2667 56 75 the
1434 2667 100 75 third,
1561 2667 40 75 of
1619 2667 91 75 thofe
1727 2667 76 75 who
1818 2667 159 75 complied
1994 2667 34 75 fo
2052 2667 51 75 far
2119 2667 79 75 with
2214 2667 56 75 the

1284 2713 86 75 Jews
1388 2713 33 75 as
1438 2713 35 75 to
1489 2713 231 75 communicate
1743 2713 79 75 with
1846 2713 90 75 them
1959 2713 31 75 in
2015 2713 94 75 many
2125 2713 41 75 of
2184 2713 84 75 their

1284 2758 152 75 unlawful
1454 2758 163 75 practices,
1640 2758 137 75 without
1788 2758 129 75 making
1934 2758 19 75 a
1968 2758 116 75 formal
2100 2758 168 75 profeffion

1284 2806 41 75 of
1343 2806 84 75 their
1450 2806 148 75 religion.
1648 2806 67 75 But
1738 2806 56 75 the
1820 2806 110 75 fourth
1955 2806 65 75 fort
2038 2806 62 75 was
2118 2806 40 75 of
2177 2806 91 75 thofe

1283 2853 87 75 who,
1395 2853 84 75 after
1494 2853 119 75 having
1629 2853 82 75 been
1733 2853 180 75 fometimes
1939 2853 189 75 Chridians,
2153 2853 115 75 volun-

1282 2900 95 75 tarily
1393 2900 141 75 relapfed
1551 2900 68 75 into
1635 2900 180 75 Paganifm.

1235 2946 278 75 APOSTASIS,
1536 2946 32 75 in
1585 2946 169 75 medicine;
1771 2946 54 75 the
1837 2946 84 75 fame
1937 2946 79 75 with
2034 2946 131 75 abfcefs.
2204 2946 66 75 See

1281 2992 183 75 Abscess.

1230 3040 274 75 APOSTATE,
1530 3040 60 75 one
1615 3040 219 75 who-deferts
1858 3040 50 75 his
1933 3040 147 75 religion.
2134 3040 136 75 Among.

2208 3082 56 75 the
