2406 3327
208 160 51 75 6n

667 160 1187 75 AGRICULTURE.

208 221 91 75 way,'
309 221 78 75 than
403 221 89 75 thofe
512 221 101 75 railed
624 221 32 75 in
676 221 60 75 our
747 221 149 75 gardens,
914 221 115 75 except
1046 221 77 75 fuch
1140 221 33 75 as
1186 221 54 75 are

208 267 86 75 fown
311 267 85 75 upon
416 267 105 75 newly
539 267 155 75 trenched
711 267 139 75 ground.

208 418 167 75 Sect.
407 418 70 75 VI.
538 418 294 75 Principles
865 418 92 75 and
985 418 254 75 Advanta-

354 473 83 75 ges
462 473 53 75 of
540 473 95 75 the
657 473 115 75 New
793 473 292 75 Husbandry.

253 586 86 75 The
358 586 129 75 general
506 586 172 75 principles
696 586 41 75 of
754 586 56 75 the
826 586 71 75 new
913 586 183 75 hufcandry
1110 586 75 75 may
1198 586 42 75 be

208 631 140 75 reduced
378 631 34 75 to
444 631 78 75 two,
558 631 83 75 viz?
665 631 58 75 the
752 631 184 75 promoting
969 631 55 75 the
1052 631 127 75 growth
1204 631 41 75 of

209 678 102 75 plants
340 678 44 75 by
414 678 131 75 hoeing,
582 678 64 75 and
678 678 56 75 the
759 678 107 75 faring
893 678 42 75 of
960 678 94 75 feed;
1092 678 80 75 both
1203 678 42 75 of

209 724 107 75 which
333 724 54 75 are
403 724 131 75 equally
550 724 170 75 profitable
737 724 35 75 to
791 724 56 75 the
863 724 133 75 farmer.

254 770 80 75 But,
362 770 112 75 before
493 770 191 75 illuflrating
710 770 87 75 thefe
822 770 170 75 principles
1009 770 64 75 and
1088 770 151 75 advanta-

209 817 67 75 ges,
301 817 27 75 it
345 817 66 75 will
428 817 40 75 be
492 817 158 75 neceilary
667 817 34 75 to
721 817 142 75 defcribe
881 817 55 75 the
953 817 200 75 imiruments
1169 817 72 75 that

211 863 54 75 are
285 863 183 75 commonly
491 863 77 75 ufed
591 863 33 75 in
650 863 191 75 cultivating
856 863 77 75 land
949 863 44 75 by
1008 863 63 75 this
1089 863 70 75 new
1174 863 68 75 me-

211 909 94 75 thod.

257 956 91 75 Plate
366 956 65 75 IX.
448 956 56 75 fig.
522 956 30 75 i.
578 956 26 75 is
618 956 19 75 a
647 956 148 75 marking
811 956 133 75 plough.
991 956 78 75 The
1089 956 154 75 principal

197 1001 65 75 -life
286 1001 40 75 of
338 1001 63 75 this
427 1001 120 75 plough
562 1001 28 75 is
613 1001 36 75 to
665 1001 131 75 {height
813 1001 62 75 and
890 1001 143 75 regulate
1049 1001 56 75 the
1122 1001 119 75 ridges.

212 1048 76 75 The
305 1048 65 75 firit
396 1048 65 75 line
489 1048 26 75 is
538 1048 112 75 traced
674 1048 44 75 by
740 1048 56 75 the
819 1048 71 75 eye,
916 1048 44 75 by
975 1048 107 75 means
1099 1048 40 75 of
1150 1048 92 75 three

208 1094 104 75 poles,
337 1094 113 75 placed
465 1094 33 75 in
514 1094 19 75 a
548 1094 132 75 ftreight
695 1094 77 75 line.
822 1094 78 75 The
916 1094 121 75 plough
1064 1094 105 75 draws
1185 1094 57 75 the

208 1140 66 75 firft
294 1140 123 75 furrow
444 1140 33 75 ih
504 1140 57 75 the
586 1140 154 75 diredlion
768 1140 40 75 of
831 1140 65 75 this
914 1140 82 75 line;
1024 1140 75 75 and,
1124 1140 34 75 at
1184 1140 57 75 the

209 1188 83 75 fame
308 1188 89 75 time,
413 1188 82 75 with
510 1188 56 75 the
582 1188 94 75 tooth
694 1188 45 75 A,
765 1188 88 75 fixed
870 1188 31 75 in
918 1188 56 75 the
985 1188 97 75 block
1094 1188 40 75 of
1145 1188 97 75 wood

209 1233 77 75 near
301 1233 56 75 the
373 1233 64 75 end
452 1233 40 75 of
511 1233 54 75 the
583 1233 167 75 crofs-poll
766 1233 38 75 or
820 1233 92 75 Aider
935 1233 29 75 B
982 1233 43 75 B,
1051 1233 105 75 marks
1184 1233 56 75 the

209 1280 136 75 breadth
372 1280 41 75 of
436 1280 57 75 the
520 1280 90 75 ridge
639 1280 33 75 at
700 1280 56 75 the
779 1280 139 75 diliance
941 1280 167 75 intended.
1163 1280 78 75 The

208 1326 194 75 ploughman
419 1326 79 75 next
513 1326 104 75 traces
635 1326 55 75 the
706 1326 117 75 fecond
847 1326 64 75 line
935 1326 38 75 or
997 1326 67 75 rutt
1080 1326 92 75 made
1196 1326 46 75 by

211 1373 55 75 the
283 1373 107 75 tooth,
416 1373 63 75 and
494 1373 104 75 draws
616 1373 19 75 a
650 1373 90 75 fmall
757 1373 123 75 furrow
903 1373 94 75 along
1013 1373 47 75 it;
1087 1373 62 75 and
1166 1373 75 75 con-

214 1419 102 75 tinues
333 1419 32 75 in
382 1419 65 75 this
467 1419 131 75 manner
614 1419 51 75 till
689 1419 54 75 the
760 1419 105 75 whole
889 1419 76 75 field
991 1419 27 75 is
1043 1419 67 75 laid
1126 1419 57 75 out
1209 1419 34 75 in

214 1465 133 75 ftreight
364 1465 63 75 and
443 1465 191 75 equidiftant
650 1465 120 75 ridges.

258 1513 122 75 —Fig.
395 1513 34 75 2.
443 1513 27 75 is
483 1513 19 75 a
513 1513 120 75 plough
645 1513 264 75 forbreakingup
924 1513 62 75 lee,
1001 1513 38 75 or
1055 1513 130 75 turning
1198 1513 44 75 up

213 1558 56 75 the
284 1558 127 75 bottom
423 1558 39 75 of
473 1558 76 75 land
565 1558 93 75 when
670 1558 125 75 greatly
811 1558 187 75 exhaufted.
1047 1558 53 75 By
1111 1558 42 75 its
1165 1558 77 75 con-

212 1604 161 75 ftru&ion,
399 1604 56 75 the
472 1604 103 75 width
591 1604 63 75 and
669 1604 99 75 depth
785 1604 41 75 of
837 1604 54 75 the
907 1604 138 75 furrows
1063 1604 56 75 can
1137 1604 39 75 be
1192 1604 50 75 re-

210 1650 132 75 gulated
364 1650 35 75 to
415 1650 19 75 a
450 1650 126 75 greater
592 1650 158 75 certainty
766 1650 77 75 than
858 1650 44 75 by
918 1650 62 75 any
991 1650 93 75 other
1099 1650 145 75 hitherto

211 1696 117 75 known
344 1696 32 75 in
393 1696 63 75 this
482 1696 147 75 country.
678 1696 48 75 Its
754 1696 193 75 appearance
975 1696 26 75 is
1030 1696 129 75 heavy;
1184 1696 59 75 but

211 1742 66 75 two
293 1742 108 75 horfes
418 1742 53 75 are
486 1742 156 75 fulRcient
668 1742 37 75 to
733 1742 119 75 plough
879 1742 80 75 with
981 1742 27 75 it
1031 1742 33 75 in
1092 1742 151 75 ordinary

212 1788 72 75 free
301 1788 97 75 land;
417 1788 69 75 and"
495 1788 77 75 only
581 1788 77 75 four
674 1788 53 75 are
744 1788 159 75 neceffary
914 1788 33 75 in
959 1788 55 75 the
1030 1788 108 75 ftiffeft
1155 1788 85 75 clay-

211 1834 89 75 jfoils.
348 1834 86 75 This
450 1834 121 75 plough
587 1834 27 75 is
630 1834 139 75 likewife
786 1834 94 75 eafily
894 1834 78 75 held
987 1834 62 75 and
1065 1834 176 75 tempered.

211 1882 47 75 A,
283 1882 27 75 is
328 1882 55 75 the
401 1882 106 75 fword
515 1882 96 75 .fixed
625 1882 32 75 in
673 1882 56 75 the
747 1882 94 75 fizers
865 1882 46 75 B,
933 1882 104 75 which
1063 1882 75 75 runs
1155 1882 86 75 thro’

212 1927 20 75 a
247 1927 149 75 mortoife
413 1927 33 75 at
462 1927 65 75 the-
542 1927 62 75 end
627 1927 41 75 of
679 1927 56 75 the
751 1927 92 75 beam
859 1927 44 75 E,
930 1927 60 75 and
1008 1927 158 75 regulates
1186 1927 56 75 the

213 1973 101 75 depth
335 1973 40 75 of
387 1973 56 75 the
460 1973 134 75 furrow,
619 1973 45 75 by
683 1973 112 75 raifing
810 1973 38 75 or
864 1973 173 75 depreffing
1052 1973 55 75 the
1123 1973 91 75 beam
1230 1973 10 75 ;

213 2018 27 75 it
255 2018 27 75 is
299 2018 88 75 fixed
413 2018 44 75 by
474 2018 127 75 putting
623 2018 56 75 the
695 2018 54 75 pin
769 2018 49 75 D,
844 2018 142 75 through
1002 2018 56 75 the
1072 2018 92 75 beam
1180 2018 64 75 and

213 2065 117 75 fword,
356 2065 64 75 and
436 2065 26 75 is
483 2065 167 75 moveable
666 2065 33 75 at
715 2065 44 75 E.

260 2114 121 75 -r—Fig.
399 2114 32 75 3.
448 2114 27 75 is
488 2114 20 75 a
519 2114 127 75 jointed
661 2114 97 75 break
773 2114 128 75 harrow
917 2114 79 75 with
1014 2114 44 75 24
1074 2114 89 75 teeth
1175 2114 67 75 Iha-

214 2158 64 75 ped
297 2158 65 75 like
379 2158 153 75 coulters,
558 2158 63 75 and
641 2158 144 75 (landing
802 2158 32 75 at
851 2158 98 75 about
967 2158 38 75 an
1022 2158 92 75 angle
1137 2158 41 75 of
1197 2158 49 75 80,

216 2204 145 75 degrees.
403 2204 54 75 By
473 2204 65 75 this
555 2204 242 75 inftrumentthe
808 2204 76 75 land
896 2204 28 75 is
940 2204 96 75 finely
1052 2204 190 75 pulverifed,

216 2249 63 75 and
295 2249 156 75 prepared
467 2249 51 75 for
542 2249 159 75 receiving
717 2249 55 75 the
798 2249 75 75 feed
899 2249 86 75 from
1003 2249 54 75 the
1074 2249 88 75 drill.
1211 2249 34 75 It

216 2295 144 75 requires
377 2295 74 75 four
466 2295 108 75 horfes
590 2295 33 75 in
639 2295 76 75 ftiff,
733 2295 62 75 and
811 2295 69 75 two
896 2295 32 75 in
944 2295 82 75 open
1037 2295 88 75 land.
1156 2295 87 75 This

217 2340 128 75 harrow
363 2340 26 75 is
417 2340 140 75 likewife
578 2340 75 75 ufed
669 2340 52 75 for
736 2340 150 75 levelling
907 2340 56 75 the
981 2340 127 75 ridges;
1134 2340 65 75 this
1215 2340 28 75 is

218 2387 83 75 done
317 2387 44 75 by
377 2387 131 75 preffing
524 2387 27 75 it
567 2387 95 75 down
678 2387 44 75 by
738 2387 55 75 the
809 2387 134 75 handles
959 2387 108 75 where
1082 2387 56 75 the
1154 2387 90 75 ridge

219 2434 25 75 is
262 2434 91 75 high,
378 2434 63 75 and
463 2434 113 75 raifing
592 2434 25 75 it
634 2434 42 75 up
696 2434 93 75 when
812 2434 78 75 low.

267 2481 120 75 —Fig.
402 2481 35 75 4.
461 2481 27 75 is
505 2481 39 75 an
560 2481 132 75 angular
712 2481 146 75 weeding
875 2481 140 75 harrow,
1041 2481 107 75 which
1171 2481 75 75 may

219 2526 113 75 follow
348 2526 56 75 the
420 2526 98 75 break
540 2526 93 75 when
650 2526 171 75 neceflary.
869 2526 77 75 The
968 2526 94 75 feven
1089 2526 157 75 hindmoft

219 2572 90 75 teeth
335 2572 111 75 fliould
469 2572 88 75 (land
581 2572 32 75 at
637 2572 19 75 a
678 2572 89 75 more
785 2572 92 75 acute
893 2572 92 75 angle
1002 2572 76 75 than
1102 2572 55 75 the
1173 2572 73 75 reft,

220 2618 35 75 in
270 2618 95 75 order
377 2618 35 75 to
428 2618 113 75 colleft
557 2618 55 75 the
628 2618 119 75 weeds,
772 2618 107 75 which
894 2618 55 75 the
966 2618 116 75 holder
1097 2618 58 75 can
1168 2618 80 75 drop

221 2663 33 75 at
270 2663 155 75 pleafure,
449 2663 44 75 by
509 2663 111 75 raifing
636 2663 55 75 the
707 2663 114 75 hinder
836 2663 85 75 part,
938 2663 105 75 which
1059 2663 27 75 is
1110 2663 90 75 fixed
1215 2663 36 75 to

223 2711 54 75 the
293 2711 88 75 body
402 2711 39 75 of
460 2711 55 75 the
532 2711 126 75 harrow
673 2711 44 75 by
735 2711 66 75 two
814 2711 114 75 joints.

268 2757 122 75 —Fig.
411 2757 32 75 5.
461 2757 26 75 is
506 2757 21 75 a
540 2757 67 75 pair
626 2757 40 75 of
677 2757 143 75 harrows
837 2757 79 75 with
928 2757 111 75 lhafts.
1074 2757 86 75 This
1177 2757 73 75 har-

224 2802 95 75 rowis
343 2802 78 75 ufed
437 2802 52 75 for
508 2802 149 75 covering
676 2802 56 75 the
747 2802 73 75 feed
836 2802 32 75 in
885 2802 55 75 the
955 2802 104 75 drills,
1084 2802 56 75 the
1159 2802 94 75 horfe

225 2848 95 75 going
336 2848 31 75 in
385 2848 55 75 the
456 2848 132 75 furrow.

271 2895 121 75 -—Fig.
410 2895 34 75 6.
469 2895 26 75 is
508 2895 18 75 a
538 2895 223 75 drill-plough,
786 2895 195 75 cor.ftrucled
996 2895 33 75 in
1045 2895 75 75 fuch
1133 2895 19 75 a
1163 2895 88 75 man-

226 2939 57 75 ner
298 2939 33 75 as
348 2939 35 75 to
399 2939 65 75 fow
481 2939 33 75 at
528 2939 79 75 once
619 2939 65 75 two
696 2939 83 75 rows
791 2939 40 75 of
838 2939 107 75 beans,
963 2939 103 75 peafe,
1083 2939 37 75 or
1133 2939 117 75 wheat.

1285 218 86 75 This
1395 218 145 75 machine
1567 218 28 75 is
1610 218 96 75 eafily
1721 218 150 75 wrought
1888 218 44 75 by
1945 218 67 75 two
2028 218 121 75 horfes.
2210 218 47 75 A,
2285 218 28 75 is

1287 263 55 75 the
1359 263 120 75 happer
1497 263 52 75 for
1573 263 181 75 containing
1780 263 56 75 the
1863 263 94 75 feed;
1994 263 44 75 B,
2055 263 134 75 circular
2211 263 102 75 boxes

1288 308 53 75 for
1357 308 158 75 receiving
1526 308 56 75 the
1595 308 74 75 feed
1683 308 84 75 from
1784 308 56 75 the
1855 308 137 75 happer;
2012 308 29 75 C
2059 308 43 75 C,
2120 308 66 75 two
2201 308 114 75 fquare

1287 356 101 75 boxes
1406 356 105 75 which
1528 356 122 75 receive
1666 356 56 75 the
1737 356 74 75 feed
1827 356 84 75 from
1923 356 90 75 fmall
2024 356 90 75 holes
2130 356 32 75 in
2179 356 56 75 the
2251 356 63 75 cir-

1288 402 88 75 cular
1392 402 115 75 boxes,
1524 402 34 75 as
1574 402 79 75 they
1667 402 74 75 turn
1758 402 123 75 round;
1901 402 62 75 and
1978 402 57 75 lift
2051 402 41 75 of
2102 402 54 75 all,
2174 402 56 75 the
2241 402 75 75 feed

1287 448 26 75 is
1330 448 145 75 dropped
1490 448 69 75 into
1582 448 55 75 the
1654 448 91 75 drills
1767 448 142 75 through
1934 448 90 75 holes
2053 448 33 75 in
2113 448 57 75 the
2196 448 116 75 fquare

1288 494 114 75 boxes,
1432 494 117 75 behind
1575 494 56 75 the
1656 494 140 75 coulters
1822 494 48 75 D.
1929 494 77 75 The
2030 494 143 75 cylinder
2197 494 29 75 E
2251 494 64 75 fol-

1289 541 91 75 lows,
1406 541 119 75 which,
1551 541 149 75 together
1727 541 79 75 with
1827 541 55 75 the
1897 541 103 75 wheel
2017 541 40 75 F,
2082 541 160 75 regulates
2259 541 57 75 the

1285 586 99 75 depth
1396 586 40 75 of
1447 586 56 75 the
1516 586 151 75 coulters,
1686 586 62 75 and
1760 586 111 75 covers
1887 586 56 75 the
1957 586 95 75 feed;
2071 586 56 75 the
2139 586 127 75 harrow
2277 586 36 75 G

1289 633 105 75 comes
1411 633 119 75 behind
1557 633 55 75 all,
1637 633 62 75 and
1716 633 110 75 covers
1844 633 55 75 the
1915 633 74 75 feed
2004 633 88 75 more
2110 633 204 75 completely.

1289 680 34 75 H
1341 680 47 75 H,
1414 680 66 75 two
1495 680 122 75 Aiders,
1641 680 120 75 which,
1785 680 93 75 when
1895 680 109 75 drawn
2020 680 70 75 out,
2114 680 132 75 prevent
2258 680 57 75 the

1287 725 74 75 feed
1375 725 86 75 from
1476 725 113 75 falling
1599 725 69 75 into
1679 725 56 75 the
1751 725 101 75 boxes
1864 725 10 75 ;
1894 725 75 75 and,
1986 725 30 75 I,
2033 725 27 75 is
2073 725 18 75 a
2102 725 95 75 ketch
2209 725 107 75 which

1287 773 95 75 holds
1399 773 55 75 the
1471 773 110 75 rungs,
1606 773 61 75 and
1694 773 147 75 presents
1864 773 61 75 the
1946 773 104 75 boxes
2072 773 86 75 from
2173 773 141 75 turning,

1289 818 62 75 and
1365 818 100 75 lofmg
1481 818 73 75 feed
1570 818 33 75 at
1622 818 58 75 the
1696 818 77 75 ends
1790 818 41 75 of
1842 818 54 75 the
1913 818 118 75 ridges.

1335 865 121 75 —Fig.
1472 865 32 75 7.
1530 865 26 75 is
1574 865 19 75 a
1608 865 97 75 fingle
1720 865 198 75 hoe-plough
1934 865 40 75 of
1985 865 20 75 a
2023 865 78 75 very
2116 865 107 75 Ample
2239 865 76 75 con-

1289 909 160 75 ftruclion,
1474 909 44 75 by
1541 909 106 75 which
1670 909 56 75 the
1748 909 104 75 earth,
1876 909 32 75 in
1926 909 55 75 tlse
1996 909 165 75 intervals,
2194 909 26 75 is
2245 909 70 75 ftir-

1289 956 58 75 red
1362 956 63 75 and
1440 956 66 75 laid
1518 956 58 75 up,
1593 956 42 75 on
1645 956 81 75 both
1742 956 93 75 fides,
1853 956 36 75 to
1904 956 56 75 the
1971 956 91 75 roots
2078 956 42 75 of
2125 956 56 75 the
2193 956 119 75 plants,

1290 1004 74 75 and,
1390 1004 33 75 at
1438 1004 56 75 the
1510 1004 84 75 fame
1610 1004 90 75 time,
1724 1004 56 75 the
1802 1004 105 75 weeds
1925 1004 53 75 are
1993 1004 181 75 deftroyed.
2231 1004 33 75 A
2281 1004 34 75 A

1290 1049 55 75 the
1364 1049 235 75 mold-boards,
1624 1049 105 75 which
1753 1049 75 75 may
1851 1049 39 75 be
1910 1049 101 75 raifed
2034 1049 38 75 or
2095 1049 163 75 deprefled
2281 1049 34 75 at

1289 1096 153 75 pleafure,
1468 1096 171 75 according
1663 1096 34 75 as
1718 1096 55 75 the
1796 1096 121 75 farmer
1935 1096 102 75 wants
2065 1096 35 75 to
2127 1096 106 75 throw
2259 1096 56 75 the

1290 1141 91 75 earth
1396 1141 115 75 higher
1522 1141 37 75 or
1574 1141 102 75 lower
1689 1141 86 75 upoh
1786 1141 58 75 the
1860 1141 103 75 roots.

1495 1250 253 75 Advantages
1770 1250 48 75 of
1830 1250 275 75 Horfe-hoeing.

1335 1327 85 75 The
1439 1327 192 75 advantages
1647 1327 40 75 of
1704 1327 111 75 tillage
1830 1327 111 75 before
1957 1327 120 75 fowing
2092 1327 82 75 have
2185 1327 130 75 already

1289 1373 79 75 been
1385 1373 133 75 pointed
1541 1373 68 75 out.
1658 1373 38 75 In
1717 1373 64 75 this
1804 1373 90 75 place
1916 1373 49 75 we
1991 1373 88 75 muft,
2096 1373 122 75 confine
2241 1373 74 75 our-

1289 1420 98 75 felves
1405 1420 35 75 to
1457 1420 55 75 the
1528 1420 109 75 utility
1651 1420 41 75 of
1710 1420 110 75 tillage
1844 1420 84 75 after
1949 1420 132 75 fowing.
2127 1420 86 75 This
2236 1420 80 75 kind

1289 1466 41 75 of
1347 1466 109 75 tillage
1471 1466 28 75 is
1512 1466 79 75 moft
1607 1466 163 75 generally
1786 1466 118 75 known
1919 1466 44 75 by
1977 1466 56 75 the
2050 1466 90 75 name
2155 1466 41 75 of
2213 1466 103 75 horfe-

1289 1512 123 75 hoeing.

1337 1559 96 75 Land
1446 1559 107 75 fowed
1564 1559 79 75 with
1655 1559 117 75 wheat,
1788 1559 151 75 however
1950 1559 73 75 well
2038 1559 27 75 it
2077 1559 73 75 may
2164 1559 41 75 be
2221 1559 95 75 culti-

1289 1605 96 75 vated
1400 1605 34 75 in
1450 1605 143 75 autumn,
1617 1605 83 75 finks
1716 1605 32 75 in
1773 1605 54 75 the
1849 1605 137 75 winter;
2012 1605 54 75 the
2090 1605 147 75 particles
2261 1605 56 75 get

1290 1650 111 75 nearer
1417 1650 161 75 together,
1604 1650 63 75 and
1682 1650 55 75 the
1753 1650 105 75 weeds
1883 1650 81 75 rife;
1989 1650 34 75 fo
2046 1650 72 75 that
2140 1650 33 75 in
2195 1650 118 75 fpring,

1291 1697 54 75 the
1361 1697 76 75 land
1452 1697 26 75 is
1495 1697 111 75 nearly
1621 1697 32 75 in
1671 1697 54 75 the
1737 1697 83 75 fame
1831 1697 147 75 fituation
1993 1697 34 75 as
2043 1697 30 75 if
2091 1697 27 75 it
2136 1697 97 75 never
2251 1697 66 75 had

1290 1743 80 75 been
1386 1743 174 75 ploughed.
1607 1743 99 75 This,
1729 1743 163 75 however,
1916 1743 26 75 is
1967 1743 58 75 the
2044 1743 106 75 feafon
2174 1743 92 75 when
2289 1743 29 75 it

1290 1789 112 75 Aiould
1418 1789 119 75 branch
1561 1789 64 75 and
1649 1789 91 75 grow
1763 1789 79 75 with
1867 1789 79 75 moft
1968 1789 136 75 vigour;
2130 1789 62 75 and
2209 1789 107 75 confe-

1291 1834 134 75 quently
1440 1834 103 75 ftands
1560 1834 79 75 moft
1661 1834 32 75 in
1710 1834 81 75 need
1814 1834 41 75 of
1872 1834 175 75 ploughing
2069 1834 37 75 or
2127 1834 130 75 hoeing,
2282 1834 36 75 to

1290 1880 127 75 deftroy
1432 1880 55 75 the
1503 1880 119 75 weeds,
1647 1880 35 75 to
1704 1880 114 75 fupply
1833 1880 56 75 the
1904 1880 90 75 roots
2011 1880 78 75 with
2112 1880 83 75 frefii
2212 1880 105 75 earth,

1289 1926 74 75 and,
1387 1926 42 75 by
1440 1926 143 75 dividing
1604 1926 89 75 anew
1708 1926 55 75 the
1779 1926 149 75 particles
1945 1926 41 75 of
2004 1926 55 75 the
2075 1926 70 75 foil,
2171 1926 35 75 to
2222 1926 97 75 allow

1290 1972 55 75 the
1358 1972 86 75 roots
1459 1972 35 75 to
1506 1972 120 75 extend
1638 1972 63 75 and
1712 1972 114 75 coiled:
1841 1972 226 75 nourilhment.

2325 1972 13 75 .

1338 2018 31 75 It
1384 2018 27 75 is
1428 2018 73 75 well
1518 2018 129 75 known,
1672 2018 88 75 that,
1779 2018 33 75 in
1829 2018 147 75 gardens,
2001 2018 103 75 plants
2127 2018 91 75 grow
2239 2018 80 75 with

1290 2064 118 75 double
1439 2064 114 75 vigour
1579 2064 84 75 after
1695 2064 95 75 being
1821 2064 85 75 hoed
1932 2064 38 75 or
2002 2064 227 75 tranfplanted.
2287 2064 37 75 If

1291 2111 104 75 plants
1412 2111 145 75 growing
1572 2111 34 75 in
1616 2111 112 75 Arable
1743 2111 77 75 land
1831 2111 96 75 could
1938 2111 40 75 be
1989 2111 156 75 managed
2158 2111 79 75 with
2249 2111 71 75 eafe

1292 2157 62 75 and
1369 2157 102 75 fafety
1487 2157 33 75 in
1535 2157 64 75 this
1625 2157 142 75 manner,
1792 2157 26 75 it
1841 2157 27 75 is
1892 2157 126 75 natural
2039 2157 35 75 to
2098 2157 125 75 exped,
2248 2157 73 75 that

1291 2203 84 75 their
1402 2203 127 75 growth
1557 2203 109 75 would
1689 2203 39 75 be
1752 2203 170 75 promoted
1943 2203 216 75 accordingly.
2207 2203 114 75 Expe-

1292 2250 104 75 rience
1413 2250 113 75 Ihows,
1552 2250 71 75 that
1646 2250 64 75 this
1733 2250 26 75 is
1784 2250 57 75 not
1863 2250 78 75 only
1962 2250 201 75 praftie^ble,
2191 2250 58 75 but
2272 2250 48 75 at-

1292 2295 117 75 tended
1425 2295 79 75 with
1520 2295 97 75 many
1630 2295 203 75 advantages.

1341 2341 37 75 In
1396 2341 54 75 the
1467 2341 165 75 operation
1648 2341 40 75 of
1700 2341 116 75 hoeing
1827 2341 119 75 wheat,
1972 2341 236 75 thoughTome,
2215 2341 41 75 of
2266 2341 57 75 the

1292 2388 88 75 roots
1403 2388 40 75 be
1465 2388 117 75 moved
1606 2388 38 75 or
1665 2388 113 75 broke,
1803 2388 55 75 the
1874 2388 105 75 plants
1996 2388 123 75 receive
2134 2388 42 75 no
2192 2388 130 75 injury;,

1292 2434 52 75 for
1360 2434 64 75 this
1436 2434 78 75 very
1529 2434 220 75 circumftance
1762 2434 106 75 makes
1881 2434 87 75 them
1979 2434 76 75 fend
2067 2434 88 75 forth
2167 2434 18 75 a
2197 2434 127 75 greater

1293 2479 135 75 number
1443 2479 40 75 of
1502 2479 88 75 roots
1607 2479 76 75 than
1699 2479 167 75 formerly,
1890 2479 106 75 which
2017 2479 128 75 enlarge
2167 2479 83 75 their
2265 2479 56 75 pa-

1294 2527 95 75 fture,
1415 2527 62 75 and
1493 2527 227 75 confequently
1737 2527 148 75 augment
1901 2527 84 75 their
2001 2527 139 75 growth.

1345 2572 110 75 Sickly
1481 2572 105 75 wheat
1609 2572 57 75 has
1692 2572 90 75 often
1807 2572 172 75 recovered
2001 2572 40 75 its
2065 2572 113 75 vigour
2197 2572 83 75 after
2304 2572 19 75 a

1296 2619 85 75 good
1397 2619 127 75 hoeing,
1549 2619 168 75 efpecially
1733 2619 93 75 when
1849 2619 182 75 performed
2052 2619 33 75 in
2109 2619 141 75 weather
2265 2619 59 75 not

1296 2664 78 75 very
1389 2664 58 75 hot
1462 2664 127 75 or‘dry.

1346 2711 136 75 Wheat,
1508 2711 62 75 and
1585 2711 75 75 fuch
1678 2711 90 75 grain
1793 2711 34 75 as
1844 2711 27 75 is
1891 2711 84 75 fown
1992 2711 111 75 before
2119 2711 128 75 winter,
2271 2711 52 75 re-

1299 2757 107 75 quires
1430 2757 118 75 hoeing
1574 2757 89 75 more
1690 2757 77 75 than
1794 2757 82 75 oats,
1901 2757 123 75 barley,
2048 2757 38 75 or
2111 2757 94 75 other
2232 2757 92 75 grain

1299 2803 86 75 fown
1411 2803 33 75 in
1467 2803 56 75 the
1549 2803 107 75 fpring
1670 2803 10 75 ;
1718 2803 64 75 for,
1818 2803 30 75 if
1875 2803 56 75 the
1956 2803 78 75 land
2058 2803 59 75 has
2142 2803 82 75 been
2248 2803 76 75 well

1300 2849 160 75 ploughed
1475 2849 110 75 before
1601 2849 55 75 the
1672 2849 119 75 fowing
1806 2849 41 75 of
1857 2849 211 75 fpring-corn,
2085 2849 26 75 it
2127 2849 123 75 neither
2265 2849 60 75 has

1299 2896 77 75 time
1392 2896 35 75 to
1443 2896 120 75 harden
1587 2896 59 75 nor
1662 2896 35 75 to
1717 2896 139 75 produce
1878 2896 96 75 many
1990 2896 117 75 weeds,
2133 2896 56 75 not
2205 2896 119 75 having

1300 2942 78 75 been
1394 2942 142 75 expofed
1552 2942 35 75 to
1608 2942 55 75 the
1680 2942 139 75 winter’s
1835 2942 87 75 mow
1939 2942 62 75 and
2019 2942 81 75 rain.
