2428 3377
177 162 85 75 £3.o

679 162 43 75 A
839 162 47 75 K
999 162 43 75 A
1158 162 39 75 T

180 229 107 75 where
304 229 55 75 the
375 229 111 75 trunks
505 229 52 75 are
574 229 116 75 turned
705 229 35 75 to
752 229 79 75 each
848 229 106 75 other,
981 229 62 75 and
1059 229 55 75 the
1134 229 79 75 fides

181 275 39 75 of
240 275 53 75 the
310 275 121 75 (heath.
480 275 112 75 There
608 275 27 75 is
652 275 58 75 but
723 275 18 75 a
757 275 78 75 very
852 275 87 75 fihall
956 275 128 75 portion
1101 275 40 75 of
1158 275 56 75 the

179 324 81 75 vena
271 324 77 75 cava
364 324 168 75 contained
548 324 32 75 in
593 324 55 75 the
666 324 225 75 pericardium.

227 369 76 75 The
320 369 208 75 pericardium
541 369 26 75 is
584 369 118 75 clofely
714 369 171 75 connefted
898 369 34 75 to
945 369 55 75 the
1013 369 198 75 diaphragm,

180 414 56 75 not
253 414 32 75 at
303 414 55 75 the
374 414 95 75 apex,
496 414 56 75 but
570 414 126 75 exattly
713 414 32 75 at
762 414 70 75 that
845 414 89 75 place
953 414 105 75 which
1077 414 135 75 anfwers

180 461 35 75 to
239 461 55 75 the
319 461 54 75 flat
389 461 38 75 or
442 461 101 75 lower
559 461 62 75 fide
638 461 40 75 of
698 461 54 75 the
769 461 117 75 heart;
911 461 61 75 and
997 461 27 75 it
1044 461 27 75 is
1094 461 18 75 a
1135 461 79 75 very

179 511 136 75 diihcult
332 511 116 75 matter
465 511 34 75 to
516 511 142 75 feparate
682 511 25 75 it
724 511 85 75 from
826 511 54 75 the
897 511 188 75 diaphragm
1102 511 31 75 in
1150 511 63 75 dif-

177 556 131 75 fedion.

225 602 76 75 The
317 602 136 75 internal
475 602 118 75 lamina
611 602 25 75 is
659 602 185 75 perforated
867 602 44 75 by
927 602 39 75 an
983 602 121 75 infinite
1120 602 91 75 num-

177 648 58 75 ber
259 648 40 75 of
318 648 79 75 very
420 648 87 75 fmall
532 648 103 75 holes,
661 648 139 75 through
827 648 104 75 which
957 648 19 75 a
1002 648 108 75 ferous
1133 648 79 75 fluid

176 696 200 75 continually
393 696 175 75 tranfudes,
593 696 32 75 in
643 696 54 75 the
710 696 83 75 fame
811 696 130 75 manner
957 696 32 75 as
1007 696 32 75 in
1056 696 55 75 the
1128 696 83 75 peri-

179 743 151 75 tonseum.
364 743 85 75 This
463 743 76 75 fluid
553 743 94 75 being
658 743 168 75 gradually
837 743 153 75 colleded
1002 743 84 75 after
1098 743 111 75 death,

175 788 109 75 makes
297 788 86 75 what
399 788 26 75 is
444 788 102 75 called
561 788 87 75 aqua
664 788 198 75 pericardii,
887 788 106 75 which
1009 788 27 75 is
1058 788 103 75 found
1177 788 32 75 in

176 837 214 75 confiderable
405 837 171 75 quantities
593 837 31 75 in
642 837 138 75 opening
797 837 83 75 dead
895 837 111 75 bodies
1019 837 96 75 while
1131 837 79 75 they

176 882 120 75 remain
312 882 98 75 frelh.
462 882 190 75 Sometimes
665 882 25 75 it
702 882 27 75 is
742 882 40 75 of
792 882 19 75 a
822 882 125 75 reddilh
961 882 123 75 colour,
1102 882 105 75 which

174 927 75 75 may
273 927 40 75 be
337 927 107 75 owing
467 927 35 75 to
526 927 19 75 a
569 927 218 75 tranfudation
811 927 40 75 of
869 927 99 75 blood
990 927 141 75 through
1152 927 56 75 the

174 974 63 75 fine
255 974 181 75 membrane
449 974 40 75 of
507 974 56 75 the
580 974 146 75 auricles.

223 1022 75 75 The
314 1022 93 75 heart
424 1022 61 75 and
503 1022 86 75 parts
607 1022 171 75 belonging
794 1022 34 75 to
852 1022 26 75 it
900 1022 53 75 are
976 1022 56 75 the
1053 1022 154 75 principal

173 1069 203 75 inftruments
402 1069 41 75 of
461 1069 56 75 the
542 1069 191 75 circulation
757 1069 40 75 of
816 1069 55 75 the
887 1069 112 75 blood.
1047 1069 77 75 The
1142 1069 65 75 two

171 1115 169 75 ventricles
352 1115 101 75 ought
469 1115 36 75 to
516 1115 40 75 be
569 1115 183 75 confidered
763 1115 34 75 as
810 1115 65 75 two
887 1115 141 75 fyringes
1042 1115 33 75 fo
1087 1115 119 75 clofely

167 1161 115 75 joined
305 1161 148 75 together
470 1161 33 75 as
528 1161 35 75 to
581 1161 92 75 make
690 1161 57 75 but
764 1161 61 75 one
841 1161 100 75 body,
967 1161 61 75 and
1043 1161 163 75 furnifhed

169 1207 81 75 with
268 1207 126 75 fuckers
411 1207 112 75 placed
538 1207 31 75 in
586 1207 150 75 contrary
752 1207 170 75 diredions
945 1207 36 75 to
1003 1207 77 75 each
1097 1207 106 75 other,

170 1253 36 75 fo
218 1253 33 75 as
270 1253 69 75 that
357 1253 43 75 by
415 1253 144 75 drawing
575 1253 60 75 one
652 1253 40 75 of
711 1253 100 75 them,
836 1253 19 75 a
871 1253 77 75 fluid
965 1253 27 75 is
1009 1253 47 75 let
1070 1253 45 75 in,
1142 1253 63 75 and

172 1301 112 75 forced
301 1301 57 75 out
376 1301 89 75 again
482 1301 43 75 by
538 1301 54 75 the
609 1301 106 75 other.

218 1349 76 75 The
317 1349 91 75 heart
426 1349 25 75 is
469 1349 92 75 made
584 1349 42 75 up
643 1349 40 75 of
702 1349 19 75 a
743 1349 160 75 fubftance
923 1349 129 75 capable
1068 1349 41 75 of
1127 1349 76 75 con-

169 1394 135 75 tradion
322 1394 62 75 and
401 1394 181 75 dilatation.
632 1394 110 75 When
771 1394 55 75 the
848 1394 97 75 flefhy
969 1394 94 75 fibres
1088 1394 41 75 of
1148 1394 55 75 the

168 1442 173 75 ventricles
357 1442 54 75 are
428 1442 195 75 contraded,
650 1442 55 75 the
721 1442 66 75 two
805 1442 131 75 cavities
954 1442 52 75 are
1017 1442 136 75 leflened
1169 1442 33 75 in

170 1487 40 75 an
235 1487 95 75 equal
354 1487 62 75 and
439 1487 100 75 dired
563 1487 142 75 manner,
730 1487 58 75 not
811 1487 45 75 by
880 1487 62 75 any
957 1487 184 75 contortion
1164 1487 38 75 or

169 1534 139 75 twi(Ting
308 1566 12 49 ;
345 1534 34 75 as
403 1534 55 75 the
474 1534 78 75 falfe
576 1534 211 75 refemblance
804 1534 40 75 of
863 1534 55 75 the
943 1534 94 75 fibres
1062 1534 36 75 to
1123 1534 19 75 a
1164 1534 37 75 fi-

168 1581 78 75 gure
263 1581 40 75 of
325 1581 88 75 eight
436 1581 57 75 has
518 1581 93 75 made
628 1581 180 75 anatomifts
824 1581 149 75 imagine.
1022 1581 67 75 For
1103 1581 32 75 if
1153 1581 49 75 we

166 1628 142 75 confider
325 1628 188 75 attentively
529 1628 31 75 in
577 1628 74 75 how
668 1628 95 75 many
775 1628 149 75 different
936 1628 182 75 diredions,
1137 1628 63 75 and

166 1673 34 75 in
216 1673 75 75 how
307 1673 94 75 many
417 1673 118 75 places,
558 1673 90 75 thefe
665 1673 94 75 fibres
777 1673 84 75 crofs
878 1673 77 75 each
973 1673 105 75 other,
1096 1673 33 75 as
1142 1673 58 75 has

165 1720 81 75 been
272 1720 131 75 already
426 1720 164 75 obferyed,
623 1720 49 75 we
698 1720 81 75 mull
806 1720 50 75 fee
881 1720 131 75 clearly,
1045 1720 73 75 that
1144 1720 56 75 the

165 1767 107 75 whole
287 1767 151 75 ftrudure
454 1767 92 75 tends
564 1767 35 75 to
623 1767 92 75 make
731 1767 40 75 an
795 1767 91 75 even,
912 1767 112 75 dired,
1049 1767 64 75 and
1129 1767 69 75 uni-

164 1813 86 75 form
281 1813 208 75 contradion,
530 1813 90 75 more
647 1813 171 75 according
846 1813 36 75 to
909 1813 56 75 the
992 1813 136 75 breadth
1161 1813 38 75 or

163 1862 175 75 thicknefs,
364 1862 76 75 than
458 1862 170 75 according
644 1862 35 75 to
695 1862 56 75 the
767 1862 112 75 length
895 1862 41 75 of
946 1862 58 75 the
1019 1862 104 75 heart,
1136 1862 61 75 be-

163 1907 93 75 caufe
277 1907 57 75 the
359 1907 134 75 number
516 1907 41 75 of
575 1907 94 75 fibres
694 1907 136 75 fituated
845 1907 220 75 tranfverfely,
1090 1907 38 75 or
1151 1907 45 75 al-

163 1952 81 75 mofl
259 1952 220 75 tranfverfely,
504 1952 27 75 is
555 1952 96 75 much
674 1952 126 75 greater
824 1952 78 75 than
927 1952 55 75 the
1006 1952 134 75 number
1162 1952 41 75 of

161 2000 215 75 longitudinal
393 2000 107 75 fibres.

211 2046 77 75 The
300 2046 96 75 flefhy
408 2046 94 75 fibres
519 2046 78 75 thus,
611 2046 193 75 contraded,
821 2046 44 75 do
882 2046 54 75 the
948 2046 91 75 office
1051 2046 42 75 of
1103 2046 91 75 fuck-

164 2092 64 75 ers,
247 2092 42 75 by
298 2092 130 75 preffing
444 2092 84 75 upon
538 2092 55 75 the
606 2092 98 75 blood
721 2092 167 75 contained
896 2092 32 75 in
944 2092 57 75 the
1011 2092 191 75 ventricles^

163 2139 106 75 which
289 2139 97 75 blood
401 2139 96 75 being
514 2139 73 75 thus
613 2139 113 75 forced
750 2139 123 75 toward
898 2139 56 75 the
978 2139 78 75 bafis
1079 2139 41 75 of
1136 2139 57 75 the

162 2186 106 75 heart,
293 2186 113 75 preffes
431 2186 55 75 the
511 2186 181 75 tricufpidal
714 2186 108 75 valves
845 2186 118 75 againft
987 2186 76 75 each
1087 2186 106 75 other,

162 2233 97 75 opens
270 2233 55 75 the
338 2233 212 75 femilunares,
565 2233 61 75 and
640 2233 104 75 rufhes
758 2233 77 75 with
845 2233 200 75 impetuofity
1053 2233 141 75 through

162 2278 55 75 tlie
235 2278 130 75 arteries
383 2278 61 75 and
461 2278 82 75 their
559 2278 235 75 ramifications,
819 2278 34 75 as
876 2278 140 75 through
1041 2278 33 75 fo
1097 2278 97 75 many

163 2325 105 75 elaflic
284 2325 105 75 tubes.

209 2372 76 75 The
301 2372 98 75 blood
415 2372 72 75 thus
504 2372 117 75 pufhed
646 2372 40 75 on
712 2372 44 75 by
778 2372 55 75 the
858 2372 196 75 contradion
1078 2372 40 75 of
1136 2372 55 75 the

161 2419 183 75 ventricles,
369 2419 63 75 and
450 2419 188 75 afterwards
655 2419 121 75 preffed
792 2419 43 75 by
851 2419 57 75 the
924 2419 106 75 elaflic
1046 2419 143 75 arteries,

160 2465 106 75 enters
278 2465 55 75 the
349 2465 152 75 capillary
512 2465 121 75 veflels,
660 2465 61 75 and
741 2465 27 75 is
786 2465 84 75 from
887 2465 114 75 thence
1022 2465 110 75 forced
1152 2465 36 75 to

159 2512 109 75 return
286 2512 43 75 by
344 2512 56 75 the
421 2512 88 75 veins
534 2512 34 75 to
591 2512 55 75 the
672 2512 147 75 auricles,
844 2512 119 75 which,
988 2512 64 75 like
1077 2512 111 75 retire-

159 2558 116 75 ments,
300 2558 146 75 porches,
472 2558 37 75 or
524 2558 246 75 antichambers,
797 2558 121 75 receive
935 2558 63 75 and
1021 2558 95 75 lodge
1133 2558 55 75 the

158 2605 99 75 blood
274 2605 151 75 returned
441 2605 43 75 by
507 2605 55 75 the
586 2605 88 75 veins
699 2605 116 75 during
839 2605 55 75 the
918 2605 77 75 time
1016 2605 41 75 of
1072 2605 22 75 a
1119 2605 70 75 new

158 2651 208 75 contradion.
413 2651 86 75 This
516 2651 195 75 contradion
728 2651 40 75 of
787 2651 55 75 the
859 2651 91 75 heart
965 2651 26 75 is
1017 2651 43 75 by
1075 2651 111 75 anato-

159 2697 85 75 miffs
263 2697 122 75 termed
400 2697 125 75 fyftole.

204 2743 75 75 The
295 2743 198 75 contradion
510 2743 38 75 or
564 2743 111 75 fyftole
691 2743 41 75 of
749 2743 56 75 the
820 2743 170 75 ventricles
1008 2743 101 75 ceafes
1126 2743 59 75 im-

156 2791 183 75 mediately,
365 2791 43 75 by
423 2791 57 75 the
503 2791 178 75 relaxation
697 2791 40 75 of
756 2791 84 75 their
862 2791 98 75 flefhy
982 2791 116 75 fibres;
1125 2791 63 75 and

156 2836 31 75 in
204 2836 71 75 that
292 2836 76 75 time
385 2836 55 75 the
464 2836 145 75 auricles,
632 2836 104 75 which
753 2836 126 75 contain
893 2836 54 75 the
964 2836 91 75 venal
1073 2836 110 75 blood,

157 2883 93 75 being
260 2883 195 75 contraded,
481 2883 88 75 force
585 2883 55 75 the
658 2883 96 75 blood
770 2883 139 75 through
931 2883 54 75 the
1002 2883 181 75 trieufpidal

158 2930 104 75 valves
280 2930 68 75 into
364 2930 55 75 the
431 2930 181 75 ventricles,
638 2930 55 75 the
710 2930 78 75 fides
806 2930 40 75 of
864 2930 104 75 which
986 2930 52 75 are
1050 2930 137 75 thereby

154 2975 133 75 dilated,
313 2975 61 75 and
391 2975 83 75 their
496 2975 127 75 cavities
642 2975 164 75 enlarged.
855 2975 86 75 This
966 2975 168 75 dilatation
1157 2975 27 75 is

156 3024 123 75 termed
296 3024 141 75 diafiole.

572 3024 10 75 .

1314 165 40 75 O
1470 165 49 75 M
1633 165 54 75 Y.

2106 165 100 75 Part
2227 165 71 75 VI.

1312 236 37 75 In
1366 236 65 75 this
1448 236 131 75 manner
1596 236 76 75 does
1690 236 54 75 the
1761 236 104 75 heart,
1883 236 45 75 by
1943 236 55 75 the
2014 236 284 75 alternate-fyftole

1266 283 62 75 and
1343 283 134 75 diaftole
1489 283 41 75 of
1548 283 41 75 its
1606 283 170 75 ventricles
1788 283 60 75 and
1861 283 148 75 auricles,
2033 283 77 75 pufh
2127 283 55 75 the
2200 283 98 75 blood

1265 331 140 75 through
1416 331 57 75 the
1489 331 131 75 arteries
1639 331 35 75 to
1691 331 41 75 all
1749 331 55 75 the
1816 331 87 75 parts
1920 331 41 75 of
1971 331 55 75 the
2045 331 97 75 body,
2167 331 64 75 and
2246 331 51 75 re-

1265 377 86 75 ceive
1376 377 25 75 it
1426 377 90 75 again
1541 377 43 75 by
1600 377 55 75 the
1677 377 101 75 veins.
1826 377 85 75 This
1927 377 27 75 is
1971 377 104 75 called
2091 377 56 75 the
2162 377 134 75 circula-

1264 422 68 75 tion
1349 422 40 75 of
1407 422 55 75 the
1482 422 111 75 blood,
1619 422 104 75 which
1748 422 26 75 is
1792 422 124 75 carried
1931 422 41 75 on
1989 422 32 75 in
2038 422 92 75 three
2146 422 151 75 different

1263 469 160 75 manners.

1311 515 76 75 The
1403 515 64 75 firft
1483 515 63 75 and
1557 515 79 75 moft
1651 515 155 75 univerfal
1823 515 79 75 kind
1916 515 42 75 of
1976 515 187 75 circulation
2180 515 26 75 is
2224 515 71 75 that

1262 561 43 75 by
1317 561 105 75 which
1441 561 110 75 almoft
1566 561 41 75 all
1626 561 56 75 the
1701 561 132 75 arteries
1850 561 39 75 of
1907 561 55 75 the
1978 561 87 75 body
2081 561 53 75 are
2146 561 89 75 filled
2252 561 43 75 by

1263 608 54 75 the
1344 608 114 75 fyftole
1485 608 40 75 of
1543 608 55 75 the
1620 608 104 75 heart,
1756 608 62 75 and
1841 608 55 75 the
1917 608 136 75 greateft
2080 608 71 75 part
2178 608 41 75 of
2237 608 56 75 the

1260 655 88 75 veins
1365 655 175 75 evacuated
1556 655 43 75 by
1615 655 56 75 the
1687 655 141 75 diaftole.

1308 702 76 75 The
1396 702 116 75 fecond
1524 702 78 75 kind
1619 702 42 75 of
1679 702 187 75 circulation
1881 702 142 75 oppofite
2040 702 35 75 to
2091 702 56 75 the
2162 702 76 75 firft,
2264 702 28 75 is

1257 748 144 75 through
1418 748 55 75 the
1490 748 157 75 coronary
1660 748 111 75 veffels
1788 748 39 75 of
1839 748 55 75 the
1905 748 104 75 heart,
2036 748 54 75 the
2108 748 129 75 arteries
2255 748 42 75 of

1259 794 106 75 which
1388 794 54 75 are
1468 794 89 75 filled
1580 794 79 75 with
1685 794 98 75 blood
1807 794 116 75 during
1947 794 55 75 the
2025 794 131 75 diaftole
2177 794 41 75 of
2235 794 56 75 the

1260 841 181 75 ventricles,
1467 841 64 75 and
1542 841 55 75 the
1614 841 87 75 veins
1718 841 141 75 emptied
1873 841 117 75 during
2002 841 55 75 the
2069 841 125 75 fyftole.

1305 888 76 75 The
1397 888 87 75 third
1501 888 79 75 kind
1602 888 39 75 of
1660 888 187 75 circulation
1869 888 27 75 is
1921 888 70 75 that
2007 888 41 75 of
2066 888 54 75 the
2136 888 60 75 left
2212 888 76 75 ven-

1257 934 92 75 tricle
1366 934 41 75 of
1424 934 56 75 the
1496 934 112 75 heart;
1634 934 142 75 through
1797 934 55 75 the
1868 934 91 75 venal
1982 934 90 75 dufts
2089 934 41 75 of
2147 934 106 75 which
2270 934 18 75 a

1257 980 88 75 fmall
1370 980 151 75 quantity
1543 980 40 75 of
1602 980 99 75 blood
1723 980 110 75 paftes,
1860 980 137 75 without
2021 980 97 75 going
2145 980 143 75 through

1256 1027 55 75 the
1327 1027 106 75 lungs,
1458 1027 106 75 which
1580 1027 26 75 is
1624 1027 55 75 the
1695 1027 110 75 courfe
1822 1027 40 75 of
1881 1027 42 75 all
1942 1027 54 75 the
2014 1027 175 75 remaining
2206 1027 81 75 mafs

1255 1074 40 75 of
1314 1074 111 75 blood.

1598 1074 15 75 *
1659 1074 14 75 ,

1573 1178 391 75 PULMONES.

1296 1256 88 75 The
1402 1256 92 75 lungs
1511 1256 54 75 are
1580 1256 66 75 two
1661 1256 89 75 large
1772 1256 121 75 fpungy
1907 1256 126 75 bodies,
2058 1256 41 75 of
2116 1256 19 75 a
2158 1256 124 75 reddifh

1253 1301 111 75 colotir
1381 1301 31 75 in
1429 1301 157 75 children,
1610 1301 122 75 greyifh
1757 1301 31 75 in
1812 1301 90 75 adult
1924 1301 148 75 fubjedts,
2098 1301 61 75 and
2182 1301 99 75 bldilh

1253 1348 30 75 in
1301 1348 56 75 old
1380 1348 79 75 age;
1486 1348 101 75 filling
1610 1348 56 75 the
1691 1348 104 75 whole
1813 1348 105 75 cavity
1934 1348 40 75 of
1993 1348 56 75 the
2065 1348 131 75 thorax,
2220 1348 63 75 one

1252 1395 93 75 being
1357 1395 106 75 feated
1474 1395 31 75 in
1522 1395 57 75 the
1595 1395 87 75 right
1694 1395 75 75 fide,
1795 1395 56 75 the
1866 1395 96 75 other
1976 1395 33 75 in
2025 1395 56 75 the
2096 1395 72 75 left,
2193 1395 87 75 part-

1251 1442 40 75 ed
1307 1442 43 75 by
1366 1442 56 75 the
1433 1442 217 75 mediaftinum
1668 1442 63 75 and
1746 1442 104 75 heart,
1877 1442 62 75 and
1955 1442 40 75 of
2004 1442 19 75 a
2034 1442 99 75 figure
2146 1442 136 75 anfwer-

1250 1487 54 75 ing
1318 1487 36 75 to
1370 1487 72 75 that
1464 1487 41 75 of
1523 1487 56 75 the
1602 1487 107 75 cavity
1726 1487 104 75 which
1855 1487 144 75 contains
2016 1487 109 75 them;
2152 1487 70 75 that
2237 1487 41 75 is,

1250 1535 124 75 convex
1391 1535 79 75 next
1487 1535 55 75 the
1558 1535 79 75 ribs,
1662 1535 138 75 concave
1822 1535 80 75 next
1917 1535 56 75 the
1995 1535 197 75 diaphragm,
2217 1535 63 75 and

1249 1581 190 75 irregularly
1461 1581 114 75 flatted
1599 1581 64 75 and
1688 1581 164 75 depreffed
1872 1581 80 75 next
1979 1581 55 75 the
2060 1581 218 75 mediaftinum

1249 1627 61 75 and
1322 1627 104 75 heart.

1296 1675 100 75 They
1416 1675 54 75 are
1485 1675 224 75 diftinguifhed
1725 1675 68 75 into
1817 1675 56 75 the
1897 1675 88 75 right
2008 1675 64 75 and
2092 1675 61 75 left
2176 1675 98 75 lung;

1247 1720 63 75 and
1325 1720 79 75 each
1427 1720 41 75 of
1485 1720 87 75 thefe
1587 1720 70 75 into
1674 1720 66 75 two
1756 1720 37 75 or
1809 1720 90 75 three
1916 1720 144 75 portions
2081 1720 104 75 called
2199 1720 77 75 lobi;

1248 1766 40 75 of
1298 1766 106 75 which
1420 1766 55 75 the
1492 1766 86 75 right
1594 1766 78 75 lung
1687 1766 56 75 has
1757 1766 182 75 commonly
1955 1766 103 75 three,
2083 1766 37 75 or
2136 1766 65 75 two
2214 1766 62 75 and

1248 1812 18 75 a
1280 1812 82 75 half,
1387 1812 63 75 and
1465 1812 55 75 the
1536 1812 60 75 left
1611 1812 77 75 lung
1706 1812 79 75 two.
1832 1812 78 75 The
1927 1812 85 75 right
2029 1812 77 75 lung
2129 1812 26 75 is
2180 1812 95 75 gene-

1246 1859 81 75 rally
1342 1859 105 75 larger
1463 1859 77 75 than
1558 1859 55 75 the
1636 1859 74 75 left,
1736 1859 196 75 anfwerably
1955 1859 35 75 to
2014 1859 71 75 that
2109 1859 107 75 cavity
2239 1859 42 75 of

1245 1905 55 75 the
1317 1905 112 75 breaft,
1455 1905 61 75 and
1533 1905 56 75 the
1604 1905 162 75 obliquity
1777 1905 40 75 of
1835 1905 56 75 the
1907 1905 229 75 mediaftinum.

1291 1951 47 75 At
1354 1951 56 75 the
1431 1951 101 75 lower
1555 1951 80 75 edge
1660 1951 40 75 of
1718 1951 56 75 the
1797 1951 61 75 left
1881 1951 90 75 lung,
1996 1951 91 75 there
2111 1951 27 75 is
2162 1951 39 75 an
2224 1951 48 75 in-

1243 1998 117 75 dented
1377 1998 96 75 notch
1491 1998 37 75 or
1544 1998 80 75 finus
1648 1998 139 75 oppofite
1804 1998 34 75 to
1861 1998 55 75 the
1932 1998 83 75 apex
2031 1998 41 75 of
2089 1998 56 75 the
2167 1998 101 75 heart-

1242 2045 104 75 which
1364 2045 25 75 is
1407 2045 160 75 therefore
1583 2045 96 75 never
1702 2045 137 75 covered
1863 2045 43 75 by
1929 2045 72 75 that
2023 2045 91 75 lung,
2137 2045 79 75 even
2238 2045 34 75 in

1243 2092 54 75 the
1320 2092 151 75 ftrongeft
1487 2092 212 75 infpirations,
1724 2092 62 75 and
1809 2092 228 75 confequently
2053 2092 56 75 the
2131 2092 83 75 apex
2237 2092 40 75 of

1242 2138 54 75 the
1315 2138 92 75 heart
1423 2138 62 75 and
1507 2138 212 75 pericardium
1741 2138 74 75 may
1838 2138 117 75 always
1972 2138 93 75 ftrike
2082 2138 117 75 againft
2215 2138 58 75 the

1240 2184 78 75 ribs.

2219 2184 8 75 .
2264 2184 8 75 •

1286 2233 78 75 The
1379 2233 160 75 fubftance
1556 2233 40 75 of
1608 2233 54 75 the
1679 2233 90 75 lungs
1786 2233 28 75 is
1831 2233 110 75 almoft
1958 2233 41 75 all
2017 2233 132 75 fpungy,
2173 2233 96 75 being

1240 2279 92 75 made
1348 2279 42 75 up
1407 2279 41 75 of
1466 2279 38 75 an
1521 2279 121 75 infinite
1659 2279 133 75 number
1807 2279 40 75 of
1858 2279 221 75 membranous
2092 2279 88 75 cells,
2206 2279 64 75 and

1241 2326 40 75 of
1291 2326 151 75 different
1458 2326 81 75 forts
1551 2326 41 75 of
1613 2326 106 75 veffels
1735 2326 113 75 fpread
1862 2326 116 75 amomg
1994 2326 54 75 the
2065 2326 88 75 cells,
2170 2326 33 75 in
2219 2326 48 75 in-

1239 2373 183 75 numerable
1437 2373 236 75 ramifications.

1285 2418 84 75 This
1385 2418 104 75 whole
1506 2418 79 75 mafs
1607 2418 27 75 is
1652 2418 135 75 covered
1802 2418 44 75 by
1865 2418 21 75 a
1898 2418 182 75 membrane
2096 2418 172 75 continued

1239 2466 83 75 from
1338 2466 77 75 each
1431 2466 122 75 pleura,
1579 2466 104 75 which
1696 2466 25 75 is
1740 2466 182 75 commonly
1937 2466 67 75 faid
2020 2466 35 75 to
2072 2466 40 75 be
2123 2466 140 75 double;

1237 2512 57 75 but
1317 2512 86 75 what
1419 2512 27 75 is
1462 2512 120 75 looked
1604 2512 84 75 upon
1706 2512 32 75 as
1756 2512 55 75 the
1827 2512 91 75 inner
1932 2512 183 75 membrane
2138 2512 27 75 is
2188 2512 79 75 only

1237 2558 38 75 an
1293 2558 170 75 expanfion
1480 2558 62 75 and
1561 2558 218 75 continuation
1796 2558 40 75 of
1854 2558 19 75 a
1889 2558 131 75 cellular
2036 2558 172 75 fubftance.

1281 2606 76 75 The
1381 2606 110 75 veffels
1516 2606 104 75 which
1645 2606 147 75 compofe
1815 2606 72 75 part
1911 2606 41 75 of
1969 2606 56 75 the
2048 2606 158 75 fubftance
2228 2606 42 75 of

1234 2652 55 75 the
1311 2652 93 75 lungs
1431 2652 54 75 are
1508 2652 40 75 of
1573 2652 90 75 three
1688 2652 38 75 or
1752 2652 75 75 four
1849 2652 116 75 kinds;
1996 2652 56 75 the
2076 2652 193 75 air-veffels,’

1234 2697 235 75 blood-veffels,
1487 2697 62 75 and
1564 2697 204 75 lymphatics,
1778 2697 71 75 ^nd
1864 2697 55 75 the
1935 2697 124 75 nerves.
2106 2697 78 75 The
2200 2697 61 75 air-

1233 2741 109 75 veffels
1354 2741 92 75 make
1462 2741 54 75 the
1529 2741 91 75 chief
1638 2741 83 75 part,
1746 2741 63 75 and
1822 2741 56 75 are
1889 2741 125 75 termed
2028 2741 161 75 bronchia.

1280 2791 107 75 Thele
1403 2791 152 75 bronchia
1572 2791 53 75 are
1646 2791 122 75 conical
1784 2791 105 75 tubfes,
1915 2791 167 75 compofed
2099 2791 40 75 of
2158 2791 38 75 an
2212 2791 48 75 in-

1233 2838 87 75 finite
1343 2838 133 75 number
1501 2838 39 75 of
1559 2838 224 75 cartilaginous
1810 2838 187 75 fragments,
2022 2838 64 75 like
2107 2838 35 75 fo
2165 2838 97 75 many

1231 2883 156 75 irregular
1403 2883 111 75 arches
1538 2883 41 75 of
1597 2883 124 75 circles,
1745 2883 173 75 connefted
1940 2883 149 75 together
2112 2883 44 75 by
2179 2883 18 75 a
2219 2883 39 75 li-

1232 2930 185 75 gamentary
1432 2930 105 75 eiaftic
1553 2930 193 75 membrane,
1764 2930 62 75 and
1843 2930 142 75 difpofed
2001 2930 31 75 in
2045 2930 74 75 fuch
2136 2930 18 75 a
2170 2930 89 75 man-

1231 2977 56 75 ner
1304 2977 32 75 as
1354 2977 70 75 that
1440 2977 55 75 the
1519 2977 99 75 lower
1642 2977 93 75 eaflly
1759 2977 151 75 infinuate
1934 2977 187 75 themfelves
2145 2977 112 75 within

1229 3025 89 75 thofe
1335 3025 100 75 above
1452 3025 98 75 them.

2155 2999 5 104 ■
2185 2999 4 104 ■
2258 3007 9 49 i

2158 3060 97 75 They
