2428 3377
166 149 16 75 2
193 149 51 75 69

727 149 834 75 ANATOM
1677 149 52 75 Y.

2076 149 102 75 Part
2208 149 71 75 VL

163 217 53 75 are
232 217 32 75 in
281 217 74 75 pan'
371 217 120 75 lodged
516 217 32 75 in
573 217 55 75 the
644 217 137 75 veficula
796 217 99 75 fellis,
919 217 63 75 and
997 217 35 75 in
1048 217 72 75 part
1137 217 60 75 run

165 264 133 75 dire&ly
314 264 70 75 into
408 264 56 75 the
480 264 197 75 duodenum.

212 310 76 75 The
303 310 119 75 fpdeen,
447 310 176 75 omentum,
650 310 189 75 appendices
870 310 177 75 epiploicse,
1074 310 126 75 adipofe

165 358 96 75 ftrata
276 358 40 75 of
328 358 55 75 the
401 358 189 75 mefentery,
614 358 64 75 and
689 358 90 75 thofe
796 358 39 75 of
846 358 56 75 the
919 358 90 75 great
1024 358 174 75 inteftines,

165 405 63 75 and
248 405 78 75 even
342 405 56 75 the
415 405 163 75 pancreas,
605 405 79 75 with
702 405 57 75 the
776 405 105 75 whole
903 405 94 75 feries
1025 405 41 75 of
1084 405 114 75 glands

166 451 31 75 in
215 451 55 75 the
294 451 158 75 inteftinal
469 451 104 75 canal,
597 451 83 75 feem
695 451 36 75 to
749 451 181 75 contribute
947 451 36 75 to
1006 451 57 75 the
1080 451 120 75 forma-

169 497 67 75 tion
254 497 41 75 of
314 497 55 75 the
385 497 78 75 bile,
488 497 34 75 as
539 497 34 75 fo
590 497 96 75 many
696 497 162 75 auxiliary
873 497 37 75 or
927 497 109 75 rather
1052 497 149 75 prepara-

166 543 58 75 tof'
224 543 30 75 y'
254 543 131 75 organs.

781 543 5 75 '

213 591 77 75 The
308 591 149 75 vehicular
472 591 65 75 bile
553 591 131 75 appears
696 591 36 75 to
743 591 39 75 be
796 591 89 75 more
897 591 132 75 exalted
1041 591 78 75 than
1131 591 71 75 that

170 637 32 75 in
221 637 55 75 the
292 637 130 75 hepatic
437 637 75 75 du£t
521 637 8 75 ;
529 637 9 75 •
558 637 63 75 and
645 637 44 75 by
715 637 141 75 meeting
874 637 33 75 in
922 637 57 75 the
995 637 112 75 duitus
1125 637 77 75 cho-

167 683 163 75 lidochus,
354 683 80 75 they
450 683 83 75 feem
561 683 34 75 to
619 683 147 75 compofe
793 683 19 75 a
839 683 89 75 third
955 683 78 75 kind
1061 683 40 75 of
1123 683 77 75 bile,

168 730 106 75 which
291 730 138 75 without
444 730 56 75 the
523 730 97 75 cyftic
642 730 38 75 or
696 730 151 75 vehicular
861 730 66 75 bile
944 730 107 75 would
1067 730 135 75 perhaps

168 777 41 75 be
225 777 57 75 too
297 777 93 75 mild,
415 777 62 75 and
493 777 58 75 too
575 777 90 75 acrid
688 777 138 75 without
848 777 55 75 the
927 777 140 75 hepatic.
1115 777 87 75 This

172 824 64 75 bile
253 824 103 75 mixes
384 824 33 75 in
445 824 55 75 the
517 824 183 75 duodenum
723 824 80 75 with
820 824 55 75 the
903 824 180 75 pancreatic
1103 824 100 75 juice,

168 871 64 75 and
255 871 79 75 with
358 871 72 75 that
457 871 41 75 of
519 871 57 75 the
598 871 156 75 inteftinal
780 871 133 75 glands;
940 871 63 75 and
1025 871 85 75 from
1137 871 66 75 this

170 916 142 75 mixture
328 916 19 75 a
366 916 80 75 fluid
462 916 127 75 refults,
614 916 106 75 which
736 916 27 75 is
792 916 116 75 proper
936 916 35 75 to
987 916 143 75 feparate
1147 916 56 75 the

170 963 134 75 chylous
321 963 116 75 matter
459 963 85 75 from
560 963 56 75 the
635 963 88 75 grofs
741 963 62 75 and
820 963 113 75 uhelehs
950 963 71 75 part
1037 963 41 75 of
1097 963 55 75 the
1169 963 34 75 a-

169 1010 172 75 limentary
356 1010 89 75 pulp,
470 1010 34 75 as
523 1010 27 75 it
573 1010 107 75 comes
697 1010 88 75 from
800 1010 57 75 the
873 1010 154 75 ftomach.

330 1115 222 75 RENES
589 1115 32 75 &
656 1115 387 75 URETERES.

217 1194 85 75 The
321 1194 134 75 kidneys
472 1194 54 75 are
542 1194 68 75 two
637 1194 111 75 pretty
764 1194 93 75 folid,
882 1194 167 75 glandular
1074 1194 127 75 bodies,

167 1240 139 75 fltuated
322 1240 33 75 in
371 1240 55 75 the
442 1240 154 75 pofterior
615 1240 72 75 part
703 1240 41 75 of
754 1240 55 75 the
826 1240 107 75 cavity
961 1240 41 75 of
1023 1240 57 75 the
1103 1240 98 75 abdo-

172 1287 86 75 men,
284 1287 42 75 on
349 1287 79 75 each
444 1287 63 75 fide
523 1287 41 75 of
574 1287 56 75 the
646 1287 124 75 lumbar
789 1287 168 75 vertebrae,
983 1287 145 75 between
1145 1287 57 75 the

171 1333 57 75 iaft
245 1333 77 75 falhe
339 1333 64 75 ribs
421 1333 64 75 and
501 1333 48 75 ofl'
549 1333 17 75 a
581 1333 110 75 ileum.
739 1333 77 75 The
833 1333 85 75 right
934 1333 119 75 kidney
1068 1333 59 75 lies
1143 1333 60 75 un-

172 1380 57 75 der
246 1380 55 75 the
318 1380 89 75 great
427 1380 74 75 lobe
517 1380 40 75 of
568 1380 56 75 the
639 1380 93 75 liver,
758 1380 62 75 and
835 1380 27 75 is
879 1380 228 75 confequently
1122 1380 80 75 low-

172 1426 33 75 er
223 1426 77 75 than
317 1426 57 75 the
385 1426 80 75 deft,
491 1426 106 75 which
614 1426 58 75 lies
689 1426 101 75 under
808 1426 55 75 the
879 1426 118 75 fpleen.

219 1473 76 75 The
312 1473 100 75 figure
436 1473 41 75 of
499 1473 57 75 the
583 1473 135 75 kidneys
737 1473 168 75 refembles
921 1473 71 75 that
1008 1473 40 75 of
1071 1473 19 75 a
1116 1473 88 75 large

174 1519 93 75 bean,
293 1519 85 75 their
396 1519 246 75 circumference
660 1519 94 75 being
770 1519 125 75 convex
911 1519 41 75 on
969 1519 60 75 one
1046 1519 77 75 fide,
1141 1519 64 75 and

172 1566 138 75 concave
327 1566 42 75 on
385 1566 56 75 the
458 1566 106 75 other.
620 1566 78 75 The
725 1566 139 75 concave
886 1566 64 75 fide
973 1566 27 75 is
1026 1566 117 75 turned
1169 1566 36 75 to

170 1614 58 75 the
247 1614 168 75 vertebras,
441 1614 61 75 and
520 1614 55 75 the
591 1614 125 75 convex
732 1614 63 75 fide
819 1614 56 75 the
899 1614 139 75 oppofite
1061 1614 84 75 way.

221 1659 38 75 In
284 1659 80 75 each
391 1659 120 75 kidney
538 1659 50 75 we
616 1659 131 75 obferve
763 1659 19 75 a
798 1659 69 75 fore
884 1659 63 75 and
963 1659 82 75 back
1064 1659 76 75 fide,
1165 1659 40 75 an

173 1705 100 75 upper
290 1705 62 75 and
370 1705 100 75 lower
485 1705 188 75 extremity,
698 1705 19 75 a
733 1705 90 75 great
839 1705 63 75 and
921 1705 90 75 fmall
1024 1705 181 75 curvature,

172 1752 64 75 and
252 1752 19 75 a
286 1752 177 75 convexity
479 1752 62 75 and
558 1752 180 75 concavity.

218 1799 76 75 The
310 1799 161 75 back-fide
487 1799 28 75 is
531 1799 137 75 broader
684 1799 79 75 than
786 1799 55 75 the
864 1799 150 75 fore-fide
1027 1799 10 75 ;
1064 1799 61 75 and
1148 1799 58 75 the

173 1844 101 75 upper
290 1844 174 75 extremity
480 1844 27 75 is
525 1844 18 75 a
557 1844 84 75 little
658 1844 136 75 broader
822 1844 62 75 and
907 1844 89 75 more
1019 1844 187 75 incurvated

172 1891 80 75 than
263 1891 56 75 the
334 1891 113 75 lower.
494 1891 77 75 The
583 1891 172 75 depreffion
770 1891 34 75 in
822 1891 56 75 the
894 1891 90 75 fmall
998 1891 168 75 curvature
1178 1891 28 75 is

171 1938 121 75 oblong
304 1938 63 75 and
377 1938 135 75 uneven,
536 1938 189 75 refembfing
740 1938 19 75 a
770 1938 93 75 finus,
880 1938 198 75 furrounded
1093 1938 44 75 by
1159 1938 47 75 fe-

173 1984 92 75 veral
291 1984 181 75 tubercles;
499 1984 63 75 and
579 1984 33 75 as
632 1984 25 75 it
673 1984 27 75 is
724 1984 115 75 turned
856 1984 18 75 a
889 1984 85 75 little
1001 1984 126 75 toward
1150 1984 56 75 the

173 2031 164 75 fore-fide,
358 2031 64 75 this
438 2031 63 75 fide
516 2031 28 75 is
561 2031 179 75 fomething
756 2031 161 75 narrower
937 2031 76 75 than
1031 2031 54 75 the
1097 2031 107 75 other.

220 2077 77 75 The
312 2077 135 75 kidneys
464 2077 54 75 are
540 2077 197 75 furrounded
753 2077 44 75 by
814 2077 19 75 a
847 2077 79 75 very
944 2077 87 75 loofe
1048 2077 157 75 membra-

173 2123 81 75 nous
283 2123 63 75 and
372 2123 134 75 cellular
534 2123 162 75 covering,
721 2123 105 75 called
851 2123 187 75 membrana
1059 2123 145 75 udipofa,

173 2170 133 75 becaufe
317 2170 32 75 in
365 2170 50 75 fat
428 2170 131 75 perfons
574 2170 57 75 the
648 2170 76 75 cells
741 2170 40 75 of
799 2170 64 75 this
883 2170 158 75 fubftance
1054 2170 53 75 are
1118 2170 90 75 filled

176 2216 79 75 with
272 2216 60 75 fat.

222 2263 78 75 The
318 2263 116 75 proper
448 2263 74 75 coat
544 2263 38 75 or
596 2263 184 75 membrane
796 2263 41 75 of
851 2263 56 75 the
922 2263 135 75 kidneys
1075 2263 25 75 is
1118 2263 88 75 com-

176 2309 98 75 pofed
298 2309 40 75 of
347 2309 68 75 two
430 2309 137 75 laminae,
592 2309 144 75 between
753 2309 107 75 which
875 2309 92 75 there
982 2309 26 75 is
1030 2309 142 75 likewife
1188 2309 19 75 a

176 2355 78 75 very
271 2355 62 75 fine
350 2355 131 75 cellular
497 2355 174 75 fubftance,
696 2355 106 75 which
818 2355 74 75 may
908 2355 39 75 be
963 2355 93 75 made
1080 2355 127 75 fenfible

177 2403 46 75 by
237 2403 142 75 blowing
394 2403 140 75 through
553 2403 18 75 a
586 2403 73 75 pipe
675 2403 145 75 between
835 2403 57 75 the
915 2403 67 75 two
997 2403 137 75 laminae.

224 2449 77 75 The
317 2449 146 75 external
482 2449 116 75 lamina
614 2449 27 75 is
657 2449 80 75 very
752 2449 83 75 thin,
860 2449 64 75 and
939 2449 134 75 adheres
1089 2449 120 75 clofely

178 2494 37 75 to
238 2494 56 75 the
321 2494 136 75 internal
486 2494 129 75 lamina,
639 2494 45 75 by
706 2494 108 75 means
841 2494 41 75 of
899 2494 56 75 the
980 2494 131 75 cellular
1134 2494 73 75 fub-

179 2542 116 75 ftance.
342 2542 79 75 The
435 2542 137 75 internal
587 2542 117 75 lamina
719 2542 181 75 penetrates
911 2542 98 75 every
1024 2542 120 75 where,
1165 2542 44 75 by

179 2588 171 75 numerous
369 2588 210 75 elongations,
603 2588 69 75 into
687 2588 58 75 the
760 2588 161 75 fubftance
940 2588 40 75 of
997 2588 56 75 the
1076 2588 131 75 kidney,

178 2634 86 75 from
280 2634 107 75 which
408 2634 25 75 it
449 2634 117 75 cannot
588 2634 39 75 be
643 2634 165 75 feparated
823 2634 138 75 withsut
977 2634 136 75 tearing.

226 2682 77 75 The
325 2682 123 75 furface
467 2682 40 75 of
524 2682 56 75 the
595 2682 147 75 external
763 2682 119 75 lamina
907 2682 27 75 is
963 2682 79 75 very
1068 2682 139 75 fmooth,

177 2726 145 75 polifted
340 2726 63 75 and
414 2726 178 75 gliftening,
618 2726 62 75 and
696 2726 27 75 it
739 2726 129 75 renders
888 2726 55 75 the
965 2726 106 75 whole
1086 2726 123 75 furface

180 2773 40 75 of
236 2773 53 75 the
306 2773 119 75 kidney
440 2773 79 75 very
538 2773 79 75 even
634 2773 62 75 and
711 2773 153 75 uniform.

226 2820 78 75 The
319 2820 224 75 blood-veflels
558 2820 119 75 having
692 2820 133 75 entered
840 2820 57 75 the
913 2820 147 75 kidneys,
1085 2820 54 75 are
1156 2820 50 75 ra-

179 2867 109 75 mified
303 2867 97 75 every
415 2867 73 75 way
497 2867 11 75 ;
534 2867 162 75 andthefe
713 2867 226 75 ramifications
955 2867 77 75 fend
1047 2867 57 75 out
1115 2867 95 75 other

181 2912 152 75 capillary
361 2912 94 75 rami,
479 2912 107 75 which
613 2912 42 75 go
677 2912 44 75 all
748 2912 56 75 the
831 2912 73 75 way
925 2912 37 75 to
989 2912 55 75 the
1071 2912 135 75 furface,

177 2959 110 75 where
313 2959 80 75 they
416 2959 115 75 appear
555 2959 67 75 like
647 2959 157 75 irregular
824 2959 90 75 ftars,
939 2959 63 75 and
1016 2959 119 75 furnift
1152 2959 56 75 the

179 3004 117 75 proper
312 3004 181 75 membrane
509 3004 41 75 of
562 3004 54 75 the
632 3004 149 75 kidneys.

1293 217 78 75 The
1397 217 117 75 proper
1538 217 183 75 membrane
1736 217 120 75 having
1872 217 198 75 furrounded
2093 217 55 75 the
2166 217 118 75 kidney

1248 264 42 75 all
1308 264 56 75 the
1376 264 72 75 way
1457 264 35 75 to
1504 264 56 75 the
1572 264 94 75 firms,
1680 264 87 75 joins
1779 264 56 75 the
1847 264 111 75 veftels
1972 264 33 75 at
2017 264 72 75 that
2101 264 103 75 place,
2222 264 64 75 and

1249 310 216 75 accompanies
1483 310 43 75 all
1544 310 85 75 their
1649 310 226 75 ramifications
1893 310 142 75 through
2061 310 56 75 the
2141 310 89 75 body
2251 310 40 75 of

1248 356 56 75 the
1320 356 133 75 kidney,
1480 356 33 75 in
1529 356 85 75 form
1630 356 41 75 of
1682 356 20 75 a
1716 356 115 75 vagina
1846 356 37 75 or
1902 356 139 75 capfula.

1296 404 67 75 We
1374 404 75 75 may
1460 404 180 75 diftinguift
1654 404 92 75 three
1758 404 93 75 kinds
1865 404 39 75 of
1912 404 178 75 fubftances
2101 404 33 75 iri
2146 404 56 75 the
2214 404 72 75 kid-

1250 451 81 75 ney;
1359 451 39 75 an
1413 451 146 75 exterior
1575 451 174 75 fubftance,
1776 451 105 75 which
1905 451 27 75 is
1955 451 104 75 thick,
2084 451 202 75 granulated,

1252 497 62 75 and
1330 497 33 75 in
1381 497 18 75 a
1415 497 130 75 manner
1569 497 157 75 cortical;
1753 497 19 75 a
1788 497 121 75 middle
1937 497 174 75 fubftance,
2135 497 107 75 which
2259 497 28 75 is

1251 542 181 75 medullary
1451 542 63 75 and
1529 542 160 75 radiated,
1707 542 104 75 called
1816 542 140 75 Jiriata,
1971 542 149 75 fulcata,
2137 542 38 75 or
2192 542 95 75 tubu-

1253 591 96 75 laris,
1374 591 133 75 becaufe
1523 591 26 75 it
1565 591 99 75 feems
1681 591 36 75 to
1733 591 40 75 be
1790 591 92 75 made
1897 591 43 75 up
1958 591 39 75 of
2012 591 145 75 radiated
2169 591 92 75 tubes
2273 591 11 75 ;

1253 637 63 75 and
1332 637 38 75 an
1387 637 91 75 inner
1494 637 173 75 fubftance,
1693 637 106 75 which
1814 637 28 75 is
1866 637 77 75 only
1967 637 19 75 a
2005 637 217 75 continuation
2251 637 40 75 of

1254 683 54 75 the
1324 683 127 75 fecond,
1477 683 63 75 and
1555 683 186 75 terminates
1760 683 41 75 on
1818 683 57 75 the
1895 683 98 75 infide
2014 683 44 75 by
2073 683 136 75 papilla,
2235 683 52 75 for

1253 730 106 75 which
1375 730 110 75 reafon
1501 730 27 75 it
1546 730 27 75 is
1593 730 104 75 called
1707 730 195 75 papillaris.

1300 777 77 75 The
1395 777 136 75 papill®,
1555 777 106 75 which
1680 777 53 75 are
1745 777 77 75 only
1835 777 18 75 a
1869 777 220 75 continuation
2102 777 40 75 of
2149 777 56 75 the
2221 777 67 75 me-

1253 823 127 75 dullary
1402 823 174 75 fubftance,
1602 823 53 75 are
1677 823 90 75 often
1792 823 18 75 a
1826 823 86 75 little
1928 823 88 75 paler
2033 823 78 75 than
2127 823 71 75 that
2214 823 74 75 fub-

1254 871 115 75 ftance.
1419 871 101 75 They
1540 871 54 75 are
1617 871 55 75 ten
1699 871 37 75 or
1760 871 115 75 twelve
1902 871 33 75 in
1960 871 146 75 number,
2132 871 78 75 very
2236 871 51 75 di-

1252 917 89 75 ftind
1357 917 85 75 from
1458 917 79 75 each
1554 917 106 75 other,
1686 917 189 75 refembling
1901 917 56 75 the
1984 917 84 75 fame
2091 917 134 75 number
2251 917 42 75 of

1253 963 107 75 cones,
1385 963 79 75 with
1481 963 78 75 very
1578 963 102 75 broad
1695 963 88 75 bafes
1801 963 62 75 and
1878 963 112 75 obtufe
2007 963 118 75 apices.

1300 1010 48 75 At
1364 1010 55 75 the
1446 1010 91 75 point
1552 1010 40 75 of
1611 1010 78 75 each
1712 1010 119 75 papilla
1851 1010 49 75 we
1922 1010 62 75 fee,
2010 1010 79 75 even
2113 1010 137 75 without
2267 1010 19 75 a

1253 1056 208 75 microfcope,
1494 1056 33 75 in
1563 1056 18 75 a
1608 1056 90 75 fmall
1725 1056 186 75 depreffion,
1945 1056 120 75 feveral
2092 1056 79 75 very
2196 1056 89 75 fmall

1252 1104 105 75 holes,
1382 1104 141 75 through
1540 1104 106 75 which
1669 1104 85 75 little
1781 1104 96 75 drops
1906 1104 72 75 may
1999 1104 40 75 be
2064 1104 167 75 perceived
2251 1104 35 75 to

1253 1150 58 75 run
1333 1150 94 75 when
1451 1150 57 75 the
1536 1150 122 75 papill®
1676 1150 54 75 are
1746 1150 206 75 comprelfed.
1999 1150 109 75 Thefe
2131 1150 53 75 are
2200 1150 87 75 little

1250 1196 97 75 drops
1364 1196 41 75 of
1414 1196 104 75 urine,
1536 1196 105 75 which
1658 1196 95 75 being
1768 1196 154 75 filtrated,
1945 1196 107 75 partly
2066 1196 34 75 in
2115 1196 56 75 the
2188 1196 98 75 corti-

1251 1243 61 75 cal,
1337 1243 108 75 partly
1463 1243 37 75 in
1517 1243 55 75 the
1588 1243 180 75 medullary
1783 1243 38 75 or
1836 1243 128 75 tubular
1979 1243 172 75 fubftance,
2175 1243 44 75 do
2236 1243 48 75 af-

1251 1288 153 75 terwards
1419 1288 71 75 pafs
1506 1288 140 75 through
1669 1288 57 75 the
1748 1288 162 75 fubftance
1926 1288 40 75 of
1985 1288 57 75 the
2058 1288 136 75 papill®,
2220 1288 65 75 and

1253 1335 54 75 are
1323 1335 189 75 difcharged
1527 1335 44 75 by
1586 1335 87 75 thefe
1696 1335 138 75 orifices.

1299 1381 92 75 Each
1417 1381 119 75 papilla
1558 1381 59 75 lies
1635 1381 31 75 in
1695 1381 19 75 a
1728 1381 79 75 kind
1829 1381 41 75 of
1888 1381 222 75 membranous
2138 1381 86 75 calix
2247 1381 39 75 or

1251 1429 249 75 infundibulum,
1525 1429 105 75 which
1648 1429 98 75 opens
1763 1429 69 75 into
1843 1429 19 75 a
1877 1429 149 75 common
2048 1429 108 75 cavity
2179 1429 106 75 called

1252 1475 56 75 the
1335 1475 115 75 pelvis.
1496 1475 88 75 This
1609 1475 100 75 pelvis
1732 1475 26 75 is
1785 1475 236 75 membranous,
2046 1475 94 75 being
2168 1475 41 75 of
2228 1475 57 75 the

1253 1521 84 75 fame
1349 1521 156 75 ftrudhire
1516 1521 80 75 with
1608 1521 56 75 the
1675 1521 127 75 calices,
1826 1521 41 75 of
1885 1521 106 75 which
2007 1521 26 75 it
2050 1521 27 75 is
2090 1521 19 75 a
2119 1521 166 75 continua-

1254 1567 68 75 tion
1333 1567 10 75 ;
1370 1567 63 75 and
1448 1567 41 75 its
1513 1567 106 75 cavity
1645 1567 33 75 in
1702 1567 72 75 man
1800 1567 28 75 is
1846 1567 57 75 not
1926 1567 152 75 uniform,
2103 1567 57 75 but
2177 1567 108 75 diftin-

1254 1615 131 75 guifted
1409 1615 69 75 into
1502 1615 90 75 three
1619 1615 157 75 portions,
1807 1615 77 75 each
1910 1615 39 75 of
1968 1615 106 75 which
2099 1615 142 75 contains
2266 1615 18 75 a

1255 1662 119 75 certain
1390 1662 134 75 number
1539 1662 41 75 of
1597 1662 200 75 infundibula
1813 1662 37 75 or
1877 1662 128 75 calices,
2029 1662 148 75 together
2204 1662 79 75 with

1254 1708 56 75 the
1326 1708 124 75 papill®
1466 1708 104 75 which
1588 1708 40 75 lie
1646 1708 137 75 therein.

1303 1755 48 75 At
1374 1755 56 75 the
1455 1755 90 75 place
1573 1755 108 75 where
1713 1755 89 75 thefe
1826 1755 202 75 infundibula
2046 1755 156 75 furround
2229 1755 56 75 the

1254 1801 88 75 bafes
1354 1801 41 75 of
1413 1801 56 75 the
1479 1801 137 75 papill®,
1640 1801 80 75 they
1735 1801 78 75 fend
1831 1801 30 75 pi
1869 1801 165 75 oduftions
2050 1801 69 75 into
2146 1801 56 75 the
2218 1801 66 75 me-

1255 1847 127 75 dullary
1397 1847 38 75 or
1451 1847 145 75 radiated
1622 1847 160 75 fubftance
1809 1847 41 75 of
1866 1847 56 75 the
1941 1847 132 75 kidney,
2098 1847 107 75 which
2232 1847 52 75 ac-

1256 1893 155 75 company
1435 1893 56 75 the
1515 1893 238 75 blood-veflels,
1779 1893 62 75 and
1856 1893 88 75 ferve
1959 1893 53 75 for
2029 1893 130 75 capful®
2176 1893 38 75 or
2229 1893 53 75 va-

1255 1939 79 75 gin®
1352 1939 35 75 to
1404 1939 43 75 all
1463 1939 55 75 the
1534 1939 154 75 vafcular'
1699 1939 125 75 arches,
1848 1939 80 75 both
1944 1939 128 75 arterial
2100 1939 62 75 and
2177 1939 105 75 venal,

1255 1985 67 75 and
1338 1985 36 75 to
1397 1985 85 75 their
1508 1985 150 75 different
1679 1985 240 75 ramifications,
1950 1985 90 75 quite
2063 1985 139 75 through
2227 1985 57 75 the

1254 2032 131 75 cortical
1401 2032 173 75 fubftance,
1591 2032 61 75 and
1665 2032 34 75 as
1715 2032 51 75 far
1781 2032 33 75 as
1827 2032 56 75 the
1899 2032 124 75 furface
2032 2032 40 75 of
2079 2032 55 75 the
2149 2032 133 75 kidney.

1302 2078 99 75 After
1416 2078 55 75 the
1485 2078 203 75 infundibula
1701 2078 81 75 have
1798 2078 183 75 contracted
1992 2078 32 75 in
2037 2078 18 75 a
2066 2078 122 75 conical
2199 2078 86 75 form

1256 2125 103 75 round
1380 2125 56 75 the
1453 2125 104 75 apices
1581 2125 40 75 of
1634 2125 55 75 the
1717 2125 137 75 papill®,
1879 2125 77 75 each
1986 2125 39 75 of
2044 2125 90 75 them
2150 2125 100 75 forms
2267 2125 18 75 a

1255 2173 88 75 fmall
1361 2173 86 75 ftort
1458 2173 76 75 tube
1551 2173 37 75 or
1604 2173 114 75 gullet,
1743 2173 119 75 which,
1875 2173 124 75 uniting
2008 2173 32 75 at
2055 2173 151 75 different
2222 2173 63 75 dif-

1255 2219 108 75 tances
1376 2219 96 75 along
1488 2219 56 75 the
1559 2219 128 75 bottom
1699 2219 38 75 of
1750 2219 55 75 the
1821 2219 81 75 finus
1919 2219 40 75 of
1981 2219 55 75 the
2052 2219 131 75 kidney,
2200 2219 85 75 form

1256 2266 91 75 three
1366 2266 88 75 large
1475 2266 104 75 tubes,
1601 2266 106 75 which
1727 2266 43 75 go
1790 2266 57 75 out
1866 2266 84 75 from
1970 2266 56 75 the
2040 2266 80 75 finus
2145 2266 32 75 in
2194 2266 39 75 an
2249 2266 21 75 o
2280 2266 6 75 -

1255 2312 110 75 blique
1382 2312 154 75 direction
1558 2312 85 75 from
1656 2312 100 75 above
1772 2312 213 75 downwards,
2010 2312 62 75 and
2087 2312 198 75 immediate-

1255 2359 36 75 ly
1308 2359 187 75 afterwards
1511 2359 89 75 unite
1614 2359 69 75 into
1699 2359 61 75 one
1772 2359 108 75 trunk.

1303 2405 85 75 This
1404 2405 98 75 trunk
1517 2405 147 75 becomes
1682 2405 18 75 a
1711 2405 78 75 very
1805 2405 77 75 long
1899 2405 102 75 canal,
2026 2405 104 75 called
2146 2405 55 75 the
2213 2405 72 75 ure-

1255 2452 62 75 ter.
1366 2452 40 75 In
1421 2452 73 75 men
1510 2452 56 75 the
1579 2452 91 75 three
1687 2452 90 75 tubes
1793 2452 113 75 fupply
1918 2452 56 75 the
1989 2452 90 75 place
2096 2452 41 75 of
2154 2452 87 75 what
2258 2452 27 75 is

1258 2499 103 75 called
1384 2499 55 75 the
1454 2499 99 75 pelvis
1578 2499 33 75 in
1626 2499 122 75 brutes,
1773 2499 63 75 and
1851 2499 105 75 might
1979 2499 149 75 properly
2152 2499 40 75 be
2207 2499 79 75 call-

1258 2545 40 75 ed
1314 2545 56 75 the
1387 2545 89 75 roots
1493 2545 36 75 or
1546 2545 154 75 branches
1718 2545 40 75 of
1776 2545 56 75 the
1853 2545 124 75 ureters
2001 2545 76 75 than
2094 2545 55 75 the
2173 2545 113 75 pelvis.

1256 2592 77 75 The
1349 2592 123 75 ureters
1489 2592 52 75 are
1554 2592 182 75 commonly
1760 2592 66 75 two
1844 2592 32 75 in
1893 2592 144 75 number,
2062 2592 61 75 one
2138 2592 53 75 for
2207 2592 79 75 each

1258 2639 131 75 kidney.

1303 2685 77 75 The
1406 2685 146 75 fimatron
1584 2685 42 75 of
1654 2685 55 75 the
1740 2685 110 75 trunk,
1875 2685 63 75 and
1965 2685 40 75 of
2024 2685 55 75 the
2106 2685 90 75 roots
2223 2685 62 75 and

1256 2731 153 75 branches
1425 2731 41 75 of
1485 2731 77 75 each
1577 2731 122 75 ureter,
1723 2731 80 75 with
1819 2731 118 75 refpeCt
1953 2731 35 75 to
2004 2731 55 75 the
2075 2731 88 75 renal
2179 2731 108 75 artery

1257 2778 61 75 and
1334 2778 84 75 vein,
1442 2778 27 75 is
1486 2778 32 75 in
1536 2778 55 75 the
1611 2778 167 75 following
1804 2778 147 75 manner:
1978 2778 77 75 The
2083 2778 107 75 artery
2208 2778 27 75 is
2252 2778 33 75 in

1257 2824 55 75 the
1328 2824 99 75 upper
1443 2824 71 75 part
1531 2824 41 75 of
1589 2824 55 75 the
1660 2824 93 75 finus,
1779 2824 63 75 and
1863 2824 105 75 partly
1991 2824 111 75 before
2122 2824 54 75 the
2198 2824 87 75 vein.

1256 2871 76 75 The
1347 2871 73 75 vein
1443 2871 27 75 is
1495 2871 98 75 about
1617 2871 55 75 the
1693 2871 132 75 middle,
1851 2871 62 75 and
1933 2871 144 75 between
2101 2871 55 75 the
2178 2871 108 75 artery

1258 2918 62 75 and
1337 2918 121 75 ureter.
1505 2918 77 75 The
1597 2918 107 75 ureter
1719 2918 26 75 is
1762 2918 31 75 in
1812 2918 55 75 the
1879 2918 98 75 lower
1994 2918 84 75 part,
2104 2918 18 75 a
2137 2918 84 75 little
2229 2918 56 75 be-

1257 2964 78 75 hind
1350 2964 56 75 the
1420 2964 85 75 vein,
1530 2964 67 75 and
1609 2964 26 75 k
1652 2964 26 75 is
1695 2964 105 75 partly
1812 2964 197 75 furrounded
2029 2964 44 75 by
2088 2964 61 75 one
2164 2964 120 75 branch

1257 3011 40 75 of
1315 3011 56 75 the
1383 3011 120 75 artery.

2187 3050 96 75 From
