2498 3377
193 154 98 75 Fart
312 154 72 75 VT.

738 154 45 75 A
898 154 43 75 N
1058 154 43 75 A
1214 154 28 75 1

192 220 87 75 Tome
304 220 39 75 of
361 220 89 75 them
474 220 42 75 lie
539 220 79 75 very
641 220 76 75 near
738 220 60 75 the
813 220 78 75 fldn,
917 220 63 75 and
994 220 57 75 the
1074 220 61 75 reft
1156 220 34 75 at
1210 220 19 75 a

195 266 127 75 greater
339 266 138 75 diftance
492 266 85 75 from
592 266 39 75 it.

240 313 50 75 As
303 313 88 75 thefe
407 313 175 75 lymphatic
597 313 112 75 glands
725 313 95 75 differ
836 313 89 75 more
936 313 31 75 in
985 313 146 75 fituation
1147 313 78 75 than

193 359 31 75 in
240 359 63 75 fize
319 359 38 75 or
373 359 111 75 figure,
509 359 78 75 they
603 359 52 75 are
672 359 181 75 commonly
869 359 206 75 enumerated
1090 359 64 75 and
1168 359 57 75 de-

193 406 184 75 nominated
392 406 84 75 from
494 406 55 75 the
566 406 106 75 places
689 406 107 75 where
812 406 78 75 they
905 406 65 75 lie;
1003 406 29 75 e.
1050 406 40 75 g.

335 453 171 75 Glandular
524 453 161 75 parotides
701 453 215 75 lymphaticae,

333 501 173 75 Glandulse
523 501 183 75 maxillares
722 501 216 75 lymphaticse,

332 545 172 75 Glandule
522 545 177 75 jugulares,
725 545 64 75 &c.

239 593 76 75 The
332 593 174 75 lymphatic
528 593 110 75 veffels
660 593 85 75 were
767 593 183 75 difcovered
972 593 89 75 more
1082 593 78 75 than
1184 593 40 75 an

187 612 5 104 ■
192 638 148 75 hundred
363 638 187 75 years.ago.
598 638 69 75 But
694 638 85 75 their
801 638 113 75 nature
939 638 62 75 and
1017 638 104 75 origin
1137 638 87 75 were

191 686 59 75 not
266 686 191 75 underflood
472 686 51 75 till
547 686 54 75 Dr
623 686 187 75 Alexander
834 686 135 75 Monro,
994 686 124 75 prefent
1139 686 84 75 Pro-

189 731 98 75 feffor
303 731 40 75 of
362 731 166 75 Anatofhy
544 731 33 75 in
601 731 56 75 the
677 731 184 75 Univerfity
877 731 40 75 of
935 731 204 75 Edinburgh,
1164 731 58 75 pu-

193 779 120 75 blifhed
329 779 49 75 his
394 779 139 75 treatife,
560 779 56 75 De
630 779 99 75 Venis
747 779 216 75 Lymphaticis
979 779 192 75 Valvulofis,
1188 779 33 75 in

192 826 56 75 the
263 826 77 75 year
355 826 102 75 1757.
506 826 39 75 In
561 826 63 75 this
641 826 126 75 treatife
783 826 63 75 the.
861 826 126 75 Dodtor
1006 826 59 75 has
1087 826 134 75 pioved,

188 872 45 75 by
245 872 95 75 many
351 872 145 75 accurate
505 872 228 75 experiments.
749 872 93 75 That
854 872 56 75 the
926 872 175 75 lymphatic
1113 872 108 75 veflels

193 918 53 75 are
263 918 19 75 a
297 918 109 75 fyftem
424 918 41 75 of
484 918 203 75 abforbents:
714 918 92 75 That
824 918 78 75 they
914 918 53 75 are
984 918 56 75 not
1056 918 166 75 continua-

190 965 83 75 tions
286 965 40 75 of
344 965 56 75 the
416 965 131 75 arteries
563 965 38 75 or
612 965 88 75 veins
713 965 10 75 ;
749 965 58 75 but
823 965 71 75 that
906 965 78 75 they
999 965 54 75 are
1070 965 18 75 a
1098 965 125 75 diftindl

189 1012 111 75 fyflem
317 1012 41 75 of
377 1012 121 75 veffels,
523 1012 140 75 deftined
680 1012 52 75 for
747 1012 168 75 abforbing
928 1012 18 75 a
963 1012 135 75 pellucid
1114 1012 108 75 liquor

188 1057 104 75 called
307 1057 115 75 lymph,
447 1057 86 75 from
548 1057 56 75 the
616 1057 150 75 different
778 1057 128 75 cavities
913 1057 46 75 .of
969 1057 56 75 the
1037 1057 99 75 body,
1154 1057 65 75 be.

188 1104 64 75 and
269 1104 52 75 for
336 1104 214 75 tranfmitting
566 1104 26 75 it
608 1104 36 75 to
659 1104 57 75 the
740 1104 112 75 blood,
876 1104 45 75 by
946 1104 55 75 the
1024 1104 197 75 contradlion

485 1265 740 75 EXPLANATION

190 1389 152 75 Figure
371 1389 32 75 x.
460 1389 114 75 Shews
605 1389 56 75 the
687 1389 177 75 lachrymal
892 1389 120 75 canals,
1047 1389 83 75 after
1160 1389 55 75 the

237 1435 145 75 common
398 1435 180 75 teguments
596 1435 63 75 and
673 1435 99 75 bones
787 1435 82 75 have
885 1435 80 75 been
982 1435 55 75 cut
1057 1435 101 75 away.

190 1510 30 75 a.
244 1510 77 75 The
336 1510 174 75 lachrymal
527 1510 109 75 gland,
684 1510 34 75 h,
742 1510 76 75 The
831 1510 66 75 two
912 1510 113 75 pundta
1039 1510 177 75 lachryma-

236 1556 55 75 lia,
315 1556 86 75 from
417 1556 106 75 which
546 1556 55 75 the
624 1556 65 75 two
704 1556 174 75 lachrymal
903 1556 105 75 canals
1031 1556 137 75 pnoceed
1182 1556 37 75 to

238 1602 28 75 c,
295 1602 57 75 the
371 1602 174 75 lachrymal
569 1602 63 75 fac.
681 1602 34 75 d,
743 1602 76 75 The
836 1602 87 75 large
938 1602 175 75 hchrymal
1131 1602 86 75 du<ft.

237 1650 30 75 e.
291 1650 48 75 Its
364 1650 136 75 opening
524 1650 69 75 into
620 1650 55 75 the
703 1650 86 75 nofe.
837 1650 26 75 f,
887 1650 76 75 The
987 1650 168 75 caruncula
1170 1650 46 75 la-

237 1696 182 75 chrymalis.
467 1696 33 75 g,
525 1696 78 75 The
618 1696 59 75 eye
692 1696 80 75 ball.

191 1801 87 75 Fig.
305 1801 34 75 2.
387 1801 55 75 An
470 1801 138 75 anterior
626 1801 83 75 view
735 1801 42 75 of
794 1801 55 75 the
874 1801 88 75 coats
982 1801 62 75 and
1066 1801 152 75 humours

600 1843 40 75 of
656 1843 56 75 the
735 1843 71 75 eye.

189 1915 17 75 a
221 1915 18 75 a
256 1915 17 75 a
290 1915 29 75 a,
344 1915 77 75 The
448 1915 108 75 tunica
578 1915 168 75 fclerotica
770 1915 54 75 cut
849 1915 31 75 in
909 1915 74 75 four
1007 1915 120 75 angles,
1153 1915 62 75 and

234 1961 114 75 turned
363 1961 94 75 back,
506 1961 21 75 b
544 1961 20 75 b
579 1961 22 75 b
618 1961 32 75 b.
667 1961 77 75 The
756 1961 106 75 tunica
878 1961 169 75 choroides
1061 1961 153 75 adhering

234 2008 35 75 to
285 2008 56 75 the
358 2008 97 75 infide
479 2008 40 75 of
538 2008 57 75 the
621 2008 176 75 fclerotica,
823 2008 63 75 and
902 2008 55 75 the
974 2008 112 75 ciliary
1098 2008 115 75 vefiels

229 2055 58 75 are
310 2055 69 75 feen
396 2055 116 75 paffing
528 2055 82 75 over'
610 2055 60 75 —c
693 2055 30 75 c,
748 2055 76 75 The
840 2055 114 75 retina,
978 2055 107 75 which
1101 2055 112 75 covers

234 2101 56 75 the
324 2101 142 75 vitreous
497 2101 148 75 humour.
706 2101 22 75 d
744 2101 33 75 d,
802 2101 78 75 The
904 2101 111 75 ciliary
1044 2101 168 75 proceffes,

236 2147 104 75 which
358 2147 84 75 were
455 2147 171 75 continued
636 2147 84 75 from
732 2147 55 75 the
804 2147 230 75 choroid.coat.
1061 2147 17 75 e
1089 2147 31 75 e.
1136 2147 77 75 The

234 2194 68 75 iris,
350 2194 27 75 f,
401 2194 77 75 The
494 2194 100 75 pupil.

188 2296 88 75 Fig.
296 2296 33 75 3.
366 2296 113 75 Shews
496 2296 54 75 the
566 2296 86 75 optic
663 2296 124 75 nerves,
806 2296 61 75 and
879 2296 133 75 mufcles
1024 2296 40 75 of
1074 2296 55 75 the
1140 2296 71 75 eye.

187 2368 19 75 a
224 2368 31 75 a.
276 2368 79 75 The
372 2368 65 75 two
460 2368 90 75 optic
572 2368 112 75 nerves
708 2368 111 75 before
843 2368 77 75 they
934 2368 97 75 meet,
1079 2368 33 75 b,
1137 2368 76 75 The

235 2413 65 75 two
318 2413 88 75 optic
421 2413 112 75 nerves
549 2413 183 75 conjoined,
763 2413 33 75 c,
812 2413 76 75 The
904 2413 87 75 fight
1002 2413 87 75 optic
1104 2413 108 75 nerve.

233 2463 33 75 d,
293 2463 167 75 Mufculus
478 2463 149 75 attollens
646 2463 155 75 palpebrae
813 2463 181 75 fuperioris.
1042 2463 32 75 e,
1099 2463 112 75 Attol-

232 2507 82 75 lens'
314 2507 103 75 oculi.
465 2507 26 75 f,
509 2507 180 75 Abdudlor.
737 2507 22 75 g
775 2507 33 75 g,
825 2507 161 75 Obliquus
1003 2507 152 75 fuperior,
1173 2507 38 75 or

232 2554 203 75 trochlearis.
483 2554 35 75 h,
543 2554 181 75 Addudtor.
772 2554 23 75 i.
819 2554 77 75 The
914 2554 152 75 eye-ball.

271 2655 88 75 Fig.
386 2655 35 75 4.
470 2655 112 75 Shews
598 2655 55 75 the
669 2655 139 75 eye-ball
824 2655 78 75 with
918 2655 42 75 its
977 2655 145 75 mufcles.

180 2720 35 75 a,
239 2720 77 75 The
336 2720 86 75 optic
438 2720 108 75 nerve,
595 2720 32 75 b,
653 2720 166 75 Mufculus
836 2720 199 75 trochlearis.
1084 2720 30 75 c,
1130 2720 80 75 Part

232 2766 40 75 of
283 2766 55 75 the
354 2766 36 75 os
409 2766 128 75 frontis,
562 2766 35 75 to
613 2766 103 75 which
744 2766 55 75 the
820 2766 143 75 trochlea
986 2766 38 75 or
1050 2766 108 75 pulley
1181 2766 27 75 is

232 2814 99 75 fixed,
364 2814 140 75 through
526 2814 214 75 which,—d.
764 2814 75 75 The
864 2814 117 75 tendon
1006 2814 40 75 of
1061 2814 55 75 the
1141 2814 67 75 tro-

232 2859 133 75 chlearis
388 2859 111 75 paffes.
547 2859 30 75 e,
602 2859 165 75 Attollens
783 2859 96 75 qculi.
930 2859 23 75 f,
981 2859 165 75 Addudtor
1172 2859 36 75 o-

232 2903 76 75 culi.
372 2903 48 75 g,’
441 2903 176 75 Abduftor
638 2903 96 75 oculi,
801 2903 35 75 h,
869 2903 161 75 Obliquus
1063 2903 144 75 inferior,

232 2953 24 75 i,
281 2953 78 75 Part
383 2953 39 75 of
436 2953 61 75 riie
516 2953 140 75 fupepior
672 2953 169 75 maxillary
858 2953 82 75 bone
960 2953 34 75 to
1017 2953 105 75 which
1139 2953 26 75 it
1181 2953 26 75 is

232 2998 100 75 fixed,
380 2998 34 75 k.
437 2998 77 75 The
534 2998 152 75 eye-ball.

280 3046 98 75 Vol.
404 3046 30 75 I.
482 3046 71 75 No.
583 3046 54 75 13.

1370 155 47 75 O-
1528 155 48 75 M
1693 155 54 75 Y.

2225 155 82 75 309

1276 217 41 75 of
1327 217 84 75 their
1422 217 101 75 coats,
1539 217 64 75 and
1618 217 57 75 the
1691 217 137 75 preffure
1844 217 40 75 of
1894 217 56 75 the
1960 217 233 75 neighbouring
2205 217 101 75 parts.

1322 264 128 75 Befides
1477 264 88 75 thefe
1597 264 109 75 veffels
1737 264 106 75 which
1876 264 193 75 accompany
2096 264 56 75 the
2178 264 125 75 glands,

1274 310 90 75 there
1381 310 53 75 are
1450 310 109 75 others
1576 310 40 75 of
1633 310 56 75 the
1701 310 83 75 fame
1800 310 153 75 ftrudture
1968 310 100 75 found
2088 310 41 75 on
2147 310 55 75 the
2218 310 86 75 feve-

1273 356 46 75 ral
1337 356 129 75 vifeera,
1484 356 107 75 where
1608 356 41 75 no
1661 356 177 75 lymphatic
1848 356 111 75 glands
1972 356 81 75 have
2063 356 146 75 hitherto
2224 356 80 75 been

1272 404 196 75 difcovered.
1516 404 68 75 We
1607 404 83 75 meet
1706 404 79 75 with
1802 404 88 75 them
1906 404 33 75 in
1956 404 77 75 very
2049 404 90 75 great
2155 404 149 75 numbers

1271 450 31 75 in
1315 450 55 75 the
1386 450 145 75 external
1549 450 181 75 membrane
1746 450 41 75 of
1805 450 55 75 the
1875 450 94 75 liver,
1995 450 62 75 and
2072 450 33 75 in
2122 450 55 75 the
2197 450 106 75 dupli-

1270 498 108 75 cature
1389 498 42 75 of
1441 498 55 75 the
1508 498 142 75 fuperior
1661 498 220 75 membranous
1893 498 153 75 ligament
2058 498 40 75 of
2110 498 63 75 this
2186 498 115 75 vifeus.

1317 544 149 75 Another
1490 544 65 75 fort
1583 544 41 75 of
1650 544 109 75 veffels
1783 544 125 75 termed
1932 544 198 75 lyjnphatics,
2165 544 53 75 are
2246 544 57 75 the

1271 590 89 75 fmall
1388 590 130 75 arteries
1546 590 63 75 and
1634 590 100 75 veins,
1765 590 119 75 which,
1915 590 32 75 in
1975 590 57 75 the
2059 590 124 75 natural
2211 590 90 75 (late,

1271 637 144 75 tranfmit
1437 637 79 75 only
1530 637 56 75 the
1601 637 106 75 ferous
1725 637 71 75 part
1818 637 42 75 of
1878 637 54 75 the
1947 637 114 75 blood.
2108 637 109 75 Thefe
2234 637 67 75 vef-

1271 684 60 75 fels
1353 684 97 75 differ
1466 684 84 75 from
1566 684 55 75 the
1637 684 168 75 abforbent
1820 684 190 75 lymphatics
2027 684 32 75 in
2072 684 55 75 the
2143 684 159 75 fmallnefs

1271 729 40 75 of
1329 729 84 75 their
1436 729 168 75 diameter,
1624 729 67 75 and
1714 729 32 75 in
1769 729 85 75 their
1880 729 152 75 llrudlure
2056 729 62 75 and
2139 729 160 75 fituation.

1270 777 58 75 All
1345 777 88 75 thefe
1447 777 85 75 little
1546 777 134 75 arteries
1697 777 63 75 and
1775 777 87 75 veins
1874 777 55 75 are
1945 777 152 75 uniform,
2121 777 181 75 extremely

1269 824 145 75 narrow;
1433 824 62 75 and
1511 824 124 75 though
1647 824 84 75 their
1746 824 79 75 fides
1841 824 53 75 are
1910 824 56 75 not
1983 824 127 75 thinner
2122 824 77 75 than
2212 824 90 75 thofe

1269 869 41 75 of
1327 869 55 75 the
1397 869 144 75 valvular
1551 869 203 75 lymphatics,
1779 869 54 75 yet
1849 869 84 75 their
1948 869 171 75 diameters
2135 869 54 75 are
2205 869 96 75 gene-

1270 916 82 75 rally
1366 916 73 75 lefs.
1487 916 77 75 The
1576 916 93 75 other
1679 916 190 75 lymphatics
1886 916 54 75 are
1956 916 59 75 full
2033 916 41 75 of
2094 916 116 75 valves,
2237 916 64 75 and

1270 963 78 75 very
1366 963 82 75 thin,
1473 963 59 75 but
1551 963 78 75 they
1648 963 54 75 are
1719 963 57 75 not
1792 963 125 75 narrow
1928 963 31 75 in
1976 963 200 75 proportion.
2223 963 78 75 The

1270 1010 128 75 arterial
1423 1010 62 75 and
1514 1010 91 75 venal
1632 1010 191 75 lymphatics
1852 1010 53 75 are
1931 1010 103 75 found
2061 1010 41 75 on
2131 1010 55 75 the
2213 1010 86 75 parts

1269 1056 105 75 which
1398 1056 54 75 are
1475 1056 160 75 naturally
1658 1056 110 75 white,
1794 1056 33 75 as
1843 1056 42 75 on
1903 1056 54 75 the
1972 1056 79 75 /kin,
2077 1056 55 75 the
2149 1056 97 75 white
2264 1056 41 75 of

1269 1103 53 75 the
1339 1103 70 75 eye,
1433 1103 65 75 be.

1303 1265 82 75 of
1462 1265 327 75 PLATE
1850 1265 146 75 XXI.

1263 1386 88 75 Fig.
1373 1386 33 75 5.
1439 1386 193 75 Represents
1650 1386 55 75 the
1725 1386 112 75 nerves
1855 1386 62 75 and
1933 1386 134 75 mufcles
2084 1386 42 75 of
2136 1386 55 75 the
2208 1386 87 75 right

1312 1434 70 75 eye,
1407 1434 85 75 after
1508 1434 70 75 part
1595 1434 40 75 of
1652 1434 56 75 the
1725 1434 99 75 bones
1852 1434 40 75 of
1915 1434 54 75 the
1996 1434 86 75 orbit
2107 1434 82 75 have
2216 1434 80 75 been

1313 1478 54 75 cut
1391 1478 102 75 away.

1265 1537 45 75 A,
1334 1537 76 75 The
1427 1537 154 75 eye-ball.
1629 1537 43 75 B,
1697 1537 77 75 The
1791 1537 175 75 lachrymal
1982 1537 110 75 gland.
2142 1537 43 75 C,
2202 1537 93 75 Muf-

1314 1581 88 75 culus
1435 1581 154 75 abdudtor
1620 1581 98 75 oculi.
1768 1581 48 75 D,
1843 1581 177 75 Attollens.
2082 1581 43 75 E,
2151 1581 145 75 Levator

1314 1629 155 75 palpebrae
1498 1629 180 75 fuperioris.
1737 1629 39 75 F,
1802 1629 174 75 Depreffor
2002 1629 98 75 oculi.
2148 1629 49 75 G,
2223 1629 71 75 /d-

1310 1674 124 75 dudtor.
1467 1674 48 75 H,
1532 1674 162 75 Obliquus
1711 1674 153 75 fuperior,
1883 1674 78 75 with
1978 1674 41 75 its
2037 1674 121 75 pulley.
2197 1674 29 75 I,
2245 1674 49 75 its

1312 1721 149 75 infertion
1492 1721 69 75 into
1585 1721 55 75 the
1668 1721 146 75 felerotie
1838 1721 86 75 coat.
1989 1721 45 75 K,
2059 1721 79 75 Part
2169 1721 42 75 of
2238 1721 56 75 the

1313 1767 148 75 obliquus
1489 1767 143 75 inferior.
1682 1767 44 75 L,
1750 1767 79 75 The
1852 1767 140 75 anterior
2015 1767 73 75 part
2114 1767 41 75 of
2177 1767 55 75 the
2256 1767 37 75 03

1314 1814 114 75 frontis
1461 1814 67 75 cut.
1595 1814 52 75 M,
1671 1814 77 75 The
1771 1814 100 75 cry/la
1897 1814 76 75 galli
2000 1814 41 75 of
2066 1814 54 75 the
2149 1814 143 75 ethmoid

1311 1861 95 75 bone.
1454 1861 47 75 N,
1525 1861 77 75 The
1619 1861 153 75 po/lerior
1788 1861 70 75 part
1884 1861 41 75 of
1945 1861 56 75 the
2025 1861 152 75 fphenoid
2193 1861 87 75 bone'
2280 1861 10 75 .

1311 1908 45 75 O,
1380 1908 194 75 Tranfverfe
1601 1908 125 75 fpinous
1751 1908 124 75 procefs
1903 1908 41 75 of
1965 1908 54 75 the
2043 1908 130 75 fpenoid
2197 1908 94 75 bone.

1309 1954 39 75 P,
1373 1954 78 75 The
1468 1954 124 75 carotid
1608 1954 118 75 artery,
1752 1954 149 75 denuded
1916 1954 107 75 where
2041 1954 27 75 it
2089 1954 97 75 paffes
2204 1954 87 75 thro’

1308 2001 55 75 the
1382 2001 110 75 bones.
1541 2001 49 75 Q,
1614 2001 77 75 The
1708 2001 125 75 carotid
1851 2001 53 75 art'
1904 2001 55 75 ery
1975 2001 111 75 within
2109 2001 55 75 tire
2187 2001 103 75 crani-

1307 2047 66 75 um.
1422 2047 45 75 R,
1493 2047 76 75 The
1585 2047 110 75 ocular
1710 2047 119 75 artery.

1355 2094 237 75 Nerves.—a
1608 2094 30 75 a,
1662 2094 77 75 The
1764 2094 87 75 optic
1879 2094 106 75 nerve,
2041 2094 33 75 b.
2099 2094 77 75 The
2200 2094 90 75 third

1310 2139 158 75 pair.—c,
1494 2139 48 75 Its
1555 2139 126 75 joining
1697 2139 78 75 with
1792 2139 19 75 a
1830 2139 120 75 branch
1966 2139 40 75 of
2017 2139 55 75 the
2089 2139 62 75 fir/l
2169 2139 120 75 branch

1308 2185 39 75 of
1356 2185 55 75 the
1436 2185 71 75 fifth
1534 2185 81 75 pair,
1640 2185 35 75 to
1699 2185 84 75 form
1808 2185 24 75 1,
1849 2185 76 75 The
1942 2185 167 75 lenticular
2123 2185 162 75 ganglion,

1308 2232 152 75 —which
1489 2232 90 75 fends
1604 2232 52 75 off
1678 2232 55 75 the
1758 2232 112 75 ciliary
1893 2232 122 75 nerves,
2038 2232 35 75 d.
2121 2232 17 75 e
2156 2232 28 75 e.
2210 2232 77 75 The

1308 2279 109 75 fourth
1437 2279 80 75 pair,
1566 2279 26 75 f.
1618 2279 74 75 The
1709 2279 95 75 trunk
1821 2279 39 75 of
1871 2279 55 75 the
1942 2279 73 75 fifth
2030 2279 80 75 pair,
2159 2279 33 75 g,
2209 2279 78 75 The

1308 2324 63 75 fir/l
1388 2324 118 75 branch
1534 2324 40 75 of
1596 2324 56 75 the
1679 2324 73 75 fifth
1783 2324 78 75 pair,
1887 2324 113 75 named
2024 2324 211 75 ophthalmic.
2270 2324 15 75 -

1307 2371 34 75 h.
1366 2371 77 75 The
1456 2371 117 75 frontal
1591 2371 117 75 branch
1720 2371 83 75 from
1820 2371 37 75 it.
1894 2371 23 75 i,
1934 2371 10 75 I
1953 2371 28 75 ts
1994 2371 111 75 ciliary
2115 2371 168 75 branches,

1307 2418 94 75 along
1426 2418 79 75 with
1525 2418 104 75 which
1648 2418 54 75 the
1719 2418 84 75 nafal
1821 2418 78 75 twig
1919 2418 26 75 is
1970 2418 67 75 fent
2061 2418 34 75 to
2117 2418 54 75 the
2197 2418 85 75 nofe!

1306 2464 35 75 k.
1366 2464 47 75 Its
1430 2464 118 75 branch
1565 2464 36 75 to
1623 2464 55 75 the
1700 2464 175 75 lachrymal
1891 2464 108 75 gland.
2046 2464 24 75 1,
2097 2464 75 75 The
2189 2464 94 75 lenti-

1305 2510 87 75 cular
1412 2510 160 75 ganglion,
1620 2510 45 75 m,
1689 2510 75 75 The
1788 2510 115 75 fecond
1930 2510 118 75 branch
2073 2510 40 75 of
2131 2510 53 75 the
2208 2510 74 75 fifth

1305 2555 79 75 pair,
1403 2555 113 75 named
1531 2555 140 75 fuperior
1688 2555 181 75 maxillary,
1918 2555 33 75 n.
1966 2555 75 75 The
2058 2555 88 75 third
2162 2555 120 75 branch

1306 2602 40 75 of
1368 2602 54 75 the
1439 2602 72 75 fifth
1529 2602 79 75 pair,
1633 2602 113 75 named
1769 2602 131 75 inferior
1915 2602 183 75 maxillary,
2146 2602 33 75 o.
2204 2602 77 75 The

1304 2649 84 75 fixth
1403 2649 68 75 pair
1483 2649 40 75 of
1529 2649 277 75 nerves,—which
1818 2649 89 75 fends
1921 2649 52 75 off
1982 2649 33 75 p.
2025 2649 76 75 The
2110 2649 172 75 berinning

1303 2697 40 75 of
1362 2697 55 75 the
1441 2697 89 75 great
1554 2697 221 75 fympathetic.
1824 2697 35 75 q.
1883 2697 76 75 The
1977 2697 236 75 remainder°of
2224 2697 56 75 the

1300 2743 85 75 fixth
1402 2743 80 75 pair,
1506 2743 89 75 fpent
1610 2743 41 75 on
1676 2743 30 75 c,
1729 2743 77 75 The
1825 2743 152 75 abdurior
1993 2743 95 75 oculi.

1256 2815 87 75 Fig.
1368 2815 35 75 6.
1452 2815 190 75 Reprefents
1666 2815 56 75 the
1745 2815 84 75 head
1851 2815 40 75 of
1909 2815 18 75 a
1951 2815 114 75 youth,
2090 2815 105 75 where
2223 2815 55 75 the

1303 2862 98 75 upper
1417 2862 70 75 part
1504 2862 40 75 of
1561 2862 56 75 the
1636 2862 139 75 cranium
1800 2862 25 75 is
1848 2862 103 75 fawed
1968 2862 141 75 off.—to
2125 2862 83 75 fliew
2222 2862 57 75 the

1303 2908 99 75 upper
1421 2908 70 75 part
1507 2908 40 75 of
1564 2908 55 75 the
1643 2908 102 75 brain,
1769 2908 135 75 covered
1935 2908 43 75 by
2006 2908 54 75 the
2087 2908 52 75 pia
2162 2908 114 75 mater,

1303 2956 54 75 the
1376 2956 108 75 veffels
1500 2956 41 75 of
1551 2956 105 75 which
1673 2956 53 75 are
1739 2956 157 75 minutely
1909 2956 90 75 filled
2017 2956 78 75 with
2112 2956 85 75 wax.

1259 3016 33 75 A
1308 3016 46 75 A,
1378 3016 76 75 The
1470 3016 55 75 cut
1541 3016 95 75 edges
1653 3016 40 75 of
1711 3016 55 75 the
1786 3016 99 75 upper
1899 3016 72 75 part
1986 3016 41 75 of
2040 3016 55 75 the
2121 3016 155 75 cranium.

1752 3080 21 75 4
1789 3080 17 75 I

2135 3080 42 75 B,
2201 3080 79 75 The

1158 3071 17 75 3
