<?xml version="1.0" encoding="UTF-8"?>
<alto xmlns="http://www.loc.gov/standards/alto/v3/alto.xsd"><Description><MeasurementUnit>pixel</MeasurementUnit><sourceImageInformation><fileName>./data/pdfs/c_188936619/i_144133901/188082693.23.pdf</fileName></sourceImageInformation><OCRProcessing ID="IdOcr"><ocrProcessingStep><processingDateTime>Fri Jul 12 10:36:41 2019
</processingDateTime><processingSoftware><softwareCreator>CONTRIBUTORS</softwareCreator><softwareName>pdfalto</softwareName><softwareVersion>0.1</softwareVersion></processingSoftware></ocrProcessingStep></OCRProcessing></Description><Styles><TextStyle ID="font0" FONTFAMILY="times" FONTSIZE="10.000" FONTTYPE="serif" FONTWIDTH="proportional" FONTCOLOR="#WWWWWW" FONTSTYLE=""/><TextStyle ID="font1" FONTFAMILY="times" FONTSIZE="6.500" FONTTYPE="serif" FONTWIDTH="proportional" FONTCOLOR="#WWWWWW" FONTSTYLE="superscript"/><TextStyle ID="font2" FONTFAMILY="times" FONTSIZE="6.500" FONTTYPE="serif" FONTWIDTH="proportional" FONTCOLOR="#WWWWWW" FONTSTYLE="subscript"/></Styles><Layout><Page ID="Page150" PHYSICAL_IMG_NR="150" WIDTH="2396" HEIGHT="3377"><PrintSpace><TextLine WIDTH="75" HEIGHT="75" ID="p150_t1" HPOS="136" VPOS="186"><String ID="p150_w1" CONTENT="118" HPOS="136" VPOS="186" WIDTH="75" HEIGHT="75" STYLEREFS="font0"/></TextLine><TextLine WIDTH="43" HEIGHT="75" ID="p150_t2" HPOS="623" VPOS="186"><String ID="p150_w2" CONTENT="A" HPOS="623" VPOS="186" WIDTH="43" HEIGHT="75" STYLEREFS="font0"/></TextLine><TextLine WIDTH="35" HEIGHT="75" ID="p150_t3" HPOS="812" VPOS="186"><String ID="p150_w3" CONTENT="L" HPOS="812" VPOS="186" WIDTH="35" HEIGHT="75" STYLEREFS="font0"/></TextLine><TextLine WIDTH="40" HEIGHT="75" ID="p150_t4" HPOS="993" VPOS="186"><String ID="p150_w4" CONTENT="G" HPOS="993" VPOS="186" WIDTH="40" HEIGHT="75" STYLEREFS="font0"/></TextLine><TextLine WIDTH="1036" HEIGHT="75" ID="p150_t5" HPOS="132" VPOS="234"><String ID="p150_w5" CONTENT="terms" HPOS="132" VPOS="252" WIDTH="99" HEIGHT="75" STYLEREFS="font0"/><SP WIDTH="27" VPOS="252" HPOS="231"/><String ID="p150_w6" CONTENT="—2-r" HPOS="258" VPOS="252" WIDTH="98" HEIGHT="75" STYLEREFS="font0"/><String ID="p150_w7" CONTENT="1" HPOS="356" VPOS="234" WIDTH="21" HEIGHT="49" STYLEREFS="font1"/><SP WIDTH="11" VPOS="234" HPOS="377"/><String ID="p150_w8" CONTENT="—" HPOS="388" VPOS="252" WIDTH="49" HEIGHT="75" STYLEREFS="font0"/><SP WIDTH="11" VPOS="252" HPOS="437"/><String ID="p150_w9" CONTENT="5*" HPOS="448" VPOS="252" WIDTH="42" HEIGHT="75" STYLEREFS="font0"/><SP WIDTH="25" VPOS="252" HPOS="490"/><String ID="p150_w10" CONTENT="that" HPOS="515" VPOS="252" WIDTH="73" HEIGHT="75" STYLEREFS="font0"/><SP WIDTH="31" VPOS="252" HPOS="588"/><String ID="p150_w11" CONTENT="ftand" HPOS="619" VPOS="252" WIDTH="90" HEIGHT="75" STYLEREFS="font0"/><SP WIDTH="25" VPOS="252" HPOS="709"/><String ID="p150_w12" CONTENT="over" HPOS="734" VPOS="252" WIDTH="79" HEIGHT="75" STYLEREFS="font0"/><SP WIDTH="26" VPOS="252" HPOS="813"/><String ID="p150_w13" CONTENT="the" HPOS="839" VPOS="252" WIDTH="56" HEIGHT="75" STYLEREFS="font0"/><SP WIDTH="27" VPOS="252" HPOS="895"/><String ID="p150_w14" CONTENT="laft" HPOS="922" VPOS="252" WIDTH="57" HEIGHT="75" STYLEREFS="font0"/><SP WIDTH="32" VPOS="252" HPOS="979"/><String ID="p150_w15" CONTENT="variation" HPOS="1011" VPOS="252" WIDTH="157" HEIGHT="75" STYLEREFS="font0"/></TextLine><TextLine WIDTH="955" HEIGHT="75" ID="p150_t6" HPOS="213" VPOS="306"><String ID="p150_w16" CONTENT="K" HPOS="213" VPOS="306" WIDTH="34" HEIGHT="75" STYLEREFS="font0"/><SP WIDTH="41" VPOS="306" HPOS="247"/><String ID="p150_w17" CONTENT="give," HPOS="288" VPOS="306" WIDTH="84" HEIGHT="75" STYLEREFS="font0"/><SP WIDTH="42" VPOS="306" HPOS="372"/><String ID="p150_w18" CONTENT="for" HPOS="414" VPOS="306" WIDTH="53" HEIGHT="75" STYLEREFS="font0"/><SP WIDTH="27" VPOS="306" HPOS="467"/><String ID="p150_w19" CONTENT="the" HPOS="494" VPOS="306" WIDTH="57" HEIGHT="75" STYLEREFS="font0"/><SP WIDTH="32" VPOS="306" HPOS="551"/><String ID="p150_w20" CONTENT="fame" HPOS="583" VPOS="306" WIDTH="84" HEIGHT="75" STYLEREFS="font0"/><SP WIDTH="33" VPOS="306" HPOS="667"/><String ID="p150_w21" CONTENT="reafon," HPOS="700" VPOS="306" WIDTH="121" HEIGHT="75" STYLEREFS="font0"/><SP WIDTH="41" VPOS="306" HPOS="821"/><String ID="p150_w22" CONTENT="another" HPOS="862" VPOS="306" WIDTH="134" HEIGHT="75" STYLEREFS="font0"/><SP WIDTH="24" VPOS="306" HPOS="996"/><String ID="p150_w23" CONTENT="negative" HPOS="1020" VPOS="306" WIDTH="148" HEIGHT="75" STYLEREFS="font0"/></TextLine><TextLine WIDTH="1037" HEIGHT="75" ID="p150_t7" HPOS="132" VPOS="344"><String ID="p150_w24" CONTENT="impofiible" HPOS="132" VPOS="344" WIDTH="172" HEIGHT="75" STYLEREFS="font0"/><SP WIDTH="27" VPOS="344" HPOS="304"/><String ID="p150_w25" CONTENT="root" HPOS="331" VPOS="344" WIDTH="74" HEIGHT="75" STYLEREFS="font0"/><SP WIDTH="17" VPOS="344" HPOS="405"/><String ID="p150_w26" CONTENT=";" HPOS="422" VPOS="344" WIDTH="11" HEIGHT="75" STYLEREFS="font0"/><SP WIDTH="46" VPOS="344" HPOS="433"/><String ID="p150_w27" CONTENT="fo" HPOS="479" VPOS="344" WIDTH="34" HEIGHT="75" STYLEREFS="font0"/><SP WIDTH="32" VPOS="344" HPOS="513"/><String ID="p150_w28" CONTENT="that" HPOS="545" VPOS="344" WIDTH="73" HEIGHT="75" STYLEREFS="font0"/><SP WIDTH="32" VPOS="344" HPOS="618"/><String ID="p150_w29" CONTENT="the" HPOS="650" VPOS="344" WIDTH="54" HEIGHT="75" STYLEREFS="font0"/><SP WIDTH="33" VPOS="344" HPOS="704"/><String ID="p150_w30" CONTENT="figns" HPOS="737" VPOS="344" WIDTH="81" HEIGHT="75" STYLEREFS="font0"/><SP WIDTH="37" VPOS="344" HPOS="818"/><String ID="p150_w31" CONTENT="of" HPOS="855" VPOS="344" WIDTH="40" HEIGHT="75" STYLEREFS="font0"/><SP WIDTH="29" VPOS="344" HPOS="895"/><String ID="p150_w32" CONTENT="the" HPOS="924" VPOS="344" WIDTH="57" HEIGHT="75" STYLEREFS="font0"/><SP WIDTH="33" VPOS="344" HPOS="981"/><String ID="p150_w33" CONTENT="equation" HPOS="1014" VPOS="344" WIDTH="155" HEIGHT="75" STYLEREFS="font0"/></TextLine><TextLine WIDTH="39" HEIGHT="75" ID="p150_t8" HPOS="135" VPOS="388"><String ID="p150_w34" CONTENT="(-4" HPOS="135" VPOS="388" WIDTH="39" HEIGHT="75" STYLEREFS="font0"/></TextLine><TextLine WIDTH="690" HEIGHT="75" ID="p150_t9" HPOS="478" VPOS="388"><String ID="p150_w35" CONTENT=")" HPOS="478" VPOS="388" WIDTH="16" HEIGHT="75" STYLEREFS="font0"/><SP WIDTH="19" VPOS="388" HPOS="494"/><String ID="p150_w36" CONTENT="giving" HPOS="513" VPOS="388" WIDTH="109" HEIGHT="75" STYLEREFS="font0"/><SP WIDTH="15" VPOS="388" HPOS="622"/><String ID="p150_w37" CONTENT="one" HPOS="637" VPOS="388" WIDTH="61" HEIGHT="75" STYLEREFS="font0"/><SP WIDTH="16" VPOS="388" HPOS="698"/><String ID="p150_w38" CONTENT="affirmative" HPOS="714" VPOS="388" WIDTH="186" HEIGHT="75" STYLEREFS="font0"/><SP WIDTH="17" VPOS="388" HPOS="900"/><String ID="p150_w39" CONTENT="root," HPOS="917" VPOS="388" WIDTH="86" HEIGHT="75" STYLEREFS="font0"/><SP WIDTH="24" VPOS="388" HPOS="1003"/><String ID="p150_w40" CONTENT="we" HPOS="1027" VPOS="388" WIDTH="49" HEIGHT="75" STYLEREFS="font0"/><SP WIDTH="16" VPOS="388" HPOS="1076"/><String ID="p150_w41" CONTENT="con-" HPOS="1092" VPOS="388" WIDTH="76" HEIGHT="75" STYLEREFS="font0"/></TextLine><TextLine WIDTH="197" HEIGHT="75" ID="p150_t10" HPOS="527" VPOS="572"><String ID="p150_w42" CONTENT="A" HPOS="527" VPOS="572" WIDTH="33" HEIGHT="75" STYLEREFS="font0"/><SP WIDTH="47" VPOS="572" HPOS="560"/><String ID="p150_w43" CONTENT="L" HPOS="607" VPOS="572" WIDTH="33" HEIGHT="75" STYLEREFS="font0"/><SP WIDTH="49" VPOS="572" HPOS="640"/><String ID="p150_w44" CONTENT="H" HPOS="689" VPOS="572" WIDTH="35" HEIGHT="75" STYLEREFS="font0"/></TextLine><TextLine WIDTH="1033" HEIGHT="75" ID="p150_t11" HPOS="133" VPOS="664"><String ID="p150_w45" CONTENT="ALGENEB," HPOS="133" VPOS="664" WIDTH="247" HEIGHT="75" STYLEREFS="font0"/><SP WIDTH="27" VPOS="664" HPOS="380"/><String ID="p150_w46" CONTENT="a" HPOS="407" VPOS="664" WIDTH="18" HEIGHT="75" STYLEREFS="font0"/><SP WIDTH="22" VPOS="664" HPOS="425"/><String ID="p150_w47" CONTENT="fixed" HPOS="447" VPOS="664" WIDTH="88" HEIGHT="75" STYLEREFS="font0"/><SP WIDTH="15" VPOS="664" HPOS="535"/><String ID="p150_w48" CONTENT="flat" HPOS="550" VPOS="664" WIDTH="62" HEIGHT="75" STYLEREFS="font0"/><SP WIDTH="19" VPOS="664" HPOS="612"/><String ID="p150_w49" CONTENT="of" HPOS="631" VPOS="664" WIDTH="40" HEIGHT="75" STYLEREFS="font0"/><SP WIDTH="22" VPOS="664" HPOS="671"/><String ID="p150_w50" CONTENT="the" HPOS="693" VPOS="664" WIDTH="57" HEIGHT="75" STYLEREFS="font0"/><SP WIDTH="23" VPOS="664" HPOS="750"/><String ID="p150_w51" CONTENT="fecond" HPOS="773" VPOS="664" WIDTH="116" HEIGHT="75" STYLEREFS="font0"/><SP WIDTH="25" VPOS="664" HPOS="889"/><String ID="p150_w52" CONTENT="magnitude" HPOS="914" VPOS="664" WIDTH="184" HEIGHT="75" STYLEREFS="font0"/><SP WIDTH="26" VPOS="664" HPOS="1098"/><String ID="p150_w53" CONTENT="on" HPOS="1124" VPOS="664" WIDTH="42" HEIGHT="75" STYLEREFS="font0"/></TextLine><TextLine WIDTH="853" HEIGHT="75" ID="p150_t12" HPOS="180" VPOS="709"><String ID="p150_w54" CONTENT="the" HPOS="180" VPOS="709" WIDTH="55" HEIGHT="75" STYLEREFS="font0"/><SP WIDTH="17" VPOS="709" HPOS="235"/><String ID="p150_w55" CONTENT="right" HPOS="252" VPOS="709" WIDTH="87" HEIGHT="75" STYLEREFS="font0"/><SP WIDTH="16" VPOS="709" HPOS="339"/><String ID="p150_w56" CONTENT="fhoulder" HPOS="355" VPOS="709" WIDTH="147" HEIGHT="75" STYLEREFS="font0"/><SP WIDTH="16" VPOS="709" HPOS="502"/><String ID="p150_w57" CONTENT="of" HPOS="518" VPOS="709" WIDTH="41" HEIGHT="75" STYLEREFS="font0"/><SP WIDTH="10" VPOS="709" HPOS="559"/><String ID="p150_w58" CONTENT="Perfeus." HPOS="569" VPOS="709" WIDTH="147" HEIGHT="75" STYLEREFS="font0"/><SP WIDTH="51" VPOS="709" HPOS="716"/><String ID="p150_w59" CONTENT="See" HPOS="767" VPOS="709" WIDTH="61" HEIGHT="75" STYLEREFS="font0"/><SP WIDTH="17" VPOS="709" HPOS="828"/><String ID="p150_w60" CONTENT="Perseus." HPOS="845" VPOS="709" WIDTH="188" HEIGHT="75" STYLEREFS="font0"/></TextLine><TextLine WIDTH="1035" HEIGHT="75" ID="p150_t13" HPOS="132" VPOS="757"><String ID="p150_w61" CONTENT="ALGHER," HPOS="132" VPOS="757" WIDTH="219" HEIGHT="75" STYLEREFS="font0"/><SP WIDTH="26" VPOS="757" HPOS="351"/><String ID="p150_w62" CONTENT="or" HPOS="377" VPOS="757" WIDTH="38" HEIGHT="75" STYLEREFS="font0"/><SP WIDTH="16" VPOS="757" HPOS="415"/><String ID="p150_w63" CONTENT="Algeri," HPOS="431" VPOS="757" WIDTH="172" HEIGHT="75" STYLEREFS="font0"/><SP WIDTH="25" VPOS="757" HPOS="603"/><String ID="p150_w64" CONTENT="a" HPOS="628" VPOS="757" WIDTH="19" HEIGHT="75" STYLEREFS="font0"/><SP WIDTH="16" VPOS="757" HPOS="647"/><String ID="p150_w65" CONTENT="city" HPOS="663" VPOS="757" WIDTH="67" HEIGHT="75" STYLEREFS="font0"/><SP WIDTH="16" VPOS="757" HPOS="730"/><String ID="p150_w66" CONTENT="on" HPOS="746" VPOS="757" WIDTH="41" HEIGHT="75" STYLEREFS="font0"/><SP WIDTH="18" VPOS="757" HPOS="787"/><String ID="p150_w67" CONTENT="the" HPOS="805" VPOS="757" WIDTH="56" HEIGHT="75" STYLEREFS="font0"/><SP WIDTH="17" VPOS="757" HPOS="861"/><String ID="p150_w68" CONTENT="north-weft" HPOS="878" VPOS="757" WIDTH="188" HEIGHT="75" STYLEREFS="font0"/><SP WIDTH="18" VPOS="757" HPOS="1066"/><String ID="p150_w69" CONTENT="coaft" HPOS="1084" VPOS="757" WIDTH="83" HEIGHT="75" STYLEREFS="font0"/></TextLine><TextLine WIDTH="986" HEIGHT="81" ID="p150_t14" HPOS="179" VPOS="803"><String ID="p150_w70" CONTENT="of" HPOS="179" VPOS="803" WIDTH="39" HEIGHT="75" STYLEREFS="font0"/><SP WIDTH="12" VPOS="803" HPOS="218"/><String ID="p150_w71" CONTENT="the" HPOS="230" VPOS="803" WIDTH="56" HEIGHT="75" STYLEREFS="font0"/><SP WIDTH="16" VPOS="803" HPOS="286"/><String ID="p150_w72" CONTENT="ifland" HPOS="302" VPOS="803" WIDTH="96" HEIGHT="75" STYLEREFS="font0"/><SP WIDTH="19" VPOS="803" HPOS="398"/><String ID="p150_w73" CONTENT="of" HPOS="417" VPOS="803" WIDTH="41" HEIGHT="75" STYLEREFS="font0"/><SP WIDTH="12" VPOS="803" HPOS="458"/><String ID="p150_w74" CONTENT="Sardinia," HPOS="470" VPOS="803" WIDTH="161" HEIGHT="75" STYLEREFS="font0"/><SP WIDTH="26" VPOS="803" HPOS="631"/><String ID="p150_w75" CONTENT="fituated" HPOS="657" VPOS="803" WIDTH="135" HEIGHT="75" STYLEREFS="font0"/><SP WIDTH="15" VPOS="803" HPOS="792"/><String ID="p150_w76" CONTENT="in" HPOS="807" VPOS="803" WIDTH="34" HEIGHT="75" STYLEREFS="font0"/><SP WIDTH="25" VPOS="803" HPOS="841"/><String ID="p150_w77" CONTENT="E." HPOS="866" VPOS="803" WIDTH="45" HEIGHT="75" STYLEREFS="font0"/><SP WIDTH="17" VPOS="803" HPOS="911"/><String ID="p150_w78" CONTENT="long." HPOS="928" VPOS="803" WIDTH="90" HEIGHT="75" STYLEREFS="font0"/><SP WIDTH="19" VPOS="803" HPOS="1018"/><String ID="p150_w79" CONTENT="8°" HPOS="1037" VPOS="803" WIDTH="41" HEIGHT="75" STYLEREFS="font0"/><SP WIDTH="18" VPOS="803" HPOS="1078"/><String ID="p150_w80" CONTENT="40" HPOS="1096" VPOS="803" WIDTH="45" HEIGHT="75" STYLEREFS="font0"/><SP WIDTH="14" VPOS="803" HPOS="1141"/><String ID="p150_w81" CONTENT="y" HPOS="1155" VPOS="835" WIDTH="10" HEIGHT="49" STYLEREFS="font2"/></TextLine><TextLine WIDTH="373" HEIGHT="75" ID="p150_t15" HPOS="179" VPOS="830"><String ID="p150_w82" CONTENT="and" HPOS="179" VPOS="848" WIDTH="63" HEIGHT="75" STYLEREFS="font0"/><SP WIDTH="14" VPOS="848" HPOS="242"/><String ID="p150_w83" CONTENT="N." HPOS="256" VPOS="848" WIDTH="47" HEIGHT="75" STYLEREFS="font0"/><SP WIDTH="18" VPOS="848" HPOS="303"/><String ID="p150_w84" CONTENT="lat." HPOS="321" VPOS="848" WIDTH="59" HEIGHT="75" STYLEREFS="font0"/><SP WIDTH="19" VPOS="848" HPOS="380"/><String ID="p150_w85" CONTENT="41" HPOS="399" VPOS="848" WIDTH="40" HEIGHT="75" STYLEREFS="font0"/><String ID="p150_w86" CONTENT="0" HPOS="439" VPOS="830" WIDTH="23" HEIGHT="49" STYLEREFS="font1"/><SP WIDTH="20" VPOS="830" HPOS="462"/><String ID="p150_w87" CONTENT="3c/." HPOS="482" VPOS="848" WIDTH="70" HEIGHT="75" STYLEREFS="font0"/></TextLine><TextLine WIDTH="1042" HEIGHT="75" ID="p150_t16" HPOS="131" VPOS="896"><String ID="p150_w88" CONTENT="ALGIABARII," HPOS="131" VPOS="896" WIDTH="307" HEIGHT="75" STYLEREFS="font0"/><SP WIDTH="26" VPOS="896" HPOS="438"/><String ID="p150_w89" CONTENT="among" HPOS="464" VPOS="896" WIDTH="116" HEIGHT="75" STYLEREFS="font0"/><SP WIDTH="15" VPOS="896" HPOS="580"/><String ID="p150_w90" CONTENT="the" HPOS="595" VPOS="896" WIDTH="56" HEIGHT="75" STYLEREFS="font0"/><SP WIDTH="16" VPOS="896" HPOS="651"/><String ID="p150_w91" CONTENT="Mahometans," HPOS="667" VPOS="896" WIDTH="242" HEIGHT="75" STYLEREFS="font0"/><SP WIDTH="24" VPOS="896" HPOS="909"/><String ID="p150_w92" CONTENT="the" HPOS="933" VPOS="896" WIDTH="56" HEIGHT="75" STYLEREFS="font0"/><SP WIDTH="28" VPOS="896" HPOS="989"/><String ID="p150_w93" CONTENT="name" HPOS="1017" VPOS="896" WIDTH="91" HEIGHT="75" STYLEREFS="font0"/><SP WIDTH="23" VPOS="896" HPOS="1108"/><String ID="p150_w94" CONTENT="of" HPOS="1131" VPOS="896" WIDTH="42" HEIGHT="75" STYLEREFS="font0"/></TextLine><TextLine WIDTH="936" HEIGHT="75" ID="p150_t17" HPOS="179" VPOS="942"><String ID="p150_w95" CONTENT="a" HPOS="179" VPOS="942" WIDTH="18" HEIGHT="75" STYLEREFS="font0"/><SP WIDTH="15" VPOS="942" HPOS="197"/><String ID="p150_w96" CONTENT="feA" HPOS="212" VPOS="942" WIDTH="62" HEIGHT="75" STYLEREFS="font0"/><SP WIDTH="16" VPOS="942" HPOS="274"/><String ID="p150_w97" CONTENT="of" HPOS="290" VPOS="942" WIDTH="40" HEIGHT="75" STYLEREFS="font0"/><SP WIDTH="12" VPOS="942" HPOS="330"/><String ID="p150_w98" CONTENT="predeftinarians." HPOS="342" VPOS="942" WIDTH="273" HEIGHT="75" STYLEREFS="font0"/><SP WIDTH="52" VPOS="942" HPOS="615"/><String ID="p150_w99" CONTENT="See" HPOS="667" VPOS="942" WIDTH="61" HEIGHT="75" STYLEREFS="font0"/><SP WIDTH="18" VPOS="942" HPOS="728"/><String ID="p150_w100" CONTENT="Predestination." HPOS="746" VPOS="942" WIDTH="369" HEIGHT="75" STYLEREFS="font0"/></TextLine><TextLine WIDTH="1035" HEIGHT="75" ID="p150_t18" HPOS="131" VPOS="989"><String ID="p150_w101" CONTENT="ALGIERS," HPOS="131" VPOS="989" WIDTH="229" HEIGHT="75" STYLEREFS="font0"/><SP WIDTH="40" VPOS="989" HPOS="360"/><String ID="p150_w102" CONTENT="a" HPOS="400" VPOS="989" WIDTH="19" HEIGHT="75" STYLEREFS="font0"/><SP WIDTH="31" VPOS="989" HPOS="419"/><String ID="p150_w103" CONTENT="kingdom" HPOS="450" VPOS="989" WIDTH="155" HEIGHT="75" STYLEREFS="font0"/><SP WIDTH="27" VPOS="989" HPOS="605"/><String ID="p150_w104" CONTENT="of" HPOS="632" VPOS="989" WIDTH="41" HEIGHT="75" STYLEREFS="font0"/><SP WIDTH="31" VPOS="989" HPOS="673"/><String ID="p150_w105" CONTENT="Africa," HPOS="704" VPOS="989" WIDTH="127" HEIGHT="75" STYLEREFS="font0"/><SP WIDTH="30" VPOS="989" HPOS="831"/><String ID="p150_w106" CONTENT="fituated" HPOS="861" VPOS="989" WIDTH="136" HEIGHT="75" STYLEREFS="font0"/><SP WIDTH="26" VPOS="989" HPOS="997"/><String ID="p150_w107" CONTENT="between" HPOS="1023" VPOS="989" WIDTH="143" HEIGHT="75" STYLEREFS="font0"/></TextLine><TextLine WIDTH="986" HEIGHT="75" ID="p150_t19" HPOS="182" VPOS="1018"><String ID="p150_w108" CONTENT="30°" HPOS="182" VPOS="1036" WIDTH="62" HEIGHT="75" STYLEREFS="font0"/><SP WIDTH="27" VPOS="1036" HPOS="244"/><String ID="p150_w109" CONTENT="and" HPOS="271" VPOS="1036" WIDTH="62" HEIGHT="75" STYLEREFS="font0"/><SP WIDTH="27" VPOS="1036" HPOS="333"/><String ID="p150_w110" CONTENT="37" HPOS="360" VPOS="1036" WIDTH="42" HEIGHT="75" STYLEREFS="font0"/><String ID="p150_w111" CONTENT="0" HPOS="402" VPOS="1018" WIDTH="21" HEIGHT="49" STYLEREFS="font1"/><SP WIDTH="29" VPOS="1018" HPOS="423"/><String ID="p150_w112" CONTENT="of" HPOS="452" VPOS="1036" WIDTH="40" HEIGHT="75" STYLEREFS="font0"/><SP WIDTH="27" VPOS="1036" HPOS="492"/><String ID="p150_w113" CONTENT="N*" HPOS="519" VPOS="1036" WIDTH="48" HEIGHT="75" STYLEREFS="font0"/><SP WIDTH="31" VPOS="1036" HPOS="567"/><String ID="p150_w114" CONTENT="lat." HPOS="598" VPOS="1036" WIDTH="59" HEIGHT="75" STYLEREFS="font0"/><SP WIDTH="26" VPOS="1036" HPOS="657"/><String ID="p150_w115" CONTENT="and" HPOS="683" VPOS="1036" WIDTH="62" HEIGHT="75" STYLEREFS="font0"/><SP WIDTH="24" VPOS="1036" HPOS="745"/><String ID="p150_w116" CONTENT="between" HPOS="769" VPOS="1036" WIDTH="144" HEIGHT="75" STYLEREFS="font0"/><SP WIDTH="36" VPOS="1036" HPOS="913"/><String ID="p150_w117" CONTENT="i°" HPOS="949" VPOS="1036" WIDTH="35" HEIGHT="75" STYLEREFS="font0"/><SP WIDTH="25" VPOS="1036" HPOS="984"/><String ID="p150_w118" CONTENT="W." HPOS="1009" VPOS="1036" WIDTH="62" HEIGHT="75" STYLEREFS="font0"/><SP WIDTH="33" VPOS="1036" HPOS="1071"/><String ID="p150_w119" CONTENT="and" HPOS="1104" VPOS="1036" WIDTH="64" HEIGHT="75" STYLEREFS="font0"/></TextLine><TextLine WIDTH="981" HEIGHT="75" ID="p150_t20" HPOS="182" VPOS="1064"><String ID="p150_w120" CONTENT="9" HPOS="182" VPOS="1082" WIDTH="20" HEIGHT="75" STYLEREFS="font0"/><String ID="p150_w121" CONTENT="0" HPOS="202" VPOS="1064" WIDTH="19" HEIGHT="49" STYLEREFS="font1"/><SP WIDTH="18" VPOS="1064" HPOS="221"/><String ID="p150_w122" CONTENT="E." HPOS="239" VPOS="1082" WIDTH="45" HEIGHT="75" STYLEREFS="font0"/><SP WIDTH="17" VPOS="1082" HPOS="284"/><String ID="p150_w123" CONTENT="long." HPOS="301" VPOS="1082" WIDTH="90" HEIGHT="75" STYLEREFS="font0"/><SP WIDTH="49" VPOS="1082" HPOS="391"/><String ID="p150_w124" CONTENT="It" HPOS="440" VPOS="1082" WIDTH="34" HEIGHT="75" STYLEREFS="font0"/><SP WIDTH="23" VPOS="1082" HPOS="474"/><String ID="p150_w125" CONTENT="is" HPOS="497" VPOS="1082" WIDTH="28" HEIGHT="75" STYLEREFS="font0"/><SP WIDTH="23" VPOS="1082" HPOS="525"/><String ID="p150_w126" CONTENT="bounded" HPOS="548" VPOS="1082" WIDTH="150" HEIGHT="75" STYLEREFS="font0"/><SP WIDTH="15" VPOS="1082" HPOS="698"/><String ID="p150_w127" CONTENT="by" HPOS="713" VPOS="1082" WIDTH="44" HEIGHT="75" STYLEREFS="font0"/><SP WIDTH="16" VPOS="1082" HPOS="757"/><String ID="p150_w128" CONTENT="the" HPOS="773" VPOS="1082" WIDTH="55" HEIGHT="75" STYLEREFS="font0"/><SP WIDTH="16" VPOS="1082" HPOS="828"/><String ID="p150_w129" CONTENT="Mediterranean" HPOS="844" VPOS="1082" WIDTH="261" HEIGHT="75" STYLEREFS="font0"/><SP WIDTH="16" VPOS="1082" HPOS="1105"/><String ID="p150_w130" CONTENT="on" HPOS="1121" VPOS="1082" WIDTH="42" HEIGHT="75" STYLEREFS="font0"/></TextLine><TextLine WIDTH="988" HEIGHT="75" ID="p150_t21" HPOS="177" VPOS="1129"><String ID="p150_w131" CONTENT="the" HPOS="177" VPOS="1129" WIDTH="55" HEIGHT="75" STYLEREFS="font0"/><SP WIDTH="18" VPOS="1129" HPOS="232"/><String ID="p150_w132" CONTENT="north," HPOS="250" VPOS="1129" WIDTH="111" HEIGHT="75" STYLEREFS="font0"/><SP WIDTH="25" VPOS="1129" HPOS="361"/><String ID="p150_w133" CONTENT="by" HPOS="386" VPOS="1129" WIDTH="43" HEIGHT="75" STYLEREFS="font0"/><SP WIDTH="16" VPOS="1129" HPOS="429"/><String ID="p150_w134" CONTENT="the" HPOS="445" VPOS="1129" WIDTH="56" HEIGHT="75" STYLEREFS="font0"/><SP WIDTH="17" VPOS="1129" HPOS="501"/><String ID="p150_w135" CONTENT="kingdom" HPOS="518" VPOS="1129" WIDTH="153" HEIGHT="75" STYLEREFS="font0"/><SP WIDTH="28" VPOS="1129" HPOS="671"/><String ID="p150_w136" CONTENT="of" HPOS="699" VPOS="1129" WIDTH="40" HEIGHT="75" STYLEREFS="font0"/><SP WIDTH="21" VPOS="1129" HPOS="739"/><String ID="p150_w137" CONTENT="Tunis" HPOS="760" VPOS="1129" WIDTH="108" HEIGHT="75" STYLEREFS="font0"/><SP WIDTH="23" VPOS="1129" HPOS="868"/><String ID="p150_w138" CONTENT="on" HPOS="891" VPOS="1129" WIDTH="41" HEIGHT="75" STYLEREFS="font0"/><SP WIDTH="17" VPOS="1129" HPOS="932"/><String ID="p150_w139" CONTENT="the" HPOS="949" VPOS="1129" WIDTH="56" HEIGHT="75" STYLEREFS="font0"/><SP WIDTH="16" VPOS="1129" HPOS="1005"/><String ID="p150_w140" CONTENT="eaft," HPOS="1021" VPOS="1129" WIDTH="75" HEIGHT="75" STYLEREFS="font0"/><SP WIDTH="26" VPOS="1129" HPOS="1096"/><String ID="p150_w141" CONTENT="by" HPOS="1122" VPOS="1129" WIDTH="43" HEIGHT="75" STYLEREFS="font0"/></TextLine><TextLine WIDTH="985" HEIGHT="75" ID="p150_t22" HPOS="178" VPOS="1175"><String ID="p150_w142" CONTENT="mount" HPOS="178" VPOS="1175" WIDTH="112" HEIGHT="75" STYLEREFS="font0"/><SP WIDTH="18" VPOS="1175" HPOS="290"/><String ID="p150_w143" CONTENT="Adas" HPOS="308" VPOS="1175" WIDTH="94" HEIGHT="75" STYLEREFS="font0"/><SP WIDTH="25" VPOS="1175" HPOS="402"/><String ID="p150_w144" CONTENT="on" HPOS="427" VPOS="1175" WIDTH="42" HEIGHT="75" STYLEREFS="font0"/><SP WIDTH="28" VPOS="1175" HPOS="469"/><String ID="p150_w145" CONTENT="the" HPOS="497" VPOS="1175" WIDTH="55" HEIGHT="75" STYLEREFS="font0"/><SP WIDTH="27" VPOS="1175" HPOS="552"/><String ID="p150_w146" CONTENT="louth," HPOS="579" VPOS="1175" WIDTH="107" HEIGHT="75" STYLEREFS="font0"/><SP WIDTH="26" VPOS="1175" HPOS="686"/><String ID="p150_w147" CONTENT="and" HPOS="712" VPOS="1175" WIDTH="63" HEIGHT="75" STYLEREFS="font0"/><SP WIDTH="16" VPOS="1175" HPOS="775"/><String ID="p150_w148" CONTENT="by" HPOS="791" VPOS="1175" WIDTH="43" HEIGHT="75" STYLEREFS="font0"/><SP WIDTH="17" VPOS="1175" HPOS="834"/><String ID="p150_w149" CONTENT="the" HPOS="851" VPOS="1175" WIDTH="55" HEIGHT="75" STYLEREFS="font0"/><SP WIDTH="17" VPOS="1175" HPOS="906"/><String ID="p150_w150" CONTENT="river" HPOS="923" VPOS="1175" WIDTH="83" HEIGHT="75" STYLEREFS="font0"/><SP WIDTH="18" VPOS="1175" HPOS="1006"/><String ID="p150_w151" CONTENT="Mulvia," HPOS="1024" VPOS="1175" WIDTH="139" HEIGHT="75" STYLEREFS="font0"/></TextLine><TextLine WIDTH="987" HEIGHT="75" ID="p150_t23" HPOS="177" VPOS="1221"><String ID="p150_w152" CONTENT="which" HPOS="177" VPOS="1221" WIDTH="106" HEIGHT="75" STYLEREFS="font0"/><SP WIDTH="24" VPOS="1221" HPOS="283"/><String ID="p150_w153" CONTENT="feparates" HPOS="307" VPOS="1221" WIDTH="159" HEIGHT="75" STYLEREFS="font0"/><SP WIDTH="16" VPOS="1221" HPOS="466"/><String ID="p150_w154" CONTENT="it" HPOS="482" VPOS="1221" WIDTH="26" HEIGHT="75" STYLEREFS="font0"/><SP WIDTH="17" VPOS="1221" HPOS="508"/><String ID="p150_w155" CONTENT="from" HPOS="525" VPOS="1221" WIDTH="85" HEIGHT="75" STYLEREFS="font0"/><SP WIDTH="26" VPOS="1221" HPOS="610"/><String ID="p150_w156" CONTENT="the" HPOS="636" VPOS="1221" WIDTH="55" HEIGHT="75" STYLEREFS="font0"/><SP WIDTH="25" VPOS="1221" HPOS="691"/><String ID="p150_w157" CONTENT="empire" HPOS="716" VPOS="1221" WIDTH="121" HEIGHT="75" STYLEREFS="font0"/><SP WIDTH="24" VPOS="1221" HPOS="837"/><String ID="p150_w158" CONTENT="of" HPOS="861" VPOS="1221" WIDTH="41" HEIGHT="75" STYLEREFS="font0"/><SP WIDTH="24" VPOS="1221" HPOS="902"/><String ID="p150_w159" CONTENT="Morocco," HPOS="926" VPOS="1221" WIDTH="172" HEIGHT="75" STYLEREFS="font0"/><SP WIDTH="25" VPOS="1221" HPOS="1098"/><String ID="p150_w160" CONTENT="on" HPOS="1123" VPOS="1221" WIDTH="41" HEIGHT="75" STYLEREFS="font0"/></TextLine><TextLine WIDTH="988" HEIGHT="75" ID="p150_t24" HPOS="176" VPOS="1269"><String ID="p150_w161" CONTENT="the" HPOS="176" VPOS="1269" WIDTH="56" HEIGHT="75" STYLEREFS="font0"/><SP WIDTH="16" VPOS="1269" HPOS="232"/><String ID="p150_w162" CONTENT="weft;" HPOS="248" VPOS="1269" WIDTH="96" HEIGHT="75" STYLEREFS="font0"/><SP WIDTH="26" VPOS="1269" HPOS="344"/><String ID="p150_w163" CONTENT="extending" HPOS="370" VPOS="1269" WIDTH="177" HEIGHT="75" STYLEREFS="font0"/><SP WIDTH="17" VPOS="1269" HPOS="547"/><String ID="p150_w164" CONTENT="600" HPOS="564" VPOS="1269" WIDTH="69" HEIGHT="75" STYLEREFS="font0"/><SP WIDTH="17" VPOS="1269" HPOS="633"/><String ID="p150_w165" CONTENT="miles," HPOS="650" VPOS="1269" WIDTH="104" HEIGHT="75" STYLEREFS="font0"/><SP WIDTH="25" VPOS="1269" HPOS="754"/><String ID="p150_w166" CONTENT="from" HPOS="779" VPOS="1269" WIDTH="84" HEIGHT="75" STYLEREFS="font0"/><SP WIDTH="25" VPOS="1269" HPOS="863"/><String ID="p150_w167" CONTENT="eaft" HPOS="888" VPOS="1269" WIDTH="62" HEIGHT="75" STYLEREFS="font0"/><SP WIDTH="18" VPOS="1269" HPOS="950"/><String ID="p150_w168" CONTENT="to" HPOS="968" VPOS="1269" WIDTH="34" HEIGHT="75" STYLEREFS="font0"/><SP WIDTH="17" VPOS="1269" HPOS="1002"/><String ID="p150_w169" CONTENT="weft," HPOS="1019" VPOS="1269" WIDTH="86" HEIGHT="75" STYLEREFS="font0"/><SP WIDTH="26" VPOS="1269" HPOS="1105"/><String ID="p150_w170" CONTENT="a-" HPOS="1131" VPOS="1269" WIDTH="33" HEIGHT="75" STYLEREFS="font0"/></TextLine><TextLine WIDTH="412" HEIGHT="75" ID="p150_t25" HPOS="176" VPOS="1314"><String ID="p150_w171" CONTENT="long" HPOS="176" VPOS="1314" WIDTH="77" HEIGHT="75" STYLEREFS="font0"/><SP WIDTH="15" VPOS="1314" HPOS="253"/><String ID="p150_w172" CONTENT="the" HPOS="268" VPOS="1314" WIDTH="57" HEIGHT="75" STYLEREFS="font0"/><SP WIDTH="20" VPOS="1314" HPOS="325"/><String ID="p150_w173" CONTENT="Babary" HPOS="345" VPOS="1314" WIDTH="129" HEIGHT="75" STYLEREFS="font0"/><SP WIDTH="17" VPOS="1314" HPOS="474"/><String ID="p150_w174" CONTENT="coaft." HPOS="491" VPOS="1314" WIDTH="97" HEIGHT="75" STYLEREFS="font0"/></TextLine><TextLine WIDTH="940" HEIGHT="75" ID="p150_t26" HPOS="223" VPOS="1362"><String ID="p150_w175" CONTENT="The" HPOS="223" VPOS="1362" WIDTH="77" HEIGHT="75" STYLEREFS="font0"/><SP WIDTH="21" VPOS="1362" HPOS="300"/><String ID="p150_w176" CONTENT="Turks," HPOS="321" VPOS="1362" WIDTH="125" HEIGHT="75" STYLEREFS="font0"/><SP WIDTH="28" VPOS="1362" HPOS="446"/><String ID="p150_w177" CONTENT="who" HPOS="474" VPOS="1362" WIDTH="73" HEIGHT="75" STYLEREFS="font0"/><SP WIDTH="17" VPOS="1362" HPOS="547"/><String ID="p150_w178" CONTENT="are" HPOS="564" VPOS="1362" WIDTH="52" HEIGHT="75" STYLEREFS="font0"/><SP WIDTH="18" VPOS="1362" HPOS="616"/><String ID="p150_w179" CONTENT="mafters" HPOS="634" VPOS="1362" WIDTH="129" HEIGHT="75" STYLEREFS="font0"/><SP WIDTH="17" VPOS="1362" HPOS="763"/><String ID="p150_w180" CONTENT="of" HPOS="780" VPOS="1362" WIDTH="40" HEIGHT="75" STYLEREFS="font0"/><SP WIDTH="12" VPOS="1362" HPOS="820"/><String ID="p150_w181" CONTENT="this" HPOS="832" VPOS="1362" WIDTH="64" HEIGHT="75" STYLEREFS="font0"/><SP WIDTH="18" VPOS="1362" HPOS="896"/><String ID="p150_w182" CONTENT="kingdom," HPOS="914" VPOS="1362" WIDTH="167" HEIGHT="75" STYLEREFS="font0"/><SP WIDTH="28" VPOS="1362" HPOS="1081"/><String ID="p150_w183" CONTENT="are" HPOS="1109" VPOS="1362" WIDTH="54" HEIGHT="75" STYLEREFS="font0"/></TextLine><TextLine WIDTH="988" HEIGHT="75" ID="p150_t27" HPOS="176" VPOS="1408"><String ID="p150_w184" CONTENT="but" HPOS="176" VPOS="1408" WIDTH="58" HEIGHT="75" STYLEREFS="font0"/><SP WIDTH="26" VPOS="1408" HPOS="234"/><String ID="p150_w185" CONTENT="few" HPOS="260" VPOS="1408" WIDTH="63" HEIGHT="75" STYLEREFS="font0"/><SP WIDTH="21" VPOS="1408" HPOS="323"/><String ID="p150_w186" CONTENT="in" HPOS="344" VPOS="1408" WIDTH="32" HEIGHT="75" STYLEREFS="font0"/><SP WIDTH="29" VPOS="1408" HPOS="376"/><String ID="p150_w187" CONTENT="number" HPOS="405" VPOS="1408" WIDTH="133" HEIGHT="75" STYLEREFS="font0"/><SP WIDTH="27" VPOS="1408" HPOS="538"/><String ID="p150_w188" CONTENT="in" HPOS="565" VPOS="1408" WIDTH="32" HEIGHT="75" STYLEREFS="font0"/><SP WIDTH="29" VPOS="1408" HPOS="597"/><String ID="p150_w189" CONTENT="comparifon" HPOS="626" VPOS="1408" WIDTH="196" HEIGHT="75" STYLEREFS="font0"/><SP WIDTH="18" VPOS="1408" HPOS="822"/><String ID="p150_w190" CONTENT="of" HPOS="840" VPOS="1408" WIDTH="39" HEIGHT="75" STYLEREFS="font0"/><SP WIDTH="12" VPOS="1408" HPOS="879"/><String ID="p150_w191" CONTENT="the" HPOS="891" VPOS="1408" WIDTH="55" HEIGHT="75" STYLEREFS="font0"/><SP WIDTH="25" VPOS="1408" HPOS="946"/><String ID="p150_w192" CONTENT="Moors," HPOS="971" VPOS="1408" WIDTH="130" HEIGHT="75" STYLEREFS="font0"/><SP WIDTH="26" VPOS="1408" HPOS="1101"/><String ID="p150_w193" CONTENT="or" HPOS="1127" VPOS="1408" WIDTH="37" HEIGHT="75" STYLEREFS="font0"/></TextLine><TextLine WIDTH="987" HEIGHT="75" ID="p150_t28" HPOS="176" VPOS="1455"><String ID="p150_w194" CONTENT="natives," HPOS="176" VPOS="1455" WIDTH="137" HEIGHT="75" STYLEREFS="font0"/><SP WIDTH="25" VPOS="1455" HPOS="313"/><String ID="p150_w195" CONTENT="who" HPOS="338" VPOS="1455" WIDTH="74" HEIGHT="75" STYLEREFS="font0"/><SP WIDTH="16" VPOS="1455" HPOS="412"/><String ID="p150_w196" CONTENT="have" HPOS="428" VPOS="1455" WIDTH="82" HEIGHT="75" STYLEREFS="font0"/><SP WIDTH="17" VPOS="1455" HPOS="510"/><String ID="p150_w197" CONTENT="no" HPOS="527" VPOS="1455" WIDTH="42" HEIGHT="75" STYLEREFS="font0"/><SP WIDTH="15" VPOS="1455" HPOS="569"/><String ID="p150_w198" CONTENT="fhare" HPOS="584" VPOS="1455" WIDTH="87" HEIGHT="75" STYLEREFS="font0"/><SP WIDTH="16" VPOS="1455" HPOS="671"/><String ID="p150_w199" CONTENT="in" HPOS="687" VPOS="1455" WIDTH="32" HEIGHT="75" STYLEREFS="font0"/><SP WIDTH="18" VPOS="1455" HPOS="719"/><String ID="p150_w200" CONTENT="the" HPOS="737" VPOS="1455" WIDTH="55" HEIGHT="75" STYLEREFS="font0"/><SP WIDTH="17" VPOS="1455" HPOS="792"/><String ID="p150_w201" CONTENT="government." HPOS="809" VPOS="1455" WIDTH="220" HEIGHT="75" STYLEREFS="font0"/><SP WIDTH="55" VPOS="1455" HPOS="1029"/><String ID="p150_w202" CONTENT="The" HPOS="1084" VPOS="1455" WIDTH="79" HEIGHT="75" STYLEREFS="font0"/></TextLine><TextLine WIDTH="988" HEIGHT="75" ID="p150_t29" HPOS="175" VPOS="1502"><String ID="p150_w203" CONTENT="Arabs," HPOS="175" VPOS="1502" WIDTH="120" HEIGHT="75" STYLEREFS="font0"/><SP WIDTH="18" VPOS="1502" HPOS="295"/><String ID="p150_w204" CONTENT="who" HPOS="313" VPOS="1502" WIDTH="74" HEIGHT="75" STYLEREFS="font0"/><SP WIDTH="16" VPOS="1502" HPOS="387"/><String ID="p150_w205" CONTENT="live" HPOS="403" VPOS="1502" WIDTH="62" HEIGHT="75" STYLEREFS="font0"/><SP WIDTH="17" VPOS="1502" HPOS="465"/><String ID="p150_w206" CONTENT="in" HPOS="482" VPOS="1502" WIDTH="33" HEIGHT="75" STYLEREFS="font0"/><SP WIDTH="12" VPOS="1502" HPOS="515"/><String ID="p150_w207" CONTENT="tents,-" HPOS="527" VPOS="1502" WIDTH="108" HEIGHT="75" STYLEREFS="font0"/><SP WIDTH="10" VPOS="1502" HPOS="635"/><String ID="p150_w208" CONTENT="are" HPOS="645" VPOS="1502" WIDTH="53" HEIGHT="75" STYLEREFS="font0"/><SP WIDTH="16" VPOS="1502" HPOS="698"/><String ID="p150_w209" CONTENT="diftind" HPOS="714" VPOS="1502" WIDTH="124" HEIGHT="75" STYLEREFS="font0"/><SP WIDTH="10" VPOS="1502" HPOS="838"/><String ID="p150_w210" CONTENT="from" HPOS="848" VPOS="1502" WIDTH="86" HEIGHT="75" STYLEREFS="font0"/><SP WIDTH="12" VPOS="1502" HPOS="934"/><String ID="p150_w211" CONTENT="either." HPOS="946" VPOS="1502" WIDTH="115" HEIGHT="75" STYLEREFS="font0"/><SP WIDTH="24" VPOS="1502" HPOS="1061"/><String ID="p150_w212" CONTENT="The" HPOS="1085" VPOS="1502" WIDTH="78" HEIGHT="75" STYLEREFS="font0"/></TextLine><TextLine WIDTH="986" HEIGHT="75" ID="p150_t30" HPOS="177" VPOS="1549"><String ID="p150_w213" CONTENT="dey" HPOS="177" VPOS="1549" WIDTH="64" HEIGHT="75" STYLEREFS="font0"/><SP WIDTH="22" VPOS="1549" HPOS="241"/><String ID="p150_w214" CONTENT="of" HPOS="263" VPOS="1549" WIDTH="41" HEIGHT="75" STYLEREFS="font0"/><SP WIDTH="19" VPOS="1549" HPOS="304"/><String ID="p150_w215" CONTENT="Algiers" HPOS="323" VPOS="1549" WIDTH="129" HEIGHT="75" STYLEREFS="font0"/><SP WIDTH="17" VPOS="1549" HPOS="452"/><String ID="p150_w216" CONTENT="is" HPOS="469" VPOS="1549" WIDTH="27" HEIGHT="75" STYLEREFS="font0"/><SP WIDTH="18" VPOS="1549" HPOS="496"/><String ID="p150_w217" CONTENT="an" HPOS="514" VPOS="1549" WIDTH="38" HEIGHT="75" STYLEREFS="font0"/><SP WIDTH="17" VPOS="1549" HPOS="552"/><String ID="p150_w218" CONTENT="abfoiute," HPOS="569" VPOS="1549" WIDTH="156" HEIGHT="75" STYLEREFS="font0"/><SP WIDTH="24" VPOS="1549" HPOS="725"/><String ID="p150_w219" CONTENT="though" HPOS="749" VPOS="1549" WIDTH="125" HEIGHT="75" STYLEREFS="font0"/><SP WIDTH="18" VPOS="1549" HPOS="874"/><String ID="p150_w220" CONTENT="an" HPOS="892" VPOS="1549" WIDTH="40" HEIGHT="75" STYLEREFS="font0"/><SP WIDTH="16" VPOS="1549" HPOS="932"/><String ID="p150_w221" CONTENT="elective" HPOS="948" VPOS="1549" WIDTH="130" HEIGHT="75" STYLEREFS="font0"/><SP WIDTH="16" VPOS="1549" HPOS="1078"/><String ID="p150_w222" CONTENT="mo-" HPOS="1094" VPOS="1549" WIDTH="69" HEIGHT="75" STYLEREFS="font0"/></TextLine><TextLine WIDTH="987" HEIGHT="75" ID="p150_t31" HPOS="176" VPOS="1595"><String ID="p150_w223" CONTENT="narch." HPOS="176" VPOS="1595" WIDTH="112" HEIGHT="75" STYLEREFS="font0"/><SP WIDTH="48" VPOS="1595" HPOS="288"/><String ID="p150_w224" CONTENT="He" HPOS="336" VPOS="1595" WIDTH="55" HEIGHT="75" STYLEREFS="font0"/><SP WIDTH="27" VPOS="1595" HPOS="391"/><String ID="p150_w225" CONTENT="is" HPOS="418" VPOS="1595" WIDTH="27" HEIGHT="75" STYLEREFS="font0"/><SP WIDTH="28" VPOS="1595" HPOS="445"/><String ID="p150_w226" CONTENT="chofen" HPOS="473" VPOS="1595" WIDTH="115" HEIGHT="75" STYLEREFS="font0"/><SP WIDTH="25" VPOS="1595" HPOS="588"/><String ID="p150_w227" CONTENT="by" HPOS="613" VPOS="1595" WIDTH="43" HEIGHT="75" STYLEREFS="font0"/><SP WIDTH="27" VPOS="1595" HPOS="656"/><String ID="p150_w228" CONTENT="the" HPOS="683" VPOS="1595" WIDTH="55" HEIGHT="75" STYLEREFS="font0"/><SP WIDTH="15" VPOS="1595" HPOS="738"/><String ID="p150_w229" CONTENT="Turkifh" HPOS="753" VPOS="1595" WIDTH="142" HEIGHT="75" STYLEREFS="font0"/><SP WIDTH="24" VPOS="1595" HPOS="895"/><String ID="p150_w230" CONTENT="foldiers" HPOS="919" VPOS="1595" WIDTH="132" HEIGHT="75" STYLEREFS="font0"/><SP WIDTH="23" VPOS="1595" HPOS="1051"/><String ID="p150_w231" CONTENT="only," HPOS="1074" VPOS="1595" WIDTH="89" HEIGHT="75" STYLEREFS="font0"/></TextLine><TextLine WIDTH="987" HEIGHT="75" ID="p150_t32" HPOS="178" VPOS="1642"><String ID="p150_w232" CONTENT="and" HPOS="178" VPOS="1642" WIDTH="61" HEIGHT="75" STYLEREFS="font0"/><SP WIDTH="17" VPOS="1642" HPOS="239"/><String ID="p150_w233" CONTENT="is" HPOS="256" VPOS="1642" WIDTH="27" HEIGHT="75" STYLEREFS="font0"/><SP WIDTH="16" VPOS="1642" HPOS="283"/><String ID="p150_w234" CONTENT="frequently" HPOS="299" VPOS="1642" WIDTH="185" HEIGHT="75" STYLEREFS="font0"/><SP WIDTH="25" VPOS="1642" HPOS="484"/><String ID="p150_w235" CONTENT="depofed," HPOS="509" VPOS="1642" WIDTH="151" HEIGHT="75" STYLEREFS="font0"/><SP WIDTH="25" VPOS="1642" HPOS="660"/><String ID="p150_w236" CONTENT="or" HPOS="685" VPOS="1642" WIDTH="38" HEIGHT="75" STYLEREFS="font0"/><SP WIDTH="24" VPOS="1642" HPOS="723"/><String ID="p150_w237" CONTENT="even" HPOS="747" VPOS="1642" WIDTH="79" HEIGHT="75" STYLEREFS="font0"/><SP WIDTH="22" VPOS="1642" HPOS="826"/><String ID="p150_w238" CONTENT="put" HPOS="848" VPOS="1642" WIDTH="58" HEIGHT="75" STYLEREFS="font0"/><SP WIDTH="28" VPOS="1642" HPOS="906"/><String ID="p150_w239" CONTENT="to" HPOS="934" VPOS="1642" WIDTH="35" HEIGHT="75" STYLEREFS="font0"/><SP WIDTH="27" VPOS="1642" HPOS="969"/><String ID="p150_w240" CONTENT="death" HPOS="996" VPOS="1642" WIDTH="96" HEIGHT="75" STYLEREFS="font0"/><SP WIDTH="30" VPOS="1642" HPOS="1092"/><String ID="p150_w241" CONTENT="by" HPOS="1122" VPOS="1642" WIDTH="43" HEIGHT="75" STYLEREFS="font0"/></TextLine><TextLine WIDTH="101" HEIGHT="75" ID="p150_t33" HPOS="178" VPOS="1688"><String ID="p150_w242" CONTENT="them." HPOS="178" VPOS="1688" WIDTH="101" HEIGHT="75" STYLEREFS="font0"/></TextLine><TextLine WIDTH="1029" HEIGHT="75" ID="p150_t34" HPOS="132" VPOS="1735"><String ID="p150_w243" CONTENT="Algiers" HPOS="132" VPOS="1735" WIDTH="178" HEIGHT="75" STYLEREFS="font0"/><SP WIDTH="19" VPOS="1735" HPOS="310"/><String ID="p150_w244" CONTENT="is" HPOS="329" VPOS="1735" WIDTH="27" HEIGHT="75" STYLEREFS="font0"/><SP WIDTH="17" VPOS="1735" HPOS="356"/><String ID="p150_w245" CONTENT="alfo" HPOS="373" VPOS="1735" WIDTH="65" HEIGHT="75" STYLEREFS="font0"/><SP WIDTH="17" VPOS="1735" HPOS="438"/><String ID="p150_w246" CONTENT="the" HPOS="455" VPOS="1735" WIDTH="55" HEIGHT="75" STYLEREFS="font0"/><SP WIDTH="17" VPOS="1735" HPOS="510"/><String ID="p150_w247" CONTENT="name" HPOS="527" VPOS="1735" WIDTH="91" HEIGHT="75" STYLEREFS="font0"/><SP WIDTH="17" VPOS="1735" HPOS="618"/><String ID="p150_w248" CONTENT="of" HPOS="635" VPOS="1735" WIDTH="40" HEIGHT="75" STYLEREFS="font0"/><SP WIDTH="11" VPOS="1735" HPOS="675"/><String ID="p150_w249" CONTENT="the" HPOS="686" VPOS="1735" WIDTH="55" HEIGHT="75" STYLEREFS="font0"/><SP WIDTH="18" VPOS="1735" HPOS="741"/><String ID="p150_w250" CONTENT="capital" HPOS="759" VPOS="1735" WIDTH="116" HEIGHT="75" STYLEREFS="font0"/><SP WIDTH="25" VPOS="1735" HPOS="875"/><String ID="p150_w251" CONTENT="of" HPOS="900" VPOS="1735" WIDTH="40" HEIGHT="75" STYLEREFS="font0"/><SP WIDTH="23" VPOS="1735" HPOS="940"/><String ID="p150_w252" CONTENT="the" HPOS="963" VPOS="1735" WIDTH="55" HEIGHT="75" STYLEREFS="font0"/><SP WIDTH="27" VPOS="1735" HPOS="1018"/><String ID="p150_w253" CONTENT="above-" HPOS="1045" VPOS="1735" WIDTH="116" HEIGHT="75" STYLEREFS="font0"/></TextLine><TextLine WIDTH="985" HEIGHT="75" ID="p150_t35" HPOS="178" VPOS="1782"><String ID="p150_w254" CONTENT="mentioned" HPOS="178" VPOS="1782" WIDTH="183" HEIGHT="75" STYLEREFS="font0"/><SP WIDTH="15" VPOS="1782" HPOS="361"/><String ID="p150_w255" CONTENT="kingdom," HPOS="376" VPOS="1782" WIDTH="167" HEIGHT="75" STYLEREFS="font0"/><SP WIDTH="24" VPOS="1782" HPOS="543"/><String ID="p150_w256" CONTENT="fituated" HPOS="567" VPOS="1782" WIDTH="135" HEIGHT="75" STYLEREFS="font0"/><SP WIDTH="27" VPOS="1782" HPOS="702"/><String ID="p150_w257" CONTENT="near" HPOS="729" VPOS="1782" WIDTH="76" HEIGHT="75" STYLEREFS="font0"/><SP WIDTH="27" VPOS="1782" HPOS="805"/><String ID="p150_w258" CONTENT="the" HPOS="832" VPOS="1782" WIDTH="55" HEIGHT="75" STYLEREFS="font0"/><SP WIDTH="24" VPOS="1782" HPOS="887"/><String ID="p150_w259" CONTENT="mouth" HPOS="911" VPOS="1782" WIDTH="113" HEIGHT="75" STYLEREFS="font0"/><SP WIDTH="24" VPOS="1782" HPOS="1024"/><String ID="p150_w260" CONTENT="of" HPOS="1048" VPOS="1782" WIDTH="40" HEIGHT="75" STYLEREFS="font0"/><SP WIDTH="18" VPOS="1782" HPOS="1088"/><String ID="p150_w261" CONTENT="the" HPOS="1106" VPOS="1782" WIDTH="57" HEIGHT="75" STYLEREFS="font0"/></TextLine><TextLine WIDTH="987" HEIGHT="75" ID="p150_t36" HPOS="177" VPOS="1830"><String ID="p150_w262" CONTENT="the" HPOS="177" VPOS="1830" WIDTH="56" HEIGHT="75" STYLEREFS="font0"/><SP WIDTH="16" VPOS="1830" HPOS="233"/><String ID="p150_w263" CONTENT="river" HPOS="249" VPOS="1830" WIDTH="85" HEIGHT="75" STYLEREFS="font0"/><SP WIDTH="18" VPOS="1830" HPOS="334"/><String ID="p150_w264" CONTENT="Safran," HPOS="352" VPOS="1830" WIDTH="127" HEIGHT="75" STYLEREFS="font0"/><SP WIDTH="26" VPOS="1830" HPOS="479"/><String ID="p150_w265" CONTENT="on'" HPOS="505" VPOS="1830" WIDTH="56" HEIGHT="75" STYLEREFS="font0"/><SP WIDTH="11" VPOS="1830" HPOS="561"/><String ID="p150_w266" CONTENT="the" HPOS="572" VPOS="1830" WIDTH="55" HEIGHT="75" STYLEREFS="font0"/><SP WIDTH="24" VPOS="1830" HPOS="627"/><String ID="p150_w267" CONTENT="Mediterranean" HPOS="651" VPOS="1830" WIDTH="260" HEIGHT="75" STYLEREFS="font0"/><SP WIDTH="24" VPOS="1830" HPOS="911"/><String ID="p150_w268" CONTENT="fea," HPOS="935" VPOS="1830" WIDTH="63" HEIGHT="75" STYLEREFS="font0"/><SP WIDTH="24" VPOS="1830" HPOS="998"/><String ID="p150_w269" CONTENT="oppofite" HPOS="1022" VPOS="1830" WIDTH="142" HEIGHT="75" STYLEREFS="font0"/></TextLine><TextLine WIDTH="986" HEIGHT="75" ID="p150_t37" HPOS="176" VPOS="1858"><String ID="p150_w270" CONTENT="to" HPOS="176" VPOS="1876" WIDTH="36" HEIGHT="75" STYLEREFS="font0"/><SP WIDTH="23" VPOS="1876" HPOS="212"/><String ID="p150_w271" CONTENT="the" HPOS="235" VPOS="1876" WIDTH="54" HEIGHT="75" STYLEREFS="font0"/><SP WIDTH="16" VPOS="1876" HPOS="289"/><String ID="p150_w272" CONTENT="ifland" HPOS="305" VPOS="1876" WIDTH="99" HEIGHT="75" STYLEREFS="font0"/><SP WIDTH="15" VPOS="1876" HPOS="404"/><String ID="p150_w273" CONTENT="of" HPOS="419" VPOS="1876" WIDTH="41" HEIGHT="75" STYLEREFS="font0"/><SP WIDTH="12" VPOS="1876" HPOS="460"/><String ID="p150_w274" CONTENT="Majorca;" HPOS="472" VPOS="1876" WIDTH="172" HEIGHT="75" STYLEREFS="font0"/><SP WIDTH="26" VPOS="1876" HPOS="644"/><String ID="p150_w275" CONTENT="its" HPOS="670" VPOS="1876" WIDTH="41" HEIGHT="75" STYLEREFS="font0"/><SP WIDTH="27" VPOS="1876" HPOS="711"/><String ID="p150_w276" CONTENT="E." HPOS="738" VPOS="1876" WIDTH="45" HEIGHT="75" STYLEREFS="font0"/><SP WIDTH="17" VPOS="1876" HPOS="783"/><String ID="p150_w277" CONTENT="long," HPOS="800" VPOS="1876" WIDTH="89" HEIGHT="75" STYLEREFS="font0"/><SP WIDTH="28" VPOS="1876" HPOS="889"/><String ID="p150_w278" CONTENT="being" HPOS="917" VPOS="1876" WIDTH="96" HEIGHT="75" STYLEREFS="font0"/><SP WIDTH="18" VPOS="1876" HPOS="1013"/><String ID="p150_w279" CONTENT="3" HPOS="1031" VPOS="1876" WIDTH="18" HEIGHT="75" STYLEREFS="font0"/><String ID="p150_w280" CONTENT="0" HPOS="1049" VPOS="1858" WIDTH="20" HEIGHT="49" STYLEREFS="font1"/><SP WIDTH="20" VPOS="1858" HPOS="1069"/><String ID="p150_w281" CONTENT="2" HPOS="1089" VPOS="1876" WIDTH="17" HEIGHT="75" STYLEREFS="font0"/><SP WIDTH="11" VPOS="1876" HPOS="1106"/><String ID="p150_w282" CONTENT="7" HPOS="1117" VPOS="1876" WIDTH="17" HEIGHT="75" STYLEREFS="font0"/><SP WIDTH="17" VPOS="1876" HPOS="1134"/><String ID="p150_w283" CONTENT="," HPOS="1151" VPOS="1876" WIDTH="11" HEIGHT="75" STYLEREFS="font0"/></TextLine><TextLine WIDTH="433" HEIGHT="75" ID="p150_t38" HPOS="178" VPOS="1921"><String ID="p150_w284" CONTENT="and" HPOS="178" VPOS="1921" WIDTH="63" HEIGHT="75" STYLEREFS="font0"/><SP WIDTH="16" VPOS="1921" HPOS="241"/><String ID="p150_w285" CONTENT="its" HPOS="257" VPOS="1921" WIDTH="42" HEIGHT="75" STYLEREFS="font0"/><SP WIDTH="18" VPOS="1921" HPOS="299"/><String ID="p150_w286" CONTENT="N." HPOS="317" VPOS="1921" WIDTH="48" HEIGHT="75" STYLEREFS="font0"/><SP WIDTH="17" VPOS="1921" HPOS="365"/><String ID="p150_w287" CONTENT="lat." HPOS="382" VPOS="1921" WIDTH="60" HEIGHT="75" STYLEREFS="font0"/><SP WIDTH="20" VPOS="1921" HPOS="442"/><String ID="p150_w288" CONTENT="36°" HPOS="462" VPOS="1921" WIDTH="62" HEIGHT="75" STYLEREFS="font0"/><SP WIDTH="18" VPOS="1921" HPOS="524"/><String ID="p150_w289" CONTENT="49'." HPOS="542" VPOS="1921" WIDTH="69" HEIGHT="75" STYLEREFS="font0"/></TextLine><TextLine WIDTH="915" HEIGHT="75" ID="p150_t39" HPOS="130" VPOS="1968"><String ID="p150_w290" CONTENT="ALGOIDES," HPOS="130" VPOS="1968" WIDTH="266" HEIGHT="75" STYLEREFS="font0"/><SP WIDTH="25" VPOS="1968" HPOS="396"/><String ID="p150_w291" CONTENT="in" HPOS="421" VPOS="1968" WIDTH="32" HEIGHT="75" STYLEREFS="font0"/><SP WIDTH="16" VPOS="1968" HPOS="453"/><String ID="p150_w292" CONTENT="botany." HPOS="469" VPOS="1968" WIDTH="134" HEIGHT="75" STYLEREFS="font0"/><SP WIDTH="51" VPOS="1968" HPOS="603"/><String ID="p150_w293" CONTENT="See" HPOS="654" VPOS="1968" WIDTH="61" HEIGHT="75" STYLEREFS="font0"/><SP WIDTH="18" VPOS="1968" HPOS="715"/><String ID="p150_w294" CONTENT="Zannichellia." HPOS="733" VPOS="1968" WIDTH="312" HEIGHT="75" STYLEREFS="font0"/></TextLine><TextLine WIDTH="1034" HEIGHT="75" ID="p150_t40" HPOS="130" VPOS="2015"><String ID="p150_w295" CONTENT="ALGOL," HPOS="130" VPOS="2015" WIDTH="187" HEIGHT="75" STYLEREFS="font0"/><SP WIDTH="24" VPOS="2015" HPOS="317"/><String ID="p150_w296" CONTENT="the" HPOS="341" VPOS="2015" WIDTH="56" HEIGHT="75" STYLEREFS="font0"/><SP WIDTH="17" VPOS="2015" HPOS="397"/><String ID="p150_w297" CONTENT="name" HPOS="414" VPOS="2015" WIDTH="91" HEIGHT="75" STYLEREFS="font0"/><SP WIDTH="16" VPOS="2015" HPOS="505"/><String ID="p150_w298" CONTENT="of" HPOS="521" VPOS="2015" WIDTH="41" HEIGHT="75" STYLEREFS="font0"/><SP WIDTH="19" VPOS="2015" HPOS="562"/><String ID="p150_w299" CONTENT="a" HPOS="581" VPOS="2015" WIDTH="19" HEIGHT="75" STYLEREFS="font0"/><SP WIDTH="22" VPOS="2015" HPOS="600"/><String ID="p150_w300" CONTENT="fixed" HPOS="622" VPOS="2015" WIDTH="86" HEIGHT="75" STYLEREFS="font0"/><SP WIDTH="17" VPOS="2015" HPOS="708"/><String ID="p150_w301" CONTENT="ftar" HPOS="725" VPOS="2015" WIDTH="61" HEIGHT="75" STYLEREFS="font0"/><SP WIDTH="23" VPOS="2015" HPOS="786"/><String ID="p150_w302" CONTENT="of" HPOS="809" VPOS="2015" WIDTH="40" HEIGHT="75" STYLEREFS="font0"/><SP WIDTH="17" VPOS="2015" HPOS="849"/><String ID="p150_w303" CONTENT="the" HPOS="866" VPOS="2015" WIDTH="55" HEIGHT="75" STYLEREFS="font0"/><SP WIDTH="17" VPOS="2015" HPOS="921"/><String ID="p150_w304" CONTENT="third" HPOS="938" VPOS="2015" WIDTH="88" HEIGHT="75" STYLEREFS="font0"/><SP WIDTH="16" VPOS="2015" HPOS="1026"/><String ID="p150_w305" CONTENT="magni-" HPOS="1042" VPOS="2015" WIDTH="122" HEIGHT="75" STYLEREFS="font0"/></TextLine><TextLine WIDTH="983" HEIGHT="75" ID="p150_t41" HPOS="181" VPOS="2060"><String ID="p150_w306" CONTENT="tude" HPOS="181" VPOS="2060" WIDTH="77" HEIGHT="75" STYLEREFS="font0"/><SP WIDTH="17" VPOS="2060" HPOS="258"/><String ID="p150_w307" CONTENT="in" HPOS="275" VPOS="2060" WIDTH="33" HEIGHT="75" STYLEREFS="font0"/><SP WIDTH="17" VPOS="2060" HPOS="308"/><String ID="p150_w308" CONTENT="the" HPOS="325" VPOS="2060" WIDTH="55" HEIGHT="75" STYLEREFS="font0"/><SP WIDTH="18" VPOS="2060" HPOS="380"/><String ID="p150_w309" CONTENT="conftellation" HPOS="398" VPOS="2060" WIDTH="219" HEIGHT="75" STYLEREFS="font0"/><SP WIDTH="12" VPOS="2060" HPOS="617"/><String ID="p150_w310" CONTENT="Perfeus," HPOS="629" VPOS="2060" WIDTH="146" HEIGHT="75" STYLEREFS="font0"/><SP WIDTH="17" VPOS="2060" HPOS="775"/><String ID="p150_w311" CONTENT="otherwife" HPOS="792" VPOS="2060" WIDTH="165" HEIGHT="75" STYLEREFS="font0"/><SP WIDTH="18" VPOS="2060" HPOS="957"/><String ID="p150_w312" CONTENT="called" HPOS="975" VPOS="2060" WIDTH="103" HEIGHT="75" STYLEREFS="font0"/><SP WIDTH="10" VPOS="2060" HPOS="1078"/><String ID="p150_w313" CONTENT="Me-" HPOS="1088" VPOS="2060" WIDTH="76" HEIGHT="75" STYLEREFS="font0"/></TextLine><TextLine WIDTH="982" HEIGHT="75" ID="p150_t42" HPOS="181" VPOS="2107"><String ID="p150_w314" CONTENT="dufa’s" HPOS="181" VPOS="2107" WIDTH="102" HEIGHT="75" STYLEREFS="font0"/><SP WIDTH="17" VPOS="2107" HPOS="283"/><String ID="p150_w315" CONTENT="head." HPOS="300" VPOS="2107" WIDTH="93" HEIGHT="75" STYLEREFS="font0"/><SP WIDTH="59" VPOS="2107" HPOS="393"/><String ID="p150_w316" CONTENT="See" HPOS="452" VPOS="2107" WIDTH="63" HEIGHT="75" STYLEREFS="font0"/><SP WIDTH="23" VPOS="2107" HPOS="515"/><String ID="p150_w317" CONTENT="Astronomy," HPOS="538" VPOS="2107" WIDTH="274" HEIGHT="75" STYLEREFS="font0"/><SP WIDTH="26" VPOS="2107" HPOS="812"/><String ID="p150_w318" CONTENT="Of" HPOS="838" VPOS="2107" WIDTH="54" HEIGHT="75" STYLEREFS="font0"/><SP WIDTH="10" VPOS="2107" HPOS="892"/><String ID="p150_w319" CONTENT="the" HPOS="902" VPOS="2107" WIDTH="52" HEIGHT="75" STYLEREFS="font0"/><SP WIDTH="8" VPOS="2107" HPOS="954"/><String ID="p150_w320" CONTENT="fixed" HPOS="962" VPOS="2107" WIDTH="91" HEIGHT="75" STYLEREFS="font0"/><SP WIDTH="3" VPOS="2107" HPOS="1053"/><String ID="p150_w321" CONTENT="Jiars." HPOS="1056" VPOS="2107" WIDTH="107" HEIGHT="75" STYLEREFS="font0"/></TextLine><TextLine WIDTH="1034" HEIGHT="75" ID="p150_t43" HPOS="131" VPOS="2155"><String ID="p150_w322" CONTENT="ALGONQUIN," HPOS="131" VPOS="2155" WIDTH="315" HEIGHT="75" STYLEREFS="font0"/><SP WIDTH="33" VPOS="2155" HPOS="446"/><String ID="p150_w323" CONTENT="one" HPOS="479" VPOS="2155" WIDTH="60" HEIGHT="75" STYLEREFS="font0"/><SP WIDTH="28" VPOS="2155" HPOS="539"/><String ID="p150_w324" CONTENT="of" HPOS="567" VPOS="2155" WIDTH="40" HEIGHT="75" STYLEREFS="font0"/><SP WIDTH="26" VPOS="2155" HPOS="607"/><String ID="p150_w325" CONTENT="the" HPOS="633" VPOS="2155" WIDTH="56" HEIGHT="75" STYLEREFS="font0"/><SP WIDTH="28" VPOS="2155" HPOS="689"/><String ID="p150_w326" CONTENT="two" HPOS="717" VPOS="2155" WIDTH="66" HEIGHT="75" STYLEREFS="font0"/><SP WIDTH="27" VPOS="2155" HPOS="783"/><String ID="p150_w327" CONTENT="principal" HPOS="810" VPOS="2155" WIDTH="153" HEIGHT="75" STYLEREFS="font0"/><SP WIDTH="28" VPOS="2155" HPOS="963"/><String ID="p150_w328" CONTENT="languages" HPOS="991" VPOS="2155" WIDTH="174" HEIGHT="75" STYLEREFS="font0"/></TextLine><TextLine WIDTH="985" HEIGHT="75" ID="p150_t44" HPOS="179" VPOS="2200"><String ID="p150_w329" CONTENT="fpoken" HPOS="179" VPOS="2200" WIDTH="117" HEIGHT="75" STYLEREFS="font0"/><SP WIDTH="17" VPOS="2200" HPOS="296"/><String ID="p150_w330" CONTENT="in" HPOS="313" VPOS="2200" WIDTH="32" HEIGHT="75" STYLEREFS="font0"/><SP WIDTH="18" VPOS="2200" HPOS="345"/><String ID="p150_w331" CONTENT="N." HPOS="363" VPOS="2200" WIDTH="48" HEIGHT="75" STYLEREFS="font0"/><SP WIDTH="17" VPOS="2200" HPOS="411"/><String ID="p150_w332" CONTENT="America," HPOS="428" VPOS="2200" WIDTH="163" HEIGHT="75" STYLEREFS="font0"/><SP WIDTH="19" VPOS="2200" HPOS="591"/><String ID="p150_w333" CONTENT="viz." HPOS="610" VPOS="2200" WIDTH="69" HEIGHT="75" STYLEREFS="font0"/><SP WIDTH="18" VPOS="2200" HPOS="679"/><String ID="p150_w334" CONTENT="from" HPOS="697" VPOS="2200" WIDTH="85" HEIGHT="75" STYLEREFS="font0"/><SP WIDTH="16" VPOS="2200" HPOS="782"/><String ID="p150_w335" CONTENT="the" HPOS="798" VPOS="2200" WIDTH="56" HEIGHT="75" STYLEREFS="font0"/><SP WIDTH="17" VPOS="2200" HPOS="854"/><String ID="p150_w336" CONTENT="river" HPOS="871" VPOS="2200" WIDTH="84" HEIGHT="75" STYLEREFS="font0"/><SP WIDTH="16" VPOS="2200" HPOS="955"/><String ID="p150_w337" CONTENT="of" HPOS="971" VPOS="2200" WIDTH="39" HEIGHT="75" STYLEREFS="font0"/><SP WIDTH="14" VPOS="2200" HPOS="1010"/><String ID="p150_w338" CONTENT="St" HPOS="1024" VPOS="2200" WIDTH="37" HEIGHT="75" STYLEREFS="font0"/><SP WIDTH="14" VPOS="2200" HPOS="1061"/><String ID="p150_w339" CONTENT="Lau-" HPOS="1075" VPOS="2200" WIDTH="89" HEIGHT="75" STYLEREFS="font0"/></TextLine><TextLine WIDTH="982" HEIGHT="75" ID="p150_t45" HPOS="180" VPOS="2246"><String ID="p150_w340" CONTENT="rence" HPOS="180" VPOS="2246" WIDTH="93" HEIGHT="75" STYLEREFS="font0"/><SP WIDTH="17" VPOS="2246" HPOS="273"/><String ID="p150_w341" CONTENT="to" HPOS="290" VPOS="2246" WIDTH="36" HEIGHT="75" STYLEREFS="font0"/><SP WIDTH="17" VPOS="2246" HPOS="326"/><String ID="p150_w342" CONTENT="that" HPOS="343" VPOS="2246" WIDTH="71" HEIGHT="75" STYLEREFS="font0"/><SP WIDTH="17" VPOS="2246" HPOS="414"/><String ID="p150_w343" CONTENT="of" HPOS="431" VPOS="2246" WIDTH="40" HEIGHT="75" STYLEREFS="font0"/><SP WIDTH="15" VPOS="2246" HPOS="471"/><String ID="p150_w344" CONTENT="Miffifiippi;" HPOS="486" VPOS="2246" WIDTH="196" HEIGHT="75" STYLEREFS="font0"/><SP WIDTH="27" VPOS="2246" HPOS="682"/><String ID="p150_w345" CONTENT="the" HPOS="709" VPOS="2246" WIDTH="55" HEIGHT="75" STYLEREFS="font0"/><SP WIDTH="17" VPOS="2246" HPOS="764"/><String ID="p150_w346" CONTENT="other" HPOS="781" VPOS="2246" WIDTH="94" HEIGHT="75" STYLEREFS="font0"/><SP WIDTH="15" VPOS="2246" HPOS="875"/><String ID="p150_w347" CONTENT="which" HPOS="890" VPOS="2246" WIDTH="106" HEIGHT="75" STYLEREFS="font0"/><SP WIDTH="17" VPOS="2246" HPOS="996"/><String ID="p150_w348" CONTENT="is" HPOS="1013" VPOS="2246" WIDTH="26" HEIGHT="75" STYLEREFS="font0"/><SP WIDTH="18" VPOS="2246" HPOS="1039"/><String ID="p150_w349" CONTENT="called" HPOS="1057" VPOS="2246" WIDTH="105" HEIGHT="75" STYLEREFS="font0"/></TextLine><TextLine WIDTH="598" HEIGHT="75" ID="p150_t46" HPOS="179" VPOS="2291"><String ID="p150_w350" CONTENT="Haron," HPOS="179" VPOS="2291" WIDTH="129" HEIGHT="75" STYLEREFS="font0"/><SP WIDTH="25" VPOS="2291" HPOS="308"/><String ID="p150_w351" CONTENT="being" HPOS="333" VPOS="2291" WIDTH="94" HEIGHT="75" STYLEREFS="font0"/><SP WIDTH="15" VPOS="2291" HPOS="427"/><String ID="p150_w352" CONTENT="fpoken" HPOS="442" VPOS="2291" WIDTH="119" HEIGHT="75" STYLEREFS="font0"/><SP WIDTH="17" VPOS="2291" HPOS="561"/><String ID="p150_w353" CONTENT="in" HPOS="578" VPOS="2291" WIDTH="31" HEIGHT="75" STYLEREFS="font0"/><SP WIDTH="18" VPOS="2291" HPOS="609"/><String ID="p150_w354" CONTENT="Mexico." HPOS="627" VPOS="2291" WIDTH="150" HEIGHT="75" STYLEREFS="font0"/></TextLine><TextLine WIDTH="1027" HEIGHT="75" ID="p150_t47" HPOS="137" VPOS="2339"><String ID="p150_w355" CONTENT="ALGOR," HPOS="137" VPOS="2339" WIDTH="187" HEIGHT="75" STYLEREFS="font0"/><SP WIDTH="26" VPOS="2339" HPOS="324"/><String ID="p150_w356" CONTENT="with" HPOS="350" VPOS="2339" WIDTH="76" HEIGHT="75" STYLEREFS="font0"/><SP WIDTH="30" VPOS="2339" HPOS="426"/><String ID="p150_w357" CONTENT="phyficians," HPOS="456" VPOS="2339" WIDTH="186" HEIGHT="75" STYLEREFS="font0"/><SP WIDTH="26" VPOS="2339" HPOS="642"/><String ID="p150_w358" CONTENT="an" HPOS="668" VPOS="2339" WIDTH="39" HEIGHT="75" STYLEREFS="font0"/><SP WIDTH="27" VPOS="2339" HPOS="707"/><String ID="p150_w359" CONTENT="unufual" HPOS="734" VPOS="2339" WIDTH="133" HEIGHT="75" STYLEREFS="font0"/><SP WIDTH="20" VPOS="2339" HPOS="867"/><String ID="p150_w360" CONTENT="coldnefs" HPOS="887" VPOS="2339" WIDTH="142" HEIGHT="75" STYLEREFS="font0"/><SP WIDTH="23" VPOS="2339" HPOS="1029"/><String ID="p150_w361" CONTENT="in" HPOS="1052" VPOS="2339" WIDTH="34" HEIGHT="75" STYLEREFS="font0"/><SP WIDTH="17" VPOS="2339" HPOS="1086"/><String ID="p150_w362" CONTENT="any" HPOS="1103" VPOS="2339" WIDTH="61" HEIGHT="75" STYLEREFS="font0"/></TextLine><TextLine WIDTH="309" HEIGHT="75" ID="p150_t48" HPOS="180" VPOS="2384"><String ID="p150_w363" CONTENT="part" HPOS="180" VPOS="2384" WIDTH="70" HEIGHT="75" STYLEREFS="font0"/><SP WIDTH="20" VPOS="2384" HPOS="250"/><String ID="p150_w364" CONTENT="of" HPOS="270" VPOS="2384" WIDTH="40" HEIGHT="75" STYLEREFS="font0"/><SP WIDTH="11" VPOS="2384" HPOS="310"/><String ID="p150_w365" CONTENT="the" HPOS="321" VPOS="2384" WIDTH="55" HEIGHT="75" STYLEREFS="font0"/><SP WIDTH="17" VPOS="2384" HPOS="376"/><String ID="p150_w366" CONTENT="body." HPOS="393" VPOS="2384" WIDTH="96" HEIGHT="75" STYLEREFS="font0"/></TextLine><TextLine WIDTH="1030" HEIGHT="75" ID="p150_t49" HPOS="133" VPOS="2432"><String ID="p150_w367" CONTENT="ALGORITHM," HPOS="133" VPOS="2432" WIDTH="316" HEIGHT="75" STYLEREFS="font0"/><SP WIDTH="26" VPOS="2432" HPOS="449"/><String ID="p150_w368" CONTENT="and" HPOS="475" VPOS="2432" WIDTH="62" HEIGHT="75" STYLEREFS="font0"/><SP WIDTH="16" VPOS="2432" HPOS="537"/><String ID="p150_w369" CONTENT="arabic" HPOS="553" VPOS="2432" WIDTH="107" HEIGHT="75" STYLEREFS="font0"/><SP WIDTH="15" VPOS="2432" HPOS="660"/><String ID="p150_w370" CONTENT="word" HPOS="675" VPOS="2432" WIDTH="91" HEIGHT="75" STYLEREFS="font0"/><SP WIDTH="18" VPOS="2432" HPOS="766"/><String ID="p150_w371" CONTENT="expreflive" HPOS="784" VPOS="2432" WIDTH="170" HEIGHT="75" STYLEREFS="font0"/><SP WIDTH="31" VPOS="2432" HPOS="954"/><String ID="p150_w372" CONTENT="of" HPOS="985" VPOS="2432" WIDTH="41" HEIGHT="75" STYLEREFS="font0"/><SP WIDTH="27" VPOS="2432" HPOS="1026"/><String ID="p150_w373" CONTENT="nume-" HPOS="1053" VPOS="2432" WIDTH="110" HEIGHT="75" STYLEREFS="font0"/></TextLine><TextLine WIDTH="915" HEIGHT="75" ID="p150_t50" HPOS="183" VPOS="2475"><String ID="p150_w374" CONTENT="rical" HPOS="183" VPOS="2475" WIDTH="75" HEIGHT="75" STYLEREFS="font0"/><SP WIDTH="24" VPOS="2475" HPOS="258"/><String ID="p150_w375" CONTENT="computation." HPOS="282" VPOS="2475" WIDTH="231" HEIGHT="75" STYLEREFS="font0"/><SP WIDTH="50" VPOS="2475" HPOS="513"/><String ID="p150_w376" CONTENT="See" HPOS="563" VPOS="2475" WIDTH="62" HEIGHT="75" STYLEREFS="font0"/><SP WIDTH="16" VPOS="2475" HPOS="625"/><String ID="p150_w377" CONTENT="Arithmetic," HPOS="641" VPOS="2475" WIDTH="278" HEIGHT="75" STYLEREFS="font0"/><SP WIDTH="26" VPOS="2475" HPOS="919"/><String ID="p150_w378" CONTENT="Chap." HPOS="945" VPOS="2475" WIDTH="105" HEIGHT="75" STYLEREFS="font0"/><SP WIDTH="19" VPOS="2475" HPOS="1050"/><String ID="p150_w379" CONTENT="I." HPOS="1069" VPOS="2475" WIDTH="29" HEIGHT="75" STYLEREFS="font0"/></TextLine><TextLine WIDTH="1030" HEIGHT="75" ID="p150_t51" HPOS="133" VPOS="2523"><String ID="p150_w380" CONTENT="ALGOSAREL," HPOS="133" VPOS="2523" WIDTH="311" HEIGHT="75" STYLEREFS="font0"/><SP WIDTH="31" VPOS="2523" HPOS="444"/><String ID="p150_w381" CONTENT="in" HPOS="475" VPOS="2523" WIDTH="31" HEIGHT="75" STYLEREFS="font0"/><SP WIDTH="28" VPOS="2523" HPOS="506"/><String ID="p150_w382" CONTENT="botany," HPOS="534" VPOS="2523" WIDTH="132" HEIGHT="75" STYLEREFS="font0"/><SP WIDTH="26" VPOS="2523" HPOS="666"/><String ID="p150_w383" CONTENT="an" HPOS="692" VPOS="2523" WIDTH="40" HEIGHT="75" STYLEREFS="font0"/><SP WIDTH="27" VPOS="2523" HPOS="732"/><String ID="p150_w384" CONTENT="obfolete" HPOS="759" VPOS="2523" WIDTH="141" HEIGHT="75" STYLEREFS="font0"/><SP WIDTH="28" VPOS="2523" HPOS="900"/><String ID="p150_w385" CONTENT="name" HPOS="928" VPOS="2523" WIDTH="92" HEIGHT="75" STYLEREFS="font0"/><SP WIDTH="27" VPOS="2523" HPOS="1020"/><String ID="p150_w386" CONTENT="of" HPOS="1047" VPOS="2523" WIDTH="41" HEIGHT="75" STYLEREFS="font0"/><SP WIDTH="19" VPOS="2523" HPOS="1088"/><String ID="p150_w387" CONTENT="the" HPOS="1107" VPOS="2523" WIDTH="56" HEIGHT="75" STYLEREFS="font0"/></TextLine><TextLine WIDTH="439" HEIGHT="75" ID="p150_t52" HPOS="182" VPOS="2569"><String ID="p150_w388" CONTENT="daucus." HPOS="182" VPOS="2569" WIDTH="132" HEIGHT="75" STYLEREFS="font0"/><SP WIDTH="51" VPOS="2569" HPOS="314"/><String ID="p150_w389" CONTENT="See" HPOS="365" VPOS="2569" WIDTH="60" HEIGHT="75" STYLEREFS="font0"/><SP WIDTH="17" VPOS="2569" HPOS="425"/><String ID="p150_w390" CONTENT="Daucus." HPOS="442" VPOS="2569" WIDTH="179" HEIGHT="75" STYLEREFS="font0"/></TextLine><TextLine WIDTH="1030" HEIGHT="75" ID="p150_t53" HPOS="134" VPOS="2615"><String ID="p150_w391" CONTENT="ALGUAZIL," HPOS="134" VPOS="2615" WIDTH="268" HEIGHT="75" STYLEREFS="font0"/><SP WIDTH="26" VPOS="2615" HPOS="402"/><String ID="p150_w392" CONTENT="in" HPOS="428" VPOS="2615" WIDTH="32" HEIGHT="75" STYLEREFS="font0"/><SP WIDTH="20" VPOS="2615" HPOS="460"/><String ID="p150_w393" CONTENT="the" HPOS="480" VPOS="2615" WIDTH="56" HEIGHT="75" STYLEREFS="font0"/><SP WIDTH="18" VPOS="2615" HPOS="536"/><String ID="p150_w394" CONTENT="Spanilh" HPOS="554" VPOS="2615" WIDTH="130" HEIGHT="75" STYLEREFS="font0"/><SP WIDTH="27" VPOS="2615" HPOS="684"/><String ID="p150_w395" CONTENT="policy," HPOS="711" VPOS="2615" WIDTH="119" HEIGHT="75" STYLEREFS="font0"/><SP WIDTH="26" VPOS="2615" HPOS="830"/><String ID="p150_w396" CONTENT="an" HPOS="856" VPOS="2615" WIDTH="39" HEIGHT="75" STYLEREFS="font0"/><SP WIDTH="26" VPOS="2615" HPOS="895"/><String ID="p150_w397" CONTENT="officer" HPOS="921" VPOS="2615" WIDTH="109" HEIGHT="75" STYLEREFS="font0"/><SP WIDTH="27" VPOS="2615" HPOS="1030"/><String ID="p150_w398" CONTENT="whofe" HPOS="1057" VPOS="2615" WIDTH="107" HEIGHT="75" STYLEREFS="font0"/></TextLine><TextLine WIDTH="935" HEIGHT="75" ID="p150_t54" HPOS="182" VPOS="2661"><String ID="p150_w399" CONTENT="bufinefs" HPOS="182" VPOS="2661" WIDTH="132" HEIGHT="75" STYLEREFS="font0"/><SP WIDTH="18" VPOS="2661" HPOS="314"/><String ID="p150_w400" CONTENT="it" HPOS="332" VPOS="2661" WIDTH="25" HEIGHT="75" STYLEREFS="font0"/><SP WIDTH="15" VPOS="2661" HPOS="357"/><String ID="p150_w401" CONTENT="is" HPOS="372" VPOS="2661" WIDTH="27" HEIGHT="75" STYLEREFS="font0"/><SP WIDTH="17" VPOS="2661" HPOS="399"/><String ID="p150_w402" CONTENT="to" HPOS="416" VPOS="2661" WIDTH="36" HEIGHT="75" STYLEREFS="font0"/><SP WIDTH="13" VPOS="2661" HPOS="452"/><String ID="p150_w403" CONTENT="fee" HPOS="465" VPOS="2661" WIDTH="51" HEIGHT="75" STYLEREFS="font0"/><SP WIDTH="17" VPOS="2661" HPOS="516"/><String ID="p150_w404" CONTENT="theMecrees" HPOS="533" VPOS="2661" WIDTH="199" HEIGHT="75" STYLEREFS="font0"/><SP WIDTH="17" VPOS="2661" HPOS="732"/><String ID="p150_w405" CONTENT="of" HPOS="749" VPOS="2661" WIDTH="40" HEIGHT="75" STYLEREFS="font0"/><SP WIDTH="12" VPOS="2661" HPOS="789"/><String ID="p150_w406" CONTENT="a" HPOS="801" VPOS="2661" WIDTH="18" HEIGHT="75" STYLEREFS="font0"/><SP WIDTH="12" VPOS="2661" HPOS="819"/><String ID="p150_w407" CONTENT="judge" HPOS="831" VPOS="2661" WIDTH="101" HEIGHT="75" STYLEREFS="font0"/><SP WIDTH="16" VPOS="2661" HPOS="932"/><String ID="p150_w408" CONTENT="executed." HPOS="948" VPOS="2661" WIDTH="169" HEIGHT="75" STYLEREFS="font0"/></TextLine><TextLine WIDTH="1038" HEIGHT="75" ID="p150_t55" HPOS="134" VPOS="2708"><String ID="p150_w409" CONTENT="ALHAGI," HPOS="134" VPOS="2708" WIDTH="206" HEIGHT="75" STYLEREFS="font0"/><SP WIDTH="25" VPOS="2708" HPOS="340"/><String ID="p150_w410" CONTENT="in" HPOS="365" VPOS="2708" WIDTH="33" HEIGHT="75" STYLEREFS="font0"/><SP WIDTH="17" VPOS="2708" HPOS="398"/><String ID="p150_w411" CONTENT="botany," HPOS="415" VPOS="2708" WIDTH="131" HEIGHT="75" STYLEREFS="font0"/><SP WIDTH="26" VPOS="2708" HPOS="546"/><String ID="p150_w412" CONTENT="the" HPOS="572" VPOS="2708" WIDTH="55" HEIGHT="75" STYLEREFS="font0"/><SP WIDTH="24" VPOS="2708" HPOS="627"/><String ID="p150_w413" CONTENT="trivial" HPOS="651" VPOS="2708" WIDTH="105" HEIGHT="75" STYLEREFS="font0"/><SP WIDTH="18" VPOS="2708" HPOS="756"/><String ID="p150_w414" CONTENT="name" HPOS="774" VPOS="2708" WIDTH="90" HEIGHT="75" STYLEREFS="font0"/><SP WIDTH="29" VPOS="2708" HPOS="864"/><String ID="p150_w415" CONTENT="of" HPOS="893" VPOS="2708" WIDTH="40" HEIGHT="75" STYLEREFS="font0"/><SP WIDTH="20" VPOS="2708" HPOS="933"/><String ID="p150_w416" CONTENT="a" HPOS="953" VPOS="2708" WIDTH="18" HEIGHT="75" STYLEREFS="font0"/><SP WIDTH="24" VPOS="2708" HPOS="971"/><String ID="p150_w417" CONTENT="fpecies" HPOS="995" VPOS="2708" WIDTH="119" HEIGHT="75" STYLEREFS="font0"/><SP WIDTH="17" VPOS="2708" HPOS="1114"/><String ID="p150_w418" CONTENT="of" HPOS="1131" VPOS="2708" WIDTH="41" HEIGHT="75" STYLEREFS="font0"/></TextLine><TextLine WIDTH="594" HEIGHT="75" ID="p150_t56" HPOS="183" VPOS="2754"><String ID="p150_w419" CONTENT="hedyfarum." HPOS="183" VPOS="2754" WIDTH="200" HEIGHT="75" STYLEREFS="font0"/><SP WIDTH="53" VPOS="2754" HPOS="383"/><String ID="p150_w420" CONTENT="See" HPOS="436" VPOS="2754" WIDTH="61" HEIGHT="75" STYLEREFS="font0"/><SP WIDTH="18" VPOS="2754" HPOS="497"/><String ID="p150_w421" CONTENT="Hydesarum." HPOS="515" VPOS="2754" WIDTH="262" HEIGHT="75" STYLEREFS="font0"/></TextLine><TextLine WIDTH="1027" HEIGHT="75" ID="p150_t57" HPOS="135" VPOS="2800"><String ID="p150_w422" CONTENT="ALHAMA," HPOS="135" VPOS="2800" WIDTH="225" HEIGHT="75" STYLEREFS="font0"/><SP WIDTH="28" VPOS="2800" HPOS="360"/><String ID="p150_w423" CONTENT="a" HPOS="388" VPOS="2800" WIDTH="17" HEIGHT="75" STYLEREFS="font0"/><SP WIDTH="28" VPOS="2800" HPOS="405"/><String ID="p150_w424" CONTENT="fmall" HPOS="433" VPOS="2800" WIDTH="87" HEIGHT="75" STYLEREFS="font0"/><SP WIDTH="26" VPOS="2800" HPOS="520"/><String ID="p150_w425" CONTENT="town" HPOS="546" VPOS="2800" WIDTH="84" HEIGHT="75" STYLEREFS="font0"/><SP WIDTH="31" VPOS="2800" HPOS="630"/><String ID="p150_w426" CONTENT="of" HPOS="661" VPOS="2800" WIDTH="40" HEIGHT="75" STYLEREFS="font0"/><SP WIDTH="18" VPOS="2800" HPOS="701"/><String ID="p150_w427" CONTENT="Granada" HPOS="719" VPOS="2800" WIDTH="156" HEIGHT="75" STYLEREFS="font0"/><SP WIDTH="26" VPOS="2800" HPOS="875"/><String ID="p150_w428" CONTENT="in" HPOS="901" VPOS="2800" WIDTH="32" HEIGHT="75" STYLEREFS="font0"/><SP WIDTH="27" VPOS="2800" HPOS="933"/><String ID="p150_w429" CONTENT="Spain," HPOS="960" VPOS="2800" WIDTH="110" HEIGHT="75" STYLEREFS="font0"/><SP WIDTH="26" VPOS="2800" HPOS="1070"/><String ID="p150_w430" CONTENT="fur-" HPOS="1096" VPOS="2800" WIDTH="66" HEIGHT="75" STYLEREFS="font0"/></TextLine><TextLine WIDTH="980" HEIGHT="75" ID="p150_t58" HPOS="183" VPOS="2847"><String ID="p150_w431" CONTENT="rounded" HPOS="183" VPOS="2847" WIDTH="144" HEIGHT="75" STYLEREFS="font0"/><SP WIDTH="28" VPOS="2847" HPOS="327"/><String ID="p150_w432" CONTENT="with" HPOS="355" VPOS="2847" WIDTH="78" HEIGHT="75" STYLEREFS="font0"/><SP WIDTH="29" VPOS="2847" HPOS="433"/><String ID="p150_w433" CONTENT="hills," HPOS="462" VPOS="2847" WIDTH="86" HEIGHT="75" STYLEREFS="font0"/><SP WIDTH="41" VPOS="2847" HPOS="548"/><String ID="p150_w434" CONTENT="and" HPOS="589" VPOS="2847" WIDTH="62" HEIGHT="75" STYLEREFS="font0"/><SP WIDTH="27" VPOS="2847" HPOS="651"/><String ID="p150_w435" CONTENT="fituated" HPOS="678" VPOS="2847" WIDTH="134" HEIGHT="75" STYLEREFS="font0"/><SP WIDTH="28" VPOS="2847" HPOS="812"/><String ID="p150_w436" CONTENT="about" HPOS="840" VPOS="2847" WIDTH="97" HEIGHT="75" STYLEREFS="font0"/><SP WIDTH="28" VPOS="2847" HPOS="937"/><String ID="p150_w437" CONTENT="twenty-five" HPOS="965" VPOS="2847" WIDTH="198" HEIGHT="75" STYLEREFS="font0"/></TextLine><TextLine WIDTH="977" HEIGHT="75" ID="p150_t59" HPOS="183" VPOS="2875"><String ID="p150_w438" CONTENT="miles" HPOS="183" VPOS="2893" WIDTH="90" HEIGHT="75" STYLEREFS="font0"/><SP WIDTH="27" VPOS="2893" HPOS="273"/><String ID="p150_w439" CONTENT="S." HPOS="300" VPOS="2893" WIDTH="36" HEIGHT="75" STYLEREFS="font0"/><SP WIDTH="18" VPOS="2893" HPOS="336"/><String ID="p150_w440" CONTENT="W." HPOS="354" VPOS="2893" WIDTH="61" HEIGHT="75" STYLEREFS="font0"/><SP WIDTH="25" VPOS="2893" HPOS="415"/><String ID="p150_w441" CONTENT="of" HPOS="440" VPOS="2893" WIDTH="41" HEIGHT="75" STYLEREFS="font0"/><SP WIDTH="11" VPOS="2893" HPOS="481"/><String ID="p150_w442" CONTENT="Granada," HPOS="492" VPOS="2893" WIDTH="165" HEIGHT="75" STYLEREFS="font0"/><SP WIDTH="25" VPOS="2893" HPOS="657"/><String ID="p150_w443" CONTENT="W." HPOS="682" VPOS="2893" WIDTH="60" HEIGHT="75" STYLEREFS="font0"/><SP WIDTH="18" VPOS="2893" HPOS="742"/><String ID="p150_w444" CONTENT="long." HPOS="760" VPOS="2893" WIDTH="88" HEIGHT="75" STYLEREFS="font0"/><SP WIDTH="19" VPOS="2893" HPOS="848"/><String ID="p150_w445" CONTENT="4VN," HPOS="867" VPOS="2893" WIDTH="126" HEIGHT="75" STYLEREFS="font0"/><SP WIDTH="17" VPOS="2893" HPOS="993"/><String ID="p150_w446" CONTENT="lat." HPOS="1010" VPOS="2893" WIDTH="59" HEIGHT="75" STYLEREFS="font0"/><SP WIDTH="17" VPOS="2893" HPOS="1069"/><String ID="p150_w447" CONTENT="37" HPOS="1086" VPOS="2893" WIDTH="40" HEIGHT="75" STYLEREFS="font0"/><String ID="p150_w448" CONTENT="0" HPOS="1126" VPOS="2875" WIDTH="21" HEIGHT="49" STYLEREFS="font1"/><String ID="p150_w449" CONTENT="." HPOS="1147" VPOS="2893" WIDTH="13" HEIGHT="75" STYLEREFS="font0"/></TextLine><TextLine WIDTH="1029" HEIGHT="75" ID="p150_t60" HPOS="135" VPOS="2940"><String ID="p150_w450" CONTENT="ALHANDAL," HPOS="135" VPOS="2940" WIDTH="290" HEIGHT="75" STYLEREFS="font0"/><SP WIDTH="26" VPOS="2940" HPOS="425"/><String ID="p150_w451" CONTENT="among" HPOS="451" VPOS="2940" WIDTH="114" HEIGHT="75" STYLEREFS="font0"/><SP WIDTH="17" VPOS="2940" HPOS="565"/><String ID="p150_w452" CONTENT="Arabian" HPOS="582" VPOS="2940" WIDTH="140" HEIGHT="75" STYLEREFS="font0"/><SP WIDTH="17" VPOS="2940" HPOS="722"/><String ID="p150_w453" CONTENT="phyficians," HPOS="739" VPOS="2940" WIDTH="186" HEIGHT="75" STYLEREFS="font0"/><SP WIDTH="26" VPOS="2940" HPOS="925"/><String ID="p150_w454" CONTENT="a" HPOS="951" VPOS="2940" WIDTH="18" HEIGHT="75" STYLEREFS="font0"/><SP WIDTH="17" VPOS="2940" HPOS="969"/><String ID="p150_w455" CONTENT="name" HPOS="986" VPOS="2940" WIDTH="91" HEIGHT="75" STYLEREFS="font0"/><SP WIDTH="12" VPOS="2940" HPOS="1077"/><String ID="p150_w456" CONTENT="ufed" HPOS="1089" VPOS="2940" WIDTH="75" HEIGHT="75" STYLEREFS="font0"/></TextLine><TextLine WIDTH="643" HEIGHT="75" ID="p150_t61" HPOS="185" VPOS="2985"><String ID="p150_w457" CONTENT="for" HPOS="185" VPOS="2985" WIDTH="50" HEIGHT="75" STYLEREFS="font0"/><SP WIDTH="19" VPOS="2985" HPOS="235"/><String ID="p150_w458" CONTENT="colocynth." HPOS="254" VPOS="2985" WIDTH="186" HEIGHT="75" STYLEREFS="font0"/><SP WIDTH="51" VPOS="2985" HPOS="440"/><String ID="p150_w459" CONTENT="See" HPOS="491" VPOS="2985" WIDTH="62" HEIGHT="75" STYLEREFS="font0"/><SP WIDTH="17" VPOS="2985" HPOS="553"/><String ID="p150_w460" CONTENT="Colocynth." HPOS="570" VPOS="2985" WIDTH="258" HEIGHT="75" STYLEREFS="font0"/></TextLine><TextLine WIDTH="998" HEIGHT="75" ID="p150_t62" HPOS="136" VPOS="3032"><String ID="p150_w461" CONTENT="ALHEAL," HPOS="136" VPOS="3032" WIDTH="214" HEIGHT="75" STYLEREFS="font0"/><SP WIDTH="23" VPOS="3032" HPOS="350"/><String ID="p150_w462" CONTENT="in" HPOS="373" VPOS="3032" WIDTH="33" HEIGHT="75" STYLEREFS="font0"/><SP WIDTH="15" VPOS="3032" HPOS="406"/><String ID="p150_w463" CONTENT="botany." HPOS="421" VPOS="3032" WIDTH="133" HEIGHT="75" STYLEREFS="font0"/><SP WIDTH="50" VPOS="3032" HPOS="554"/><String ID="p150_w464" CONTENT="See" HPOS="604" VPOS="3032" WIDTH="62" HEIGHT="75" STYLEREFS="font0"/><SP WIDTH="15" VPOS="3032" HPOS="666"/><String ID="p150_w465" CONTENT="Galeopsis," HPOS="681" VPOS="3032" WIDTH="233" HEIGHT="75" STYLEREFS="font0"/><SP WIDTH="26" VPOS="3032" HPOS="914"/><String ID="p150_w466" CONTENT="Stachys." HPOS="940" VPOS="3032" WIDTH="194" HEIGHT="75" STYLEREFS="font0"/></TextLine><TextLine WIDTH="9" HEIGHT="75" ID="p150_t63" HPOS="1204" VPOS="180"><String ID="p150_w467" CONTENT="!" HPOS="1204" VPOS="180" WIDTH="9" HEIGHT="75" STYLEREFS="font0"/></TextLine><TextLine WIDTH="37" HEIGHT="75" ID="p150_t64" HPOS="1360" VPOS="180"><String ID="p150_w468" CONTENT="B" HPOS="1360" VPOS="180" WIDTH="37" HEIGHT="75" STYLEREFS="font0"/></TextLine><TextLine WIDTH="37" HEIGHT="75" ID="p150_t65" HPOS="1544" VPOS="180"><String ID="p150_w469" CONTENT="R" HPOS="1544" VPOS="180" WIDTH="37" HEIGHT="75" STYLEREFS="font0"/></TextLine><TextLine WIDTH="54" HEIGHT="75" ID="p150_t66" HPOS="1726" VPOS="180"><String ID="p150_w470" CONTENT="A." HPOS="1726" VPOS="180" WIDTH="54" HEIGHT="75" STYLEREFS="font0"/></TextLine><TextLine WIDTH="1032" HEIGHT="75" ID="p150_t67" HPOS="1217" VPOS="246"><String ID="p150_w471" CONTENT="elude" HPOS="1217" VPOS="246" WIDTH="92" HEIGHT="75" STYLEREFS="font0"/><SP WIDTH="17" VPOS="246" HPOS="1309"/><String ID="p150_w472" CONTENT="that" HPOS="1326" VPOS="246" WIDTH="70" HEIGHT="75" STYLEREFS="font0"/><SP WIDTH="16" VPOS="246" HPOS="1396"/><String ID="p150_w473" CONTENT="of" HPOS="1412" VPOS="246" WIDTH="41" HEIGHT="75" STYLEREFS="font0"/><SP WIDTH="10" VPOS="246" HPOS="1453"/><String ID="p150_w474" CONTENT="the" HPOS="1463" VPOS="246" WIDTH="55" HEIGHT="75" STYLEREFS="font0"/><SP WIDTH="17" VPOS="246" HPOS="1518"/><String ID="p150_w475" CONTENT="four" HPOS="1535" VPOS="246" WIDTH="75" HEIGHT="75" STYLEREFS="font0"/><SP WIDTH="16" VPOS="246" HPOS="1610"/><String ID="p150_w476" CONTENT="negative" HPOS="1626" VPOS="246" WIDTH="145" HEIGHT="75" STYLEREFS="font0"/><SP WIDTH="18" VPOS="246" HPOS="1771"/><String ID="p150_w477" CONTENT="roots" HPOS="1789" VPOS="246" WIDTH="89" HEIGHT="75" STYLEREFS="font0"/><SP WIDTH="17" VPOS="246" HPOS="1878"/><String ID="p150_w478" CONTENT="two" HPOS="1895" VPOS="246" WIDTH="66" HEIGHT="75" STYLEREFS="font0"/><SP WIDTH="17" VPOS="246" HPOS="1961"/><String ID="p150_w479" CONTENT="are" HPOS="1978" VPOS="246" WIDTH="52" HEIGHT="75" STYLEREFS="font0"/><SP WIDTH="29" VPOS="246" HPOS="2030"/><String ID="p150_w480" CONTENT="imaginary." HPOS="2059" VPOS="246" WIDTH="190" HEIGHT="75" STYLEREFS="font0"/></TextLine><TextLine WIDTH="977" HEIGHT="75" ID="p150_t68" HPOS="1271" VPOS="293"><String ID="p150_w481" CONTENT="This" HPOS="1271" VPOS="293" WIDTH="86" HEIGHT="75" STYLEREFS="font0"/><SP WIDTH="31" VPOS="293" HPOS="1357"/><String ID="p150_w482" CONTENT="always" HPOS="1388" VPOS="293" WIDTH="118" HEIGHT="75" STYLEREFS="font0"/><SP WIDTH="27" VPOS="293" HPOS="1506"/><String ID="p150_w483" CONTENT="holds" HPOS="1533" VPOS="293" WIDTH="95" HEIGHT="75" STYLEREFS="font0"/><SP WIDTH="28" VPOS="293" HPOS="1628"/><String ID="p150_w484" CONTENT="good," HPOS="1656" VPOS="293" WIDTH="99" HEIGHT="75" STYLEREFS="font0"/><SP WIDTH="32" VPOS="293" HPOS="1755"/><String ID="p150_w485" CONTENT="unlefs," HPOS="1787" VPOS="293" WIDTH="116" HEIGHT="75" STYLEREFS="font0"/><SP WIDTH="32" VPOS="293" HPOS="1903"/><String ID="p150_w486" CONTENT="which" HPOS="1935" VPOS="293" WIDTH="106" HEIGHT="75" STYLEREFS="font0"/><SP WIDTH="30" VPOS="293" HPOS="2041"/><String ID="p150_w487" CONTENT="fometiraes" HPOS="2071" VPOS="293" WIDTH="177" HEIGHT="75" STYLEREFS="font0"/></TextLine><TextLine WIDTH="1033" HEIGHT="75" ID="p150_t69" HPOS="1216" VPOS="339"><String ID="p150_w488" CONTENT="may." HPOS="1216" VPOS="339" WIDTH="82" HEIGHT="75" STYLEREFS="font0"/><SP WIDTH="8" VPOS="339" HPOS="1298"/><String ID="p150_w489" CONTENT="happen," HPOS="1306" VPOS="339" WIDTH="136" HEIGHT="75" STYLEREFS="font0"/><SP WIDTH="28" VPOS="339" HPOS="1442"/><String ID="p150_w490" CONTENT="“" HPOS="1470" VPOS="339" WIDTH="25" HEIGHT="75" STYLEREFS="font0"/><SP WIDTH="26" VPOS="339" HPOS="1495"/><String ID="p150_w491" CONTENT="there" HPOS="1521" VPOS="339" WIDTH="92" HEIGHT="75" STYLEREFS="font0"/><SP WIDTH="29" VPOS="339" HPOS="1613"/><String ID="p150_w492" CONTENT="are" HPOS="1642" VPOS="339" WIDTH="54" HEIGHT="75" STYLEREFS="font0"/><SP WIDTH="24" VPOS="339" HPOS="1696"/><String ID="p150_w493" CONTENT="more" HPOS="1720" VPOS="339" WIDTH="88" HEIGHT="75" STYLEREFS="font0"/><SP WIDTH="16" VPOS="339" HPOS="1808"/><String ID="p150_w494" CONTENT="impofiible" HPOS="1824" VPOS="339" WIDTH="171" HEIGHT="75" STYLEREFS="font0"/><SP WIDTH="22" VPOS="339" HPOS="1995"/><String ID="p150_w495" CONTENT="roots" HPOS="2017" VPOS="339" WIDTH="89" HEIGHT="75" STYLEREFS="font0"/><SP WIDTH="27" VPOS="339" HPOS="2106"/><String ID="p150_w496" CONTENT="in" HPOS="2133" VPOS="339" WIDTH="34" HEIGHT="75" STYLEREFS="font0"/><SP WIDTH="26" VPOS="339" HPOS="2167"/><String ID="p150_w497" CONTENT="the" HPOS="2193" VPOS="339" WIDTH="56" HEIGHT="75" STYLEREFS="font0"/></TextLine><TextLine WIDTH="851" HEIGHT="75" ID="p150_t70" HPOS="1218" VPOS="389"><String ID="p150_w498" CONTENT="“" HPOS="1218" VPOS="389" WIDTH="24" HEIGHT="75" STYLEREFS="font0"/><SP WIDTH="26" VPOS="389" HPOS="1242"/><String ID="p150_w499" CONTENT="equation" HPOS="1268" VPOS="389" WIDTH="152" HEIGHT="75" STYLEREFS="font0"/><SP WIDTH="16" VPOS="389" HPOS="1420"/><String ID="p150_w500" CONTENT="than" HPOS="1436" VPOS="389" WIDTH="77" HEIGHT="75" STYLEREFS="font0"/><SP WIDTH="15" VPOS="389" HPOS="1513"/><String ID="p150_w501" CONTENT="are" HPOS="1528" VPOS="389" WIDTH="55" HEIGHT="75" STYLEREFS="font0"/><SP WIDTH="16" VPOS="389" HPOS="1583"/><String ID="p150_w502" CONTENT="difcoverable" HPOS="1599" VPOS="389" WIDTH="215" HEIGHT="75" STYLEREFS="font0"/><SP WIDTH="15" VPOS="389" HPOS="1814"/><String ID="p150_w503" CONTENT="by" HPOS="1829" VPOS="389" WIDTH="45" HEIGHT="75" STYLEREFS="font0"/><SP WIDTH="16" VPOS="389" HPOS="1874"/><String ID="p150_w504" CONTENT="the" HPOS="1890" VPOS="389" WIDTH="55" HEIGHT="75" STYLEREFS="font0"/><SP WIDTH="19" VPOS="389" HPOS="1945"/><String ID="p150_w505" CONTENT="rule.”" HPOS="1964" VPOS="389" WIDTH="105" HEIGHT="75" STYLEREFS="font0"/></TextLine><TextLine WIDTH="179" HEIGHT="75" ID="p150_t71" HPOS="1678" VPOS="571"><String ID="p150_w506" CONTENT="A" HPOS="1678" VPOS="571" WIDTH="33" HEIGHT="75" STYLEREFS="font0"/><SP WIDTH="49" VPOS="571" HPOS="1711"/><String ID="p150_w507" CONTENT="L" HPOS="1760" VPOS="571" WIDTH="31" HEIGHT="75" STYLEREFS="font0"/><SP WIDTH="49" VPOS="571" HPOS="1791"/><String ID="p150_w508" CONTENT="I" HPOS="1840" VPOS="571" WIDTH="17" HEIGHT="75" STYLEREFS="font0"/></TextLine><TextLine WIDTH="1033" HEIGHT="75" ID="p150_t72" HPOS="1215" VPOS="663"><String ID="p150_w509" CONTENT="ALHENNA," HPOS="1215" VPOS="663" WIDTH="254" HEIGHT="75" STYLEREFS="font0"/><SP WIDTH="25" VPOS="663" HPOS="1469"/><String ID="p150_w510" CONTENT="in" HPOS="1494" VPOS="663" WIDTH="33" HEIGHT="75" STYLEREFS="font0"/><SP WIDTH="17" VPOS="663" HPOS="1527"/><String ID="p150_w511" CONTENT="botany," HPOS="1544" VPOS="663" WIDTH="132" HEIGHT="75" STYLEREFS="font0"/><SP WIDTH="26" VPOS="663" HPOS="1676"/><String ID="p150_w512" CONTENT="a" HPOS="1702" VPOS="663" WIDTH="18" HEIGHT="75" STYLEREFS="font0"/><SP WIDTH="27" VPOS="663" HPOS="1720"/><String ID="p150_w513" CONTENT="fynonime" HPOS="1747" VPOS="663" WIDTH="162" HEIGHT="75" STYLEREFS="font0"/><SP WIDTH="23" VPOS="663" HPOS="1909"/><String ID="p150_w514" CONTENT="of" HPOS="1932" VPOS="663" WIDTH="41" HEIGHT="75" STYLEREFS="font0"/><SP WIDTH="21" VPOS="663" HPOS="1973"/><String ID="p150_w515" CONTENT="the" HPOS="1994" VPOS="663" WIDTH="56" HEIGHT="75" STYLEREFS="font0"/><SP WIDTH="16" VPOS="663" HPOS="2050"/><String ID="p150_w516" CONTENT="Lawfonia." HPOS="2066" VPOS="663" WIDTH="182" HEIGHT="75" STYLEREFS="font0"/></TextLine><TextLine WIDTH="295" HEIGHT="75" ID="p150_t73" HPOS="1265" VPOS="708"><String ID="p150_w517" CONTENT="See" HPOS="1265" VPOS="708" WIDTH="60" HEIGHT="75" STYLEREFS="font0"/><SP WIDTH="17" VPOS="708" HPOS="1325"/><String ID="p150_w518" CONTENT="Lawsonia." HPOS="1342" VPOS="708" WIDTH="218" HEIGHT="75" STYLEREFS="font0"/></TextLine><TextLine WIDTH="1030" HEIGHT="75" ID="p150_t74" HPOS="1216" VPOS="756"><String ID="p150_w519" CONTENT="ALHIDADE," HPOS="1216" VPOS="756" WIDTH="275" HEIGHT="75" STYLEREFS="font0"/><SP WIDTH="25" VPOS="756" HPOS="1491"/><String ID="p150_w520" CONTENT="or" HPOS="1516" VPOS="756" WIDTH="39" HEIGHT="75" STYLEREFS="font0"/><SP WIDTH="15" VPOS="756" HPOS="1555"/><String ID="p150_w521" CONTENT="Alidade," HPOS="1570" VPOS="756" WIDTH="196" HEIGHT="75" STYLEREFS="font0"/><SP WIDTH="27" VPOS="756" HPOS="1766"/><String ID="p150_w522" CONTENT="a" HPOS="1793" VPOS="756" WIDTH="18" HEIGHT="75" STYLEREFS="font0"/><SP WIDTH="16" VPOS="756" HPOS="1811"/><String ID="p150_w523" CONTENT="term" HPOS="1827" VPOS="756" WIDTH="82" HEIGHT="75" STYLEREFS="font0"/><SP WIDTH="25" VPOS="756" HPOS="1909"/><String ID="p150_w524" CONTENT="of" HPOS="1934" VPOS="756" WIDTH="41" HEIGHT="75" STYLEREFS="font0"/><SP WIDTH="17" VPOS="756" HPOS="1975"/><String ID="p150_w525" CONTENT="Arabic" HPOS="1992" VPOS="756" WIDTH="123" HEIGHT="75" STYLEREFS="font0"/><SP WIDTH="15" VPOS="756" HPOS="2115"/><String ID="p150_w526" CONTENT="origin," HPOS="2130" VPOS="756" WIDTH="116" HEIGHT="75" STYLEREFS="font0"/></TextLine><TextLine WIDTH="985" HEIGHT="75" ID="p150_t75" HPOS="1262" VPOS="801"><String ID="p150_w527" CONTENT="fignifying" HPOS="1262" VPOS="801" WIDTH="168" HEIGHT="75" STYLEREFS="font0"/><SP WIDTH="16" VPOS="801" HPOS="1430"/><String ID="p150_w528" CONTENT="the" HPOS="1446" VPOS="801" WIDTH="54" HEIGHT="75" STYLEREFS="font0"/><SP WIDTH="17" VPOS="801" HPOS="1500"/><String ID="p150_w529" CONTENT="index" HPOS="1517" VPOS="801" WIDTH="99" HEIGHT="75" STYLEREFS="font0"/><SP WIDTH="16" VPOS="801" HPOS="1616"/><String ID="p150_w530" CONTENT="or" HPOS="1632" VPOS="801" WIDTH="38" HEIGHT="75" STYLEREFS="font0"/><SP WIDTH="15" VPOS="801" HPOS="1670"/><String ID="p150_w531" CONTENT="diopter" HPOS="1685" VPOS="801" WIDTH="127" HEIGHT="75" STYLEREFS="font0"/><SP WIDTH="16" VPOS="801" HPOS="1812"/><String ID="p150_w532" CONTENT="of" HPOS="1828" VPOS="801" WIDTH="40" HEIGHT="75" STYLEREFS="font0"/><SP WIDTH="23" VPOS="801" HPOS="1868"/><String ID="p150_w533" CONTENT="a" HPOS="1891" VPOS="801" WIDTH="18" HEIGHT="75" STYLEREFS="font0"/><SP WIDTH="28" VPOS="801" HPOS="1909"/><String ID="p150_w534" CONTENT="mathematical" HPOS="1937" VPOS="801" WIDTH="234" HEIGHT="75" STYLEREFS="font0"/><SP WIDTH="28" VPOS="801" HPOS="2171"/><String ID="p150_w535" CONTENT="in-" HPOS="2199" VPOS="801" WIDTH="48" HEIGHT="75" STYLEREFS="font0"/></TextLine><TextLine WIDTH="985" HEIGHT="75" ID="p150_t76" HPOS="1262" VPOS="848"><String ID="p150_w536" CONTENT="ftrument" HPOS="1262" VPOS="848" WIDTH="152" HEIGHT="75" STYLEREFS="font0"/><SP WIDTH="26" VPOS="848" HPOS="1414"/><String ID="p150_w537" CONTENT="for" HPOS="1440" VPOS="848" WIDTH="53" HEIGHT="75" STYLEREFS="font0"/><SP WIDTH="23" VPOS="848" HPOS="1493"/><String ID="p150_w538" CONTENT="taking" HPOS="1516" VPOS="848" WIDTH="111" HEIGHT="75" STYLEREFS="font0"/><SP WIDTH="24" VPOS="848" HPOS="1627"/><String ID="p150_w539" CONTENT="heights" HPOS="1651" VPOS="848" WIDTH="127" HEIGHT="75" STYLEREFS="font0"/><SP WIDTH="18" VPOS="848" HPOS="1778"/><String ID="p150_w540" CONTENT="and" HPOS="1796" VPOS="848" WIDTH="62" HEIGHT="75" STYLEREFS="font0"/><SP WIDTH="16" VPOS="848" HPOS="1858"/><String ID="p150_w541" CONTENT="diftances." HPOS="1874" VPOS="848" WIDTH="166" HEIGHT="75" STYLEREFS="font0"/><SP WIDTH="48" VPOS="848" HPOS="2040"/><String ID="p150_w542" CONTENT="See" HPOS="2088" VPOS="848" WIDTH="64" HEIGHT="75" STYLEREFS="font0"/><SP WIDTH="24" VPOS="848" HPOS="2152"/><String ID="p150_w543" CONTENT="Di-" HPOS="2176" VPOS="848" WIDTH="71" HEIGHT="75" STYLEREFS="font0"/></TextLine><TextLine WIDTH="139" HEIGHT="75" ID="p150_t77" HPOS="1265" VPOS="894"><String ID="p150_w544" CONTENT="opter." HPOS="1265" VPOS="894" WIDTH="139" HEIGHT="75" STYLEREFS="font0"/></TextLine><TextLine WIDTH="1038" HEIGHT="75" ID="p150_t78" HPOS="1215" VPOS="942"><String ID="p150_w545" CONTENT="ALJAMEIA," HPOS="1215" VPOS="942" WIDTH="263" HEIGHT="75" STYLEREFS="font0"/><SP WIDTH="41" VPOS="942" HPOS="1478"/><String ID="p150_w546" CONTENT="the" HPOS="1519" VPOS="942" WIDTH="55" HEIGHT="75" STYLEREFS="font0"/><SP WIDTH="28" VPOS="942" HPOS="1574"/><String ID="p150_w547" CONTENT="name" HPOS="1602" VPOS="942" WIDTH="91" HEIGHT="75" STYLEREFS="font0"/><SP WIDTH="29" VPOS="942" HPOS="1693"/><String ID="p150_w548" CONTENT="by" HPOS="1722" VPOS="942" WIDTH="44" HEIGHT="75" STYLEREFS="font0"/><SP WIDTH="24" VPOS="942" HPOS="1766"/><String ID="p150_w549" CONTENT="which" HPOS="1790" VPOS="942" WIDTH="104" HEIGHT="75" STYLEREFS="font0"/><SP WIDTH="28" VPOS="942" HPOS="1894"/><String ID="p150_w550" CONTENT="the" HPOS="1922" VPOS="942" WIDTH="56" HEIGHT="75" STYLEREFS="font0"/><SP WIDTH="27" VPOS="942" HPOS="1978"/><String ID="p150_w551" CONTENT="Morifcoes" HPOS="2005" VPOS="942" WIDTH="179" HEIGHT="75" STYLEREFS="font0"/><SP WIDTH="28" VPOS="942" HPOS="2184"/><String ID="p150_w552" CONTENT="of" HPOS="2212" VPOS="942" WIDTH="41" HEIGHT="75" STYLEREFS="font0"/></TextLine><TextLine WIDTH="627" HEIGHT="75" ID="p150_t79" HPOS="1265" VPOS="987"><String ID="p150_w553" CONTENT="Spain" HPOS="1265" VPOS="987" WIDTH="96" HEIGHT="75" STYLEREFS="font0"/><SP WIDTH="18" VPOS="987" HPOS="1361"/><String ID="p150_w554" CONTENT="called" HPOS="1379" VPOS="987" WIDTH="104" HEIGHT="75" STYLEREFS="font0"/><SP WIDTH="17" VPOS="987" HPOS="1483"/><String ID="p150_w555" CONTENT="the" HPOS="1500" VPOS="987" WIDTH="54" HEIGHT="75" STYLEREFS="font0"/><SP WIDTH="19" VPOS="987" HPOS="1554"/><String ID="p150_w556" CONTENT="Spanifh" HPOS="1573" VPOS="987" WIDTH="130" HEIGHT="75" STYLEREFS="font0"/><SP WIDTH="17" VPOS="987" HPOS="1703"/><String ID="p150_w557" CONTENT="language." HPOS="1720" VPOS="987" WIDTH="172" HEIGHT="75" STYLEREFS="font0"/></TextLine><TextLine WIDTH="1031" HEIGHT="75" ID="p150_t80" HPOS="1216" VPOS="1034"><String ID="p150_w558" CONTENT="ALICANT," HPOS="1216" VPOS="1034" WIDTH="234" HEIGHT="75" STYLEREFS="font0"/><SP WIDTH="35" VPOS="1034" HPOS="1450"/><String ID="p150_w559" CONTENT="a" HPOS="1485" VPOS="1034" WIDTH="18" HEIGHT="75" STYLEREFS="font0"/><SP WIDTH="26" VPOS="1034" HPOS="1503"/><String ID="p150_w560" CONTENT="large" HPOS="1529" VPOS="1034" WIDTH="89" HEIGHT="75" STYLEREFS="font0"/><SP WIDTH="23" VPOS="1034" HPOS="1618"/><String ID="p150_w561" CONTENT="fea-port" HPOS="1641" VPOS="1034" WIDTH="142" HEIGHT="75" STYLEREFS="font0"/><SP WIDTH="26" VPOS="1034" HPOS="1783"/><String ID="p150_w562" CONTENT="town" HPOS="1809" VPOS="1034" WIDTH="88" HEIGHT="75" STYLEREFS="font0"/><SP WIDTH="23" VPOS="1034" HPOS="1897"/><String ID="p150_w563" CONTENT="of" HPOS="1920" VPOS="1034" WIDTH="46" HEIGHT="75" STYLEREFS="font0"/><SP WIDTH="20" VPOS="1034" HPOS="1966"/><String ID="p150_w564" CONTENT="Spain," HPOS="1986" VPOS="1034" WIDTH="110" HEIGHT="75" STYLEREFS="font0"/><SP WIDTH="36" VPOS="1034" HPOS="2096"/><String ID="p150_w565" CONTENT="in" HPOS="2132" VPOS="1034" WIDTH="32" HEIGHT="75" STYLEREFS="font0"/><SP WIDTH="28" VPOS="1034" HPOS="2164"/><String ID="p150_w566" CONTENT="the" HPOS="2192" VPOS="1034" WIDTH="55" HEIGHT="75" STYLEREFS="font0"/></TextLine><TextLine WIDTH="986" HEIGHT="75" ID="p150_t81" HPOS="1260" VPOS="1081"><String ID="p150_w567" CONTENT="province" HPOS="1260" VPOS="1081" WIDTH="149" HEIGHT="75" STYLEREFS="font0"/><SP WIDTH="25" VPOS="1081" HPOS="1409"/><String ID="p150_w568" CONTENT="of" HPOS="1434" VPOS="1081" WIDTH="41" HEIGHT="75" STYLEREFS="font0"/><SP WIDTH="13" VPOS="1081" HPOS="1475"/><String ID="p150_w569" CONTENT="Valencia," HPOS="1488" VPOS="1081" WIDTH="167" HEIGHT="75" STYLEREFS="font0"/><SP WIDTH="25" VPOS="1081" HPOS="1655"/><String ID="p150_w570" CONTENT="wdth" HPOS="1680" VPOS="1081" WIDTH="81" HEIGHT="75" STYLEREFS="font0"/><SP WIDTH="23" VPOS="1081" HPOS="1761"/><String ID="p150_w571" CONTENT="a" HPOS="1784" VPOS="1081" WIDTH="19" HEIGHT="75" STYLEREFS="font0"/><SP WIDTH="21" VPOS="1081" HPOS="1803"/><String ID="p150_w572" CONTENT="very" HPOS="1824" VPOS="1081" WIDTH="79" HEIGHT="75" STYLEREFS="font0"/><SP WIDTH="24" VPOS="1081" HPOS="1903"/><String ID="p150_w573" CONTENT="ftrong" HPOS="1927" VPOS="1081" WIDTH="107" HEIGHT="75" STYLEREFS="font0"/><SP WIDTH="24" VPOS="1081" HPOS="2034"/><String ID="p150_w574" CONTENT="caftle." HPOS="2058" VPOS="1081" WIDTH="106" HEIGHT="75" STYLEREFS="font0"/><SP WIDTH="50" VPOS="1081" HPOS="2164"/><String ID="p150_w575" CONTENT="It" HPOS="2214" VPOS="1081" WIDTH="32" HEIGHT="75" STYLEREFS="font0"/></TextLine><TextLine WIDTH="879" HEIGHT="75" ID="p150_t82" HPOS="1260" VPOS="1109"><String ID="p150_w576" CONTENT="i§" HPOS="1260" VPOS="1127" WIDTH="25" HEIGHT="75" STYLEREFS="font0"/><SP WIDTH="13" VPOS="1127" HPOS="1285"/><String ID="p150_w577" CONTENT="fituated" HPOS="1298" VPOS="1127" WIDTH="134" HEIGHT="75" STYLEREFS="font0"/><SP WIDTH="15" VPOS="1127" HPOS="1432"/><String ID="p150_w578" CONTENT="in" HPOS="1447" VPOS="1127" WIDTH="31" HEIGHT="75" STYLEREFS="font0"/><SP WIDTH="17" VPOS="1127" HPOS="1478"/><String ID="p150_w579" CONTENT="W." HPOS="1495" VPOS="1127" WIDTH="60" HEIGHT="75" STYLEREFS="font0"/><SP WIDTH="18" VPOS="1127" HPOS="1555"/><String ID="p150_w580" CONTENT="long," HPOS="1573" VPOS="1127" WIDTH="89" HEIGHT="75" STYLEREFS="font0"/><SP WIDTH="78" VPOS="1127" HPOS="1662"/><String ID="p150_w581" CONTENT="," HPOS="1740" VPOS="1127" WIDTH="10" HEIGHT="75" STYLEREFS="font0"/><SP WIDTH="25" VPOS="1127" HPOS="1750"/><String ID="p150_w582" CONTENT="and" HPOS="1775" VPOS="1127" WIDTH="63" HEIGHT="75" STYLEREFS="font0"/><SP WIDTH="16" VPOS="1127" HPOS="1838"/><String ID="p150_w583" CONTENT="N." HPOS="1854" VPOS="1127" WIDTH="45" HEIGHT="75" STYLEREFS="font0"/><SP WIDTH="16" VPOS="1127" HPOS="1899"/><String ID="p150_w584" CONTENT="lat." HPOS="1915" VPOS="1127" WIDTH="60" HEIGHT="75" STYLEREFS="font0"/><SP WIDTH="19" VPOS="1127" HPOS="1975"/><String ID="p150_w585" CONTENT="38°" HPOS="1994" VPOS="1127" WIDTH="62" HEIGHT="75" STYLEREFS="font0"/><SP WIDTH="15" VPOS="1127" HPOS="2056"/><String ID="p150_w586" CONTENT="37" HPOS="2071" VPOS="1127" WIDTH="42" HEIGHT="75" STYLEREFS="font0"/><String ID="p150_w587" CONTENT="/" HPOS="2113" VPOS="1109" WIDTH="14" HEIGHT="49" STYLEREFS="font1"/><String ID="p150_w588" CONTENT="," HPOS="2127" VPOS="1127" WIDTH="12" HEIGHT="75" STYLEREFS="font0"/></TextLine><TextLine WIDTH="1027" HEIGHT="75" ID="p150_t83" HPOS="1213" VPOS="1174"><String ID="p150_w589" CONTENT="ALICATA," HPOS="1213" VPOS="1174" WIDTH="232" HEIGHT="75" STYLEREFS="font0"/><SP WIDTH="26" VPOS="1174" HPOS="1445"/><String ID="p150_w590" CONTENT="a" HPOS="1471" VPOS="1174" WIDTH="19" HEIGHT="75" STYLEREFS="font0"/><SP WIDTH="26" VPOS="1174" HPOS="1490"/><String ID="p150_w591" CONTENT="mountain" HPOS="1516" VPOS="1174" WIDTH="164" HEIGHT="75" STYLEREFS="font0"/><SP WIDTH="33" VPOS="1174" HPOS="1680"/><String ID="p150_w592" CONTENT="of" HPOS="1713" VPOS="1174" WIDTH="40" HEIGHT="75" STYLEREFS="font0"/><SP WIDTH="29" VPOS="1174" HPOS="1753"/><String ID="p150_w593" CONTENT="Sicily," HPOS="1782" VPOS="1174" WIDTH="112" HEIGHT="75" STYLEREFS="font0"/><SP WIDTH="42" VPOS="1174" HPOS="1894"/><String ID="p150_w594" CONTENT="near" HPOS="1936" VPOS="1174" WIDTH="75" HEIGHT="75" STYLEREFS="font0"/><SP WIDTH="28" VPOS="1174" HPOS="2011"/><String ID="p150_w595" CONTENT="the" HPOS="2039" VPOS="1174" WIDTH="55" HEIGHT="75" STYLEREFS="font0"/><SP WIDTH="24" VPOS="1174" HPOS="2094"/><String ID="p150_w596" CONTENT="valleys" HPOS="2118" VPOS="1174" WIDTH="122" HEIGHT="75" STYLEREFS="font0"/></TextLine><TextLine WIDTH="984" HEIGHT="75" ID="p150_t84" HPOS="1261" VPOS="1220"><String ID="p150_w597" CONTENT="Mazara" HPOS="1261" VPOS="1220" WIDTH="138" HEIGHT="75" STYLEREFS="font0"/><SP WIDTH="19" VPOS="1220" HPOS="1399"/><String ID="p150_w598" CONTENT="and" HPOS="1418" VPOS="1220" WIDTH="63" HEIGHT="75" STYLEREFS="font0"/><SP WIDTH="15" VPOS="1220" HPOS="1481"/><String ID="p150_w599" CONTENT="Noto," HPOS="1496" VPOS="1220" WIDTH="105" HEIGHT="75" STYLEREFS="font0"/><SP WIDTH="18" VPOS="1220" HPOS="1601"/><String ID="p150_w600" CONTENT="upon" HPOS="1619" VPOS="1220" WIDTH="86" HEIGHT="75" STYLEREFS="font0"/><SP WIDTH="17" VPOS="1220" HPOS="1705"/><String ID="p150_w601" CONTENT="which" HPOS="1722" VPOS="1220" WIDTH="108" HEIGHT="75" STYLEREFS="font0"/><SP WIDTH="16" VPOS="1220" HPOS="1830"/><String ID="p150_w602" CONTENT="was" HPOS="1846" VPOS="1220" WIDTH="65" HEIGHT="75" STYLEREFS="font0"/><SP WIDTH="17" VPOS="1220" HPOS="1911"/><String ID="p150_w603" CONTENT="fituated" HPOS="1928" VPOS="1220" WIDTH="133" HEIGHT="75" STYLEREFS="font0"/><SP WIDTH="19" VPOS="1220" HPOS="2061"/><String ID="p150_w604" CONTENT="(as" HPOS="2080" VPOS="1220" WIDTH="50" HEIGHT="75" STYLEREFS="font0"/><SP WIDTH="16" VPOS="1220" HPOS="2130"/><String ID="p150_w605" CONTENT="is" HPOS="2146" VPOS="1220" WIDTH="26" HEIGHT="75" STYLEREFS="font0"/><SP WIDTH="17" VPOS="1220" HPOS="2172"/><String ID="p150_w606" CONTENT="ge-" HPOS="2189" VPOS="1220" WIDTH="56" HEIGHT="75" STYLEREFS="font0"/></TextLine><TextLine WIDTH="983" HEIGHT="75" ID="p150_t85" HPOS="1262" VPOS="1266"><String ID="p150_w607" CONTENT="nerally" HPOS="1262" VPOS="1266" WIDTH="122" HEIGHT="75" STYLEREFS="font0"/><SP WIDTH="17" VPOS="1266" HPOS="1384"/><String ID="p150_w608" CONTENT="thought)" HPOS="1401" VPOS="1266" WIDTH="154" HEIGHT="75" STYLEREFS="font0"/><SP WIDTH="19" VPOS="1266" HPOS="1555"/><String ID="p150_w609" CONTENT="the" HPOS="1574" VPOS="1266" WIDTH="55" HEIGHT="75" STYLEREFS="font0"/><SP WIDTH="16" VPOS="1266" HPOS="1629"/><String ID="p150_w610" CONTENT="famous" HPOS="1645" VPOS="1266" WIDTH="124" HEIGHT="75" STYLEREFS="font0"/><SP WIDTH="18" VPOS="1266" HPOS="1769"/><String ID="p150_w611" CONTENT="Daedalion," HPOS="1787" VPOS="1266" WIDTH="182" HEIGHT="75" STYLEREFS="font0"/><SP WIDTH="27" VPOS="1266" HPOS="1969"/><String ID="p150_w612" CONTENT="where" HPOS="1996" VPOS="1266" WIDTH="106" HEIGHT="75" STYLEREFS="font0"/><SP WIDTH="19" VPOS="1266" HPOS="2102"/><String ID="p150_w613" CONTENT="the" HPOS="2121" VPOS="1266" WIDTH="55" HEIGHT="75" STYLEREFS="font0"/><SP WIDTH="16" VPOS="1266" HPOS="2176"/><String ID="p150_w614" CONTENT="ty-" HPOS="2192" VPOS="1266" WIDTH="53" HEIGHT="75" STYLEREFS="font0"/></TextLine><TextLine WIDTH="621" HEIGHT="75" ID="p150_t86" HPOS="1258" VPOS="1313"><String ID="p150_w615" CONTENT="rant" HPOS="1258" VPOS="1313" WIDTH="71" HEIGHT="75" STYLEREFS="font0"/><SP WIDTH="17" VPOS="1313" HPOS="1329"/><String ID="p150_w616" CONTENT="Phalaris" HPOS="1346" VPOS="1313" WIDTH="146" HEIGHT="75" STYLEREFS="font0"/><SP WIDTH="16" VPOS="1313" HPOS="1492"/><String ID="p150_w617" CONTENT="kept" HPOS="1508" VPOS="1313" WIDTH="77" HEIGHT="75" STYLEREFS="font0"/><SP WIDTH="16" VPOS="1313" HPOS="1585"/><String ID="p150_w618" CONTENT="his" HPOS="1601" VPOS="1313" WIDTH="50" HEIGHT="75" STYLEREFS="font0"/><SP WIDTH="17" VPOS="1313" HPOS="1651"/><String ID="p150_w619" CONTENT="brazen" HPOS="1668" VPOS="1313" WIDTH="118" HEIGHT="75" STYLEREFS="font0"/><SP WIDTH="12" VPOS="1313" HPOS="1786"/><String ID="p150_w620" CONTENT="bull." HPOS="1798" VPOS="1313" WIDTH="81" HEIGHT="75" STYLEREFS="font0"/></TextLine><TextLine WIDTH="1033" HEIGHT="75" ID="p150_t87" HPOS="1211" VPOS="1360"><String ID="p150_w621" CONTENT="ALICE," HPOS="1211" VPOS="1360" WIDTH="163" HEIGHT="75" STYLEREFS="font0"/><SP WIDTH="26" VPOS="1360" HPOS="1374"/><String ID="p150_w622" CONTENT="a" HPOS="1400" VPOS="1360" WIDTH="18" HEIGHT="75" STYLEREFS="font0"/><SP WIDTH="16" VPOS="1360" HPOS="1418"/><String ID="p150_w623" CONTENT="cape" HPOS="1434" VPOS="1360" WIDTH="77" HEIGHT="75" STYLEREFS="font0"/><SP WIDTH="25" VPOS="1360" HPOS="1511"/><String ID="p150_w624" CONTENT="of" HPOS="1536" VPOS="1360" WIDTH="40" HEIGHT="75" STYLEREFS="font0"/><SP WIDTH="19" VPOS="1360" HPOS="1576"/><String ID="p150_w625" CONTENT="the" HPOS="1595" VPOS="1360" WIDTH="54" HEIGHT="75" STYLEREFS="font0"/><SP WIDTH="18" VPOS="1360" HPOS="1649"/><String ID="p150_w626" CONTENT="Hither" HPOS="1667" VPOS="1360" WIDTH="121" HEIGHT="75" STYLEREFS="font0"/><SP WIDTH="16" VPOS="1360" HPOS="1788"/><String ID="p150_w627" CONTENT="Calabria" HPOS="1804" VPOS="1360" WIDTH="151" HEIGHT="75" STYLEREFS="font0"/><SP WIDTH="15" VPOS="1360" HPOS="1955"/><String ID="p150_w628" CONTENT="in" HPOS="1970" VPOS="1360" WIDTH="32" HEIGHT="75" STYLEREFS="font0"/><SP WIDTH="17" VPOS="1360" HPOS="2002"/><String ID="p150_w629" CONTENT="the" HPOS="2019" VPOS="1360" WIDTH="56" HEIGHT="75" STYLEREFS="font0"/><SP WIDTH="15" VPOS="1360" HPOS="2075"/><String ID="p150_w630" CONTENT="kingdom" HPOS="2090" VPOS="1360" WIDTH="154" HEIGHT="75" STYLEREFS="font0"/></TextLine><TextLine WIDTH="923" HEIGHT="75" ID="p150_t88" HPOS="1260" VPOS="1406"><String ID="p150_w631" CONTENT="of" HPOS="1260" VPOS="1406" WIDTH="39" HEIGHT="75" STYLEREFS="font0"/><SP WIDTH="12" VPOS="1406" HPOS="1299"/><String ID="p150_w632" CONTENT="Naples," HPOS="1311" VPOS="1406" WIDTH="135" HEIGHT="75" STYLEREFS="font0"/><SP WIDTH="26" VPOS="1406" HPOS="1446"/><String ID="p150_w633" CONTENT="called" HPOS="1472" VPOS="1406" WIDTH="103" HEIGHT="75" STYLEREFS="font0"/><SP WIDTH="16" VPOS="1406" HPOS="1575"/><String ID="p150_w634" CONTENT="in" HPOS="1591" VPOS="1406" WIDTH="32" HEIGHT="75" STYLEREFS="font0"/><SP WIDTH="17" VPOS="1406" HPOS="1623"/><String ID="p150_w635" CONTENT="Latin" HPOS="1640" VPOS="1406" WIDTH="99" HEIGHT="75" STYLEREFS="font0"/><SP WIDTH="18" VPOS="1406" HPOS="1739"/><String ID="p150_w636" CONTENT="Alicium" HPOS="1757" VPOS="1406" WIDTH="148" HEIGHT="75" STYLEREFS="font0"/><SP WIDTH="12" VPOS="1406" HPOS="1905"/><String ID="p150_w637" CONTENT="proviontorium." HPOS="1917" VPOS="1406" WIDTH="266" HEIGHT="75" STYLEREFS="font0"/></TextLine><TextLine WIDTH="1034" HEIGHT="75" ID="p150_t89" HPOS="1211" VPOS="1453"><String ID="p150_w638" CONTENT="ALICES," HPOS="1211" VPOS="1453" WIDTH="188" HEIGHT="75" STYLEREFS="font0"/><SP WIDTH="26" VPOS="1453" HPOS="1399"/><String ID="p150_w639" CONTENT="an" HPOS="1425" VPOS="1453" WIDTH="40" HEIGHT="75" STYLEREFS="font0"/><SP WIDTH="17" VPOS="1453" HPOS="1465"/><String ID="p150_w640" CONTENT="obfolete" HPOS="1482" VPOS="1453" WIDTH="141" HEIGHT="75" STYLEREFS="font0"/><SP WIDTH="23" VPOS="1453" HPOS="1623"/><String ID="p150_w641" CONTENT="name" HPOS="1646" VPOS="1453" WIDTH="92" HEIGHT="75" STYLEREFS="font0"/><SP WIDTH="24" VPOS="1453" HPOS="1738"/><String ID="p150_w642" CONTENT="of" HPOS="1762" VPOS="1453" WIDTH="41" HEIGHT="75" STYLEREFS="font0"/><SP WIDTH="23" VPOS="1453" HPOS="1803"/><String ID="p150_w643" CONTENT="the" HPOS="1826" VPOS="1453" WIDTH="56" HEIGHT="75" STYLEREFS="font0"/><SP WIDTH="23" VPOS="1453" HPOS="1882"/><String ID="p150_w644" CONTENT="fpots" HPOS="1905" VPOS="1453" WIDTH="87" HEIGHT="75" STYLEREFS="font0"/><SP WIDTH="27" VPOS="1453" HPOS="1992"/><String ID="p150_w645" CONTENT="that" HPOS="2019" VPOS="1453" WIDTH="70" HEIGHT="75" STYLEREFS="font0"/><SP WIDTH="21" VPOS="1453" HPOS="2089"/><String ID="p150_w646" CONTENT="precede" HPOS="2110" VPOS="1453" WIDTH="135" HEIGHT="75" STYLEREFS="font0"/></TextLine><TextLine WIDTH="549" HEIGHT="75" ID="p150_t90" HPOS="1258" VPOS="1499"><String ID="p150_w647" CONTENT="the" HPOS="1258" VPOS="1499" WIDTH="55" HEIGHT="75" STYLEREFS="font0"/><SP WIDTH="17" VPOS="1499" HPOS="1313"/><String ID="p150_w648" CONTENT="eruption" HPOS="1330" VPOS="1499" WIDTH="148" HEIGHT="75" STYLEREFS="font0"/><SP WIDTH="17" VPOS="1499" HPOS="1478"/><String ID="p150_w649" CONTENT="of" HPOS="1495" VPOS="1499" WIDTH="40" HEIGHT="75" STYLEREFS="font0"/><SP WIDTH="11" VPOS="1499" HPOS="1535"/><String ID="p150_w650" CONTENT="the" HPOS="1546" VPOS="1499" WIDTH="55" HEIGHT="75" STYLEREFS="font0"/><SP WIDTH="19" VPOS="1499" HPOS="1601"/><String ID="p150_w651" CONTENT="fmall-pox." HPOS="1620" VPOS="1499" WIDTH="187" HEIGHT="75" STYLEREFS="font0"/></TextLine><TextLine WIDTH="1027" HEIGHT="75" ID="p150_t91" HPOS="1213" VPOS="1546"><String ID="p150_w652" CONTENT="ALICULA," HPOS="1213" VPOS="1546" WIDTH="231" HEIGHT="75" STYLEREFS="font0"/><SP WIDTH="24" VPOS="1546" HPOS="1444"/><String ID="p150_w653" CONTENT="in" HPOS="1468" VPOS="1546" WIDTH="32" HEIGHT="75" STYLEREFS="font0"/><SP WIDTH="28" VPOS="1546" HPOS="1500"/><String ID="p150_w654" CONTENT="Roman" HPOS="1528" VPOS="1546" WIDTH="128" HEIGHT="75" STYLEREFS="font0"/><SP WIDTH="25" VPOS="1546" HPOS="1656"/><String ID="p150_w655" CONTENT="antiquity," HPOS="1681" VPOS="1546" WIDTH="173" HEIGHT="75" STYLEREFS="font0"/><SP WIDTH="34" VPOS="1546" HPOS="1854"/><String ID="p150_w656" CONTENT="a" HPOS="1888" VPOS="1546" WIDTH="19" HEIGHT="75" STYLEREFS="font0"/><SP WIDTH="25" VPOS="1546" HPOS="1907"/><String ID="p150_w657" CONTENT="kind" HPOS="1932" VPOS="1546" WIDTH="78" HEIGHT="75" STYLEREFS="font0"/><SP WIDTH="26" VPOS="1546" HPOS="2010"/><String ID="p150_w658" CONTENT="of" HPOS="2036" VPOS="1546" WIDTH="42" HEIGHT="75" STYLEREFS="font0"/><SP WIDTH="18" VPOS="1546" HPOS="2078"/><String ID="p150_w659" CONTENT="chlamys" HPOS="2096" VPOS="1546" WIDTH="144" HEIGHT="75" STYLEREFS="font0"/></TextLine><TextLine WIDTH="959" HEIGHT="75" ID="p150_t92" HPOS="1259" VPOS="1592"><String ID="p150_w660" CONTENT="worn" HPOS="1259" VPOS="1592" WIDTH="88" HEIGHT="75" STYLEREFS="font0"/><SP WIDTH="17" VPOS="1592" HPOS="1347"/><String ID="p150_w661" CONTENT="by" HPOS="1364" VPOS="1592" WIDTH="44" HEIGHT="75" STYLEREFS="font0"/><SP WIDTH="17" VPOS="1592" HPOS="1408"/><String ID="p150_w662" CONTENT="children," HPOS="1425" VPOS="1592" WIDTH="156" HEIGHT="75" STYLEREFS="font0"/><SP WIDTH="25" VPOS="1592" HPOS="1581"/><String ID="p150_w663" CONTENT="which" HPOS="1606" VPOS="1592" WIDTH="107" HEIGHT="75" STYLEREFS="font0"/><SP WIDTH="15" VPOS="1592" HPOS="1713"/><String ID="p150_w664" CONTENT="fome" HPOS="1728" VPOS="1592" WIDTH="85" HEIGHT="75" STYLEREFS="font0"/><SP WIDTH="17" VPOS="1592" HPOS="1813"/><String ID="p150_w665" CONTENT="call" HPOS="1830" VPOS="1592" WIDTH="61" HEIGHT="75" STYLEREFS="font0"/><SP WIDTH="16" VPOS="1592" HPOS="1891"/><String ID="p150_w666" CONTENT="tunica" HPOS="1907" VPOS="1592" WIDTH="113" HEIGHT="75" STYLEREFS="font0"/><SP WIDTH="17" VPOS="1592" HPOS="2020"/><String ID="p150_w667" CONTENT="manicata." HPOS="2037" VPOS="1592" WIDTH="181" HEIGHT="75" STYLEREFS="font0"/></TextLine><TextLine WIDTH="1029" HEIGHT="75" ID="p150_t93" HPOS="1212" VPOS="1639"><String ID="p150_w668" CONTENT="ALICUR," HPOS="1212" VPOS="1639" WIDTH="199" HEIGHT="75" STYLEREFS="font0"/><SP WIDTH="27" VPOS="1639" HPOS="1411"/><String ID="p150_w669" CONTENT="a" HPOS="1438" VPOS="1639" WIDTH="19" HEIGHT="75" STYLEREFS="font0"/><SP WIDTH="15" VPOS="1639" HPOS="1457"/><String ID="p150_w670" CONTENT="very" HPOS="1472" VPOS="1639" WIDTH="77" HEIGHT="75" STYLEREFS="font0"/><SP WIDTH="23" VPOS="1639" HPOS="1549"/><String ID="p150_w671" CONTENT="fmail" HPOS="1572" VPOS="1639" WIDTH="89" HEIGHT="75" STYLEREFS="font0"/><SP WIDTH="17" VPOS="1639" HPOS="1661"/><String ID="p150_w672" CONTENT="ifland" HPOS="1678" VPOS="1639" WIDTH="97" HEIGHT="75" STYLEREFS="font0"/><SP WIDTH="15" VPOS="1639" HPOS="1775"/><String ID="p150_w673" CONTENT="in" HPOS="1790" VPOS="1639" WIDTH="31" HEIGHT="75" STYLEREFS="font0"/><SP WIDTH="17" VPOS="1639" HPOS="1821"/><String ID="p150_w674" CONTENT="the" HPOS="1838" VPOS="1639" WIDTH="56" HEIGHT="75" STYLEREFS="font0"/><SP WIDTH="14" VPOS="1639" HPOS="1894"/><String ID="p150_w675" CONTENT="Tufcan" HPOS="1908" VPOS="1639" WIDTH="130" HEIGHT="75" STYLEREFS="font0"/><SP WIDTH="16" VPOS="1639" HPOS="2038"/><String ID="p150_w676" CONTENT="fea," HPOS="2054" VPOS="1639" WIDTH="63" HEIGHT="75" STYLEREFS="font0"/><SP WIDTH="26" VPOS="1639" HPOS="2117"/><String ID="p150_w677" CONTENT="about" HPOS="2143" VPOS="1639" WIDTH="98" HEIGHT="75" STYLEREFS="font0"/></TextLine><TextLine WIDTH="984" HEIGHT="75" ID="p150_t94" HPOS="1256" VPOS="1686"><String ID="p150_w678" CONTENT="fifteen" HPOS="1256" VPOS="1686" WIDTH="109" HEIGHT="75" STYLEREFS="font0"/><SP WIDTH="12" VPOS="1686" HPOS="1365"/><String ID="p150_w679" CONTENT="miles" HPOS="1377" VPOS="1686" WIDTH="91" HEIGHT="75" STYLEREFS="font0"/><SP WIDTH="12" VPOS="1686" HPOS="1468"/><String ID="p150_w680" CONTENT="weft" HPOS="1480" VPOS="1686" WIDTH="74" HEIGHT="75" STYLEREFS="font0"/><SP WIDTH="12" VPOS="1686" HPOS="1554"/><String ID="p150_w681" CONTENT="from" HPOS="1566" VPOS="1686" WIDTH="85" HEIGHT="75" STYLEREFS="font0"/><SP WIDTH="12" VPOS="1686" HPOS="1651"/><String ID="p150_w682" CONTENT="the" HPOS="1663" VPOS="1686" WIDTH="55" HEIGHT="75" STYLEREFS="font0"/><SP WIDTH="9" VPOS="1686" HPOS="1718"/><String ID="p150_w683" CONTENT="Lipari," HPOS="1727" VPOS="1686" WIDTH="125" HEIGHT="75" STYLEREFS="font0"/><SP WIDTH="13" VPOS="1686" HPOS="1852"/><String ID="p150_w684" CONTENT="on" HPOS="1865" VPOS="1686" WIDTH="41" HEIGHT="75" STYLEREFS="font0"/><SP WIDTH="12" VPOS="1686" HPOS="1906"/><String ID="p150_w685" CONTENT="the" HPOS="1918" VPOS="1686" WIDTH="55" HEIGHT="75" STYLEREFS="font0"/><SP WIDTH="12" VPOS="1686" HPOS="1973"/><String ID="p150_w686" CONTENT="coaft" HPOS="1985" VPOS="1686" WIDTH="83" HEIGHT="75" STYLEREFS="font0"/><SP WIDTH="12" VPOS="1686" HPOS="2068"/><String ID="p150_w687" CONTENT="of" HPOS="2080" VPOS="1686" WIDTH="40" HEIGHT="75" STYLEREFS="font0"/><SP WIDTH="8" VPOS="1686" HPOS="2120"/><String ID="p150_w688" CONTENT="Sicily." HPOS="2128" VPOS="1686" WIDTH="112" HEIGHT="75" STYLEREFS="font0"/></TextLine><TextLine WIDTH="593" HEIGHT="75" ID="p150_t95" HPOS="1209" VPOS="1733"><String ID="p150_w689" CONTENT="ALIDADE." HPOS="1209" VPOS="1733" WIDTH="238" HEIGHT="75" STYLEREFS="font0"/><SP WIDTH="53" VPOS="1733" HPOS="1447"/><String ID="p150_w690" CONTENT="See" HPOS="1500" VPOS="1733" WIDTH="61" HEIGHT="75" STYLEREFS="font0"/><SP WIDTH="17" VPOS="1733" HPOS="1561"/><String ID="p150_w691" CONTENT="Alhidade." HPOS="1578" VPOS="1733" WIDTH="224" HEIGHT="75" STYLEREFS="font0"/></TextLine><TextLine WIDTH="1035" HEIGHT="75" ID="p150_t96" HPOS="1209" VPOS="1780"><String ID="p150_w692" CONTENT="ALIDES," HPOS="1209" VPOS="1780" WIDTH="195" HEIGHT="75" STYLEREFS="font0"/><SP WIDTH="26" VPOS="1780" HPOS="1404"/><String ID="p150_w693" CONTENT="among" HPOS="1430" VPOS="1780" WIDTH="115" HEIGHT="75" STYLEREFS="font0"/><SP WIDTH="16" VPOS="1780" HPOS="1545"/><String ID="p150_w694" CONTENT="the" HPOS="1561" VPOS="1780" WIDTH="55" HEIGHT="75" STYLEREFS="font0"/><SP WIDTH="16" VPOS="1780" HPOS="1616"/><String ID="p150_w695" CONTENT="Mahometans," HPOS="1632" VPOS="1780" WIDTH="241" HEIGHT="75" STYLEREFS="font0"/><SP WIDTH="24" VPOS="1780" HPOS="1873"/><String ID="p150_w696" CONTENT="a" HPOS="1897" VPOS="1780" WIDTH="20" HEIGHT="75" STYLEREFS="font0"/><SP WIDTH="16" VPOS="1780" HPOS="1917"/><String ID="p150_w697" CONTENT="defignation" HPOS="1933" VPOS="1780" WIDTH="193" HEIGHT="75" STYLEREFS="font0"/><SP WIDTH="17" VPOS="1780" HPOS="2126"/><String ID="p150_w698" CONTENT="given" HPOS="2143" VPOS="1780" WIDTH="101" HEIGHT="75" STYLEREFS="font0"/></TextLine><TextLine WIDTH="983" HEIGHT="75" ID="p150_t97" HPOS="1259" VPOS="1826"><String ID="p150_w699" CONTENT="to" HPOS="1259" VPOS="1826" WIDTH="35" HEIGHT="75" STYLEREFS="font0"/><SP WIDTH="23" VPOS="1826" HPOS="1294"/><String ID="p150_w700" CONTENT="the" HPOS="1317" VPOS="1826" WIDTH="55" HEIGHT="75" STYLEREFS="font0"/><SP WIDTH="23" VPOS="1826" HPOS="1372"/><String ID="p150_w701" CONTENT="defeendents" HPOS="1395" VPOS="1826" WIDTH="206" HEIGHT="75" STYLEREFS="font0"/><SP WIDTH="28" VPOS="1826" HPOS="1601"/><String ID="p150_w702" CONTENT="of" HPOS="1629" VPOS="1826" WIDTH="40" HEIGHT="75" STYLEREFS="font0"/><SP WIDTH="19" VPOS="1826" HPOS="1669"/><String ID="p150_w703" CONTENT="Ali;" HPOS="1688" VPOS="1826" WIDTH="77" HEIGHT="75" STYLEREFS="font0"/><SP WIDTH="43" VPOS="1826" HPOS="1765"/><String ID="p150_w704" CONTENT="between" HPOS="1808" VPOS="1826" WIDTH="142" HEIGHT="75" STYLEREFS="font0"/><SP WIDTH="24" VPOS="1826" HPOS="1950"/><String ID="p150_w705" CONTENT="whom" HPOS="1974" VPOS="1826" WIDTH="106" HEIGHT="75" STYLEREFS="font0"/><SP WIDTH="24" VPOS="1826" HPOS="2080"/><String ID="p150_w706" CONTENT="and" HPOS="2104" VPOS="1826" WIDTH="62" HEIGHT="75" STYLEREFS="font0"/><SP WIDTH="19" VPOS="1826" HPOS="2166"/><String ID="p150_w707" CONTENT="the" HPOS="2185" VPOS="1826" WIDTH="57" HEIGHT="75" STYLEREFS="font0"/></TextLine><TextLine WIDTH="982" HEIGHT="75" ID="p150_t98" HPOS="1260" VPOS="1872"><String ID="p150_w708" CONTENT="Ommiades,." HPOS="1260" VPOS="1872" WIDTH="210" HEIGHT="75" STYLEREFS="font0"/><SP WIDTH="15" VPOS="1872" HPOS="1470"/><String ID="p150_w709" CONTENT="there" HPOS="1485" VPOS="1872" WIDTH="90" HEIGHT="75" STYLEREFS="font0"/><SP WIDTH="16" VPOS="1872" HPOS="1575"/><String ID="p150_w710" CONTENT="was" HPOS="1591" VPOS="1872" WIDTH="64" HEIGHT="75" STYLEREFS="font0"/><SP WIDTH="19" VPOS="1872" HPOS="1655"/><String ID="p150_w711" CONTENT="a" HPOS="1674" VPOS="1872" WIDTH="18" HEIGHT="75" STYLEREFS="font0"/><SP WIDTH="15" VPOS="1872" HPOS="1692"/><String ID="p150_w712" CONTENT="warm" HPOS="1707" VPOS="1872" WIDTH="100" HEIGHT="75" STYLEREFS="font0"/><SP WIDTH="14" VPOS="1872" HPOS="1807"/><String ID="p150_w713" CONTENT="difpute" HPOS="1821" VPOS="1872" WIDTH="123" HEIGHT="75" STYLEREFS="font0"/><SP WIDTH="17" VPOS="1872" HPOS="1944"/><String ID="p150_w714" CONTENT="about" HPOS="1961" VPOS="1872" WIDTH="98" HEIGHT="75" STYLEREFS="font0"/><SP WIDTH="28" VPOS="1872" HPOS="2059"/><String ID="p150_w715" CONTENT="tfie" HPOS="2087" VPOS="1872" WIDTH="55" HEIGHT="75" STYLEREFS="font0"/><SP WIDTH="16" VPOS="1872" HPOS="2142"/><String ID="p150_w716" CONTENT="kali-" HPOS="2158" VPOS="1872" WIDTH="84" HEIGHT="75" STYLEREFS="font0"/></TextLine><TextLine WIDTH="483" HEIGHT="75" ID="p150_t99" HPOS="1258" VPOS="1919"><String ID="p150_w717" CONTENT="phate" HPOS="1258" VPOS="1919" WIDTH="96" HEIGHT="75" STYLEREFS="font0"/><SP WIDTH="63" VPOS="1919" HPOS="1354"/><String ID="p150_w718" CONTENT="See" HPOS="1417" VPOS="1919" WIDTH="61" HEIGHT="75" STYLEREFS="font0"/><SP WIDTH="15" VPOS="1919" HPOS="1478"/><String ID="p150_w719" CONTENT="Kaliphate." HPOS="1493" VPOS="1919" WIDTH="248" HEIGHT="75" STYLEREFS="font0"/></TextLine><TextLine WIDTH="1037" HEIGHT="75" ID="p150_t100" HPOS="1204" VPOS="1963"><String ID="p150_w720" CONTENT="ALJEMBUT," HPOS="1204" VPOS="1963" WIDTH="279" HEIGHT="75" STYLEREFS="font0"/><SP WIDTH="24" VPOS="1963" HPOS="1483"/><String ID="p150_w721" CONTENT="in" HPOS="1507" VPOS="1963" WIDTH="32" HEIGHT="75" STYLEREFS="font0"/><SP WIDTH="21" VPOS="1963" HPOS="1539"/><String ID="p150_w722" CONTENT="botany," HPOS="1560" VPOS="1963" WIDTH="131" HEIGHT="75" STYLEREFS="font0"/><SP WIDTH="25" VPOS="1963" HPOS="1691"/><String ID="p150_w723" CONTENT="an" HPOS="1716" VPOS="1963" WIDTH="40" HEIGHT="75" STYLEREFS="font0"/><SP WIDTH="16" VPOS="1963" HPOS="1756"/><String ID="p150_w724" CONTENT="obfolete" HPOS="1772" VPOS="1963" WIDTH="142" HEIGHT="75" STYLEREFS="font0"/><SP WIDTH="15" VPOS="1963" HPOS="1914"/><String ID="p150_w725" CONTENT="name" HPOS="1929" VPOS="1963" WIDTH="92" HEIGHT="75" STYLEREFS="font0"/><SP WIDTH="16" VPOS="1963" HPOS="2021"/><String ID="p150_w726" CONTENT="of" HPOS="2037" VPOS="1963" WIDTH="42" HEIGHT="75" STYLEREFS="font0"/><SP WIDTH="10" VPOS="1963" HPOS="2079"/><String ID="p150_w727" CONTENT="a" HPOS="2089" VPOS="1963" WIDTH="19" HEIGHT="75" STYLEREFS="font0"/><SP WIDTH="14" VPOS="1963" HPOS="2108"/><String ID="p150_w728" CONTENT="fpecies" HPOS="2122" VPOS="1963" WIDTH="119" HEIGHT="75" STYLEREFS="font0"/></TextLine><TextLine WIDTH="504" HEIGHT="75" ID="p150_t101" HPOS="1259" VPOS="2011"><String ID="p150_w729" CONTENT="of" HPOS="1259" VPOS="2011" WIDTH="39" HEIGHT="75" STYLEREFS="font0"/><SP WIDTH="20" VPOS="2011" HPOS="1298"/><String ID="p150_w730" CONTENT="mimofa." HPOS="1318" VPOS="2011" WIDTH="143" HEIGHT="75" STYLEREFS="font0"/><SP WIDTH="51" VPOS="2011" HPOS="1461"/><String ID="p150_w731" CONTENT="See" HPOS="1512" VPOS="2011" WIDTH="62" HEIGHT="75" STYLEREFS="font0"/><SP WIDTH="16" VPOS="2011" HPOS="1574"/><String ID="p150_w732" CONTENT="Mimosa." HPOS="1590" VPOS="2011" WIDTH="173" HEIGHT="75" STYLEREFS="font0"/></TextLine><TextLine WIDTH="1029" HEIGHT="75" ID="p150_t102" HPOS="1212" VPOS="2058"><String ID="p150_w733" CONTENT="ALIBI," HPOS="1212" VPOS="2058" WIDTH="146" HEIGHT="75" STYLEREFS="font0"/><SP WIDTH="25" VPOS="2058" HPOS="1358"/><String ID="p150_w734" CONTENT="in" HPOS="1383" VPOS="2058" WIDTH="33" HEIGHT="75" STYLEREFS="font0"/><SP WIDTH="23" VPOS="2058" HPOS="1416"/><String ID="p150_w735" CONTENT="Scots" HPOS="1439" VPOS="2058" WIDTH="96" HEIGHT="75" STYLEREFS="font0"/><SP WIDTH="23" VPOS="2058" HPOS="1535"/><String ID="p150_w736" CONTENT="law;" HPOS="1558" VPOS="2058" WIDTH="84" HEIGHT="75" STYLEREFS="font0"/><SP WIDTH="34" VPOS="2058" HPOS="1642"/><String ID="p150_w737" CONTENT="when" HPOS="1676" VPOS="2058" WIDTH="94" HEIGHT="75" STYLEREFS="font0"/><SP WIDTH="22" VPOS="2058" HPOS="1770"/><String ID="p150_w738" CONTENT="a" HPOS="1792" VPOS="2058" WIDTH="18" HEIGHT="75" STYLEREFS="font0"/><SP WIDTH="26" VPOS="2058" HPOS="1810"/><String ID="p150_w739" CONTENT="perfon" HPOS="1836" VPOS="2058" WIDTH="113" HEIGHT="75" STYLEREFS="font0"/><SP WIDTH="15" VPOS="2058" HPOS="1949"/><String ID="p150_w740" CONTENT="purfued" HPOS="1964" VPOS="2058" WIDTH="138" HEIGHT="75" STYLEREFS="font0"/><SP WIDTH="15" VPOS="2058" HPOS="2102"/><String ID="p150_w741" CONTENT="for" HPOS="2117" VPOS="2058" WIDTH="53" HEIGHT="75" STYLEREFS="font0"/><SP WIDTH="15" VPOS="2058" HPOS="2170"/><String ID="p150_w742" CONTENT="the" HPOS="2185" VPOS="2058" WIDTH="56" HEIGHT="75" STYLEREFS="font0"/></TextLine><TextLine WIDTH="980" HEIGHT="75" ID="p150_t103" HPOS="1260" VPOS="2104"><String ID="p150_w743" CONTENT="commiflion" HPOS="1260" VPOS="2104" WIDTH="189" HEIGHT="75" STYLEREFS="font0"/><SP WIDTH="17" VPOS="2104" HPOS="1449"/><String ID="p150_w744" CONTENT="of" HPOS="1466" VPOS="2104" WIDTH="40" HEIGHT="75" STYLEREFS="font0"/><SP WIDTH="13" VPOS="2104" HPOS="1506"/><String ID="p150_w745" CONTENT="a" HPOS="1519" VPOS="2104" WIDTH="18" HEIGHT="75" STYLEREFS="font0"/><SP WIDTH="17" VPOS="2104" HPOS="1537"/><String ID="p150_w746" CONTENT="crime," HPOS="1554" VPOS="2104" WIDTH="109" HEIGHT="75" STYLEREFS="font0"/><SP WIDTH="26" VPOS="2104" HPOS="1663"/><String ID="p150_w747" CONTENT="libelled" HPOS="1689" VPOS="2104" WIDTH="132" HEIGHT="75" STYLEREFS="font0"/><SP WIDTH="21" VPOS="2104" HPOS="1821"/><String ID="p150_w748" CONTENT="to" HPOS="1842" VPOS="2104" WIDTH="36" HEIGHT="75" STYLEREFS="font0"/><SP WIDTH="16" VPOS="2104" HPOS="1878"/><String ID="p150_w749" CONTENT="have" HPOS="1894" VPOS="2104" WIDTH="82" HEIGHT="75" STYLEREFS="font0"/><SP WIDTH="19" VPOS="2104" HPOS="1976"/><String ID="p150_w750" CONTENT="been" HPOS="1995" VPOS="2104" WIDTH="80" HEIGHT="75" STYLEREFS="font0"/><SP WIDTH="17" VPOS="2104" HPOS="2075"/><String ID="p150_w751" CONTENT="commit-" HPOS="2092" VPOS="2104" WIDTH="148" HEIGHT="75" STYLEREFS="font0"/></TextLine><TextLine WIDTH="984" HEIGHT="75" ID="p150_t104" HPOS="1258" VPOS="2151"><String ID="p150_w752" CONTENT="ted" HPOS="1258" VPOS="2151" WIDTH="56" HEIGHT="75" STYLEREFS="font0"/><SP WIDTH="16" VPOS="2151" HPOS="1314"/><String ID="p150_w753" CONTENT="at" HPOS="1330" VPOS="2151" WIDTH="34" HEIGHT="75" STYLEREFS="font0"/><SP WIDTH="16" VPOS="2151" HPOS="1364"/><String ID="p150_w754" CONTENT="a" HPOS="1380" VPOS="2151" WIDTH="18" HEIGHT="75" STYLEREFS="font0"/><SP WIDTH="16" VPOS="2151" HPOS="1398"/><String ID="p150_w755" CONTENT="certain" HPOS="1414" VPOS="2151" WIDTH="120" HEIGHT="75" STYLEREFS="font0"/><SP WIDTH="16" VPOS="2151" HPOS="1534"/><String ID="p150_w756" CONTENT="place," HPOS="1550" VPOS="2151" WIDTH="102" HEIGHT="75" STYLEREFS="font0"/><SP WIDTH="25" VPOS="2151" HPOS="1652"/><String ID="p150_w757" CONTENT="and" HPOS="1677" VPOS="2151" WIDTH="62" HEIGHT="75" STYLEREFS="font0"/><SP WIDTH="11" VPOS="2151" HPOS="1739"/><String ID="p150_w758" CONTENT="upon" HPOS="1750" VPOS="2151" WIDTH="86" HEIGHT="75" STYLEREFS="font0"/><SP WIDTH="17" VPOS="2151" HPOS="1836"/><String ID="p150_w759" CONTENT="a" HPOS="1853" VPOS="2151" WIDTH="19" HEIGHT="75" STYLEREFS="font0"/><SP WIDTH="18" VPOS="2151" HPOS="1872"/><String ID="p150_w760" CONTENT="certain" HPOS="1890" VPOS="2151" WIDTH="120" HEIGHT="75" STYLEREFS="font0"/><SP WIDTH="17" VPOS="2151" HPOS="2010"/><String ID="p150_w761" CONTENT="day," HPOS="2027" VPOS="2151" WIDTH="76" HEIGHT="75" STYLEREFS="font0"/><SP WIDTH="26" VPOS="2151" HPOS="2103"/><String ID="p150_w762" CONTENT="proves" HPOS="2129" VPOS="2151" WIDTH="113" HEIGHT="75" STYLEREFS="font0"/></TextLine><TextLine WIDTH="981" HEIGHT="75" ID="p150_t105" HPOS="1260" VPOS="2199"><String ID="p150_w763" CONTENT="in" HPOS="1260" VPOS="2199" WIDTH="32" HEIGHT="75" STYLEREFS="font0"/><SP WIDTH="17" VPOS="2199" HPOS="1292"/><String ID="p150_w764" CONTENT="his" HPOS="1309" VPOS="2199" WIDTH="49" HEIGHT="75" STYLEREFS="font0"/><SP WIDTH="17" VPOS="2199" HPOS="1358"/><String ID="p150_w765" CONTENT="defence," HPOS="1375" VPOS="2199" WIDTH="145" HEIGHT="75" STYLEREFS="font0"/><SP WIDTH="26" VPOS="2199" HPOS="1520"/><String ID="p150_w766" CONTENT="that" HPOS="1546" VPOS="2199" WIDTH="70" HEIGHT="75" STYLEREFS="font0"/><SP WIDTH="23" VPOS="2199" HPOS="1616"/><String ID="p150_w767" CONTENT="he" HPOS="1639" VPOS="2199" WIDTH="41" HEIGHT="75" STYLEREFS="font0"/><SP WIDTH="28" VPOS="2199" HPOS="1680"/><String ID="p150_w768" CONTENT="was" HPOS="1708" VPOS="2199" WIDTH="64" HEIGHT="75" STYLEREFS="font0"/><SP WIDTH="28" VPOS="2199" HPOS="1772"/><String ID="p150_w769" CONTENT="elfewhere" HPOS="1800" VPOS="2199" WIDTH="170" HEIGHT="75" STYLEREFS="font0"/><SP WIDTH="17" VPOS="2199" HPOS="1970"/><String ID="p150_w770" CONTENT="at" HPOS="1987" VPOS="2199" WIDTH="34" HEIGHT="75" STYLEREFS="font0"/><SP WIDTH="16" VPOS="2199" HPOS="2021"/><String ID="p150_w771" CONTENT="the" HPOS="2037" VPOS="2199" WIDTH="55" HEIGHT="75" STYLEREFS="font0"/><SP WIDTH="17" VPOS="2199" HPOS="2092"/><String ID="p150_w772" CONTENT="time" HPOS="2109" VPOS="2199" WIDTH="77" HEIGHT="75" STYLEREFS="font0"/><SP WIDTH="16" VPOS="2199" HPOS="2186"/><String ID="p150_w773" CONTENT="li-" HPOS="2202" VPOS="2199" WIDTH="39" HEIGHT="75" STYLEREFS="font0"/></TextLine><TextLine WIDTH="983" HEIGHT="75" ID="p150_t106" HPOS="1257" VPOS="2245"><String ID="p150_w774" CONTENT="belled," HPOS="1257" VPOS="2245" WIDTH="118" HEIGHT="75" STYLEREFS="font0"/><SP WIDTH="24" VPOS="2245" HPOS="1375"/><String ID="p150_w775" CONTENT="he" HPOS="1399" VPOS="2245" WIDTH="41" HEIGHT="75" STYLEREFS="font0"/><SP WIDTH="16" VPOS="2245" HPOS="1440"/><String ID="p150_w776" CONTENT="is" HPOS="1456" VPOS="2245" WIDTH="27" HEIGHT="75" STYLEREFS="font0"/><SP WIDTH="17" VPOS="2245" HPOS="1483"/><String ID="p150_w777" CONTENT="faid" HPOS="1500" VPOS="2245" WIDTH="67" HEIGHT="75" STYLEREFS="font0"/><SP WIDTH="26" VPOS="2245" HPOS="1567"/><String ID="p150_w778" CONTENT="to" HPOS="1593" VPOS="2245" WIDTH="36" HEIGHT="75" STYLEREFS="font0"/><SP WIDTH="26" VPOS="2245" HPOS="1629"/><String ID="p150_w779" CONTENT="have" HPOS="1655" VPOS="2245" WIDTH="81" HEIGHT="75" STYLEREFS="font0"/><SP WIDTH="28" VPOS="2245" HPOS="1736"/><String ID="p150_w780" CONTENT="proved" HPOS="1764" VPOS="2245" WIDTH="121" HEIGHT="75" STYLEREFS="font0"/><SP WIDTH="22" VPOS="2245" HPOS="1885"/><String ID="p150_w781" CONTENT="alibi." HPOS="1907" VPOS="2245" WIDTH="94" HEIGHT="75" STYLEREFS="font0"/><SP WIDTH="50" VPOS="2245" HPOS="2001"/><String ID="p150_w782" CONTENT="See" HPOS="2051" VPOS="2245" WIDTH="61" HEIGHT="75" STYLEREFS="font0"/><SP WIDTH="25" VPOS="2245" HPOS="2112"/><String ID="p150_w783" CONTENT="Law," HPOS="2137" VPOS="2245" WIDTH="103" HEIGHT="75" STYLEREFS="font0"/></TextLine><TextLine WIDTH="206" HEIGHT="75" ID="p150_t107" HPOS="1259" VPOS="2292"><String ID="p150_w784" CONTENT="tit." HPOS="1259" VPOS="2292" WIDTH="52" HEIGHT="75" STYLEREFS="font0"/><SP WIDTH="17" VPOS="2292" HPOS="1311"/><String ID="p150_w785" CONTENT="Crimes." HPOS="1328" VPOS="2292" WIDTH="137" HEIGHT="75" STYLEREFS="font0"/></TextLine><TextLine WIDTH="1029" HEIGHT="75" ID="p150_t108" HPOS="1212" VPOS="2339"><String ID="p150_w786" CONTENT="ALIEN," HPOS="1212" VPOS="2339" WIDTH="165" HEIGHT="75" STYLEREFS="font0"/><SP WIDTH="24" VPOS="2339" HPOS="1377"/><String ID="p150_w787" CONTENT="in" HPOS="1401" VPOS="2339" WIDTH="33" HEIGHT="75" STYLEREFS="font0"/><SP WIDTH="29" VPOS="2339" HPOS="1434"/><String ID="p150_w788" CONTENT="Scots" HPOS="1463" VPOS="2339" WIDTH="96" HEIGHT="75" STYLEREFS="font0"/><SP WIDTH="23" VPOS="2339" HPOS="1559"/><String ID="p150_w789" CONTENT="law," HPOS="1582" VPOS="2339" WIDTH="74" HEIGHT="75" STYLEREFS="font0"/><SP WIDTH="33" VPOS="2339" HPOS="1656"/><String ID="p150_w790" CONTENT="a" HPOS="1689" VPOS="2339" WIDTH="19" HEIGHT="75" STYLEREFS="font0"/><SP WIDTH="22" VPOS="2339" HPOS="1708"/><String ID="p150_w791" CONTENT="perfon" HPOS="1730" VPOS="2339" WIDTH="113" HEIGHT="75" STYLEREFS="font0"/><SP WIDTH="24" VPOS="2339" HPOS="1843"/><String ID="p150_w792" CONTENT="who" HPOS="1867" VPOS="2339" WIDTH="74" HEIGHT="75" STYLEREFS="font0"/><SP WIDTH="23" VPOS="2339" HPOS="1941"/><String ID="p150_w793" CONTENT="owes" HPOS="1964" VPOS="2339" WIDTH="86" HEIGHT="75" STYLEREFS="font0"/><SP WIDTH="18" VPOS="2339" HPOS="2050"/><String ID="p150_w794" CONTENT="allegiance" HPOS="2068" VPOS="2339" WIDTH="173" HEIGHT="75" STYLEREFS="font0"/></TextLine><TextLine WIDTH="980" HEIGHT="75" ID="p150_t109" HPOS="1261" VPOS="2384"><String ID="p150_w795" CONTENT="to" HPOS="1261" VPOS="2384" WIDTH="34" HEIGHT="75" STYLEREFS="font0"/><SP WIDTH="24" VPOS="2384" HPOS="1295"/><String ID="p150_w796" CONTENT="a" HPOS="1319" VPOS="2384" WIDTH="18" HEIGHT="75" STYLEREFS="font0"/><SP WIDTH="16" VPOS="2384" HPOS="1337"/><String ID="p150_w797" CONTENT="foreign" HPOS="1353" VPOS="2384" WIDTH="124" HEIGHT="75" STYLEREFS="font0"/><SP WIDTH="15" VPOS="2384" HPOS="1477"/><String ID="p150_w798" CONTENT="prince;" HPOS="1492" VPOS="2384" WIDTH="129" HEIGHT="75" STYLEREFS="font0"/><SP WIDTH="38" VPOS="2384" HPOS="1621"/><String ID="p150_w799" CONTENT="and" HPOS="1659" VPOS="2384" WIDTH="62" HEIGHT="75" STYLEREFS="font0"/><SP WIDTH="15" VPOS="2384" HPOS="1721"/><String ID="p150_w800" CONTENT="who," HPOS="1736" VPOS="2384" WIDTH="87" HEIGHT="75" STYLEREFS="font0"/><SP WIDTH="25" VPOS="2384" HPOS="1823"/><String ID="p150_w801" CONTENT="on" HPOS="1848" VPOS="2384" WIDTH="42" HEIGHT="75" STYLEREFS="font0"/><SP WIDTH="18" VPOS="2384" HPOS="1890"/><String ID="p150_w802" CONTENT="that" HPOS="1908" VPOS="2384" WIDTH="70" HEIGHT="75" STYLEREFS="font0"/><SP WIDTH="17" VPOS="2384" HPOS="1978"/><String ID="p150_w803" CONTENT="account," HPOS="1995" VPOS="2384" WIDTH="147" HEIGHT="75" STYLEREFS="font0"/><SP WIDTH="25" VPOS="2384" HPOS="2142"/><String ID="p150_w804" CONTENT="can-" HPOS="2167" VPOS="2384" WIDTH="74" HEIGHT="75" STYLEREFS="font0"/></TextLine><TextLine WIDTH="982" HEIGHT="75" ID="p150_t110" HPOS="1259" VPOS="2431"><String ID="p150_w805" CONTENT="not" HPOS="1259" VPOS="2431" WIDTH="57" HEIGHT="75" STYLEREFS="font0"/><SP WIDTH="16" VPOS="2431" HPOS="1316"/><String ID="p150_w806" CONTENT="hold" HPOS="1332" VPOS="2431" WIDTH="80" HEIGHT="75" STYLEREFS="font0"/><SP WIDTH="23" VPOS="2431" HPOS="1412"/><String ID="p150_w807" CONTENT="any" HPOS="1435" VPOS="2431" WIDTH="63" HEIGHT="75" STYLEREFS="font0"/><SP WIDTH="22" VPOS="2431" HPOS="1498"/><String ID="p150_w808" CONTENT="feudal" HPOS="1520" VPOS="2431" WIDTH="107" HEIGHT="75" STYLEREFS="font0"/><SP WIDTH="28" VPOS="2431" HPOS="1627"/><String ID="p150_w809" CONTENT="right" HPOS="1655" VPOS="2431" WIDTH="87" HEIGHT="75" STYLEREFS="font0"/><SP WIDTH="21" VPOS="2431" HPOS="1742"/><String ID="p150_w810" CONTENT="in" HPOS="1763" VPOS="2431" WIDTH="33" HEIGHT="75" STYLEREFS="font0"/><SP WIDTH="24" VPOS="2431" HPOS="1796"/><String ID="p150_w811" CONTENT="Scotland" HPOS="1820" VPOS="2431" WIDTH="157" HEIGHT="75" STYLEREFS="font0"/><SP WIDTH="15" VPOS="2431" HPOS="1977"/><String ID="p150_w812" CONTENT="without" HPOS="1992" VPOS="2431" WIDTH="137" HEIGHT="75" STYLEREFS="font0"/><SP WIDTH="16" VPOS="2431" HPOS="2129"/><String ID="p150_w813" CONTENT="being" HPOS="2145" VPOS="2431" WIDTH="96" HEIGHT="75" STYLEREFS="font0"/></TextLine><TextLine WIDTH="982" HEIGHT="75" ID="p150_t111" HPOS="1259" VPOS="2478"><String ID="p150_w814" CONTENT="naturalized." HPOS="1259" VPOS="2478" WIDTH="211" HEIGHT="75" STYLEREFS="font0"/><SP WIDTH="50" VPOS="2478" HPOS="1470"/><String ID="p150_w815" CONTENT="See" HPOS="1520" VPOS="2478" WIDTH="61" HEIGHT="75" STYLEREFS="font0"/><SP WIDTH="12" VPOS="2478" HPOS="1581"/><String ID="p150_w816" CONTENT="Law," HPOS="1593" VPOS="2478" WIDTH="105" HEIGHT="75" STYLEREFS="font0"/><SP WIDTH="13" VPOS="2478" HPOS="1698"/><String ID="p150_w817" CONTENT="title," HPOS="1711" VPOS="2478" WIDTH="84" HEIGHT="75" STYLEREFS="font0"/><SP WIDTH="17" VPOS="2478" HPOS="1795"/><String ID="p150_w818" CONTENT="Conjlitution" HPOS="1812" VPOS="2478" WIDTH="213" HEIGHT="75" STYLEREFS="font0"/><SP WIDTH="13" VPOS="2478" HPOS="2025"/><String ID="p150_w819" CONTENT="of" HPOS="2038" VPOS="2478" WIDTH="42" HEIGHT="75" STYLEREFS="font0"/><SP WIDTH="3" VPOS="2478" HPOS="2080"/><String ID="p150_w820" CONTENT="heritable" HPOS="2083" VPOS="2478" WIDTH="158" HEIGHT="75" STYLEREFS="font0"/></TextLine><TextLine WIDTH="118" HEIGHT="75" ID="p150_t112" HPOS="1257" VPOS="2526"><String ID="p150_w821" CONTENT="rights." HPOS="1257" VPOS="2526" WIDTH="118" HEIGHT="75" STYLEREFS="font0"/></TextLine><TextLine WIDTH="1026" HEIGHT="75" ID="p150_t113" HPOS="1214" VPOS="2561"><String ID="p150_w822" CONTENT="Alien" HPOS="1214" VPOS="2579" WIDTH="126" HEIGHT="75" STYLEREFS="font0"/><String ID="p150_w823" CONTENT="an" HPOS="1340" VPOS="2561" WIDTH="172" HEIGHT="49" STYLEREFS="font1"/><SP WIDTH="16" VPOS="2561" HPOS="1512"/><String ID="p150_w824" CONTENT="import" HPOS="1528" VPOS="2579" WIDTH="113" HEIGHT="75" STYLEREFS="font0"/><SP WIDTH="15" VPOS="2579" HPOS="1641"/><String ID="p150_w825" CONTENT="laid" HPOS="1656" VPOS="2579" WIDTH="66" HEIGHT="75" STYLEREFS="font0"/><SP WIDTH="16" VPOS="2579" HPOS="1722"/><String ID="p150_w826" CONTENT="on" HPOS="1738" VPOS="2579" WIDTH="41" HEIGHT="75" STYLEREFS="font0"/><SP WIDTH="17" VPOS="2579" HPOS="1779"/><String ID="p150_w827" CONTENT="all." HPOS="1796" VPOS="2579" WIDTH="46" HEIGHT="75" STYLEREFS="font0"/><SP WIDTH="12" VPOS="2579" HPOS="1842"/><String ID="p150_w828" CONTENT="goods" HPOS="1854" VPOS="2579" WIDTH="103" HEIGHT="75" STYLEREFS="font0"/><SP WIDTH="17" VPOS="2579" HPOS="1957"/><String ID="p150_w829" CONTENT="imported" HPOS="1974" VPOS="2579" WIDTH="158" HEIGHT="75" STYLEREFS="font0"/><SP WIDTH="16" VPOS="2579" HPOS="2132"/><String ID="p150_w830" CONTENT="by" HPOS="2148" VPOS="2579" WIDTH="43" HEIGHT="75" STYLEREFS="font0"/><SP WIDTH="17" VPOS="2579" HPOS="2191"/><String ID="p150_w831" CONTENT="a-" HPOS="2208" VPOS="2579" WIDTH="32" HEIGHT="75" STYLEREFS="font0"/></TextLine><TextLine WIDTH="982" HEIGHT="75" ID="p150_t114" HPOS="1257" VPOS="2618"><String ID="p150_w832" CONTENT="liens," HPOS="1257" VPOS="2618" WIDTH="91" HEIGHT="75" STYLEREFS="font0"/><SP WIDTH="25" VPOS="2618" HPOS="1348"/><String ID="p150_w833" CONTENT="over" HPOS="1373" VPOS="2618" WIDTH="77" HEIGHT="75" STYLEREFS="font0"/><SP WIDTH="16" VPOS="2618" HPOS="1450"/><String ID="p150_w834" CONTENT="and" HPOS="1466" VPOS="2618" WIDTH="63" HEIGHT="75" STYLEREFS="font0"/><SP WIDTH="16" VPOS="2618" HPOS="1529"/><String ID="p150_w835" CONTENT="above" HPOS="1545" VPOS="2618" WIDTH="100" HEIGHT="75" STYLEREFS="font0"/><SP WIDTH="16" VPOS="2618" HPOS="1645"/><String ID="p150_w836" CONTENT="the" HPOS="1661" VPOS="2618" WIDTH="56" HEIGHT="75" STYLEREFS="font0"/><SP WIDTH="21" VPOS="2618" HPOS="1717"/><String ID="p150_w837" CONTENT="cuftoms" HPOS="1738" VPOS="2618" WIDTH="133" HEIGHT="75" STYLEREFS="font0"/><SP WIDTH="18" VPOS="2618" HPOS="1871"/><String ID="p150_w838" CONTENT="paid" HPOS="1889" VPOS="2618" WIDTH="73" HEIGHT="75" STYLEREFS="font0"/><SP WIDTH="17" VPOS="2618" HPOS="1962"/><String ID="p150_w839" CONTENT="for" HPOS="1979" VPOS="2618" WIDTH="50" HEIGHT="75" STYLEREFS="font0"/><SP WIDTH="16" VPOS="2618" HPOS="2029"/><String ID="p150_w840" CONTENT="fuch" HPOS="2045" VPOS="2618" WIDTH="76" HEIGHT="75" STYLEREFS="font0"/><SP WIDTH="16" VPOS="2618" HPOS="2121"/><String ID="p150_w841" CONTENT="goods" HPOS="2137" VPOS="2618" WIDTH="102" HEIGHT="75" STYLEREFS="font0"/></TextLine><TextLine WIDTH="837" HEIGHT="75" ID="p150_t115" HPOS="1260" VPOS="2664"><String ID="p150_w842" CONTENT="imported" HPOS="1260" VPOS="2664" WIDTH="160" HEIGHT="75" STYLEREFS="font0"/><SP WIDTH="23" VPOS="2664" HPOS="1420"/><String ID="p150_w843" CONTENT="by" HPOS="1443" VPOS="2664" WIDTH="44" HEIGHT="75" STYLEREFS="font0"/><SP WIDTH="16" VPOS="2664" HPOS="1487"/><String ID="p150_w844" CONTENT="Britifti," HPOS="1503" VPOS="2664" WIDTH="132" HEIGHT="75" STYLEREFS="font0"/><SP WIDTH="25" VPOS="2664" HPOS="1635"/><String ID="p150_w845" CONTENT="and" HPOS="1660" VPOS="2664" WIDTH="63" HEIGHT="75" STYLEREFS="font0"/><SP WIDTH="23" VPOS="2664" HPOS="1723"/><String ID="p150_w846" CONTENT="on" HPOS="1746" VPOS="2664" WIDTH="41" HEIGHT="75" STYLEREFS="font0"/><SP WIDTH="22" VPOS="2664" HPOS="1787"/><String ID="p150_w847" CONTENT="Britifh" HPOS="1809" VPOS="2664" WIDTH="117" HEIGHT="75" STYLEREFS="font0"/><SP WIDTH="19" VPOS="2664" HPOS="1926"/><String ID="p150_w848" CONTENT="bottoms." HPOS="1945" VPOS="2664" WIDTH="152" HEIGHT="75" STYLEREFS="font0"/></TextLine><TextLine WIDTH="1025" HEIGHT="75" ID="p150_t116" HPOS="1215" VPOS="2709"><String ID="p150_w849" CONTENT="K'" HPOS="1215" VPOS="2709" WIDTH="37" HEIGHT="75" STYLEREFS="font0"/><String ID="p150_w850" CONTENT="Li'" HPOS="1252" VPOS="2709" WIDTH="44" HEIGHT="75" STYLEREFS="font0"/><String ID="p150_w851" CONTENT="ES-priories,," HPOS="1297" VPOS="2709" WIDTH="209" HEIGHT="75" STYLEREFS="font0"/><SP WIDTH="27" VPOS="2709" HPOS="1506"/><String ID="p150_w852" CONTENT="a" HPOS="1533" VPOS="2709" WIDTH="17" HEIGHT="75" STYLEREFS="font0"/><SP WIDTH="16" VPOS="2709" HPOS="1550"/><String ID="p150_w853" CONTENT="kind" HPOS="1566" VPOS="2709" WIDTH="77" HEIGHT="75" STYLEREFS="font0"/><SP WIDTH="13" VPOS="2709" HPOS="1643"/><String ID="p150_w854" CONTENT="of" HPOS="1656" VPOS="2709" WIDTH="40" HEIGHT="75" STYLEREFS="font0"/><SP WIDTH="10" VPOS="2709" HPOS="1696"/><String ID="p150_w855" CONTENT="inferior" HPOS="1706" VPOS="2709" WIDTH="131" HEIGHT="75" STYLEREFS="font0"/><SP WIDTH="17" VPOS="2709" HPOS="1837"/><String ID="p150_w856" CONTENT="monafteries," HPOS="1854" VPOS="2709" WIDTH="213" HEIGHT="75" STYLEREFS="font0"/><SP WIDTH="18" VPOS="2709" HPOS="2067"/><String ID="p150_w857" CONTENT="formerly" HPOS="2085" VPOS="2709" WIDTH="155" HEIGHT="75" STYLEREFS="font0"/></TextLine><TextLine WIDTH="978" HEIGHT="75" ID="p150_t117" HPOS="1261" VPOS="2757"><String ID="p150_w858" CONTENT="very" HPOS="1261" VPOS="2757" WIDTH="78" HEIGHT="75" STYLEREFS="font0"/><SP WIDTH="19" VPOS="2757" HPOS="1339"/><String ID="p150_w859" CONTENT="numerous" HPOS="1358" VPOS="2757" WIDTH="168" HEIGHT="75" STYLEREFS="font0"/><SP WIDTH="17" VPOS="2757" HPOS="1526"/><String ID="p150_w860" CONTENT="in" HPOS="1543" VPOS="2757" WIDTH="34" HEIGHT="75" STYLEREFS="font0"/><SP WIDTH="15" VPOS="2757" HPOS="1577"/><String ID="p150_w861" CONTENT="England," HPOS="1592" VPOS="2757" WIDTH="164" HEIGHT="75" STYLEREFS="font0"/><SP WIDTH="25" VPOS="2757" HPOS="1756"/><String ID="p150_w862" CONTENT="and" HPOS="1781" VPOS="2757" WIDTH="63" HEIGHT="75" STYLEREFS="font0"/><SP WIDTH="26" VPOS="2757" HPOS="1844"/><String ID="p150_w863" CONTENT="fo" HPOS="1870" VPOS="2757" WIDTH="35" HEIGHT="75" STYLEREFS="font0"/><SP WIDTH="27" VPOS="2757" HPOS="1905"/><String ID="p150_w864" CONTENT="called" HPOS="1932" VPOS="2757" WIDTH="104" HEIGHT="75" STYLEREFS="font0"/><SP WIDTH="15" VPOS="2757" HPOS="2036"/><String ID="p150_w865" CONTENT="from" HPOS="2051" VPOS="2757" WIDTH="87" HEIGHT="75" STYLEREFS="font0"/><SP WIDTH="17" VPOS="2757" HPOS="2138"/><String ID="p150_w866" CONTENT="their" HPOS="2155" VPOS="2757" WIDTH="84" HEIGHT="75" STYLEREFS="font0"/></TextLine><TextLine WIDTH="558" HEIGHT="75" ID="p150_t118" HPOS="1259" VPOS="2803"><String ID="p150_w867" CONTENT="belonging" HPOS="1259" VPOS="2803" WIDTH="169" HEIGHT="75" STYLEREFS="font0"/><SP WIDTH="16" VPOS="2803" HPOS="1428"/><String ID="p150_w868" CONTENT="to" HPOS="1444" VPOS="2803" WIDTH="36" HEIGHT="75" STYLEREFS="font0"/><SP WIDTH="16" VPOS="2803" HPOS="1480"/><String ID="p150_w869" CONTENT="foreign" HPOS="1496" VPOS="2803" WIDTH="126" HEIGHT="75" STYLEREFS="font0"/><SP WIDTH="15" VPOS="2803" HPOS="1622"/><String ID="p150_w870" CONTENT="abbeys." HPOS="1637" VPOS="2803" WIDTH="132" HEIGHT="75" STYLEREFS="font0"/><SP WIDTH="38" VPOS="2803" HPOS="1769"/><String ID="p150_w871" CONTENT="_" HPOS="1807" VPOS="2803" WIDTH="10" HEIGHT="75" STYLEREFS="font0"/></TextLine><TextLine WIDTH="1025" HEIGHT="75" ID="p150_t119" HPOS="1211" VPOS="2850"><String ID="p150_w872" CONTENT="ALIENABLE," HPOS="1211" VPOS="2850" WIDTH="293" HEIGHT="75" STYLEREFS="font0"/><SP WIDTH="25" VPOS="2850" HPOS="1504"/><String ID="p150_w873" CONTENT="denotes" HPOS="1529" VPOS="2850" WIDTH="132" HEIGHT="75" STYLEREFS="font0"/><SP WIDTH="17" VPOS="2850" HPOS="1661"/><String ID="p150_w874" CONTENT="fomething" HPOS="1678" VPOS="2850" WIDTH="176" HEIGHT="75" STYLEREFS="font0"/><SP WIDTH="27" VPOS="2850" HPOS="1854"/><String ID="p150_w875" CONTENT="that" HPOS="1881" VPOS="2850" WIDTH="69" HEIGHT="75" STYLEREFS="font0"/><SP WIDTH="17" VPOS="2850" HPOS="1950"/><String ID="p150_w876" CONTENT="may" HPOS="1967" VPOS="2850" WIDTH="73" HEIGHT="75" STYLEREFS="font0"/><SP WIDTH="23" VPOS="2850" HPOS="2040"/><String ID="p150_w877" CONTENT="be" HPOS="2063" VPOS="2850" WIDTH="40" HEIGHT="75" STYLEREFS="font0"/><SP WIDTH="17" VPOS="2850" HPOS="2103"/><String ID="p150_w878" CONTENT="aliena-" HPOS="2120" VPOS="2850" WIDTH="116" HEIGHT="75" STYLEREFS="font0"/></TextLine><TextLine WIDTH="464" HEIGHT="75" ID="p150_t120" HPOS="1258" VPOS="2897"><String ID="p150_w879" CONTENT="ted." HPOS="1258" VPOS="2897" WIDTH="67" HEIGHT="75" STYLEREFS="font0"/><SP WIDTH="51" VPOS="2897" HPOS="1325"/><String ID="p150_w880" CONTENT="See" HPOS="1376" VPOS="2897" WIDTH="61" HEIGHT="75" STYLEREFS="font0"/><SP WIDTH="25" VPOS="2897" HPOS="1437"/><String ID="p150_w881" CONTENT="Alienation." HPOS="1462" VPOS="2897" WIDTH="260" HEIGHT="75" STYLEREFS="font0"/></TextLine><TextLine WIDTH="1024" HEIGHT="75" ID="p150_t121" HPOS="1212" VPOS="2943"><String ID="p150_w882" CONTENT="ALIENATION," HPOS="1212" VPOS="2943" WIDTH="321" HEIGHT="75" STYLEREFS="font0"/><SP WIDTH="26" VPOS="2943" HPOS="1533"/><String ID="p150_w883" CONTENT="in" HPOS="1559" VPOS="2943" WIDTH="31" HEIGHT="75" STYLEREFS="font0"/><SP WIDTH="16" VPOS="2943" HPOS="1590"/><String ID="p150_w884" CONTENT="law," HPOS="1606" VPOS="2943" WIDTH="74" HEIGHT="75" STYLEREFS="font0"/><SP WIDTH="25" VPOS="2943" HPOS="1680"/><String ID="p150_w885" CONTENT="denotes" HPOS="1705" VPOS="2943" WIDTH="133" HEIGHT="75" STYLEREFS="font0"/><SP WIDTH="17" VPOS="2943" HPOS="1838"/><String ID="p150_w886" CONTENT="the" HPOS="1855" VPOS="2943" WIDTH="55" HEIGHT="75" STYLEREFS="font0"/><SP WIDTH="17" VPOS="2943" HPOS="1910"/><String ID="p150_w887" CONTENT="a&lt;ft" HPOS="1927" VPOS="2943" WIDTH="48" HEIGHT="75" STYLEREFS="font0"/><SP WIDTH="22" VPOS="2943" HPOS="1975"/><String ID="p150_w888" CONTENT="of" HPOS="1997" VPOS="2943" WIDTH="40" HEIGHT="75" STYLEREFS="font0"/><SP WIDTH="22" VPOS="2943" HPOS="2037"/><String ID="p150_w889" CONTENT="making" HPOS="2059" VPOS="2943" WIDTH="127" HEIGHT="75" STYLEREFS="font0"/><SP WIDTH="16" VPOS="2943" HPOS="2186"/><String ID="p150_w890" CONTENT="o-" HPOS="2202" VPOS="2943" WIDTH="34" HEIGHT="75" STYLEREFS="font0"/></TextLine><TextLine WIDTH="978" HEIGHT="75" ID="p150_t122" HPOS="1258" VPOS="2989"><String ID="p150_w891" CONTENT="ver" HPOS="1258" VPOS="2989" WIDTH="55" HEIGHT="75" STYLEREFS="font0"/><SP WIDTH="16" VPOS="2989" HPOS="1313"/><String ID="p150_w892" CONTENT="a" HPOS="1329" VPOS="2989" WIDTH="18" HEIGHT="75" STYLEREFS="font0"/><SP WIDTH="16" VPOS="2989" HPOS="1347"/><String ID="p150_w893" CONTENT="man’s" HPOS="1363" VPOS="2989" WIDTH="99" HEIGHT="75" STYLEREFS="font0"/><SP WIDTH="18" VPOS="2989" HPOS="1462"/><String ID="p150_w894" CONTENT="property" HPOS="1480" VPOS="2989" WIDTH="152" HEIGHT="75" STYLEREFS="font0"/><SP WIDTH="14" VPOS="2989" HPOS="1632"/><String ID="p150_w895" CONTENT="in" HPOS="1646" VPOS="2989" WIDTH="33" HEIGHT="75" STYLEREFS="font0"/><SP WIDTH="22" VPOS="2989" HPOS="1679"/><String ID="p150_w896" CONTENT="land," HPOS="1701" VPOS="2989" WIDTH="86" HEIGHT="75" STYLEREFS="font0"/><SP WIDTH="26" VPOS="2989" HPOS="1787"/><String ID="p150_w897" CONTENT="tenements," HPOS="1813" VPOS="2989" WIDTH="189" HEIGHT="75" STYLEREFS="font0"/><SP WIDTH="27" VPOS="2989" HPOS="2002"/><String ID="p150_w898" CONTENT="&amp;c." HPOS="2029" VPOS="2989" WIDTH="64" HEIGHT="75" STYLEREFS="font0"/><SP WIDTH="26" VPOS="2989" HPOS="2093"/><String ID="p150_w899" CONTENT="to" HPOS="2119" VPOS="2989" WIDTH="34" HEIGHT="75" STYLEREFS="font0"/><SP WIDTH="29" VPOS="2989" HPOS="2153"/><String ID="p150_w900" CONTENT="an-" HPOS="2182" VPOS="2989" WIDTH="54" HEIGHT="75" STYLEREFS="font0"/></TextLine><TextLine WIDTH="229" HEIGHT="75" ID="p150_t123" HPOS="1256" VPOS="3037"><String ID="p150_w901" CONTENT="other" HPOS="1256" VPOS="3037" WIDTH="91" HEIGHT="75" STYLEREFS="font0"/><SP WIDTH="15" VPOS="3037" HPOS="1347"/><String ID="p150_w902" CONTENT="perfon." HPOS="1362" VPOS="3037" WIDTH="123" HEIGHT="75" STYLEREFS="font0"/></TextLine><TextLine WIDTH="114" HEIGHT="75" ID="p150_t124" HPOS="2122" VPOS="3081"><String ID="p150_w903" CONTENT="Alie-" HPOS="2122" VPOS="3081" WIDTH="114" HEIGHT="75" STYLEREFS="font0"/></TextLine></PrintSpace></Page></Layout></alto>