2397 3387
506 126 35 75 B
598 126 36 75 E
691 126 42 75 A

1063 126 18 75 (
1140 126 80 75 533
1282 126 19 75 )

1621 126 35 75 B
1716 126 34 75 E
1812 126 41 75 A

134 193 125 75 Beam,
284 193 31 75 in
333 193 163 75 heraldry,
522 193 57 75 the
607 193 82 75 term
716 193 75 75 ufed
806 193 36 75 to
865 193 127 75 exprefs
1009 193 55 75 the
1080 193 86 75 main

181 239 81 75 horn
279 239 40 75 of
329 239 19 75 a
363 239 73 75 hart
447 239 43 75 -or
502 239 97 75 buck.

133 285 125 75 Beam,
282 285 117 75 among
414 285 144 75 hunters,
582 285 56 75 the
654 285 84 75 main
754 285 77 75 flem
848 285 40 75 of
908 285 19 75 a
949 285 103 75 deer’s
1068 285 96 75 head,

182 332 37 75 or
230 332 70 75 that
316 332 72 75 part
403 332 106 75 which
525 332 92 75 bears
634 332 55 75 the
706 332 132 75 antlers,
863 332 119 75 royals,
1001 332 62 75 and
1078 332 86 75 tops.

133 376 297 75 Charnber-iiK\M.
481 376 62 75 See
559 376 313 75 Chamber-^tw.

134 424 110 75 Beam
263 424 27 75 is
308 424 64 75 alfo
395 424 54 75 the
477 424 92 75 name
585 424 41 75 of
641 424 19 75 a
676 424 66 75 fort
764 424 41 75 of
826 424 79 75 fiery
920 424 122 75 meteor
1058 424 32 75 in
1107 424 56 75 the

181 469 92 75 Iha^e
293 469 40 75 of
344 469 19 75 a
379 469 95 75 pillar
486 469 10 75 ;
523 469 65 75 alfo
604 469 19 75 a
640 469 56 75 ray
712 469 40 75 of
763 469 55 75 the
834 469 68 75 fun.

133 516 248 75 BEAM-yf//z«^,
406 516 32 75 in
456 516 156 75 building,
637 516 56 75 the
719 516 101 75 filling
846 516 42 75 up
916 516 40 75 of
978 516 55 75 the
1049 516 114 75 vacant

180 562 90 75 fpace
295 562 143 75 between
466 562 55 75 the
549 562 102 75 raifon
679 562 63 75 and
768 562 84 75 roof,
888 562 80 75 with
996 562 102 75 Hones
1125 562 39 75 or

180 608 106 75 bricks
317 608 66 75 laid
409 608 145 75 between
582 608 56 75 the
666 608 115 75 rafters
806 608 41 75 on
876 608 55 75 the
959 608 115 75 raifon,
1100 608 64 75 and

180 654 156 75 plaftered
351 654 42 75 on
408 654 79 75 with
505 654 97 75 loam,
627 654 106 75 where
749 654 56 75 the
818 654 123 75 garrets
954 654 53 75 are
1018 654 57 75 not
1091 654 72 75 par-

180 700 108 75 geted,
314 700 37 75 or
374 700 167 75 plaftered,
569 700 34 75 as
620 700 33 75 in
669 700 136 75 country
820 700 117 75 places,
961 700 108 75 where
1085 700 77 75 they

181 746 43 75 do
240 746 56 75 not
314 746 110 75 parget
441 746 36 75 or
493 746 114 75 plafter
623 746 84 75 their
722 746 134 75 garrets.

135 793 109 75 Beam
264 793 44 75 of
312 793 44 75 an
371 793 130 75 anchor,
527 793 56 75 the
598 793 121 75 longeft
745 793 72 75 part
843 793 41 75 of
905 793 38 75 it,
969 793 104 75 called
1097 793 67 75 alfo

181 839 54 75 the
241 839 121 75 Jhank.

134 883 7 75 '
141 883 190 75 Bv.&M-feat
333 883 84 75 hers,
449 883 33 75 in
502 883 157 75 falconry,
684 883 57 75 the
768 883 120 75 longeft
915 883 144 75 feathers
1082 883 41 75 of
1145 883 19 75 a

178 931 121 75 hawk’s
317 931 96 75 wing.

132 977 109 75 Beam
261 977 64 75 alfo
341 977 133 75 denotes
490 977 56 75 the
565 977 81 75 lath,
664 977 37 75 or
717 977 83 75 iron,
819 977 40 75 of
870 977 19 75 a
905 977 69 75 pair
990 977 40 75 of
1041 977 97 75 feales
1150 977 11 75 ;

178 1023 180 75 fometimes
374 1023 55 75 the
446 1023 107 75 whole
569 1023 168 75 apparatus
754 1023 52 75 for
822 1023 161 75 weighing
1006 1023 40 75 of
1063 1023 102 75 goods

178 1070 27 75 is
222 1070 33 75 fo
272 1070 120 75 called:
420 1070 95 75 Thus
535 1070 48 75 we
601 1070 67 75 fay,
692 1070 26 75 it
735 1070 120 75 weighs
872 1070 33 75 fo
929 1070 96 75 much
1049 1070 32 75 at
1108 1070 57 75 the

178 1115 105 75 king’s
300 1115 104 75 beam.

133 1161 110 75 Beam
266 1161 44 75 of
314 1161 21 75 a
349 1161 130 75 plough,
506 1161 70 75 that
602 1161 34 75 in
663 1161 105 75 which
796 1161 42 75 all
863 1161 56 75 the
935 1161 87 75 parts
1047 1161 41 75 of
1109 1161 56 75 the

181 1207 193 75 plough-tail
391 1207 53 75 are
460 1207 100 75 fixed.
598 1207 62 75 See
676 1207 310 75 Agriculture.

132 1254 123 75 Beam,
281 1254 37 75 or
334 1254 178 75 Roller,
538 1254 115 75 among
680 1254 153 75 weavers,
859 1254 19 75 a
900 1254 77 75 long
998 1254 62 75 and
1076 1254 90 75 thick

177 1300 133 75 wooden
323 1300 156 75 cylinder,
503 1300 113 75 placed
630 1300 216 75 length-ways
862 1300 42 75 on
925 1300 55 75 the
996 1300 170 75 back-part

177 1347 39 75 of
227 1347 55 75 the
299 1347 89 75 loom
404 1347 39 75 of
454 1347 92 75 thofe
560 1347 74 75 who
654 1347 92 75 work
762 1347 78 75 with
858 1347 19 75 a
891 1347 129 75 ihuttle.

224 1392 92 75 That
332 1392 154 75 cylinder,
511 1392 41 75 on
569 1392 106 75 which
692 1392 55 75 the
764 1392 79 75 fluff
853 1392 26 75 is
906 1392 102 75 rolled
1030 1392 32 75 as
1087 1392 27 75 it
1136 1392 29 75 is

180 1438 141 75 weaved,
346 1438 27 75 is
391 1438 64 75 alfo
472 1438 102 75 called
597 1438 56 75 the
677 1438 91 75 beam
785 1438 37 75 or
840 1438 110 75 roller,
976 1438 62 75 and
1052 1438 28 75 is
1097 1438 67 75 pla-

181 1484 58 75 ced
255 1484 41 75 on
314 1484 54 75 the
385 1484 156 75 fore-part
558 1484 40 75 of
615 1484 56 75 the
688 1484 98 75 loom.

133 1531 143 75 BEAN,
294 1531 32 75 in
343 1531 131 75 botany.
525 1531 61 75 See
602 1531 134 75 Vicia.

133 1577 142 75 BEAR,
300 1577 33 75 in
357 1577 151 75 zoology.
560 1577 225 75 SccUrsus.

134 1624 121 75 Bear,
280 1624 32 75 in
337 1624 192 75 aftronomy.
580 1624 62 75 See
658 1624 126 75 Ursa.

133 1670 120 75 Bear,
279 1670 32 75 in
329 1670 164 75 heraldry.
543 1670 53 75 He
613 1670 71 75 that
701 1670 58 75 has
776 1670 19 75 a
811 1670 74 75 coat
901 1670 41 75 of
952 1670 84 75 arms
1052 1670 28 75 is
1096 1670 68 75 faid

182 1716 35 75 to
235 1716 76 75 bear
326 1716 32 75 in
375 1716 25 75 it
417 1716 54 75 the
487 1716 119 75 feveral
627 1716 132 75 charges
776 1716 36 75 or
831 1716 174 75 ordinaries
1022 1716 71 75 that
1109 1716 54 75 are

182 1761 32 75 in
231 1761 49 75 his
299 1761 204 75 efcutcheon.

134 1808 119 75 Bear,
271 1808 32 75 in
315 1808 156 75 gunnery.
520 1808 31 75 A
570 1808 87 75 piece
673 1808 40 75 of
724 1808 159 75 ordnance
895 1808 27 75 is
939 1808 66 75 faid
1022 1808 34 75 to
1074 1808 89 75 come

180 1854 35 75 to
231 1854 88 75 bear,
345 1854 91 75 when
453 1854 28 75 it
494 1854 59 75 lies
570 1854 87 75 right
674 1854 91 75 with,
784 1854 36 75 or
833 1854 134 75 direftly
979 1854 117 75 againft
1109 1854 55 75 the

179 1901 103 75 mark.

132 1949 341 75 BEARALSTON,
491 1949 18 75 a
524 1949 147 75 borough
689 1949 40 75 of
740 1949 212 75 Devonfhire,
970 1949 135 75 fituated
1121 1949 41 75 on

180 1995 54 75 the
252 1995 82 75 river
349 1995 134 75 Tamar,
510 1995 96 75 about
622 1995 55 75 ten
700 1995 91 75 miles
807 1995 97 75 north
921 1995 40 75 of
973 1995 187 75 Plymouth,

178 2039 33 75 in
236 2039 21 75 4
257 2021 22 49 0
306 2039 55 75 30'
385 2039 62 75 W.
464 2039 88 75 long,
580 2039 61 75 and
662 2039 64 75 50°
747 2039 39 75 3J
786 2021 15 49 1
826 2039 48 75 N.
892 2039 59 75 lat.
1010 2039 33 75 It
1069 2039 93 75 fends

180 2085 65 75 two
261 2085 156 75 members
433 2085 35 75 to
484 2085 200 75 parliament.

135 2131 272 75 V>v.\^’s-breech.
458 2131 62 75 See
537 2131 230 75 Acanthus.

134 2177 180 75 BEARD,
340 2177 55 75 the
410 2177 71 75 hair
506 2177 144 75 growing
665 2177 41 75 on
734 2177 54 75 the
814 2177 85 75 chin,
925 2177 63 75 and
1016 2177 146 75 adjacent

181 2224 86 75 parts
284 2224 40 75 of
335 2224 56 75 the
415 2224 83 75 face,
524 2224 116 75 chiefly
664 2224 40 75 of
723 2224 105 75 adults
853 2224 63 75 and
939 2224 110 75 males.
1100 2224 62 75 See

181 2270 217 75 Anatomy,
424 2270 30 75 p.
475 2270 83 75 256.

237 2316 138 75 Various
406 2316 80 75 have
511 2316 78 75 been
621 2316 56 75 the
708 2316 196 75 ceremonies
932 2316 62 75 and
1027 2316 134 75 cuftoms

180 2362 42 75 of
243 2362 79 75 moft
349 2362 125 75 nations
490 2362 32 75 in
540 2362 112 75 regard
680 2362 40 75 of
743 2362 55 75 the
823 2362 110 75 beard.
982 2362 77 75 The
1076 2362 85 75 Tar-

181 2408 79 75 tars,
289 2408 57 75 out
361 2408 40 75 of
417 2408 18 75 a
466 2408 149 75 religious
643 2408 166 75 principle,
833 2408 115 75 waged
964 2408 18 75 a
999 2408 76 75 long
1099 2408 62 75 and

181 2454 125 75 bloody
324 2454 67 75 war
414 2454 78 75 with
522 2454 54 75 the
599 2454 156 75 Perfians,
780 2454 166 75 declaring
974 2454 88 75 them
1092 2454 70 75 infi-

181 2500 69 75 dels
274 2500 119 75 merely
408 2500 131 75 becaufe
559 2500 78 75 they
653 2500 108 75 would
787 2500 57 75 not
861 2500 54 75 cut
939 2500 85 75 their
1048 2500 113 75 whifk-

182 2547 50 75 ers
257 2547 83 75 after
360 2547 55 75 the
439 2547 60 75 rite
526 2547 39 75 of
587 2547 165 75 Tartary:
789 2547 77 75 And
884 2547 49 75 we
949 2547 79 75 find,
1057 2547 69 75 that
1145 2547 19 75 a

186 2594 212 75 confiderable
432 2594 120 75 branch
572 2594 41 75 of
635 2594 56 75 the
718 2594 133 75 religion
879 2594 41 75 of
945 2594 56 75 the
1027 2594 141 75 ancients

182 2639 150 75 confifted
347 2639 32 75 in
397 2639 53 75 the
467 2639 220 75 management
703 2639 40 75 of
754 2639 84 75 their
858 2639 115 75 beard.
1022 2639 139 75 Ecclefi-

182 2686 88 75 aftics
287 2686 80 75 have
384 2686 178 75 fometimes
579 2686 80 75 been
676 2686 148 75 enjoined
850 2686 35 75 to
917 2686 97 75 wear,
1040 2686 62 75 and
1131 2686 33 75 at

181 2732 94 75 other
291 2732 93 75 times
399 2732 81 75 have
496 2732 79 75 been
593 2732 106 75 forbid
717 2732 55 75 the
785 2732 149 75 wearing,
959 2732 55 75 the
1039 2732 98 75 beard
1152 2732 10 75 ;

132 2778 9 75 *
181 2778 64 75 and
262 2778 53 75 the
333 2778 112 75 Greek
461 2778 62 75 and
540 2778 131 75 Romifh
689 2778 155 75 churches
861 2778 80 75 have
958 2778 79 75 been
1054 2778 19 75 a
1089 2778 76 75 long

182 2824 76 75 time
285 2824 42 75 by
354 2824 55 75 the
438 2824 83 75 ears,
547 2824 98 75 about
672 2824 84 75 their
783 2824 125 75 beards.
966 2824 56 75 To
1047 2824 46 75 let'
1107 2824 57 75 the

182 2872 97 75 beard
296 2872 101 75 grow,
423 2872 32 75 in
479 2872 86 75 fome
590 2872 172 75 countrier,
788 2872 25 75 is
836 2872 20 75 a
873 2872 96 75 token
986 2872 41 75 of
1036 2872 129 75 mourn-

182 2916 64 75 ing,
274 2916 31 75 as
330 2916 34 75 to
380 2916 91 75 fhave
487 2916 24 75 it
529 2916 26 75 is
572 2916 55 75 the
643 2916 65 75 like
724 2916 32 75 in
774 2916 122 75 others.

228 2963 76 75 The
321 2963 128 75 Greeks
462 2963 86 75 wore
566 2963 83 75 their
660 2963 116 75 beards
788 2963 50 75 till
850 2963 55 75 the
918 2963 75 75 time
1010 2963 40 75 of
1062 2963 102 75 Alex-

276 3012 99 75 Vol.
402 3012 29 75 I,
480 3012 70 75 No.
570 3012 57 75 23.

1044 3012 21 75 3

1264 187 97 75 ander
1377 187 189 75 the"Great,
1584 187 70 75 that
1670 187 108 75 prince
1794 187 117 75 having
1922 187 135 75 ordered
2071 187 53 75 the
2136 187 112 75 Mace-

1262 234 131 75 donians
1410 234 35 75 to
1462 234 39 75 be
1517 234 126 75 fhaved,
1671 234 52 75 for
1739 234 70 75 fear
1831 234 25 75 it
1881 234 112 75 ftiould
2009 234 71 75 give
2098 234 17 75 a
2131 234 117 75 handle

1262 280 34 75 to
1323 280 85 75 their
1435 280 151 75 enemies.
1645 280 77 75 The
1751 280 144 75 Romans
1922 280 57 75 did
2008 280 55 75 not
2091 280 92 75 begin
2213 280 35 75 to

1261 327 92 75 ftiave
1370 327 50 75 till
1436 327 56 75 the
1509 327 77 75 year
1600 327 41 75 of
1653 327 106 75 Rome
1775 327 82 75 454.
1903 327 74 75 Nor
2001 327 56 75 did
2081 327 55 75 the
2165 327 80 75 Ruf-

1260 374 78 75 fians
1355 374 54 75 cut
1426 374 84 75 their
1527 374 114 75 beards
1659 374 49 75 till
1726 374 112 75 within
1857 374 85 75 thefe
1967 374 62 75 few
2046 374 104 75 years,
2175 374 71 75 that

1258 419 98 75 Peter
1372 419 54 75 the
1443 419 119 75 Great,
1586 419 281 75 notwithftanding
1893 419 50 75 his
1972 419 171 75 injunction
2160 419 86 75 upon

1257 466 88 75 them
1357 466 35 75 to
1403 466 104 75 ftiave,
1525 466 65 75 was
1606 466 129 75 obliged
1751 466 35 75 to
1799 466 79 75 keep
1890 466 41 75 on
1944 466 73 75 foot
2032 466 18 75 a
2066 466 132 75 number
2212 466 40 75 of

1257 512 125 75 officers
1399 512 35 75 to
1450 512 55 75 cut
1521 512 59 75 off,
1605 512 45 75 by
1665 512 157 75 violence,
1849 512 55 75 the
1921 512 114 75 beards
2060 512 39 75 of
2119 512 75 75 fuch
2212 512 33 75 as

1258 559 109 75 would
1383 559 57 75 not
1457 559 166 75 otherwife
1640 559 71 75 part
1731 559 79 75 with
1827 559 101 75 them.

1211 605 134 75 Beard
1369 605 43 75 of
1416 605 22 75 a
1459 605 111 75 comet,
1596 605 55 75 the
1673 605 73 75 rays
1768 605 106 75 which
1891 605 55 75 the
1962 605 106 75 comet
2085 605 92 75 emits
2195 605 50 75 to-

1258 651 103 75 wards
1379 651 71 75 that
1464 651 72 75 part
1559 651 41 75 of
1610 651 54 75 the
1676 651 121 75 heaven
1813 651 35 75 to
1865 651 103 75 which
1987 651 41 75 its
2045 651 114 75 proper
2177 651 70 75 mo-

1258 697 67 75 tion
1343 697 98 75 feems
1458 697 35 75 to
1516 697 100 75 direCt
1631 697 39 75 it,
1695 697 31 75 in
1743 697 106 75 which
1867 697 55 75 the
1939 697 99 75 beard
2053 697 42 75 of
2106 697 18 75 a
2140 697 106 75 comet

1258 743 25 75 is
1301 743 222 75 diftinguiftied
1546 743 84 75 from
1658 743 56 75 the
1741 743 70 75 tail,
1837 743 106 75 which
1959 743 26 75 is
2002 743 193 75 underftood
2209 743 43 75 of

1257 790 55 75 the
1328 790 72 75 rays
1416 790 134 75 emitted
1565 790 140 75 towards
1733 790 71 75 that
1831 790 73 75 part
1927 790 87 75 from
2044 790 130 75 whence
2201 790 44 75 its

1257 836 122 75 motion
1396 836 98 75 feems
1512 836 34 75 to
1563 836 93 75 carry
1671 836 37 75 it.

1212 883 132 75 Beard
1365 883 43 75 of
1413 883 22 75 a
1451 883 100 75 horfe,
1577 883 71 75 that
1665 883 70 75 part
1751 883 200 75 underneath
1963 883 56 75 the
2036 883 100 75 lower
2154 883 88 75 man-

1257 929 86 75 dible
1360 929 40 75 on
1418 929 56 75 the
1490 929 120 75 outfide
1626 929 64 75 and
1706 929 101 75 above
1831 929 55 75 the
1914 929 87 75 chin,
2029 929 106 75 which
2153 929 90 75 bears

1258 975 54 75 the
1327 975 91 75 curb.
1467 975 32 75 It
1519 975 25 75 is
1568 975 65 75 alfo
1654 975 105 75 called
1775 975 56 75 the
1850 975 118 75 chuck.

1308 1021 31 75 It
1358 1021 110 75 ftiould
1485 1021 80 75 have
1582 1021 58 75 but
1655 1021 84 75 little
1756 1021 72 75 flefti
1853 1021 85 75 upon
1963 1021 37 75 it,
2026 1021 139 75 without
2182 1021 62 75 any

1257 1067 111 75 chops,
1385 1067 162 75 hardneft,
1566 1067 37 75 or
1618 1067 155 75 fwelling,
1793 1067 63 75 and
1872 1067 124 75 neither
2013 1067 57 75 too
2084 1067 78 75 high
2181 1067 62 75 rai-

1256 1114 55 75 fed
1333 1114 60 75 nor
1408 1114 57 75 too
1479 1114 68 75 flat,
1573 1114 59 75 but
1647 1114 75 75 fuch
1741 1114 33 75 as
1791 1114 55 75 the
1875 1114 78 75 curb
1969 1114 74 75 may
2067 1114 60 75 reft
2153 1114 32 75 in
2202 1114 42 75 its

1260 1160 84 75 right
1361 1160 102 75 place.

1212 1207 236 75 BEARDED
1465 1207 85 75 hujk,
1577 1207 118 75 among
1722 1207 127 75 florifts,
1874 1207 27 75 is
1930 1207 19 75 a
1975 1207 91 75 hulk,
2090 1207 95 75 hairy
2200 1207 44 75 on

1259 1253 53 75 the
1332 1253 110 75 edges.

1211 1299 260 75 BEARDING
1488 1299 45 75 of
1536 1299 95 75 wool.
1682 1299 61 75 See
1759 1299 139 75 Wool.

1210 1346 209 75 BEARER,
1443 1346 33 75 in
1492 1346 222 75 architecture,
1739 1346 19 75 a
1774 1346 79 75 poft,
1879 1346 37 75 or
1931 1346 195 75 brick-wall,
2151 1346 92 75 trim-

1257 1391 72 75 med
1347 1391 41 75 up
1405 1391 144 75 between
1565 1391 55 75 the
1633 1391 65 75 two
1710 1391 78 75 ends
1805 1391 41 75 of
1857 1391 19 75 a
1896 1391 88 75 piece
2000 1391 41 75 of
2055 1391 127 75 timber,
2208 1391 36 75 to

1257 1437 125 75 fliorten
1400 1437 41 75 its
1459 1437 141 75 bearing,
1626 1437 38 75 or
1680 1437 34 75 to
1738 1437 131 75 prevent
1886 1437 41 75 its
1945 1437 129 75 bearing
2091 1437 78 75 with
2187 1437 57 75 the

1260 1484 105 75 whole
1382 1484 119 75 weight
1518 1484 32 75 at
1568 1484 55 75 the
1641 1484 76 75 ends
1735 1484 90 75 only.

1210 1530 158 75 Bearer
1398 1530 43 75 of
1453 1530 23 75 a
1499 1530 62 75 bill
1582 1530 43 75 of
1637 1530 170 75 exchange,
1844 1530 56 75 the
1928 1530 110 75 perfon
2068 1530 31 75 in
2128 1530 109 75 whofe

1254 1577 102 75 hands
1373 1577 55 75 the
1444 1577 58 75 bill
1518 1577 39 75 is,
1583 1577 60 75 and
1660 1577 33 75 in
1714 1577 115 75 favour
1849 1577 40 75 of
1906 1577 107 75 whom
2034 1577 55 75 the
2108 1577 57 75 laft
2187 1577 54 75 or-

1257 1624 58 75 der
1330 1624 64 75 was
1411 1624 105 75 made.

1302 1671 109 75 When
1426 1671 18 75 a
1459 1671 56 75 bill
1532 1671 27 75 is
1576 1671 92 75 made
1684 1671 135 75 payable
1835 1671 35 75 to
1887 1671 55 75 the
1954 1671 124 75 bearer,
2096 1671 25 75 it
2138 1671 26 75 is
2181 1671 61 75 un-

1256 1717 148 75 derftood
1419 1717 35 75 to
1466 1717 39 75 be
1522 1717 133 75 payable
1672 1717 35 75 to
1723 1717 67 75 him
1802 1717 32 75 in
1851 1717 106 75 whofe
1973 1717 101 75 hands
2087 1717 26 75 it
2129 1717 38 75 is,
2192 1717 49 75 af-

1258 1762 49 75 ter
1323 1762 25 75 it
1369 1762 146 75 becomes
1532 1762 75 75 due.
1658 1762 61 75 See
1735 1762 113 75 Bill.

1210 1810 234 75 BEARERS,
1470 1810 32 75 in
1518 1810 165 75 heraldry.
1733 1810 61 75 See
1812 1810 262 75 Supporters.

1210 1856 298 75 CVs/y-BEARERS.
1560 1856 61 75 See
1638 1856 145 75 Cross.

1209 1903 234 75 BEARING,
1467 1903 33 75 in
1516 1903 181 75 navigation
1714 1903 62 75 and
1792 1903 196 75 geography,
2014 1903 56 75 the
2093 1903 148 75 fituation

1256 1949 40 75 of
1306 1949 60 75 one
1383 1949 88 75 place
1488 1949 83 75 from
1584 1949 145 75 another,
1747 1949 78 75 with
1840 1949 114 75 regard
1966 1949 34 75 to
2014 1949 55 75 the
2085 1949 103 75 points
2206 1949 42 75 of

1256 1996 53 75 the
1322 1996 140 75 compafs
1475 1996 9 75 ;
1504 1996 37 75 or
1557 1996 56 75 the
1630 1996 92 75 angle
1738 1996 105 75 which
1858 1996 22 75 a
1891 1996 63 75 line
1971 1996 110 75 drawn
2099 1996 141 75 through

1257 2042 55 75 the
1324 2042 66 75 two
1407 2042 117 75 places,
1548 2042 107 75 makes
1673 2042 76 75 with
1764 2042 55 75 the
1836 2042 168 75 meridians
2017 2042 41 75 of
2068 2042 91 75 each.

1208 2087 193 75 Bearing,
1427 2087 32 75 in
1487 2087 55 75 the
1561 2087 51 75 fea
1628 2087 167 75 language.
1845 2087 110 75 When
1971 2087 21 75 a
2007 2087 64 75 ftiip
2088 2087 71 75 fails
2185 2087 51 75 to-

1255 2133 105 75 wards
1376 2133 56 75 the
1455 2133 102 75 ftiore,
1581 2133 111 75 before
1708 2133 56 75 the
1788 2133 98 75 wind,
1912 2133 51 75 ftie
1988 2133 26 75 is
2031 2133 67 75 faid
2115 2133 75 75 bear
2205 2133 35 75 in

1256 2178 78 75 with
1353 2178 54 75 the
1431 2178 75 75 land
1523 2178 37 75 or
1577 2178 152 75 harbour.
1777 2178 56 75 To
1854 2178 46 75 let
1917 2178 55 75 the
1995 2178 67 75 ftiip
2078 2178 54 75 fail
2151 2178 91 75 more

1255 2226 111 75 before
1383 2226 54 75 the
1454 2226 97 75 wind,
1577 2226 27 75 is
1621 2226 35 75 to
1671 2226 78 75 bear
1766 2226 55 75 up.
1869 2226 56 75 To
1942 2226 56 75 put
2009 2226 59 75 her
2085 2226 85 75 right
2183 2226 55 75 be-

1256 2271 70 75 fore
1336 2271 54 75 the
1402 2271 98 75 wind,
1518 2271 24 75 is
1560 2271 35 75 to
1611 2271 76 75 bear
1704 2271 114 75 round.
1867 2271 32 75 A
1916 2271 65 75 ftiip
1996 2271 67 75 that
2079 2271 97 75 keeps
2193 2271 52 75 off

1256 2318 84 75 from
1363 2318 55 75 the
1434 2318 87 75 land,
1547 2318 27 75 is
1591 2318 65 75 faid
1674 2318 34 75 to
1725 2318 75 75 bear
1816 2318 57 75 off.
1922 2318 113 75 When
2053 2318 17 75 a
2086 2318 64 75 fliip
2168 2318 71 75 that

1256 2364 64 75 was
1333 2364 34 75 to
1380 2364 174 75 windward
1571 2364 105 75 comes
1689 2364 101 75 under
1806 2364 134 75 another
1955 2364 93 75 (hip’s
2063 2364 94 75 ftern,
2176 2364 62 75 and

1256 2410 34 75 fo
1317 2410 87 75 gives
1428 2410 60 75 her
1514 2410 56 75 the
1587 2410 97 75 wind,
1710 2410 52 75 (he
1778 2410 26 75 is
1825 2410 67 75 faid
1908 2410 35 75 to
1971 2410 76 75 bear
2063 2410 100 75 under
2179 2410 59 75 her

1255 2457 61 75 lee,
1335 2457 64 75 cbc.
1448 2457 112 75 There
1576 2457 27 75 is
1621 2457 134 75 another
1769 2457 86 75 fenfe
1872 2457 39 75 of
1928 2457 63 75 this
2009 2457 101 75 word,
2137 2457 31 75 in
2186 2457 51 75 re-

1256 2502 126 75 ference
1409 2502 36 75 to
1462 2502 55 75 the
1534 2502 121 75 burden
1672 2502 41 75 of
1735 2502 18 75 a
1769 2502 87 75 (hip;
1884 2502 50 75 for
1958 2502 79 75 they
2060 2502 53 75 fay
2137 2502 20 75 a
2172 2502 65 75 (hip

1258 2548 104 75 bears,
1388 2548 92 75 when
1496 2548 118 75 having
1630 2548 56 75 too
1702 2548 122 75 (lender
1840 2548 37 75 or
1894 2548 70 75 lean
1981 2548 19 75 a
2017 2548 141 75 quarter,
2185 2548 52 75 (he

1258 2594 66 75 will
1351 2594 65 75 fink
1444 2594 56 75 too
1517 2594 79 75 deep
1612 2594 67 75 into
1696 2594 54 75 the
1775 2594 100 75 water
1899 2594 78 75 with
2005 2594 39 75 an
2062 2594 74 75 over
2154 2594 82 75 light

1261 2640 131 75 freight,
1418 2640 61 75 and
1496 2640 134 75 thereby
1646 2640 58 75 can
1726 2640 92 75 carry
1841 2640 57 75 but
1924 2640 20 75 a
1971 2640 88 75 fmall
2088 2640 149 75 quantity

1258 2686 39 75 of
1316 2686 116 75 goods.
1484 2686 61 75 See
1562 2686 276 75 Navigation.

1211 2735 177 75 Bearing

1604 2735 44 75 j/"
1664 2735 130 75 timber,
1820 2735 115 75 among
1962 2735 193 75 carpenters,
2181 2735 55 75 the

1259 2779 90 75 fpace
1364 2779 101 75 either
1491 2779 145 75 between
1661 2779 55 75 the
1733 2779 65 75 two
1814 2779 87 75 fixed
1918 2779 160 75 extremes
2095 2779 140 75 thereof,

1259 2826 90 75 when
1366 2826 25 75 it
1408 2826 55 75 has
1476 2826 42 75 no
1535 2826 93 75 other
1644 2826 142 75 fupport,
1812 2826 106 75 which
1936 2826 77 75 they
2028 2826 61 75 call
2106 2826 131 75 bearing

1258 2872 32 75 at
1308 2872 122 75 length,
1456 2872 37 75 or
1510 2872 143 75 between
1671 2872 59 75 one
1747 2872 146 75 extreme
1911 2872 62 75 and
1989 2872 18 75 a
2024 2872 79 75 pod,
2129 2872 106 75 brick-

1258 2919 84 75 wall,
1369 2919 64 75 6c.
1458 2919 149 75 trimmed
1624 2919 42 75 up
1677 2919 146 75 between
1838 2919 55 75 the
1910 2919 78 75 ends
2005 2919 34 75 to
2051 2919 124 75 ftiorten
2191 2919 44 75 its

1256 2967 156 75 bearings.

1759 3015 20 75 6
1809 3015 36 75 T

2150 3015 91 75 High
