2397 3387
555 134 34 75 B
651 134 35 75 L
744 134 40 75 O

1139 134 19 75 (
1217 134 85 75 574
1359 134 16 75 )

1726 134 35 75 B
1822 134 34 75 L
1914 134 45 75 U

241 208 113 75 pla^e,'
369 208 44 75 by
430 208 123 75 porting
576 208 111 75 troops
706 208 32 75 at
756 208 42 75 all
827 208 54 75 the
900 208 136 75 avenues
1053 208 128 75 leading
1199 208 35 75 to

242 256 38 75 it,
306 256 35 75 to
356 256 79 75 Jteep
453 256 137 75 fupplies
603 256 38 75 of
654 256 72 75 men
744 256 62 75 and
823 256 171 75 provifions
1008 256 225 75 fronvgetting

241 302 69 75 into
327 302 46 75 it;
401 302 61 75 and
479 302 43 75 by
539 302 88 75 thefe
639 302 107 75 means
765 302 166 75 propofing
949 302 34 75 to
997 302 101 75 ftarve
1119 302 26 75 it
1162 302 70 75 out,

243 348 138 75 without
397 348 128 75 making
541 348 62 75 any
620 348 126 75 regular
763 348 135 75 attacks.

289 395 56 75 To
362 395 77 75 raife
453 395 28 75 a'
481 395 175 75 blockade,
681 395 26 75 is
724 395 35 75 to
772 395 89 75 force
879 395 53 75 the
949 395 110 75 troops
1069 395 71 75 that
1152 395 82 75 keep

244 443 56 75 the
316 443 90 75 place
422 443 139 75 blocked
577 443 54 75 u£,
657 443 84 75 from
759 443 84 75 their
860 443 96 75 ports.

197 490 155 75 BLOIS,
379 490 19 75 a
414 490 155 75 beautiful
596 490 66 75 city
685 490 40 75 of
738 490 184 75 Orleanois,
949 490 97 75 about
1074 490 44 75 30
1142 490 92 75 miles

244 536 187 75 fouth-weft
455 536 40 75 of
506 536 161 75 Orleans;
694 536 133 75 fituated
845 536 40 75 on
903 536 55 75 the
975 536 94 75 north
1091 536 90 75 fhore
1199 536 39 75 of

244 583 55 75 the
311 583 84 75 river
408 583 112 75 Loire,
538 583 31 75 in
582 583 60 75 one
654 583 41 75 of
702 583 55 75 the
770 583 87 75 fineft
870 583 80 75 coun
955 583 75 75 tries
1043 583 31 75 in
1087 583 143 75 France;

247 630 31 75 in
301 630 35 75 i°
356 630 45 75 20
428 630 44 75 E.
490 630 89 75 long,
598 630 61 75 and
674 630 42 75 47
716 612 24 49 0
758 630 23 75 g'
781 630 17 75 y
798 612 13 49 7
824 630 48 75 N.
889 630 59 75 lat.

196 677 255 75 BLOMARY,
478 677 37 75 or
545 677 236 75 Bloomary,
807 677 31 75 in
862 677 205 75 metallurgy,
1095 677 55 75 the
1168 677 64 75 firft

243 724 92 75 forge
351 724 142 75 through
509 724 106 75 which
631 724 70 75 iron
718 724 111 75 partes,
855 724 83 75 after
954 724 26 75 it
996 724 27 75 is
1041 724 120 75 melted
1177 724 56 75 out

245 771 39 75 of
296 771 55 75 the
368 771 68 75 ore.

195 819 197 75 BLONIC,
419 819 18 75 a
453 819 88 75 town
558 819 39 75 of
619 819 138 75 Poland,
783 819 99 75 about
910 819 45 75 20
977 819 92 75 miles
1097 819 75 75 wert
1198 819 41 75 of

245 864 167 75 Warfaw;
439 864 31 75 in
491 864 63 75 20°
578 864 43 75 2,0
649 864 43 75 E.
706 864 89 75 long,
814 864 62 75 and
896 864 41 75 52
937 846 19 49 0
956 864 14 75 .
988 864 46 75 N.
1054 864 58 75 lat.

196 913 183 75 BLOOD,
406 913 18 75 a
441 913 71 75 well
530 913 117 75 known
663 913 94 75 fluid,
782 913 106 75 which
905 913 171 75 circulates
1090 913 142 75 through

243 958 55 75 the
327 958 145 75 arteries,
496 958 103 75 veins,
625 958 65 75 <&c.
721 958 40 75 of
784 958 258 75 animal-bodies,
1069 958 61 75 and
1152 958 79 75 nou-

244 1006 97 75 rifhes
359 1006 41 75 all
418 1006 85 75 their
519 1006 101 75 parts.

290 1053 109 75 Blood
413 1053 27 75 is
458 1053 170 75 compofed
651 1053 41 75 of
711 1053 19 75 a
757 1053 70 75 thin
849 1053 124 75 watery
999 1053 109 75 liquor
1125 1053 106 75 called

231 1099 128 75 ferum,
396 1099 63 75 and
486 1099 20 75 a
532 1099 92 75 thick
651 1099 58 75 fed
735 1099 73 75 part
833 1099 102 75 called
968 1099 261 75 crajfamenium,

241 1145 118 75 which,
389 1145 93 75 when
506 1145 123 75 viewed
655 1145 44 75 by
722 1145 56 75 the
803 1145 207 75 microfcope,
1037 1145 131 75 appears
1195 1145 35 75 to

241 1193 109 75 confirt
366 1193 41 75 of
419 1193 56 75 red
500 1193 145 75 globules
661 1193 40 75 of
713 1193 18 75 a
754 1193 121 75 certain
891 1193 199 75 determined
1107 1193 121 75 magni-

242 1240 89 75 tude.
380 1240 111 75 Thefe
514 1240 147 75 globules
678 1240 53 75 are
747 1240 164 75 generally
926 1240 142 75 believed
1088 1240 35 75 to
1140 1240 38 75 be
1196 1240 39 75 of

243 1286 55 75 the
312 1286 82 75 fame
406 1286 184 75 magnitude
606 1286 31 75 in
655 1286 44 75 all
714 1286 131 75 animals
862 1286 70 75 that
948 1286 82 75 have
1046 1286 57 75 red
1115 1286 111 75 blood.

289 1333 48 75 As
354 1333 100 75 blood
470 1333 27 75 is
514 1333 167 75 originally
695 1333 133 75 derived
846 1333 84 75 from
958 1333 60 75 our
1034 1333 141 75 aliment,
1203 1333 25 75 it

240 1380 80 75 murt
336 1380 108 75 confift
461 1380 40 75 of
523 1380 55 75 the
600 1380 84 75 fame
701 1380 182 75 principles,
910 1380 61 75 and
999 1380 229 75 confequtntly

241 1427 128 75 abound
389 1427 78 75 with
493 1427 75 75 fairs
593 1427 62 75 and
674 1427 74 75 oils.
799 1427 76 75 The
898 1427 74 75 falts
992 1427 41 75 of
1056 1427 55 75 the
1128 1427 98 75 blood

240 1474 53 75 are
310 1474 105 75 partly
440 1474 40 75 of
491 1474 56 75 the
564 1474 86 75 fixed
675 1474 123 75 neutral
816 1474 92 75 kind,
932 1474 62 75 and
1022 1474 107 75 partly
1150 1474 76 75 fuch

239 1521 35 75 as
287 1521 54 75 are
357 1521 157 75 rendered
526 1521 222 75 femi-volatile
764 1521 44 75 by
820 1521 54 75 the
886 1521 76 75 heat
979 1521 63 75 and
1053 1521 121 75 motion
1192 1521 36 75 to

242 1570 105 75 which
365 1570 78 75 they
466 1570 53 75 are
541 1570 180 75 fubje<5ted:
759 1570 87 75 Both
872 1570 124 75 irritate
1024 1570 54 75 the
1096 1570 130 75 fenfible

238 1614 138 75 nervous
393 1614 86 75 parts
489 1614 39 75 of
540 1614 152 75 animals;
719 1614 52 75 for
784 1614 25 75 it
820 1614 27 75 is
859 1614 206 75 well-known
1083 1614 70 75 that
1165 1614 63 75 any

238 1661 80 75 kind
341 1661 40 75 of
392 1661 59 75 fait
468 1661 125 75 applied
618 1661 36 75 to
670 1661 55 75 the
743 1661 58 75 eye
828 1661 87 75 gives
933 1661 90 75 great
1039 1661 185 75 uneafinefs.

236 1708 99 75 From
350 1708 88 75 thefe
450 1708 149 75 qualities
610 1708 41 75 of
663 1708 98 75 blood
771 1708 55 75 the
838 1708 64 75 late
919 1708 130 75 learned
1066 1708 62 75 and
1142 1708 81 75 cele-

238 1754 115 75 brated
370 1754 52 75 Dr
434 1754 124 75 Whytt
575 1754 177 75 concluded
769 1754 69 75 that
855 1754 26 75 it
897 1754 81 75 muft
994 1754 40 75 be
1047 1754 72 75 well
1133 1754 93 75 fitted

237 1802 35 75 to
304 1802 231 75 communicate
562 1802 19 75 a
605 1802 108 75 gentle
737 1802 142 75 ftimulus
904 1802 36 75 to
971 1802 92 75 thofe
1094 1802 131 75 fenfible

237 1849 112 75 nerves
367 1849 105 75 which
490 1849 169 75 terminate
675 1849 41 75 on
734 1849 56 75 the
815 1849 135 75 internal
967 1849 123 75 furface
1106 1849 41 75 of
1169 1849 56 75 the

238 1895 135 75 auricles
392 1895 62 75 and
469 1895 171 75 ventricles
656 1895 40 75 of
707 1895 56 75 the
780 1895 112 75 heart;
919 1895 62 75 and
997 1895 227 75 confequently

238 1941 71 75 that
321 1941 56 75 the
394 1941 195 75 contra&ion
602 1941 39 75 of
653 1941 55 75 the
721 1941 91 75 heart
824 1941 26 75 is
868 1941 188 75 principally
1067 1941 105 75 owing
1188 1941 36 75 to

239 1989 64 75 this
332 1989 105 75 caufe.
485 1989 78 75 The
586 1989 156 75 diameter
766 1989 39 75 of
826 1989 18 75 a
861 1989 58 75 red
941 1989 130 75 globule
1091 1989 27 75 is
1136 1989 88 75 com-

237 2034 99 75 puted
353 2034 35 75 to
404 2034 40 75 be
461 2034 97 75 about

688 2034 21 75 P
709 2016 51 49 art
773 2034 40 75 °f
824 2034 38 75 an
875 2034 86 75 inch.
1000 2034 61 75 See
1079 2034 145 75 Circu-

239 2081 147 75 lation
401 2081 10 75 ;
443 2081 63 75 and
529 2081 53 75 for
609 2081 56 75 the
690 2081 134 75 analyfis
848 2081 41 75 of
910 2081 111 75 blood,
1047 2081 49 75 fee
1124 2081 100 75 Che-

241 2129 165 75 mistry.

286 2175 146 75 Authors
450 2175 52 75 are
519 2175 57 75 not
592 2175 116 75 agreed
725 2175 32 75 in
774 2175 115 75 regard
906 2175 35 75 to
957 2175 56 75 the
1030 2175 150 75 quantity
1191 2175 40 75 of

236 2223 101 75 blood
360 2223 172 75 contained
547 2223 32 75 in
595 2223 56 75 the
667 2223 118 75 human
805 2223 112 75 body;
943 2223 87 75 fome
1054 2223 129 75 making
1199 2223 26 75 it

235 2269 78 75 only
339 2269 41 75 10
401 2269 138 75 pounds,
565 2269 103 75 whilrt
692 2269 113 75 others,
818 2269 92 75 make
928 2269 24 75 it
977 2269 35 75 to
1028 2269 40 75 be
1088 2269 56 75 20,
1164 2269 58 75 60,

237 2316 37 75 or
291 2316 78 75 even
391 2316 66 75 100
473 2316 124 75 pounds
610 2316 8 75 :
646 2316 67 75 But
730 2316 77 75 then
824 2316 87 75 thefe
928 2316 57 75 laft
1008 2316 216 75 comprehend

235 2363 56 75 the
315 2363 104 75 juices
444 2363 43 75 of
507 2363 56 75 the
587 2363 177 75 lymphatic
791 2363 111 75 vertels
930 2363 102 75 under
1059 2363 55 75 the
1141 2363 83 75 term

237 2410 111 75 blood.
380 2410 48 75 As
445 2410 36 75 to
497 2410 55 75 the
569 2410 149 75 quantity
730 2410 39 75 of
779 2410 129 75 current
924 2410 100 75 blood
1040 2410 31 75 jn
1089 2410 133 75 ahorfe,

236 2457 57 75 the
310 2457 166 75 ingenious
493 2457 52 75 Dr
567 2457 100 75 Hales
684 2457 101 75 found
801 2457 25 75 it
845 2457 52 75 be,
923 2457 31 75 at
979 2457 18 75 a
1012 2457 64 75 low
1093 2457 131 75 compu-

237 2504 115 75 tation,
384 2504 85 75 1105
489 2504 91 75 cubic
596 2504 122 75 inches,
744 2504 37 75 or
798 2504 81 75 42.2
897 2504 137 75 pounds.

192 2550 149 75 Spitting
352 2550 201 75 a/"Blood.
590 2550 303 75 SccHaemoptoe
908 2550 64 75 and
983 2550 221 75 Medicine.

191 2598 183 75 Ebullition
391 2598 42 75 of
439 2598 52 75 the
507 2598 152 75 Blood,
674 2598 145 75 adifeafe
835 2598 32 75 in
885 2598 122 75 horfes,
1024 2598 105 75 which
1148 2598 73 75 pro-

240 2644 93 75 ceeds
350 2644 84 75 from
446 2644 85 75 want
543 2644 40 75 of
594 2644 153 75 exercife,
773 2644 62 75 and
847 2644 87 75 gives
953 2644 58 75 rife
1023 2644 36 75 to
1075 2644 148 75 outward

240 2690 169 75 fwellings,
435 2690 185 75 frequently
636 2690 151 75 mirtaken
803 2690 50 75 for
870 2690 56 75 the
943 2690 114 75 farcin.

193 2737 141 75 Blood
353 2737 145 75 running
515 2737 66 75 itch
596 2737 140 75 happens
753 2737 36 75 to
806 2737 18 75 a
840 2737 92 75 horfe
949 2737 43 75 by
1013 2737 55 75 the
1096 2737 126 75 blood’s

240 2784 93 75 being
349 2784 210 75 over-heated
578 2784 42 75 by
630 2784 83 75 hard
729 2784 104 75 riding
849 2784 38 75 or
903 2784 92 75 other
1012 2784 125 75 labour.
1174 2784 49 75 As

239 2830 56 75 the
311 2830 97 75 blood
425 2830 71 75 gets
512 2830 144 75 between
673 2830 55 75 the
744 2830 66 75 Ikin
828 2830 62 75 and
906 2830 55 75 the
973 2830 85 75 flefli,
1076 2830 28 75 it
1115 2830 107 75 makes

242 2877 25 75 a.
276 2877 93 75 horfe
394 2877 59 75 rub
471 2877 62 75 and
561 2877 66 75 bite
650 2877 140 75 himfelf,
827 2877 62 75 and
914 2877 34 75 if
969 2877 164 75 neglefted
1157 2877 66 75 will

239 2923 73 75 turn
329 2923 36 75 to
378 2923 18 75 a
411 2923 148 75 grievous
577 2923 126 75 mange.

192 2972 132 75 Blood
344 2972 43 75 of
405 2972 118 75 Chrijl-,
557 2972 57 75 the
637 2972 91 75 name
752 2972 41 75 of
817 2972 16 75 a
851 2972 141 75 military
1017 2972 95 75 order
1137 2972 68 75 infti
1205 3004 17 49 r

237 3018 93 75 tuted
345 3018 33 75 at
400 3018 142 75 Mantua
555 3018 34 75 in
613 3018 103 75 1608.
763 3018 78 75 The
867 3018 134 75 number
1028 3018 42 75 of
1092 3018 131 75 knights

1330 208 64 75 was
1423 208 160 75 reftridted
1610 208 35 75 to
1671 208 135 75 twenty,
1832 208 120 75 befides
1982 208 55 75 the
2066 208 99 75 grand
2192 208 133 75 marter..

1328 256 106 75 Their
1450 256 109 75 device
1576 256 77 75 was,
1674 256 141 75 Donum
1826 256 146 75 probajii
1983 256 59 75 ike,
2064 256 49 75 or,
2134 256 102 75 Nihil
2250 256 68 75 hoc,

1329 305 105 75 trifle,
1461 305 135 75 recepto.

1281 351 134 75 Blood
1434 351 160 75 ofChrifl
1619 351 28 75 is
1665 351 65 75 alfo
1746 351 54 75 the
1824 351 92 75 name
1938 351 41 75 of
2001 351 19 75 a
2036 351 229 75 congregation
2282 351 40 75 of

1329 397 78 75 nuns
1426 397 31 75 at
1474 397 105 75 Paris.

1283 444 166 75 Dragon's
1465 444 153 75 Blood.
1662 444 62 75 See
1745 444 189 75 Dragon.

1280 492 265 75 BLOOD-ykrfta.
1596 492 61 75 See
1674 492 170 75 Anguis.

1281 538 252 75 ¥>hoox)-ftone.
1584 538 61 75 See
1662 538 266 75 Hematites.

1280 585 195 75 Blood-w.
1475 567 5 49 ;
1480 585 27 75 /,
1534 585 18 75 a
1568 585 97 75 mu]<rt
1681 585 37 75 or
1730 585 61 75 fine
1804 585 51 75 for
1872 585 152 75 fhedding
2041 585 40 75 of
2093 585 111 75 blood.

1279 631 256 75 Bl.ood-«u;0>-/,
1560 631 32 75 in
1608 631 134 75 botany.
1792 631 62 75 See
1871 631 289 75 Sanguinaria.

1280 678 260 75 Bloody-/fax.
1590 678 61 75 See
1669 678 261 75 Dysentery,
1950 678 62 75 and
2029 678 221 75 Medicine.

1279 726 188 75 BLOOM,
1493 726 18 75 a
1524 726 79 75 mafs
1616 726 40 75 of
1670 726 70 75 iron
1758 726 84 75 after
1857 726 118 75 having
1992 726 183 75 undergone
2185 726 53 75 the
2251 726 65 75 firrt

1327 772 209 75 hammering,
1563 772 104 75 called
1684 772 157 75 blomary.
1892 772 62 75 See
1971 772 212 75 Blomary.

1280 820 226 75 BLOSSOM
1520 820 133 75 denotes
1665 820 56 75 the
1733 820 125 75 flowers
1871 820 40 75 of
1923 820 117 75 plants,
2058 820 57 75 but
2127 820 89 75 more
2229 820 86 75 efpe-

1327 865 95 75 cially
1438 865 41 75 of
1485 865 199 75 fruit-trees.

1280 912 201 75 Blossom,
1515 912 37 75 or
1579 912 373 75 peach-coloured,
1978 912 30 75 in
2035 912 56 75 the
2118 912 145 75 menage,
2297 912 20 75 a

1327 959 81 75 term
1426 959 126 75 applied
1569 959 36 75 to
1621 959 18 75 a
1655 959 90 75 horfe
1759 959 69 75 that
1846 959 56 75 has
1915 959 49 75 his
1977 959 69 75 hair
2063 959 111 75 white,
2195 959 56 75 but
2265 959 47 75 in-

1327 1007 161 75 termixed
1511 1007 42 75 all
1570 1007 77 75 over
1664 1007 78 75 with
1765 1007 99 75 forrel
1897 1007 61 75 and
1987 1007 61 75 bay
2065 1007 99 75 hairs.
2226 1007 86 75 Such

1303 1053 4 75 .
1325 1053 109 75 horfes
1463 1053 52 75 are
1533 1053 33 75 fo
1592 1053 161 75 infenfible
1781 1053 62 75 and
1866 1053 78 75 hard
1964 1053 77 75 both
2071 1053 30 75 in
2127 1053 56 75 the
2201 1053 112 75 mouth

1327 1100 62 75 and
1406 1100 54 75 the
1485 1100 114 75 flanks,
1625 1100 70 75 that
1718 1100 79 75 they
1813 1100 53 75 are
1890 1100 105 75 fcarce
2013 1100 114 75 valued
2142 1100 8 75 ;
2178 1100 137 75 befides,

1326 1146 75 75 they
1419 1146 53 75 are
1498 1146 53 75 apt
1568 1146 35 75 to
1620 1146 74 75 turn
1712 1146 101 75 blind.

1278 1195 160 75 BLOW,
1462 1195 32 75 in
1507 1195 74 75 law,
1607 1195 61 75 any
1684 1195 80 75 kind
1780 1195 40 75 of
1830 1195 118 75 rtroke,
1966 1195 146 75 whether
2127 1195 94 75 given
2233 1195 80 75 with

1324 1240 55 75 the
1399 1240 86 75 hand
1505 1240 37 75 or
1560 1240 18 75 a
1594 1240 143 75 weapon.
1790 1240 61 75 See
1868 1240 206 75 Battery.

1278 1287 214 75 Blow-pipe,
1518 1287 37 75 or
1572 1287 189 75 Blowing
1777 1287 87 75 />!/<?,
1890 1287 19 75 a
1924 1287 123 75 hollow
2062 1287 89 75 tube,
2176 1287 75 75 ufed
2268 1287 45 75 by

1323 1333 116 75 feveral
1459 1333 152 75 artificers
1626 1333 10 75 ;
1663 1333 33 75 as
1717 1333 199 75 enamellers,
1942 1333 236 75 glafs-makers,
2205 1333 65 75 &c.

1274 1383 251 75 BLOWING,
1551 1383 32 75 in
1609 1383 18 75 a
1654 1383 128 75 general
1805 1383 96 75 fenfe,
1927 1383 133 75 denotes
2088 1383 39 75 an
2156 1383 155 75 agitation

1321 1426 39 75 of
1371 1426 55 75 the
1443 1426 60 75 air,
1529 1426 145 75 whether
1691 1426 183 75 performed
1890 1426 78 75 with
1986 1426 18 75 a
2020 1426 69 75 pair
2105 1426 40 75 of
2165 1426 150 75 bellows,

1322 1474 55 75 the
1401 1474 126 75 mouth,
1553 1474 17 75 a
1587 1474 88 75 tube,
1701 1474 38 75 or
1758 1474 55 75 the
1830 1474 76 75 like.

1275 1522 191 75 Blowing
1485 1522 42 75 of
1529 1522 102 75 glafs,
1656 1522 60 75 one
1744 1522 41 75 of
1803 1522 55 75 the
1883 1522 147 75 methods
2049 1522 40 75 of
2101 1522 139 75 forming
2256 1522 56 75 the

1321 1568 105 75 divers
1447 1568 93 75 kinds
1565 1568 40 75 of
1624 1568 105 75 works
1753 1568 33 75 in
1802 1568 56 75 the
1881 1568 329 75 glafs-manufadhire.
2248 1568 66 75 See

1323 1615 150 75 Glass.

1368 1661 30 75 It
1416 1661 25 75 is
1459 1661 181 75 performed
1667 1661 44 75 by
1737 1661 136 75 dipping
1898 1661 55 75 the
1981 1661 90 75 point
2104 1661 40 75 of
2172 1661 38 75 an
2238 1661 73 75 iron

1322 1709 230 75 blowing-pipe
1569 1709 32 75 in
1618 1709 55 75 the
1685 1709 120 75 melted
1821 1709 93 75 glafs,
1933 1709 62 75 and
2010 1709 142 75 blowing
2168 1709 142 75 through

1318 1755 27 75 it
1363 1755 77 75 with
1458 1755 55 75 the
1530 1755 127 75 mouth,
1682 1755 171 75 according
1879 1755 35 75 to
1942 1755 54 75 the
2018 1755 239 75 circumltances
2275 1755 42 75 of

1320 1802 55 75 the
1398 1802 81 75 glafs
1497 1802 35 75 to
1552 1802 39 75 be
1612 1802 120 75 blown.

1272 1850 186 75 Blowing
1479 1850 43 75 of
1529 1850 49 75 tin
1596 1850 132 75 denotes
1745 1850 56 75 the
1817 1850 136 75 melting
1967 1850 42 75 its
2025 1850 68 75 ore,
2119 1850 84 75 after
2214 1850 96 75 being

1319 1894 63 75 firft
1399 1894 97 75 burnt
1511 1894 35 75 to
1562 1894 127 75 dertroy
1706 1894 55 75 the
1784 1894 140 75 mundic.

1272 1943 204 75 Blowing,
1504 1943 115 75 among
1644 1943 184 75 gardeners,
1855 1943 56 75 the
1938 1943 83 75 fame
2045 1943 79 75 with
2146 1943 55 75 the
2224 1943 84 75 blof-

1319 1988 122 75 foming
1457 1988 40 75 of
1508 1988 117 75 plants,
1651 1988 37 75 or
1712 1988 125 75 putting
1855 1988 88 75 forth
1960 1988 84 75 their
2063 1988 244 75 flower-leaves.

1272 2036 226 75 BLUBBER
1514 2036 133 75 denotes
1663 2036 55 75 the
1741 2036 48 75 fat
1805 2036 41 75 of
1867 2036 119 75 whales
2013 2036 63 75 and
2098 2036 94 75 other
2219 2036 90 75 large

1320 2083 211 75 fea-animals,
1557 2083 148 75 whereof
1714 2083 27 75 is
1758 2083 92 75 made
1866 2083 153 75 train-oil.

1273 2129 144 75 BLUE,
1442 2129 169 75 otherwife
1631 2129 102 75 called
1750 2129 116 75 azure,
1891 2129 26 75 is
1936 2129 60 75 one
2020 2129 40 75 of
2079 2129 54 75 the
2149 2129 159 75 primitive

1322 2176 126 75 colours
1466 2176 40 75 of
1517 2176 54 75 the
1589 2176 72 75 rays
1678 2176 40 75 of
1728 2176 95 75 light.
1875 2176 61 75 See
1952 2176 165 75 Optics.

1272 2224 160 75 Painters
1456 2224 106 75 Blue
1587 2224 28 75 is
1632 2224 92 75 made
1740 2224 152 75 different
1914 2224 174 75 according
2113 2224 34 75 to
2170 2224 56 75 the
2243 2224 76 75 dif-

1323 2269 104 75 ferent
1451 2269 93 75 kinds
1578 2269 40 75 of
1640 2269 153 75 painting.
1855 2269 38 75 In
1917 2269 145 75 limning,
2095 2269 115 75 frefco,
2247 2269 64 75 and

1321 2317 180 75 miniature,
1536 2317 79 75 they
1641 2317 52 75 ufe
1719 2317 219 75 indifferently
1965 2317 216 75 ultramarine,
2219 2317 89 75 blue-

1320 2363 99 75 afhes,
1444 2363 190 75 andfmalt:
1660 2363 109 75 Thefe
1786 2363 53 75 are
1867 2363 85 75 their
1979 2363 123 75 natural
2119 2363 103 75 blues,
2248 2363 59 75 ex-

1317 2411 127 75 cepting
1469 2411 55 75 the
1547 2411 70 75 laft,
1642 2411 105 75 which
1772 2411 27 75 is
1828 2411 106 75 partly
1951 2411 138 75 natural,
2114 2411 62 75 and
2200 2411 107 75 partly

1320 2457 159 75 artificial.

1367 2504 36 75 In
1416 2504 43 75 oil
1477 2504 62 75 and
1556 2504 180 75 miniature,
1761 2504 77 75 they
1856 2504 64 75 alfo
1934 2504 54 75 ufe
2004 2504 109 75 indigo
2129 2504 152 75 prepared
2295 2504 11 75 ;

1319 2552 33 75 as
1369 2552 66 75 alfo
1454 2552 19 75 a
1488 2552 147 75 fiditious
1659 2552 221 75 ultramarine.
1931 2552 62 75 See
2010 2552 294 75 Ultramarine

1318 2598 61 75 and
1403 2598 156 75 Indigo.

1363 2644 214 75 Enamellers,
1595 2644 63 75 and
1674 2644 140 75 painters
1831 2644 84 75 upon
1932 2644 94 75 glafs,
2044 2644 80 75 have
2140 2644 65 75 alfo
2217 2644 91 75 blues

1317 2694 116 75 proper
1450 2694 35 75 to
1501 2694 202 75 themfelves,
1729 2694 78 75 each
1828 2694 170 75 preparing
2014 2694 92 75 thenr
2120 2694 82 75 after
2225 2694 84 75 their

1319 2738 70 75 own
1408 2738 141 75 manner.

1272 2787 154 75 Turnfole
1449 2787 105 75 Blue
1585 2787 26 75 is
1644 2787 77 75 ufed
1752 2787 37 75 in
1814 2787 142 75 painting
1984 2787 41 75 on
2049 2787 107 75 wood,
2190 2787 63 75 and
2280 2787 26 75 is

1318 2832 93 75 made
1434 2832 40 75 of
1485 2832 55 75 the
1557 2832 75 75 feed
1655 2832 39 75 of
1714 2832 54 75 the
1797 2832 159 75 turnfole:
1995 2832 76 75 The
2088 2832 72 75 way
2175 2832 40 75 of
2235 2832 71 75 pre-

1317 2879 111 75 paring
1445 2879 24 75 it
1486 2879 39 75 is,
1551 2879 38 75 to
1605 2879 66 75 boil
1689 2879 74 75 four
1781 2879 117 75 ounces
1914 2879 40 75 of
1973 2879 139 75 turnfole
2135 2879 32 75 in
2196 2879 18 75 a
2239 2879 68 75 pint

1319 2926 62 75 and
1396 2926 74 75 half
1481 2926 41 75 of
1540 2926 100 75 water
1664 2926 31 75 in
1714 2926 104 75 which
1843 2926 74 75 lime
1934 2926 58 75 has
2008 2926 80 75 been
2111 2926 137 75 flacked.

1271 2973 159 75 Flanders
1448 2973 105 75 Blue
1572 2973 27 75 is
1615 2973 19 75 a
1648 2973 110 75 colour
1778 2973 173 75 bordering
1968 2973 41 75 on
2025 2973 110 75 green,
2162 2973 62 75 and
2247 2973 61 75 fel-

1318 3022 75 75 dom
1405 3022 80 75 ufed
1504 3022 59 75 but
1578 3022 33 75 in
1633 3022 173 75 landfkips.

2259 3066 45 75 76
