2483 3387
197 244 20 49 3
217 212 64 75 8<s

663 212 1058 75 arithmetic
1798 212 52 75 s.

246 284 70 75 Out
333 284 41 75 of
391 284 55 75 the
463 284 115 75 finaikr
593 284 100 75 pairs,
715 284 112 75 joined
842 284 81 75 with
935 284 57 75 the
1004 284 123 75 middle
1135 284 99 75 terra,

198 330 85 75 form
299 330 34 75 fo
350 330 95 75 many
461 330 109 75 limple
586 330 174 75 queftions,
776 330 34 75 in
825 330 80 75 each
918 330 40 75 of
968 330 108 75 which
1092 330 66 75 you
1170 330 69 75 find

199 377 56 75 the
270 377 119 75 divifor
404 377 45 75 by
472 377 88 75 Rule
574 377 74 75 II.;
673 377 80 75 then
775 377 90 75 place
885 377 56 75 the
963 377 136 75 divifors
1122 377 42 75 on
1181 377 58 75 the

199 423 60 75 left
275 423 99 75 hand,
399 423 64 75 and
479 423 55 75 the
550 423 98 75 other
670 423 163 75 extremes
856 423 41 75 on
922 423 57 75 the
1005 423 99 75 right,
1129 423 35 75 as
1188 423 51 75 di-

199 472 108 75 se&ed
320 472 33 75 in
368 472 89 75 Rule
473 472 68 75 III.
567 472 63 75 and
646 472 150 75 multiply
813 472 64 75 and
887 472 121 75 divide,
1032 472 37 75 as
1080 472 143 75 follows.

582 517 98 75 Joint
695 517 179 75 operation.

564 565 96 75 Men.
687 565 90 75 days.
802 565 86 75 men.

367 612 28 75 s.
517 612 22 75 *
558 612 45 75 30
629 612 9 75 :
668 612 21 75 6
716 612 9 75 :
748 612 10 75 :
790 612 38 75 ij
849 612 22 75 *
959 612 29 75 s.

296 660 22 75 *
339 660 42 75 10
408 660 9 75 :
444 660 35 75 d.
510 660 64 75 156

787 660 112 75 yaod.
919 660 10 75 :
953 660 40 75 12
1008 660 24 75 *

504 752 96 75 4680

787 752 46 75 30

556 798 42 75 10

762 798 42 75 75

479 891 118 75 46800

765 891 93 75 7800

768 941 39 75 12

738 1033 117 75 93600

791 1081 21 75 6

565 1173 356 75 46P)oo>56i6joo(i2
935 1173 94 75 days.
1054 1173 83 75 Anf.

694 1220 82 75 '468
793 1220 8 75 •

734 1314 68 75 936

734 1360 67 75 936

248 1502 89 75 This
357 1502 181 75 compound
555 1502 144 75 queftion
715 1502 27 75 is
758 1502 145 75 refolved
922 1502 72 75 into
1016 1502 93 75 three
1130 1502 111 75 fimple

203 1548 91 75 ones,
319 1548 35 75 as
369 1548 142 75 follows.
512 1594 43 75 30
575 1594 9 75 :
621 1594 31 75 -6
673 1594 36 75 r:
756 1594 70 75 15:
872 1594 18 75 3

491 1642 65 75 156
574 1642 11 75 :
630 1642 18 75 3
671 1642 10 75 :
698 1642 10 75 :
731 1642 66 75 520
817 1642 9 75 :
851 1642 42 75 10

515 1688 40 75 10
574 1688 9 75 :
608 1688 41 75 10
669 1688 9 75 :
697 1688 8 75 :
754 1688 38 75 12
814 1688 9 75 :
848 1688 40 75 12
907 1688 92 75 days.
1026 1688 83 75 Anf.

249 1734 152 75 Examp.
448 1734 41 75 If
512 1734 65 75 100
594 1734 51 75 lb.
663 1734 40 75 of
720 1734 125 75 Venice
862 1734 103 75 weigh
982 1734 44 75 70
1044 1734 50 75 lb.
1112 1734 41 75 of
1170 1734 71 75 Ly-

202 1782 72 75 ons,
300 1782 62 75 and
382 1782 133 75 120.1&.
533 1782 41 75 of
590 1782 113 75 Lyons
720 1782 105 75 weigh
846 1782 67 75 100
929 1782 50 75 lb.
998 1782 41 75 of
1049 1782 110 75 Roan,
1176 1782 64 75 and

203 1832 46 75 80
268 1832 49 75 lb.
335 1832 40 75 of
394 1832 97 75 Roan
507 1832 104 75 Weigh
635 1832 63 75 106
717 1832 50 75 lb.
785 1832 41 75 of
843 1832 158 75 Toloufe,
1027 1832 63 75 ^nd
1109 1832 67 75 100
1189 1832 50 75 lb,

202 1874 41 75 of
261 1874 143 75 Toloufe
422 1874 103 75 weigh
544 1874 44 75 74
608 1874 49 75 to.
676 1874 40 75 of
733 1874 149 75 Geneva,
998 1874 97 75 many
1115 1874 125 75 pounds

202 1920 42 75 of
262 1920 137 75 Geneva
410 1920 68 75 will
498 1920 66 75 too
582 1920 50 75 lb.
649 1920 42 75 of
709 1920 123 75 Venice
849 1920 104 75 weigh
967 1920 15 75 l

248 1966 246 75 This.queftion
506 1966 136 75 belongs
657 1966 35 75 to
709 1966 55 75 the
781 1966 69 75 rule
862 1966 40 75 of
912 1966 96 75 nine;
1034 1966 62 75 and
1108 1966 134 75 becaufe

203 2013 124 75 pounds
340 2013 39 75 of
391 2013 135 75 Geneva
538 2013 26 75 is
577 2013 56 75 the
645 2013 134 75 number
789 2013 129 75 fought,
934 2013 57 75 the
1007 2013 93 75 given
1115 2013 125 75 pounds

204 2061 40 75 of
255 2061 148 75 Geneva,
427 2061 71 75 viz.
527 2061 58 75 74,
609 2061 82 75 muft
706 2061 40 75 be
769 2061 56 75 the
842 2061 120 75 middle
985 2061 82 75 term
1080 2061 9 75 :
1116 2061 56 75 the
1188 2061 51 75 re-

204 2106 140 75 maining
359 2106 100 75 terms
474 2106 54 75 are
551 2106 161 75 extremes
724 2106 10 75 ;
760 2106 110 75 which
892 2106 75 75 may
981 2106 40 75 be
1042 2106 114 75 clafled
1171 2106 70 75 into

200 2154 119 75 £milar
335 2154 97 75 pairs,
457 2154 62 75 and
535 2154 102 75 ftated
653 2154 34 75 as
702 2154 144 75 follows.

522 2201 69 75 To/.
612 2201 84 75 Gen.
729 2201 73 75 Tol.

205 2246 86 75 Ven.
317 2246 67 75 Ly,

536 2246 91 75 100:
648 2246 91 75 74::
762 2246 63 75 too

965 2246 69 75 Ly.
1057 2246 90 75 Ven.

209 2294 69 75 sea
318 2294 90 75 120.:
422 2294 96 75 R.oan
531 2294 51 75 80

759 2294 66 75 100
838 2294 95 75 Roan
947 2294 9 75 :
977 2294 42 75 70
1034 2294 9 75 :
1062 2294 66 75 100

535 2387 93 75 8qoo

516 2433 65 75 120

516 2526 143 75 96000a

515 2572 6 75 -
541 2572 66 75 100

763 2389 112 75 10000

766 2528 142 75 700000.

767 2573 64 75 100

1332 284 68 75 But
1417 284 55 75 the
1488 284 145 75 queftion
1648 284 149 75 becomes
1815 284 89 75 more
1919 284 121 75 fimple,
2060 284 62 75 and
2136 284 27 75 is
2177 284 148 75 wrought

1285 330 81 75 with
1382 330 129 75 greater
1526 330 70 75 eafe
1612 330 64 75 and
1691 330 190 75 advantage,
1905 330 46 75 by
1967 330 96 75 being
2087 330 102 75 ftated
2213 330 33 75 in
2269 330 57 75 the

1286 378 168 75 fraftional
1470 378 97 75 form,
1593 378 33 75 as
1643 378 143 75 follows.

2228 378 7 75 •

1340 466 64 75 too
1417 466 31 75 X
1464 466 44 75 70
1522 466 30 75 X
1569 466 66 75 100
1648 466 30 75 X
1695 466 66 75 100
1774 466 31 75 X
1820 466 45 75 74
1913 466 46 75 70
1977 466 30 75 X
2023 466 66 75 100
2103 466 29 75 X
2148 466 44 75 74

1409 560 66 75 100
1486 560 34 75 X
1537 560 65 75 120
1616 560 30 75 X
1683 560 173 75 80X100

2024 560 65 75 120
2103 560 88 75 X80

1314 645 225 75 7X10X74
1581 645 91 75 5180

1540 687 42 75 =■
1650 687 208 75 -Xysf-ylb.
1875 687 42 75 of
1930 687 150 75 Geneva.
2116 687 83 75 Anf.

1418 737 117 75 12X8
1598 737 47 75 96

1335 818 68 75 We
1419 818 78 75 fhall
1514 818 156 75 conclude
1685 818 45 75 by
1749 818 180 75 obferving,
1947 818 72 75 that
2033 818 97 75 every
2145 818 184 75 compound

1289 865 156 75 queftion,
1470 865 148 75 whether
1641 865 33 75 in
1700 865 56 75 the
1784 865 70 75 rule
1878 865 41 75 of
1938 865 74 75 five,
2041 865 107 75 feven,
2179 865 87 75 nine,
2289 865 40 75 or

1289 912 122 75 eleven,
1438 912 65 75 dtr.
1528 912 152 75 properly
1694 912 163 75 fpeaking,
1883 912 124 75 confifts
2029 912 59 75 but
2111 912 37 75 of
2170 912 92 75 three
2278 912 48 75 gi-

1290 959 59 75 ven
1366 959 113 75 terms.
1527 959 67 75 For
1611 959 56 75 the
1682 959 65 75 firft
1762 959 97 75 term,
1884 959 38 75 or
1938 959 130 75 divifor,
2094 959 27 75 is
2139 959 36 75 to
2191 959 40 75 be
2248 959 76 75 con-

1289 1005 123 75 fidered
1436 1005 33 75 as
1494 1005 75 75 one'
1569 1005 194 75 compound
1787 1005 83 75 term
1893 1005 94 75 made
2011 1005 55 75 up,
2090 1005 39 75 or
2147 1005 179 75 produced,

1289 1052 44 75 by
1350 1052 56 75 the
1429 1052 162 75 continual
1616 1052 246 75 multiplication
1886 1052 41 75 of
1945 1052 56 75 the
2025 1052 161 75 extremes
2203 1052 41 75 on
2269 1052 59 75 the

1288 1099 61 75 left
1365 1099 98 75 hand,
1481 1099 34 75 as
1528 1099 34 75 fo
1578 1099 95 75 many
1689 1099 191 75 component
1892 1099 101 75 pans.
2042 1099 40 75 In
2099 1099 65 75 like
2182 1099 144 75 manner,

1288 1148 56 75 the
1360 1148 89 75 third
1465 1148 82 75 term
1563 1148 27 75 is
1608 1148 34 75 to
1660 1148 39 75 be
1716 1148 184 75 confidered
1912 1148 33 75 as
1959 1148 59 75 one
2031 1148 183 75 compound
2229 1148 97 75 term,

1289 1192 92 75 made
1398 1192 43 75 up
1456 1192 44 75 by
1518 1192 57 75 the
1591 1192 162 75 continual
1771 1192 246 75 multiplication
2034 1192 40 75 of
2093 1192 55 75 the
2165 1192 170 75 extremes:

1262 1238 14 75 „
1287 1238 43 75 on
1346 1238 56 75 the
1418 1238 101 75 right,
1545 1238 34 75 as
1596 1238 193 75 component
1805 1238 102 75 parts.
1957 1238 142 75 Suppofe
2111 1238 55 75 the
2183 1238 144 75 queftion

1286 1287 36 75 to
1339 1287 52 75 be,

1336 1334 37 75 If
1392 1334 43 75 L.
1459 1334 65 75 100
1541 1334 33 75 in
1597 1334 38 75 12
1654 1334 129 75 months
1799 1334 73 75 gain
1890 1334 46 75 L.
1958 1334 16 75 j
1992 1334 142 75 intcreft,
2158 1334 88 75 what
2258 1334 70 75 will

1288 1382 46 75 L.
1352 1382 40 75 75
1411 1382 73 75 gain
1502 1382 32 75 in
1555 1382 41 75 19
1614 1382 128 75 months
1756 1382 13 75 ?

1335 1428 91 75 Here
1441 1428 27 75 it
1485 1428 28 75 is
1528 1428 147 75 obvious,
1701 1428 72 75 that
1788 1428 26 75 it
1830 1428 30 75 is
1874 1428 127 75 neither
2017 1428 55 75 the
2088 1428 45 75 L.
2157 1428 66 75 100
2239 1428 86 75 prin-

1289 1474 93 75 cipal,
1408 1474 59 75 nor
1479 1474 56 75 the
1556 1474 41 75 12
1614 1474 130 75 months
1760 1474 42 75 of
1820 1474 91 75 time,
1936 1474 96 75 taken
2048 1474 188 75 feparately,
2254 1474 73 75 that

1288 1520 88 75 gains
1393 1520 56 75 the
1466 1520 45 75 L.
1532 1520 18 75 5
1575 1520 141 75 intereft,
1741 1520 58 75 but
1815 1520 81 75 both
1913 1520 182 75 contribute
2112 1520 84 75 their
2211 1520 115 75 lhare;

1287 1567 72 75 that
1380 1567 41 75 is,
1446 1567 78 75 they
1547 1567 158 75 confpire,
1731 1567 34 75 as
1786 1567 85 75 joint
1894 1567 119 75 caufes,
2040 1567 36 75 to
2101 1567 141 75 produce
2265 1567 61 75 one

1289 1616 114 75 effedl;
1430 1616 63 75 and
1509 1616 164 75 therefore
1689 1616 85 75 their
1790 1616 150 75 product,
1963 1616 71 75 viz.
2058 1616 57 75 the
2138 1616 67 75 firft
2228 1616 96 75 term,

1287 1662 28 75 is
1339 1662 37 75 to
1399 1662 41 75 be
1464 1662 195 75 confidered.
1671 1662 34 75 as
1729 1662 58 75 the
1809 1662 92 75 caufe
1924 1662 178 75 producing
2125 1662 57 75 the
2206 1662 117 75 effedf;

1287 1708 72 75 that
1375 1708 39 75 is,
1438 1708 57 75 the
1511 1708 65 75 firft
1600 1708 96 75 term,
1721 1708 71 75 viz.
1822 1708 65 75 100
1906 1708 29 75 X
1956 1708 54 75 12,
2036 1708 142 75 caufeth,
2205 1708 120 75 produ-

1289 1756 86 75 ceth,
1401 1756 38 75 or
1462 1756 90 75 gains
1570 1756 46 75 L.
1636 1756 18 75 5
1681 1756 40 75 of
1738 1756 143 75 intereft.
1931 1756 77 75 And
2033 1756 32 75 in
2091 1756 65 75 like
2180 1756 147 75 manner,

1287 1802 56 75 the
1360 1802 134 75 produdt
1511 1802 40 75 of
1569 1802 57 75 the
1647 1802 164 75 extremes
1834 1802 41 75 on
1899 1802 58 75 the
1983 1802 86 75 right
2091 1802 100 75 hand,
2216 1802 37 75 or
2269 1802 57 75 the

1287 1847 90 75 third
1392 1847 95 75 term,
1505 1847 71 75 viz.
1604 1847 40 75 75
1659 1847 30 75 X
1703 1847 34 75 9,
1755 1847 27 75 is
1798 1847 36 75 to
1851 1847 39 75 be
1906 1847 158 75 efteemed
2079 1847 56 75 the
2146 1847 92 75 caufe
2254 1847 72 75 that

1287 1893 178 75 produceth
1483 1893 19 75 a
1518 1893 116 75 fimilar
1649 1893 116 75 effe<ft;
1792 1893 72 75 that
1886 1893 42 75 is,
1952 1893 90 75 gains
2067 1893 18 75 a
2108 1893 66 75 like
2196 1893 70 75 fum
2289 1893 45 75 of

1284 1940 143 75 intereft,
1452 1940 140 75 namely,
1618 1940 55 75 the
1697 1940 110 75 fourth
1825 1940 95 75 term,
1946 1940 38 75 or
2001 1940 133 75 anfwer.
2183 1940 39 75 In
2240 1940 86 75 refe-

1287 1987 92 75 rence
1396 1987 35 75 to
1447 1987 65 75 this
1529 1987 72 75 way
1617 1987 40 75 of
1668 1987 198 75 confidering
1880 1987 56 75 the
1948 1987 65 75 firft
2030 1987 63 75 and
2108 1987 90 75 third
2212 1987 115 75 tarns,

1287 2035 56 75 the
1359 2035 145 75 queftion
1521 2035 103 75 might
1641 2035 39 75 be
1697 2035 101 75 ftated
1815 2035 33 75 as
1861 2035 116 75 under.

1548 2094 38 75 If
1608 2094 66 75 100
1687 2094 31 75 X
1739 2094 40 75 12
1800 2094 9 75 :
1831 2094 17 75 5
1871 2094 9 75 :
1899 2094 9 75 :
1931 2094 41 75 75
1988 2094 30 75 X
2032 2094 22 75 9

1408 2251 161 75 Chap.
1598 2251 105 75 VIII.
1760 2251 449 75 Fellowship.

1336 2345 282 75 Fellowship,
1642 2345 103 75 called
1761 2345 65 75 alfo
1842 2345 168 75 Company,
2036 2345 38 75 ox
2090 2345 236 75 PartnerflAp,

1290 2395 25 75 is
1332 2395 94 75 when
1443 2395 67 75 two
1525 2395 38 75 or
1579 2395 89 75 more
1684 2395 129 75 perfons
1826 2395 71 75 join
1913 2395 85 75 their
2014 2395 117 75 ftocks,
2156 2395 64 75 and
2236 2395 94 75 trade

1279 2440 173 75 ’together,
1476 2440 146 75 dividing
1638 2440 56 75 the
1710 2440 73 75 gain
1799 2440 38 75 or
1852 2440 63 75 lofs
1939 2440 256 75 proportionally
2210 2440 120 75 among

1291 2488 55 75 the
1363 2488 157 75 partners.

1340 2533 187 75 Fellowfliip
1544 2533 27 75 is
1587 2533 104 75 either
1706 2533 140 75 without
1860 2533 41 75 or
1917 2533 79 75 with
2021 2533 91 75 time,
2136 2533 108 75 called
2260 2533 66 75 alfo

1289 2582 115 75 Single
1419 2582 38 75 or
1473 2582 143 75 Double.

516 2666 197 75 96000000.
766 2666 191 75 70000000.

743 2723 43 75 74

495 2806 231 75 96[000000)5
735 2806 305 75 i8cjooQOoo(53f
1043 2806 24 75 ^
1077 2806 34 75 lb
1123 2806 41 75 of
1174 2806 69 75 Ge-

709 2853 67 75 480
791 2827 7 104 ■

1017 2853 93 75 neva.
1136 2853 82 75 Arif.

724 3100 94 75 ter

1538 2682 31 75 I.
1618 2682 193 75 Fclh<wjkip
1826 2682 142 75 without
1984 2682 89 75 time.

1338 2762 172 75 Queftiocs
1528 2762 31 75 in
1576 2762 176 75 fellowfliip
1775 2762 139 75 without
1937 2762 79 75 time
2040 2762 54 75 are
2115 2762 150 75 wrought
2279 2762 49 75 by

1290 2809 55 75 the
1361 2809 168 75 following
1546 2809 201 75 proportion.

1340 2858 49 75 As
1407 2858 54 75 the
1478 2858 80 75 total
1575 2858 90 75 ftoek

1339 2904 56 75 To
1411 2904 55 75 the
1482 2904 81 75 total
1580 2904 73 75 gain
1670 2904 37 75 or
1722 2904 75 75 lofs,

1341 2951 45 75 So
1402 2951 78 75 each
1497 2951 101 75 man’s
1615 2951 172 75 particular
1803 2951 88 75 ftock

1337 2997 57 75 To
1410 2997 50 75 his
1476 2997 89 75 fliare
1582 2997 40 75 of
1640 2997 54 75 the
1710 2997 73 75 gain
1800 2997 37 75 or
1853 2997 75 75 lofs.

1340 3044 115 75 §>neft.
1495 3044 34 75 A
1546 3044 61 75 and
1624 3044 29 75 B
1672 3044 93 75 make
1784 3044 18 75 a
1814 3044 87 75 joint
1917 3044 109 75 ftock:
2054 3044 33 75 A
2105 3044 71 75 puts
2193 3044 32 75 in
2248 3044 74 75 12!.

1293 3092 65 75 and
1372 3092 28 75 B
1417 3092 77 75 81.;
1521 3092 77 75 they
1614 3092 73 75 gain
1705 3092 18 75 5
1735 3092 44 75 1.:
1815 3092 106 75 What
1936 3092 28 75 is
1981 3092 78 75 eaxh
2081 3092 101 75 man’s
2206 3092 88 75 ftutre
2307 3092 13 75 ?
2333 3066 5 104 ■
