2397 3387
545 156 247 75 ATM

1121 156 18 75 (
1200 156 82 75 502

215 228 196 75 terlperfed;
437 228 26 75 it
479 228 57 75 has
553 228 96 75 many
665 228 89 75 teeth
770 228 33 75 in
819 228 55 75 the
894 228 74 75 lips,
992 228 60 75 bat
1070 228 84 75 none
1171 228 34 75 in

218 275 56 75 the
291 275 117 75 tongue
426 275 38 75 or
483 275 97 75 jaws.
628 275 33 75 It
678 275 26 75 is
722 275 100 75 found
846 275 34 75 in
902 275 56 75 the
982 275 83 75 frefti
1090 275 115 75 waters

218 321 36 75 or
270 321 166 75 Carolin,a,
461 321 64 75 and
540 321 122 75 fpawns
679 321 32 75 in
729 321 110 75 April.

170 367 295 75 ATHEROMA,
490 367 32 75 in
540 367 168 75 medicine,
734 367 19 75 a
780 367 129 75 tumour
925 367 139 75 without
1081 367 72 75 pain
1170 367 38 75 or

217 414 214 75 difcolouring
447 414 41 75 of
505 414 55 75 the
576 414 94 75 fltin,,
681 414 196 75 containing,
901 414 33 75 in
963 414 19 75 a
1009 414 197 75 membrana-

217 461 95 75 ceous
328 461 73 75 bag,
428 461 116 75 matter
561 461 64 75 like
642 461 72 75 pus,
739 461 196 75 intermixed
950 461 80 75 with
1047 461 82 75 hard
1146 461 63 75 and

218 508 90 75 ftony
324 508 193 75 corpufcles,

170 555 289 75 ATHERTON,
487 555 18 75 a
524 555 86 75 town
628 555 40 75 of
678 555 263 75 Warwickfliire,
961 555 133 75 fituated
1111 555 98 75 about

217 601 54 75 ten
288 601 90 75 miles
396 601 96 75 north
510 601 40 75 of
562 601 180 75 Coventry,
767 601 33 75 in
829 601 39 75 i°
890 601 54 75 30'
962 601 60 75 W.
1040 601 89 75 long,
1148 601 63 75 and

221 652 64 75 j2°
305 652 49 75 40'
354 652 7 75 '
385 652 49 75 N.
451 652 59 75 lat.

168 693 266 75 ATHLETiE,
460 693 32 75 in
509 693 173 75 antiquity,
708 693 73 75 men
798 693 39 75 of
850 693 199 75 remarkable
1066 693 142 75 ftrength

216 742 63 75 and
291 742 125 75 agility,
443 742 186 75 difciplined
640 742 35 75 to
692 742 143 75 perform
851 742 32 75 in
896 742 54 75 the
967 742 106 75 public
1086 742 120 75 games.

215 789 86 75 This
318 789 65 75 was
402 789 18 75 a
436 789 128 75 general
589 789 95 75 term,
711 789 101 75 under
836 789 106 75 which
961 789 85 75 were
1063 789 144 75 compre-

215 835 128 75 hended
362 835 171 75 wreillers,
557 835 133 75 boxers,
716 835 146 75 runners,
888 835 136 75 leapers,
1050 835 158 75 throwers

216 883 40 75 of
271 883 56 75 the
344 883 78 75 difc,
448 883 62 75 and
526 883 92 75 thofe
635 883 74 75 who
725 883 153 75 praftifed
895 883 32 75 in
939 883 94 75 other
1049 883 158 75 exercifes

216 928 170 75 exhibited
401 928 32 75 in
450 928 55 75 the
522 928 165 75 Olympic,
708 928 156 75 Pythian,
891 928 60 75 and
970 928 94 75 other
1087 928 120 75 folemn

215 976 117 75 fports,
343 976 138 75 wherein
500 976 91 75 there
608 976 83 75 were
707 976 106 75 prizes
831 976 141 75 allotted
988 976 53 75 for
1057 976 59 75 the
1133 976 76 75 con-

219 1022 147 75 querors.

168 1068 254 75 ATHLONE,
440 1068 134 75 aftrong
590 1068 88 75 town
694 1068 32 75 in
739 1068 55 75 the
807 1068 119 75 county
943 1068 40 75 of
990 1068 217 75 Weftmeath,

216 1116 32 75 in
266 1116 55 75 the
346 1116 149 75 province
519 1116 38 75 of
571 1116 196 75 Connaught
787 1116 32 75 in
836 1116 142 75 Ireland,
1005 1116 138 75 fituated
1166 1116 42 75 on

218 1163 55 75 the
290 1163 84 75 river
391 1163 166 75 Shannon,
587 1163 95 75 about
702 1163 45 75 60
764 1163 91 75 miles
873 1163 74 75 weft
964 1163 41 75 of
1017 1163 139 75 Dublin,
1175 1163 33 75 in

219 1208 41 75 8°
286 1208 100 75 j'W.
405 1208 88 75 long,
514 1208 62 75 and
590 1208 40 75 53
630 1190 25 49 0
676 1208 55 75 20'
748 1208 125 75 N.dat.

170 1255 186 75 ATHOL,
388 1255 18 75 a
433 1255 118 75 diftridt
583 1255 39 75 of
646 1255 183 75 Perthfhire
861 1255 32 75 in
922 1255 168 75 Scotland,
1124 1255 85 75 from

218 1302 131 75 whence
361 1302 55 75 the
434 1302 124 75 ancient
574 1302 63 75 and
652 1302 95 75 noble
772 1302 112 75 family
901 1302 39 75 of
960 1302 139 75 Murray
1115 1302 92 75 takes

217 1350 56 75 the
291 1350 70 75 title
375 1350 40 75 of
427 1350 97 75 duhe.

168 1396 181 75 ATHOS,
375 1396 18 75 a
405 1396 182 75 celebrated
599 1396 177 75 mountain,
793 1396 134 75 fituated
939 1396 33 75 in
987 1396 56 75 the
1056 1396 151 75 province

218 1443 39 75 of
268 1443 207 75 Macedonia,
494 1443 41 75 on
554 1443 18 75 a
583 1443 176 75 peninfula,
775 1443 106 75 which
900 1443 152 75 ftretches
1069 1443 68 75 into
1150 1443 55 75 the

216 1488 128 75 Aegean
357 1488 63 75 fea,
446 1488 75 75 near
537 1488 56 75 the
610 1488 75 75 gulf
697 1488 40 75 of
749 1488 162 75 Contefla,
936 1488 96 75 being
1048 1488 38 75 an
1104 1488 102 75 entire

217 1536 93 75 chain
323 1536 39 75 of
373 1536 180 75 mountains
566 1536 162 75 extended
740 1536 76 75 near
827 1536 93 75 feven
932 1536 91 75 miles
1035 1536 32 75 in
1080 1536 125 75 length,

217 1582 64 75 and
296 1582 92 75 three
404 1582 32 75 in
452 1582 150 75 breadth.
650 1582 33 75 It
700 1582 26 75 is
743 1582 74 75 now
834 1582 104 75 called
955 1582 118 75 Monte
1091 1582 113 75 Santo,

218 1629 85 75 from
319 1629 56 75 the
395 1629 40 75 22
448 1629 214 75 monafteries,
688 1629 120 75 befides
825 1629 77 75 cells
920 1629 62 75 and
999 1629 105 75 caves,
1120 1629 85 75 upon

217 1677 39 75 it,
281 1677 182 75 containing
479 1677 76 75 near
574 1677 92 75 6000
682 1677 113 75 monks
813 1677 62 75 and
898 1677 154 75 hermits;
1079 1677 42 75 no
1137 1677 68 75 wo-

218 1722 73 75 man
308 1722 26 75 is
351 1722 136 75 allowed
499 1722 38 75 to
552 1722 92 75 come
657 1722 112 75 within
787 1722 81 75 fight
885 1722 41 75 of
936 1722 86 75 their
1038 1722 166 75 convents.

217 1769 35 75 It
268 1769 28 75 is
312 1769 133 75 fituated
462 1769 45 75 70
530 1769 90 75 miles
639 1769 63 75 eaft
725 1769 39 75 of
778 1769 176 75 Salonichi,
980 1769 37 75 or
1032 1769 169 75 Theffalo-

216 1816 85 75 nica,
326 1816 63 75 and
413 1816 77 75 pays
517 1816 215 75 confiderable
759 1816 120 75 tribute
904 1816 39 75 to
957 1816 55 75 the
1028 1816 126 75 Turks,
1180 1816 25 75 it

217 1862 96 75 being
329 1862 101 75 under
442 1862 56 75 the
514 1862 178 75 proteftion
710 1862 39 75 of
760 1862 56 75 the
832 1862 142 75 boftangi
991 1862 118 75 bafcha
1124 1862 10 75 ;
1161 1862 43 75 on

219 1909 64 75 this
300 1909 92 75 chain
408 1909 155 75 formerly
581 1909 90 75 flood
686 1909 64 75 five
771 1909 105 75 cities.
901 1909 48 75 N.
968 1909 79 75 Lat.
1066 1909 66 75 40°
1152 1909 53 75 io'

220 1957 44 75 E.
281 1957 89 75 long.
392 1957 67 75 26°
476 1957 67 75 20'.

170 2003 149 75 ATHY,
345 2003 19 75 a
374 2003 87 75 town
478 2003 40 75 of
528 2003 141 75 Ireland,
686 2003 32 75 in
735 2003 55 75 the
807 2003 120 75 county
942 2003 42 75 of
990 2003 134 75 Kildare
1142 2003 63 75 and

218 2047 150 75 province
394 2047 40 75 of
459 2047 160 75 Leinfter,
650 2047 134 75 fituated
800 2047 42 75 on
871 2047 55 75 the
951 2047 83 75 river
1056 2047 147 75 Barrow,

220 2093 98 75 about
338 2093 43 75 10
397 2093 90 75 miles
511 2093 94 75 fouth
626 2093 41 75 of
685 2093 149 75 Kildare,
858 2093 34 75 in
911 2093 18 75 7
929 2075 24 49 0
970 2093 30 75 5'
1028 2093 63 75 W.
1114 2093 89 75 long,

222 2141 62 75 and
304 2141 40 75 53
344 2123 24 49 0
387 2141 49 75 N.
454 2141 59 75 lat,

171 2188 206 75 ATIGNY,
405 2188 19 75 a
440 2188 89 75 fmall
545 2188 87 75 town
649 2188 40 75 of
700 2188 201 75 Champaign
922 2188 32 75 in
971 2188 135 75 France,
1131 2188 75 75 fitu-

221 2234 74 75 ated
306 2234 41 75 on
356 2234 55 75 the
424 2234 84 75 river
520 2234 111 75 Aifne,
641 2234 98 75 about
750 2234 44 75 20
803 2234 91 75 miles
911 2234 93 75 fouth
1015 2234 191 75 ofRheims,

221 2281 31 75 in
272 2281 20 75 4
292 2263 18 49 0
327 2281 111 75 40'E.
449 2281 89 75 long,
557 2281 64 75 and
638 2281 44 75 49
682 2263 22 49 0
721 2281 115 75 25^.
850 2281 60 75 lat.

171 2325 314 75 ATINGUACU,
511 2325 31 75 in
552 2325 220 75 ornithology.
824 2325 61 75 See
902 2325 205 75 Cuculus.

175 2372 257 75 ATLANTIC
461 2372 180 75 OCEAN,
667 2372 71 75 that
761 2372 151 75 bounded
930 2372 44 75 by
996 2372 131 75 Europe
1145 2372 63 75 and

224 2418 113 75 Africa
349 2418 41 75 on
408 2418 55 75 the
480 2418 74 75 eaft,
569 2418 63 75 and
642 2418 44 75 by
699 2418 152 75 America
867 2418 40 75 on
925 2418 55 75 the
991 2418 86 75 weft.

174 2464 337 75 ATLANTIDES,
529 2464 33 75 in
580 2464 193 75 aftronomy.
824 2464 61 75 See
902 2464 210 75 Pleiades.

174 2513 164 75 ATLAS
355 2513 55 75 the
423 2513 90 75 name
525 2513 40 75 of
577 2513 19 75 a
604 2513 90 75 ridge
706 2513 41 75 of
758 2513 192 75 mountains,
969 2513 136 75 running
1122 2513 85 75 from

221 2560 63 75 eaft
301 2560 35 75 to
351 2560 77 75 weft
443 2560 140 75 through
602 2560 54 75 the
674 2560 94 75 north
782 2560 40 75 of
834 2560 127 75 Africa,
980 2560 84 75 from
1078 2560 130 75 whence

222 2603 56 75 the
288 2603 146 75 Atlantic
451 2603 110 75 Ocean
578 2603 79 75 took
673 2603 41 75 its
731 2603 106 75 name.

176 2652 147 75 Atlas,
352 2652 32 75 in
402 2652 222 75 architefture,
652 2652 55 75 the
724 2652 84 75 fame
837 2652 81 75 with
942 2652 153 75 telamon.
1146 2652 61 75 See

225 2697 205 75 Telamon.

176 2746 147 75 Atlas,
347 2746 33 75 in
397 2746 161 75 anatomy,
583 2746 55 75 the
662 2746 91 75 name
769 2746 45 75 by
836 2746 105 75 which
970 2746 85 75 fome
1073 2746 60 75 call
1150 2746 55 75 the

222 2789 64 75 firft
292 2789 147 75 vertebra
450 2789 40 75 of
498 2789 53 75 the
564 2789 152 75 neckfo
729 2789 104 75 called
848 2789 32 75 in
893 2789 130 75 allufion
1035 2789 35 75 to
1082 2789 122 75 Mount

224 2838 108 75 Atlas.
382 2838 106 75 Seep.
505 2838 78 75 167.

174 2885 150 75 Atlas,
349 2885 33 75 in
401 2885 132 75 matters
545 2885 40 75 of
595 2885 177 75 literature,
800 2885 133 75 denotes
951 2885 18 75 a
984 2885 86 75 book
1083 2885 40 75 of
1134 2885 69 75 uni-

221 2931 99 75 verfid
347 2931 196 75 geography,
568 2931 182 75 containing
770 2931 87 75 maps
881 2931 43 75 of
943 2931 42 75 all
1014 2931 56 75 the
1086 2931 118 75 known

221 2977 86 75 parts
317 2977 40 75 of
368 2977 56 75 the
436 2977 117 75 world.

172 3023 346 75 ATMOSPHERE,
542 3023 55 75 the
613 3023 65 75 vaft
701 3023 166 75 colleflion
884 3023 40 75 of
946 3023 46 75 air
1007 3023 107 75 which
1131 3023 68 75 fur-

1345 160 18 75 )

1683 160 43 75 A
1785 160 37 75 T
1882 160 36 75 R

1300 230 119 75 rounds
1431 230 56 75 the
1502 230 90 75 earth
1602 230 52 75 for
1667 230 17 75 a
1697 230 90 75 great
1796 230 126 75 height.
1948 230 66 75 For
2026 230 55 75 the
2100 230 114 75 height
2231 230 62 75 and

1301 275 95 75 other
1412 275 177 75 properties
1603 275 39 75 of
1654 275 55 75 the
1724 275 212 75 atmofphere,
1954 275 51 75 fee
2015 275 277 75 Pneumatics.

1254 323 158 75 ATOM,
1445 323 33 75 in
1495 323 201 75 philofophy,
1724 323 17 75 a
1754 323 132 75 particle
1908 323 39 75 of
1960 323 127 75 matter,
2114 323 33 75 fo
2172 323 121 75 minute

1302 368 34 75 as
1354 368 36 75 to
1406 368 101 75 admit
1520 368 40 75 of
1572 368 41 75 no
1630 368 145 75 divifion.
1805 368 119 75 Atoms
1936 368 53 75 are
2007 368 54 75 the
2079 368 135 75 minima
2232 368 59 75 na-

1304 415 93 75 ture,
1416 415 63 75 and
1495 415 54 75 are
1566 415 171 75 conceived
1754 415 33 75 as
1813 415 54 75 the
1884 415 64 75 firft
1965 415 169 75 principles
2152 415 37 75 or
2205 415 87 75 com-

1302 462 119 75 ponent
1445 462 91 75 parts
1559 462 40 75 of
1622 462 43 75 all
1682 462 138 75 phyfical
1856 462 197 75 magnitude.
2104 462 62 75 See
2192 462 99 75 Che-

1307 508 167 75 mistry.

1256 555 263 75 ATOMICAL
1542 555 73 75 phil'
1615 555 119 75 jfophy,
1760 555 38 75 or
1824 555 54 75 the
1904 555 143 75 dodtrine
2070 555 40 75 of
2133 555 114 75 atoms,
2274 555 18 75 a

1301 602 112 75 fyftem
1430 602 119 75 which,
1575 602 84 75 from
1677 602 56 75 the
1750 602 181 75 hypothefis
1949 602 71 75 that
2037 602 102 75 atoms
2157 602 54 75 are
2236 602 54 75 en-

1303 648 85 75 dued
1406 648 77 75 with
1501 648 128 75 gravity
1652 648 63 75 and
1732 648 134 75 motion,
1892 648 176 75 accounted
2087 648 52 75 for
2156 648 54 75 the
2227 648 64 75 ori-

1303 694 53 75 gin
1384 694 63 75 and
1464 694 172 75 formation
1661 694 42 75 of
1726 694 119 75 things.
1906 694 86 75 This
2020 694 188 75 philofophy
2227 694 66 75 was

1301 741 63 75 firft
1377 741 161 75 broached
1550 741 43 75 by
1601 741 168 75 Mofchus,
1780 741 85 75 fome
1882 741 76 75 time
1970 741 110 75 before
2097 741 55 75 the
2164 741 126 75 Trojan

1302 788 65 75 war
1381 788 11 75 ;
1418 788 58 75 but
1493 788 65 75 was
1576 788 94 75 much
1697 788 175 75 cultivated
1889 788 63 75 and
1969 788 167 75 improved
2152 788 42 75 by
2211 788 79 75 Epi-

1303 835 106 75 curus,
1434 835 130 75 whence
1586 835 26 75 it
1628 835 26 75 is
1672 835 225 75 denominated
1913 835 56 75 the
1987 835 181 75 Epicurean
2186 835 105 75 philo-

1303 881 109 75 fophy.
1465 881 61 75 See
1542 881 244 75 Epicurean.

1255 929 229 75 ATONICS,
1509 929 32 75 in
1553 929 171 75 grammar,
1742 929 106 75 words
1867 929 55 75 not
1935 929 175 75 accented..
2142 929 62 75 See
2215 929 74 75 Ac-

1309 975 112 75 cent.

1255 1022 183 75 ATONY,
1464 1022 31 75 in
1514 1022 169 75 medicine,
1708 1022 18 75 a
1749 1022 104 75 defedl
1865 1022 38 75 of
1916 1022 75 75 tone
2007 1022 37 75 or
2062 1022 130 75 tenfion,
2218 1022 37 75 or
2272 1022 26 75 a,

1303 1068 104 75 laxity
1418 1068 38 75 or
1472 1068 136 75 debility
1624 1068 40 75 of
1675 1068 55 75 the
1746 1068 97 75 folids
1859 1068 40 75 of
1919 1068 55 75 the
1991 1068 100 75 body.

1255 1115 137 75 ATRA
1409 1115 139 75 BILI3,
1573 1115 94 75 black
1683 1115 75 75 bile,
1784 1115 62 75 one
1870 1115 40 75 of
1921 1115 55 75 the
2000 1115 152 75 humours
2175 1115 40 75 of
2233 1115 56 75 the

1302 1161 124 75 ancient
1453 1161 175 75 phyficians
1644 1161 10 75 ;
1688 1161 107 75 which
1822 1161 55 75 the
1902 1161 150 75 moderns
2080 1161 62 75 call
2170 1161 121 75 melan-

1303 1208 108 75 choly.

1253 1255 327 75 ATRACTYLIS,
1605 1255 32 75 in
1655 1255 133 75 botany,
1814 1255 18 75 a
1856 1255 99 75 genus
1986 1255 39 75 of
2036 1255 56 75 the
2110 1255 179 75 fyngenefia

1302 1301 180 75 polygamia
1497 1301 132 75 requalis
1647 1301 92 75 clafs.
1776 1301 76 75 The
1869 1301 121 75 corolla
2007 1301 26 75 is
2050 1301 157 75 radiated,
2226 1301 65 75 and

1301 1347 77 75 each
1396 1347 121 75 corolla
1529 1347 40 75 of
1580 1347 55 75 the
1653 1347 107 75 radius
1778 1347 58 75 has
1852 1347 60 75 five
1929 1347 101 75 teeth.
2080 1347 77 75 The
2170 1347 119 75 fpecies

1302 1394 52 75 are
1370 1394 105 75 three,
1500 1394 82 75 none
1594 1394 41 75 of
1646 1394 107 75 which
1771 1394 52 75 are
1842 1394 121 75 natives
1980 1394 40 75 of
2031 1394 138 75 Britain.

1254 1441 288 75 ATRAGENE,
1567 1441 33 75 in
1623 1441 134 75 botany,
1783 1441 19 75 a
1829 1441 99 75 genus
1955 1441 40 75 of
2016 1441 56 75 the
2101 1441 191 75 polyandria

1301 1486 175 75 polygynia
1492 1486 92 75 clafs.
1633 1486 77 75 The
1727 1486 85 75 calix
1836 1486 57 75 has
1911 1486 74 75 four
2007 1486 126 75 leaves;
2162 1486 54 75 the
2233 1486 55 75 pe-

1301 1532 61 75 tals
1379 1532 53 75 are
1454 1532 38 75 12
1506 1532 10 75 ;
1543 1532 62 75 and
1622 1532 55 75 the
1697 1532 88 75 feeds
1802 1532 54 75 are
1884 1532 170 75 caudated.
2102 1532 112 75 There
2234 1532 54 75 are

1300 1580 91 75 three
1408 1580 130 75 fpecies,
1557 1580 42 75 all
1617 1580 122 75 natives
1750 1580 40 75 of
1802 1580 55 75 the
1873 1580 75 75 eaft.

1252 1627 329 75 ATRAPHYXIS,
1606 1627 31 75 in
1663 1627 132 75 botany,
1821 1627 19 75 a
1852 1627 101 75 genus
1973 1627 41 75 of
2036 1627 57 75 the
2110 1627 178 75 hexandria

1300 1673 131 75 digynia
1447 1673 91 75 clafs.
1586 1673 77 75 The
1680 1673 86 75 calix
1791 1673 57 75 has
1864 1673 66 75 two
1953 1673 106 75 leaves
2074 1673 11 75 ;
2112 1673 55 75 the
2184 1673 103 75 petals

1300 1719 53 75 are
1361 1719 78 75 two,
1454 1719 61 75 and
1527 1719 142 75 finuated
1681 1719 11 75 ;
1710 1719 63 75 and
1782 1719 90 75 there
1884 1719 27 75 is
1927 1719 59 75 but
1997 1719 61 75 one
2071 1719 86 75 feed.
2174 1719 114 75 There

1301 1765 53 75 are
1371 1765 67 75 two
1455 1765 116 75 fpecies
1584 1765 11 75 ;
1622 1765 65 75 viz.
1706 1765 55 75 the
1778 1765 133 75 fpinofa,
1939 1765 17 75 a
1973 1765 106 75 native
2096 1765 40 75 of
2146 1765 114 75 Media
2274 1765 11 75 ;

1302 1812 62 75 and
1380 1812 56 75 the
1452 1812 168 75 undulata,
1645 1812 19 75 a
1675 1812 107 75 native
1794 1812 40 75 of
1844 1812 184 75 ^Ethiopia.

1253 1858 214 75 ATRAlTI,
1492 1858 33 75 in
1547 1858 168 75 medicine,
1741 1858 119 75 infants
1882 1858 118 75 having
2021 1858 42 75 no
2089 1858 200 75 perforation

1301 1904 30 75 in
1349 1904 55 75 the
1426 1904 91 75 anus,
1543 1904 38 75 or
1596 1904 129 75 perfons
1750 1904 231 75 imperforated
1997 1904 31 75 in
2042 1904 55 75 the
2122 1904 113 75 vagina
2251 1904 38 75 or

1301 1951 143 75 urethra.

1254 1998 133 75 ATRI,
1411 1998 19 75 a
1446 1998 86 75 town
1545 1998 39 75 of
1596 1998 55 75 the
1667 1998 137 75 Farther
1817 1998 171 75 Abruzzo,
2012 1998 32 75 in
2061 1998 55 75 the
2133 1998 153 75 kingdom

1302 2044 39 75 of
1363 2044 136 75 Naples,
1527 2044 134 75 fituated
1677 2044 33 75 in
1737 2044 64 75 ij°
1818 2044 56 75 id
1891 2044 44 75 E.
1953 2044 88 75 long,
2061 2044 62 75 and
2143 2044 43 75 42
2186 2026 25 49 0
2230 2044 59 75 40'

1303 2091 34 75 N
1368 2091 57 75 lat.

1255 2136 346 75 ATRICAPILLA,
1625 2136 33 75 in
1687 2136 220 75 ornithology,
1934 2136 19 75 a
1974 2136 105 75 trivial
2104 2136 92 75 name
2219 2136 40 75 of
2270 2136 21 75 a

1302 2183 117 75 fpecies
1432 2183 40 75 of
1481 2183 193 75 mufcicapa;
1694 2183 63 75 and
1773 2183 65 75 alfo
1847 2183 40 75 of
1894 2183 18 75 a
1928 2183 118 75 fpecies
2058 2183 40 75 of
2100 2183 187 75 motacilla.

1304 2230 61 75 See
1381 2230 250 75 Muscicapa,
1656 2230 63 75 and
1736 2230 257 75 Motacilla.

1256 2277 225 75 ATRICES,
1495 2277 36 75 or
1541 2277 218 75 Attrices,
1773 2277 31 75 in
1818 2277 169 75 medicine,
2018 2277 158 75 tubercles
2190 2277 99 75 about

1304 2322 55 75 the
1376 2322 91 75 anus,
1492 2322 163 75 reckoned
1671 2322 18 75 a
1704 2322 79 75 kind
1795 2322 40 75 of
1844 2322 237 75 condylomata.

1256 2370 184 75 ATRICI,
1465 2370 34 75 in
1522 2370 143 75 furgery,
1690 2370 89 75 fmall
1796 2370 112 75 finufes
1933 2370 32 75 in
1982 2370 56 75 the
2061 2370 175 75 extremity
2252 2370 42 75 of

1304 2415 54 75 the
1375 2415 180 75 inteftinum
1572 2415 132 75 reftum,
1729 2415 103 75 which
1850 2415 43 75 do
1909 2415 56 75 not
1982 2415 162 75 perforate
2160 2415 69 75 into
2245 2415 43 75 its

1305 2461 117 75 cavity.

1255 2508 264 75 ATRIPLEX,
1542 2508 33 75 in
1591 2508 133 75 botany,
1750 2508 18 75 a
1779 2508 99 75 genus
1899 2508 44 75 of
1950 2508 55 75 the
2020 2508 181 75 polygamia
2217 2508 69 75 mo-

1302 2554 103 75 noecia
1421 2554 90 75 clafs.
1559 2554 77 75 The
1653 2554 86 75 calix
1759 2554 40 75 of
1820 2554 56 75 th@
1900 2554 259 75 hermaphrodite
2176 2554 110 75 flower

1302 2601 58 75 has
1387 2601 61 75 five
1464 2601 105 75 leaves
1583 2601 8 75 ;
1618 2601 25 75 it
1670 2601 57 75 has
1752 2601 42 75 no
1822 2601 142 75 corolla;
2003 2601 55 75 the
2075 2601 130 75 ftamina
2232 2601 55 75 are

1302 2647 73 75 five,
1396 2647 62 75 and
1474 2647 55 75 the
1543 2647 97 75 ftylus
1656 2647 27 75 is
1700 2647 131 75 divided
1847 2647 68 75 into
1932 2647 65 75 two
2013 2647 87 75 parts
2114 2647 11 75 ;
2151 2647 91 75 there
2259 2647 28 75 is

1302 2694 57 75 but
1369 2694 60 75 one
1446 2694 163 75 deprefted
1624 2694 85 75 feed.
1734 2694 77 75 The
1828 2694 86 75 calix
1926 2694 41 75 of
1978 2694 54 75 the
2049 2694 116 75 female
2177 2694 110 75 flower

1300 2740 56 75 has
1375 2740 65 75 two
1452 2740 104 75 leaves
1570 2740 11 75 ;
1607 2740 26 75 it
1641 2740 58 75 has
1715 2740 42 75 no
1770 2740 122 75 corolla
1904 2740 58 75 nor
1977 2740 150 75 ftamina;
2155 2740 56 75 the
2222 2740 63 75 fty-

1302 2787 49 75 lus
1368 2787 26 75 is
1406 2787 129 75 divided
1551 2787 69 75 into
1637 2787 65 75 two
1719 2787 86 75 parts
1817 2787 10 75 ;
1853 2787 63 75 and
1932 2787 90 75 there
2034 2787 28 75 is
2077 2787 57 75 but
2151 2787 61 75 one
2230 2787 58 75 de-

1301 2834 121 75 prefled
1437 2834 85 75 feed.
1569 2834 77 75 The
1663 2834 118 75 fpecies
1798 2834 53 75 are
1873 2834 53 75 12,
1952 2834 40 75 of
2004 2834 107 75 which
2126 2834 90 75 eight
2232 2834 59 75 are

1300 2880 121 75 natives
1437 2880 40 75 of
1488 2880 144 75 Britain;
1657 2880 67 75 viz.
1742 2880 56 75 the
1816 2880 248 75 portulacoides,
2089 2880 37 75 or
2142 2880 144 75 fea-pur.-

1298 2926 97 75 flain;
1413 2926 55 75 the
1477 2926 167 75 lacineata,
1662 2926 36 75 or
1711 2926 122 75 jagged
1849 2926 185 75 fea-orache
2047 2926 8 75 ;
2083 2926 202 75 thehaftata,

1297 2972 37 75 or
1349 2972 218 75 fpear-leaved
1595 2972 117 75 orache
1726 2972 10 75 ;
1763 2972 56 75 the
1845 2972 115 75 eredta,
1988 2972 38 75 or
2042 2972 78 75 wild
2144 2972 117 75 orache

1298 3019 192 75 the.patula,
1518 3019 38 75 or
1582 3019 257 75 narrow-leaved
1859 3019 141 75 orache;
2026 3019 56 75 the
2098 3019 131 75 ferrata,
2246 3019 40 75 or

2132 3060 169 75 indented.;
