2493 3387
545 174 233 75 ART

1131 174 161 75 (428

173 238 236 75 ARTEDIA,
442 238 33 75 In
498 238 132 75 botany,
658 238 18 75 a
699 238 98 75 genus
818 238 40 75 of
877 238 56 75 tbe
953 238 188 75 p’ntandria
1158 238 49 75 di-

224 286 97 75 gynia
337 286 90 75 clafs.
477 286 77 75 The
569 286 199 75 involucrum
793 286 27 75 is
844 286 165 75 pinnatiiid
1023 286 11 75 ;
1064 286 55 75 the
1139 286 72 75 flof-

221 333 86 75 cules
319 333 41 75 of
371 333 54 75 the
442 333 67 75 diflc
526 333 54 75 are
597 333 183 75 mafculine,
805 333 62 75 and
887 333 56 75 the
956 333 80 75 fruit
1053 333 26 75 is
1092 333 116 75 rough.

220 380 112 75 There
349 380 26 75 is
398 380 77 75 only
490 380 61 75 one
572 380 132 75 fpecies,
729 380 71 75 viz.
827 380 56 75 the
907 380 178 75 fcjuaraata,
1112 380 19 75 a
1152 380 56 75 na-

225 426 64 75 tive
305 426 40 75 of
357 426 186 75 Libanium.

174 473 290 75 ARTEMISIA,
489 473 263 75 fouthernwood,
785 473 33 75 in
841 473 133 75 botany,
1005 473 17 75 a
1051 473 97 75 genus
1173 473 42 75 of

221 520 55 75 the
292 520 178 75 fyngenefla
485 520 181 75 polygamia
689 520 156 75 fuperflua
862 520 92 75 clafs.
1002 520 78 75 The
1099 520 109 75 recep-

221 567 84 75 tacle
321 567 27 75 is
365 567 104 75 either
480 567 105 75 naked
600 567 37 75 or
655 567 17 75 a
689 567 82 75 little
787 567 117 75 downy
919 567 11 75 ;
957 567 25 75 it
999 567 58 75 has
1075 567 41 75 no
1134 567 74 75 pap-

223 614 57 75 pus
296 614 9 75 ;
341 614 56 75 the
420 614 86 75 calix
533 614 26 75 is
585 614 190 75 imbricated
802 614 79 75 with
912 614 148 75 roundilh
1087 614 121 75 fcales;

222 661 65 75 and
302 661 56 75 the
373 661 122 75 cbrolla
511 661 56 75 has
585 661 41 75 no
644 661 93 75 radii.
785 661 113 75 There
914 661 54 75 are
986 661 40 75 23
1046 661 117 75 fpecies
1176 661 41 75 of

223 707 166 75 artemilia,
414 707 77 75 only
508 707 21 75 4
546 707 40 75 of
598 707 105 75 which
720 707 53 75 are
787 707 121 75 natives
922 707 40 75 of
975 707 137 75 Britain,
1138 707 72 75 viz.

222 754 58 75 the
296 754 193 75 campeltris,
515 754 38 75 or
569 754 342 75 field-fouthernwood
925 754 10 75 ;
966 754 55 75 the
1039 754 172 75 maritima,

223 801 38 75 or
272 801 265 75 fea-wormwood
552 801 9 75 ;
589 801 55 75 the
657 801 214 75 abfynthium,
885 801 37 75 or
934 801 148 75 common
1096 801 116 75 worm-

224 849 96 75 wood
332 849 12 75 ;
370 849 63 75 and
448 849 56 75 the
518 849 154 75 vulgaris,
697 849 37 75 or
746 849 173 75 mugwort.
967 849 76 75 The
1059 849 153 75 vulgaris,

224 894 37 75 or
278 894 170 75 mugwort,
474 894 26 75 is
517 894 76 75 ufed
615 894 80 75 both
711 894 33 75 as
763 894 18 75 a
806 894 153 75 ffot-herb
976 894 63 75 and
1058 894 34 75 as
1110 894 19 75 a
1144 894 67 75 me-

225 942 102 75 dicine
341 942 11 75 ;
379 942 55 75 the
450 942 105 75 leaves
568 942 53 75 are
637 942 190 75 principally
839 942 182 75 celebrated
1037 942 32 75 as
1088 942 124 75 uterine

225 989 61 75 and
302 989 215 75 antihyfleric.
566 989 78 75 The
661 989 104 75 leaves
790 989 41 75 of
853 989 55 75 the
936 989 203 75 abfynthiura
1157 989 57 75 are.

225 1036 116 75 chiefly
356 1036 76 75 ufed
449 1036 33 75 as
500 1036 19 75 a
533 1036 101 75 bitter
650 1036 37 75 or
703 1036 184 75 ftomachic.

177 1083 378 75 ARTERIOTOMY,
579 1083 57 75 the
652 1083 137 75 opening
804 1083 40 75 an
861 1083 120 75 artery,
1005 1083 82 75 with
1103 1083 109 75 defign

227 1127 34 75 to
279 1127 134 75 procure
429 1127 40 75 an
486 1127 187 75 evacuation
690 1127 39 75 of
741 1127 112 75 blood.

179 1176 212 75 ARTERY,
416 1176 32 75 in
478 1176 162 75 anatomy,
665 1176 19 75 a
705 1176 121 75 conical
847 1176 78 75 tube
944 1176 37 75 or
997 1176 91 75 canal
1106 1176 106 75 which

227 1223 137 75 conveys
381 1223 55 75 the
452 1223 100 75 blood
573 1223 84 75 from
681 1223 56 75 the
760 1223 91 75 heart
874 1223 35 75 to
926 1223 43 75 all
991 1223 87 75 parts
1095 1223 39 75 of
1157 1223 56 75 the

227 1270 100 75 body.
378 1270 61 75 See
457 1270 217 75 Anatomy,
699 1270 79 75 Part
790 1270 65 75 III.

179 1317 286 75 ARTHRITIS,
497 1317 31 75 in
556 1317 167 75 medicine,
755 1317 56 75 the
836 1317 93 75 gout.
988 1317 62 75 See
1078 1317 134 75 Gout,

228 1363 61 75 and
305 1363 221 75 Medicine.

179 1410 311 75 ARTHRODIA,
516 1410 32 75 in
574 1410 124 75 natural
720 1410 134 75 hiltory,
880 1410 19 75 a
923 1410 157 75 genus.of
1096 1410 116 75 imper-

226 1456 64 75 fect
312 1456 142 75 cryftals,
486 1456 102 75 found
612 1456 118 75 always
758 1456 33 75 in
815 1456 150 75 complex
990 1456 123 75 inaiTes,
1150 1456 64 75 and

227 1504 140 75 forming
393 1504 77 75 long
497 1504 97 75 fingle
621 1504 176 75 pyramids,
830 1504 81 75 with
936 1504 78 75 very
1036 1504 89 75 Ihort
1152 1504 62 75 and

228 1551 122 75 flender
363 1551 157 75 columns.
570 1551 63 75 See
649 1551 229 75 Chrystal.

179 1598 257 75 Arthrodia,
471 1598 33 75 in
528 1598 163 75 anatomy,
729 1598 18 75 a
772 1598 120 75 fpecies
919 1598 40 75 of
994 1598 216 75 articulation,

227 1645 140 75 wherein
384 1645 18 75 a
419 1645 54 75 flat
490 1645 82 75 head
583 1645 41 75 of
636 1645 60 75 one
712 1645 83 75 bone
812 1645 26 75 is
851 1645 147 75 received
1014 1645 70 75 into
1096 1645 22 75 a
1130 1645 80 75 /hal-

227 1690 64 75 low
307 1690 108 75 focket
432 1690 41 75 of
483 1690 147 75 another.

181 1739 303 75 ART1CHOAK,
510 1739 31 75 in
559 1739 133 75 botany.
743 1739 62 75 See
823 1739 167 75 Cinara.

180 1785 231 75 ARTICLE,
436 1785 20 75 a
472 1785 102 75 claufe
591 1785 36 75 or
645 1785 162 75 condition
821 1785 40 75 of
880 1785 19 75 a
914 1785 154 75 contradt,
1091 1785 120 75 treaty,

230 1831 63 75 <bc.
343 1831 32 75 It
391 1831 27 75 is
430 1831 65 75 alfo
512 1831 18 75 a
546 1831 89 75 fmall
653 1831 72 75 part
740 1831 38 75 or
793 1831 131 75 divifion
941 1831 41 75 of
1001 1831 21 75 a
1041 1831 169 75 difcourfe,

228 1877 18 75 a
263 1877 98 75 book,
385 1877 39 75 or
441 1877 142 75 writing,
610 1877 64 75 tec.

181 1924 195 75 Article,
401 1924 32 75 in
462 1924 172 75 grammar,
666 1924 19 75 a
711 1924 135 75 particle
872 1924 33 75 in
933 1924 81 75 moft
1040 1924 171 75 languages

228 1970 71 75 that
315 1970 104 75 ferves
435 1970 35 75 to
487 1970 129 75 exprefs
632 1970 56 75 the
708 1970 119 75 feveral
850 1970 85 75 cafes
952 1970 61 75 and
1026 1970 135 75 genders
1177 1970 41 75 of

228 2017 113 75 nouns,
367 2017 92 75 when
482 2017 56 75 the
554 2017 157 75 language
727 2017 56 75 has
807 2017 59 75 not
887 2017 151 75 different
1061 2017 151 75 termina-

226 2064 125 75 nations
369 2064 34 75 to
419 2064 117 75 denote
554 2064 54 75 the
623 2064 152 75 different
787 2064 93 75 Hates
899 2064 63 75 and
973 2064 240 75 circumftances

227 2111 41 75 of
286 2111 114 75 nouns.
450 2111 63 75 See
531 2111 220 75 Grammar.

180 2159 335 75 ARTICULARIS
541 2159 138 75 morbus.
742 2159 61 75 See
827 2159 137 75 Gout,
995 2159 63 75 and
1083 2159 128 75 Medi-

231 2204 102 75 cine.

182 2251 323 75 ARTICULATE
521 2251 122 75 founds
660 2251 54 75 are
730 2251 75 75 fuch
822 2251 116 75 founds
956 2251 34 75 as
1011 2251 128 75 exprefs
1156 2251 57 75 the

226 2298 123 75 letters,
374 2298 163 75 fyllables,
571 2298 36 75 or
633 2298 107 75 words
765 2298 40 75 of
824 2298 62 75 any
911 2298 149 75 alphabet
1084 2298 38 75 or
1143 2298 69 75 lan-

228 2344 102 75 guage
342 2344 9 75 :
377 2344 75 75 fuch
470 2344 54 75 are
540 2344 128 75 formed
683 2344 44 75 by
748 2344 57 75 the
820 2344 119 75 human
954 2344 105 75 voice,
1084 2344 64 75 and
1170 2344 44 75 by

225 2390 87 75 fome
329 2390 63 75 few
408 2390 100 75 birds,
534 2390 32 75 as
584 2390 138 75 parrots,
748 2390 64 75 foe.

178 2438 392 75 ARTICULATION,
596 2438 32 75 in
652 2438 163 75 anatomy,
840 2438 133 75 denotes
990 2438 56 75 the
1064 2438 148 75 juncture

227 2483 40 75 of
285 2483 66 75 two
367 2483 99 75 bones
478 2483 153 75 intended
643 2483 52 75 for
712 2483 135 75 motion.

178 2531 280 75 ARTIFICER,
483 2531 19 75 a
518 2531 110 75 perfon
645 2531 52 75 wh
711 2531 41 75 Te
768 2531 218 75 employment
1007 2531 26 75 it
1049 2531 26 75 is
1092 2531 36 75 to
1143 2531 68 75 jna-

226 2576 163 75 nufadture
405 2576 63 75 any
492 2576 78 75 kind
593 2576 40 75 of
653 2576 210 75 commodity,
889 2576 33 75 as
947 2576 31 75 in
1001 2576 83 75 iron,
1110 2576 100 75 brafs,

223 2624 109 75 v/ood,
359 2624 64 75 foe.
448 2624 79 75 fuch
543 2624 54 75 are
612 2624 125 75 fmiths,
755 2624 152 75 weavers,
925 2624 195 75 carpenters,
1141 2624 67 75 foe.

179 2670 298 75 ARTIFICIAL,
503 2670 32 75 in
560 2670 19 75 a
603 2670 126 75 general
754 2670 97 75 ferife,
877 2670 132 75 denotes
1031 2670 179 75 fomething

225 2718 104 75 made,
355 2718 174 75 fa/hioned,
554 2718 39 75 or
606 2718 160 75 produced
779 2718 42 75 by
838 2718 62 75 art,
925 2718 32 75 in
969 2718 240 75 contradiffinc-

225 2764 68 75 tion
310 2764 84 75 from
412 2764 54 75 the
484 2764 203 75 produdiions
705 2764 39 75 of
763 2764 124 75 nature-

1124 2764 9 75 >

178 2811 299 75 ARTILLERY,
490 2811 87 75 large
585 2811 169 75 fire-arms,
767 2811 76 75 with
853 2811 84 75 their
945 2811 262 75 appurtenances,

225 2857 33 75 as
298 2857 152 75 cannons,
491 2857 150 75 mortars,
682 2857 125 75 bombs,
850 2857 141 75 petards,
1032 2857 176 75 mufquets,

227 2905 175 75 carabines,
443 2905 89 75 foe.'
570 2905 61 75 See
660 2905 178 75 Cannon,
874 2905 190 75 Mortar,
1101 2905 107 75 Gun-

227 2951 115 75 nery.

175 2995 347 75 Artillery-/^^,
548 2995 55 75 the
623 2995 88 75 place
735 2995 31 75 in
792 2995 57 75 the
874 2995 71 75 rear
968 2995 41 75 of
1030 2995 78 75 both
1126 2995 81 75 lines

223 3044 31 75 in
283 3044 54 75 the
364 3044 103 75 army,
493 3044 52 75 for
573 3044 186 75 encamping
787 3044 56 75 the
865 3044 156 75 artillery,
1050 3044 106 75 which
1180 3044 26 75 is

1353 174 16 75 )

1719 174 42 75 A
1818 174 37 75 R
1913 174 35 75 Z

1306 239 111 75 drawn
1440 239 43 75 up
1506 239 33 75 in
1567 239 93 75 lines,
1693 239 40 75 of
1752 239 106 75 which
1882 239 62 75 one
1968 239 27 75 is
2020 239 127 75 formed
2173 239 44 75 by
2237 239 60 75 the

1308 286 102 75 guns;
1448 286 56 75 the
1530 286 376 75 ammunition-waggons
1933 286 93 75 make
2053 286 129 75 two'or
2207 286 92 75 three

1308 332 93 75 fines,
1428 332 85 75 fixty
1530 332 92 75 paces
1639 332 119 75 behind
1775 332 54 75 the
1847 332 93 75 guns,
1967 332 63 75 and
2053 332 104 75 thirty
2182 332 116 75 diltant

1309 379 84 75 from
1410 379 61 75 one
1498 379 154 75 another;
1678 379 57 75 the
1760 379 159 75 pontoops
1944 379 63 75 and
2032 379 148 75 tumbrils
2204 379 94 75 make

1309 426 56 75 the
1380 426 57 75 laft
1454 426 77 75 line.
1579 426 78 75 The
1680 426 106 75 whole
1800 426 30 75 is
1855 426 197 75 furrounded
2075 426 80 75 with
2179 426 19 75 a
2220 426 79 75 rope

1309 472 106 75 which
1433 472 100 75 forms
1551 472 55 75 the
1624 472 99 75 park;
1751 472 55 75 the
1830 472 136 75 gunners
1985 472 63 75 and
2064 472 164 75 matroffes
2243 472 54 75 en-

1310 521 92 75 camp
1409 521 43 75 on
1463 521 56 75 the
1530 521 115 75 flanks,
1663 521 62 75 and
1735 521 303 75 thebombardeers,
2052 521 247 75 pontoon-men,

1311 566 61 75 and
1393 566 168 75 artificers,
1587 566 31 75 in
1637 566 55 75 the
1709 566 82 75 rear.

1262 613 361 75 ARTiLLERY-/r«z//z,
1650 613 18 75 a
1691 613 119 75 certain
1828 613 134 75 number
1978 613 40 75 of
2036 613 104 75 pieces
2163 613 41 75 of
2224 613 74 75 ord-

1282 662 11 75 ,
1309 662 111 75 nance,
1446 662 154 75 mounted
1616 662 43 75 on
1676 662 171 75 carriages,
1874 662 138 75 with'all
2035 662 84 75 their
2138 662 161 75 furniture

1310 706 35 75 fit
1361 706 53 75 for
1430 706 179 75 marching.

1262 754 417 75 Artillery-company)
1705 754 18 75 a
1739 754 84 75 band
1835 754 41 75 of
1893 754 156 75 infantry,
2075 754 165 75 confiding
2253 754 51 75 |of

1310 800 46 75 fix
1373 800 147 75 hundred
1537 800 84 75 men,
1647 800 129 75 making
1792 800 71 75 part
1880 800 41 75 of
1940 800 55 75 the
2019 800 115 75 militia
2155 800 38 75 or
2215 800 83 75 city-

1311 848 100 75 guard
1427 848 41 75 of
1488 848 155 75 London.

1262 895 256 75 ART1SCUS,
1544 895 31 75 in
1593 895 170 75 medicine.
1814 895 262 75 See.TROCHE.

1262 941 195 75 ARTOIS,
1482 941 20 75 a
1516 941 150 75 province
1681 941 40 75 of
1741 941 56 75 the
1814 941 127 75 French
1962 941 234 75 Netherlands,
2221 941 76 75 fitu-

1311 986 72 75 ated
1400 986 144 75 between
1561 986 156 75 Flanders
1734 986 63 75 and
1811 986 151 75 Picardy.

1251 1035 239 75 -ARVALES
1506 1035 150 75 fratres,
1680 1035 33 75 in
1731 1035 128 75 jRoman
1878 1035 175 75 antiquity,
2076 1035 21 75 a
2120 1035 124 75 college
2260 1035 41 75 of

1312 1081 116 75 twelve
1456 1081 123 75 priefts,
1610 1081 164 75 inllituted
1797 1081 44 75 by
1863 1081 173 75 Romulus,
2069 1081 75 75 who
2170 1081 131 75 himfelf

1309 1127 93 75 made
1419 1127 60 75 one
1497 1127 40 75 of
1554 1127 57 75 the
1626 1127 109 75 body:
1763 1127 78 75 they
1862 1127 118 75 affifted
2004 1127 32 75 in
2061 1127 55 75 the
2141 1127 155 75 facrifices

1310 1174 40 75 of
1362 1174 55 75 the
1433 1174 204 75 ambervalia,
1662 1174 124 75 offered
1802 1174 151 75 annually
1969 1174 35 75 to
2020 1174 100 75 Ceres
2137 1174 63 75 and
2212 1174 84 75 Bac*.

1311 1220 105 75 chus,-
1427 1220 52 75 for
1495 1220 56 75 the
1569 1220 177 75 profperity
1768 1220 41 75 of
1827 1220 55 75 the
1899 1220 156 75 principal
2069 1220 95 75 fruits
2182 1220 40 75 of
2240 1220 56 75 the

1311 1266 102 75 earth,
1439 1266 69 75 viz.
1535 1266 91 75 thofe
1643 1266 41 75 of
1702 1266 76 75 corn
1796 1266 63 75 and
1875 1266 95 75 wine.

1260 1314 182 75 ARUBA,
1469 1314 18 75 a
1503 1314 88 75 fmall
1608 1314 98 75 ifland
1729 1314 41 75 on
1796 1314 56 75 the
1876 1314 84 75 coaft
1984 1314 42 75 of
2042 1314 108 75 Terra
2172 1314 134 75 Firma,^

1309 1361 118 75 fubjedt
1439 1361 35 75 to
1490 1361 56 75 the
1564 1361 126 75 Dutch,
1709 1361 63 75 and
1784 1361 135 75 fituated
1934 1361 33 75 in
1980 1361 63 75 69°
2058 1361 55 75 3c/
2130 1361 61 75 W.
2203 1361 90 75 long,

1310 1407 62 75 and
1394 1407 37 75 12
1431 1389 22 49 0
1474 1407 53 75 30'
1543 1407 49 75 N.
1605 1407 57 75 lat.

1261 1456 159 75 ARUM,
1438 1456 31 75 in
1488 1456 131 75 botany,
1638 1456 17 75 a
1672 1456 98 75 genus
1787 1456 40 75 of
1845 1456 56 75 the
1918 1456 176 75 gynandria
2107 1456 198 75 polyandria.^

1306 1501 94 75 dlafs.
1449 1501 113 75 There
1591 1501 53 75 are
1665 1501 48 75 -22
1739 1501 118 75 fpecies
1882 1501 41 75 of
1941 1501 102 75 arum,
2069 1501 78 75 only
2173 1501 61 75 one
2259 1501 41 75 of

1309 1548 118 75 which,
1454 1548 69 75 viz.
1549 1548 284 75 the.maculatum,
1859 1548 37 75 or
1914 1548 219 75 water-robin,
2159 1548 26 75 is
2202 1548 19 75 a
2236 1548 57 75 na-

1309 1595 65 75 tive
1402 1595 41 75 of
1462 1595 138 75 Britain.
1647 1595 78 75 The
1753 1595 73 75 root
1852 1595 40 75 of
1915 1595 57 75 the
1999 1595 194 75 maculatum
2220 1595 26 75 is
2275 1595 19 75 a

1308 1641 156 75 powerful
1481 1641 159 75 flimulant
1653 1641 63 75 and
1731 1641 180 75 attenuant.

1261 1690 246 75 ARUNCUS,
1532 1690 32 75 in
1581 1690 133 75 bqt*any,
1739 1690 55 75 the
1806 1690 107 75 trivial
1926 1690 90 75 name
2029 1690 40 75 of
2089 1690 19 75 a
2123 1690 118 75 fpecies
2257 1690 42 75 of

1307 1735 121 75 fpinea.
1479 1735 243 75 SeeSpiRjEA.

1259 1784 255 75 ARUNDEL.,
1540 1784 18 75 a
1574 1784 86 75 town
1678 1784 41 75 of
1739 1784 126 75 Suffex,
1892 1784 131 75 fituated
2047 1784 42 75 on
2114 1784 19 75 a
2156 1784 84 75 river
2256 1784 41 75 of

1308 1829 54 75 the
1378 1829 85 75 fame
1479 1829 104 75 name,
1608 1829 33 75 in
1663 1829 56 75 3</
1734 1829 62 75 W.
1813 1829 89 75 long,
1927 1829 63 75 and
2009 1829 66 75 50°
2095 1829 56 75 4.5'
2166 1829 48 75 N.
2232 1829 59 75 lat.

1306 1874 33 75 It
1356 1874 87 75 gives
1464 1874 58 75 the
1544 1874 72 75 title
1633 1874 41 75 of
1691 1874 65 75 earl
1781 1874 36 75 to
1842 1874 56 75 the
1922 1874 95 75 noble
2041 1874 113 75 family
2177 1874 40 75 of
2236 1874 59 75 the

1307 1923 175 75 Howards,
1508 1923 62 75 and
1587 1923 92 75 fends
1694 1923 67 75 two
1777 1923 158 75 members
1952 1923 35 75 to
2003 1923 201 75 parliament.

1258 1970 225 75 ARUNDO,
1509 1970 30 75 in
1558 1970 131 75 botany,
1715 1970 18 75 a
1749 1970 99 75 genus
1865 1970 41 75 of
1923 1970 55 75 the
1994 1970 153 75 triandria
2162 1970 130 75 digynia

1307 2014 91 75 clafs.
1445 2014 78 75 The
1540 2014 86 75 calix
1642 2014 124 75 confifts
1783 2014 41 75 of
1842 2014 67 75 two
1924 2014 120 75 valves,
2070 2014 62 75 and
2148 2014 55 75 the
2218 2014 73 75 flof-

1307 2062 85 75 cules
1410 2062 53 75 are
1478 2062 90 75 thick
1584 2062 63 75 and
1668 2062 131 75 downy.
1846 2062 116 75 There
1977 2062 54 75 are
2052 2062 47 75 fix
2114 2062 119 75 fpecies
2256 2062 40 75 of

1308 2109 134 75 arundo,
1468 2109 73 75 four
1565 2109 39 75 of
1626 2109 104 75 which
1759 2109 53 75 are
1840 2109 122 75 natives
1990 2109 41 75 of
2048 2109 139 75 Britain,
2219 2109 70 75 viz.

1308 2156 55 75 the
1380 2156 200 75 phragmitis,
1606 2156 37 75 or
1659 2156 146 75 common
1821 2156 181 75 red-grafs;
2029 2156 55 75 the
2096 2156 195 75 calamogre-

1308 2203 63 75 /tis,
1405 2203 38 75 or
1468 2203 163 75 branched
1656 2203 57 75 red
1729 2203 109 75 grafs;
1870 2203 56 75 the
1950 2203 154 75 epigejos,
2136 2203 38 75 or
2200 2203 90 75 fmall

1306 2250 182 75 red-grafs;
1514 2250 64 75 and
1594 2250 56 75 the
1666 2250 155 75 arenaria,
1846 2250 38 75 or
1899 2250 52 75 fea
1967 2250 172 75 red-grafs.

1258 2298 280 75 ARUSPICES,
1557 2298 38 75 or
1611 2298 262 75 Haruspices,
1891 2298 39 75 an
1946 2298 95 75 order
2058 2298 40 75 of
2108 2298 183 75 prieflhood

1307 2343 115 75 among
1438 2343 55 75 fhe
1509 2343 156 75 Romans,
1691 2343 74 75 that
1784 2343 175 75 pretended
1981 2343 37 75 to
2040 2343 117 75 foretel
2180 2343 110 75 future

1308 2390 109 75 events
1434 2390 44 75 by
1494 2390 169 75 infpeding
1675 2390 56 75 the
1747 2390 130 75 entrails
1895 2390 39 75 of
1945 2390 123 75 vi6tims
2081 2390 100 75 killed
2196 2390 31 75 in
2240 2390 48 75 fa-

1306 2437 126 75 crifice;
1459 2437 78 75 they
1555 2437 82 75 were
1654 2437 66 75 alfo
1735 2437 163 75 confulted
1924 2437 41 75 on
1989 2437 144 75 occafion
2156 2437 39 75 of
2214 2437 74 75 por-

1304 2484 85 75 tents
1407 2484 60 75 and
1484 2484 172 75 prodigies.

1259 2530 378 75 ARYTA1NOIDES,
1664 2530 32 75 in
1709 2530 161 75 anatomy,
1897 2530 56 75 the
1969 2530 91 75 name
2077 2530 41 75 of
2136 2530 66 75 two
2219 2530 68 75 car-

1303 2577 113 75 tilages
1444 2577 119 75 which,
1596 2577 150 75 together
1775 2577 77 75 with
1881 2577 123 75 others,
2028 2577 180 75 ^conftitute
2232 2577 56 75 the

1302 2623 83 75 head
1401 2623 41 75 of
1453 2623 56 75 the
1521 2623 130 75 larynx.
1700 2623 32 75 It
1744 2623 27 75 is
1787 2623 65 75 -alfo
1868 2623 126 75 applied
2010 2623 34 75 to
2056 2623 85 75 fome
2153 2623 135 75 muftles

1304 2670 39 75 of
1362 2670 55 75 the
1434 2670 128 75 larynx.
1613 2670 61 75 See
1691 2670 32 75 p.
1745 2670 79 75 300.

1255 2718 415 75 ARYTiENOIDEUS,
1695 2718 33 75 in
1745 2718 162 75 anatomy,
1933 2718 61 75 one
2019 2718 40 75 of
2077 2718 55 75 the
2153 2718 133 75 mufcles

1302 2764 70 75 that
1388 2764 83 75 dole
1487 2764 56 75 the
1560 2764 130 75 larynx.
1740 2764 117 75 Seep.,
1868 2764 81 75 301.

1256 2811 287 75 ARYTHMUS,
1568 2811 32 75 in
1618 2811 167 75 medicine,
1810 2811 55 75 the
1883 2811 83 75 want
1984 2811 40 75 of
2035 2811 18 75 a
2065 2811 63 75 ju/1
2140 2811 144 75 modula-

1303 2858 67 75 tion
1386 2858 32 75 in
1435 2858 56 75 the
1503 2858 99 75 pulfe.
1651 2858 31 75 It
1698 2858 27 75 is
1741 2858 138 75 oppofed
1898 2858 33 75 to
1948 2858 199 75 eurythmus,
2165 2858 18 75 a
2198 2858 88 75 pulfe

1307 2905 187 75 modulated
1508 2905 171 75 agreeably
1694 2905 35 75 to
1744 2905 126 75 nature.

1255 2951 228 75 ARZILLA,
1509 2951 19 75 a
1543 2951 139 75 fea-port
1699 2951 87 75 town
1803 2951 41 75 of
1854 2951 55 75 the
1925 2951 120 75 empire
2061 2951 39 75 of
2111 2951 172 75 Morocco,

1302 2998 132 75 lituated
1452 2998 97 75 about
1579 2998 38 75 15
1640 2998 90 75 miles
1755 2998 93 75 fouth
1874 2998 40 75 of
1932 2998 158 75 Tangier,
2114 2998 33 75 in
2165 2998 18 75 5
2183 2980 24 49 0
2227 2998 45 75 40

1302 3046 61 75 W.
1381 3046 88 75 long,
1495 3046 62 75 and
1576 3046 40 75 35
1616 3028 27 49 0
1662 3046 56 75 4c/
1733 3046 48 75 N.
1799 3046 57 75 lat.

2210 3088 71 75 AS,
