2491 3327
542 132 41 75 A
661 132 41 75 G
780 132 37 75 R
893 132 19 75 I
991 132 37 75 C
1104 132 47 75 U

109 197 79 75 The
204 197 94 75 outer
321 197 72 75 coat
420 197 27 75 is
472 197 182 75 extremely
675 197 83 75 thin,
784 197 62 75 and
871 197 58 75 full
959 197 40 75 of
1020 197 93 75 pores
1128 197 10 75 ;

112 243 58 75 but
190 243 73 75 may
286 243 39 75 be
350 243 95 75 eafily
460 243 164 75 feparated
640 243 83 75 from
741 243 55 75 the
811 243 92 75 inner
918 243 72 75 one,
1018 243 122 75 (which

113 290 25 75 is
157 290 94 75 much
272 290 155 75 thicker),
453 290 83 75 after
551 290 56 75 the
623 290 81 75 bean
720 290 56 75 has
794 290 79 75 been
890 290 120 75 boiled,
1028 290 38 75 or
1076 290 64 75 lain

99 337 7 75 •
113 337 19 75 a
148 337 64 75 few
227 337 80 75 days
334 337 34 75 in
391 337 56 75 the
463 337 70 75 foil.
583 337 49 75 At
649 337 56 75 the
721 337 90 75 thick
827 337 63 75 end
906 337 40 75 of
967 337 56 75 the
1046 337 93 75 bean,

112 383 91 75 there
214 383 27 75 is
255 383 18 75 a
284 383 89 75 fmall
385 383 75 75 hole
475 383 108 75 vilible
594 383 36 75 to
641 383 56 75 the
713 383 104 75 naked
835 383 71 75 eye,
923 383 218 75 immediately

113 429 76 75 over
212 429 56 75 the
287 429 120 75 radicle
432 429 37 75 or
485 429 112 75 future
613 429 85 75 root,
722 429 72 75 that
810 429 25 75 it
851 429 74 75 may
941 429 81 75 have
1038 429 20 75 a
1072 429 70 75 free

113 476 122 75 paffage
252 476 68 75 into
340 476 55 75 the
412 476 70 75 foil.
532 476 92 75 Plate
647 476 63 75 IV.
728 476 55 75 fig.
807 476 30 75 i.
855 476 46 75 A.
926 476 111 75 When
1053 476 88 75 thefe

112 522 89 75 coats
224 522 54 75 are
293 522 97 75 taken
406 522 60 75 off,
491 522 55 75 the
567 522 87 75 body
666 522 41 75 of
712 522 55 75 the
784 522 74 75 feed
875 522 142 75 appears,
1034 522 107 75 which

112 569 27 75 is
166 569 133 75 divided
325 569 71 75 into
426 569 67 75 two
519 569 128 75 fmooth
671 569 145 75 portions
841 569 38 75 or
903 569 102 75 lobes.
1063 569 78 75 The

113 616 195 75 fmoothnefs
326 616 39 75 of
380 616 56 75 tire
451 616 88 75 lobes
556 616 27 75 is
600 616 106 75 owing
721 616 35 75 to
772 616 20 75 a
807 616 78 75 thin'
885 616 75 75 film
976 616 38 75 or
1025 616 116 75 cuticle

112 661 81 75 with
209 661 106 75 which
331 661 78 75 they
425 661 54 75 are
496 661 149 75 covered.

160 708 49 75 At
225 708 56 75 the
298 708 79 75 bafrs
390 708 39 75 of
451 708 54 75 the
518 708 79 75 bean
614 708 26 75 is
653 708 113 75 placed
781 708 56 75 the
849 708 120 75 radicle
981 708 38 75 or
1034 708 108 75 future

114 754 85 75 root,
225 754 92 75 Plate
334 754 63 75 IV.
422 754 56 75 fig.
498 754 35 75 3.
557 754 47 75 A.
652 754 78 75 The
758 754 97 75 trunk
877 754 41 75 of
935 754 55 75 the
1007 754 132 75 radicle,

111 801 64 75 juft
192 801 33 75 as
242 801 27 75 it
285 801 105 75 enters
406 801 69 75 into
498 801 55 75 the
570 801 87 75 body
672 801 40 75 of
730 801 57 75 the
810 801 85 75 feed,
921 801 123 75 divides
1072 801 69 75 into

113 847 66 75 two
194 847 116 75 capital
330 847 166 75 branches,
522 847 60 75 one
597 847 41 75 of
649 847 104 75 which
770 847 27 75 is
820 847 139 75 inferred
977 847 69 75 into
1061 847 80 75 each

113 893 88 75 lobe,
226 893 62 75 and
303 893 92 75 fends
412 893 51 75 off
474 893 126 75 fmaller
617 893 76 75 ones
708 893 34 75 in
757 893 44 75 all
818 893 169 75 direftions
999 893 142 75 through

114 940 56 75 the
188 940 105 75 whole
303 940 160 75 fubftance
479 940 41 75 of
529 940 56 75 the
597 940 102 75 lobes,
723 940 93 75 Plate
835 940 63 75 IV.
917 940 55 75 fig.
990 940 32 75 7.
1047 940 35 75 A
1093 940 46 75 A.

112 986 110 75 Thefe
239 986 222 75 ramifications
478 986 132 75 become
626 986 34 75 fo
671 986 180 75 extremely
862 986 124 75 minute
999 986 143 75 towards

113 1032 57 75 the
186 1032 96 75 edges
305 1032 41 75 of
357 1032 55 75 the
428 1032 102 75 lobes,
556 1032 71 75 that
643 1032 78 75 they
741 1032 128 75 require
885 1032 56 75 the
956 1032 88 75 fineft
1060 1032 82 75 glaf-

117 1079 47 75 fes
182 1079 34 75 to
232 1079 115 75 render
363 1079 89 75 them
467 1079 121 75 vifible.
620 1079 57 75 To
694 1079 87 75 thefe
797 1079 224 75 ramifications
1039 1079 104 75 Grew

115 1125 64 75 and
198 1125 200 75 Malpighius
422 1125 80 75 have
516 1125 99 75 given
632 1125 56 75 the
707 1125 92 75 name
824 1125 42 75 of
875 1125 149 75 feminal
1045 1125 95 75 root;

114 1171 144 75 becaufe,
285 1171 42 75 by
350 1171 108 75 means
480 1171 41 75 of
535 1171 38 75 it,
600 1171 54 75 the
671 1171 119 75 radicle
806 1171 64 75 and
886 1171 118 75 plume,
1029 1171 113 75 before

114 1218 79 75 they
210 1218 54 75 are
287 1218 180 75 expanded,
492 1218 109 75 derive
620 1218 85 75 their
721 1218 154 75 principal
891 1218 227 75 nouriftiment.

160 1264 77 75 The
259 1264 118 75 plume,
401 1264 79 75 bud,
505 1264 38 75 or
569 1264 101 75 germ,
695 1264 93 75 Plate
810 1264 64 75 IV.
897 1264 58 75 fig.
980 1264 32 75 3.
1038 1264 26 75 is
1093 1264 48 75 in-

116 1310 107 75 clofed
239 1310 31 75 in
287 1310 66 75 two
368 1310 89 75 fmall
473 1310 245 75 correfponding
742 1310 130 75 cavities
894 1310 34 75 in
952 1310 79 75 each
1050 1310 89 75 lobe.

116 1357 48 75 Its
181 1357 111 75 colour
309 1357 64 75 and
389 1357 184 75 confiftence
590 1357 26 75 is
633 1357 95 75 much
751 1357 57 75 the
835 1357 83 75 fame
945 1357 79 75 with
1053 1357 89 75 thofe

116 1404 40 75 of
174 1404 56 75 the
253 1404 131 75 radicle,
410 1404 40 75 of
467 1404 105 75 which
590 1404 26 75 it
636 1404 28 75 is
682 1404 78 75 only
783 1404 20 75 a
822 1404 236 75 continuation;
1085 1404 59 75 but

115 1450 119 75 having
258 1450 20 75 a
305 1450 89 75 quite
411 1450 150 75 contrary
576 1450 173 75 direction:
777 1450 66 75 For
864 1450 56 75 the
944 1450 118 75 radicle
1086 1450 57 75 de-

115 1496 111 75 fcends
250 1496 68 75 into
334 1496 57 75 the
408 1496 103 75 earth,
536 1496 64 75 and
619 1496 140 75 divides.
766 1496 68 75 into
857 1496 20 75 a
900 1496 92 75 great
1009 1496 135 75 number

116 1542 40 75 of
175 1542 125 75 fmaller
316 1542 155 75 branches
487 1542 38 75 or
540 1542 157 75 filaments
711 1542 9 75 ;
747 1542 59 75 but
821 1542 55 75 the
891 1542 107 75 plume
1014 1542 129 75 alcends

116 1588 69 75 into
201 1588 55 75 the
269 1588 80 75 open
365 1588 59 75 air,
448 1588 63 75 and
526 1588 128 75 unfolds
671 1588 91 75 itfelf
771 1588 68 75 into
856 1588 42 75 all
915 1588 56 75 the
987 1588 157 75 beautiful

117 1635 122 75 variety
247 1635 40 75 of
293 1635 88 75 ftem,
394 1635 167 75 branches,
573 1635 119 75 leaves,
705 1635 138 75 flowers,
855 1635 91 75 fruit,
961 1635 64 75 6'c.
1067 1635 77 75 The

116 1681 108 75 plume
239 1681 33 75 in
288 1681 78 75 com
381 1681 105 75 ftioots
501 1681 86 75 from
603 1681 55 75 the
673 1681 126 75 fmaller
819 1681 64 75 end
906 1681 41 75 of
967 1681 57 75 the
1039 1681 103 75 grain,

118 1726 73 75 and,
217 1726 115 75 among
347 1726 168 75 maltfters,
541 1726 74 75 goes
640 1726 44 75 by
700 1726 57 75 the
776 1726 92 75 name
884 1726 41 75 of
934 1726 175 75 acrofpire.

163 1772 78 75 The
259 1772 79 75 next
355 1772 90 75 thing
461 1772 35 75 to
513 1772 39 75 be
571 1772 95 75 taken
682 1772 105 75 notice
803 1772 41 75 of
854 1772 26 75 is
897 1772 55 75 the
968 1772 172 75 fubftance,

117 1819 39 75 or
166 1819 283 75 parenchymatous
459 1819 70 75 part
544 1819 42 75 of
596 1819 55 75 the
666 1819 104 75 lobes.
801 1819 86 75 This
902 1819 27 75 is
946 1819 57 75 not
1020 1819 19 75 a
1056 1819 85 75 mere

118 1864 169 75 concreted
298 1864 100 75 juice,
423 1864 58 75 but
504 1864 26 75 is
555 1864 157 75 curioufly
730 1864 177 75 organifed,
932 1864 63 75 and
1014 1864 125 75 confifts

115 1911 41 75 of
162 1911 19 75 a
191 1911 65 75 vaft
270 1911 132 75 number
418 1911 40 75 of
469 1911 89 75 fmall
569 1911 149 75 bladders
735 1911 187 75 refembling
932 1911 90 75 thofe
1039 1911 32 75 in
1083 1911 55 75 the

114 1956 70 75 pith
201 1956 40 75 of
252 1956 96 75 trees,
373 1956 93 75 Plate
482 1956 64 75 IV.
571 1956 56 75 fig.
646 1956 33 75 4.

161 2004 126 75 Befides
304 2004 56 75 the
376 2004 101 75 coats,
503 2004 128 75 cuticle,
655 2004 65 75 and
736 2004 285 75 parenchymatous
1038 2004 99 75 parts,

112 2049 92 75 there
219 2049 28 75 is
265 2049 19 75 a
298 2049 159 75 fubftance
474 2049 155 75 perfectly
640 2049 124 75 diftihft
772 2049 85 75 from
872 2049 100 75 thefe,
989 2049 147 75 diftribu-

114 2095 54 75 ted
184 2095 33 75 in
233 2095 152 75 different
406 2095 204 75 proportions
635 2095 140 75 through
791 2095 56 75 the
863 2095 131 75 radicle,
1019 2095 119 75 plume,

113 2142 63 75 and
185 2142 103 75 lobes.
336 2142 86 75 This
439 2142 91 75 inner
545 2142 159 75 fubftance
722 2142 129 75 appears
871 2142 79 75 very
967 2142 121 75 plainly
1107 2142 33 75 in

113 2189 20 75 a
149 2189 173 75 tranfverfe
338 2189 116 75 feftion
470 2189 42 75 of
531 2189 56 75 the
604 2189 120 75 radicle
741 2189 37 75 or
794 2189 120 75 plume.
977 2189 161 75 Towards

113 2234 55 75 the
183 2234 175 75 extremity
374 2234 41 75 of
426 2234 56 75 the
499 2234 130 75 radicle,
655 2234 26 75 it
697 2234 26 75 is
741 2234 61 75 one
819 2234 101 75 entire
936 2234 97 75 trunk
1045 2234 10 75 ;
1082 2234 58 75 but

113 2281 114 75 higher
241 2281 55 75 up,
322 2281 26 75 it
370 2281 121 75 divides
519 2281 69 75 into
617 2281 90 75 three
734 2281 179 75 branches.;
940 2281 55 75 the
1018 2281 121 75 middle

111 2327 60 75 one
188 2327 73 75 runs
273 2327 134 75 direcftly
423 2327 41 75 up
481 2327 36 75 to
531 2327 56 75 the
601 2327 120 75 plume,
746 2327 64 75 and
821 2327 55 75 the
887 2327 95 75 other
993 2327 65 75 two
1067 2327 72 75 pafs

111 2374 68 75 into
196 2374 55 75 the
267 2374 90 75 lobes
373 2374 42 75 on
431 2374 78 75 each
525 2374 75 75 fide,
614 2374 75 75 .and
704 2374 112 75 fpread
832 2374 57 75 out
911 2374 68 75 into
1006 2374 19 75 a
1048 2374 92 75 great

111 2421 124 75 variety
250 2421 41 75 of
300 2421 92 75 fmall
407 2421 155 75 branches
574 2421 146 75 through
738 2421 56 75 the
809 2421 105 75 whole
929 2421 88 75 body
1033 2421 40 75 of
1083 2421 57 75 the

111 2466 103 75 lobes,
232 2466 101 75 .Plate
355 2466 64 75 IV.
445 2466 56 75 fig.
518 2466 32 75 7.
598 2466 87 75 This
700 2466 159 75 fubftance
872 2466 27 75 is
915 2466 78 75 very
1008 2466 131 75 proper-

112 2513 35 75 ly
163 2513 124 75 termed
305 2513 55 75 the
367 2513 148 75 feminal
530 2513 89 75 root:
645 2513 52 75 for
713 2513 92 75 when
827 2513 56 75 the
899 2513 74 75 feed
988 2513 27 75 is
1039 2513 99 75 fown,

111 2560 56 75 the
179 2560 147 75 moifture
337 2560 28 75 is
376 2560 66 75 firft
454 2560 154 75 abforbed
622 2560 41 75 by
675 2560 56 75 the
742 2560 93 75 outer
847 2560 101 75 coats,
965 2560 106 75 which
1084 2560 55 75 are

111 2607 97 75 every
233 2607 107 75 where
363 2607 162 75 furniflied
549 2607 79 75 with
652 2607 53 75 fap
731 2607 63 75 and
821 2607 195 75 air-veffels;
1053 2607 85 75 from

111 2652 89 75 thefe
216 2652 26 75 it
259 2652 26 75 is
302 2652 164 75 conveyed
488 2652 35 75 to
546 2652 56 75 the
625 2652 137 75 cuticle;
774 2652 8 75 ’
796 2652 84 75 from
903 2652 56 75 the
979 2652 116 75 cuticle
1112 2652 26 75 it

112 2698 152 75 proceeds
278 2698 34 75 to
328 2698 56 75 the
401 2698 98 75 pulpy
515 2698 71 75 part
603 2698 40 75 of
657 2698 55 75 the
720 2698 93 75 lobes
825 2698 10 75 ;
862 2698 92 75 when
970 2698 26 75 it
1008 2698 56 75 has
1081 2698 58 75 got

112 2744 75 75 thus
215 2744 62 75 far,
302 2744 26 75 it
355 2744 28 75 is
411 2744 95 75 taken
534 2744 42 75 up
604 2744 44 75 by
669 2744 56 75 the
750 2744 127 75 mouths
904 2744 40 75 of
965 2744 56 75 the
1048 2744 90 75 fmall

113 2790 153 75 branches
282 2790 40 75 of
333 2790 56 75 the
409 2790 128 75 feminal
555 2790 84 75 root,
664 2790 62 75 and
738 2790 99 75 paffes
850 2790 85 75 from
947 2790 60 75 one
1018 2790 121 75 branch

115 2836 67 75 into
198 2836 147 75 another,
371 2836 50 75 till
437 2836 26 75 it
480 2836 26 75 is
528 2836 41 75 all
594 2836 155 75 collefteft
765 2836 68 75 into
853 2836 55 75 the
925 2836 85 75 main
1026 2836 113 75 trunk,

114 2882 104 75 which
235 2882 247 75 communicates
500 2882 79 75 both
596 2882 79 75 with
703 2882 57 75 the
783 2882 107 75 plume
917 2882 63 75 and
1004 2882 132 75 radicle,

112 2930 56 75 the
186 2930 65 75 two
267 2930 152 75 principal
447 2930 148 75 involved
623 2930 115 75 organs
764 2930 41 75 of
819 2930 57 75 the
898 2930 108 75 future
1033 2930 103 75 plant.

113 2975 100 75 After
229 2975 62 75 this
309 2975 54 75 the
375 2975 65 75 fap,
466 2975 39 75 or
519 2975 166 75 vegetable
701 2975 93 75 food,
818 2975 75 75 runs
909 2975 33 75 in
953 2975 66 75 two
1036 2975 101 75 oppo-

161 3024 143 75 Vol.I.
329 3024 71 75 No.
400 3056 37 49 2
437 3024 16 75 .

1228 132 36 75 L
1340 132 39 75 T
1457 132 45 75 U
1579 132 37 75 R
1693 132 46 75 E.

2019 132 13 75 ,

2162 132 50 75 41

1191 199 55 75 fite
1255 199 173 75 diredtions
1440 199 10 75 ;
1469 199 73 75 part
1553 199 41 75 of
1605 199 25 75 it
1642 199 127 75 afcends
1782 199 68 75 into
1862 199 54 75 the
1933 199 119 75 plume,
2070 199 62 75 and
2143 199 74 75 pro-

1192 244 102 75 motes
1307 244 55 75 the
1374 244 127 75 growth
1518 244 62 75 and
1596 244 170 75 expanfion
1784 244 40 75 of
1835 244 72 75 that
1923 244 98 75 organ
2033 244 10 75 ;
2067 244 63 75 and
2146 244 73 75 part

1191 291 42 75 of
1242 291 26 75 it
1273 291 162 75 Jefcends
1453 291 69 75 into
1539 291 55 75 the
1611 291 132 75 radicle,
1769 291 53 75 for
1853 291 182 75 nourifhing
2051 291 63 75 and
2129 291 89 75 evol-

1192 337 74 75 ving
1283 337 55 75 the
1354 337 74 75 root
1445 337 62 75 and
1518 337 42 75 its
1576 337 126 75 various
1713 337 175 75 filaments.
1928 337 95 75 Thus
2041 337 54 75 the
2111 337 108 75 plume

1193 384 62 75 and
1271 384 118 75 radicle
1405 384 149 75 continue
1571 384 84 75 their
1666 384 147 75 progrefs
1829 384 32 75 in
1878 384 140 75 oppofite
2034 384 184 75 directions,

1193 430 49 75 till
1260 430 55 75 the
1332 430 87 75 plant
1437 430 118 75 arrives
1572 430 33 75 at
1621 430 166 75 maturity.

1239 476 31 75 It
1287 476 25 75 is
1329 476 77 75 here
1422 476 107 75 worth
1547 476 191 75 remarking,
1764 476 71 75 that
1851 476 97 75 every
1963 476 88 75 plant
2068 476 26 75 is
2119 476 102 75 really

1190 524 149 75 pofleffed
1349 524 41 75 of
1401 524 66 75 two
1482 524 104 75 roots,
1603 524 80 75 both
1696 524 40 75 of
1747 524 106 75 which
1866 524 53 75 are
1937 524 169 75 contained
2117 524 32 75 in
2162 524 55 75 the

1190 569 85 75 feed.
1338 569 78 75 The
1441 569 105 75 plume
1563 569 63 75 and
1653 569 131 75 radicle,
1809 569 93 75 when
1928 569 56 75 the
2006 569 74 75 feed
2102 569 27 75 is
2154 569 65 75 firft

1193 616 161 75 depofited
1369 616 32 75 in
1418 616 55 75 the
1489 616 103 75 earth,
1610 616 107 75 derive
1729 616 84 75 their
1829 616 214 75 nouriftiment
2059 616 85 75 from
2163 616 57 75 the

1192 662 128 75 feminal
1334 662 91 75 root:
1445 662 70 75 but,
1530 662 203 75 afterwards,
1750 662 93 75 when
1855 662 55 75 the
1928 662 117 75 radicle
2057 662 111 75 begins
2183 662 36 75 to

1191 708 90 75 ftioot
1297 708 58 75 out
1371 708 41 75 its
1429 708 170 75 filaments,
1617 708 63 75 and
1695 708 35 75 to
1746 708 114 75 abforb
1871 708 85 75 fome
1968 708 162 75 moifture,
2147 708 70 75 not,

1190 755 163 75 however,
1369 755 34 75 in
1420 755 18 75 a
1452 755 155 75 fufficient
1620 755 151 75 quantity
1787 755 34 75 to
1836 755 114 75 fupply
1965 755 56 75 the
2037 755 182 75 exigencies

1192 802 40 75 of
1245 802 54 75 the
1323 802 120 75 plume,
1468 802 56 75 the
1540 802 66 75 two
1622 802 103 75 lobes,
1751 802 37 75 or
1805 802 84 75 main
1906 802 87 75 body
2008 802 41 75 of
2061 802 55 75 the
2132 802 86 75 feed,

1192 848 58 75 rife
1267 848 95 75 along
1378 848 80 75 with
1474 848 55 75 the
1544 848 119 75 plume,
1689 848 116 75 aflume
1822 848 55 75 the
1895 848 193 75 appearance
2100 848 40 75 of
2151 848 68 75 two

1190 894 117 75 leaves,
1341 894 188 75 refembling
1553 894 55 75 the
1640 894 89 75 lobes
1757 894 41 75 of
1824 894 55 75 the
1911 894 76 75 leed
2011 894 35 75 in
2069 894 64 75 fize
2157 894 63 75 and

1192 941 104 75 ftiape,
1322 941 57 75 but
1396 941 116 75 having
1529 941 41 75 no
1589 941 210 75 refemblance
1815 941 34 75 to
1867 941 89 75 thofe
1972 941 41 75 of
2027 941 55 75 the
2098 941 120 75 plume,

1192 987 51 75 for
1258 987 106 75 which
1382 987 109 75 reafon
1507 987 78 75 they
1601 987 82 75 have
1707 987 58 75 got
1793 987 55 75 the
1875 987 92 75 name
1993 987 40 75 of
2053 987 167 75 dijjimilar

1189 1035 94 75 leave'
1283 1035 26 75 s.

1237 1080 117 75 Thefe,
1361 1080 162 75 diflimilar
1545 1080 105 75 leaves
1675 1080 120 75 defend
1813 1080 56 75 the
1885 1080 110 75 young
2011 1080 106 75 plume
2133 1080 87 75 from

1191 1128 54 75 the
1261 1128 131 75 injuries
1416 1128 40 75 of
1476 1128 55 75 the
1555 1128 153 75 weather,
1734 1128 63 75 and
1820 1128 33 75 at
1877 1128 56 75 the
1961 1128 83 75 fame
2061 1128 90 75 time,
2176 1128 45 75 by

1191 1174 168 75 abforbing
1374 1174 84 75 dew,
1484 1174 59 75 air,
1569 1174 66 75 <bc.
1659 1174 77 75 aflift
1752 1174 56 75 the
1824 1174 114 75 tender
1954 1174 118 75 radicle
2088 1174 33 75 in
2138 1174 81 75 nou-

1191 1219 117 75 riftiing
1323 1219 56 75 the
1395 1219 119 75 plume,
1540 1219 79 75 with
1637 1219 104 75 which
1765 1219 78 75 they
1866 1219 83 75 have
1964 1219 62 75 ftill
2049 1219 20 75 a
2084 1219 135 75 connec-

1191 1266 68 75 tion
1275 1266 44 75 by
1336 1266 107 75 means
1460 1266 40 75 of
1513 1266 54 75 the
1584 1266 128 75 feminal
1730 1266 73 75 root
1819 1266 100 75 above
1934 1266 178 75 defcribed.
2136 1266 82 75 But,

1191 1313 93 75 when
1301 1313 56 75 the
1374 1313 118 75 radicle
1507 1313 39 75 or
1568 1313 116 75 fecond
1712 1313 72 75 root
1807 1313 57 75 has
1889 1313 177 75 defcended
2088 1313 81 75 deep
2185 1313 34 75 e-

1191 1359 107 75 nough
1315 1359 68 75 into
1399 1359 57 75 the
1469 1359 107 75 earth,
1602 1359 63 75 and
1680 1359 56 75 has
1754 1359 153 75 acquired
1923 1359 19 75 a
1957 1359 154 75 fufficient
2127 1359 91 75 num-

1191 1405 57 75 ber
1264 1405 40 75 of
1316 1405 157 75 filaments
1491 1405 38 75 or
1552 1405 155 75 branches
1726 1405 53 75 for
1804 1405 168 75 abforbing
1996 1405 32 75 as
2045 1405 97 75 much
2158 1405 60 75 ali-

1192 1451 88 75 ment
1296 1451 33 75 as
1346 1451 26 75 is
1390 1451 115 75 proper
1521 1451 52 75 for
1588 1451 57 75 the
1660 1451 127 75 growth
1804 1451 40 75 of
1855 1451 56 75 the
1927 1451 127 75 plume;
2073 1451 77 75 then
2163 1451 57 75 the

1191 1497 142 75 feminal,
1358 1497 38 75 or
1411 1497 159 75 diflimilar
1586 1497 116 75 leaves,
1727 1497 86 75 their
1836 1497 110 75 utility
1970 1497 96 75 being
2081 1497 139 75 entirely

1192 1544 199 75 fuperfeded,
1416 1544 95 75 begin
1528 1544 36 75 to
1580 1544 101 75 decay
1698 1544 64 75 and
1779 1544 60 75 fall
1858 1544 60 75 off.

1193 1640 129 75 Plate
1342 1640 64 75 IV.
1457 1640 72 75 Fig.
1540 1640 41 75 j.
1605 1640 47 75 A,
1678 1640 77 75 The
1778 1640 157 75 foramen,
1960 1640 38 75 or
2021 1640 75 75 hole
2112 1640 32 75 in
2162 1640 57 75 the

1661 1686 80 75 bean
1757 1686 142 75 through
1910 1686 106 75 which
2027 1686 56 75 the
2098 1686 122 75 radicle

1661 1733 104 75 ftioots
1783 1733 68 75 into
1868 1733 55 75 the
1938 1733 72 75 foil.

1449 1781 73 75 Fig.
1542 1781 33 75 2.
1601 1781 34 75 A
1657 1781 173 75 tranfverfe
1847 1781 116 75 fedlion
1979 1781 40 75 of
2038 1781 57 75 the
2111 1781 80 75 bean
2206 1781 12 75 ;

1661 1826 56 75 the
1740 1826 93 75 dotes
1859 1826 95 75 being
1976 1826 57 75 the
2060 1826 157 75 branches

1660 1874 40 75 of
1711 1874 56 75 the
1782 1874 130 75 feminal
1929 1874 87 75 root.

1449 1919 71 75 Fig.
1541 1919 33 75 3.
1599 1919 46 75 A,
1669 1919 78 75 The
1763 1919 131 75 radicle.

1600 1965 41 75 B,
1665 1965 77 75 The
1758 1965 106 75 plume
1880 1965 38 75 or
1933 1965 78 75 bud.

1450 2012 72 75 Fig.
1540 2012 35 75 4.
1599 2012 48 75 A,
1671 2012 35 75 A
1721 2012 212 75 longitudinal
1950 2012 115 75 fe&ion
2092 2012 41 75 of
2156 2012 61 75 on,e

1660 2058 39 75 of
1710 2058 56 75 the
1794 2058 90 75 lobes
1901 2058 40 75 of
1952 2058 56 75 the
2031 2058 80 75 bean
2127 2058 20 75 a
2161 2058 55 75 lit-

1659 2104 45 75 tle
1717 2104 181 75 magnified,
1916 2104 35 75 to
1962 2104 85 75 ffiow
2057 2104 57 75 the
2126 2104 90 75 final!

1660 2153 148 75 bladders
1832 2153 40 75 of
1906 2153 107 75 which
2037 2153 56 75 the
2117 2153 99 75 pulpy

1660 2199 38 75 or
1708 2199 369 75 parenchymatous.part
2087 2199 28 75 is
2127 2199 88 75 com-

1658 2246 107 75 pofed.

1446 2291 74 75 Fig.
1541 2291 32 75 5,
1593 2291 36 75 6.
1654 2291 46 75 A,
1727 2291 32 75 A
1779 2291 173 75 tranfverfe
1965 2291 120 75 feclion
2107 2291 40 75 of
2159 2291 57 75 the

1667 2338 131 75 radicle.

1611 2384 43 75 B,
1680 2384 33 75 A
1743 2384 175 75 tranfverfe
1948 2384 117 75 fe&ion
2092 2384 40 75 of
2158 2384 60 75 the

1658 2430 118 75 plume,
1800 2430 141 75 ffiowing
1964 2430 55 75 the
2040 2430 115 75 organs
2177 2430 39 75 or

1660 2477 109 75 veffels
1786 2477 41 75 of
1841 2477 55 75 the
1912 2477 128 75 feminal
2057 2477 86 75 root.

1447 2521 72 75 Fig.
1540 2521 33 75 7.
1598 2521 46 75 A,
1681 2521 34 75 A
1742 2521 82 75 view
1851 2521 41 75 of
1920 2521 56 75 the
1992 2521 130 75 feminal
2140 2521 74 75 root

1664 2571 161 75 branched
1848 2571 57 75 out
1927 2571 85 75 upon
2030 2571 55 75 the
2102 2571 109 75 lobes.

1447 2615 72 75 Fig.
1537 2615 35 75 8.
1605 2615 78 75 The
1711 2615 192 75 appearance
1935 2615 40 75 of
1997 2615 56 75 the
2081 2615 131 75 radicle,

1657 2663 119 75 plume,
1793 2663 63 75 and
1871 2663 129 75 feminal
2016 2663 85 75 root,
2119 2663 94 75 when

1657 2710 19 75 a
1707 2710 86 75 little
1820 2710 128 75 further
1983 2710 162 75 advanced
2178 2710 35 75 in

1658 2761 142 75 growth.

1234 2846 128 75 Having
1378 2846 75 75 thus
1469 2846 113 75 briefly
1596 2846 166 75 defcribed
1778 2846 55 75 the
1844 2846 89 75 -feed,
1960 2846 62 75 and
2044 2846 111 75 traced
2171 2846 42 75 its

1187 2893 160 75 evolution
1376 2893 72 75 into
1474 2893 91 75 three
1592 2893 153 75 principal
1776 2893 129 75 organic
1936 2893 101 75 parts,
2062 2893 69 75 viz.
2152 2893 61 75 the

1186 2939 117 75 plume,
1320 2939 131 75 radicle,
1470 2939 63 75 and
1548 2939 129 75 feminal
1693 2939 118 75 leaves,
1830 2939 48 75 we
1892 2939 78 75 ffiall
1987 2939 78 75 next
2081 2939 74 75 take
2172 2939 41 75 an

1185 2988 187 75 anatomical
1387 2988 82 75 view
1485 2988 41 75 of
1540 2988 57 75 the
1613 2988 87 75 root,
1725 2988 110 75 trunk,
1860 2988 118 75 leaves,
2004 2988 64 75 <bc.

1593 3036 32 75 L

2095 3036 117 75 Sect.
