2517 3387
190 246 77 75 642

859 239 35 75 B
1013 239 40 75 O

438 327 132 75 Terms
588 327 162 75 relating
769 327 35 75 to
833 327 129 75 Floats.

190 378 71 75 Fig.

194 422 229 75 \(t\.*jjtdbus
437 422 200 75 fquamofus,
662 422 92 75 when
773 422 55 75 the
852 422 73 75 root
949 422 27 75 is
1002 422 169 75 compo-fed
1187 422 43 75 of.

346 467 189 75 imbricated
549 467 37 75 or
598 467 79 75 tiled
692 467 97 75 fcales
806 467 36 75 or
855 467 113 75 plates,
987 467 33 75 as
1037 467 32 75 in
1081 467 55 75 the
1148 467 74 75 lily-

347 514 85 75 root.

195 565 75 75 162.
299 565 125 75 Bulbus
439 565 138 75 fotidus,
602 565 164 75 confiding
782 565 40 75 of
840 565 19 75 a
875 565 81 75 folid
968 565 172 75 fubftance.

196 612 77 75 163..
300 612 124 75 Bulbus
448 612 179 75 tunicatus,
653 612 162 75 confiding
838 612 40 75 of
898 612 89 75 coats
1010 612 89 75 lying
1124 612 100 75 above

349 655 60 75 one
425 655 148 75 another,
598 655 33 75 as
648 655 31 75 in
697 655 56 75 the
769 655 109 75 onion.

196 705 79 75 164.
301 705 159 75 7uberofa
476 705 109 75 radix,
611 705 18 75 a
644 705 73 75 root
733 705 164 75 confiding
920 705 39 75 of
979 705 18 75 a
1020 705 90 75 great
1124 705 101 75 jnany

350 747 83 75 little
449 747 109 75 knots,
584 747 34 75 as
635 747 32 75 in
685 747 54 75 the
756 747 197 75 filipendula.

198 792 77 75 16j.
301 792 191 75 Fuftformis
517 792 109 75 radix,
667 792 64 75 like
759 792 19 75 a
804 792 134 75 fpindle,
975 792 26 75 i.
1030 792 28 75 e.
1092 792 132 75 oblong,

353 840 100 75 thick,
479 840 62 75 and
557 840 143 75 tapering
717 840 34 75 to
774 840 18 75 a
817 840 88 75 point
929 840 116 75 below,
1071 840 34 75 as
1122 840 32 75 in
1171 840 54 75 the

352 886 73 75 root
441 886 40 75 of
499 886 56 75 the
572 886 118 75 carrot.

200 936 77 75 166.
303 936 137 75 Raviefa
458 936 111 75 radix,
595 936 118 75 having
729 936 94 75 many
840 936 112 75 lateral
968 936 170 75 branches.

199 985 78 75 167.
303 985 123 75 Repens
452 985 108 75 radix,
593 985 18 75 a
635 985 74 75 root
734 985 104 75 which
863 985 108 75 creeps
998 985 227 75 horizontally,

352 1026 63 75 and
430 1026 91 75 fends
538 1026 52 75 off
609 1026 97 75 every
730 1026 106 75 where
860 1026 124 75 fmaller
1009 1026 88 75 roots
1115 1026 33 75 at
1164 1026 61 75 dif-

353 1072 102 75 ferent
472 1072 167 75 didances.

243 1145 126 75 These
396 1145 51 75 are
470 1145 55 75 the
543 1145 154 75 principal
722 1145 99 75 terms
845 1145 160 75 neceffary
1033 1145 51 75 for
1112 1145 115 75 under-

196 1191 142 75 ftanding
355 1191 180 75 Linnaeus’s
557 1191 192 75 defcription
773 1191 39 75 of
832 1191 54 75 the
909 1191 124 75 fpecific
1050 1191 177 75 charaflers

196 1240 40 75 of
263 1240 222 75 plants.—To
509 1240 93 75 make
627 1240 55 75 the
707 1240 110 75 reader
846 1240 192 75 acquainted
1065 1240 78 75 with
1172 1240 55 75 the

197 1284 130 75 manner
341 1284 31 75 in
398 1284 105 75 which
528 1284 87 75 thefe
639 1284 97 75 terms
762 1284 53 75 are
838 1284 88 75 ufed,
952 1284 47 75 we
1023 1284 78 75 diall
1122 1284 71 75 give
1210 1284 19 75 a

198 1333 62 75 few
273 1333 175 75 examples.

246 1422 156 75 ClafsTI.
443 1422 341 75 DTANDRIA.

246 1468 121 75 Order,
443 1468 403 75 MONOGYNIA.

246 1515 126 75 Genus,
445 1515 259 75 Veronica,
737 1515 37 75 or
800 1515 288 75 Speedwell.

248 1561 141 75 Species,
448 1561 163 75 Veronica
641 1561 156 75 arvsnjh,
837 1561 58 75 has
930 1561 129 75 folitary
1091 1561 137 75 flowers,

513 1604 65 75 cut,
603 1604 95 75 feflile
729 1604 117 75 (130),
877 1604 63 75 and
967 1604 152 75 cordated
1149 1604 86 75 (46)'

501 1651 116 75 leaves.

452 1697 163 75 Veronica
629 1697 147 75 agrejlis,
793 1697 57 75 has
862 1697 131 75 folitary
1009 1697 137 75 flowers,
1164 1697 67 75 cut,

500 1742 153 75 cordated
692 1742 105 75 (46),,
827 1742 62 75 and
921 1742 174 75 petiolated
1128 1742 102 75 (129)

501 1790 117 75 leaves.

250 1886 92 75 Clafs
359 1886 99 75 XVI.
476 1886 496 75 MONODELPHIA.

252 1931 120 75 Order,
448 1931 26 75 P
488 1931 31 75 O
533 1931 31 75 L
576 1931 30 75 Y
618 1931 36 75 G
668 1931 30 75 Y
712 1931 33 75 N
759 1931 15 75 I
788 1931 46 75 A.

253 1978 126 75 Genus,
451 1978 181 75 Malva,
666 1978 38 75 or
727 1978 222 75 Mallow.

255 2024 141 75 Species,
453 2024 114 75 Malva
588 2024 144 75 fpicata,
758 2024 57 75 has
840 2024 175 75 tomentofe
1044 2024 94 75 (84),
1164 2024 71 75 cre-

495 2066 106 75 mated
630 2066 92 75 (74).
749 2066 61 75 and
835 2066 152 75 cordated
1011 2066 79 75 (46)
1118 2066 119 75 leaves,

506 2113 60 75 and
582 2113 120 75 oblong
717 2113 91 75 hairy
824 2113 90 75 fpicae
933 2113 93 75 (34).

460 2160 114 75 Malva
587 2160 179 75 fylvsjlris,
792 2160 56 75 has
875 2160 40 75 an
938 2160 83 75 eredt
1047 2160 101 75 (119)
1166 2160 72 75 her-

507 2204 135 75 baceous
667 2204 98 75 caulis
792 2204 117 75 (148),
933 2204 77 75 with
1037 2204 90 75 acute
1146 2204 93 75 (74),

506 2250 206 75 feven-lobed
735 2250 78 75 (50)
843 2250 117 75 leaves,
991 2250 64 75 and
1069 2250 94 75 hairy
1186 2250 53 75 pe-

508 2297 129 75 dunculi
654 2297 184 75 and.petioli
856 2297 117 75 (129).

262 2394 90 75 Clafs
367 2394 101 75 XIX.
510 2394 23 75 S
546 2394 31 75 Y
589 2394 35 75 N
637 2394 34 75 G
685 2394 29 75 E
727 2394 35 75 N
776 2394 29 75 E
820 2394 22 75 S
856 2394 17 75 I
887 2394 45 75 A.

262 2439 120 75 Order,

512 2439 359 75 POLYGAMIA
907 2439 132 75 JEQJJ
1050 2439 98 75 ALI
1160 2439 37 75 S.

263 2486 127 75 Genus,
512 2486 239 75 Carduus,
788 2486 37 75 or
847 2486 230 75 Thistle.

264 2532 141 75 Species,
515 2532 148 75 Carduus
680 2532 201 75 helenioides,
906 2532 38 75 or
965 2532 191 75 melancholy
1182 2532 61 75 thi-

550 2574 79 75 JUe,
665 2574 57 75 has
754 2574 200 75 lanceolated
986 2574 93 75 (42),
1117 2574 133 75 teethed.

565 2622 92 75 (66),
675 2622 229 75 amplexicaule
919 2622 100 75 (132)
1034 2622 117 75 leaves,
1168 2622 79 75 with

565 2665 136 75 unequal
709 2665 127 75 ciliated
845 2665 76 75 (86)
930 2665 215 75 fmallfpines(
1155 2665 92 75 158).

268 2764 92 75 Clafs
375 2764 135 75 XXIV.
551 2764 247 75 CRYPTO
812 2764 164 75 GAMI
988 2764 48 75 A.

272 2809 118 75 Order,

554 2809 27 75 F
595 2809 14 75 I
625 2809 29 75 L
667 2809 16 75 1
698 2809 28 75 C
739 2809 30 75 E
784 2809 37 75 S.

273 2855 125 75 Genus,

556 2855 243 75 Asplenium,
825 2855 37 75 or
884 2855 278 75 Maidenhair.

273 2901 140 75 Species,

556 2901 186 75 Afplenium
759 2901 224 75 trichomanes,
1000 2901 56 75 has
1070 2901 19 75 a
1104 2901 150 75 pinnated

609 2941 100 75 (104)
722 2941 88 75 frons
825 2941 124 75 (144);
968 2941 55 75 the
1035 2941 101 75 pinme
1150 2941 101 75 (104)

606 2989 51 75 are
668 2989 147 75 roundifli
829 2989 77 75 (38)
922 2989 62 75 and
999 2989 149 75 crenated
1162 2989 91 75 (74).

1315 300 55 75 To
1387 300 87 75 thefe
1491 300 161 75 examples
1670 300 47 75 we
1733 300 76 75 fliall
1827 300 64 75 add
1907 300 17 75 a
1940 300 156 75 complete
2113 300 190 75 defcription

1269 346 40 75 of
1320 346 19 75 a
1355 346 88 75 plant
1461 346 137 75 reduced
1615 346 33 75 to
1665 346 41 75 its
1725 346 90 75 clafs,
1837 346 108 75 order,
1964 346 110 75 genus,
2093 346 62 75 and
2171 346 129 75 Ipecies,

1271 393 77 75 with
1366 393 114 75 figures
1498 393 39 75 of
1557 393 43 75 all
1616 393 55 75 the
1688 393 86 75 parts
1791 393 158 75 neceffary
1966 393 50 75 for
2033 393 74 75 that
2121 393 146 75 purpofe.

1271 552 177 75 Rheum
1480 552 294 75 Palmatum,
1803 552 40 75 or
1868 552 99 75 True
1997 552 190 75 Rhubarb.
2238 552 66 75 See

1626 601 114 75 Plate
1765 601 155 75 LVIII.

1270 703 77 75 The
1363 703 110 75 flower
1488 703 41 75 of
1547 703 62 75 this
1627 703 87 75 plant
1732 703 58 75 has
1806 703 42 75 no
1864 703 140 75 Calix.

1273 750 76 75 The
1374 750 184 75 Corolla
1585 750 54 75 dd,
1665 750 125 75 confifts
1814 750 40 75 of
1880 750 60 75 one
1966 750 98 75 petal,
2089 750 161 75 narrower
2273 750 32 75 at

1321 796 54 75 the
1392 796 83 75 bafe,
1501 796 57 75 not
1582 796 197 75 perforated,
1807 796 63 75 and
1894 796 129 75 divided
2046 796 33 75 in
2103 796 55 75 the
2183 796 121 75 margin

1321 843 68 75 into
1404 843 45 75 fix
1467 843 110 75 obtufe
1593 843 170 75 fegments,
1787 843 62 75 one
1873 843 59 75 left
1957 843 63 75 and
2044 843 60 75 one
2129 843 103 75 larger
2258 843 46 75 al-

1322 889 178 75 ternately;
1528 889 54 75 the
1607 889 84 75 petal
1715 889 26 75 is
1766 889 205 75 mafcefcent,
1996 889 26 75 /.
2040 889 29 75 e.
2094 889 128 75 decays,
2248 889 58 75 but

1322 936 77 75 does
1412 936 56 75 not
1484 936 58 75 fall
1558 936 52 75 off
1628 936 49 75 till
1695 936 54 75 the
1762 936 87 75 feeds
1866 936 40 75 be
1923 936 79 75 ripe.

1274 982 78 75 The
1370 982 180 75 Stamina
1570 982 16 75 e
1602 982 28 75 e,
1656 982 109 75 confifl:
1781 982 39 75 of
1840 982 71 75 nine
1923 982 152 75 capillary
2086 982 155 75 filaments
2259 982 46 75 in-

1323 1029 104 75 ferted
1445 1029 69 75 into
1531 1029 55 75 the
1602 1029 133 75 corolla,
1753 1029 61 75 and
1831 1029 97 75 about
1944 1029 55 75 the
2010 1029 82 75 fame
2104 1029 109 75 length
2227 1029 79 75 with

1323 1073 38 75 it.
1409 1073 76 75 The
1502 1073 144 75 antherte
1669 1073 53 75 are
1743 1073 184 75 didymous,
1955 1073 41 75 (/.
2015 1073 29 75 e.
2071 1073 114 75 appear
2208 1073 35 75 to
2268 1073 39 75 be

1325 1120 148 75 double),
1499 1120 129 75 oblong,
1654 1120 62 75 and
1732 1120 123 75 obtufe.

1275 1167 76 75 The
1367 1167 271 75 Pistillum/',
1664 1167 57 75 has
1739 1167 19 75 a
1773 1167 85 75 (hort
1875 1167 193 75 three-fided
2084 1167 140 75 germen.
2274 1167 33 75 It

1323 1212 56 75 can
1396 1212 116 75 hardly
1528 1212 38 75 be
1583 1212 65 75 faid
1659 1212 36 75 to
1710 1212 80 75 have
1806 1212 62 75 any
1883 1212 93 75 ftyli;
2003 1212 57 75 but
2075 1212 56 75 has
2147 1212 91 75 three
2256 1212 49 75 re-

1323 1257 123 75 fle&ed,
1473 1257 139 75 plumofe
1629 1257 155 75 (Hgmata.

1275 1303 76 75 The
1369 1303 273 75 Pericarpium
1662 1303 25 75 is
1705 1303 151 75 wanting.

1276 1349 92 75 Each
1391 1349 110 75 flower
1524 1349 143 75 contains
1693 1349 57 75 but
1774 1349 59 75 one
1857 1349 100 75 large,
1982 1349 205 75 three-fided,
2213 1349 92 75 acute

1324 1395 71 75 feed
1410 1395 33 75 g,
1469 1395 78 75 with
1564 1395 18 75 a
1599 1395 275 75 membranaceous
1891 1395 91 75 edge.

1324 1488 77 75 The
1418 1488 131 75 numbw
1566 1488 39 75 of
1612 1488 129 75 ftamina
1757 1488 190 75 determines
1963 1488 65 75 this
2044 1488 89 75 plant
2145 1488 35 75 to
2191 1488 117 75 belong

1279 1534 34 75 to
1330 1534 54 75 the
1402 1534 255 75 Enneandria
1684 1534 29 75 cl
1717 1534 66 75 aft;
1811 1534 63 75 and
1897 1534 56 75 the
1978 1534 132 75 number
2133 1534 38 75 of
2193 1534 119 75 Stig-

1281 1580 107 75 mata
1415 1580 81 75 fixes
1519 1580 42 75 its
1585 1580 96 75 order
1702 1580 35 75 to
1761 1580 40 75 be
1824 1580 220 75 Trigynia.
2108 1580 77 75 The
2216 1580 94 75 other

1280 1626 87 75 parts
1394 1626 40 75 of
1452 1626 55 75 the
1535 1626 101 75 above
1658 1626 193 75 defcription
1871 1626 118 75 clearly
2016 1626 210 75 demonftrate
2254 1626 59 75 the

1280 1672 99 75 genus
1394 1672 36 75 to
1447 1672 39 75 be
1502 1672 55 75 the
1574 1672 130 75 Rheum
1720 1672 38 75 or
1785 1672 148 75 Rubarb,
1963 1672 61 75 and
2049 1672 186 75 fufficiently
2259 1672 50 75 di-

1280 1718 146 75 ffinguilh
1451 1718 25 75 it
1501 1718 84 75 from
1609 1718 55 75 the
1690 1718 140 75 Laurus,
1853 1718 119 75 Tinus,
1997 1718 142 75 Caffyta,
2164 1718 61 75 and
2242 1718 67 75 Bu-

1283 1765 118 75 tomus,
1426 1765 55 75 the
1498 1765 76 75 only
1589 1765 94 75 other
1699 1765 117 75 genera
1832 1765 168 75 belonging
2017 1765 34 75 to
2068 1765 63 75 this
2148 1765 91 75 claft.

1329 1811 76 75 The
1422 1811 179 75 Specific
1620 1811 91 75 mark
1726 1811 26 75 is
1769 1811 94 75 taken
1880 1811 83 75 from
1989 1811 55 75 the
2065 1811 117 75 leaves,
2206 1811 105 75 which

1283 1857 54 75 are
1366 1857 206 75 palmated
1602 1857 93 75 (58),
1730 1857 62 75 and
1816 1857 90 75 iharp
1930 1857 61 75 and
2016 1857 145 75 tapering
2193 1857 33 75 at
2257 1857 55 75 the

1284 1903 117 75 points.
1449 1903 112 75 There
1578 1903 53 75 are
1650 1903 57 75 but
1732 1903 60 75 five
1814 1903 116 75 fpecies
1947 1903 41 75 of
2006 1903 141 75 Rheum,
2173 1903 80 75 none
2277 1903 41 75 of

1285 1949 105 75 whofe
1406 1949 103 75 leaves
1527 1949 52 75 are
1603 1949 171 75 palmated,
1800 1949 116 75 except
1940 1949 56 75 the
2018 1949 118 75 fpecies
2160 1949 73 75 now
2256 1949 57 75 de-

1280 1995 139 75 fcribed.

1333 2062 65 75 But
1415 2062 123 75 though
1554 2062 56 75 the
1623 2062 113 75 above,
1750 2062 190 75 defcription
1956 2062 41 75 be
2021 2062 152 75 fufficient
2190 2062 51 75 for
2265 2062 47 75 af-

1287 2109 173 75 certaining
1477 2109 55 75 the
1548 2109 98 75 genus
1671 2109 62 75 and
1756 2109 118 75 fpecies
1898 2109 40 75 of
1957 2109 63 75 this
2045 2109 145 75 valuable
2212 2109 101 75 plant,

1287 2156 91 75 there
1400 2156 53 75 are
1475 2156 93 75 other
1591 2156 124 75 reafons
1738 2156 52 75 for
1811 2156 109 75 giving
1944 2156 19 75 a
1986 2156 157 75 complete
2158 2156 160 75 botanical

1288 2202 189 75 defcription
1495 2202 40 75 of
1554 2202 54 75 the
1624 2202 104 75 whole
1745 2202 86 75 parts
1848 2202 39 75 of
1898 2202 38 75 it.
1984 2202 76 75 The
2077 2202 70 75 true
2164 2202 152 75 rhubarb,

1289 2248 123 75 though
1428 2248 41 75 of
1485 2248 55 75 the
1557 2248 79 75 moft
1657 2248 159 75 extenfive
1833 2248 52 75 ufe
1900 2248 31 75 in
1949 2248 166 75 medicine,
2141 2248 64 75 was
2222 2248 96 75 never

1289 2294 116 75 known
1435 2294 33 75 in
1501 2294 62 75 this
1595 2294 136 75 country
1755 2294 49 75 till
1831 2294 57 75 the
1910 2294 75 75 year
2014 2294 100 75 1762,
2148 2294 91 75 when
2265 2294 54 75 Dr

1289 2340 159 75 Mounfey
1464 2340 141 75 brought
1621 2340 83 75 fome
1721 2340 88 75 feeds
1826 2340 83 75 from
1926 2340 118 75 Ruflia,
2063 2340 58 75 and
2139 2340 79 75 gave
2230 2340 89 75 them

1290 2387 35 75 to
1342 2387 53 75 Dr
1418 2387 95 75 Hope
1529 2387 152 75 profeffor
1704 2387 40 75 of
1762 2387 156 75 medicine
1942 2387 63 75 and
2028 2387 119 75 botany
2162 2387 32 75 in
2220 2387 99 75 Edin-

1290 2433 117 75 burgh.
1457 2433 53 75 Dr
1525 2433 95 75 Hope
1643 2433 106 75 fowed
1772 2433 89 75 them
1885 2433 32 75 in
1941 2433 55 75 the
2013 2433 157 75 botanical
2187 2433 131 75 garden,

1292 2479 61 75 arid
1379 2479 151 75 colletSed
1554 2479 97 75 about
1680 2479 43 75 30
1747 2479 89 75 feeds
1860 2479 83 75 from
1971 2479 60 75 one
2058 2479 40 75 of
2123 2479 55 75 the
2202 2479 120 75 plants,

1293 2525 104 75 which
1415 2525 67 75 rofe
1500 2525 35 75 to
1557 2525 87 75 eight
1670 2525 65 75 feet
1757 2525 30 75 in
1812 2525 123 75 height.
1983 2525 84 75 This
2090 2525 88 75 plant
2200 2525 25 75 is
2250 2525 73 75 now

1295 2571 207 75 propagating
1522 2571 32 75 jn
1572 2571 55 75 the
1643 2571 128 75 botanic
1785 2571 132 75 garden,
1942 2571 32 75 in
1992 2571 54 75 the
2070 2571 119 75 garden
2209 2571 40 75 of
2270 2571 53 75 Sir

1297 2617 185 75 Alexander
1499 2617 100 75 Dick,
1625 2617 61 75 and
1711 2617 94 75 many
1829 2617 92 75 other
1942 2617 134 75 gardens
2099 2617 32 75 in
2156 2617 167 75 Scotland.

1296 2664 75 75 The
1399 2664 72 75 root
1498 2664 27 75 is
1549 2664 111 75 found,
1686 2664 43 75 by
1756 2664 149 75 repeated
1932 2664 102 75 trials,
2066 2664 36 75 to
2128 2664 40 75 be
2195 2664 129 75 equally

1298 2709 154 75 powerful
1477 2709 32 75 in
1533 2709 41 75 its
1601 2709 162 75 operation
1784 2709 33 75 as
1840 2709 55 75 the
1920 2709 65 75 beft
2009 2709 125 75 foreign
2162 2709 160 75 rhubarb;

1299 2757 63 75 and
1377 2757 48 75 we
1442 2757 80 75 have
1538 2757 56 75 the
1610 2757 131 75 greateft
1759 2757 108 75 reafon
1883 2757 36 75 to
1942 2757 96 75 hope,
2063 2757 70 75 that
2156 2757 31 75 in
2205 2757 18 75 a
2239 2757 87 75 fiiort

1299 2802 77 75 time
1393 2802 63 75 this
1475 2802 86 75 plant
1575 2802 64 75 will
1657 2802 38 75 be
1712 2802 34 75 fo
1761 2802 190 75 univerfally
1967 2802 174 75 cultivated
2153 2802 32 75 as
2202 2802 35 75 to
2254 2802 71 75 pre-

1300 2848 74 75 vent
1391 2848 54 75 the
1462 2848 107 75 future
1593 2848 205 75 importation
1819 2848 40 75 of
1877 2848 36 75 it.
1962 2848 78 75 The
2052 2848 63 75 firft
2132 2848 126 75 botanic
2270 2848 56 75 de-

1301 2894 148 75 fcription
1466 2894 48 75 we
1530 2894 80 75 have
1630 2894 40 75 of
1688 2894 55 75 the
1759 2894 70 75 true
1852 2894 139 75 rhubarb
2015 2894 62 75 was
2099 2894 162 75 publiflied
2284 2894 44 75 by

1303 2941 53 75 Dr
1372 2941 94 75 Hope
1489 2941 31 75 in
1544 2941 55 75 the
1621 2941 224 75 philofophical
1870 2941 202 75 tranfattions
2101 2941 51 75 for
2173 2941 56 75 the
2253 2941 77 75 year

1309 2990 84 75 1765
1407 2990 19 75 *
1439 2990 10 75 ;
1477 2990 104 75 which
1599 2990 48 75 we
1663 2990 77 75 lhall
1754 2990 145 75 tranflate
1915 2990 68 75 into
1995 2990 143 75 Englifh.

901 3057 5 49 ;
929 3075 76 75 Vid.
1028 3075 79 75 Phil.
1124 3075 115 75 Tranf.
1262 3075 50 75 for
1329 3075 54 75 the
1394 3075 77 75 year
1487 3075 87 75 1765.

2254 3118 76 75 The
