2428 3377
162 153 79 75 1^4

712 153 41 75 A
862 153 45 75 N
1020 153 42 75 A
1174 153 40 75 T

190 207 77 75 The
284 207 107 75 vomer
409 207 122 75 divides
549 207 55 75 the
621 207 138 75 noftrils,
784 207 145 75 enlarges
951 207 57 75 the
1030 207 101 75 organ
1147 207 39 75 of

147 253 158 75 fmelling,
330 253 44 75 by
390 253 149 75 allowing
553 253 91 75 ylace
664 253 52 75 for
731 253 183 75 expanding
930 253 56 75 the
1002 253 182 75 membrane

148 300 40 75 of
207 300 57 75 the
281 300 43 75 nc'
324 300 29 75 fe
373 300 42 75 on
432 300 41 75 its
491 300 91 75 fides,
607 300 64 75 and
692 300 128 75 fuftains
837 300 56 75 the
910 300 222 75 palate-plates
1149 300 41 75 of

147 347 56 75 the
220 347 172 75 maxillary
409 347 61 75 and
484 347 235 75 palate-bpnes.

153 366 3 104 ■
192 392 189 75 Maxilla
400 392 203 75 Inferior,
629 392 54 75 the
700 392 99 75 lower
813 392 79 75 jaw,
914 392 124 75 confifts
1062 392 77 75 only
1150 392 40 75 of

152 439 59 75 one
227 439 165 75 moveable
404 439 96 75 bone,
526 439 62 75 and
605 439 119 75 fixteen
740 439 89 75 teeth
845 439 125 75 incafed
981 439 69 75 into
1065 439 39 75 it.

194 485 84 75 This
302 485 95 75 bone,
423 485 106 75 which
555 485 30 75 is-
606 485 174 75 fomewhat
803 485 42 75 of
864 485 55 75 the
942 485 102 75 figure
1072 485 40 75 of
1130 485 56 75 the

151 531 112 75 Greek
280 531 96 75 letter
393 531 29 75 v,
448 531 26 75 is
492 531 133 75 fituated
642 531 33 75 at
690 531 57 75 the
762 531 101 75 lower
878 531 71 75 part
966 531 40 75 of
1025 531 55 75 the
1104 531 82 75 face,

151 578 34 75 fo
202 578 34 75 as
253 578 41 75 its
308 578 125 75 convex
449 578 120 75 middle
584 578 72 75 part
672 578 26 75 is
715 578 171 75 forwards,
912 578 63 75 and
989 578 42 75 its
1049 578 67 75 legs
1134 578 55 75 are

151 624 160 75 ftretched
334 624 95 75 back.
478 624 31 75 It
534 624 26 75 is
587 624 182 75 commonly
792 624 131 75 divided
944 624 68 75 into
1028 624 56 75 the
1101 624 86 75 chin,

150 671 92 75 fides,
268 671 63 75 and
347 671 293 75 proceffes.—The
665 671 73 75 chin
762 671 28 75 is
808 671 55 75 the
880 671 120 75 middle
1017 671 170 75 fore-part,

150 717 55 75 the
222 717 111 75 ejctent
350 717 40 75 of
410 717 106 75 which
533 717 36 75 to
587 717 78 75 each
683 717 62 75 fide
761 717 26 75 is
806 717 132 75 marked
953 717 42 75 on
1007 717 56 75 the
1079 717 110 75 exter-

149 763 53 75 nal
219 763 122 75 furface
357 763 45 75 by
419 763 55 75 the
490 763 91 75 holes
598 763 184 75 obfervable
799 763 105 75 there,
930 763 62 75 and
1004 763 186 75 internally,

150 810 45 75 by
221 810 56 75 the
301 810 172 75 beginning
495 810 47 75 ofi
553 810 40 75 an
617 810 130 75 oblique
773 810 292 75 ridge.—Beyond
1088 810 99 75 thefe,

151 856 56 75 the
230 856 80 75 fides
338 856 129 75 appear,
502 856 61 75 and
591 856 53 75 are
668 856 172 75 continued
864 856 50 75 till
939 856 56 75 the
1019 856 96 75 bone,
1145 856 44 75 by

150 902 142 75 bending
308 902 161 75 upwards,
494 902 111 75 begins
622 902 35 75 to
678 902 84 75 form
778 902 56 75 the
850 902 166 75 procefles.

199 948 55 75 On
270 948 55 75 the
343 948 159 75 fore-part
514 948 41 75 of
566 948 54 75 the
637 948 87 75 chin,
742 948 19 75 a
776 948 173 75 tranfverfe
960 948 88 75 ridge
1058 948 132 75 appears

155 996 32 75 in
203 996 56 75 the
276 996 132 75 middle,
426 996 41 75 on
484 996 78 75 each
579 996 63 75 fide
658 996 40 75 of
709 996 105 75 which
831 996 55 75 the
903 996 133 75 mufculi
1052 996 137 75 quadra-
1218 996 4 75 ,

154 1041 38 75 ti,
217 1041 37 75 or
279 1041 195 75 deprelfores
499 1041 77 75 labii
591 1041 173 75 inferioris,
790 1041 63 75 and
868 1041 55 75 the
940 1041 158 75 levatores
1115 1041 76 75 labii

154 1087 173 75 inferioris,
356 1087 125 75 deprefs
499 1087 56 75 the
572 1087 100 75 bone:
711 1087 78 75 And
805 1087 104 75 below
925 1087 88 75 thefe
1029 1087 115 75 prints,
1173 1087 19 75 a

156 1134 90 75 fmall
263 1134 94 75 rifing
373 1134 73 75 may
458 1134 40 75 be
516 1134 165 75 obferved,
698 1134 108 75 where
822 1134 56 75 the
894 1134 194 75 depreflqres
1105 1134 87 75 com-

155 1179 226 75 mence.—On
399 1179 54 75 the
470 1179 169 75 back-part
656 1179 41 75 of
716 1179 56 75 the
789 1179 85 75 chin,
893 1179 176 75 fometimes
1087 1179 103 75 three,

153 1227 120 75 always
299 1227 79 75 two,
406 1227 90 75 fmall
516 1227 247 75 protuberances
788 1227 115 75 appear
914 1227 32 75 in
975 1227 54 75 the
1058 1227 132 75 middle.

154 1273 56 75 To
227 1273 55 75 the
302 1273 191 75 uppermoft,
523 1273 92 75 when
631 1273 26 75 it
674 1273 26 75 is
724 1273 83 75 feen,
838 1273 55 75 the
917 1273 135 75 frxnum
1075 1273 40 75 of
1137 1273 55 75 the

156 1319 119 75 tongue
293 1319 26 75 is
337 1319 184 75 conne&ed.
571 1319 97 75 From
687 1319 55 75 the
759 1319 119 75 middle
895 1319 72 75 one,
986 1319 55 75 the
1058 1319 133 75 mufculi

155 1365 181 75 gemoglodi
361 1365 61 75 rife
436 1365 10 75 ;
469 1365 65 75 and
552 1365 85 75 from
653 1365 55 75 the
733 1365 121 75 lowed,
883 1365 56 75 the
967 1365 225 75 geniohyoidei

155 1413 81 75 have
253 1413 85 75 their
354 1413 117 75 origin.

203 1458 49 75 At
268 1458 56 75 the
340 1458 101 75 lower
458 1458 63 75 and
537 1458 158 75 fore-part
712 1458 40 75 of
772 1458 56 75 the
843 1458 146 75 external
1011 1458 123 75 furface
1157 1458 42 75 of

156 1505 79 75 each
253 1505 61 75 fide
331 1505 40 75 of
394 1505 56 75 the
477 1505 100 75 lower
601 1505 79 75 jaw,
707 1505 19 75 a
747 1505 91 75 fmall
866 1505 161 75 eminence
1054 1505 74 75 may
1155 1505 39 75 be

157 1551 167 75 obferved,
350 1551 107 75 where
482 1551 55 75 the
555 1551 160 75 depreffor
731 1551 158 75 labiorurn
906 1551 174 75 communis
1106 1551 88 75 rifes.

157 1597 92 75 Near
265 1597 56 75 the
338 1597 98 75 upper
453 1597 79 75 edge
542 1597 41 75 of
589 1597 56 75 the
658 1597 62 75 fide
734 1597 18 75 a
769 1597 90 75 ridge
876 1597 74 75 runs
968 1597 227 75 length-ways,

157 1644 35 75 to
217 1644 106 75 which
348 1644 54 75 the
419 1644 100 75 under
541 1644 72 75 part
628 1644 41 75 of
691 1644 57 75 the
776 1644 157 75 mufculus
957 1644 186 75 buccinator
1169 1644 27 75 is

160 1689 90 75 conn'
250 1689 95 75 efted.
440 1689 190 75 Internally,
665 1689 141 75 towards
842 1689 56 75 the
924 1689 100 75 upper
1049 1689 80 75 edge
1162 1689 41 75 of

162 1736 78 75 each
257 1736 75 75 fide,
359 1736 134 75 another
517 1736 89 75 ridge
625 1736 144 75 appears,
795 1736 84 75 from
895 1736 107 75 which
1022 1736 55 75 the
1094 1736 102 75 mylo-

160 1782 131 75 hyoidei
307 1782 82 75 have
405 1782 83 75 their
505 1782 116 75 origin,
636 1782 62 75 and
713 1782 35 75 to
757 1782 104 75 which
880 1782 55 75 the
951 1782 135 75 internal
1099 1782 98 75 mem-

162 1829 97 75 brane
276 1829 34 75 of
328 1829 55 75 the
399 1829 92 75 gums
508 1829 147 75 adheres.

208 1875 37 75 In
270 1875 55 75 the
341 1875 100 75 upper
458 1875 80 75 edge
562 1875 41 75 of
623 1875 78 75 both
720 1875 73 75 chin
810 1875 63 75 and
896 1875 79 75 fides
993 1875 53 75 are
1069 1875 18 75 a
1109 1875 91 75 great

161 1921 95 75 many
273 1921 81 75 deep
372 1921 61 75 pits
450 1921 37 75 or
504 1921 138 75 fockets,
660 1921 52 75 for
728 1921 159 75 receiving
904 1921 54 75 the
975 1921 97 75 roots,
1081 1921 40 75 of
1143 1921 56 75 the

162 1968 102 75 teeth.
311 1968 77 75 The
405 1968 133 75 number
555 1968 62 75 and
636 1968 181 75 magnitude
834 1968 40 75 of
894 1968 88 75 thefe
1002 1968 125 75 fockets
1145 1968 53 75 are

163 2013 139 75 various,
331 2013 132 75 becaufe
486 2013 40 75 of
544 2013 55 75 the
616 2013 149 75 different
782 2013 144 75 number,
944 2013 34 75 as
995 2013 73 75 well
1085 2013 40 75 of
1143 2013 56 75 the

164 2059 88 75 teeth
269 2059 201 75 themfelves,
496 2059 34 75 as
548 2059 39 75 of
605 2059 84 75 their
705 2059 101 75 roots,
839 2059 31 75 in
896 2059 149 75 different
1073 2059 126 75 people.

164 2106 110 75 Thefe
290 2106 125 75 fockets
432 2106 32 75 in
481 2106 65 75 this
563 2106 99 75 lower
682 2106 79 75 jaw,
787 2106 33 75 as
838 2106 72 75 well
932 2106 32 75 as
981 2106 32 75 in
1030 2106 55 75 the
1102 2106 100 75 upper

166 2152 73 75 one,
257 2152 53 75 are
326 2152 60 75 lefs
403 2152 80 75 deep
497 2152 32 75 as
546 2152 57 75 old
620 2152 56 75 age
690 2152 106 75 comes
812 2152 61 75 on;
899 2152 93 75 when
1008 2152 90 75 freed
1115 2152 85 75 from

165 2199 56 75 the
246 2199 88 75 teeth
362 2199 44 75 by
422 2199 61 75 any
500 2199 121 75 means,
652 2199 76 75 they
746 2199 53 75 are
819 2199 89 75 fome'
920 2199 77 75 time
1015 2199 82 75 after
1113 2199 89 75 filled

166 2245 43 75 up
226 2245 79 75 with
326 2245 39 75 an
382 2245 120 75 offeous
526 2245 175 75 net-work,
724 2245 104 75 which
852 2245 33 75 at
901 2245 57 75 laft
982 2245 146 75 becomes
1146 2245 53 75 en-

167 2290 94 75 tirely
278 2290 93 75 folid,
385 2290 61 75 and
463 2290 33 75 as
509 2290 124 75 fmooth
651 2290 33 75 as
702 2290 62 75 any
780 2290 94 75 other
891 2290 71 75 part
978 2290 40 75 of
1029 2290 54 75 the
1095 2290 105 75 bone;

167 2338 34 75 fo
218 2338 70 75 that
305 2338 32 75 in
355 2338 18 75 a
396 2338 91 75 great
509 2338 95 75 many
621 2338 56 75 old
699 2338 83 75 jaws
796 2338 70 75 .one
894 2338 116 75 cannot
1026 2338 131 75 obferve
1185 2338 19 75 a

168 2382 117 75 veftige
302 2382 40 75 of
363 2382 56 75 the
439 2382 149 75 fockets:
616 2382 67 75 But
708 2382 76 75 then
807 2382 56 75 the
885 2382 65 75 jaw
965 2382 147 75 becomes
1128 2382 73 75 lefs,

171 2428 60 75 and
249 2428 94 75 much
361 2428 336 75 narrower.—Hence
714 2428 48 75 we
774 2428 73 75 may
865 2428 96 75 know
976 2428 75 75 why
1062 2428 55 75 thp
1130 2428 73 75 chin

172 2475 61 75 and
249 2475 74 75 nofe
340 2475 40 75 of
402 2475 188 75 edentulous
608 2475 113 75 people
738 2475 54 75 are
808 2475 94 75 much
921 2475 110 75 nearer
1047 2475 77 75 than
1148 2475 56 75 be-

171 2521 70 75 fore
256 2521 55 75 the
328 2521 89 75 teeth
434 2521 164 75 were-loft
612 2521 10 75 ;
649 2521 96 75 while
772 2521 85 75 their
878 2521 61 75 lips
963 2521 104 75 either
1094 2521 58 75 fall
1172 2521 33 75 in

172 2566 141 75 towards
329 2566 56 75 the
409 2566 124 75 mouth,
567 2566 37 75 or
631 2566 88 75 ftand
744 2566 180 75 prominent
941 2566 169 75 forwards.

173 2613 111 75 When
302 2613 70 75 new
387 2613 88 75 teeth
492 2613 52 75 are
561 2613 189 75 protruded,
767 2613 71 75 new
854 2613 122 75 fockets
994 2613 53 75 are
1063 2613 142 75 formed.

267 2655 75 75 The
359 2655 100 75 lower
475 2655 80 75 edge
572 2655 41 75 of
624 2655 54 75 the
696 2655 86 75 chin'
782 2655 65 75 and
864 2655 79 75 fides
958 2655 27 75 is
1002 2655 130 75 fmooth.
1145 2655 62 75 and

174 2705 107 75 equal,
295 2705 62 75 and
373 2705 26 75 is
417 2705 181 75 commonly
611 2705 102 75 called
730 2705 55 75 the
803 2705 70 75 bafe
889 2705 40 75 of
941 2705 56 75 the
1013 2705 100 75 lower
1124 2705 80 75 jaw.

176 2747 171 75 ./—iThe
364 2747 78 75 ends
454 2747 40 75 of
504 2747 56 75 the
575 2747 85 75 bafe,
674 2747 106 75 where
793 2747 55 75 the
861 2747 66 75 jaw
944 2747 91 75 turns
1048 2747 158 75 upwards,

178 2794 52 75 are
247 2794 103 75 called
366 2794 41 75 its
425 2794 107 75 angles
547 2794 10 75 ;
592 2794 55 75 the
675 2794 147 75 external
849 2794 122 75 furface
1000 2794 41 75 of
1067 2794 77 75 each
1173 2794 39 75 of

178 2842 104 75 which
300 2842 56 75 has
374 2842 117 75 feveral
509 2842 201 75 inequalities
727 2842 84 75 upon
829 2842 37 75 it,
896 2842 106 75 where
1027 2842 55 75 the
1099 2842 108 75 mafle-

179 2888 51 75 ter
245 2888 116 75 mufcle
378 2888 26 75 is
420 2888 157 75 inferred;
609 2888 33 75 as
667 2888 56 75 the
742 2888 136 75 internal
903 2888 121 75 furface
1044 2888 65 75 alfo
1136 2888 71 75 has,

180 2936 107 75 where
314 2936 54 75 the
392 2936 224 75 pterygoideus
632 2936 141 75 internus
791 2936 26 75 is
840 2936 150 75 inferted,
1016 2936 63 75 and
1096 2936 18 75 a
1128 2936 82 75 liga-

1332 143 39 75 O
1486 143 49 75 M
1649 143 52 75 Y.

2103 143 100 75 Part
2230 143 34 75 I.

1232 207 99 75 ment,
1348 207 164 75 extended
1526 207 86 75 from
1628 207 55 75 the
1699 207 115 75 ftyloid
1828 207 126 75 procefs
1977 207 41 75 of
2039 207 56 75 the
2110 207 157 75 temporal

1234 253 93 75 bone,
1341 253 26 75 is
1384 253 101 75 fixed.

1282 300 74 75 The
1373 300 153 75 procefles
1543 300 54 75 are
1613 300 67 75 two
1696 300 42 75 on
1761 300 77 75 each
1856 300 75 75 fide.
2027 300 77 75 The
2128 300 140 75 anterior

1234 344 90 75 fliarp
1341 344 67 75 thin
1427 344 152 75 coronoid
1594 344 78 75 ones
1688 344 81 75 have
1785 344 56 75 the
1855 344 188 75 crotaphyte
2061 344 133 75 mufcles
2217 344 49 75 in-

1236 391 104 75 ferted
1355 391 70 75 into
1450 391 100 75 them.
1646 391 76 75 The
1750 391 152 75 pofterior
1927 391 166 75 proceftes,
2126 391 38 75 or
2191 391 76 75 con-

1231 437 109 75 dyles,
1357 437 168 75 terminate
1542 437 31 75 in
1591 437 39 75 an
1647 437 119 75 oblong
1782 437 125 75 fmooth
1924 437 95 75 head,
2038 437 171 75 fupported
2222 437 48 75 by

1238 484 17 75 a
1271 484 122 75 cervix.
1425 484 77 75 The
1519 484 112 75 heads,
1644 484 106 75 whofe
1762 484 135 75 greateft
1912 484 110 75 length
2039 484 26 75 is
2082 484 186 75 tranfverfe,

1237 530 61 75 and
1314 530 107 75 whofe
1438 530 173 75 convexity
1627 530 26 75 is
1670 530 116 75 turned
1801 530 169 75 forwards,
1995 530 53 75 are
2064 530 109 75 tipped
2189 530 80 75 with

1239 577 18 75 a
1273 577 164 75 cartilage,
1466 577 32 75 as
1525 577 54 75 the
1597 577 189 75 articulated
1805 577 87 75 parts
1909 577 40 75 of
1966 577 42 75 all
2032 577 94 75 other
2153 577 117 75 moved

1238 622 98 75 bones
1360 622 191 75 are.—The
1565 622 157 75 fore-part
1738 622 39 75 of
1798 622 54 75 the
1869 622 72 75 root
1958 622 61 75 and
2034 622 81 75 neck
2131 622 40 75 of
2182 622 88 75 thefe

1239 669 174 75 condyloid
1428 669 154 75 procefles
1601 669 52 75 are
1671 669 18 75 a
1704 669 84 75 little
1803 669 120 75 hollow
1941 669 62 75 and
2019 669 116 75 rough,
2162 669 108 75 where

1240 715 54 75 the
1312 715 147 75 external
1476 715 171 75 pterygoid
1664 715 133 75 mufcles
1815 715 53 75 are
1884 715 150 75 inferted.

1285 762 77 75 The
1384 762 91 75 holes
1496 762 40 75 of
1554 762 57 75 the
1635 762 99 75 lower
1754 762 67 75 jaw
1846 762 53 75 are
1925 762 67 75 two
2014 762 42 75 on
2080 762 79 75 each
2187 762 82 75 fide;

1237 808 61 75 one
1315 808 32 75 at
1363 808 56 75 the
1436 808 73 75 root
1525 808 40 75 of
1576 808 56 75 the
1655 808 154 75 proceftes
1825 808 183 75 internally,
2025 808 108 75 where
2150 808 18 75 a
2183 808 89 75 large

1239 853 120 75 branch
1376 853 40 75 of
1427 853 55 75 the
1498 853 89 75 third
1603 853 119 75 branch
1740 853 40 75 of
1792 853 54 75 the
1863 853 73 75 fifth
1953 853 68 75 pair
2037 853 41 75 of
2088 853 111 75 nerves
2216 853 56 75 en-

1240 900 65 75 ters
1321 900 80 75 with
1417 900 40 75 an
1466 900 127 75 .artery,
1622 900 62 75 and
1699 900 20 75 a
1733 900 72 75 vein
1821 900 139 75 returns:
2008 900 34 75 A
2066 900 90 75 fmall
2182 900 91 75 /harp

1239 946 126 75 procefs
1389 946 184 75 frequently
1585 946 83 75 jutts
1685 946 56 75 out
1757 946 285 75 backwards-from
2066 946 56 75 the
2143 946 79 75 edge
2240 946 33 75 at

1219 992 3 75 ,
1240 992 55 75 the
1312 992 157 75 fore-part
1485 992 40 75 of
1536 992 64 75 this
1617 992 87 75 hole,
1725 992 35 75 to
1776 992 104 75 which
1899 992 18 75 a
1931 992 164 75 ligament,
2113 992 161 75 extended

1241 1038 84 75 ftom
1342 1038 56 75 the
1421 1038 157 75 temporal
1595 1038 95 75 bone,
1707 1038 27 75 is
1751 1038 100 75 fixed,
1880 1038 107 75 which
2003 1038 87 75 faves
2107 1038 54 75 the
2178 1038 97 75 nerve

1241 1085 61 75 and
1318 1085 110 75 veflels
1451 1085 85 75 from
1560 1085 95 75 being
1682 1085 57 75 too
1763 1085 94 75 much
1886 1085 121 75 prefied
2034 1085 43 75 by
2094 1085 55 75 the
2166 1085 108 75 ptery-

1241 1130 77 75 goid
1340 1130 146 75 mufcles.
1583 1130 98 75 From
1701 1130 55 75 tlie
1773 1130 97 75 lower
1888 1130 63 75 fide
1967 1130 39 75 of
2029 1130 63 75 this
2116 1130 86 75 hole,
2228 1130 46 75 ei-

1240 1176 72 75 ther
1329 1176 19 75 a
1359 1176 89 75 fmall
1465 1176 175 75 fuperficial
1657 1176 89 75 canal
1763 1176 37 75 or
1816 1176 18 75 a
1849 1176 123 75 furrow
1988 1176 163 75 defcends,
2166 1176 108 75 where

1242 1222 18 75 a
1275 1222 120 75 branch
1412 1222 40 75 of
1467 1222 55 75 the
1539 1222 96 75 nerve
1650 1222 27 75 is
1697 1222 130 75 lodged,
1845 1222 31 75 in
1900 1222 40 75 its
1960 1222 70 75 way
2046 1222 35 75 to
2098 1222 54 75 the
2169 1222 105 75 mylo-

1242 1269 155 75 hyoideus
1429 1269 118 75 mufcle
1574 1269 63 75 and
1667 1269 176 75 fublingual
1872 1269 105 75 ^tand.
2074 1269 76 75 The
2182 1269 94 75 other

1241 1315 75 75 hole
1348 1315 27 75 is
1408 1315 159 75 external,
1601 1315 32 75 at
1662 1315 56 75 the
1746 1315 137 75 confines
1912 1315 39 75 of
1974 1315 55 75 the
2057 1315 86 75 chin,
2168 1315 109 75 where

1243 1361 154 75 branches
1414 1361 40 75 of
1466 1361 55 75 the
1538 1361 95 75 nerve
1651 1361 62 75 and
1728 1361 110 75 veflels
1856 1361 89 75 come
1966 1361 68 75 out.
2130 1361 76 75 The
2224 1361 52 75 ca-

1243 1407 52 75 nal
1319 1407 137 75 betwixt
1480 1407 87 75 thefe
1592 1407 66 75 two
1674 1407 91 75 holes
1782 1407 26 75 is
1826 1407 125 75 formed
1973 1407 32 75 in
2023 1407 56 75 the
2095 1407 120 75 middle
2241 1407 42 75 of

1243 1454 55 75 the
1314 1454 161 75 fubftance
1492 1454 40 75 of
1542 1454 55 75 the
1613 1454 95 75 bone,
1726 1454 62 75 and
1804 1454 27 75 is
1848 1454 126 75 pierced
1990 1454 43 75 by
2045 1454 18 75 a
2079 1454 90 75 great
2186 1454 90 75 num-

1243 1500 56 75 ber
1316 1500 39 75 of
1378 1500 89 75 fmall
1484 1500 90 75 holes
1592 1500 42 75 by
1651 1500 106 75 which
1773 1500 55 75 the
1845 1500 112 75 nerves
1974 1500 61 75 and
2051 1500 226 75 blood-veflels

1245 1546 40 75 of
1303 1546 56 75 the
1375 1546 133 75 cancelli
1532 1546 62 75 and
1610 1546 88 75 teeth
1714 1546 81 75 pafs.

1290 1592 77 75 The
1384 1592 98 75 lower
1502 1592 67 75 jaw
1585 1592 162 75 generally
1765 1592 136 75 receives
1919 1592 55 75 the
1991 1592 87 75 roots
2096 1592 39 75 of
2157 1592 120 75 fixteen

1245 1638 89 75 teeth
1350 1638 69 75 into
1435 1638 42 75 its
1499 1638 137 75 fockets,
1661 1638 44 75 by
1724 1638 179 75 gomphofis
1918 1638 10 75 ;
1956 1638 62 75 and
2039 1638 41 75 its
2105 1638 173 75 condyloid

1247 1684 165 75 procefles,
1442 1684 137 75 covered
1605 1684 76 75 with
1707 1684 155 75 cartilage'
1862 1684 11 75 ,
1903 1684 54 75 are
1984 1684 190 75 articulated
2199 1684 79 75 with

1246 1731 54 75 the
1317 1731 155 75 temporal
1490 1731 111 75 bones.

1294 1776 77 75 The
1395 1776 139 75 Teeth
1564 1776 54 75 are
1635 1776 55 75 the
1706 1776 81 75 hard
1803 1776 98 75 white
1916 1776 111 75 bodies
2047 1776 111 75 placed
2175 1776 31 75 in
2223 1776 56 75 the

1247 1822 124 75 fockets
1397 1822 40 75 of
1463 1822 80 75 both
1563 1822 94 75 jaws.
1705 1822 107 75 Their
1834 1822 133 75 number
1993 1822 27 75 is
2037 1822 162 75 generally
2215 1822 62 75 fix-

1247 1867 72 75 teen
1349 1867 113 75 above,
1488 1867 63 75 and
1578 1867 33 75 as
1641 1867 95 75 many
1752 1867 104 75 below
1870 1867 10 75 ;
1907 1867 124 75 though
2056 1867 84 75 fome
2167 1867 112 75 people

1247 1914 81 75 have
1345 1914 101 75 more,
1472 1914 109 75 others
1597 1914 81 75 have
1695 1914 110 75 fewer.

1293 1959 76 75 The
1390 1959 99 75 broad
1517 1959 90 75 thick
1631 1959 71 75 part
1729 1959 41 75 of
1788 1959 77 75 each
1894 1959 93 75 tooth
2015 1959 104 75 which
2148 1959 130 75 appears

1248 2004 137 75 without
1401 2004 55 75 the
1472 2004 121 75 focket,
1617 2004 25 75 is
1661 2004 54 75 the
1732 2004 83 75 bafe,
1834 2004 37 75 or
1886 2004 98 75 body.
2080 2004 76 75 The
2172 2004 107 75 fmall-

1250 2051 33 75 er
1300 2051 152 75 procefles
1469 2051 78 75 funk
1562 2051 69 75 into
1647 2051 55 75 the
1719 2051 150 75 maxillae,
1884 2051 52 75 are
1953 2051 55 75 the
2025 2051 87 75 roots
2124 2051 37 75 or
2173 2051 105 75 fangs,

1249 2097 106 75 which
1371 2097 131 75 become
1518 2097 309 75 gradually-fmaller
1842 2097 139 75 towards
1998 2097 55 75 the
2069 2097 63 75 end
2148 2097 132 75 fartheft

1250 2144 84 75 from
1351 2144 55 75 the
1422 2144 85 75 bafe,
1531 2144 37 75 or
1585 2144 53 75 are
1654 2144 110 75 nearly
1781 2144 133 75 conical,
1940 2144 44 75 by
1999 2144 108 75 which
2130 2144 56 75 the
2213 2144 68 75 fur-

1250 2189 70 75 face
1336 2189 40 75 of
1383 2189 85 75 their
1484 2189 78 75 fides
1579 2189 122 75 divides
1718 2189 54 75 the
1789 2189 136 75 preflure
1942 2189 92 75 made
2050 2189 41 75 on
2108 2189 55 75 the
2180 2189 99 75 bafes,

1251 2236 35 75 to
1306 2236 134 75 prevent
1456 2236 55 75 the
1528 2236 65 75 foft
1619 2236 100 75 parts,
1752 2236 105 75 which
1875 2236 52 75 are
1945 2236 32 75 at
1992 2236 56 75 the
2064 2236 89 75 final!
2176 2236 105 75 points

1252 2282 39 75 of
1309 2282 55 75 the
1387 2282 137 75 foekets,
1542 2282 35 75 to
1594 2282 39 75 be
1650 2282 75 75 hurt
1742 2282 42 75 by
1800 2282 76 75 fuch
1894 2282 150 75 preflure.

1299 2328 154 75 Without
1470 2328 55 75 the
1541 2328 91 75 gums
1650 2328 55 75 the
1717 2328 90 75 teeth
1821 2328 56 75 are
1887 2328 134 75 covered
2033 2328 78 75 with
2125 2328 41 75 no
2182 2328 100 75 mem-

1252 2375 109 75 brane,
1385 2375 64 75 and
1476 2375 78 75 they
1570 2375 53 75 are
1646 2375 66 75 find
1740 2375 34 75 to
1802 2375 79 75 have
1899 2375 41 75 no
1963 2375 115 75 proper
2095 2375 186 75 periofteum

1253 2420 113 75 within
1383 2420 54 75 the
1454 2420 147 75 fockets;
1629 2420 57 75 but
1706 2420 71 75 that
1796 2420 27 75 is
1840 2420 142 75 fupplied
1998 2420 44 75 by
2057 2420 55 75 the
2135 2420 148 75 reflefted

1254 2466 178 75 membrane
1449 2466 40 75 of
1500 2466 55 75 the
1572 2466 90 75 gums
1678 2466 9 75 ;
1715 2466 118 75 which,
1863 2466 83 75 after
1970 2466 19 75 a
2011 2466 86 75 good
2120 2466 161 75 injection,

1254 2510 72 75 may
1338 2510 218 75 be?evideiitly
1565 2510 70 75 feen
1652 2510 31 75 in
1700 2510 18 75 a
1736 2510 107 75 young
1859 2510 129 75 fubjeA,
2007 2510 78 75 with
2102 2510 56 75 the
2174 2510 109 75 veflels

1254 2558 83 75 from
1353 2558 26 75 it
1396 2558 199 75 penetrating
1611 2558 68 75 into
1702 2558 56 75 the
1774 2558 159 75 fubftance
1950 2558 41 75 of
2009 2558 55 75 the
2086 2558 86 75 teeth
2184 2558 11 75 ;
2221 2558 63 75 and

1254 2605 24 75 it
1294 2605 74 75 may
1383 2605 40 75 be
1439 2605 184 75 difcovered
1638 2605 31 75 in
1687 2605 62 75 any
1760 2605 92 75 tooth
1869 2605 144 75 recently
2029 2605 118 75 pulled,
2165 2605 42 75 by
2216 2605 67 75 ma-

1256 2649 140 75 cerating
1413 2649 26 75 it
1454 2649 31 75 in
1502 2649 112 75 water.
1662 2649 76 75 The
1755 2649 147 75 adhefiqn
1918 2649 39 75 of
1968 2649 64 75 this
2052 2649 180 75 membrane
2248 2649 37 75 to

1231 2670 4 104 ■
1255 2696 86 75 thefe
1358 2696 88 75 roots
1471 2696 27 75 is
1521 2696 225 75 ftrengthcned
1761 2696 43 75 by
1821 2696 55 75 the
1900 2696 89 75 fmall
2012 2696 137 75 furrov/s
2177 2696 106 75 obfer-

1255 2743 93 75 vable
1365 2743 41 75 on
1423 2743 100 75 them.

1303 2788 91 75 Each
1417 2788 95 75 tooth
1528 2788 26 75 is
1572 2788 169 75 compofed
1755 2788 41 75 of
1810 2788 41 75 its
1869 2788 125 75 cortex,
2019 2788 37 75 or
2071 2788 133 75 enamel,
2222 2788 63 75 and

1257 2835 38 75 an
1312 2835 135 75 internal
1464 2835 85 75 bony
1561 2835 172 75 fubftance.
1781 2835 77 75 The
1871 2835 114 75 cortex
2000 2835 56 75 has
2073 2835 41 75 no
2131 2835 104 75 cavity
2248 2835 37 75 or

1256 2881 89 75 place
1362 2881 52 75 for
1429 2881 156 75 marrow;
1612 2881 62 75 and
1690 2881 26 75 is
1732 2881 35 75 fo
1783 2881 81 75 folid
1877 2881 61 75 and
1955 2881 94 75 hard,
2067 2881 69 75 that
2152 2881 78 75 faws
2247 2881 38 75 or

1257 2929 68 75 files
1353 2929 58 75 can
1438 2929 79 75 with
1541 2929 158 75 difficulty
1716 2929 92 75 make
1835 2929 175 75 impceffion
2038 2929 41 75 on
2106 2929 39 75 it.
2193 2929 31 75 It
2257 2929 27 75 is

2152 2967 132 75 thicTTeft
