2423 3387
164 167 81 75 ,,92

711 167 497 75 ASTRO

163 236 36 75 to
214 236 39 75 be
270 236 113 75 placed
398 236 61 75 one
481 236 65 75 day
560 236 114 75 earlier
690 236 32 75 in
739 236 55 75 the
809 236 154 75 kalendar
979 236 53 75 for
1048 236 55 75 the
1119 236 82 75 next

168 283 66 75 gio
255 283 90 75 years
362 283 35 75 to
417 283 103 75 come.
556 283 110 75 Thefe
682 283 149 75 numbers
849 283 83 75 were
949 283 122 75 rightly
1087 283 113 75 placed

166 328 117 75 againft
300 328 54 75 the
371 328 78 75 days
466 328 41 75 of
533 328 72 75 new
632 328 96 75 moon
753 328 31 75 in
814 328 55 75 the
893 328 165 75 kalendar,
1084 328 43 75 by
1144 328 55 75 the

165 375 121 75 council
304 375 41 75 of
359 375 96 75 Nice,
474 375 45 75 A.
533 375 48 75 D.
602 375 65 75 325
679 375 12 75 ;
717 375 59 75 but
788 375 55 75 the
855 375 220 75 anticipation,
1093 375 105 75 which

164 422 58 75 has
239 422 78 75 been
334 422 165 75 neglefted
516 422 75 75 ever
606 422 93 75 fince,
723 422 28 75 is
775 422 74 75 now
873 422 111 75 grown
1001 422 113 75 almoft
1130 422 69 75 into

169 468 16 75 5
205 468 99 75 days:
333 468 76 75 And
426 468 174 75 therefore,
626 468 43 75 all
697 468 55 75 the
780 468 117 75 golden
925 468 148 75 numbers
1097 468 102 75 ought

166 515 71 75 now
255 515 34 75 to
309 515 39 75 be
365 515 112 75 placed
498 515 16 75 5
534 515 78 75 days
635 515 115 75 higher
771 515 32 75 in
827 515 56 75 the
906 515 153 75 kalendar
1074 515 53 75 for
1143 515 58 75 the

167 561 55 75 old
242 561 76 75 ftyle
334 561 77 75 than
428 561 78 75 they
523 561 84 75 were
624 561 33 75 at
676 561 56 75 the
749 561 76 75 time
842 561 39 75 of
893 561 54 75 the
965 561 66 75 faid
1047 561 150 75 council;

166 608 37 75 or
221 608 20 75 6
259 608 79 75 days
357 608 100 75 lower
471 608 52 75 for
540 608 56 75 the
618 608 71 75 new
705 608 89 75 ftyle,
820 608 133 75 becaufe
976 608 34 75 at
1032 608 127 75 prefent
1173 608 27 75 it

167 655 110 75 differs
299 655 35 75 11
355 655 80 75 days
454 655 86 75 from
563 655 54 75 the
635 655 67 75 old.

225 2741 38 75 In
287 2741 57 75 the
371 2741 100 75 above
493 2741 85 75 table
604 2741 56 75 the
682 2741 116 75 golden
828 2741 148 75 numbers
1010 2741 100 75 under
1142 2741 55 75 the

168 2788 128 75 months
312 2788 87 75 ftan^l
416 2788 118 75 againft
549 2788 56 75 the
621 2788 77 75 days
716 2788 40 75 of
781 2788 68 75 new
865 2788 95 75 moon
988 2788 31 75 in
1043 2788 56 75 the
1121 2788 76 75 left-

167 2835 87 75 hand
277 2835 139 75 column,
441 2835 51 75 for
516 2835 55 75 the
597 2835 70 75 new
683 2835 77 75 ftyle
771 2835 10 75 ;
807 2835 137 75 adapted
960 2835 116 75 chiefly
1090 2835 37 75 to
1144 2835 54 75 the

169 2881 115 75 fecond
302 2881 74 75 year
392 2881 83 75 after
490 2881 175 75 leap-year,
683 2881 32 75 as
729 2881 94 75 being
833 2881 57 75 the
906 2881 120 75 neareft
1041 2881 93 75 mean
1146 2881 52 75 for

171 2928 41 75 all
229 2928 53 75 the
302 2928 94 75 four;
423 2928 61 75 and
500 2928 66 75 will
582 2928 87 75 ferve
685 2928 49 75 till
752 2928 54 75 the
826 2928 75 75 year
921 2928 116 75 1960.-
1071 2928 127 75 There-

169 2975 83 75 fore,
278 2975 35 75 to
340 2975 64 75 find
420 2975 55 75 the
491 2975 63 75 day
566 2975 39 75 of
617 2975 68 75 new
703 2975 94 75 moon
814 2975 31 75 in
863 2975 61 75 any
940 2975 111 75 month
1064 2975 39 75 of
1116 2975 18 75 a
1150 2975 48 75 gi-

171 3023 60 75 ven
254 3023 76 75 year
345 3023 51 75 tiU
412 3023 70 75 that
498 3023 90 75 time,
603 3023 85 75 Jook
708 3023 53 75 for
789 3023 56 75 the
869 3023 116 75 golden
1006 3023 134 75 number
1163 3023 41 75 of

1285 162 43 75 N
1407 162 41 75 O
1527 162 49 75 M
1653 162 56 75 Y.

1248 228 71 75 that
1335 228 78 75 year
1428 228 101 75 under
1556 228 57 75 the
1633 228 124 75 defired
1783 228 126 75 month,
1934 228 63 75 and
2024 228 118 75 againft
2168 228 26 75 it
2218 228 65 75 you

1246 274 80 75 have
1351 274 56 75 the
1435 274 62 75 day
1525 274 40 75 of
1584 274 71 75 new
1683 274 96 75 moon
1808 274 32 75 in
1870 274 55 75 the
1951 274 162 75 left-hand
2140 274 140 75 column.

1246 322 109 75 Thus,
1381 322 129 75 fuppofe
1525 322 28 75 it
1569 322 84 75 were
1670 322 150 75 required
1835 322 35 75 to
1892 322 65 75 find
1973 322 56 75 the
2056 322 64 75 day
2147 322 41 75 of
2211 322 73 75 new

1247 369 97 75 moon
1359 369 33 75 in
1409 369 189 75 September
1609 369 98 75 ,1769
1720 369 11 75 ;
1765 369 58 75 the
1842 369 118 75 golden
1977 369 132 75 number
2132 369 52 75 for
2211 369 74 75 that

1248 414 75 75 year
1351 414 27 75 is
1404 414 33 75 3,
1483 414 105 75 which
1616 414 16 75 I
1663 414 79 75 look
1764 414 53 75 for
1844 414 103 75 under
1975 414 202 75 September,
2221 414 64 75 and

1249 460 85 75 right
1352 460 117 75 againft
1485 460 26 75 it
1534 460 32 75 in
1583 460 55 75 the
1653 460 165 75 left-hand
1834 460 126 75 column
1977 460 65 75 you
2058 460 65 75 will
2140 460 66 75 find
2225 460 59 75 30,

1248 507 105 75 which
1370 507 26 75 is
1415 507 55 75 the
1486 507 64 75 day
1565 507 41 75 of
1617 507 71 75 new
1704 507 95 75 moon
1815 507 33 75 in
1861 507 71 75 that
1949 507 126 75 month.
2124 507 50 75 N.
2189 507 43 75 B.
2250 507 39 75 If

1248 554 42 75 all
1306 554 56 75 the
1385 554 118 75 golden
1528 554 161 75 numbers,
1715 554 116 75 except
1860 554 40 75 17
1918 554 62 75 and
1998 554 35 75 6,
2060 554 84 75 were
2159 554 45 75 fet
2221 554 62 75 one

1248 599 63 75 day
1321 599 100 75 lower
1437 599 32 75 in
1481 599 56 75 the
1549 599 97 75 table,
1670 599 27 75 it
1709 599 110 75 would
1834 599 87 75 ferve
1936 599 85 75 from
2038 599 57 75 the
2110 599 172 75 beginning

1247 646 40 75 of
1298 646 55 75 the
1370 646 75 75 year
1465 646 90 75 1900
1571 646 49 75 till
1636 646 56 75 the
1719 646 63 75 end
1809 646 40 75 of
1866 646 56 75 the
1946 646 76 75 year
2050 646 105 75 2199.
2204 646 77 75 The

1246 693 86 75 table
1348 693 33 75 at
1397 693 56 75 the
1467 693 65 75 end
1543 693 40 75 of
1596 693 63 75 this
1675 693 132 75 chapter
1823 693 99 75 (hews
1941 693 55 75 the
2013 693 117 75 golden
2147 693 134 75 number

1246 739 53 75 for
1324 739 92 75 4000
1432 739 92 75 years
1541 739 84 75 after
1641 739 56 75 the
1714 739 86 75 birth
1817 739 41 75 of
1876 739 121 75 Chrift,
2024 739 41 75 by
2081 739 134 75 looking
2231 739 52 75 for

1247 786 55 75 the
1319 786 79 75 even
1414 786 164 75 hundreds
1601 786 42 75 of
1660 786 64 75 any
1739 786 92 75 given
1848 786 77 75 year
1952 786 35 75 at
2013 786 56 75 the
2095 786 62 75 left
2182 786 107 75 hand,,

1247 831 63 75 and
1327 831 52 75 for
1394 831 55 75 the
1473 831 60 75 reft
1549 831 35 75 to
1601 831 91 75 make
1710 831 42 75 up
1768 831 71 75 that
1855 831 78 75 year
1948 831 33 75 at
2005 831 54 75 the
2075 831 83 75 head
2175 831 40 75 of
2226 831 56 75 the

1246 878 85 75 table
1345 878 11 75 ;
1383 878 61 75 and
1460 878 107 75 where
1583 878 55 75 the
1654 878 144 75 Columns
1815 878 96 75 meet,
1937 878 64 75 you
2018 878 81 75 have
2116 878 55 75 the
2187 878 94 75 gold-

1245 924 38 75 en
1301 924 134 75 number
1453 924 122 75 (which
1598 924 27 75 is
1649 924 56 75 the
1717 924 82 75 fame
1812 924 78 75 both
1902 924 33 75 in
1948 924 54 75 old
2019 924 64 75 and
2098 924 71 75 new
2184 924 94 75 ftyle)

1245 971 53 75 for
1313 971 55 75 the
1384 971 93 75 given
1495 971 88 75 year.
1630 971 109 75 Thus,
1763 971 132 75 fuppofe
1922 971 56 75 the
2004 971 118 75 golden
2146 971 135 75 number

1244 1019 216 75 waswanted
1488 1019 53 75 for
1568 1019 55 75 the
1651 1019 76 75 year
1753 1019 110 75 1769;
1888 1019 76 75 look
1991 1019 53 75 for
2065 1019 90 75 1700
2172 1019 34 75 at
2225 1019 56 75 the

1242 1064 61 75 left
1319 1064 85 75 hand
1422 1064 39 75 of
1473 1064 55 75 the
1545 1064 97 75 table,
1668 1064 62 75 and
1746 1064 53 75 for
1817 1064 43 75 69
1878 1064 33 75 at
1928 1064 55 75 the
2000 1064 55 75 top
2073 1064 40 75 of
2123 1064 51 75 it;
2200 1064 79 75 then

1242 1111 132 75 guiding
1385 1111 83 75 your
1479 1111 58 75 eye
1550 1111 185 75 downward
1745 1111 85 75 from
1843 1111 45 75 69
1901 1111 35 75 to
1948 1111 211 75 over-againft
2175 1111 103 75 1700,

1242 1157 64 75 you
1324 1157 65 75 will
1413 1157 68 75 find
1507 1157 33 75 3,
1567 1157 106 75 which
1698 1157 27 75 is
1750 1157 56 75 the
1828 1157 119 75 golden
1974 1157 134 75 number
2130 1157 53 75 for
2208 1157 72 75 that

1244 1203 87 75 year.

1294 1251 66 75 But
1384 1251 130 75 becaufe
1531 1251 55 75 the
1602 1251 93 75 lunar
1709 1251 90 75 cycle
1816 1251 40 75 of
1871 1251 41 75 19
1924 1251 92 75 years
2032 1251 182 75 fometimes
2230 1251 47 75 in-

1243 1298 108 75 cludes
1369 1298 59 75 five
1444 1298 193 75 leap-years,
1661 1298 64 75 and
1741 1298 33 75 at
1786 1298 94 75 other
1903 1298 94 75 times
2017 1298 76 75 only
2109 1298 86 75 four,
2213 1298 65 75 this

1243 1344 85 75 table
1345 1344 76 75 will'
1421 1344 185 75 fometimes
1623 1344 78 75 vary
1728 1344 20 75 a
1774 1344 64 75 day
1864 1344 86 75 from
1965 1344 56 75 the
2037 1344 89 75 truth
2142 1344 32 75 in
2190 1344 87 75 leap-

1242 1391 91 75 years
1351 1391 83 75 after
1451 1391 177 75 February.
1676 1391 76 75 And
1779 1391 27 75 it
1825 1391 27 75 is
1878 1391 174 75 impoflible
2069 1391 36 75 to
2120 1391 82 75 have
2217 1391 62 75 one

1243 1438 88 75 more
1349 1438 134 75 correct,
1502 1438 103 75 unlefs
1623 1438 48 75 we
1687 1438 122 75 extend
1824 1438 25 75 it
1866 1438 34 75 to
1917 1438 74 75 four
2007 1438 93 75 times
2122 1438 41 75 19
2180 1438 47 75 or'
2227 1438 23 75 7
2257 1438 21 75 6

1241 1483 91 75 years
1347 1483 10 75 ;
1392 1483 32 75 in
1453 1483 105 75 which
1576 1483 92 75 there
1686 1483 53 75 are
1761 1483 40 75 19
1819 1483 178 75 leap-years
2015 1483 138 75 without
2181 1483 19 75 a
2226 1483 51 75 re-

1241 1530 156 75 mainder.
1445 1530 68 75 But
1529 1530 78 75 even
1631 1530 77 75 then
1725 1530 34 75 to
1775 1530 82 75 have
1878 1530 26 75 it
1928 1530 40 75 of
1980 1530 164 75 perpetual
2161 1530 64 75 ufe,
2250 1530 40 75 it-

1241 1577 80 75 muft
1337 1577 39 75 be
1393 1577 137 75 adapted
1548 1577 35 75 to
1599 1577 56 75 the
1672 1577 57 75 old
1747 1577 101 75 ftyle;
1874 1577 144 75 becaufe,
2042 1577 32 75 in
2091 1577 96 75 every
2203 1577 73 75 cen-

1241 1624 93 75 turial
1353 1624 77 75 year
1452 1624 57 75 not
1525 1624 143 75 divifible
1685 1624 44 75 by
1749 1624 34 75 4,
1809 1624 55 75 the
1876 1624 125 75 regular
2013 1624 109 75 courfe
2139 1624 39 75 of
2189 1624 88 75 leap-

1241 1671 91 75 years
1349 1671 26 75 is
1400 1671 199 75 interrupted
1616 1671 32 75 in
1669 1671 55 75 the
1742 1671 94 75 new;
1863 1671 33 75 as
1914 1671 66 75 will
2004 1671 40 75 be
2067 1671 56 75 the
2151 1671 68 75 cafe
2241 1671 35 75 in

1240 1717 55 75 the
1312 1717 75 75 year
1407 1717 102 75 1800.

1287 1763 76 75 The
1380 1763 90 75 cycle
1482 1763 40 75 of
1533 1763 126 75 Eafter,
1683 1763 65 75 alfo
1766 1763 104 75 called
1886 1763 56 75 the
1959 1763 177 75 Dionyjian
2146 1763 129 75 period,

1240 1810 27 75 is
1281 1810 18 75 a
1312 1810 178 75 revolution
1502 1810 41 75 of
1552 1810 64 75 532
1628 1810 104 75 years,
1745 1810 100 75 found
1859 1810 41 75 by
1913 1810 204 75 multiplying
2128 1810 54 75 the
2193 1810 85 75 folar

1241 1856 89 75 cycle
1349 1856 42 75 28
1410 1856 44 75 by
1470 1856 54 75 the
1540 1856 92 75 lunar
1649 1856 89 75 cycle
1759 1856 53 75 19.
1862 1856 37 75 If
1917 1856 55 75 the
1999 1856 71 75 new
2092 1856 111 75 moons
2219 1856 58 75 did

1240 1902 57 75 not
1319 1902 169 75 anticipate
1516 1902 84 75 upon
1617 1902 63 75 this
1698 1902 101 75 cycle,
1825 1902 192 75 Eafter-day
2032 1902 109 75 would
2156 1902 120 75 always

1240 1949 39 75 be
1296 1949 54 75 the
1369 1949 133 75 Sunday
1518 1949 79 75 next
1613 1949 84 75 after
1713 1949 56 75 the
1784 1949 66 75 firft
1864 1949 62 75 full
1942 1949 110 75 moon,
2081 1949 105 75 which
2210 1949 64 75 fol-

1240 1995 79 75 lows
1337 1995 55 75 the
1410 1995 71 75 2xft
1498 1995 40 75 of
1549 1995 132 75 March.
1731 1995 80 75 But,
1836 1995 41 75 on
1895 1995 137 75 account
2049 1995 40 75 of
2100 1995 56 75 the
2173 1995 103 75 above

1241 2041 218 75 anticipation,
1485 2041 34 75 to
1543 2041 107 75 which
1675 2041 42 75 no
1740 2041 115 75 proper
1871 2041 115 75 regard
2002 2041 65 75 was
2084 2041 63 75 had
2165 2041 111 75 before

1240 2089 55 75 the
1313 2089 65 75 late
1393 2089 170 75 alteration
1581 2089 40 75 of
1631 2089 55 75 the
1704 2089 89 75 ftyle,
1818 2089 56 75 the
1890 2089 184 75 ecclefiaftic
2089 2089 113 75 Eafter
2217 2089 58 75 has

1240 2135 118 75 feveral
1375 2135 93 75 times
1485 2135 79 75 been
1581 2135 19 75 a
1616 2135 90 75 week
1733 2135 150 75 different
1901 2135 83 75 from
2002 2135 55 75 the
2073 2135 72 75 true
2161 2135 115 75 Eafter

1242 2181 112 75 within
1371 2181 64 75 this
1453 2181 56 75 laft
1526 2181 154 75 century:
1708 2181 105 75 which
1833 2181 243 75 inconvenience
2093 2181 26 75 is
2136 2181 73 75 now
2225 2181 50 75 re-

1242 2227 126 75 medied
1385 2227 42 75 by
1443 2227 130 75 making
1599 2227 57 75 the
1681 2227 98 75 table,
1806 2227 105 75 which
1936 2227 77 75 ufed
2029 2227 35 75 to
2080 2227 66 75 find
2162 2227 112 75 Eafter

1242 2275 53 75 for
1321 2275 87 75 ever,
1443 2275 33 75 in
1503 2275 56 75 the
1588 2275 157 75 Common
1763 2275 121 75 Prayer
1900 2275 108 75 Book,
2034 2275 41 75 of
2094 2275 42 75 no
2162 2275 114 75 longer

1243 2321 52 75 ufe
1312 2321 77 75 than
1409 2321 55 75 the
1481 2321 91 75 lunar
1588 2321 175 75 difference
1779 2321 84 75 from
1879 2321 57 75 the
1956 2321 71 75 new
2042 2321 78 75 ftyle
2136 2321 65 75 will
2218 2321 56 75 ad-

1243 2368 59 75 mit
1319 2368 47 75 of.

1288 2415 77 75 The
1382 2415 121 75 earlieft
1520 2415 112 75 Eafter
1648 2415 127 75 poflible
1794 2415 25 75 is
1845 2415 55 75 the
1918 2415 68 75 22d
2011 2415 40 75 of
2061 2415 131 75 March,
2218 2415 57 75 the

1242 2461 89 75 lateft
1347 2461 55 75 the
1425 2461 80 75 25th
1522 2461 41 75 of
1577 2461 108 75 April.
1745 2461 132 75 Within
1904 2461 87 75 thefe
2019 2461 98 75 limits
2145 2461 55 75 are
2229 2461 44 75 37

1243 2508 90 75 days,
1360 2508 59 75 and
1438 2508 54 75 the
1508 2508 132 75 number
1657 2508 169 75 belonging
1842 2508 36 75 to
1901 2508 78 75 each
1996 2508 41 75 of
2047 2508 88 75 them
2152 2508 26 75 is
2196 2508 77 75 call-

1243 2554 41 75 ed
1300 2554 56 75 the
1372 2554 131 75 number
1520 2554 44 75 of
1568 2554 177 75 clirettion;
1772 2554 132 75 becaufe
1921 2554 133 75 thereby
2071 2554 55 75 the
2142 2554 76 75 time
2238 2554 41 75 of

1244 2599 111 75 Eafter
1370 2599 26 75 is
1413 2599 101 75 found
1529 2599 51 75 for
1597 2599 62 75 any
1674 2599 99 75 givea
1784 2599 87 75 year.

1290 2646 76 75 The
1382 2646 65 75 firft
1462 2646 93 75 feven
1571 2646 113 75 letters
1706 2646 52 75 of.
1769 2646 55 75 the
1839 2646 158 75 .alphabet
2022 2646 53 75 are
2092 2646 183 75 commonly

1243 2693 114 75 placed
1372 2693 32 75 in
1419 2693 56 75 the
1492 2693 115 75 annual
1622 2693 192 75 almanacks,
1840 2693 35 75 to
1890 2693 83 75 (hew
1988 2693 41 75 on
2046 2693 85 75 v/hat
2148 2693 78 75 days
2239 2693 42 75 of

1245 2740 55 75 the
1318 2740 88 75 week
1430 2740 55 75 the
1509 2740 80 75 ddys
1616 2740 41 75 of
1678 2740 56 75 the
1761 2740 128 75 months
1916 2740 58 75 fall
1999 2740 199 75 throughout
2218 2740 56 75 the

1245 2786 88 75 year.
1382 2786 77 75 And
1476 2786 130 75 becaufe
1623 2786 60 75 one
1699 2786 40 75 of
1758 2786 90 75 thofe
1875 2786 91 75 feven
1993 2786 112 75 letters
2122 2786 79 75 muft
2217 2786 56 75 ne-

1246 2833 143 75 ceflarily
1404 2833 87 75 ftand
1508 2833 117 75 againft
1643 2833 144 75 Sunday,
1813 2833 25 75 it
1865 2833 27 75 is
1919 2833 128 75 printed
2073 2833 32 75 in
2123 2833 18 75 a
2157 2833 117 75 capital

1247 2880 95 75 form,
1369 2880 62 75 and
1457 2880 103 75 called
1588 2880 56 75 the
1671 2880 178 75 dominical
1871 2880 120 75 letter:
2016 2880 77 75 The
2116 2880 94 75 other
2225 2880 48 75 fix

1246 2926 94 75 being
1356 2926 138 75 inferred
1520 2926 32 75 in
1579 2926 91 75 fmall
1698 2926 188 75 characters,
1912 2926 35 75 to
1969 2926 116 75 denote
2107 2926 56 75 the
2179 2926 96 75 other

1247 2972 46 75 fix
1308 2972 78 75 days
1411 2972 40 75 of
1475 2972 55 75 the
1557 2972 103 75 Week.
1709 2972 99 75 Now,
1844 2972 80 75 fince
1953 2972 19 75 a
2003 2972 145 75 common
2165 2972 108 75 Julian

1247 3019 75 75 year
1339 3019 143 75 contains
1501 3019 64 75 3^5
1585 3019 91 75 days,
1701 3019 31 75 if
1750 3019 63 75 this
1830 3019 132 75 number
1984 3019 38 75 be
2046 3019 130 75 divided
2192 3019 42 75 by
2253 3019 20 75 7
