<?xml version="1.0" encoding="UTF-8"?>
<alto xmlns="http://www.loc.gov/standards/alto/v3/alto.xsd"><Description><MeasurementUnit>pixel</MeasurementUnit><sourceImageInformation><fileName>./data/pdfs/c_188936619/i_144133901/188082693.23.pdf</fileName></sourceImageInformation><OCRProcessing ID="IdOcr"><ocrProcessingStep><processingDateTime>Fri Jul 12 10:39:11 2019
</processingDateTime><processingSoftware><softwareCreator>CONTRIBUTORS</softwareCreator><softwareName>pdfalto</softwareName><softwareVersion>0.1</softwareVersion></processingSoftware></ocrProcessingStep></OCRProcessing></Description><Styles><TextStyle ID="font0" FONTFAMILY="times" FONTSIZE="10.000" FONTTYPE="serif" FONTWIDTH="proportional" FONTCOLOR="#WWWWWW" FONTSTYLE=""/><TextStyle ID="font1" FONTFAMILY="times" FONTSIZE="6.500" FONTTYPE="serif" FONTWIDTH="proportional" FONTCOLOR="#WWWWWW" FONTSTYLE="superscript"/></Styles><Layout><Page ID="Page828" PHYSICAL_IMG_NR="828" WIDTH="2477" HEIGHT="3395"><PrintSpace><TextLine WIDTH="235" HEIGHT="75" ID="p828_t1" HPOS="586" VPOS="136"><String ID="p828_w1" CONTENT="BUT" HPOS="586" VPOS="136" WIDTH="235" HEIGHT="75" STYLEREFS="font0"/></TextLine><TextLine WIDTH="239" HEIGHT="75" ID="p828_t2" HPOS="1157" VPOS="136"><String ID="p828_w2" CONTENT="(" HPOS="1157" VPOS="136" WIDTH="18" HEIGHT="75" STYLEREFS="font0"/><SP WIDTH="61" VPOS="136" HPOS="1175"/><String ID="p828_w3" CONTENT="606" HPOS="1236" VPOS="136" WIDTH="84" HEIGHT="75" STYLEREFS="font0"/><SP WIDTH="57" VPOS="136" HPOS="1320"/><String ID="p828_w4" CONTENT=")" HPOS="1377" VPOS="136" WIDTH="19" HEIGHT="75" STYLEREFS="font0"/></TextLine><TextLine WIDTH="238" HEIGHT="75" ID="p828_t3" HPOS="1723" VPOS="136"><String ID="p828_w5" CONTENT="BUT" HPOS="1723" VPOS="136" WIDTH="238" HEIGHT="75" STYLEREFS="font0"/></TextLine><TextLine WIDTH="989" HEIGHT="75" ID="p828_t4" HPOS="252" VPOS="199"><String ID="p828_w6" CONTENT="the" HPOS="252" VPOS="199" WIDTH="53" HEIGHT="75" STYLEREFS="font0"/><SP WIDTH="25" VPOS="199" HPOS="305"/><String ID="p828_w7" CONTENT="proper" HPOS="330" VPOS="199" WIDTH="117" HEIGHT="75" STYLEREFS="font0"/><SP WIDTH="26" VPOS="199" HPOS="447"/><String ID="p828_w8" CONTENT="ufe" HPOS="473" VPOS="199" WIDTH="54" HEIGHT="75" STYLEREFS="font0"/><SP WIDTH="27" VPOS="199" HPOS="527"/><String ID="p828_w9" CONTENT="of" HPOS="554" VPOS="199" WIDTH="40" HEIGHT="75" STYLEREFS="font0"/><SP WIDTH="24" VPOS="199" HPOS="594"/><String ID="p828_w10" CONTENT="the" HPOS="618" VPOS="199" WIDTH="53" HEIGHT="75" STYLEREFS="font0"/><SP WIDTH="30" VPOS="199" HPOS="671"/><String ID="p828_w11" CONTENT="crown." HPOS="701" VPOS="199" WIDTH="122" HEIGHT="75" STYLEREFS="font0"/><SP WIDTH="49" VPOS="199" HPOS="823"/><String ID="p828_w12" CONTENT="But" HPOS="872" VPOS="199" WIDTH="68" HEIGHT="75" STYLEREFS="font0"/><SP WIDTH="30" VPOS="199" HPOS="940"/><String ID="p828_w13" CONTENT="for" HPOS="970" VPOS="199" WIDTH="50" HEIGHT="75" STYLEREFS="font0"/><SP WIDTH="18" VPOS="199" HPOS="1020"/><String ID="p828_w14" CONTENT="many" HPOS="1038" VPOS="199" WIDTH="94" HEIGHT="75" STYLEREFS="font0"/><SP WIDTH="17" VPOS="199" HPOS="1132"/><String ID="p828_w15" CONTENT="years" HPOS="1149" VPOS="199" WIDTH="92" HEIGHT="75" STYLEREFS="font0"/></TextLine><TextLine WIDTH="990" HEIGHT="75" ID="p828_t5" HPOS="252" VPOS="245"><String ID="p828_w16" CONTENT="pad," HPOS="252" VPOS="245" WIDTH="77" HEIGHT="75" STYLEREFS="font0"/><SP WIDTH="27" VPOS="245" HPOS="329"/><String ID="p828_w17" CONTENT="there" HPOS="356" VPOS="245" WIDTH="90" HEIGHT="75" STYLEREFS="font0"/><SP WIDTH="16" VPOS="245" HPOS="446"/><String ID="p828_w18" CONTENT="having" HPOS="462" VPOS="245" WIDTH="118" HEIGHT="75" STYLEREFS="font0"/><SP WIDTH="27" VPOS="245" HPOS="580"/><String ID="p828_w19" CONTENT="been" HPOS="607" VPOS="245" WIDTH="80" HEIGHT="75" STYLEREFS="font0"/><SP WIDTH="28" VPOS="245" HPOS="687"/><String ID="p828_w20" CONTENT="granted" HPOS="715" VPOS="245" WIDTH="135" HEIGHT="75" STYLEREFS="font0"/><SP WIDTH="27" VPOS="245" HPOS="850"/><String ID="p828_w21" CONTENT="by" HPOS="877" VPOS="245" WIDTH="42" HEIGHT="75" STYLEREFS="font0"/><SP WIDTH="19" VPOS="245" HPOS="919"/><String ID="p828_w22" CONTENT="parliament" HPOS="938" VPOS="245" WIDTH="186" HEIGHT="75" STYLEREFS="font0"/><SP WIDTH="24" VPOS="245" HPOS="1124"/><String ID="p828_w23" CONTENT="fubfi-" HPOS="1148" VPOS="245" WIDTH="94" HEIGHT="75" STYLEREFS="font0"/></TextLine><TextLine WIDTH="987" HEIGHT="75" ID="p828_t6" HPOS="255" VPOS="292"><String ID="p828_w24" CONTENT="dies" HPOS="255" VPOS="292" WIDTH="67" HEIGHT="75" STYLEREFS="font0"/><SP WIDTH="18" VPOS="292" HPOS="322"/><String ID="p828_w25" CONTENT="to" HPOS="340" VPOS="292" WIDTH="35" HEIGHT="75" STYLEREFS="font0"/><SP WIDTH="17" VPOS="292" HPOS="375"/><String ID="p828_w26" CONTENT="the" HPOS="392" VPOS="292" WIDTH="54" HEIGHT="75" STYLEREFS="font0"/><SP WIDTH="17" VPOS="292" HPOS="446"/><String ID="p828_w27" CONTENT="kings" HPOS="463" VPOS="292" WIDTH="92" HEIGHT="75" STYLEREFS="font0"/><SP WIDTH="28" VPOS="292" HPOS="555"/><String ID="p828_w28" CONTENT="of" HPOS="583" VPOS="292" WIDTH="40" HEIGHT="75" STYLEREFS="font0"/><SP WIDTH="22" VPOS="292" HPOS="623"/><String ID="p828_w29" CONTENT="England," HPOS="645" VPOS="292" WIDTH="165" HEIGHT="75" STYLEREFS="font0"/><SP WIDTH="26" VPOS="292" HPOS="810"/><String ID="p828_w30" CONTENT="and" HPOS="836" VPOS="292" WIDTH="61" HEIGHT="75" STYLEREFS="font0"/><SP WIDTH="18" VPOS="292" HPOS="897"/><String ID="p828_w31" CONTENT="the" HPOS="915" VPOS="292" WIDTH="55" HEIGHT="75" STYLEREFS="font0"/><SP WIDTH="18" VPOS="292" HPOS="970"/><String ID="p828_w32" CONTENT="duty" HPOS="988" VPOS="292" WIDTH="81" HEIGHT="75" STYLEREFS="font0"/><SP WIDTH="17" VPOS="292" HPOS="1069"/><String ID="p828_w33" CONTENT="of" HPOS="1086" VPOS="292" WIDTH="39" HEIGHT="75" STYLEREFS="font0"/><SP WIDTH="12" VPOS="292" HPOS="1125"/><String ID="p828_w34" CONTENT="butle-" HPOS="1137" VPOS="292" WIDTH="105" HEIGHT="75" STYLEREFS="font0"/></TextLine><TextLine WIDTH="990" HEIGHT="75" ID="p828_t7" HPOS="255" VPOS="337"><String ID="p828_w35" CONTENT="rage" HPOS="255" VPOS="337" WIDTH="75" HEIGHT="75" STYLEREFS="font0"/><SP WIDTH="29" VPOS="337" HPOS="330"/><String ID="p828_w36" CONTENT="not" HPOS="359" VPOS="337" WIDTH="56" HEIGHT="75" STYLEREFS="font0"/><SP WIDTH="28" VPOS="337" HPOS="415"/><String ID="p828_w37" CONTENT="repealed," HPOS="443" VPOS="337" WIDTH="160" HEIGHT="75" STYLEREFS="font0"/><SP WIDTH="35" VPOS="337" HPOS="603"/><String ID="p828_w38" CONTENT="but" HPOS="638" VPOS="337" WIDTH="57" HEIGHT="75" STYLEREFS="font0"/><SP WIDTH="28" VPOS="337" HPOS="695"/><String ID="p828_w39" CONTENT="confirmed," HPOS="723" VPOS="337" WIDTH="187" HEIGHT="75" STYLEREFS="font0"/><SP WIDTH="33" VPOS="337" HPOS="910"/><String ID="p828_w40" CONTENT="they" HPOS="943" VPOS="337" WIDTH="79" HEIGHT="75" STYLEREFS="font0"/><SP WIDTH="36" VPOS="337" HPOS="1022"/><String ID="p828_w41" CONTENT="have" HPOS="1058" VPOS="337" WIDTH="80" HEIGHT="75" STYLEREFS="font0"/><SP WIDTH="27" VPOS="337" HPOS="1138"/><String ID="p828_w42" CONTENT="been" HPOS="1165" VPOS="337" WIDTH="80" HEIGHT="75" STYLEREFS="font0"/></TextLine><TextLine WIDTH="989" HEIGHT="75" ID="p828_t8" HPOS="255" VPOS="384"><String ID="p828_w43" CONTENT="pleafed" HPOS="255" VPOS="384" WIDTH="125" HEIGHT="75" STYLEREFS="font0"/><SP WIDTH="29" VPOS="384" HPOS="380"/><String ID="p828_w44" CONTENT="to" HPOS="409" VPOS="384" WIDTH="34" HEIGHT="75" STYLEREFS="font0"/><SP WIDTH="28" VPOS="384" HPOS="443"/><String ID="p828_w45" CONTENT="grant" HPOS="471" VPOS="384" WIDTH="92" HEIGHT="75" STYLEREFS="font0"/><SP WIDTH="28" VPOS="384" HPOS="563"/><String ID="p828_w46" CONTENT="the" HPOS="591" VPOS="384" WIDTH="55" HEIGHT="75" STYLEREFS="font0"/><SP WIDTH="28" VPOS="384" HPOS="646"/><String ID="p828_w47" CONTENT="fame" HPOS="674" VPOS="384" WIDTH="83" HEIGHT="75" STYLEREFS="font0"/><SP WIDTH="29" VPOS="384" HPOS="757"/><String ID="p828_w48" CONTENT="away" HPOS="786" VPOS="384" WIDTH="90" HEIGHT="75" STYLEREFS="font0"/><SP WIDTH="21" VPOS="384" HPOS="876"/><String ID="p828_w49" CONTENT="to" HPOS="897" VPOS="384" WIDTH="37" HEIGHT="75" STYLEREFS="font0"/><SP WIDTH="25" VPOS="384" HPOS="934"/><String ID="p828_w50" CONTENT="fome" HPOS="959" VPOS="384" WIDTH="86" HEIGHT="75" STYLEREFS="font0"/><SP WIDTH="19" VPOS="384" HPOS="1045"/><String ID="p828_w51" CONTENT="nobleman," HPOS="1064" VPOS="384" WIDTH="180" HEIGHT="75" STYLEREFS="font0"/></TextLine><TextLine WIDTH="990" HEIGHT="75" ID="p828_t9" HPOS="258" VPOS="430"><String ID="p828_w52" CONTENT="who," HPOS="258" VPOS="430" WIDTH="87" HEIGHT="75" STYLEREFS="font0"/><SP WIDTH="18" VPOS="430" HPOS="345"/><String ID="p828_w53" CONTENT="by" HPOS="363" VPOS="430" WIDTH="43" HEIGHT="75" STYLEREFS="font0"/><SP WIDTH="14" VPOS="430" HPOS="406"/><String ID="p828_w54" CONTENT="virtue" HPOS="420" VPOS="430" WIDTH="106" HEIGHT="75" STYLEREFS="font0"/><SP WIDTH="25" VPOS="430" HPOS="526"/><String ID="p828_w55" CONTENT="of" HPOS="551" VPOS="430" WIDTH="40" HEIGHT="75" STYLEREFS="font0"/><SP WIDTH="21" VPOS="430" HPOS="591"/><String ID="p828_w56" CONTENT="fuch" HPOS="612" VPOS="430" WIDTH="74" HEIGHT="75" STYLEREFS="font0"/><SP WIDTH="20" VPOS="430" HPOS="686"/><String ID="p828_w57" CONTENT="grant," HPOS="706" VPOS="430" WIDTH="105" HEIGHT="75" STYLEREFS="font0"/><SP WIDTH="25" VPOS="430" HPOS="811"/><String ID="p828_w58" CONTENT="is" HPOS="836" VPOS="430" WIDTH="26" HEIGHT="75" STYLEREFS="font0"/><SP WIDTH="18" VPOS="430" HPOS="862"/><String ID="p828_w59" CONTENT="to" HPOS="880" VPOS="430" WIDTH="35" HEIGHT="75" STYLEREFS="font0"/><SP WIDTH="16" VPOS="430" HPOS="915"/><String ID="p828_w60" CONTENT="enjoy" HPOS="931" VPOS="430" WIDTH="97" HEIGHT="75" STYLEREFS="font0"/><SP WIDTH="16" VPOS="430" HPOS="1028"/><String ID="p828_w61" CONTENT="the" HPOS="1044" VPOS="430" WIDTH="55" HEIGHT="75" STYLEREFS="font0"/><SP WIDTH="17" VPOS="430" HPOS="1099"/><String ID="p828_w62" CONTENT="full" HPOS="1116" VPOS="430" WIDTH="59" HEIGHT="75" STYLEREFS="font0"/><SP WIDTH="17" VPOS="430" HPOS="1175"/><String ID="p828_w63" CONTENT="be-" HPOS="1192" VPOS="430" WIDTH="56" HEIGHT="75" STYLEREFS="font0"/></TextLine><TextLine WIDTH="997" HEIGHT="75" ID="p828_t10" HPOS="251" VPOS="476"><String ID="p828_w64" CONTENT="nefit" HPOS="251" VPOS="476" WIDTH="81" HEIGHT="75" STYLEREFS="font0"/><SP WIDTH="24" VPOS="476" HPOS="332"/><String ID="p828_w65" CONTENT="and" HPOS="356" VPOS="476" WIDTH="62" HEIGHT="75" STYLEREFS="font0"/><SP WIDTH="29" VPOS="476" HPOS="418"/><String ID="p828_w66" CONTENT="advantage" HPOS="447" VPOS="476" WIDTH="175" HEIGHT="75" STYLEREFS="font0"/><SP WIDTH="30" VPOS="476" HPOS="622"/><String ID="p828_w67" CONTENT="thereof," HPOS="652" VPOS="476" WIDTH="139" HEIGHT="75" STYLEREFS="font0"/><SP WIDTH="26" VPOS="476" HPOS="791"/><String ID="p828_w68" CONTENT="and" HPOS="817" VPOS="476" WIDTH="61" HEIGHT="75" STYLEREFS="font0"/><SP WIDTH="17" VPOS="476" HPOS="878"/><String ID="p828_w69" CONTENT="may" HPOS="895" VPOS="476" WIDTH="70" HEIGHT="75" STYLEREFS="font0"/><SP WIDTH="20" VPOS="476" HPOS="965"/><String ID="p828_w70" CONTENT="caufe" HPOS="985" VPOS="476" WIDTH="91" HEIGHT="75" STYLEREFS="font0"/><SP WIDTH="18" VPOS="476" HPOS="1076"/><String ID="p828_w71" CONTENT="the" HPOS="1094" VPOS="476" WIDTH="54" HEIGHT="75" STYLEREFS="font0"/><SP WIDTH="18" VPOS="476" HPOS="1148"/><String ID="p828_w72" CONTENT="fame" HPOS="1166" VPOS="476" WIDTH="82" HEIGHT="75" STYLEREFS="font0"/></TextLine><TextLine WIDTH="991" HEIGHT="75" ID="p828_t11" HPOS="256" VPOS="524"><String ID="p828_w73" CONTENT="to" HPOS="256" VPOS="524" WIDTH="34" HEIGHT="75" STYLEREFS="font0"/><SP WIDTH="16" VPOS="524" HPOS="290"/><String ID="p828_w74" CONTENT="be" HPOS="306" VPOS="524" WIDTH="39" HEIGHT="75" STYLEREFS="font0"/><SP WIDTH="14" VPOS="524" HPOS="345"/><String ID="p828_w75" CONTENT="colleft;" HPOS="359" VPOS="524" WIDTH="124" HEIGHT="75" STYLEREFS="font0"/><SP WIDTH="8" VPOS="524" HPOS="483"/><String ID="p828_w76" CONTENT="d" HPOS="491" VPOS="524" WIDTH="22" HEIGHT="75" STYLEREFS="font0"/><SP WIDTH="12" VPOS="524" HPOS="513"/><String ID="p828_w77" CONTENT="in" HPOS="525" VPOS="524" WIDTH="30" HEIGHT="75" STYLEREFS="font0"/><SP WIDTH="14" VPOS="524" HPOS="555"/><String ID="p828_w78" CONTENT="the" HPOS="569" VPOS="524" WIDTH="54" HEIGHT="75" STYLEREFS="font0"/><SP WIDTH="13" VPOS="524" HPOS="623"/><String ID="p828_w79" CONTENT="fame" HPOS="636" VPOS="524" WIDTH="83" HEIGHT="75" STYLEREFS="font0"/><SP WIDTH="18" VPOS="524" HPOS="719"/><String ID="p828_w80" CONTENT="manner" HPOS="737" VPOS="524" WIDTH="130" HEIGHT="75" STYLEREFS="font0"/><SP WIDTH="13" VPOS="524" HPOS="867"/><String ID="p828_w81" CONTENT="that" HPOS="880" VPOS="524" WIDTH="71" HEIGHT="75" STYLEREFS="font0"/><SP WIDTH="17" VPOS="524" HPOS="951"/><String ID="p828_w82" CONTENT="the" HPOS="968" VPOS="524" WIDTH="54" HEIGHT="75" STYLEREFS="font0"/><SP WIDTH="17" VPOS="524" HPOS="1022"/><String ID="p828_w83" CONTENT="kings" HPOS="1039" VPOS="524" WIDTH="92" HEIGHT="75" STYLEREFS="font0"/><SP WIDTH="13" VPOS="524" HPOS="1131"/><String ID="p828_w84" CONTENT="them-" HPOS="1144" VPOS="524" WIDTH="103" HEIGHT="75" STYLEREFS="font0"/></TextLine><TextLine WIDTH="597" HEIGHT="75" ID="p828_t12" HPOS="256" VPOS="571"><String ID="p828_w85" CONTENT="felves" HPOS="256" VPOS="571" WIDTH="99" HEIGHT="75" STYLEREFS="font0"/><SP WIDTH="18" VPOS="571" HPOS="355"/><String ID="p828_w86" CONTENT="were" HPOS="373" VPOS="571" WIDTH="83" HEIGHT="75" STYLEREFS="font0"/><SP WIDTH="17" VPOS="571" HPOS="456"/><String ID="p828_w87" CONTENT="formerly" HPOS="473" VPOS="571" WIDTH="154" HEIGHT="75" STYLEREFS="font0"/><SP WIDTH="17" VPOS="571" HPOS="627"/><String ID="p828_w88" CONTENT="wont" HPOS="644" VPOS="571" WIDTH="87" HEIGHT="75" STYLEREFS="font0"/><SP WIDTH="16" VPOS="571" HPOS="731"/><String ID="p828_w89" CONTENT="to" HPOS="747" VPOS="571" WIDTH="35" HEIGHT="75" STYLEREFS="font0"/><SP WIDTH="16" VPOS="571" HPOS="782"/><String ID="p828_w90" CONTENT="do." HPOS="798" VPOS="571" WIDTH="55" HEIGHT="75" STYLEREFS="font0"/></TextLine><TextLine WIDTH="1041" HEIGHT="75" ID="p828_t13" HPOS="209" VPOS="618"><String ID="p828_w91" CONTENT="HUTMENTS," HPOS="209" VPOS="618" WIDTH="287" HEIGHT="75" STYLEREFS="font0"/><SP WIDTH="36" VPOS="618" HPOS="496"/><String ID="p828_w92" CONTENT="in" HPOS="532" VPOS="618" WIDTH="31" HEIGHT="75" STYLEREFS="font0"/><SP WIDTH="44" VPOS="618" HPOS="563"/><String ID="p828_w93" CONTENT="architedure," HPOS="607" VPOS="618" WIDTH="222" HEIGHT="75" STYLEREFS="font0"/><SP WIDTH="38" VPOS="618" HPOS="829"/><String ID="p828_w94" CONTENT="thofe" HPOS="867" VPOS="618" WIDTH="90" HEIGHT="75" STYLEREFS="font0"/><SP WIDTH="37" VPOS="618" HPOS="957"/><String ID="p828_w95" CONTENT="fupporters" HPOS="994" VPOS="618" WIDTH="183" HEIGHT="75" STYLEREFS="font0"/><SP WIDTH="32" VPOS="618" HPOS="1177"/><String ID="p828_w96" CONTENT="or" HPOS="1209" VPOS="618" WIDTH="41" HEIGHT="75" STYLEREFS="font0"/></TextLine><TextLine WIDTH="898" HEIGHT="75" ID="p828_t14" HPOS="256" VPOS="664"><String ID="p828_w97" CONTENT="props" HPOS="256" VPOS="664" WIDTH="93" HEIGHT="75" STYLEREFS="font0"/><SP WIDTH="21" VPOS="664" HPOS="349"/><String ID="p828_w98" CONTENT="on" HPOS="370" VPOS="664" WIDTH="41" HEIGHT="75" STYLEREFS="font0"/><SP WIDTH="19" VPOS="664" HPOS="411"/><String ID="p828_w99" CONTENT="Or" HPOS="430" VPOS="664" WIDTH="36" HEIGHT="75" STYLEREFS="font0"/><SP WIDTH="17" VPOS="664" HPOS="466"/><String ID="p828_w100" CONTENT="againft" HPOS="483" VPOS="664" WIDTH="121" HEIGHT="75" STYLEREFS="font0"/><SP WIDTH="18" VPOS="664" HPOS="604"/><String ID="p828_w101" CONTENT="which" HPOS="622" VPOS="664" WIDTH="104" HEIGHT="75" STYLEREFS="font0"/><SP WIDTH="19" VPOS="664" HPOS="726"/><String ID="p828_w102" CONTENT="the" HPOS="745" VPOS="664" WIDTH="53" HEIGHT="75" STYLEREFS="font0"/><SP WIDTH="18" VPOS="664" HPOS="798"/><String ID="p828_w103" CONTENT="feet" HPOS="816" VPOS="664" WIDTH="66" HEIGHT="75" STYLEREFS="font0"/><SP WIDTH="16" VPOS="664" HPOS="882"/><String ID="p828_w104" CONTENT="of" HPOS="898" VPOS="664" WIDTH="41" HEIGHT="75" STYLEREFS="font0"/><SP WIDTH="12" VPOS="664" HPOS="939"/><String ID="p828_w105" CONTENT="arches" HPOS="951" VPOS="664" WIDTH="110" HEIGHT="75" STYLEREFS="font0"/><SP WIDTH="18" VPOS="664" HPOS="1061"/><String ID="p828_w106" CONTENT="reft." HPOS="1079" VPOS="664" WIDTH="75" HEIGHT="75" STYLEREFS="font0"/></TextLine><TextLine WIDTH="1039" HEIGHT="75" ID="p828_t15" HPOS="208" VPOS="710"><String ID="p828_w107" CONTENT="Butment" HPOS="208" VPOS="710" WIDTH="197" HEIGHT="75" STYLEREFS="font0"/><SP WIDTH="18" VPOS="710" HPOS="405"/><String ID="p828_w108" CONTENT="is" HPOS="423" VPOS="710" WIDTH="26" HEIGHT="75" STYLEREFS="font0"/><SP WIDTH="29" VPOS="710" HPOS="449"/><String ID="p828_w109" CONTENT="alfo" HPOS="478" VPOS="710" WIDTH="65" HEIGHT="75" STYLEREFS="font0"/><SP WIDTH="27" VPOS="710" HPOS="543"/><String ID="p828_w110" CONTENT="the" HPOS="570" VPOS="710" WIDTH="56" HEIGHT="75" STYLEREFS="font0"/><SP WIDTH="28" VPOS="710" HPOS="626"/><String ID="p828_w111" CONTENT="term" HPOS="654" VPOS="710" WIDTH="81" HEIGHT="75" STYLEREFS="font0"/><SP WIDTH="19" VPOS="710" HPOS="735"/><String ID="p828_w112" CONTENT="given" HPOS="754" VPOS="710" WIDTH="92" HEIGHT="75" STYLEREFS="font0"/><SP WIDTH="26" VPOS="710" HPOS="846"/><String ID="p828_w113" CONTENT="to" HPOS="872" VPOS="710" WIDTH="34" HEIGHT="75" STYLEREFS="font0"/><SP WIDTH="16" VPOS="710" HPOS="906"/><String ID="p828_w114" CONTENT="little" HPOS="922" VPOS="710" WIDTH="84" HEIGHT="75" STYLEREFS="font0"/><SP WIDTH="24" VPOS="710" HPOS="1006"/><String ID="p828_w115" CONTENT="places" HPOS="1030" VPOS="710" WIDTH="104" HEIGHT="75" STYLEREFS="font0"/><SP WIDTH="19" VPOS="710" HPOS="1134"/><String ID="p828_w116" CONTENT="taken" HPOS="1153" VPOS="710" WIDTH="94" HEIGHT="75" STYLEREFS="font0"/></TextLine><TextLine WIDTH="991" HEIGHT="75" ID="p828_t16" HPOS="256" VPOS="757"><String ID="p828_w117" CONTENT="out" HPOS="256" VPOS="757" WIDTH="55" HEIGHT="75" STYLEREFS="font0"/><SP WIDTH="19" VPOS="757" HPOS="311"/><String ID="p828_w118" CONTENT="of" HPOS="330" VPOS="757" WIDTH="39" HEIGHT="75" STYLEREFS="font0"/><SP WIDTH="12" VPOS="757" HPOS="369"/><String ID="p828_w119" CONTENT="the" HPOS="381" VPOS="757" WIDTH="54" HEIGHT="75" STYLEREFS="font0"/><SP WIDTH="18" VPOS="757" HPOS="435"/><String ID="p828_w120" CONTENT="yard" HPOS="453" VPOS="757" WIDTH="78" HEIGHT="75" STYLEREFS="font0"/><SP WIDTH="23" VPOS="757" HPOS="531"/><String ID="p828_w121" CONTENT="or" HPOS="554" VPOS="757" WIDTH="37" HEIGHT="75" STYLEREFS="font0"/><SP WIDTH="27" VPOS="757" HPOS="591"/><String ID="p828_w122" CONTENT="ground-plot" HPOS="618" VPOS="757" WIDTH="213" HEIGHT="75" STYLEREFS="font0"/><SP WIDTH="16" VPOS="757" HPOS="831"/><String ID="p828_w123" CONTENT="of" HPOS="847" VPOS="757" WIDTH="40" HEIGHT="75" STYLEREFS="font0"/><SP WIDTH="13" VPOS="757" HPOS="887"/><String ID="p828_w124" CONTENT="a" HPOS="900" VPOS="757" WIDTH="18" HEIGHT="75" STYLEREFS="font0"/><SP WIDTH="15" VPOS="757" HPOS="918"/><String ID="p828_w125" CONTENT="houfe," HPOS="933" VPOS="757" WIDTH="111" HEIGHT="75" STYLEREFS="font0"/><SP WIDTH="26" VPOS="757" HPOS="1044"/><String ID="p828_w126" CONTENT="for" HPOS="1070" VPOS="757" WIDTH="52" HEIGHT="75" STYLEREFS="font0"/><SP WIDTH="16" VPOS="757" HPOS="1122"/><String ID="p828_w127" CONTENT="a" HPOS="1138" VPOS="757" WIDTH="19" HEIGHT="75" STYLEREFS="font0"/><SP WIDTH="17" VPOS="757" HPOS="1157"/><String ID="p828_w128" CONTENT="but-" HPOS="1174" VPOS="757" WIDTH="73" HEIGHT="75" STYLEREFS="font0"/></TextLine><TextLine WIDTH="351" HEIGHT="75" ID="p828_t17" HPOS="256" VPOS="802"><String ID="p828_w129" CONTENT="tery," HPOS="256" VPOS="802" WIDTH="82" HEIGHT="75" STYLEREFS="font0"/><SP WIDTH="27" VPOS="802" HPOS="338"/><String ID="p828_w130" CONTENT="fcullery," HPOS="365" VPOS="802" WIDTH="150" HEIGHT="75" STYLEREFS="font0"/><SP WIDTH="26" VPOS="802" HPOS="515"/><String ID="p828_w131" CONTENT="ejrc." HPOS="541" VPOS="802" WIDTH="66" HEIGHT="75" STYLEREFS="font0"/></TextLine><TextLine WIDTH="1037" HEIGHT="75" ID="p828_t18" HPOS="210" VPOS="851"><String ID="p828_w132" CONTENT="BUTOMUS," HPOS="210" VPOS="851" WIDTH="252" HEIGHT="75" STYLEREFS="font0"/><SP WIDTH="26" VPOS="851" HPOS="462"/><String ID="p828_w133" CONTENT="in" HPOS="488" VPOS="851" WIDTH="32" HEIGHT="75" STYLEREFS="font0"/><SP WIDTH="13" VPOS="851" HPOS="520"/><String ID="p828_w134" CONTENT="botany," HPOS="533" VPOS="851" WIDTH="133" HEIGHT="75" STYLEREFS="font0"/><SP WIDTH="26" VPOS="851" HPOS="666"/><String ID="p828_w135" CONTENT="a" HPOS="692" VPOS="851" WIDTH="18" HEIGHT="75" STYLEREFS="font0"/><SP WIDTH="11" VPOS="851" HPOS="710"/><String ID="p828_w136" CONTENT="genus" HPOS="721" VPOS="851" WIDTH="100" HEIGHT="75" STYLEREFS="font0"/><SP WIDTH="21" VPOS="851" HPOS="821"/><String ID="p828_w137" CONTENT="of" HPOS="842" VPOS="851" WIDTH="40" HEIGHT="75" STYLEREFS="font0"/><SP WIDTH="12" VPOS="851" HPOS="882"/><String ID="p828_w138" CONTENT="the" HPOS="894" VPOS="851" WIDTH="55" HEIGHT="75" STYLEREFS="font0"/><SP WIDTH="11" VPOS="851" HPOS="949"/><String ID="p828_w139" CONTENT="enneandria" HPOS="960" VPOS="851" WIDTH="191" HEIGHT="75" STYLEREFS="font0"/><SP WIDTH="14" VPOS="851" HPOS="1151"/><String ID="p828_w140" CONTENT="hex-" HPOS="1165" VPOS="851" WIDTH="82" HEIGHT="75" STYLEREFS="font0"/></TextLine><TextLine WIDTH="998" HEIGHT="75" ID="p828_t19" HPOS="255" VPOS="896"><String ID="p828_w141" CONTENT="agynia" HPOS="255" VPOS="896" WIDTH="115" HEIGHT="75" STYLEREFS="font0"/><SP WIDTH="16" VPOS="896" HPOS="370"/><String ID="p828_w142" CONTENT="clafs." HPOS="386" VPOS="896" WIDTH="90" HEIGHT="75" STYLEREFS="font0"/><SP WIDTH="51" VPOS="896" HPOS="476"/><String ID="p828_w143" CONTENT="It" HPOS="527" VPOS="896" WIDTH="31" HEIGHT="75" STYLEREFS="font0"/><SP WIDTH="17" VPOS="896" HPOS="558"/><String ID="p828_w144" CONTENT="has" HPOS="575" VPOS="896" WIDTH="57" HEIGHT="75" STYLEREFS="font0"/><SP WIDTH="30" VPOS="896" HPOS="632"/><String ID="p828_w145" CONTENT="no" HPOS="662" VPOS="896" WIDTH="41" HEIGHT="75" STYLEREFS="font0"/><SP WIDTH="24" VPOS="896" HPOS="703"/><String ID="p828_w146" CONTENT="calix;" HPOS="727" VPOS="896" WIDTH="106" HEIGHT="75" STYLEREFS="font0"/><SP WIDTH="27" VPOS="896" HPOS="833"/><String ID="p828_w147" CONTENT="the" HPOS="860" VPOS="896" WIDTH="55" HEIGHT="75" STYLEREFS="font0"/><SP WIDTH="18" VPOS="896" HPOS="915"/><String ID="p828_w148" CONTENT="corolla" HPOS="933" VPOS="896" WIDTH="123" HEIGHT="75" STYLEREFS="font0"/><SP WIDTH="14" VPOS="896" HPOS="1056"/><String ID="p828_w149" CONTENT="cpnfifts" HPOS="1070" VPOS="896" WIDTH="125" HEIGHT="75" STYLEREFS="font0"/><SP WIDTH="18" VPOS="896" HPOS="1195"/><String ID="p828_w150" CONTENT="of" HPOS="1213" VPOS="896" WIDTH="40" HEIGHT="75" STYLEREFS="font0"/></TextLine><TextLine WIDTH="993" HEIGHT="75" ID="p828_t20" HPOS="255" VPOS="943"><String ID="p828_w151" CONTENT="fsx" HPOS="255" VPOS="943" WIDTH="46" HEIGHT="75" STYLEREFS="font0"/><SP WIDTH="18" VPOS="943" HPOS="301"/><String ID="p828_w152" CONTENT="petals" HPOS="319" VPOS="943" WIDTH="101" HEIGHT="75" STYLEREFS="font0"/><SP WIDTH="13" VPOS="943" HPOS="420"/><String ID="p828_w153" CONTENT=";" HPOS="433" VPOS="943" WIDTH="10" HEIGHT="75" STYLEREFS="font0"/><SP WIDTH="26" VPOS="943" HPOS="443"/><String ID="p828_w154" CONTENT="and" HPOS="469" VPOS="943" WIDTH="62" HEIGHT="75" STYLEREFS="font0"/><SP WIDTH="20" VPOS="943" HPOS="531"/><String ID="p828_w155" CONTENT="the" HPOS="551" VPOS="943" WIDTH="55" HEIGHT="75" STYLEREFS="font0"/><SP WIDTH="17" VPOS="943" HPOS="606"/><String ID="p828_w156" CONTENT="capfules" HPOS="623" VPOS="943" WIDTH="139" HEIGHT="75" STYLEREFS="font0"/><SP WIDTH="29" VPOS="943" HPOS="762"/><String ID="p828_w157" CONTENT="are" HPOS="791" VPOS="943" WIDTH="54" HEIGHT="75" STYLEREFS="font0"/><SP WIDTH="25" VPOS="943" HPOS="845"/><String ID="p828_w158" CONTENT="fix," HPOS="870" VPOS="943" WIDTH="59" HEIGHT="75" STYLEREFS="font0"/><SP WIDTH="26" VPOS="943" HPOS="929"/><String ID="p828_w159" CONTENT="containing" HPOS="955" VPOS="943" WIDTH="182" HEIGHT="75" STYLEREFS="font0"/><SP WIDTH="16" VPOS="943" HPOS="1137"/><String ID="p828_w160" CONTENT="many" HPOS="1153" VPOS="943" WIDTH="95" HEIGHT="75" STYLEREFS="font0"/></TextLine><TextLine WIDTH="990" HEIGHT="75" ID="p828_t21" HPOS="257" VPOS="989"><String ID="p828_w161" CONTENT="feeds." HPOS="257" VPOS="989" WIDTH="101" HEIGHT="75" STYLEREFS="font0"/><SP WIDTH="51" VPOS="989" HPOS="358"/><String ID="p828_w162" CONTENT="There" HPOS="409" VPOS="989" WIDTH="112" HEIGHT="75" STYLEREFS="font0"/><SP WIDTH="17" VPOS="989" HPOS="521"/><String ID="p828_w163" CONTENT="is" HPOS="538" VPOS="989" WIDTH="27" HEIGHT="75" STYLEREFS="font0"/><SP WIDTH="13" VPOS="989" HPOS="565"/><String ID="p828_w164" CONTENT="but" HPOS="578" VPOS="989" WIDTH="57" HEIGHT="75" STYLEREFS="font0"/><SP WIDTH="13" VPOS="989" HPOS="635"/><String ID="p828_w165" CONTENT="one" HPOS="648" VPOS="989" WIDTH="60" HEIGHT="75" STYLEREFS="font0"/><SP WIDTH="14" VPOS="989" HPOS="708"/><String ID="p828_w166" CONTENT="fpecies," HPOS="722" VPOS="989" WIDTH="129" HEIGHT="75" STYLEREFS="font0"/><SP WIDTH="23" VPOS="989" HPOS="851"/><String ID="p828_w167" CONTENT="viz." HPOS="874" VPOS="989" WIDTH="71" HEIGHT="75" STYLEREFS="font0"/><SP WIDTH="26" VPOS="989" HPOS="945"/><String ID="p828_w168" CONTENT="the" HPOS="971" VPOS="989" WIDTH="55" HEIGHT="75" STYLEREFS="font0"/><SP WIDTH="19" VPOS="989" HPOS="1026"/><String ID="p828_w169" CONTENT="umbellatus," HPOS="1045" VPOS="989" WIDTH="202" HEIGHT="75" STYLEREFS="font0"/></TextLine><TextLine WIDTH="990" HEIGHT="75" ID="p828_t22" HPOS="256" VPOS="1036"><String ID="p828_w170" CONTENT="flowering-rulh," HPOS="256" VPOS="1036" WIDTH="262" HEIGHT="75" STYLEREFS="font0"/><SP WIDTH="26" VPOS="1036" HPOS="518"/><String ID="p828_w171" CONTENT="or" HPOS="544" VPOS="1036" WIDTH="38" HEIGHT="75" STYLEREFS="font0"/><SP WIDTH="17" VPOS="1036" HPOS="582"/><String ID="p828_w172" CONTENT="water-gladiole," HPOS="599" VPOS="1036" WIDTH="267" HEIGHT="75" STYLEREFS="font0"/><SP WIDTH="27" VPOS="1036" HPOS="866"/><String ID="p828_w173" CONTENT="a" HPOS="893" VPOS="1036" WIDTH="18" HEIGHT="75" STYLEREFS="font0"/><SP WIDTH="16" VPOS="1036" HPOS="911"/><String ID="p828_w174" CONTENT="native" HPOS="927" VPOS="1036" WIDTH="105" HEIGHT="75" STYLEREFS="font0"/><SP WIDTH="17" VPOS="1036" HPOS="1032"/><String ID="p828_w175" CONTENT="of" HPOS="1049" VPOS="1036" WIDTH="41" HEIGHT="75" STYLEREFS="font0"/><SP WIDTH="17" VPOS="1036" HPOS="1090"/><String ID="p828_w176" CONTENT="Britain." HPOS="1107" VPOS="1036" WIDTH="139" HEIGHT="75" STYLEREFS="font0"/></TextLine><TextLine WIDTH="1038" HEIGHT="75" ID="p828_t23" HPOS="208" VPOS="1084"><String ID="p828_w177" CONTENT="BUTRINTO," HPOS="208" VPOS="1084" WIDTH="272" HEIGHT="75" STYLEREFS="font0"/><SP WIDTH="35" VPOS="1084" HPOS="480"/><String ID="p828_w178" CONTENT="a" HPOS="515" VPOS="1084" WIDTH="18" HEIGHT="75" STYLEREFS="font0"/><SP WIDTH="26" VPOS="1084" HPOS="533"/><String ID="p828_w179" CONTENT="port-town" HPOS="559" VPOS="1084" WIDTH="178" HEIGHT="75" STYLEREFS="font0"/><SP WIDTH="29" VPOS="1084" HPOS="737"/><String ID="p828_w180" CONTENT="of" HPOS="766" VPOS="1084" WIDTH="40" HEIGHT="75" STYLEREFS="font0"/><SP WIDTH="22" VPOS="1084" HPOS="806"/><String ID="p828_w181" CONTENT="Epirus," HPOS="828" VPOS="1084" WIDTH="133" HEIGHT="75" STYLEREFS="font0"/><SP WIDTH="25" VPOS="1084" HPOS="961"/><String ID="p828_w182" CONTENT="or" HPOS="986" VPOS="1084" WIDTH="37" HEIGHT="75" STYLEREFS="font0"/><SP WIDTH="29" VPOS="1084" HPOS="1023"/><String ID="p828_w183" CONTENT="Canina," HPOS="1052" VPOS="1084" WIDTH="135" HEIGHT="75" STYLEREFS="font0"/><SP WIDTH="25" VPOS="1084" HPOS="1187"/><String ID="p828_w184" CONTENT="in" HPOS="1212" VPOS="1084" WIDTH="34" HEIGHT="75" STYLEREFS="font0"/></TextLine><TextLine WIDTH="998" HEIGHT="75" ID="p828_t24" HPOS="254" VPOS="1129"><String ID="p828_w185" CONTENT="Turky" HPOS="254" VPOS="1129" WIDTH="119" HEIGHT="75" STYLEREFS="font0"/><SP WIDTH="25" VPOS="1129" HPOS="373"/><String ID="p828_w186" CONTENT="in" HPOS="398" VPOS="1129" WIDTH="31" HEIGHT="75" STYLEREFS="font0"/><SP WIDTH="23" VPOS="1129" HPOS="429"/><String ID="p828_w187" CONTENT="Europe," HPOS="452" VPOS="1129" WIDTH="144" HEIGHT="75" STYLEREFS="font0"/><SP WIDTH="26" VPOS="1129" HPOS="596"/><String ID="p828_w188" CONTENT="fituated" HPOS="622" VPOS="1129" WIDTH="134" HEIGHT="75" STYLEREFS="font0"/><SP WIDTH="27" VPOS="1129" HPOS="756"/><String ID="p828_w189" CONTENT="oppofite" HPOS="783" VPOS="1129" WIDTH="140" HEIGHT="75" STYLEREFS="font0"/><SP WIDTH="24" VPOS="1129" HPOS="923"/><String ID="p828_w190" CONTENT="to" HPOS="947" VPOS="1129" WIDTH="35" HEIGHT="75" STYLEREFS="font0"/><SP WIDTH="26" VPOS="1129" HPOS="982"/><String ID="p828_w191" CONTENT="the" HPOS="1008" VPOS="1129" WIDTH="54" HEIGHT="75" STYLEREFS="font0"/><SP WIDTH="24" VPOS="1129" HPOS="1062"/><String ID="p828_w192" CONTENT="ifland" HPOS="1086" VPOS="1129" WIDTH="98" HEIGHT="75" STYLEREFS="font0"/><SP WIDTH="28" VPOS="1129" HPOS="1184"/><String ID="p828_w193" CONTENT="of" HPOS="1212" VPOS="1129" WIDTH="40" HEIGHT="75" STYLEREFS="font0"/></TextLine><TextLine WIDTH="990" HEIGHT="75" ID="p828_t25" HPOS="254" VPOS="1175"><String ID="p828_w194" CONTENT="Coifu," HPOS="254" VPOS="1175" WIDTH="118" HEIGHT="75" STYLEREFS="font0"/><SP WIDTH="25" VPOS="1175" HPOS="372"/><String ID="p828_w195" CONTENT="at" HPOS="397" VPOS="1175" WIDTH="33" HEIGHT="75" STYLEREFS="font0"/><SP WIDTH="17" VPOS="1175" HPOS="430"/><String ID="p828_w196" CONTENT="the" HPOS="447" VPOS="1175" WIDTH="55" HEIGHT="75" STYLEREFS="font0"/><SP WIDTH="29" VPOS="1175" HPOS="502"/><String ID="p828_w197" CONTENT="entrance" HPOS="531" VPOS="1175" WIDTH="149" HEIGHT="75" STYLEREFS="font0"/><SP WIDTH="29" VPOS="1175" HPOS="680"/><String ID="p828_w198" CONTENT="of" HPOS="709" VPOS="1175" WIDTH="39" HEIGHT="75" STYLEREFS="font0"/><SP WIDTH="24" VPOS="1175" HPOS="748"/><String ID="p828_w199" CONTENT="the" HPOS="772" VPOS="1175" WIDTH="56" HEIGHT="75" STYLEREFS="font0"/><SP WIDTH="27" VPOS="1175" HPOS="828"/><String ID="p828_w200" CONTENT="gulph" HPOS="855" VPOS="1175" WIDTH="99" HEIGHT="75" STYLEREFS="font0"/><SP WIDTH="17" VPOS="1175" HPOS="954"/><String ID="p828_w201" CONTENT="of" HPOS="971" VPOS="1175" WIDTH="40" HEIGHT="75" STYLEREFS="font0"/><SP WIDTH="19" VPOS="1175" HPOS="1011"/><String ID="p828_w202" CONTENT="Venice:" HPOS="1030" VPOS="1175" WIDTH="142" HEIGHT="75" STYLEREFS="font0"/><SP WIDTH="28" VPOS="1175" HPOS="1172"/><String ID="p828_w203" CONTENT="E." HPOS="1200" VPOS="1175" WIDTH="44" HEIGHT="75" STYLEREFS="font0"/></TextLine><TextLine WIDTH="579" HEIGHT="75" ID="p828_t26" HPOS="252" VPOS="1204"><String ID="p828_w204" CONTENT="long." HPOS="252" VPOS="1222" WIDTH="88" HEIGHT="75" STYLEREFS="font0"/><SP WIDTH="22" VPOS="1222" HPOS="340"/><String ID="p828_w205" CONTENT="20" HPOS="362" VPOS="1222" WIDTH="43" HEIGHT="75" STYLEREFS="font0"/><String ID="p828_w206" CONTENT="0" HPOS="405" VPOS="1204" WIDTH="18" HEIGHT="49" STYLEREFS="font1"/><SP WIDTH="19" VPOS="1204" HPOS="423"/><String ID="p828_w207" CONTENT="40'," HPOS="442" VPOS="1222" WIDTH="69" HEIGHT="75" STYLEREFS="font0"/><SP WIDTH="19" VPOS="1222" HPOS="511"/><String ID="p828_w208" CONTENT="N." HPOS="530" VPOS="1222" WIDTH="47" HEIGHT="75" STYLEREFS="font0"/><SP WIDTH="22" VPOS="1222" HPOS="577"/><String ID="p828_w209" CONTENT="let," HPOS="599" VPOS="1222" WIDTH="54" HEIGHT="75" STYLEREFS="font0"/><SP WIDTH="25" VPOS="1222" HPOS="653"/><String ID="p828_w210" CONTENT="39" HPOS="678" VPOS="1222" WIDTH="43" HEIGHT="75" STYLEREFS="font0"/><String ID="p828_w211" CONTENT="0" HPOS="721" VPOS="1204" WIDTH="22" HEIGHT="49" STYLEREFS="font1"/><SP WIDTH="21" VPOS="1204" HPOS="743"/><String ID="p828_w212" CONTENT="45'." HPOS="764" VPOS="1222" WIDTH="67" HEIGHT="75" STYLEREFS="font0"/></TextLine><TextLine WIDTH="1038" HEIGHT="75" ID="p828_t27" HPOS="204" VPOS="1270"><String ID="p828_w213" CONTENT="BUT" HPOS="204" VPOS="1270" WIDTH="101" HEIGHT="75" STYLEREFS="font0"/><SP WIDTH="12" VPOS="1270" HPOS="305"/><String ID="p828_w214" CONTENT="f," HPOS="317" VPOS="1270" WIDTH="37" HEIGHT="75" STYLEREFS="font0"/><SP WIDTH="25" VPOS="1270" HPOS="354"/><String ID="p828_w215" CONTENT="in" HPOS="379" VPOS="1270" WIDTH="32" HEIGHT="75" STYLEREFS="font0"/><SP WIDTH="17" VPOS="1270" HPOS="411"/><String ID="p828_w216" CONTENT="commerce," HPOS="428" VPOS="1270" WIDTH="190" HEIGHT="75" STYLEREFS="font0"/><SP WIDTH="27" VPOS="1270" HPOS="618"/><String ID="p828_w217" CONTENT="a" HPOS="645" VPOS="1270" WIDTH="17" HEIGHT="75" STYLEREFS="font0"/><SP WIDTH="17" VPOS="1270" HPOS="662"/><String ID="p828_w218" CONTENT="velfel" HPOS="679" VPOS="1270" WIDTH="90" HEIGHT="75" STYLEREFS="font0"/><SP WIDTH="19" VPOS="1270" HPOS="769"/><String ID="p828_w219" CONTENT="or" HPOS="788" VPOS="1270" WIDTH="38" HEIGHT="75" STYLEREFS="font0"/><SP WIDTH="17" VPOS="1270" HPOS="826"/><String ID="p828_w220" CONTENT="meafure" HPOS="843" VPOS="1270" WIDTH="140" HEIGHT="75" STYLEREFS="font0"/><SP WIDTH="16" VPOS="1270" HPOS="983"/><String ID="p828_w221" CONTENT="of" HPOS="999" VPOS="1270" WIDTH="40" HEIGHT="75" STYLEREFS="font0"/><SP WIDTH="18" VPOS="1270" HPOS="1039"/><String ID="p828_w222" CONTENT="wine," HPOS="1057" VPOS="1270" WIDTH="93" HEIGHT="75" STYLEREFS="font0"/><SP WIDTH="19" VPOS="1270" HPOS="1150"/><String ID="p828_w223" CONTENT="con-" HPOS="1169" VPOS="1270" WIDTH="73" HEIGHT="75" STYLEREFS="font0"/></TextLine><TextLine WIDTH="943" HEIGHT="75" ID="p828_t28" HPOS="254" VPOS="1315"><String ID="p828_w224" CONTENT="taining" HPOS="254" VPOS="1315" WIDTH="120" HEIGHT="75" STYLEREFS="font0"/><SP WIDTH="17" VPOS="1315" HPOS="374"/><String ID="p828_w225" CONTENT="two" HPOS="391" VPOS="1315" WIDTH="65" HEIGHT="75" STYLEREFS="font0"/><SP WIDTH="13" VPOS="1315" HPOS="456"/><String ID="p828_w226" CONTENT="hogfineads," HPOS="469" VPOS="1315" WIDTH="187" HEIGHT="75" STYLEREFS="font0"/><SP WIDTH="26" VPOS="1315" HPOS="656"/><String ID="p828_w227" CONTENT="or" HPOS="682" VPOS="1315" WIDTH="38" HEIGHT="75" STYLEREFS="font0"/><SP WIDTH="22" VPOS="1315" HPOS="720"/><String ID="p828_w228" CONTENT="126" HPOS="742" VPOS="1315" WIDTH="64" HEIGHT="75" STYLEREFS="font0"/><SP WIDTH="19" VPOS="1315" HPOS="806"/><String ID="p828_w229" CONTENT="gallons." HPOS="825" VPOS="1315" WIDTH="136" HEIGHT="75" STYLEREFS="font0"/><SP WIDTH="51" VPOS="1315" HPOS="961"/><String ID="p828_w230" CONTENT="See" HPOS="1012" VPOS="1315" WIDTH="61" HEIGHT="75" STYLEREFS="font0"/><SP WIDTH="17" VPOS="1315" HPOS="1073"/><String ID="p828_w231" CONTENT="Pipe." HPOS="1090" VPOS="1315" WIDTH="107" HEIGHT="75" STYLEREFS="font0"/></TextLine><TextLine WIDTH="1037" HEIGHT="75" ID="p828_t29" HPOS="206" VPOS="1363"><String ID="p828_w232" CONTENT="Butt," HPOS="206" VPOS="1363" WIDTH="127" HEIGHT="75" STYLEREFS="font0"/><SP WIDTH="38" VPOS="1363" HPOS="333"/><String ID="p828_w233" CONTENT="or" HPOS="371" VPOS="1363" WIDTH="35" HEIGHT="75" STYLEREFS="font0"/><SP WIDTH="26" VPOS="1363" HPOS="406"/><String ID="p828_w234" CONTENT="Butt-ends," HPOS="432" VPOS="1363" WIDTH="244" HEIGHT="75" STYLEREFS="font0"/><SP WIDTH="26" VPOS="1363" HPOS="676"/><String ID="p828_w235" CONTENT="in" HPOS="702" VPOS="1363" WIDTH="30" HEIGHT="75" STYLEREFS="font0"/><SP WIDTH="29" VPOS="1363" HPOS="732"/><String ID="p828_w236" CONTENT="the" HPOS="761" VPOS="1363" WIDTH="56" HEIGHT="75" STYLEREFS="font0"/><SP WIDTH="27" VPOS="1363" HPOS="817"/><String ID="p828_w237" CONTENT="fea-language," HPOS="844" VPOS="1363" WIDTH="235" HEIGHT="75" STYLEREFS="font0"/><SP WIDTH="27" VPOS="1363" HPOS="1079"/><String ID="p828_w238" CONTENT="are" HPOS="1106" VPOS="1363" WIDTH="53" HEIGHT="75" STYLEREFS="font0"/><SP WIDTH="29" VPOS="1363" HPOS="1159"/><String ID="p828_w239" CONTENT="the" HPOS="1188" VPOS="1363" WIDTH="55" HEIGHT="75" STYLEREFS="font0"/></TextLine><TextLine WIDTH="991" HEIGHT="75" ID="p828_t30" HPOS="252" VPOS="1409"><String ID="p828_w240" CONTENT="fore-ends" HPOS="252" VPOS="1409" WIDTH="164" HEIGHT="75" STYLEREFS="font0"/><SP WIDTH="17" VPOS="1409" HPOS="416"/><String ID="p828_w241" CONTENT="of" HPOS="433" VPOS="1409" WIDTH="40" HEIGHT="75" STYLEREFS="font0"/><SP WIDTH="12" VPOS="1409" HPOS="473"/><String ID="p828_w242" CONTENT="all" HPOS="485" VPOS="1409" WIDTH="41" HEIGHT="75" STYLEREFS="font0"/><SP WIDTH="18" VPOS="1409" HPOS="526"/><String ID="p828_w243" CONTENT="planks" HPOS="544" VPOS="1409" WIDTH="112" HEIGHT="75" STYLEREFS="font0"/><SP WIDTH="18" VPOS="1409" HPOS="656"/><String ID="p828_w244" CONTENT="under" HPOS="674" VPOS="1409" WIDTH="102" HEIGHT="75" STYLEREFS="font0"/><SP WIDTH="19" VPOS="1409" HPOS="776"/><String ID="p828_w245" CONTENT="water," HPOS="795" VPOS="1409" WIDTH="112" HEIGHT="75" STYLEREFS="font0"/><SP WIDTH="27" VPOS="1409" HPOS="907"/><String ID="p828_w246" CONTENT="as" HPOS="934" VPOS="1409" WIDTH="33" HEIGHT="75" STYLEREFS="font0"/><SP WIDTH="18" VPOS="1409" HPOS="967"/><String ID="p828_w247" CONTENT="they" HPOS="985" VPOS="1409" WIDTH="77" HEIGHT="75" STYLEREFS="font0"/><SP WIDTH="18" VPOS="1409" HPOS="1062"/><String ID="p828_w248" CONTENT="rife," HPOS="1080" VPOS="1409" WIDTH="73" HEIGHT="75" STYLEREFS="font0"/><SP WIDTH="27" VPOS="1409" HPOS="1153"/><String ID="p828_w249" CONTENT="and" HPOS="1180" VPOS="1409" WIDTH="63" HEIGHT="75" STYLEREFS="font0"/></TextLine><TextLine WIDTH="547" HEIGHT="75" ID="p828_t31" HPOS="254" VPOS="1456"><String ID="p828_w250" CONTENT="are" HPOS="254" VPOS="1456" WIDTH="52" HEIGHT="75" STYLEREFS="font0"/><SP WIDTH="13" VPOS="1456" HPOS="306"/><String ID="p828_w251" CONTENT="joined" HPOS="319" VPOS="1456" WIDTH="114" HEIGHT="75" STYLEREFS="font0"/><SP WIDTH="16" VPOS="1456" HPOS="433"/><String ID="p828_w252" CONTENT="one" HPOS="449" VPOS="1456" WIDTH="60" HEIGHT="75" STYLEREFS="font0"/><SP WIDTH="17" VPOS="1456" HPOS="509"/><String ID="p828_w253" CONTENT="end" HPOS="526" VPOS="1456" WIDTH="61" HEIGHT="75" STYLEREFS="font0"/><SP WIDTH="18" VPOS="1456" HPOS="587"/><String ID="p828_w254" CONTENT="to" HPOS="605" VPOS="1456" WIDTH="34" HEIGHT="75" STYLEREFS="font0"/><SP WIDTH="17" VPOS="1456" HPOS="639"/><String ID="p828_w255" CONTENT="another." HPOS="656" VPOS="1456" WIDTH="145" HEIGHT="75" STYLEREFS="font0"/></TextLine><TextLine WIDTH="936" HEIGHT="75" ID="p828_t32" HPOS="302" VPOS="1502"><String ID="p828_w256" CONTENT="Butt-ends" HPOS="302" VPOS="1502" WIDTH="173" HEIGHT="75" STYLEREFS="font0"/><SP WIDTH="17" VPOS="1502" HPOS="475"/><String ID="p828_w257" CONTENT="in" HPOS="492" VPOS="1502" WIDTH="32" HEIGHT="75" STYLEREFS="font0"/><SP WIDTH="26" VPOS="1502" HPOS="524"/><String ID="p828_w258" CONTENT="great" HPOS="550" VPOS="1502" WIDTH="90" HEIGHT="75" STYLEREFS="font0"/><SP WIDTH="26" VPOS="1502" HPOS="640"/><String ID="p828_w259" CONTENT="(hips" HPOS="666" VPOS="1502" WIDTH="80" HEIGHT="75" STYLEREFS="font0"/><SP WIDTH="18" VPOS="1502" HPOS="746"/><String ID="p828_w260" CONTENT="are" HPOS="764" VPOS="1502" WIDTH="54" HEIGHT="75" STYLEREFS="font0"/><SP WIDTH="17" VPOS="1502" HPOS="818"/><String ID="p828_w261" CONTENT="moft" HPOS="835" VPOS="1502" WIDTH="79" HEIGHT="75" STYLEREFS="font0"/><SP WIDTH="16" VPOS="1502" HPOS="914"/><String ID="p828_w262" CONTENT="carefully" HPOS="930" VPOS="1502" WIDTH="158" HEIGHT="75" STYLEREFS="font0"/><SP WIDTH="16" VPOS="1502" HPOS="1088"/><String ID="p828_w263" CONTENT="bolted;" HPOS="1104" VPOS="1502" WIDTH="134" HEIGHT="75" STYLEREFS="font0"/></TextLine><TextLine WIDTH="990" HEIGHT="75" ID="p828_t33" HPOS="254" VPOS="1549"><String ID="p828_w264" CONTENT="for" HPOS="254" VPOS="1549" WIDTH="49" HEIGHT="75" STYLEREFS="font0"/><SP WIDTH="18" VPOS="1549" HPOS="303"/><String ID="p828_w265" CONTENT="if" HPOS="321" VPOS="1549" WIDTH="29" HEIGHT="75" STYLEREFS="font0"/><SP WIDTH="12" VPOS="1549" HPOS="350"/><String ID="p828_w266" CONTENT="any" HPOS="362" VPOS="1549" WIDTH="61" HEIGHT="75" STYLEREFS="font0"/><SP WIDTH="24" VPOS="1549" HPOS="423"/><String ID="p828_w267" CONTENT="one" HPOS="447" VPOS="1549" WIDTH="60" HEIGHT="75" STYLEREFS="font0"/><SP WIDTH="18" VPOS="1549" HPOS="507"/><String ID="p828_w268" CONTENT="of" HPOS="525" VPOS="1549" WIDTH="39" HEIGHT="75" STYLEREFS="font0"/><SP WIDTH="12" VPOS="1549" HPOS="564"/><String ID="p828_w269" CONTENT="them" HPOS="576" VPOS="1549" WIDTH="86" HEIGHT="75" STYLEREFS="font0"/><SP WIDTH="18" VPOS="1549" HPOS="662"/><String ID="p828_w270" CONTENT="fhould" HPOS="680" VPOS="1549" WIDTH="112" HEIGHT="75" STYLEREFS="font0"/><SP WIDTH="21" VPOS="1549" HPOS="792"/><String ID="p828_w271" CONTENT="fpring" HPOS="813" VPOS="1549" WIDTH="107" HEIGHT="75" STYLEREFS="font0"/><SP WIDTH="16" VPOS="1549" HPOS="920"/><String ID="p828_w272" CONTENT="or" HPOS="936" VPOS="1549" WIDTH="38" HEIGHT="75" STYLEREFS="font0"/><SP WIDTH="16" VPOS="1549" HPOS="974"/><String ID="p828_w273" CONTENT="give" HPOS="990" VPOS="1549" WIDTH="72" HEIGHT="75" STYLEREFS="font0"/><SP WIDTH="17" VPOS="1549" HPOS="1062"/><String ID="p828_w274" CONTENT="way," HPOS="1079" VPOS="1549" WIDTH="83" HEIGHT="75" STYLEREFS="font0"/><SP WIDTH="28" VPOS="1549" HPOS="1162"/><String ID="p828_w275" CONTENT="the" HPOS="1190" VPOS="1549" WIDTH="54" HEIGHT="75" STYLEREFS="font0"/></TextLine><TextLine WIDTH="917" HEIGHT="75" ID="p828_t34" HPOS="255" VPOS="1595"><String ID="p828_w276" CONTENT="leak" HPOS="255" VPOS="1595" WIDTH="71" HEIGHT="75" STYLEREFS="font0"/><SP WIDTH="18" VPOS="1595" HPOS="326"/><String ID="p828_w277" CONTENT="would" HPOS="344" VPOS="1595" WIDTH="106" HEIGHT="75" STYLEREFS="font0"/><SP WIDTH="18" VPOS="1595" HPOS="450"/><String ID="p828_w278" CONTENT="be" HPOS="468" VPOS="1595" WIDTH="38" HEIGHT="75" STYLEREFS="font0"/><SP WIDTH="16" VPOS="1595" HPOS="506"/><String ID="p828_w279" CONTENT="very" HPOS="522" VPOS="1595" WIDTH="77" HEIGHT="75" STYLEREFS="font0"/><SP WIDTH="17" VPOS="1595" HPOS="599"/><String ID="p828_w280" CONTENT="dangerous" HPOS="616" VPOS="1595" WIDTH="177" HEIGHT="75" STYLEREFS="font0"/><SP WIDTH="10" VPOS="1595" HPOS="793"/><String ID="p828_w281" CONTENT="nnd" HPOS="803" VPOS="1595" WIDTH="67" HEIGHT="75" STYLEREFS="font0"/><SP WIDTH="20" VPOS="1595" HPOS="870"/><String ID="p828_w282" CONTENT="difficult" HPOS="890" VPOS="1595" WIDTH="135" HEIGHT="75" STYLEREFS="font0"/><SP WIDTH="16" VPOS="1595" HPOS="1025"/><String ID="p828_w283" CONTENT="to" HPOS="1041" VPOS="1595" WIDTH="34" HEIGHT="75" STYLEREFS="font0"/><SP WIDTH="18" VPOS="1595" HPOS="1075"/><String ID="p828_w284" CONTENT="ftop." HPOS="1093" VPOS="1595" WIDTH="79" HEIGHT="75" STYLEREFS="font0"/></TextLine><TextLine WIDTH="1056" HEIGHT="75" ID="p828_t35" HPOS="188" VPOS="1643"><String ID="p828_w285" CONTENT=".BUTTER," HPOS="188" VPOS="1643" WIDTH="234" HEIGHT="75" STYLEREFS="font0"/><SP WIDTH="35" VPOS="1643" HPOS="422"/><String ID="p828_w286" CONTENT="a" HPOS="457" VPOS="1643" WIDTH="19" HEIGHT="75" STYLEREFS="font0"/><SP WIDTH="28" VPOS="1643" HPOS="476"/><String ID="p828_w287" CONTENT="fat" HPOS="504" VPOS="1643" WIDTH="47" HEIGHT="75" STYLEREFS="font0"/><SP WIDTH="36" VPOS="1643" HPOS="551"/><String ID="p828_w288" CONTENT="un&amp;uous" HPOS="587" VPOS="1643" WIDTH="153" HEIGHT="75" STYLEREFS="font0"/><SP WIDTH="28" VPOS="1643" HPOS="740"/><String ID="p828_w289" CONTENT="fubftance," HPOS="768" VPOS="1643" WIDTH="173" HEIGHT="75" STYLEREFS="font0"/><SP WIDTH="37" VPOS="1643" HPOS="941"/><String ID="p828_w290" CONTENT="prepared" HPOS="978" VPOS="1643" WIDTH="154" HEIGHT="75" STYLEREFS="font0"/><SP WIDTH="27" VPOS="1643" HPOS="1132"/><String ID="p828_w291" CONTENT="from" HPOS="1159" VPOS="1643" WIDTH="85" HEIGHT="75" STYLEREFS="font0"/></TextLine><TextLine WIDTH="563" HEIGHT="75" ID="p828_t36" HPOS="255" VPOS="1689"><String ID="p828_w292" CONTENT="milk" HPOS="255" VPOS="1689" WIDTH="79" HEIGHT="75" STYLEREFS="font0"/><SP WIDTH="16" VPOS="1689" HPOS="334"/><String ID="p828_w293" CONTENT="by" HPOS="350" VPOS="1689" WIDTH="43" HEIGHT="75" STYLEREFS="font0"/><SP WIDTH="18" VPOS="1689" HPOS="393"/><String ID="p828_w294" CONTENT="heating" HPOS="411" VPOS="1689" WIDTH="130" HEIGHT="75" STYLEREFS="font0"/><SP WIDTH="13" VPOS="1689" HPOS="541"/><String ID="p828_w295" CONTENT="or" HPOS="554" VPOS="1689" WIDTH="35" HEIGHT="75" STYLEREFS="font0"/><SP WIDTH="18" VPOS="1689" HPOS="589"/><String ID="p828_w296" CONTENT="churning" HPOS="607" VPOS="1689" WIDTH="156" HEIGHT="75" STYLEREFS="font0"/><SP WIDTH="18" VPOS="1689" HPOS="763"/><String ID="p828_w297" CONTENT="it." HPOS="781" VPOS="1689" WIDTH="37" HEIGHT="75" STYLEREFS="font0"/></TextLine><TextLine WIDTH="943" HEIGHT="75" ID="p828_t37" HPOS="301" VPOS="1735"><String ID="p828_w298" CONTENT="It" HPOS="301" VPOS="1735" WIDTH="31" HEIGHT="75" STYLEREFS="font0"/><SP WIDTH="16" VPOS="1735" HPOS="332"/><String ID="p828_w299" CONTENT="was" HPOS="348" VPOS="1735" WIDTH="64" HEIGHT="75" STYLEREFS="font0"/><SP WIDTH="17" VPOS="1735" HPOS="412"/><String ID="p828_w300" CONTENT="late" HPOS="429" VPOS="1735" WIDTH="66" HEIGHT="75" STYLEREFS="font0"/><SP WIDTH="17" VPOS="1735" HPOS="495"/><String ID="p828_w301" CONTENT="ere" HPOS="512" VPOS="1735" WIDTH="53" HEIGHT="75" STYLEREFS="font0"/><SP WIDTH="27" VPOS="1735" HPOS="565"/><String ID="p828_w302" CONTENT="the" HPOS="592" VPOS="1735" WIDTH="57" HEIGHT="75" STYLEREFS="font0"/><SP WIDTH="26" VPOS="1735" HPOS="649"/><String ID="p828_w303" CONTENT="Greeks" HPOS="675" VPOS="1735" WIDTH="128" HEIGHT="75" STYLEREFS="font0"/><SP WIDTH="17" VPOS="1735" HPOS="803"/><String ID="p828_w304" CONTENT="appear" HPOS="820" VPOS="1735" WIDTH="116" HEIGHT="75" STYLEREFS="font0"/><SP WIDTH="16" VPOS="1735" HPOS="936"/><String ID="p828_w305" CONTENT="to" HPOS="952" VPOS="1735" WIDTH="35" HEIGHT="75" STYLEREFS="font0"/><SP WIDTH="17" VPOS="1735" HPOS="987"/><String ID="p828_w306" CONTENT="have" HPOS="1004" VPOS="1735" WIDTH="81" HEIGHT="75" STYLEREFS="font0"/><SP WIDTH="17" VPOS="1735" HPOS="1085"/><String ID="p828_w307" CONTENT="had" HPOS="1102" VPOS="1735" WIDTH="63" HEIGHT="75" STYLEREFS="font0"/><SP WIDTH="18" VPOS="1735" HPOS="1165"/><String ID="p828_w308" CONTENT="any" HPOS="1183" VPOS="1735" WIDTH="61" HEIGHT="75" STYLEREFS="font0"/></TextLine><TextLine WIDTH="988" HEIGHT="75" ID="p828_t38" HPOS="254" VPOS="1781"><String ID="p828_w309" CONTENT="notion" HPOS="254" VPOS="1781" WIDTH="111" HEIGHT="75" STYLEREFS="font0"/><SP WIDTH="17" VPOS="1781" HPOS="365"/><String ID="p828_w310" CONTENT="of" HPOS="382" VPOS="1781" WIDTH="39" HEIGHT="75" STYLEREFS="font0"/><SP WIDTH="13" VPOS="1781" HPOS="421"/><String ID="p828_w311" CONTENT="butter" HPOS="434" VPOS="1781" WIDTH="107" HEIGHT="75" STYLEREFS="font0"/><SP WIDTH="12" VPOS="1781" HPOS="541"/><String ID="p828_w312" CONTENT=";" HPOS="553" VPOS="1781" WIDTH="10" HEIGHT="75" STYLEREFS="font0"/><SP WIDTH="27" VPOS="1781" HPOS="563"/><String ID="p828_w313" CONTENT="their" HPOS="590" VPOS="1781" WIDTH="86" HEIGHT="75" STYLEREFS="font0"/><SP WIDTH="27" VPOS="1781" HPOS="676"/><String ID="p828_w314" CONTENT="poets" HPOS="703" VPOS="1781" WIDTH="90" HEIGHT="75" STYLEREFS="font0"/><SP WIDTH="29" VPOS="1781" HPOS="793"/><String ID="p828_w315" CONTENT="make" HPOS="822" VPOS="1781" WIDTH="92" HEIGHT="75" STYLEREFS="font0"/><SP WIDTH="16" VPOS="1781" HPOS="914"/><String ID="p828_w316" CONTENT="no" HPOS="930" VPOS="1781" WIDTH="42" HEIGHT="75" STYLEREFS="font0"/><SP WIDTH="23" VPOS="1781" HPOS="972"/><String ID="p828_w317" CONTENT="mention" HPOS="995" VPOS="1781" WIDTH="140" HEIGHT="75" STYLEREFS="font0"/><SP WIDTH="18" VPOS="1781" HPOS="1135"/><String ID="p828_w318" CONTENT="of" HPOS="1153" VPOS="1781" WIDTH="40" HEIGHT="75" STYLEREFS="font0"/><SP WIDTH="11" VPOS="1781" HPOS="1193"/><String ID="p828_w319" CONTENT="it," HPOS="1204" VPOS="1781" WIDTH="38" HEIGHT="75" STYLEREFS="font0"/></TextLine><TextLine WIDTH="987" HEIGHT="75" ID="p828_t39" HPOS="254" VPOS="1829"><String ID="p828_w320" CONTENT="and" HPOS="254" VPOS="1829" WIDTH="62" HEIGHT="75" STYLEREFS="font0"/><SP WIDTH="17" VPOS="1829" HPOS="316"/><String ID="p828_w321" CONTENT="yet" HPOS="333" VPOS="1829" WIDTH="55" HEIGHT="75" STYLEREFS="font0"/><SP WIDTH="28" VPOS="1829" HPOS="388"/><String ID="p828_w322" CONTENT="are" HPOS="416" VPOS="1829" WIDTH="53" HEIGHT="75" STYLEREFS="font0"/><SP WIDTH="26" VPOS="1829" HPOS="469"/><String ID="p828_w323" CONTENT="frequently" HPOS="495" VPOS="1829" WIDTH="186" HEIGHT="75" STYLEREFS="font0"/><SP WIDTH="29" VPOS="1829" HPOS="681"/><String ID="p828_w324" CONTENT="fpeaking" HPOS="710" VPOS="1829" WIDTH="148" HEIGHT="75" STYLEREFS="font0"/><SP WIDTH="24" VPOS="1829" HPOS="858"/><String ID="p828_w325" CONTENT="of" HPOS="882" VPOS="1829" WIDTH="40" HEIGHT="75" STYLEREFS="font0"/><SP WIDTH="24" VPOS="1829" HPOS="922"/><String ID="p828_w326" CONTENT="milk" HPOS="946" VPOS="1829" WIDTH="77" HEIGHT="75" STYLEREFS="font0"/><SP WIDTH="18" VPOS="1829" HPOS="1023"/><String ID="p828_w327" CONTENT="and" HPOS="1041" VPOS="1829" WIDTH="63" HEIGHT="75" STYLEREFS="font0"/><SP WIDTH="16" VPOS="1829" HPOS="1104"/><String ID="p828_w328" CONTENT="cheefe." HPOS="1120" VPOS="1829" WIDTH="121" HEIGHT="75" STYLEREFS="font0"/></TextLine><TextLine WIDTH="943" HEIGHT="75" ID="p828_t40" HPOS="300" VPOS="1875"><String ID="p828_w329" CONTENT="The" HPOS="300" VPOS="1875" WIDTH="77" HEIGHT="75" STYLEREFS="font0"/><SP WIDTH="17" VPOS="1875" HPOS="377"/><String ID="p828_w330" CONTENT="Romans" HPOS="394" VPOS="1875" WIDTH="143" HEIGHT="75" STYLEREFS="font0"/><SP WIDTH="18" VPOS="1875" HPOS="537"/><String ID="p828_w331" CONTENT="ufed" HPOS="555" VPOS="1875" WIDTH="76" HEIGHT="75" STYLEREFS="font0"/><SP WIDTH="16" VPOS="1875" HPOS="631"/><String ID="p828_w332" CONTENT="butter" HPOS="647" VPOS="1875" WIDTH="107" HEIGHT="75" STYLEREFS="font0"/><SP WIDTH="14" VPOS="1875" HPOS="754"/><String ID="p828_w333" CONTENT="no" HPOS="768" VPOS="1875" WIDTH="41" HEIGHT="75" STYLEREFS="font0"/><SP WIDTH="12" VPOS="1875" HPOS="809"/><String ID="p828_w334" CONTENT="otherwife" HPOS="821" VPOS="1875" WIDTH="168" HEIGHT="75" STYLEREFS="font0"/><SP WIDTH="13" VPOS="1875" HPOS="989"/><String ID="p828_w335" CONTENT="than" HPOS="1002" VPOS="1875" WIDTH="76" HEIGHT="75" STYLEREFS="font0"/><SP WIDTH="18" VPOS="1875" HPOS="1078"/><String ID="p828_w336" CONTENT="as" HPOS="1096" VPOS="1875" WIDTH="33" HEIGHT="75" STYLEREFS="font0"/><SP WIDTH="18" VPOS="1875" HPOS="1129"/><String ID="p828_w337" CONTENT="a" HPOS="1147" VPOS="1875" WIDTH="19" HEIGHT="75" STYLEREFS="font0"/><SP WIDTH="12" VPOS="1875" HPOS="1166"/><String ID="p828_w338" CONTENT="me-" HPOS="1178" VPOS="1875" WIDTH="65" HEIGHT="75" STYLEREFS="font0"/></TextLine><TextLine WIDTH="433" HEIGHT="75" ID="p828_t41" HPOS="255" VPOS="1921"><String ID="p828_w339" CONTENT="dicine," HPOS="255" VPOS="1921" WIDTH="116" HEIGHT="75" STYLEREFS="font0"/><SP WIDTH="26" VPOS="1921" HPOS="371"/><String ID="p828_w340" CONTENT="never" HPOS="397" VPOS="1921" WIDTH="98" HEIGHT="75" STYLEREFS="font0"/><SP WIDTH="16" VPOS="1921" HPOS="495"/><String ID="p828_w341" CONTENT="as" HPOS="511" VPOS="1921" WIDTH="33" HEIGHT="75" STYLEREFS="font0"/><SP WIDTH="18" VPOS="1921" HPOS="544"/><String ID="p828_w342" CONTENT="a" HPOS="562" VPOS="1921" WIDTH="18" HEIGHT="75" STYLEREFS="font0"/><SP WIDTH="17" VPOS="1921" HPOS="580"/><String ID="p828_w343" CONTENT="food." HPOS="597" VPOS="1921" WIDTH="91" HEIGHT="75" STYLEREFS="font0"/></TextLine><TextLine WIDTH="942" HEIGHT="75" ID="p828_t42" HPOS="302" VPOS="1968"><String ID="p828_w344" CONTENT="The" HPOS="302" VPOS="1968" WIDTH="76" HEIGHT="75" STYLEREFS="font0"/><SP WIDTH="29" VPOS="1968" HPOS="378"/><String ID="p828_w345" CONTENT="ancient" HPOS="407" VPOS="1968" WIDTH="124" HEIGHT="75" STYLEREFS="font0"/><SP WIDTH="29" VPOS="1968" HPOS="531"/><String ID="p828_w346" CONTENT="Chriftians" HPOS="560" VPOS="1968" WIDTH="175" HEIGHT="75" STYLEREFS="font0"/><SP WIDTH="30" VPOS="1968" HPOS="735"/><String ID="p828_w347" CONTENT="of" HPOS="765" VPOS="1968" WIDTH="40" HEIGHT="75" STYLEREFS="font0"/><SP WIDTH="22" VPOS="1968" HPOS="805"/><String ID="p828_w348" CONTENT="Egypt" HPOS="827" VPOS="1968" WIDTH="113" HEIGHT="75" STYLEREFS="font0"/><SP WIDTH="26" VPOS="1968" HPOS="940"/><String ID="p828_w349" CONTENT="burnt" HPOS="966" VPOS="1968" WIDTH="96" HEIGHT="75" STYLEREFS="font0"/><SP WIDTH="24" VPOS="1968" HPOS="1062"/><String ID="p828_w350" CONTENT="butter" HPOS="1086" VPOS="1968" WIDTH="109" HEIGHT="75" STYLEREFS="font0"/><SP WIDTH="17" VPOS="1968" HPOS="1195"/><String ID="p828_w351" CONTENT="in" HPOS="1212" VPOS="1968" WIDTH="32" HEIGHT="75" STYLEREFS="font0"/></TextLine><TextLine WIDTH="984" HEIGHT="75" ID="p828_t43" HPOS="258" VPOS="2014"><String ID="p828_w352" CONTENT="their" HPOS="258" VPOS="2014" WIDTH="83" HEIGHT="75" STYLEREFS="font0"/><SP WIDTH="16" VPOS="2014" HPOS="341"/><String ID="p828_w353" CONTENT="lamps" HPOS="357" VPOS="2014" WIDTH="101" HEIGHT="75" STYLEREFS="font0"/><SP WIDTH="12" VPOS="2014" HPOS="458"/><String ID="p828_w354" CONTENT="inftead" HPOS="470" VPOS="2014" WIDTH="119" HEIGHT="75" STYLEREFS="font0"/><SP WIDTH="16" VPOS="2014" HPOS="589"/><String ID="p828_w355" CONTENT="of" HPOS="605" VPOS="2014" WIDTH="39" HEIGHT="75" STYLEREFS="font0"/><SP WIDTH="14" VPOS="2014" HPOS="644"/><String ID="p828_w356" CONTENT="oil;" HPOS="658" VPOS="2014" WIDTH="64" HEIGHT="75" STYLEREFS="font0"/><SP WIDTH="28" VPOS="2014" HPOS="722"/><String ID="p828_w357" CONTENT="and" HPOS="750" VPOS="2014" WIDTH="62" HEIGHT="75" STYLEREFS="font0"/><SP WIDTH="12" VPOS="2014" HPOS="812"/><String ID="p828_w358" CONTENT="in" HPOS="824" VPOS="2014" WIDTH="29" HEIGHT="75" STYLEREFS="font0"/><SP WIDTH="15" VPOS="2014" HPOS="853"/><String ID="p828_w359" CONTENT="the" HPOS="868" VPOS="2014" WIDTH="55" HEIGHT="75" STYLEREFS="font0"/><SP WIDTH="13" VPOS="2014" HPOS="923"/><String ID="p828_w360" CONTENT="Roman" HPOS="936" VPOS="2014" WIDTH="126" HEIGHT="75" STYLEREFS="font0"/><SP WIDTH="12" VPOS="2014" HPOS="1062"/><String ID="p828_w361" CONTENT="churches," HPOS="1074" VPOS="2014" WIDTH="168" HEIGHT="75" STYLEREFS="font0"/></TextLine><TextLine WIDTH="987" HEIGHT="75" ID="p828_t44" HPOS="255" VPOS="2061"><String ID="p828_w362" CONTENT="it" HPOS="255" VPOS="2061" WIDTH="26" HEIGHT="75" STYLEREFS="font0"/><SP WIDTH="28" VPOS="2061" HPOS="281"/><String ID="p828_w363" CONTENT="was" HPOS="309" VPOS="2061" WIDTH="64" HEIGHT="75" STYLEREFS="font0"/><SP WIDTH="28" VPOS="2061" HPOS="373"/><String ID="p828_w364" CONTENT="anciently" HPOS="401" VPOS="2061" WIDTH="160" HEIGHT="75" STYLEREFS="font0"/><SP WIDTH="27" VPOS="2061" HPOS="561"/><String ID="p828_w365" CONTENT="allowed," HPOS="588" VPOS="2061" WIDTH="148" HEIGHT="75" STYLEREFS="font0"/><SP WIDTH="24" VPOS="2061" HPOS="736"/><String ID="p828_w366" CONTENT="during" HPOS="760" VPOS="2061" WIDTH="115" HEIGHT="75" STYLEREFS="font0"/><SP WIDTH="25" VPOS="2061" HPOS="875"/><String ID="p828_w367" CONTENT="Chriftmas" HPOS="900" VPOS="2061" WIDTH="175" HEIGHT="75" STYLEREFS="font0"/><SP WIDTH="17" VPOS="2061" HPOS="1075"/><String ID="p828_w368" CONTENT="time," HPOS="1092" VPOS="2061" WIDTH="89" HEIGHT="75" STYLEREFS="font0"/><SP WIDTH="26" VPOS="2061" HPOS="1181"/><String ID="p828_w369" CONTENT="to" HPOS="1207" VPOS="2061" WIDTH="35" HEIGHT="75" STYLEREFS="font0"/></TextLine><TextLine WIDTH="988" HEIGHT="75" ID="p828_t45" HPOS="256" VPOS="2108"><String ID="p828_w370" CONTENT="burn" HPOS="256" VPOS="2108" WIDTH="81" HEIGHT="75" STYLEREFS="font0"/><SP WIDTH="18" VPOS="2108" HPOS="337"/><String ID="p828_w371" CONTENT="butter" HPOS="355" VPOS="2108" WIDTH="107" HEIGHT="75" STYLEREFS="font0"/><SP WIDTH="16" VPOS="2108" HPOS="462"/><String ID="p828_w372" CONTENT="inftead" HPOS="478" VPOS="2108" WIDTH="119" HEIGHT="75" STYLEREFS="font0"/><SP WIDTH="17" VPOS="2108" HPOS="597"/><String ID="p828_w373" CONTENT="of" HPOS="614" VPOS="2108" WIDTH="40" HEIGHT="75" STYLEREFS="font0"/><SP WIDTH="11" VPOS="2108" HPOS="654"/><String ID="p828_w374" CONTENT="oil," HPOS="665" VPOS="2108" WIDTH="56" HEIGHT="75" STYLEREFS="font0"/><SP WIDTH="23" VPOS="2108" HPOS="721"/><String ID="p828_w375" CONTENT="on" HPOS="744" VPOS="2108" WIDTH="41" HEIGHT="75" STYLEREFS="font0"/><SP WIDTH="13" VPOS="2108" HPOS="785"/><String ID="p828_w376" CONTENT="account" HPOS="798" VPOS="2108" WIDTH="135" HEIGHT="75" STYLEREFS="font0"/><SP WIDTH="12" VPOS="2108" HPOS="933"/><String ID="p828_w377" CONTENT="of" HPOS="945" VPOS="2108" WIDTH="38" HEIGHT="75" STYLEREFS="font0"/><SP WIDTH="12" VPOS="2108" HPOS="983"/><String ID="p828_w378" CONTENT="the" HPOS="995" VPOS="2108" WIDTH="56" HEIGHT="75" STYLEREFS="font0"/><SP WIDTH="16" VPOS="2108" HPOS="1051"/><String ID="p828_w379" CONTENT="great" HPOS="1067" VPOS="2108" WIDTH="90" HEIGHT="75" STYLEREFS="font0"/><SP WIDTH="12" VPOS="2108" HPOS="1157"/><String ID="p828_w380" CONTENT="con-" HPOS="1169" VPOS="2108" WIDTH="75" HEIGHT="75" STYLEREFS="font0"/></TextLine><TextLine WIDTH="462" HEIGHT="75" ID="p828_t46" HPOS="257" VPOS="2154"><String ID="p828_w381" CONTENT="fumption" HPOS="257" VPOS="2154" WIDTH="157" HEIGHT="75" STYLEREFS="font0"/><SP WIDTH="16" VPOS="2154" HPOS="414"/><String ID="p828_w382" CONTENT="of" HPOS="430" VPOS="2154" WIDTH="40" HEIGHT="75" STYLEREFS="font0"/><SP WIDTH="11" VPOS="2154" HPOS="470"/><String ID="p828_w383" CONTENT="it" HPOS="481" VPOS="2154" WIDTH="26" HEIGHT="75" STYLEREFS="font0"/><SP WIDTH="17" VPOS="2154" HPOS="507"/><String ID="p828_w384" CONTENT="otherways." HPOS="524" VPOS="2154" WIDTH="195" HEIGHT="75" STYLEREFS="font0"/></TextLine><TextLine WIDTH="938" HEIGHT="75" ID="p828_t47" HPOS="305" VPOS="2200"><String ID="p828_w385" CONTENT="For" HPOS="305" VPOS="2200" WIDTH="64" HEIGHT="75" STYLEREFS="font0"/><SP WIDTH="17" VPOS="2200" HPOS="369"/><String ID="p828_w386" CONTENT="the" HPOS="386" VPOS="2200" WIDTH="54" HEIGHT="75" STYLEREFS="font0"/><SP WIDTH="17" VPOS="2200" HPOS="440"/><String ID="p828_w387" CONTENT="making" HPOS="457" VPOS="2200" WIDTH="128" HEIGHT="75" STYLEREFS="font0"/><SP WIDTH="17" VPOS="2200" HPOS="585"/><String ID="p828_w388" CONTENT="of" HPOS="602" VPOS="2200" WIDTH="39" HEIGHT="75" STYLEREFS="font0"/><SP WIDTH="13" VPOS="2200" HPOS="641"/><String ID="p828_w389" CONTENT="butter," HPOS="654" VPOS="2200" WIDTH="118" HEIGHT="75" STYLEREFS="font0"/><SP WIDTH="25" VPOS="2200" HPOS="772"/><String ID="p828_w390" CONTENT="when" HPOS="797" VPOS="2200" WIDTH="93" HEIGHT="75" STYLEREFS="font0"/><SP WIDTH="23" VPOS="2200" HPOS="890"/><String ID="p828_w391" CONTENT="it" HPOS="913" VPOS="2200" WIDTH="28" HEIGHT="75" STYLEREFS="font0"/><SP WIDTH="16" VPOS="2200" HPOS="941"/><String ID="p828_w392" CONTENT="has" HPOS="957" VPOS="2200" WIDTH="57" HEIGHT="75" STYLEREFS="font0"/><SP WIDTH="16" VPOS="2200" HPOS="1014"/><String ID="p828_w393" CONTENT="been" HPOS="1030" VPOS="2200" WIDTH="79" HEIGHT="75" STYLEREFS="font0"/><SP WIDTH="19" VPOS="2200" HPOS="1109"/><String ID="p828_w394" CONTENT="churn-" HPOS="1128" VPOS="2200" WIDTH="115" HEIGHT="75" STYLEREFS="font0"/></TextLine><TextLine WIDTH="986" HEIGHT="75" ID="p828_t48" HPOS="259" VPOS="2248"><String ID="p828_w395" CONTENT="ed," HPOS="259" VPOS="2248" WIDTH="51" HEIGHT="75" STYLEREFS="font0"/><SP WIDTH="25" VPOS="2248" HPOS="310"/><String ID="p828_w396" CONTENT="open" HPOS="335" VPOS="2248" WIDTH="81" HEIGHT="75" STYLEREFS="font0"/><SP WIDTH="14" VPOS="2248" HPOS="416"/><String ID="p828_w397" CONTENT="the" HPOS="430" VPOS="2248" WIDTH="54" HEIGHT="75" STYLEREFS="font0"/><SP WIDTH="13" VPOS="2248" HPOS="484"/><String ID="p828_w398" CONTENT="churn," HPOS="497" VPOS="2248" WIDTH="112" HEIGHT="75" STYLEREFS="font0"/><SP WIDTH="26" VPOS="2248" HPOS="609"/><String ID="p828_w399" CONTENT="and" HPOS="635" VPOS="2248" WIDTH="62" HEIGHT="75" STYLEREFS="font0"/><SP WIDTH="14" VPOS="2248" HPOS="697"/><String ID="p828_w400" CONTENT="with" HPOS="711" VPOS="2248" WIDTH="77" HEIGHT="75" STYLEREFS="font0"/><SP WIDTH="16" VPOS="2248" HPOS="788"/><String ID="p828_w401" CONTENT="both" HPOS="804" VPOS="2248" WIDTH="79" HEIGHT="75" STYLEREFS="font0"/><SP WIDTH="13" VPOS="2248" HPOS="883"/><String ID="p828_w402" CONTENT="hands" HPOS="896" VPOS="2248" WIDTH="102" HEIGHT="75" STYLEREFS="font0"/><SP WIDTH="11" VPOS="2248" HPOS="998"/><String ID="p828_w403" CONTENT="gather" HPOS="1009" VPOS="2248" WIDTH="114" HEIGHT="75" STYLEREFS="font0"/><SP WIDTH="12" VPOS="2248" HPOS="1123"/><String ID="p828_w404" CONTENT="it" HPOS="1135" VPOS="2248" WIDTH="26" HEIGHT="75" STYLEREFS="font0"/><SP WIDTH="12" VPOS="2248" HPOS="1161"/><String ID="p828_w405" CONTENT="well" HPOS="1173" VPOS="2248" WIDTH="72" HEIGHT="75" STYLEREFS="font0"/></TextLine><TextLine WIDTH="986" HEIGHT="75" ID="p828_t49" HPOS="258" VPOS="2292"><String ID="p828_w406" CONTENT="together," HPOS="258" VPOS="2292" WIDTH="160" HEIGHT="75" STYLEREFS="font0"/><SP WIDTH="25" VPOS="2292" HPOS="418"/><String ID="p828_w407" CONTENT="take-it" HPOS="443" VPOS="2292" WIDTH="116" HEIGHT="75" STYLEREFS="font0"/><SP WIDTH="13" VPOS="2292" HPOS="559"/><String ID="p828_w408" CONTENT="out" HPOS="572" VPOS="2292" WIDTH="56" HEIGHT="75" STYLEREFS="font0"/><SP WIDTH="13" VPOS="2292" HPOS="628"/><String ID="p828_w409" CONTENT="of" HPOS="641" VPOS="2292" WIDTH="41" HEIGHT="75" STYLEREFS="font0"/><SP WIDTH="10" VPOS="2292" HPOS="682"/><String ID="p828_w410" CONTENT="the" HPOS="692" VPOS="2292" WIDTH="55" HEIGHT="75" STYLEREFS="font0"/><SP WIDTH="17" VPOS="2292" HPOS="747"/><String ID="p828_w411" CONTENT="butter-milk," HPOS="764" VPOS="2292" WIDTH="216" HEIGHT="75" STYLEREFS="font0"/><SP WIDTH="26" VPOS="2292" HPOS="980"/><String ID="p828_w412" CONTENT="and" HPOS="1006" VPOS="2292" WIDTH="63" HEIGHT="75" STYLEREFS="font0"/><SP WIDTH="17" VPOS="2292" HPOS="1069"/><String ID="p828_w413" CONTENT="lay" HPOS="1086" VPOS="2292" WIDTH="53" HEIGHT="75" STYLEREFS="font0"/><SP WIDTH="16" VPOS="2292" HPOS="1139"/><String ID="p828_w414" CONTENT="it" HPOS="1155" VPOS="2292" WIDTH="25" HEIGHT="75" STYLEREFS="font0"/><SP WIDTH="17" VPOS="2292" HPOS="1180"/><String ID="p828_w415" CONTENT="in-" HPOS="1197" VPOS="2292" WIDTH="47" HEIGHT="75" STYLEREFS="font0"/></TextLine><TextLine WIDTH="986" HEIGHT="75" ID="p828_t50" HPOS="259" VPOS="2342"><String ID="p828_w416" CONTENT="to" HPOS="259" VPOS="2342" WIDTH="34" HEIGHT="75" STYLEREFS="font0"/><SP WIDTH="18" VPOS="2342" HPOS="293"/><String ID="p828_w417" CONTENT="a" HPOS="311" VPOS="2342" WIDTH="18" HEIGHT="75" STYLEREFS="font0"/><SP WIDTH="15" VPOS="2342" HPOS="329"/><String ID="p828_w418" CONTENT="very" HPOS="344" VPOS="2342" WIDTH="77" HEIGHT="75" STYLEREFS="font0"/><SP WIDTH="14" VPOS="2342" HPOS="421"/><String ID="p828_w419" CONTENT="clean" HPOS="435" VPOS="2342" WIDTH="89" HEIGHT="75" STYLEREFS="font0"/><SP WIDTH="17" VPOS="2342" HPOS="524"/><String ID="p828_w420" CONTENT="bowl," HPOS="541" VPOS="2342" WIDTH="98" HEIGHT="75" STYLEREFS="font0"/><SP WIDTH="27" VPOS="2342" HPOS="639"/><String ID="p828_w421" CONTENT="or" HPOS="666" VPOS="2342" WIDTH="36" HEIGHT="75" STYLEREFS="font0"/><SP WIDTH="23" VPOS="2342" HPOS="702"/><String ID="p828_w422" CONTENT="earthen" HPOS="725" VPOS="2342" WIDTH="131" HEIGHT="75" STYLEREFS="font0"/><SP WIDTH="17" VPOS="2342" HPOS="856"/><String ID="p828_w423" CONTENT="pan;" HPOS="873" VPOS="2342" WIDTH="82" HEIGHT="75" STYLEREFS="font0"/><SP WIDTH="28" VPOS="2342" HPOS="955"/><String ID="p828_w424" CONTENT="and" HPOS="983" VPOS="2342" WIDTH="61" HEIGHT="75" STYLEREFS="font0"/><SP WIDTH="15" VPOS="2342" HPOS="1044"/><String ID="p828_w425" CONTENT="if" HPOS="1059" VPOS="2342" WIDTH="31" HEIGHT="75" STYLEREFS="font0"/><SP WIDTH="11" VPOS="2342" HPOS="1090"/><String ID="p828_w426" CONTENT="the" HPOS="1101" VPOS="2342" WIDTH="55" HEIGHT="75" STYLEREFS="font0"/><SP WIDTH="16" VPOS="2342" HPOS="1156"/><String ID="p828_w427" CONTENT="but-" HPOS="1172" VPOS="2342" WIDTH="73" HEIGHT="75" STYLEREFS="font0"/></TextLine><TextLine WIDTH="987" HEIGHT="75" ID="p828_t51" HPOS="259" VPOS="2388"><String ID="p828_w428" CONTENT="ter" HPOS="259" VPOS="2388" WIDTH="50" HEIGHT="75" STYLEREFS="font0"/><SP WIDTH="27" VPOS="2388" HPOS="309"/><String ID="p828_w429" CONTENT="be" HPOS="336" VPOS="2388" WIDTH="39" HEIGHT="75" STYLEREFS="font0"/><SP WIDTH="29" VPOS="2388" HPOS="375"/><String ID="p828_w430" CONTENT="defigned" HPOS="404" VPOS="2388" WIDTH="148" HEIGHT="75" STYLEREFS="font0"/><SP WIDTH="27" VPOS="2388" HPOS="552"/><String ID="p828_w431" CONTENT="to" HPOS="579" VPOS="2388" WIDTH="35" HEIGHT="75" STYLEREFS="font0"/><SP WIDTH="28" VPOS="2388" HPOS="614"/><String ID="p828_w432" CONTENT="be" HPOS="642" VPOS="2388" WIDTH="39" HEIGHT="75" STYLEREFS="font0"/><SP WIDTH="28" VPOS="2388" HPOS="681"/><String ID="p828_w433" CONTENT="ufed" HPOS="709" VPOS="2388" WIDTH="76" HEIGHT="75" STYLEREFS="font0"/><SP WIDTH="28" VPOS="2388" HPOS="785"/><String ID="p828_w434" CONTENT="fweet," HPOS="813" VPOS="2388" WIDTH="108" HEIGHT="75" STYLEREFS="font0"/><SP WIDTH="27" VPOS="2388" HPOS="921"/><String ID="p828_w435" CONTENT="fill" HPOS="948" VPOS="2388" WIDTH="45" HEIGHT="75" STYLEREFS="font0"/><SP WIDTH="25" VPOS="2388" HPOS="993"/><String ID="p828_w436" CONTENT="the" HPOS="1018" VPOS="2388" WIDTH="55" HEIGHT="75" STYLEREFS="font0"/><SP WIDTH="17" VPOS="2388" HPOS="1073"/><String ID="p828_w437" CONTENT="pan" HPOS="1090" VPOS="2388" WIDTH="60" HEIGHT="75" STYLEREFS="font0"/><SP WIDTH="18" VPOS="2388" HPOS="1150"/><String ID="p828_w438" CONTENT="with" HPOS="1168" VPOS="2388" WIDTH="78" HEIGHT="75" STYLEREFS="font0"/></TextLine><TextLine WIDTH="987" HEIGHT="75" ID="p828_t52" HPOS="260" VPOS="2434"><String ID="p828_w439" CONTENT="clear" HPOS="260" VPOS="2434" WIDTH="85" HEIGHT="75" STYLEREFS="font0"/><SP WIDTH="15" VPOS="2434" HPOS="345"/><String ID="p828_w440" CONTENT="water," HPOS="360" VPOS="2434" WIDTH="113" HEIGHT="75" STYLEREFS="font0"/><SP WIDTH="27" VPOS="2434" HPOS="473"/><String ID="p828_w441" CONTENT="and" HPOS="500" VPOS="2434" WIDTH="61" HEIGHT="75" STYLEREFS="font0"/><SP WIDTH="17" VPOS="2434" HPOS="561"/><String ID="p828_w442" CONTENT="work" HPOS="578" VPOS="2434" WIDTH="90" HEIGHT="75" STYLEREFS="font0"/><SP WIDTH="17" VPOS="2434" HPOS="668"/><String ID="p828_w443" CONTENT="the" HPOS="685" VPOS="2434" WIDTH="55" HEIGHT="75" STYLEREFS="font0"/><SP WIDTH="22" VPOS="2434" HPOS="740"/><String ID="p828_w444" CONTENT="butter" HPOS="762" VPOS="2434" WIDTH="108" HEIGHT="75" STYLEREFS="font0"/><SP WIDTH="16" VPOS="2434" HPOS="870"/><String ID="p828_w445" CONTENT="in" HPOS="886" VPOS="2434" WIDTH="32" HEIGHT="75" STYLEREFS="font0"/><SP WIDTH="16" VPOS="2434" HPOS="918"/><String ID="p828_w446" CONTENT="it" HPOS="934" VPOS="2434" WIDTH="25" HEIGHT="75" STYLEREFS="font0"/><SP WIDTH="18" VPOS="2434" HPOS="959"/><String ID="p828_w447" CONTENT="to" HPOS="977" VPOS="2434" WIDTH="35" HEIGHT="75" STYLEREFS="font0"/><SP WIDTH="17" VPOS="2434" HPOS="1012"/><String ID="p828_w448" CONTENT="and" HPOS="1029" VPOS="2434" WIDTH="63" HEIGHT="75" STYLEREFS="font0"/><SP WIDTH="16" VPOS="2434" HPOS="1092"/><String ID="p828_w449" CONTENT="fro," HPOS="1108" VPOS="2434" WIDTH="63" HEIGHT="75" STYLEREFS="font0"/><SP WIDTH="26" VPOS="2434" HPOS="1171"/><String ID="p828_w450" CONTENT="till" HPOS="1197" VPOS="2434" WIDTH="50" HEIGHT="75" STYLEREFS="font0"/></TextLine><TextLine WIDTH="1023" HEIGHT="75" ID="p828_t53" HPOS="225" VPOS="2478"><String ID="p828_w451" CONTENT="." HPOS="225" VPOS="2478" WIDTH="10" HEIGHT="75" STYLEREFS="font0"/><SP WIDTH="24" VPOS="2478" HPOS="235"/><String ID="p828_w452" CONTENT="it" HPOS="259" VPOS="2478" WIDTH="28" HEIGHT="75" STYLEREFS="font0"/><SP WIDTH="17" VPOS="2478" HPOS="287"/><String ID="p828_w453" CONTENT="is" HPOS="304" VPOS="2478" WIDTH="26" HEIGHT="75" STYLEREFS="font0"/><SP WIDTH="29" VPOS="2478" HPOS="330"/><String ID="p828_w454" CONTENT="brought" HPOS="359" VPOS="2478" WIDTH="139" HEIGHT="75" STYLEREFS="font0"/><SP WIDTH="28" VPOS="2478" HPOS="498"/><String ID="p828_w455" CONTENT="to" HPOS="526" VPOS="2478" WIDTH="35" HEIGHT="75" STYLEREFS="font0"/><SP WIDTH="16" VPOS="2478" HPOS="561"/><String ID="p828_w456" CONTENT="-a" HPOS="577" VPOS="2478" WIDTH="29" HEIGHT="75" STYLEREFS="font0"/><SP WIDTH="26" VPOS="2478" HPOS="606"/><String ID="p828_w457" CONTENT="firm" HPOS="632" VPOS="2478" WIDTH="72" HEIGHT="75" STYLEREFS="font0"/><SP WIDTH="27" VPOS="2478" HPOS="704"/><String ID="p828_w458" CONTENT="confiftence" HPOS="731" VPOS="2478" WIDTH="186" HEIGHT="75" STYLEREFS="font0"/><SP WIDTH="16" VPOS="2478" HPOS="917"/><String ID="p828_w459" CONTENT="of" HPOS="933" VPOS="2478" WIDTH="40" HEIGHT="75" STYLEREFS="font0"/><SP WIDTH="17" VPOS="2478" HPOS="973"/><String ID="p828_w460" CONTENT="itfelf," HPOS="990" VPOS="2478" WIDTH="97" HEIGHT="75" STYLEREFS="font0"/><SP WIDTH="25" VPOS="2478" HPOS="1087"/><String ID="p828_w461" CONTENT="without" HPOS="1112" VPOS="2478" WIDTH="136" HEIGHT="75" STYLEREFS="font0"/></TextLine><TextLine WIDTH="986" HEIGHT="75" ID="p828_t54" HPOS="261" VPOS="2528"><String ID="p828_w462" CONTENT="any" HPOS="261" VPOS="2528" WIDTH="62" HEIGHT="75" STYLEREFS="font0"/><SP WIDTH="16" VPOS="2528" HPOS="323"/><String ID="p828_w463" CONTENT="moifture." HPOS="339" VPOS="2528" WIDTH="159" HEIGHT="75" STYLEREFS="font0"/><SP WIDTH="50" VPOS="2528" HPOS="498"/><String ID="p828_w464" CONTENT="When" HPOS="548" VPOS="2528" WIDTH="110" HEIGHT="75" STYLEREFS="font0"/><SP WIDTH="18" VPOS="2528" HPOS="658"/><String ID="p828_w465" CONTENT="this" HPOS="676" VPOS="2528" WIDTH="63" HEIGHT="75" STYLEREFS="font0"/><SP WIDTH="29" VPOS="2528" HPOS="739"/><String ID="p828_w466" CONTENT="has" HPOS="768" VPOS="2528" WIDTH="56" HEIGHT="75" STYLEREFS="font0"/><SP WIDTH="29" VPOS="2528" HPOS="824"/><String ID="p828_w467" CONTENT="been" HPOS="853" VPOS="2528" WIDTH="78" HEIGHT="75" STYLEREFS="font0"/><SP WIDTH="18" VPOS="2528" HPOS="931"/><String ID="p828_w468" CONTENT="done," HPOS="949" VPOS="2528" WIDTH="95" HEIGHT="75" STYLEREFS="font0"/><SP WIDTH="25" VPOS="2528" HPOS="1044"/><String ID="p828_w469" CONTENT="it" HPOS="1069" VPOS="2528" WIDTH="27" HEIGHT="75" STYLEREFS="font0"/><SP WIDTH="16" VPOS="2528" HPOS="1096"/><String ID="p828_w470" CONTENT="muft" HPOS="1112" VPOS="2528" WIDTH="79" HEIGHT="75" STYLEREFS="font0"/><SP WIDTH="17" VPOS="2528" HPOS="1191"/><String ID="p828_w471" CONTENT="be" HPOS="1208" VPOS="2528" WIDTH="39" HEIGHT="75" STYLEREFS="font0"/></TextLine><TextLine WIDTH="987" HEIGHT="75" ID="p828_t55" HPOS="260" VPOS="2574"><String ID="p828_w472" CONTENT="fcotched" HPOS="260" VPOS="2574" WIDTH="151" HEIGHT="75" STYLEREFS="font0"/><SP WIDTH="28" VPOS="2574" HPOS="411"/><String ID="p828_w473" CONTENT="and" HPOS="439" VPOS="2574" WIDTH="62" HEIGHT="75" STYLEREFS="font0"/><SP WIDTH="28" VPOS="2574" HPOS="501"/><String ID="p828_w474" CONTENT="fliced" HPOS="529" VPOS="2574" WIDTH="95" HEIGHT="75" STYLEREFS="font0"/><SP WIDTH="27" VPOS="2574" HPOS="624"/><String ID="p828_w475" CONTENT="over" HPOS="651" VPOS="2574" WIDTH="76" HEIGHT="75" STYLEREFS="font0"/><SP WIDTH="28" VPOS="2574" HPOS="727"/><String ID="p828_w476" CONTENT="with" HPOS="755" VPOS="2574" WIDTH="79" HEIGHT="75" STYLEREFS="font0"/><SP WIDTH="24" VPOS="2574" HPOS="834"/><String ID="p828_w477" CONTENT="the" HPOS="858" VPOS="2574" WIDTH="57" HEIGHT="75" STYLEREFS="font0"/><SP WIDTH="23" VPOS="2574" HPOS="915"/><String ID="p828_w478" CONTENT="point" HPOS="938" VPOS="2574" WIDTH="90" HEIGHT="75" STYLEREFS="font0"/><SP WIDTH="24" VPOS="2574" HPOS="1028"/><String ID="p828_w479" CONTENT="of" HPOS="1052" VPOS="2574" WIDTH="40" HEIGHT="75" STYLEREFS="font0"/><SP WIDTH="20" VPOS="2574" HPOS="1092"/><String ID="p828_w480" CONTENT="a" HPOS="1112" VPOS="2574" WIDTH="18" HEIGHT="75" STYLEREFS="font0"/><SP WIDTH="16" VPOS="2574" HPOS="1130"/><String ID="p828_w481" CONTENT="knife," HPOS="1146" VPOS="2574" WIDTH="101" HEIGHT="75" STYLEREFS="font0"/></TextLine><TextLine WIDTH="985" HEIGHT="75" ID="p828_t56" HPOS="264" VPOS="2620"><String ID="p828_w482" CONTENT="every" HPOS="264" VPOS="2620" WIDTH="96" HEIGHT="75" STYLEREFS="font0"/><SP WIDTH="16" VPOS="2620" HPOS="360"/><String ID="p828_w483" CONTENT="way" HPOS="376" VPOS="2620" WIDTH="70" HEIGHT="75" STYLEREFS="font0"/><SP WIDTH="28" VPOS="2620" HPOS="446"/><String ID="p828_w484" CONTENT="as" HPOS="474" VPOS="2620" WIDTH="34" HEIGHT="75" STYLEREFS="font0"/><SP WIDTH="27" VPOS="2620" HPOS="508"/><String ID="p828_w485" CONTENT="thick" HPOS="535" VPOS="2620" WIDTH="90" HEIGHT="75" STYLEREFS="font0"/><SP WIDTH="24" VPOS="2620" HPOS="625"/><String ID="p828_w486" CONTENT="as" HPOS="649" VPOS="2620" WIDTH="33" HEIGHT="75" STYLEREFS="font0"/><SP WIDTH="28" VPOS="2620" HPOS="682"/><String ID="p828_w487" CONTENT="polfible," HPOS="710" VPOS="2620" WIDTH="140" HEIGHT="75" STYLEREFS="font0"/><SP WIDTH="26" VPOS="2620" HPOS="850"/><String ID="p828_w488" CONTENT="in" HPOS="876" VPOS="2620" WIDTH="31" HEIGHT="75" STYLEREFS="font0"/><SP WIDTH="18" VPOS="2620" HPOS="907"/><String ID="p828_w489" CONTENT="order" HPOS="925" VPOS="2620" WIDTH="93" HEIGHT="75" STYLEREFS="font0"/><SP WIDTH="18" VPOS="2620" HPOS="1018"/><String ID="p828_w490" CONTENT="to" HPOS="1036" VPOS="2620" WIDTH="35" HEIGHT="75" STYLEREFS="font0"/><SP WIDTH="16" VPOS="2620" HPOS="1071"/><String ID="p828_w491" CONTENT="fetch" HPOS="1087" VPOS="2620" WIDTH="87" HEIGHT="75" STYLEREFS="font0"/><SP WIDTH="17" VPOS="2620" HPOS="1174"/><String ID="p828_w492" CONTENT="out" HPOS="1191" VPOS="2620" WIDTH="58" HEIGHT="75" STYLEREFS="font0"/></TextLine><TextLine WIDTH="991" HEIGHT="75" ID="p828_t57" HPOS="261" VPOS="2668"><String ID="p828_w493" CONTENT="the" HPOS="261" VPOS="2668" WIDTH="56" HEIGHT="75" STYLEREFS="font0"/><SP WIDTH="25" VPOS="2668" HPOS="317"/><String ID="p828_w494" CONTENT="fmalleft" HPOS="342" VPOS="2668" WIDTH="133" HEIGHT="75" STYLEREFS="font0"/><SP WIDTH="22" VPOS="2668" HPOS="475"/><String ID="p828_w495" CONTENT="hair," HPOS="497" VPOS="2668" WIDTH="85" HEIGHT="75" STYLEREFS="font0"/><SP WIDTH="32" VPOS="2668" HPOS="582"/><String ID="p828_w496" CONTENT="mote," HPOS="614" VPOS="2668" WIDTH="99" HEIGHT="75" STYLEREFS="font0"/><SP WIDTH="26" VPOS="2668" HPOS="713"/><String ID="p828_w497" CONTENT="bit" HPOS="739" VPOS="2668" WIDTH="48" HEIGHT="75" STYLEREFS="font0"/><SP WIDTH="25" VPOS="2668" HPOS="787"/><String ID="p828_w498" CONTENT="of" HPOS="812" VPOS="2668" WIDTH="39" HEIGHT="75" STYLEREFS="font0"/><SP WIDTH="19" VPOS="2668" HPOS="851"/><String ID="p828_w499" CONTENT="rag," HPOS="870" VPOS="2668" WIDTH="67" HEIGHT="75" STYLEREFS="font0"/><SP WIDTH="25" VPOS="2668" HPOS="937"/><String ID="p828_w500" CONTENT="ftrainer," HPOS="962" VPOS="2668" WIDTH="142" HEIGHT="75" STYLEREFS="font0"/><SP WIDTH="26" VPOS="2668" HPOS="1104"/><String ID="p828_w501" CONTENT="or" HPOS="1130" VPOS="2668" WIDTH="36" HEIGHT="75" STYLEREFS="font0"/><SP WIDTH="24" VPOS="2668" HPOS="1166"/><String ID="p828_w502" CONTENT="any" HPOS="1190" VPOS="2668" WIDTH="62" HEIGHT="75" STYLEREFS="font0"/></TextLine><TextLine WIDTH="989" HEIGHT="75" ID="p828_t58" HPOS="262" VPOS="2714"><String ID="p828_w503" CONTENT="thing" HPOS="262" VPOS="2714" WIDTH="91" HEIGHT="75" STYLEREFS="font0"/><SP WIDTH="16" VPOS="2714" HPOS="353"/><String ID="p828_w504" CONTENT="that" HPOS="369" VPOS="2714" WIDTH="70" HEIGHT="75" STYLEREFS="font0"/><SP WIDTH="30" VPOS="2714" HPOS="439"/><String ID="p828_w505" CONTENT="may" HPOS="469" VPOS="2714" WIDTH="74" HEIGHT="75" STYLEREFS="font0"/><SP WIDTH="26" VPOS="2714" HPOS="543"/><String ID="p828_w506" CONTENT="have" HPOS="569" VPOS="2714" WIDTH="81" HEIGHT="75" STYLEREFS="font0"/><SP WIDTH="26" VPOS="2714" HPOS="650"/><String ID="p828_w507" CONTENT="happened" HPOS="676" VPOS="2714" WIDTH="165" HEIGHT="75" STYLEREFS="font0"/><SP WIDTH="17" VPOS="2714" HPOS="841"/><String ID="p828_w508" CONTENT="to" HPOS="858" VPOS="2714" WIDTH="34" HEIGHT="75" STYLEREFS="font0"/><SP WIDTH="16" VPOS="2714" HPOS="892"/><String ID="p828_w509" CONTENT="fall" HPOS="908" VPOS="2714" WIDTH="58" HEIGHT="75" STYLEREFS="font0"/><SP WIDTH="16" VPOS="2714" HPOS="966"/><String ID="p828_w510" CONTENT="into" HPOS="982" VPOS="2714" WIDTH="69" HEIGHT="75" STYLEREFS="font0"/><SP WIDTH="16" VPOS="2714" HPOS="1051"/><String ID="p828_w511" CONTENT="it." HPOS="1067" VPOS="2714" WIDTH="37" HEIGHT="75" STYLEREFS="font0"/><SP WIDTH="49" VPOS="2714" HPOS="1104"/><String ID="p828_w512" CONTENT="Then" HPOS="1153" VPOS="2714" WIDTH="98" HEIGHT="75" STYLEREFS="font0"/></TextLine><TextLine WIDTH="989" HEIGHT="75" ID="p828_t59" HPOS="261" VPOS="2760"><String ID="p828_w513" CONTENT="Spread" HPOS="261" VPOS="2760" WIDTH="110" HEIGHT="75" STYLEREFS="font0"/><SP WIDTH="24" VPOS="2760" HPOS="371"/><String ID="p828_w514" CONTENT="it" HPOS="395" VPOS="2760" WIDTH="27" HEIGHT="75" STYLEREFS="font0"/><SP WIDTH="24" VPOS="2760" HPOS="422"/><String ID="p828_w515" CONTENT="thin" HPOS="446" VPOS="2760" WIDTH="70" HEIGHT="75" STYLEREFS="font0"/><SP WIDTH="16" VPOS="2760" HPOS="516"/><String ID="p828_w516" CONTENT="in" HPOS="532" VPOS="2760" WIDTH="32" HEIGHT="75" STYLEREFS="font0"/><SP WIDTH="29" VPOS="2760" HPOS="564"/><String ID="p828_w517" CONTENT="a" HPOS="593" VPOS="2760" WIDTH="18" HEIGHT="75" STYLEREFS="font0"/><SP WIDTH="27" VPOS="2760" HPOS="611"/><String ID="p828_w518" CONTENT="bowl," HPOS="638" VPOS="2760" WIDTH="98" HEIGHT="75" STYLEREFS="font0"/><SP WIDTH="30" VPOS="2760" HPOS="736"/><String ID="p828_w519" CONTENT="and" HPOS="766" VPOS="2760" WIDTH="62" HEIGHT="75" STYLEREFS="font0"/><SP WIDTH="22" VPOS="2760" HPOS="828"/><String ID="p828_w520" CONTENT="work" HPOS="850" VPOS="2760" WIDTH="90" HEIGHT="75" STYLEREFS="font0"/><SP WIDTH="17" VPOS="2760" HPOS="940"/><String ID="p828_w521" CONTENT="it" HPOS="957" VPOS="2760" WIDTH="25" HEIGHT="75" STYLEREFS="font0"/><SP WIDTH="17" VPOS="2760" HPOS="982"/><String ID="p828_w522" CONTENT="well" HPOS="999" VPOS="2760" WIDTH="73" HEIGHT="75" STYLEREFS="font0"/><SP WIDTH="18" VPOS="2760" HPOS="1072"/><String ID="p828_w523" CONTENT="together," HPOS="1090" VPOS="2760" WIDTH="160" HEIGHT="75" STYLEREFS="font0"/></TextLine><TextLine WIDTH="988" HEIGHT="75" ID="p828_t60" HPOS="263" VPOS="2806"><String ID="p828_w524" CONTENT="with" HPOS="263" VPOS="2806" WIDTH="78" HEIGHT="75" STYLEREFS="font0"/><SP WIDTH="18" VPOS="2806" HPOS="341"/><String ID="p828_w525" CONTENT="fuch" HPOS="359" VPOS="2806" WIDTH="74" HEIGHT="75" STYLEREFS="font0"/><SP WIDTH="18" VPOS="2806" HPOS="433"/><String ID="p828_w526" CONTENT="quantity" HPOS="451" VPOS="2806" WIDTH="147" HEIGHT="75" STYLEREFS="font0"/><SP WIDTH="16" VPOS="2806" HPOS="598"/><String ID="p828_w527" CONTENT="of" HPOS="614" VPOS="2806" WIDTH="40" HEIGHT="75" STYLEREFS="font0"/><SP WIDTH="22" VPOS="2806" HPOS="654"/><String ID="p828_w528" CONTENT="fait" HPOS="676" VPOS="2806" WIDTH="58" HEIGHT="75" STYLEREFS="font0"/><SP WIDTH="29" VPOS="2806" HPOS="734"/><String ID="p828_w529" CONTENT="as" HPOS="763" VPOS="2806" WIDTH="32" HEIGHT="75" STYLEREFS="font0"/><SP WIDTH="25" VPOS="2806" HPOS="795"/><String ID="p828_w530" CONTENT="you" HPOS="820" VPOS="2806" WIDTH="63" HEIGHT="75" STYLEREFS="font0"/><SP WIDTH="17" VPOS="2806" HPOS="883"/><String ID="p828_w531" CONTENT="think" HPOS="900" VPOS="2806" WIDTH="91" HEIGHT="75" STYLEREFS="font0"/><SP WIDTH="16" VPOS="2806" HPOS="991"/><String ID="p828_w532" CONTENT="fit," HPOS="1007" VPOS="2806" WIDTH="47" HEIGHT="75" STYLEREFS="font0"/><SP WIDTH="26" VPOS="2806" HPOS="1054"/><String ID="p828_w533" CONTENT="and" HPOS="1080" VPOS="2806" WIDTH="63" HEIGHT="75" STYLEREFS="font0"/><SP WIDTH="16" VPOS="2806" HPOS="1143"/><String ID="p828_w534" CONTENT="make" HPOS="1159" VPOS="2806" WIDTH="92" HEIGHT="75" STYLEREFS="font0"/></TextLine><TextLine WIDTH="989" HEIGHT="75" ID="p828_t61" HPOS="262" VPOS="2854"><String ID="p828_w535" CONTENT="it" HPOS="262" VPOS="2854" WIDTH="23" HEIGHT="75" STYLEREFS="font0"/><SP WIDTH="25" VPOS="2854" HPOS="285"/><String ID="p828_w536" CONTENT="up" HPOS="310" VPOS="2854" WIDTH="41" HEIGHT="75" STYLEREFS="font0"/><SP WIDTH="29" VPOS="2854" HPOS="351"/><String ID="p828_w537" CONTENT="into" HPOS="380" VPOS="2854" WIDTH="68" HEIGHT="75" STYLEREFS="font0"/><SP WIDTH="28" VPOS="2854" HPOS="448"/><String ID="p828_w538" CONTENT="dilhes," HPOS="476" VPOS="2854" WIDTH="114" HEIGHT="75" STYLEREFS="font0"/><SP WIDTH="36" VPOS="2854" HPOS="590"/><String ID="p828_w539" CONTENT="pounds," HPOS="626" VPOS="2854" WIDTH="136" HEIGHT="75" STYLEREFS="font0"/><SP WIDTH="34" VPOS="2854" HPOS="762"/><String ID="p828_w540" CONTENT="half" HPOS="796" VPOS="2854" WIDTH="73" HEIGHT="75" STYLEREFS="font0"/><SP WIDTH="23" VPOS="2854" HPOS="869"/><String ID="p828_w541" CONTENT="pounds," HPOS="892" VPOS="2854" WIDTH="135" HEIGHT="75" STYLEREFS="font0"/><SP WIDTH="33" VPOS="2854" HPOS="1027"/><String ID="p828_w542" CONTENT="&lt;bc." HPOS="1060" VPOS="2854" WIDTH="64" HEIGHT="75" STYLEREFS="font0"/><SP WIDTH="49" VPOS="2854" HPOS="1124"/><String ID="p828_w543" CONTENT="The" HPOS="1173" VPOS="2854" WIDTH="78" HEIGHT="75" STYLEREFS="font0"/></TextLine><TextLine WIDTH="988" HEIGHT="75" ID="p828_t62" HPOS="262" VPOS="2898"><String ID="p828_w544" CONTENT="newer" HPOS="262" VPOS="2898" WIDTH="104" HEIGHT="75" STYLEREFS="font0"/><SP WIDTH="19" VPOS="2898" HPOS="366"/><String ID="p828_w545" CONTENT="the" HPOS="385" VPOS="2898" WIDTH="53" HEIGHT="75" STYLEREFS="font0"/><SP WIDTH="16" VPOS="2898" HPOS="438"/><String ID="p828_w546" CONTENT="butter" HPOS="454" VPOS="2898" WIDTH="108" HEIGHT="75" STYLEREFS="font0"/><SP WIDTH="18" VPOS="2898" HPOS="562"/><String ID="p828_w547" CONTENT="is," HPOS="580" VPOS="2898" WIDTH="39" HEIGHT="75" STYLEREFS="font0"/><SP WIDTH="26" VPOS="2898" HPOS="619"/><String ID="p828_w548" CONTENT="the" HPOS="645" VPOS="2898" WIDTH="55" HEIGHT="75" STYLEREFS="font0"/><SP WIDTH="17" VPOS="2898" HPOS="700"/><String ID="p828_w549" CONTENT="more" HPOS="717" VPOS="2898" WIDTH="89" HEIGHT="75" STYLEREFS="font0"/><SP WIDTH="17" VPOS="2898" HPOS="806"/><String ID="p828_w550" CONTENT="wholefome" HPOS="823" VPOS="2898" WIDTH="190" HEIGHT="75" STYLEREFS="font0"/><SP WIDTH="17" VPOS="2898" HPOS="1013"/><String ID="p828_w551" CONTENT="and" HPOS="1030" VPOS="2898" WIDTH="62" HEIGHT="75" STYLEREFS="font0"/><SP WIDTH="18" VPOS="2898" HPOS="1092"/><String ID="p828_w552" CONTENT="pleafant" HPOS="1110" VPOS="2898" WIDTH="140" HEIGHT="75" STYLEREFS="font0"/></TextLine><TextLine WIDTH="988" HEIGHT="75" ID="p828_t63" HPOS="263" VPOS="2947"><String ID="p828_w553" CONTENT="it" HPOS="263" VPOS="2947" WIDTH="23" HEIGHT="75" STYLEREFS="font0"/><SP WIDTH="26" VPOS="2947" HPOS="286"/><String ID="p828_w554" CONTENT="is;" HPOS="312" VPOS="2947" WIDTH="48" HEIGHT="75" STYLEREFS="font0"/><SP WIDTH="27" VPOS="2947" HPOS="360"/><String ID="p828_w555" CONTENT="and" HPOS="387" VPOS="2947" WIDTH="61" HEIGHT="75" STYLEREFS="font0"/><SP WIDTH="32" VPOS="2947" HPOS="448"/><String ID="p828_w556" CONTENT="that" HPOS="480" VPOS="2947" WIDTH="70" HEIGHT="75" STYLEREFS="font0"/><SP WIDTH="27" VPOS="2947" HPOS="550"/><String ID="p828_w557" CONTENT="which" HPOS="577" VPOS="2947" WIDTH="105" HEIGHT="75" STYLEREFS="font0"/><SP WIDTH="27" VPOS="2947" HPOS="682"/><String ID="p828_w558" CONTENT="is" HPOS="709" VPOS="2947" WIDTH="28" HEIGHT="75" STYLEREFS="font0"/><SP WIDTH="28" VPOS="2947" HPOS="737"/><String ID="p828_w559" CONTENT="made" HPOS="765" VPOS="2947" WIDTH="93" HEIGHT="75" STYLEREFS="font0"/><SP WIDTH="23" VPOS="2947" HPOS="858"/><String ID="p828_w560" CONTENT="in" HPOS="881" VPOS="2947" WIDTH="33" HEIGHT="75" STYLEREFS="font0"/><SP WIDTH="18" VPOS="2947" HPOS="914"/><String ID="p828_w561" CONTENT="May," HPOS="932" VPOS="2947" WIDTH="92" HEIGHT="75" STYLEREFS="font0"/><SP WIDTH="26" VPOS="2947" HPOS="1024"/><String ID="p828_w562" CONTENT="is" HPOS="1050" VPOS="2947" WIDTH="26" HEIGHT="75" STYLEREFS="font0"/><SP WIDTH="18" VPOS="2947" HPOS="1076"/><String ID="p828_w563" CONTENT="efteemed" HPOS="1094" VPOS="2947" WIDTH="157" HEIGHT="75" STYLEREFS="font0"/></TextLine><TextLine WIDTH="146" HEIGHT="75" ID="p828_t64" HPOS="262" VPOS="2993"><String ID="p828_w564" CONTENT="the" HPOS="262" VPOS="2993" WIDTH="54" HEIGHT="75" STYLEREFS="font0"/><SP WIDTH="18" VPOS="2993" HPOS="316"/><String ID="p828_w565" CONTENT="beft." HPOS="334" VPOS="2993" WIDTH="74" HEIGHT="75" STYLEREFS="font0"/></TextLine><TextLine WIDTH="946" HEIGHT="75" ID="p828_t65" HPOS="1383" VPOS="203"><String ID="p828_w566" CONTENT="There" HPOS="1383" VPOS="203" WIDTH="113" HEIGHT="75" STYLEREFS="font0"/><SP WIDTH="18" VPOS="203" HPOS="1496"/><String ID="p828_w567" CONTENT="are" HPOS="1514" VPOS="203" WIDTH="54" HEIGHT="75" STYLEREFS="font0"/><SP WIDTH="17" VPOS="203" HPOS="1568"/><String ID="p828_w568" CONTENT="as" HPOS="1585" VPOS="203" WIDTH="34" HEIGHT="75" STYLEREFS="font0"/><SP WIDTH="17" VPOS="203" HPOS="1619"/><String ID="p828_w569" CONTENT="many" HPOS="1636" VPOS="203" WIDTH="97" HEIGHT="75" STYLEREFS="font0"/><SP WIDTH="12" VPOS="203" HPOS="1733"/><String ID="p828_w570" CONTENT="forts" HPOS="1745" VPOS="203" WIDTH="84" HEIGHT="75" STYLEREFS="font0"/><SP WIDTH="16" VPOS="203" HPOS="1829"/><String ID="p828_w571" CONTENT="of" HPOS="1845" VPOS="203" WIDTH="39" HEIGHT="75" STYLEREFS="font0"/><SP WIDTH="11" VPOS="203" HPOS="1884"/><String ID="p828_w572" CONTENT="butter," HPOS="1895" VPOS="203" WIDTH="121" HEIGHT="75" STYLEREFS="font0"/><SP WIDTH="28" VPOS="203" HPOS="2016"/><String ID="p828_w573" CONTENT="as" HPOS="2044" VPOS="203" WIDTH="32" HEIGHT="75" STYLEREFS="font0"/><SP WIDTH="18" VPOS="203" HPOS="2076"/><String ID="p828_w574" CONTENT="there" HPOS="2094" VPOS="203" WIDTH="91" HEIGHT="75" STYLEREFS="font0"/><SP WIDTH="17" VPOS="203" HPOS="2185"/><String ID="p828_w575" CONTENT="are" HPOS="2202" VPOS="203" WIDTH="52" HEIGHT="75" STYLEREFS="font0"/><SP WIDTH="11" VPOS="203" HPOS="2254"/><String ID="p828_w576" CONTENT="dif-" HPOS="2265" VPOS="203" WIDTH="64" HEIGHT="75" STYLEREFS="font0"/></TextLine><TextLine WIDTH="1000" HEIGHT="75" ID="p828_t66" HPOS="1339" VPOS="247"><String ID="p828_w577" CONTENT="ferent" HPOS="1339" VPOS="247" WIDTH="102" HEIGHT="75" STYLEREFS="font0"/><SP WIDTH="18" VPOS="247" HPOS="1441"/><String ID="p828_w578" CONTENT="milks" HPOS="1459" VPOS="247" WIDTH="93" HEIGHT="75" STYLEREFS="font0"/><SP WIDTH="19" VPOS="247" HPOS="1552"/><String ID="p828_w579" CONTENT="of" HPOS="1571" VPOS="247" WIDTH="38" HEIGHT="75" STYLEREFS="font0"/><SP WIDTH="24" VPOS="247" HPOS="1609"/><String ID="p828_w580" CONTENT="animals" HPOS="1633" VPOS="247" WIDTH="134" HEIGHT="75" STYLEREFS="font0"/><SP WIDTH="18" VPOS="247" HPOS="1767"/><String ID="p828_w581" CONTENT="whereof" HPOS="1785" VPOS="247" WIDTH="146" HEIGHT="75" STYLEREFS="font0"/><SP WIDTH="18" VPOS="247" HPOS="1931"/><String ID="p828_w582" CONTENT="to" HPOS="1949" VPOS="247" WIDTH="35" HEIGHT="75" STYLEREFS="font0"/><SP WIDTH="24" VPOS="247" HPOS="1984"/><String ID="p828_w583" CONTENT="make" HPOS="2008" VPOS="247" WIDTH="93" HEIGHT="75" STYLEREFS="font0"/><SP WIDTH="16" VPOS="247" HPOS="2101"/><String ID="p828_w584" CONTENT="it:" HPOS="2117" VPOS="247" WIDTH="46" HEIGHT="75" STYLEREFS="font0"/><SP WIDTH="27" VPOS="247" HPOS="2163"/><String ID="p828_w585" CONTENT="That" HPOS="2190" VPOS="247" WIDTH="90" HEIGHT="75" STYLEREFS="font0"/><SP WIDTH="18" VPOS="247" HPOS="2280"/><String ID="p828_w586" CONTENT="of" HPOS="2298" VPOS="247" WIDTH="41" HEIGHT="75" STYLEREFS="font0"/></TextLine><TextLine WIDTH="993" HEIGHT="75" ID="p828_t67" HPOS="1340" VPOS="294"><String ID="p828_w587" CONTENT="the" HPOS="1340" VPOS="294" WIDTH="54" HEIGHT="75" STYLEREFS="font0"/><SP WIDTH="18" VPOS="294" HPOS="1394"/><String ID="p828_w588" CONTENT="cow" HPOS="1412" VPOS="294" WIDTH="68" HEIGHT="75" STYLEREFS="font0"/><SP WIDTH="18" VPOS="294" HPOS="1480"/><String ID="p828_w589" CONTENT="is" HPOS="1498" VPOS="294" WIDTH="25" HEIGHT="75" STYLEREFS="font0"/><SP WIDTH="19" VPOS="294" HPOS="1523"/><String ID="p828_w590" CONTENT="moll:" HPOS="1542" VPOS="294" WIDTH="79" HEIGHT="75" STYLEREFS="font0"/><SP WIDTH="27" VPOS="294" HPOS="1621"/><String ID="p828_w591" CONTENT="in" HPOS="1648" VPOS="294" WIDTH="31" HEIGHT="75" STYLEREFS="font0"/><SP WIDTH="31" VPOS="294" HPOS="1679"/><String ID="p828_w592" CONTENT="ufe." HPOS="1710" VPOS="294" WIDTH="66" HEIGHT="75" STYLEREFS="font0"/><SP WIDTH="50" VPOS="294" HPOS="1776"/><String ID="p828_w593" CONTENT="It" HPOS="1826" VPOS="294" WIDTH="32" HEIGHT="75" STYLEREFS="font0"/><SP WIDTH="17" VPOS="294" HPOS="1858"/><String ID="p828_w594" CONTENT="is" HPOS="1875" VPOS="294" WIDTH="27" HEIGHT="75" STYLEREFS="font0"/><SP WIDTH="18" VPOS="294" HPOS="1902"/><String ID="p828_w595" CONTENT="ufed" HPOS="1920" VPOS="294" WIDTH="74" HEIGHT="75" STYLEREFS="font0"/><SP WIDTH="19" VPOS="294" HPOS="1994"/><String ID="p828_w596" CONTENT="every" HPOS="2013" VPOS="294" WIDTH="94" HEIGHT="75" STYLEREFS="font0"/><SP WIDTH="16" VPOS="294" HPOS="2107"/><String ID="p828_w597" CONTENT="where," HPOS="2123" VPOS="294" WIDTH="119" HEIGHT="75" STYLEREFS="font0"/><SP WIDTH="27" VPOS="294" HPOS="2242"/><String ID="p828_w598" CONTENT="and" HPOS="2269" VPOS="294" WIDTH="64" HEIGHT="75" STYLEREFS="font0"/></TextLine><TextLine WIDTH="993" HEIGHT="75" ID="p828_t68" HPOS="1341" VPOS="340"><String ID="p828_w599" CONTENT="there" HPOS="1341" VPOS="340" WIDTH="91" HEIGHT="75" STYLEREFS="font0"/><SP WIDTH="27" VPOS="340" HPOS="1432"/><String ID="p828_w600" CONTENT="is" HPOS="1459" VPOS="340" WIDTH="28" HEIGHT="75" STYLEREFS="font0"/><SP WIDTH="29" VPOS="340" HPOS="1487"/><String ID="p828_w601" CONTENT="hardly" HPOS="1516" VPOS="340" WIDTH="116" HEIGHT="75" STYLEREFS="font0"/><SP WIDTH="28" VPOS="340" HPOS="1632"/><String ID="p828_w602" CONTENT="any" HPOS="1660" VPOS="340" WIDTH="62" HEIGHT="75" STYLEREFS="font0"/><SP WIDTH="37" VPOS="340" HPOS="1722"/><String ID="p828_w603" CONTENT="fauce^made" HPOS="1759" VPOS="340" WIDTH="209" HEIGHT="75" STYLEREFS="font0"/><SP WIDTH="28" VPOS="340" HPOS="1968"/><String ID="p828_w604" CONTENT="without" HPOS="1996" VPOS="340" WIDTH="136" HEIGHT="75" STYLEREFS="font0"/><SP WIDTH="19" VPOS="340" HPOS="2132"/><String ID="p828_w605" CONTENT="-it." HPOS="2151" VPOS="340" WIDTH="46" HEIGHT="75" STYLEREFS="font0"/><SP WIDTH="58" VPOS="340" HPOS="2197"/><String ID="p828_w606" CONTENT="The" HPOS="2255" VPOS="340" WIDTH="79" HEIGHT="75" STYLEREFS="font0"/></TextLine><TextLine WIDTH="991" HEIGHT="75" ID="p828_t69" HPOS="1342" VPOS="389"><String ID="p828_w607" CONTENT="northern" HPOS="1342" VPOS="389" WIDTH="154" HEIGHT="75" STYLEREFS="font0"/><SP WIDTH="26" VPOS="389" HPOS="1496"/><String ID="p828_w608" CONTENT="people," HPOS="1522" VPOS="389" WIDTH="126" HEIGHT="75" STYLEREFS="font0"/><SP WIDTH="25" VPOS="389" HPOS="1648"/><String ID="p828_w609" CONTENT="hqwever," HPOS="1673" VPOS="389" WIDTH="163" HEIGHT="75" STYLEREFS="font0"/><SP WIDTH="27" VPOS="389" HPOS="1836"/><String ID="p828_w610" CONTENT="make" HPOS="1863" VPOS="389" WIDTH="92" HEIGHT="75" STYLEREFS="font0"/><SP WIDTH="25" VPOS="389" HPOS="1955"/><String ID="p828_w611" CONTENT="more" HPOS="1980" VPOS="389" WIDTH="90" HEIGHT="75" STYLEREFS="font0"/><SP WIDTH="23" VPOS="389" HPOS="2070"/><String ID="p828_w612" CONTENT="ufe" HPOS="2093" VPOS="389" WIDTH="52" HEIGHT="75" STYLEREFS="font0"/><SP WIDTH="16" VPOS="389" HPOS="2145"/><String ID="p828_w613" CONTENT="of" HPOS="2161" VPOS="389" WIDTH="41" HEIGHT="75" STYLEREFS="font0"/><SP WIDTH="10" VPOS="389" HPOS="2202"/><String ID="p828_w614" CONTENT="it" HPOS="2212" VPOS="389" WIDTH="26" HEIGHT="75" STYLEREFS="font0"/><SP WIDTH="17" VPOS="389" HPOS="2238"/><String ID="p828_w615" CONTENT="than" HPOS="2255" VPOS="389" WIDTH="78" HEIGHT="75" STYLEREFS="font0"/></TextLine><TextLine WIDTH="120" HEIGHT="75" ID="p828_t70" HPOS="1344" VPOS="435"><String ID="p828_w616" CONTENT="others." HPOS="1344" VPOS="435" WIDTH="120" HEIGHT="75" STYLEREFS="font0"/></TextLine><TextLine WIDTH="941" HEIGHT="75" ID="p828_t71" HPOS="1390" VPOS="481"><String ID="p828_w617" CONTENT="Every" HPOS="1390" VPOS="481" WIDTH="108" HEIGHT="75" STYLEREFS="font0"/><SP WIDTH="17" VPOS="481" HPOS="1498"/><String ID="p828_w618" CONTENT="barrel" HPOS="1515" VPOS="481" WIDTH="103" HEIGHT="75" STYLEREFS="font0"/><SP WIDTH="18" VPOS="481" HPOS="1618"/><String ID="p828_w619" CONTENT="of" HPOS="1636" VPOS="481" WIDTH="40" HEIGHT="75" STYLEREFS="font0"/><SP WIDTH="12" VPOS="481" HPOS="1676"/><String ID="p828_w620" CONTENT="butter," HPOS="1688" VPOS="481" WIDTH="120" HEIGHT="75" STYLEREFS="font0"/><SP WIDTH="26" VPOS="481" HPOS="1808"/><String ID="p828_w621" CONTENT="imported" HPOS="1834" VPOS="481" WIDTH="159" HEIGHT="75" STYLEREFS="font0"/><SP WIDTH="14" VPOS="481" HPOS="1993"/><String ID="p828_w622" CONTENT="from" HPOS="2007" VPOS="481" WIDTH="84" HEIGHT="75" STYLEREFS="font0"/><SP WIDTH="13" VPOS="481" HPOS="2091"/><String ID="p828_w623" CONTENT="abroad," HPOS="2104" VPOS="481" WIDTH="132" HEIGHT="75" STYLEREFS="font0"/><SP WIDTH="18" VPOS="481" HPOS="2236"/><String ID="p828_w624" CONTENT="pays" HPOS="2254" VPOS="481" WIDTH="77" HEIGHT="75" STYLEREFS="font0"/></TextLine><TextLine WIDTH="987" HEIGHT="75" ID="p828_t72" HPOS="1345" VPOS="526"><String ID="p828_w625" CONTENT="a" HPOS="1345" VPOS="526" WIDTH="16" HEIGHT="75" STYLEREFS="font0"/><SP WIDTH="28" VPOS="526" HPOS="1361"/><String ID="p828_w626" CONTENT="duty" HPOS="1389" VPOS="526" WIDTH="81" HEIGHT="75" STYLEREFS="font0"/><SP WIDTH="27" VPOS="526" HPOS="1470"/><String ID="p828_w627" CONTENT="of" HPOS="1497" VPOS="526" WIDTH="40" HEIGHT="75" STYLEREFS="font0"/><SP WIDTH="26" VPOS="526" HPOS="1537"/><String ID="p828_w628" CONTENT="3" HPOS="1563" VPOS="526" WIDTH="17" HEIGHT="75" STYLEREFS="font0"/><SP WIDTH="12" VPOS="526" HPOS="1580"/><String ID="p828_w629" CONTENT="s." HPOS="1592" VPOS="526" WIDTH="28" HEIGHT="75" STYLEREFS="font0"/><SP WIDTH="32" VPOS="526" HPOS="1620"/><String ID="p828_w630" CONTENT="10-^d" HPOS="1652" VPOS="526" WIDTH="135" HEIGHT="75" STYLEREFS="font0"/><SP WIDTH="39" VPOS="526" HPOS="1787"/><String ID="p828_w631" CONTENT="whereof" HPOS="1826" VPOS="526" WIDTH="148" HEIGHT="75" STYLEREFS="font0"/><SP WIDTH="23" VPOS="526" HPOS="1974"/><String ID="p828_w632" CONTENT="3" HPOS="1997" VPOS="526" WIDTH="15" HEIGHT="75" STYLEREFS="font0"/><SP WIDTH="13" VPOS="526" HPOS="2012"/><String ID="p828_w633" CONTENT="s." HPOS="2025" VPOS="526" WIDTH="28" HEIGHT="75" STYLEREFS="font0"/><SP WIDTH="27" VPOS="526" HPOS="2053"/><String ID="p828_w634" CONTENT="qid." HPOS="2080" VPOS="526" WIDTH="78" HEIGHT="75" STYLEREFS="font0"/><SP WIDTH="20" VPOS="526" HPOS="2158"/><String ID="p828_w635" CONTENT="is" HPOS="2178" VPOS="526" WIDTH="26" HEIGHT="75" STYLEREFS="font0"/><SP WIDTH="18" VPOS="526" HPOS="2204"/><String ID="p828_w636" CONTENT="drawn" HPOS="2222" VPOS="526" WIDTH="110" HEIGHT="75" STYLEREFS="font0"/></TextLine><TextLine WIDTH="988" HEIGHT="75" ID="p828_t73" HPOS="1344" VPOS="574"><String ID="p828_w637" CONTENT="back" HPOS="1344" VPOS="574" WIDTH="78" HEIGHT="75" STYLEREFS="font0"/><SP WIDTH="26" VPOS="574" HPOS="1422"/><String ID="p828_w638" CONTENT="on" HPOS="1448" VPOS="574" WIDTH="42" HEIGHT="75" STYLEREFS="font0"/><SP WIDTH="26" VPOS="574" HPOS="1490"/><String ID="p828_w639" CONTENT="exporting" HPOS="1516" VPOS="574" WIDTH="172" HEIGHT="75" STYLEREFS="font0"/><SP WIDTH="24" VPOS="574" HPOS="1688"/><String ID="p828_w640" CONTENT="it." HPOS="1712" VPOS="574" WIDTH="38" HEIGHT="75" STYLEREFS="font0"/><SP WIDTH="50" VPOS="574" HPOS="1750"/><String ID="p828_w641" CONTENT="Irilh" HPOS="1800" VPOS="574" WIDTH="79" HEIGHT="75" STYLEREFS="font0"/><SP WIDTH="26" VPOS="574" HPOS="1879"/><String ID="p828_w642" CONTENT="butter" HPOS="1905" VPOS="574" WIDTH="108" HEIGHT="75" STYLEREFS="font0"/><SP WIDTH="16" VPOS="574" HPOS="2013"/><String ID="p828_w643" CONTENT="pays" HPOS="2029" VPOS="574" WIDTH="77" HEIGHT="75" STYLEREFS="font0"/><SP WIDTH="17" VPOS="574" HPOS="2106"/><String ID="p828_w644" CONTENT="only" HPOS="2123" VPOS="574" WIDTH="77" HEIGHT="75" STYLEREFS="font0"/><SP WIDTH="17" VPOS="574" HPOS="2200"/><String ID="p828_w645" CONTENT="a" HPOS="2217" VPOS="574" WIDTH="18" HEIGHT="75" STYLEREFS="font0"/><SP WIDTH="15" VPOS="574" HPOS="2235"/><String ID="p828_w646" CONTENT="duty" HPOS="2250" VPOS="574" WIDTH="82" HEIGHT="75" STYLEREFS="font0"/></TextLine><TextLine WIDTH="988" HEIGHT="75" ID="p828_t74" HPOS="1342" VPOS="620"><String ID="p828_w647" CONTENT="of" HPOS="1342" VPOS="620" WIDTH="39" HEIGHT="75" STYLEREFS="font0"/><SP WIDTH="26" VPOS="620" HPOS="1381"/><String ID="p828_w648" CONTENT="is." HPOS="1407" VPOS="620" WIDTH="53" HEIGHT="75" STYLEREFS="font0"/><SP WIDTH="34" VPOS="620" HPOS="1460"/><String ID="p828_w649" CONTENT="iiT^d." HPOS="1494" VPOS="620" WIDTH="145" HEIGHT="75" STYLEREFS="font0"/><SP WIDTH="36" VPOS="620" HPOS="1639"/><String ID="p828_w650" CONTENT="the" HPOS="1675" VPOS="620" WIDTH="54" HEIGHT="75" STYLEREFS="font0"/><SP WIDTH="27" VPOS="620" HPOS="1729"/><String ID="p828_w651" CONTENT="hundred" HPOS="1756" VPOS="620" WIDTH="147" HEIGHT="75" STYLEREFS="font0"/><SP WIDTH="27" VPOS="620" HPOS="1903"/><String ID="p828_w652" CONTENT="weight;" HPOS="1930" VPOS="620" WIDTH="137" HEIGHT="75" STYLEREFS="font0"/><SP WIDTH="34" VPOS="620" HPOS="2067"/><String ID="p828_w653" CONTENT="whereof" HPOS="2101" VPOS="620" WIDTH="148" HEIGHT="75" STYLEREFS="font0"/><SP WIDTH="27" VPOS="620" HPOS="2249"/><String ID="p828_w654" CONTENT="is." HPOS="2276" VPOS="620" WIDTH="54" HEIGHT="75" STYLEREFS="font0"/></TextLine><TextLine WIDTH="705" HEIGHT="75" ID="p828_t75" HPOS="1343" VPOS="668"><String ID="p828_w655" CONTENT="SrVs-d." HPOS="1343" VPOS="668" WIDTH="129" HEIGHT="75" STYLEREFS="font0"/><SP WIDTH="25" VPOS="668" HPOS="1472"/><String ID="p828_w656" CONTENT="is" HPOS="1497" VPOS="668" WIDTH="26" HEIGHT="75" STYLEREFS="font0"/><SP WIDTH="17" VPOS="668" HPOS="1523"/><String ID="p828_w657" CONTENT="drawn" HPOS="1540" VPOS="668" WIDTH="109" HEIGHT="75" STYLEREFS="font0"/><SP WIDTH="18" VPOS="668" HPOS="1649"/><String ID="p828_w658" CONTENT="back" HPOS="1667" VPOS="668" WIDTH="80" HEIGHT="75" STYLEREFS="font0"/><SP WIDTH="17" VPOS="668" HPOS="1747"/><String ID="p828_w659" CONTENT="on" HPOS="1764" VPOS="668" WIDTH="41" HEIGHT="75" STYLEREFS="font0"/><SP WIDTH="18" VPOS="668" HPOS="1805"/><String ID="p828_w660" CONTENT="exporting" HPOS="1823" VPOS="668" WIDTH="171" HEIGHT="75" STYLEREFS="font0"/><SP WIDTH="17" VPOS="668" HPOS="1994"/><String ID="p828_w661" CONTENT="it." HPOS="2011" VPOS="668" WIDTH="37" HEIGHT="75" STYLEREFS="font0"/></TextLine><TextLine WIDTH="1037" HEIGHT="75" ID="p828_t76" HPOS="1294" VPOS="714"><String ID="p828_w662" CONTENT="Butter" HPOS="1294" VPOS="714" WIDTH="165" HEIGHT="75" STYLEREFS="font0"/><SP WIDTH="30" VPOS="714" HPOS="1459"/><String ID="p828_w663" CONTENT="among" HPOS="1489" VPOS="714" WIDTH="115" HEIGHT="75" STYLEREFS="font0"/><SP WIDTH="28" VPOS="714" HPOS="1604"/><String ID="p828_w664" CONTENT="chemifts," HPOS="1632" VPOS="714" WIDTH="159" HEIGHT="75" STYLEREFS="font0"/><SP WIDTH="25" VPOS="714" HPOS="1791"/><String ID="p828_w665" CONTENT="a" HPOS="1816" VPOS="714" WIDTH="18" HEIGHT="75" STYLEREFS="font0"/><SP WIDTH="23" VPOS="714" HPOS="1834"/><String ID="p828_w666" CONTENT="name" HPOS="1857" VPOS="714" WIDTH="92" HEIGHT="75" STYLEREFS="font0"/><SP WIDTH="16" VPOS="714" HPOS="1949"/><String ID="p828_w667" CONTENT="given" HPOS="1965" VPOS="714" WIDTH="92" HEIGHT="75" STYLEREFS="font0"/><SP WIDTH="18" VPOS="714" HPOS="2057"/><String ID="p828_w668" CONTENT="to" HPOS="2075" VPOS="714" WIDTH="34" HEIGHT="75" STYLEREFS="font0"/><SP WIDTH="16" VPOS="714" HPOS="2109"/><String ID="p828_w669" CONTENT="feveral" HPOS="2125" VPOS="714" WIDTH="117" HEIGHT="75" STYLEREFS="font0"/><SP WIDTH="17" VPOS="714" HPOS="2242"/><String ID="p828_w670" CONTENT="pre-" HPOS="2259" VPOS="714" WIDTH="72" HEIGHT="75" STYLEREFS="font0"/></TextLine><TextLine WIDTH="990" HEIGHT="75" ID="p828_t77" HPOS="1342" VPOS="760"><String ID="p828_w671" CONTENT="parations," HPOS="1342" VPOS="760" WIDTH="171" HEIGHT="75" STYLEREFS="font0"/><SP WIDTH="26" VPOS="760" HPOS="1513"/><String ID="p828_w672" CONTENT="on" HPOS="1539" VPOS="760" WIDTH="41" HEIGHT="75" STYLEREFS="font0"/><SP WIDTH="29" VPOS="760" HPOS="1580"/><String ID="p828_w673" CONTENT="account" HPOS="1609" VPOS="760" WIDTH="136" HEIGHT="75" STYLEREFS="font0"/><SP WIDTH="27" VPOS="760" HPOS="1745"/><String ID="p828_w674" CONTENT="of" HPOS="1772" VPOS="760" WIDTH="41" HEIGHT="75" STYLEREFS="font0"/><SP WIDTH="21" VPOS="760" HPOS="1813"/><String ID="p828_w675" CONTENT="their" HPOS="1834" VPOS="760" WIDTH="84" HEIGHT="75" STYLEREFS="font0"/><SP WIDTH="17" VPOS="760" HPOS="1918"/><String ID="p828_w676" CONTENT="confiftence" HPOS="1935" VPOS="760" WIDTH="185" HEIGHT="75" STYLEREFS="font0"/><SP WIDTH="24" VPOS="760" HPOS="2120"/><String ID="p828_w677" CONTENT="refembling" HPOS="2144" VPOS="760" WIDTH="188" HEIGHT="75" STYLEREFS="font0"/></TextLine><TextLine WIDTH="994" HEIGHT="75" ID="p828_t78" HPOS="1343" VPOS="806"><String ID="p828_w678" CONTENT="that" HPOS="1343" VPOS="806" WIDTH="69" HEIGHT="75" STYLEREFS="font0"/><SP WIDTH="18" VPOS="806" HPOS="1412"/><String ID="p828_w679" CONTENT="of" HPOS="1430" VPOS="806" WIDTH="39" HEIGHT="75" STYLEREFS="font0"/><SP WIDTH="11" VPOS="806" HPOS="1469"/><String ID="p828_w680" CONTENT="butter;" HPOS="1480" VPOS="806" WIDTH="130" HEIGHT="75" STYLEREFS="font0"/><SP WIDTH="28" VPOS="806" HPOS="1610"/><String ID="p828_w681" CONTENT="as" HPOS="1638" VPOS="806" WIDTH="33" HEIGHT="75" STYLEREFS="font0"/><SP WIDTH="18" VPOS="806" HPOS="1671"/><String ID="p828_w682" CONTENT="butter" HPOS="1689" VPOS="806" WIDTH="109" HEIGHT="75" STYLEREFS="font0"/><SP WIDTH="24" VPOS="806" HPOS="1798"/><String ID="p828_w683" CONTENT="of" HPOS="1822" VPOS="806" WIDTH="40" HEIGHT="75" STYLEREFS="font0"/><SP WIDTH="19" VPOS="806" HPOS="1862"/><String ID="p828_w684" CONTENT="antimony," HPOS="1881" VPOS="806" WIDTH="175" HEIGHT="75" STYLEREFS="font0"/><SP WIDTH="26" VPOS="806" HPOS="2056"/><String ID="p828_w685" CONTENT="of" HPOS="2082" VPOS="806" WIDTH="40" HEIGHT="75" STYLEREFS="font0"/><SP WIDTH="19" VPOS="806" HPOS="2122"/><String ID="p828_w686" CONTENT="arfenic," HPOS="2141" VPOS="806" WIDTH="130" HEIGHT="75" STYLEREFS="font0"/><SP WIDTH="25" VPOS="806" HPOS="2271"/><String ID="p828_w687" CONTENT="of" HPOS="2296" VPOS="806" WIDTH="41" HEIGHT="75" STYLEREFS="font0"/></TextLine><TextLine WIDTH="786" HEIGHT="75" ID="p828_t79" HPOS="1343" VPOS="853"><String ID="p828_w688" CONTENT="wax," HPOS="1343" VPOS="853" WIDTH="85" HEIGHT="75" STYLEREFS="font0"/><SP WIDTH="26" VPOS="853" HPOS="1428"/><String ID="p828_w689" CONTENT="of" HPOS="1454" VPOS="853" WIDTH="39" HEIGHT="75" STYLEREFS="font0"/><SP WIDTH="24" VPOS="853" HPOS="1493"/><String ID="p828_w690" CONTENT="lead," HPOS="1517" VPOS="853" WIDTH="84" HEIGHT="75" STYLEREFS="font0"/><SP WIDTH="26" VPOS="853" HPOS="1601"/><String ID="p828_w691" CONTENT="of" HPOS="1627" VPOS="853" WIDTH="39" HEIGHT="75" STYLEREFS="font0"/><SP WIDTH="20" VPOS="853" HPOS="1666"/><String ID="p828_w692" CONTENT="tin." HPOS="1686" VPOS="853" WIDTH="59" HEIGHT="75" STYLEREFS="font0"/><SP WIDTH="50" VPOS="853" HPOS="1745"/><String ID="p828_w693" CONTENT="See" HPOS="1795" VPOS="853" WIDTH="63" HEIGHT="75" STYLEREFS="font0"/><SP WIDTH="17" VPOS="853" HPOS="1858"/><String ID="p828_w694" CONTENT="Chemistry." HPOS="1875" VPOS="853" WIDTH="254" HEIGHT="75" STYLEREFS="font0"/></TextLine><TextLine WIDTH="851" HEIGHT="75" ID="p828_t80" HPOS="1297" VPOS="901"><String ID="p828_w695" CONTENT="Butter-bur," HPOS="1297" VPOS="901" WIDTH="275" HEIGHT="75" STYLEREFS="font0"/><SP WIDTH="24" VPOS="901" HPOS="1572"/><String ID="p828_w696" CONTENT="in" HPOS="1596" VPOS="901" WIDTH="33" HEIGHT="75" STYLEREFS="font0"/><SP WIDTH="17" VPOS="901" HPOS="1629"/><String ID="p828_w697" CONTENT="botany." HPOS="1646" VPOS="901" WIDTH="131" HEIGHT="75" STYLEREFS="font0"/><SP WIDTH="52" VPOS="901" HPOS="1777"/><String ID="p828_w698" CONTENT="See" HPOS="1829" VPOS="901" WIDTH="62" HEIGHT="75" STYLEREFS="font0"/><SP WIDTH="17" VPOS="901" HPOS="1891"/><String ID="p828_w699" CONTENT="Petasites." HPOS="1908" VPOS="901" WIDTH="240" HEIGHT="75" STYLEREFS="font0"/></TextLine><TextLine WIDTH="636" HEIGHT="75" ID="p828_t81" HPOS="1297" VPOS="947"><String ID="p828_w700" CONTENT="Butter-fish." HPOS="1297" VPOS="947" WIDTH="289" HEIGHT="75" STYLEREFS="font0"/><SP WIDTH="51" VPOS="947" HPOS="1586"/><String ID="p828_w701" CONTENT="SccBlennius." HPOS="1637" VPOS="947" WIDTH="296" HEIGHT="75" STYLEREFS="font0"/></TextLine><TextLine WIDTH="1036" HEIGHT="75" ID="p828_t82" HPOS="1295" VPOS="994"><String ID="p828_w702" CONTENT="BUTTERFLY," HPOS="1295" VPOS="994" WIDTH="307" HEIGHT="75" STYLEREFS="font0"/><SP WIDTH="26" VPOS="994" HPOS="1602"/><String ID="p828_w703" CONTENT="the" HPOS="1628" VPOS="994" WIDTH="56" HEIGHT="75" STYLEREFS="font0"/><SP WIDTH="16" VPOS="994" HPOS="1684"/><String ID="p828_w704" CONTENT="Englilh" HPOS="1700" VPOS="994" WIDTH="132" HEIGHT="75" STYLEREFS="font0"/><SP WIDTH="18" VPOS="994" HPOS="1832"/><String ID="p828_w705" CONTENT="name" HPOS="1850" VPOS="994" WIDTH="91" HEIGHT="75" STYLEREFS="font0"/><SP WIDTH="17" VPOS="994" HPOS="1941"/><String ID="p828_w706" CONTENT="of" HPOS="1958" VPOS="994" WIDTH="39" HEIGHT="75" STYLEREFS="font0"/><SP WIDTH="12" VPOS="994" HPOS="1997"/><String ID="p828_w707" CONTENT="a" HPOS="2009" VPOS="994" WIDTH="19" HEIGHT="75" STYLEREFS="font0"/><SP WIDTH="16" VPOS="994" HPOS="2028"/><String ID="p828_w708" CONTENT="numerous" HPOS="2044" VPOS="994" WIDTH="169" HEIGHT="75" STYLEREFS="font0"/><SP WIDTH="18" VPOS="994" HPOS="2213"/><String ID="p828_w709" CONTENT="genus" HPOS="2231" VPOS="994" WIDTH="100" HEIGHT="75" STYLEREFS="font0"/></TextLine><TextLine WIDTH="490" HEIGHT="75" ID="p828_t83" HPOS="1343" VPOS="1039"><String ID="p828_w710" CONTENT="of" HPOS="1343" VPOS="1039" WIDTH="39" HEIGHT="75" STYLEREFS="font0"/><SP WIDTH="12" VPOS="1039" HPOS="1382"/><String ID="p828_w711" CONTENT="infedls." HPOS="1394" VPOS="1039" WIDTH="124" HEIGHT="75" STYLEREFS="font0"/><SP WIDTH="51" VPOS="1039" HPOS="1518"/><String ID="p828_w712" CONTENT="See" HPOS="1569" VPOS="1039" WIDTH="62" HEIGHT="75" STYLEREFS="font0"/><SP WIDTH="24" VPOS="1039" HPOS="1631"/><String ID="p828_w713" CONTENT="Papilio." HPOS="1655" VPOS="1039" WIDTH="178" HEIGHT="75" STYLEREFS="font0"/></TextLine><TextLine WIDTH="1035" HEIGHT="75" ID="p828_t84" HPOS="1296" VPOS="1087"><String ID="p828_w714" CONTENT="Butterfly-fish," HPOS="1296" VPOS="1087" WIDTH="367" HEIGHT="75" STYLEREFS="font0"/><SP WIDTH="35" VPOS="1087" HPOS="1663"/><String ID="p828_w715" CONTENT="a" HPOS="1698" VPOS="1087" WIDTH="18" HEIGHT="75" STYLEREFS="font0"/><SP WIDTH="31" VPOS="1087" HPOS="1716"/><String ID="p828_w716" CONTENT="fpecies" HPOS="1747" VPOS="1087" WIDTH="118" HEIGHT="75" STYLEREFS="font0"/><SP WIDTH="33" VPOS="1087" HPOS="1865"/><String ID="p828_w717" CONTENT="of" HPOS="1898" VPOS="1087" WIDTH="41" HEIGHT="75" STYLEREFS="font0"/><SP WIDTH="27" VPOS="1087" HPOS="1939"/><String ID="p828_w718" CONTENT="the" HPOS="1966" VPOS="1087" WIDTH="56" HEIGHT="75" STYLEREFS="font0"/><SP WIDTH="29" VPOS="1087" HPOS="2022"/><String ID="p828_w719" CONTENT="blennius." HPOS="2051" VPOS="1087" WIDTH="160" HEIGHT="75" STYLEREFS="font0"/><SP WIDTH="58" VPOS="1087" HPOS="2211"/><String ID="p828_w720" CONTENT="See" HPOS="2269" VPOS="1087" WIDTH="62" HEIGHT="75" STYLEREFS="font0"/></TextLine><TextLine WIDTH="217" HEIGHT="75" ID="p828_t85" HPOS="1342" VPOS="1133"><String ID="p828_w721" CONTENT="Blennius." HPOS="1342" VPOS="1133" WIDTH="217" HEIGHT="75" STYLEREFS="font0"/></TextLine><TextLine WIDTH="1034" HEIGHT="75" ID="p828_t86" HPOS="1294" VPOS="1180"><String ID="p828_w722" CONTENT="BuTtERFLY-" HPOS="1294" VPOS="1180" WIDTH="253" HEIGHT="75" STYLEREFS="font0"/><SP WIDTH="11" VPOS="1180" HPOS="1547"/><String ID="p828_w723" CONTENT="shell," HPOS="1558" VPOS="1180" WIDTH="134" HEIGHT="75" STYLEREFS="font0"/><SP WIDTH="14" VPOS="1180" HPOS="1692"/><String ID="p828_w724" CONTENT="in" HPOS="1706" VPOS="1180" WIDTH="30" HEIGHT="75" STYLEREFS="font0"/><SP WIDTH="16" VPOS="1180" HPOS="1736"/><String ID="p828_w725" CONTENT="natural" HPOS="1752" VPOS="1180" WIDTH="122" HEIGHT="75" STYLEREFS="font0"/><SP WIDTH="11" VPOS="1180" HPOS="1874"/><String ID="p828_w726" CONTENT="hiftory." HPOS="1885" VPOS="1180" WIDTH="133" HEIGHT="75" STYLEREFS="font0"/><SP WIDTH="51" VPOS="1180" HPOS="2018"/><String ID="p828_w727" CONTENT="See" HPOS="2069" VPOS="1180" WIDTH="61" HEIGHT="75" STYLEREFS="font0"/><SP WIDTH="12" VPOS="1180" HPOS="2130"/><String ID="p828_w728" CONTENT="Voluta." HPOS="2142" VPOS="1180" WIDTH="186" HEIGHT="75" STYLEREFS="font0"/></TextLine><TextLine WIDTH="1032" HEIGHT="75" ID="p828_t87" HPOS="1294" VPOS="1226"><String ID="p828_w729" CONTENT="BUTTERIS," HPOS="1294" VPOS="1226" WIDTH="258" HEIGHT="75" STYLEREFS="font0"/><SP WIDTH="26" VPOS="1226" HPOS="1552"/><String ID="p828_w730" CONTENT="in" HPOS="1578" VPOS="1226" WIDTH="32" HEIGHT="75" STYLEREFS="font0"/><SP WIDTH="29" VPOS="1226" HPOS="1610"/><String ID="p828_w731" CONTENT="the" HPOS="1639" VPOS="1226" WIDTH="55" HEIGHT="75" STYLEREFS="font0"/><SP WIDTH="27" VPOS="1226" HPOS="1694"/><String ID="p828_w732" CONTENT="menage," HPOS="1721" VPOS="1226" WIDTH="145" HEIGHT="75" STYLEREFS="font0"/><SP WIDTH="26" VPOS="1226" HPOS="1866"/><String ID="p828_w733" CONTENT="an" HPOS="1892" VPOS="1226" WIDTH="38" HEIGHT="75" STYLEREFS="font0"/><SP WIDTH="29" VPOS="1226" HPOS="1930"/><String ID="p828_w734" CONTENT="inftrument" HPOS="1959" VPOS="1226" WIDTH="186" HEIGHT="75" STYLEREFS="font0"/><SP WIDTH="27" VPOS="1226" HPOS="2145"/><String ID="p828_w735" CONTENT="of" HPOS="2172" VPOS="1226" WIDTH="40" HEIGHT="75" STYLEREFS="font0"/><SP WIDTH="27" VPOS="1226" HPOS="2212"/><String ID="p828_w736" CONTENT="fteei," HPOS="2239" VPOS="1226" WIDTH="87" HEIGHT="75" STYLEREFS="font0"/></TextLine><TextLine WIDTH="990" HEIGHT="75" ID="p828_t88" HPOS="1341" VPOS="1271"><String ID="p828_w737" CONTENT="fitted" HPOS="1341" VPOS="1271" WIDTH="92" HEIGHT="75" STYLEREFS="font0"/><SP WIDTH="26" VPOS="1271" HPOS="1433"/><String ID="p828_w738" CONTENT="to" HPOS="1459" VPOS="1271" WIDTH="33" HEIGHT="75" STYLEREFS="font0"/><SP WIDTH="29" VPOS="1271" HPOS="1492"/><String ID="p828_w739" CONTENT="a" HPOS="1521" VPOS="1271" WIDTH="19" HEIGHT="75" STYLEREFS="font0"/><SP WIDTH="26" VPOS="1271" HPOS="1540"/><String ID="p828_w740" CONTENT="wooden" HPOS="1566" VPOS="1271" WIDTH="134" HEIGHT="75" STYLEREFS="font0"/><SP WIDTH="27" VPOS="1271" HPOS="1700"/><String ID="p828_w741" CONTENT="handle," HPOS="1727" VPOS="1271" WIDTH="129" HEIGHT="75" STYLEREFS="font0"/><SP WIDTH="27" VPOS="1271" HPOS="1856"/><String ID="p828_w742" CONTENT="wherewith" HPOS="1883" VPOS="1271" WIDTH="186" HEIGHT="75" STYLEREFS="font0"/><SP WIDTH="19" VPOS="1271" HPOS="2069"/><String ID="p828_w743" CONTENT="they" HPOS="2088" VPOS="1271" WIDTH="78" HEIGHT="75" STYLEREFS="font0"/><SP WIDTH="17" VPOS="1271" HPOS="2166"/><String ID="p828_w744" CONTENT="pare" HPOS="2183" VPOS="1271" WIDTH="75" HEIGHT="75" STYLEREFS="font0"/><SP WIDTH="16" VPOS="1271" HPOS="2258"/><String ID="p828_w745" CONTENT="the" HPOS="2274" VPOS="1271" WIDTH="57" HEIGHT="75" STYLEREFS="font0"/></TextLine><TextLine WIDTH="587" HEIGHT="75" ID="p828_t89" HPOS="1342" VPOS="1315"><String ID="p828_w746" CONTENT="foot," HPOS="1342" VPOS="1315" WIDTH="80" HEIGHT="75" STYLEREFS="font0"/><SP WIDTH="27" VPOS="1315" HPOS="1422"/><String ID="p828_w747" CONTENT="or" HPOS="1449" VPOS="1315" WIDTH="38" HEIGHT="75" STYLEREFS="font0"/><SP WIDTH="16" VPOS="1315" HPOS="1487"/><String ID="p828_w748" CONTENT="cut" HPOS="1503" VPOS="1315" WIDTH="53" HEIGHT="75" STYLEREFS="font0"/><SP WIDTH="17" VPOS="1315" HPOS="1556"/><String ID="p828_w749" CONTENT="the" HPOS="1573" VPOS="1315" WIDTH="54" HEIGHT="75" STYLEREFS="font0"/><SP WIDTH="15" VPOS="1315" HPOS="1627"/><String ID="p828_w750" CONTENT="hoof" HPOS="1642" VPOS="1315" WIDTH="85" HEIGHT="75" STYLEREFS="font0"/><SP WIDTH="12" VPOS="1315" HPOS="1727"/><String ID="p828_w751" CONTENT="of" HPOS="1739" VPOS="1315" WIDTH="40" HEIGHT="75" STYLEREFS="font0"/><SP WIDTH="12" VPOS="1315" HPOS="1779"/><String ID="p828_w752" CONTENT="a" HPOS="1791" VPOS="1315" WIDTH="18" HEIGHT="75" STYLEREFS="font0"/><SP WIDTH="16" VPOS="1315" HPOS="1809"/><String ID="p828_w753" CONTENT="horfe." HPOS="1825" VPOS="1315" WIDTH="104" HEIGHT="75" STYLEREFS="font0"/></TextLine><TextLine WIDTH="1034" HEIGHT="75" ID="p828_t90" HPOS="1293" VPOS="1364"><String ID="p828_w754" CONTENT="BUTTER-MILK," HPOS="1293" VPOS="1364" WIDTH="357" HEIGHT="75" STYLEREFS="font0"/><SP WIDTH="27" VPOS="1364" HPOS="1650"/><String ID="p828_w755" CONTENT="a" HPOS="1677" VPOS="1364" WIDTH="18" HEIGHT="75" STYLEREFS="font0"/><SP WIDTH="12" VPOS="1364" HPOS="1695"/><String ID="p828_w756" CONTENT="kind" HPOS="1707" VPOS="1364" WIDTH="76" HEIGHT="75" STYLEREFS="font0"/><SP WIDTH="12" VPOS="1364" HPOS="1783"/><String ID="p828_w757" CONTENT="of" HPOS="1795" VPOS="1364" WIDTH="40" HEIGHT="75" STYLEREFS="font0"/><SP WIDTH="10" VPOS="1364" HPOS="1835"/><String ID="p828_w758" CONTENT="ferum" HPOS="1845" VPOS="1364" WIDTH="103" HEIGHT="75" STYLEREFS="font0"/><SP WIDTH="11" VPOS="1364" HPOS="1948"/><String ID="p828_w759" CONTENT="that" HPOS="1959" VPOS="1364" WIDTH="71" HEIGHT="75" STYLEREFS="font0"/><SP WIDTH="14" VPOS="1364" HPOS="2030"/><String ID="p828_w760" CONTENT="remains" HPOS="2044" VPOS="1364" WIDTH="133" HEIGHT="75" STYLEREFS="font0"/><SP WIDTH="19" VPOS="1364" HPOS="2177"/><String ID="p828_w761" CONTENT="behind," HPOS="2196" VPOS="1364" WIDTH="131" HEIGHT="75" STYLEREFS="font0"/></TextLine><TextLine WIDTH="441" HEIGHT="75" ID="p828_t91" HPOS="1341" VPOS="1408"><String ID="p828_w762" CONTENT="after" HPOS="1341" VPOS="1408" WIDTH="83" HEIGHT="75" STYLEREFS="font0"/><SP WIDTH="15" VPOS="1408" HPOS="1424"/><String ID="p828_w763" CONTENT="the" HPOS="1439" VPOS="1408" WIDTH="55" HEIGHT="75" STYLEREFS="font0"/><SP WIDTH="18" VPOS="1408" HPOS="1494"/><String ID="p828_w764" CONTENT="butter" HPOS="1512" VPOS="1408" WIDTH="108" HEIGHT="75" STYLEREFS="font0"/><SP WIDTH="16" VPOS="1408" HPOS="1620"/><String ID="p828_w765" CONTENT="is" HPOS="1636" VPOS="1408" WIDTH="26" HEIGHT="75" STYLEREFS="font0"/><SP WIDTH="18" VPOS="1408" HPOS="1662"/><String ID="p828_w766" CONTENT="made." HPOS="1680" VPOS="1408" WIDTH="102" HEIGHT="75" STYLEREFS="font0"/></TextLine><TextLine WIDTH="938" HEIGHT="75" ID="p828_t92" HPOS="1291" VPOS="1454"><String ID="p828_w767" CONTENT="Butter-wort," HPOS="1291" VPOS="1454" WIDTH="311" HEIGHT="75" STYLEREFS="font0"/><SP WIDTH="32" VPOS="1454" HPOS="1602"/><String ID="p828_w768" CONTENT="in" HPOS="1634" VPOS="1454" WIDTH="33" HEIGHT="75" STYLEREFS="font0"/><SP WIDTH="25" VPOS="1454" HPOS="1667"/><String ID="p828_w769" CONTENT="botany." HPOS="1692" VPOS="1454" WIDTH="131" HEIGHT="75" STYLEREFS="font0"/><SP WIDTH="50" VPOS="1454" HPOS="1823"/><String ID="p828_w770" CONTENT="See" HPOS="1873" VPOS="1454" WIDTH="61" HEIGHT="75" STYLEREFS="font0"/><SP WIDTH="26" VPOS="1454" HPOS="1934"/><String ID="p828_w771" CONTENT="Pinguicula." HPOS="1960" VPOS="1454" WIDTH="269" HEIGHT="75" STYLEREFS="font0"/></TextLine><TextLine WIDTH="1036" HEIGHT="75" ID="p828_t93" HPOS="1293" VPOS="1501"><String ID="p828_w772" CONTENT="BUTTERY," HPOS="1293" VPOS="1501" WIDTH="246" HEIGHT="75" STYLEREFS="font0"/><SP WIDTH="33" VPOS="1501" HPOS="1539"/><String ID="p828_w773" CONTENT="a-" HPOS="1572" VPOS="1501" WIDTH="21" HEIGHT="75" STYLEREFS="font0"/><SP WIDTH="23" VPOS="1501" HPOS="1593"/><String ID="p828_w774" CONTENT="room" HPOS="1616" VPOS="1501" WIDTH="91" HEIGHT="75" STYLEREFS="font0"/><SP WIDTH="23" VPOS="1501" HPOS="1707"/><String ID="p828_w775" CONTENT="in" HPOS="1730" VPOS="1501" WIDTH="31" HEIGHT="75" STYLEREFS="font0"/><SP WIDTH="29" VPOS="1501" HPOS="1761"/><String ID="p828_w776" CONTENT="the" HPOS="1790" VPOS="1501" WIDTH="55" HEIGHT="75" STYLEREFS="font0"/><SP WIDTH="24" VPOS="1501" HPOS="1845"/><String ID="p828_w777" CONTENT="houfes" HPOS="1869" VPOS="1501" WIDTH="112" HEIGHT="75" STYLEREFS="font0"/><SP WIDTH="25" VPOS="1501" HPOS="1981"/><String ID="p828_w778" CONTENT="of" HPOS="2006" VPOS="1501" WIDTH="40" HEIGHT="75" STYLEREFS="font0"/><SP WIDTH="28" VPOS="1501" HPOS="2046"/><String ID="p828_w779" CONTENT="noblemen" HPOS="2074" VPOS="1501" WIDTH="166" HEIGHT="75" STYLEREFS="font0"/><SP WIDTH="26" VPOS="1501" HPOS="2240"/><String ID="p828_w780" CONTENT="and" HPOS="2266" VPOS="1501" WIDTH="63" HEIGHT="75" STYLEREFS="font0"/></TextLine><TextLine WIDTH="987" HEIGHT="75" ID="p828_t94" HPOS="1340" VPOS="1548"><String ID="p828_w781" CONTENT="gentlemen," HPOS="1340" VPOS="1548" WIDTH="191" HEIGHT="75" STYLEREFS="font0"/><SP WIDTH="25" VPOS="1548" HPOS="1531"/><String ID="p828_w782" CONTENT="belonging" HPOS="1556" VPOS="1548" WIDTH="172" HEIGHT="75" STYLEREFS="font0"/><SP WIDTH="25" VPOS="1548" HPOS="1728"/><String ID="p828_w783" CONTENT="to" HPOS="1753" VPOS="1548" WIDTH="33" HEIGHT="75" STYLEREFS="font0"/><SP WIDTH="26" VPOS="1548" HPOS="1786"/><String ID="p828_w784" CONTENT="the" HPOS="1812" VPOS="1548" WIDTH="56" HEIGHT="75" STYLEREFS="font0"/><SP WIDTH="21" VPOS="1548" HPOS="1868"/><String ID="p828_w785" CONTENT="butler," HPOS="1889" VPOS="1548" WIDTH="120" HEIGHT="75" STYLEREFS="font0"/><SP WIDTH="25" VPOS="1548" HPOS="2009"/><String ID="p828_w786" CONTENT="where" HPOS="2034" VPOS="1548" WIDTH="107" HEIGHT="75" STYLEREFS="font0"/><SP WIDTH="24" VPOS="1548" HPOS="2141"/><String ID="p828_w787" CONTENT="he" HPOS="2165" VPOS="1548" WIDTH="39" HEIGHT="75" STYLEREFS="font0"/><SP WIDTH="25" VPOS="1548" HPOS="2204"/><String ID="p828_w788" CONTENT="depo-" HPOS="2229" VPOS="1548" WIDTH="98" HEIGHT="75" STYLEREFS="font0"/></TextLine><TextLine WIDTH="986" HEIGHT="75" ID="p828_t95" HPOS="1341" VPOS="1593"><String ID="p828_w789" CONTENT="fites" HPOS="1341" VPOS="1593" WIDTH="70" HEIGHT="75" STYLEREFS="font0"/><SP WIDTH="19" VPOS="1593" HPOS="1411"/><String ID="p828_w790" CONTENT="the" HPOS="1430" VPOS="1593" WIDTH="53" HEIGHT="75" STYLEREFS="font0"/><SP WIDTH="17" VPOS="1593" HPOS="1483"/><String ID="p828_w791" CONTENT="utenfils" HPOS="1500" VPOS="1593" WIDTH="126" HEIGHT="75" STYLEREFS="font0"/><SP WIDTH="14" VPOS="1593" HPOS="1626"/><String ID="p828_w792" CONTENT="belonging" HPOS="1640" VPOS="1593" WIDTH="170" HEIGHT="75" STYLEREFS="font0"/><SP WIDTH="17" VPOS="1593" HPOS="1810"/><String ID="p828_w793" CONTENT="to" HPOS="1827" VPOS="1593" WIDTH="34" HEIGHT="75" STYLEREFS="font0"/><SP WIDTH="21" VPOS="1593" HPOS="1861"/><String ID="p828_w794" CONTENT="his" HPOS="1882" VPOS="1593" WIDTH="48" HEIGHT="75" STYLEREFS="font0"/><SP WIDTH="17" VPOS="1593" HPOS="1930"/><String ID="p828_w795" CONTENT="office," HPOS="1947" VPOS="1593" WIDTH="102" HEIGHT="75" STYLEREFS="font0"/><SP WIDTH="29" VPOS="1593" HPOS="2049"/><String ID="p828_w796" CONTENT="as" HPOS="2078" VPOS="1593" WIDTH="32" HEIGHT="75" STYLEREFS="font0"/><SP WIDTH="17" VPOS="1593" HPOS="2110"/><String ID="p828_w797" CONTENT="table" HPOS="2127" VPOS="1593" WIDTH="85" HEIGHT="75" STYLEREFS="font0"/><SP WIDTH="18" VPOS="1593" HPOS="2212"/><String ID="p828_w798" CONTENT="linen," HPOS="2230" VPOS="1593" WIDTH="97" HEIGHT="75" STYLEREFS="font0"/></TextLine><TextLine WIDTH="1013" HEIGHT="75" ID="p828_t96" HPOS="1339" VPOS="1642"><String ID="p828_w799" CONTENT="napkins," HPOS="1339" VPOS="1642" WIDTH="145" HEIGHT="75" STYLEREFS="font0"/><SP WIDTH="19" VPOS="1642" HPOS="1484"/><String ID="p828_w800" CONTENT="pots," HPOS="1503" VPOS="1642" WIDTH="85" HEIGHT="75" STYLEREFS="font0"/><SP WIDTH="17" VPOS="1642" HPOS="1588"/><String ID="p828_w801" CONTENT="tankards," HPOS="1605" VPOS="1642" WIDTH="165" HEIGHT="75" STYLEREFS="font0"/><SP WIDTH="18" VPOS="1642" HPOS="1770"/><String ID="p828_w802" CONTENT="glafies," HPOS="1788" VPOS="1642" WIDTH="123" HEIGHT="75" STYLEREFS="font0"/><SP WIDTH="14" VPOS="1642" HPOS="1911"/><String ID="p828_w803" CONTENT="cruets," HPOS="1925" VPOS="1642" WIDTH="118" HEIGHT="75" STYLEREFS="font0"/><SP WIDTH="13" VPOS="1642" HPOS="2043"/><String ID="p828_w804" CONTENT="falvers," HPOS="2056" VPOS="1642" WIDTH="129" HEIGHT="75" STYLEREFS="font0"/><SP WIDTH="13" VPOS="1642" HPOS="2185"/><String ID="p828_w805" CONTENT="fpoons," HPOS="2198" VPOS="1642" WIDTH="127" HEIGHT="75" STYLEREFS="font0"/><SP WIDTH="21" VPOS="1642" HPOS="2325"/><String ID="p828_w806" CONTENT="'" HPOS="2346" VPOS="1642" WIDTH="6" HEIGHT="75" STYLEREFS="font0"/></TextLine><TextLine WIDTH="673" HEIGHT="75" ID="p828_t97" HPOS="1341" VPOS="1686"><String ID="p828_w807" CONTENT="knives," HPOS="1341" VPOS="1686" WIDTH="120" HEIGHT="75" STYLEREFS="font0"/><SP WIDTH="28" VPOS="1686" HPOS="1461"/><String ID="p828_w808" CONTENT="forks," HPOS="1489" VPOS="1686" WIDTH="101" HEIGHT="75" STYLEREFS="font0"/><SP WIDTH="26" VPOS="1686" HPOS="1590"/><String ID="p828_w809" CONTENT="pepper," HPOS="1616" VPOS="1686" WIDTH="129" HEIGHT="75" STYLEREFS="font0"/><SP WIDTH="20" VPOS="1686" HPOS="1745"/><String ID="p828_w810" CONTENT="muftard," HPOS="1765" VPOS="1686" WIDTH="158" HEIGHT="75" STYLEREFS="font0"/><SP WIDTH="27" VPOS="1686" HPOS="1923"/><String ID="p828_w811" CONTENT="6r." HPOS="1950" VPOS="1686" WIDTH="64" HEIGHT="75" STYLEREFS="font0"/></TextLine><TextLine WIDTH="1033" HEIGHT="75" ID="p828_t98" HPOS="1292" VPOS="1734"><String ID="p828_w812" CONTENT="BUTTOCK" HPOS="1292" VPOS="1734" WIDTH="238" HEIGHT="75" STYLEREFS="font0"/><SP WIDTH="17" VPOS="1734" HPOS="1530"/><String ID="p828_w813" CONTENT="of" HPOS="1547" VPOS="1734" WIDTH="43" HEIGHT="75" STYLEREFS="font0"/><SP WIDTH="13" VPOS="1734" HPOS="1590"/><String ID="p828_w814" CONTENT="a" HPOS="1603" VPOS="1734" WIDTH="21" HEIGHT="75" STYLEREFS="font0"/><SP WIDTH="14" VPOS="1734" HPOS="1624"/><String ID="p828_w815" CONTENT="Jhip," HPOS="1638" VPOS="1734" WIDTH="91" HEIGHT="75" STYLEREFS="font0"/><SP WIDTH="26" VPOS="1734" HPOS="1729"/><String ID="p828_w816" CONTENT="is" HPOS="1755" VPOS="1734" WIDTH="26" HEIGHT="75" STYLEREFS="font0"/><SP WIDTH="18" VPOS="1734" HPOS="1781"/><String ID="p828_w817" CONTENT="that" HPOS="1799" VPOS="1734" WIDTH="71" HEIGHT="75" STYLEREFS="font0"/><SP WIDTH="17" VPOS="1734" HPOS="1870"/><String ID="p828_w818" CONTENT="part" HPOS="1887" VPOS="1734" WIDTH="70" HEIGHT="75" STYLEREFS="font0"/><SP WIDTH="16" VPOS="1734" HPOS="1957"/><String ID="p828_w819" CONTENT="of" HPOS="1973" VPOS="1734" WIDTH="40" HEIGHT="75" STYLEREFS="font0"/><SP WIDTH="19" VPOS="1734" HPOS="2013"/><String ID="p828_w820" CONTENT="her" HPOS="2032" VPOS="1734" WIDTH="57" HEIGHT="75" STYLEREFS="font0"/><SP WIDTH="12" VPOS="1734" HPOS="2089"/><String ID="p828_w821" CONTENT="which" HPOS="2101" VPOS="1734" WIDTH="104" HEIGHT="75" STYLEREFS="font0"/><SP WIDTH="18" VPOS="1734" HPOS="2205"/><String ID="p828_w822" CONTENT="is" HPOS="2223" VPOS="1734" WIDTH="26" HEIGHT="75" STYLEREFS="font0"/><SP WIDTH="18" VPOS="1734" HPOS="2249"/><String ID="p828_w823" CONTENT="her" HPOS="2267" VPOS="1734" WIDTH="58" HEIGHT="75" STYLEREFS="font0"/></TextLine><TextLine WIDTH="988" HEIGHT="75" ID="p828_t99" HPOS="1340" VPOS="1780"><String ID="p828_w824" CONTENT="breadth" HPOS="1340" VPOS="1780" WIDTH="133" HEIGHT="75" STYLEREFS="font0"/><SP WIDTH="27" VPOS="1780" HPOS="1473"/><String ID="p828_w825" CONTENT="right" HPOS="1500" VPOS="1780" WIDTH="86" HEIGHT="75" STYLEREFS="font0"/><SP WIDTH="21" VPOS="1780" HPOS="1586"/><String ID="p828_w826" CONTENT="aftern," HPOS="1607" VPOS="1780" WIDTH="112" HEIGHT="75" STYLEREFS="font0"/><SP WIDTH="26" VPOS="1780" HPOS="1719"/><String ID="p828_w827" CONTENT="from," HPOS="1745" VPOS="1780" WIDTH="95" HEIGHT="75" STYLEREFS="font0"/><SP WIDTH="17" VPOS="1780" HPOS="1840"/><String ID="p828_w828" CONTENT="the" HPOS="1857" VPOS="1780" WIDTH="53" HEIGHT="75" STYLEREFS="font0"/><SP WIDTH="24" VPOS="1780" HPOS="1910"/><String ID="p828_w829" CONTENT="tack" HPOS="1934" VPOS="1780" WIDTH="74" HEIGHT="75" STYLEREFS="font0"/><SP WIDTH="18" VPOS="1780" HPOS="2008"/><String ID="p828_w830" CONTENT="upwards;" HPOS="2026" VPOS="1780" WIDTH="164" HEIGHT="75" STYLEREFS="font0"/><SP WIDTH="32" VPOS="1780" HPOS="2190"/><String ID="p828_w831" CONTENT="and" HPOS="2222" VPOS="1780" WIDTH="61" HEIGHT="75" STYLEREFS="font0"/><SP WIDTH="26" VPOS="1780" HPOS="2283"/><String ID="p828_w832" CONTENT="a" HPOS="2309" VPOS="1780" WIDTH="19" HEIGHT="75" STYLEREFS="font0"/></TextLine><TextLine WIDTH="989" HEIGHT="75" ID="p828_t100" HPOS="1339" VPOS="1826"><String ID="p828_w833" CONTENT="fliip" HPOS="1339" VPOS="1826" WIDTH="65" HEIGHT="75" STYLEREFS="font0"/><SP WIDTH="17" VPOS="1826" HPOS="1404"/><String ID="p828_w834" CONTENT="is" HPOS="1421" VPOS="1826" WIDTH="25" HEIGHT="75" STYLEREFS="font0"/><SP WIDTH="15" VPOS="1826" HPOS="1446"/><String ID="p828_w835" CONTENT="faid" HPOS="1461" VPOS="1826" WIDTH="64" HEIGHT="75" STYLEREFS="font0"/><SP WIDTH="17" VPOS="1826" HPOS="1525"/><String ID="p828_w836" CONTENT="to" HPOS="1542" VPOS="1826" WIDTH="34" HEIGHT="75" STYLEREFS="font0"/><SP WIDTH="16" VPOS="1826" HPOS="1576"/><String ID="p828_w837" CONTENT="have" HPOS="1592" VPOS="1826" WIDTH="81" HEIGHT="75" STYLEREFS="font0"/><SP WIDTH="20" VPOS="1826" HPOS="1673"/><String ID="p828_w838" CONTENT="a" HPOS="1693" VPOS="1826" WIDTH="18" HEIGHT="75" STYLEREFS="font0"/><SP WIDTH="16" VPOS="1826" HPOS="1711"/><String ID="p828_w839" CONTENT="broad" HPOS="1727" VPOS="1826" WIDTH="100" HEIGHT="75" STYLEREFS="font0"/><SP WIDTH="27" VPOS="1826" HPOS="1827"/><String ID="p828_w840" CONTENT="or" HPOS="1854" VPOS="1826" WIDTH="37" HEIGHT="75" STYLEREFS="font0"/><SP WIDTH="23" VPOS="1826" HPOS="1891"/><String ID="p828_w841" CONTENT="a" HPOS="1914" VPOS="1826" WIDTH="18" HEIGHT="75" STYLEREFS="font0"/><SP WIDTH="22" VPOS="1826" HPOS="1932"/><String ID="p828_w842" CONTENT="narrow" HPOS="1954" VPOS="1826" WIDTH="126" HEIGHT="75" STYLEREFS="font0"/><SP WIDTH="24" VPOS="1826" HPOS="2080"/><String ID="p828_w843" CONTENT="buttock," HPOS="2104" VPOS="1826" WIDTH="146" HEIGHT="75" STYLEREFS="font0"/><SP WIDTH="26" VPOS="1826" HPOS="2250"/><String ID="p828_w844" CONTENT="ac-" HPOS="2276" VPOS="1826" WIDTH="52" HEIGHT="75" STYLEREFS="font0"/></TextLine><TextLine WIDTH="989" HEIGHT="75" ID="p828_t101" HPOS="1339" VPOS="1873"><String ID="p828_w845" CONTENT="cording" HPOS="1339" VPOS="1873" WIDTH="131" HEIGHT="75" STYLEREFS="font0"/><SP WIDTH="13" VPOS="1873" HPOS="1470"/><String ID="p828_w846" CONTENT="as" HPOS="1483" VPOS="1873" WIDTH="33" HEIGHT="75" STYLEREFS="font0"/><SP WIDTH="13" VPOS="1873" HPOS="1516"/><String ID="p828_w847" CONTENT="(he" HPOS="1529" VPOS="1873" WIDTH="50" HEIGHT="75" STYLEREFS="font0"/><SP WIDTH="13" VPOS="1873" HPOS="1579"/><String ID="p828_w848" CONTENT="is" HPOS="1592" VPOS="1873" WIDTH="26" HEIGHT="75" STYLEREFS="font0"/><SP WIDTH="13" VPOS="1873" HPOS="1618"/><String ID="p828_w849" CONTENT="built" HPOS="1631" VPOS="1873" WIDTH="81" HEIGHT="75" STYLEREFS="font0"/><SP WIDTH="18" VPOS="1873" HPOS="1712"/><String ID="p828_w850" CONTENT="broad" HPOS="1730" VPOS="1873" WIDTH="100" HEIGHT="75" STYLEREFS="font0"/><SP WIDTH="12" VPOS="1873" HPOS="1830"/><String ID="p828_w851" CONTENT="or" HPOS="1842" VPOS="1873" WIDTH="36" HEIGHT="75" STYLEREFS="font0"/><SP WIDTH="13" VPOS="1873" HPOS="1878"/><String ID="p828_w852" CONTENT="narrow" HPOS="1891" VPOS="1873" WIDTH="126" HEIGHT="75" STYLEREFS="font0"/><SP WIDTH="17" VPOS="1873" HPOS="2017"/><String ID="p828_w853" CONTENT="at" HPOS="2034" VPOS="1873" WIDTH="32" HEIGHT="75" STYLEREFS="font0"/><SP WIDTH="25" VPOS="1873" HPOS="2066"/><String ID="p828_w854" CONTENT="the-" HPOS="2091" VPOS="1873" WIDTH="66" HEIGHT="75" STYLEREFS="font0"/><SP WIDTH="15" VPOS="1873" HPOS="2157"/><String ID="p828_w855" CONTENT="tranfum." HPOS="2172" VPOS="1873" WIDTH="156" HEIGHT="75" STYLEREFS="font0"/></TextLine><TextLine WIDTH="1035" HEIGHT="75" ID="p828_t102" HPOS="1292" VPOS="1921"><String ID="p828_w856" CONTENT="BUTTON," HPOS="1292" VPOS="1921" WIDTH="219" HEIGHT="75" STYLEREFS="font0"/><SP WIDTH="26" VPOS="1921" HPOS="1511"/><String ID="p828_w857" CONTENT="an" HPOS="1537" VPOS="1921" WIDTH="38" HEIGHT="75" STYLEREFS="font0"/><SP WIDTH="18" VPOS="1921" HPOS="1575"/><String ID="p828_w858" CONTENT="article" HPOS="1593" VPOS="1921" WIDTH="110" HEIGHT="75" STYLEREFS="font0"/><SP WIDTH="16" VPOS="1921" HPOS="1703"/><String ID="p828_w859" CONTENT="of" HPOS="1719" VPOS="1921" WIDTH="41" HEIGHT="75" STYLEREFS="font0"/><SP WIDTH="11" VPOS="1921" HPOS="1760"/><String ID="p828_w860" CONTENT="drefs," HPOS="1771" VPOS="1921" WIDTH="99" HEIGHT="75" STYLEREFS="font0"/><SP WIDTH="25" VPOS="1921" HPOS="1870"/><String ID="p828_w861" CONTENT="ferving" HPOS="1895" VPOS="1921" WIDTH="123" HEIGHT="75" STYLEREFS="font0"/><SP WIDTH="17" VPOS="1921" HPOS="2018"/><String ID="p828_w862" CONTENT="to" HPOS="2035" VPOS="1921" WIDTH="36" HEIGHT="75" STYLEREFS="font0"/><SP WIDTH="19" VPOS="1921" HPOS="2071"/><String ID="p828_w863" CONTENT="fallen" HPOS="2090" VPOS="1921" WIDTH="95" HEIGHT="75" STYLEREFS="font0"/><SP WIDTH="18" VPOS="1921" HPOS="2185"/><String ID="p828_w864" CONTENT="cloaths" HPOS="2203" VPOS="1921" WIDTH="124" HEIGHT="75" STYLEREFS="font0"/></TextLine><TextLine WIDTH="987" HEIGHT="75" ID="p828_t103" HPOS="1340" VPOS="1965"><String ID="p828_w865" CONTENT="tight" HPOS="1340" VPOS="1965" WIDTH="84" HEIGHT="75" STYLEREFS="font0"/><SP WIDTH="25" VPOS="1965" HPOS="1424"/><String ID="p828_w866" CONTENT="about" HPOS="1449" VPOS="1965" WIDTH="97" HEIGHT="75" STYLEREFS="font0"/><SP WIDTH="24" VPOS="1965" HPOS="1546"/><String ID="p828_w867" CONTENT="the" HPOS="1570" VPOS="1965" WIDTH="55" HEIGHT="75" STYLEREFS="font0"/><SP WIDTH="25" VPOS="1965" HPOS="1625"/><String ID="p828_w868" CONTENT="body," HPOS="1650" VPOS="1965" WIDTH="98" HEIGHT="75" STYLEREFS="font0"/><SP WIDTH="26" VPOS="1965" HPOS="1748"/><String ID="p828_w869" CONTENT="made" HPOS="1774" VPOS="1965" WIDTH="93" HEIGHT="75" STYLEREFS="font0"/><SP WIDTH="24" VPOS="1965" HPOS="1867"/><String ID="p828_w870" CONTENT="of" HPOS="1891" VPOS="1965" WIDTH="40" HEIGHT="75" STYLEREFS="font0"/><SP WIDTH="20" VPOS="1965" HPOS="1931"/><String ID="p828_w871" CONTENT="metal," HPOS="1951" VPOS="1965" WIDTH="107" HEIGHT="75" STYLEREFS="font0"/><SP WIDTH="32" VPOS="1965" HPOS="2058"/><String ID="p828_w872" CONTENT="filk," HPOS="2090" VPOS="1965" WIDTH="70" HEIGHT="75" STYLEREFS="font0"/><SP WIDTH="31" VPOS="1965" HPOS="2160"/><String ID="p828_w873" CONTENT="mohair," HPOS="2191" VPOS="1965" WIDTH="136" HEIGHT="75" STYLEREFS="font0"/></TextLine><TextLine WIDTH="989" HEIGHT="75" ID="p828_t104" HPOS="1340" VPOS="2011"><String ID="p828_w874" CONTENT="tec." HPOS="1340" VPOS="2011" WIDTH="63" HEIGHT="75" STYLEREFS="font0"/><SP WIDTH="27" VPOS="2011" HPOS="1403"/><String ID="p828_w875" CONTENT="in" HPOS="1430" VPOS="2011" WIDTH="31" HEIGHT="75" STYLEREFS="font0"/><SP WIDTH="18" VPOS="2011" HPOS="1461"/><String ID="p828_w876" CONTENT="various" HPOS="1479" VPOS="2011" WIDTH="125" HEIGHT="75" STYLEREFS="font0"/><SP WIDTH="18" VPOS="2011" HPOS="1604"/><String ID="p828_w877" CONTENT="forms." HPOS="1622" VPOS="2011" WIDTH="111" HEIGHT="75" STYLEREFS="font0"/><SP WIDTH="50" VPOS="2011" HPOS="1733"/><String ID="p828_w878" CONTENT="Metal-buttons" HPOS="1783" VPOS="2011" WIDTH="253" HEIGHT="75" STYLEREFS="font0"/><SP WIDTH="26" VPOS="2011" HPOS="2036"/><String ID="p828_w879" CONTENT="are" HPOS="2062" VPOS="2011" WIDTH="52" HEIGHT="75" STYLEREFS="font0"/><SP WIDTH="22" VPOS="2011" HPOS="2114"/><String ID="p828_w880" CONTENT="either" HPOS="2136" VPOS="2011" WIDTH="104" HEIGHT="75" STYLEREFS="font0"/><SP WIDTH="26" VPOS="2011" HPOS="2240"/><String ID="p828_w881" CONTENT="caft" HPOS="2266" VPOS="2011" WIDTH="63" HEIGHT="75" STYLEREFS="font0"/></TextLine><TextLine WIDTH="989" HEIGHT="75" ID="p828_t105" HPOS="1340" VPOS="2058"><String ID="p828_w882" CONTENT="in" HPOS="1340" VPOS="2058" WIDTH="31" HEIGHT="75" STYLEREFS="font0"/><SP WIDTH="17" VPOS="2058" HPOS="1371"/><String ID="p828_w883" CONTENT="moulds," HPOS="1388" VPOS="2058" WIDTH="138" HEIGHT="75" STYLEREFS="font0"/><SP WIDTH="25" VPOS="2058" HPOS="1526"/><String ID="p828_w884" CONTENT="in" HPOS="1551" VPOS="2058" WIDTH="32" HEIGHT="75" STYLEREFS="font0"/><SP WIDTH="18" VPOS="2058" HPOS="1583"/><String ID="p828_w885" CONTENT="the" HPOS="1601" VPOS="2058" WIDTH="55" HEIGHT="75" STYLEREFS="font0"/><SP WIDTH="17" VPOS="2058" HPOS="1656"/><String ID="p828_w886" CONTENT="manner" HPOS="1673" VPOS="2058" WIDTH="129" HEIGHT="75" STYLEREFS="font0"/><SP WIDTH="25" VPOS="2058" HPOS="1802"/><String ID="p828_w887" CONTENT="of" HPOS="1827" VPOS="2058" WIDTH="40" HEIGHT="75" STYLEREFS="font0"/><SP WIDTH="19" VPOS="2058" HPOS="1867"/><String ID="p828_w888" CONTENT="other" HPOS="1886" VPOS="2058" WIDTH="94" HEIGHT="75" STYLEREFS="font0"/><SP WIDTH="24" VPOS="2058" HPOS="1980"/><String ID="p828_w889" CONTENT="fmall" HPOS="2004" VPOS="2058" WIDTH="87" HEIGHT="75" STYLEREFS="font0"/><SP WIDTH="23" VPOS="2058" HPOS="2091"/><String ID="p828_w890" CONTENT="works," HPOS="2114" VPOS="2058" WIDTH="120" HEIGHT="75" STYLEREFS="font0"/><SP WIDTH="27" VPOS="2058" HPOS="2234"/><String ID="p828_w891" CONTENT="(fee" HPOS="2261" VPOS="2058" WIDTH="68" HEIGHT="75" STYLEREFS="font0"/></TextLine><TextLine WIDTH="987" HEIGHT="75" ID="p828_t106" HPOS="1341" VPOS="2104"><String ID="p828_w892" CONTENT="Foundery)," HPOS="1341" VPOS="2104" WIDTH="249" HEIGHT="75" STYLEREFS="font0"/><SP WIDTH="27" VPOS="2104" HPOS="1590"/><String ID="p828_w893" CONTENT="or" HPOS="1617" VPOS="2104" WIDTH="38" HEIGHT="75" STYLEREFS="font0"/><SP WIDTH="16" VPOS="2104" HPOS="1655"/><String ID="p828_w894" CONTENT="made" HPOS="1671" VPOS="2104" WIDTH="92" HEIGHT="75" STYLEREFS="font0"/><SP WIDTH="17" VPOS="2104" HPOS="1763"/><String ID="p828_w895" CONTENT="of" HPOS="1780" VPOS="2104" WIDTH="40" HEIGHT="75" STYLEREFS="font0"/><SP WIDTH="20" VPOS="2104" HPOS="1820"/><String ID="p828_w896" CONTENT="thin" HPOS="1840" VPOS="2104" WIDTH="69" HEIGHT="75" STYLEREFS="font0"/><SP WIDTH="24" VPOS="2104" HPOS="1909"/><String ID="p828_w897" CONTENT="plates" HPOS="1933" VPOS="2104" WIDTH="100" HEIGHT="75" STYLEREFS="font0"/><SP WIDTH="18" VPOS="2104" HPOS="2033"/><String ID="p828_w898" CONTENT="of" HPOS="2051" VPOS="2104" WIDTH="40" HEIGHT="75" STYLEREFS="font0"/><SP WIDTH="19" VPOS="2104" HPOS="2091"/><String ID="p828_w899" CONTENT="gold," HPOS="2110" VPOS="2104" WIDTH="88" HEIGHT="75" STYLEREFS="font0"/><SP WIDTH="26" VPOS="2104" HPOS="2198"/><String ID="p828_w900" CONTENT="filver," HPOS="2224" VPOS="2104" WIDTH="104" HEIGHT="75" STYLEREFS="font0"/></TextLine><TextLine WIDTH="987" HEIGHT="75" ID="p828_t107" HPOS="1342" VPOS="2151"><String ID="p828_w901" CONTENT="or" HPOS="1342" VPOS="2151" WIDTH="36" HEIGHT="75" STYLEREFS="font0"/><SP WIDTH="17" VPOS="2151" HPOS="1378"/><String ID="p828_w902" CONTENT="brafs," HPOS="1395" VPOS="2151" WIDTH="97" HEIGHT="75" STYLEREFS="font0"/><SP WIDTH="27" VPOS="2151" HPOS="1492"/><String ID="p828_w903" CONTENT="whofe" HPOS="1519" VPOS="2151" WIDTH="104" HEIGHT="75" STYLEREFS="font0"/><SP WIDTH="13" VPOS="2151" HPOS="1623"/><String ID="p828_w904" CONTENT="Itrudture" HPOS="1636" VPOS="2151" WIDTH="150" HEIGHT="75" STYLEREFS="font0"/><SP WIDTH="16" VPOS="2151" HPOS="1786"/><String ID="p828_w905" CONTENT="is" HPOS="1802" VPOS="2151" WIDTH="27" HEIGHT="75" STYLEREFS="font0"/><SP WIDTH="16" VPOS="2151" HPOS="1829"/><String ID="p828_w906" CONTENT="very" HPOS="1845" VPOS="2151" WIDTH="79" HEIGHT="75" STYLEREFS="font0"/><SP WIDTH="15" VPOS="2151" HPOS="1924"/><String ID="p828_w907" CONTENT="ingenious," HPOS="1939" VPOS="2151" WIDTH="179" HEIGHT="75" STYLEREFS="font0"/><SP WIDTH="17" VPOS="2151" HPOS="2118"/><String ID="p828_w908" CONTENT="though" HPOS="2135" VPOS="2151" WIDTH="123" HEIGHT="75" STYLEREFS="font0"/><SP WIDTH="14" VPOS="2151" HPOS="2258"/><String ID="p828_w909" CONTENT="but" HPOS="2272" VPOS="2151" WIDTH="57" HEIGHT="75" STYLEREFS="font0"/></TextLine><TextLine WIDTH="225" HEIGHT="75" ID="p828_t108" HPOS="1343" VPOS="2199"><String ID="p828_w910" CONTENT="of" HPOS="1343" VPOS="2199" WIDTH="38" HEIGHT="75" STYLEREFS="font0"/><SP WIDTH="18" VPOS="2199" HPOS="1381"/><String ID="p828_w911" CONTENT="little" HPOS="1399" VPOS="2199" WIDTH="86" HEIGHT="75" STYLEREFS="font0"/><SP WIDTH="17" VPOS="2199" HPOS="1485"/><String ID="p828_w912" CONTENT="ufe." HPOS="1502" VPOS="2199" WIDTH="66" HEIGHT="75" STYLEREFS="font0"/></TextLine><TextLine WIDTH="938" HEIGHT="75" ID="p828_t109" HPOS="1390" VPOS="2243"><String ID="p828_w913" CONTENT="Buttons" HPOS="1390" VPOS="2243" WIDTH="137" HEIGHT="75" STYLEREFS="font0"/><SP WIDTH="19" VPOS="2243" HPOS="1527"/><String ID="p828_w914" CONTENT="of" HPOS="1546" VPOS="2243" WIDTH="40" HEIGHT="75" STYLEREFS="font0"/><SP WIDTH="18" VPOS="2243" HPOS="1586"/><String ID="p828_w915" CONTENT="all" HPOS="1604" VPOS="2243" WIDTH="42" HEIGHT="75" STYLEREFS="font0"/><SP WIDTH="25" VPOS="2243" HPOS="1646"/><String ID="p828_w916" CONTENT="forts" HPOS="1671" VPOS="2243" WIDTH="80" HEIGHT="75" STYLEREFS="font0"/><SP WIDTH="23" VPOS="2243" HPOS="1751"/><String ID="p828_w917" CONTENT="are" HPOS="1774" VPOS="2243" WIDTH="53" HEIGHT="75" STYLEREFS="font0"/><SP WIDTH="17" VPOS="2243" HPOS="1827"/><String ID="p828_w918" CONTENT="prohibited" HPOS="1844" VPOS="2243" WIDTH="183" HEIGHT="75" STYLEREFS="font0"/><SP WIDTH="16" VPOS="2243" HPOS="2027"/><String ID="p828_w919" CONTENT="to" HPOS="2043" VPOS="2243" WIDTH="36" HEIGHT="75" STYLEREFS="font0"/><SP WIDTH="21" VPOS="2243" HPOS="2079"/><String ID="p828_w920" CONTENT="be" HPOS="2100" VPOS="2243" WIDTH="38" HEIGHT="75" STYLEREFS="font0"/><SP WIDTH="19" VPOS="2243" HPOS="2138"/><String ID="p828_w921" CONTENT="imported." HPOS="2157" VPOS="2243" WIDTH="171" HEIGHT="75" STYLEREFS="font0"/></TextLine><TextLine WIDTH="1034" HEIGHT="75" ID="p828_t110" HPOS="1295" VPOS="2290"><String ID="p828_w922" CONTENT="Button," HPOS="1295" VPOS="2290" WIDTH="184" HEIGHT="75" STYLEREFS="font0"/><SP WIDTH="19" VPOS="2290" HPOS="1479"/><String ID="p828_w923" CONTENT="among" HPOS="1498" VPOS="2290" WIDTH="114" HEIGHT="75" STYLEREFS="font0"/><SP WIDTH="13" VPOS="2290" HPOS="1612"/><String ID="p828_w924" CONTENT="gardeners," HPOS="1625" VPOS="2290" WIDTH="182" HEIGHT="75" STYLEREFS="font0"/><SP WIDTH="17" VPOS="2290" HPOS="1807"/><String ID="p828_w925" CONTENT="denotes" HPOS="1824" VPOS="2290" WIDTH="133" HEIGHT="75" STYLEREFS="font0"/><SP WIDTH="17" VPOS="2290" HPOS="1957"/><String ID="p828_w926" CONTENT="much" HPOS="1974" VPOS="2290" WIDTH="94" HEIGHT="75" STYLEREFS="font0"/><SP WIDTH="13" VPOS="2290" HPOS="2068"/><String ID="p828_w927" CONTENT="the" HPOS="2081" VPOS="2290" WIDTH="55" HEIGHT="75" STYLEREFS="font0"/><SP WIDTH="18" VPOS="2290" HPOS="2136"/><String ID="p828_w928" CONTENT="fame" HPOS="2154" VPOS="2290" WIDTH="82" HEIGHT="75" STYLEREFS="font0"/><SP WIDTH="13" VPOS="2290" HPOS="2236"/><String ID="p828_w929" CONTENT="with" HPOS="2249" VPOS="2290" WIDTH="80" HEIGHT="75" STYLEREFS="font0"/></TextLine><TextLine WIDTH="302" HEIGHT="75" ID="p828_t111" HPOS="1343" VPOS="2338"><String ID="p828_w930" CONTENT="bud." HPOS="1343" VPOS="2338" WIDTH="76" HEIGHT="75" STYLEREFS="font0"/><SP WIDTH="52" VPOS="2338" HPOS="1419"/><String ID="p828_w931" CONTENT="See" HPOS="1471" VPOS="2338" WIDTH="61" HEIGHT="75" STYLEREFS="font0"/><SP WIDTH="16" VPOS="2338" HPOS="1532"/><String ID="p828_w932" CONTENT="Bud." HPOS="1548" VPOS="2338" WIDTH="97" HEIGHT="75" STYLEREFS="font0"/></TextLine><TextLine WIDTH="1035" HEIGHT="75" ID="p828_t112" HPOS="1296" VPOS="2383"><String ID="p828_w933" CONTENT="Button," HPOS="1296" VPOS="2383" WIDTH="184" HEIGHT="75" STYLEREFS="font0"/><SP WIDTH="26" VPOS="2383" HPOS="1480"/><String ID="p828_w934" CONTENT="in" HPOS="1506" VPOS="2383" WIDTH="31" HEIGHT="75" STYLEREFS="font0"/><SP WIDTH="25" VPOS="2383" HPOS="1537"/><String ID="p828_w935" CONTENT="the" HPOS="1562" VPOS="2383" WIDTH="55" HEIGHT="75" STYLEREFS="font0"/><SP WIDTH="26" VPOS="2383" HPOS="1617"/><String ID="p828_w936" CONTENT="menage." HPOS="1643" VPOS="2383" WIDTH="144" HEIGHT="75" STYLEREFS="font0"/><SP WIDTH="48" VPOS="2383" HPOS="1787"/><String ID="p828_w937" CONTENT="Button" HPOS="1835" VPOS="2383" WIDTH="124" HEIGHT="75" STYLEREFS="font0"/><SP WIDTH="26" VPOS="2383" HPOS="1959"/><String ID="p828_w938" CONTENT="of" HPOS="1985" VPOS="2383" WIDTH="39" HEIGHT="75" STYLEREFS="font0"/><SP WIDTH="19" VPOS="2383" HPOS="2024"/><String ID="p828_w939" CONTENT="the" HPOS="2043" VPOS="2383" WIDTH="55" HEIGHT="75" STYLEREFS="font0"/><SP WIDTH="24" VPOS="2383" HPOS="2098"/><String ID="p828_w940" CONTENT="reigns" HPOS="2122" VPOS="2383" WIDTH="104" HEIGHT="75" STYLEREFS="font0"/><SP WIDTH="27" VPOS="2383" HPOS="2226"/><String ID="p828_w941" CONTENT="of" HPOS="2253" VPOS="2383" WIDTH="40" HEIGHT="75" STYLEREFS="font0"/><SP WIDTH="18" VPOS="2383" HPOS="2293"/><String ID="p828_w942" CONTENT="a" HPOS="2311" VPOS="2383" WIDTH="20" HEIGHT="75" STYLEREFS="font0"/></TextLine><TextLine WIDTH="986" HEIGHT="75" ID="p828_t113" HPOS="1344" VPOS="2430"><String ID="p828_w943" CONTENT="bridle," HPOS="1344" VPOS="2430" WIDTH="114" HEIGHT="75" STYLEREFS="font0"/><SP WIDTH="25" VPOS="2430" HPOS="1458"/><String ID="p828_w944" CONTENT="is" HPOS="1483" VPOS="2430" WIDTH="26" HEIGHT="75" STYLEREFS="font0"/><SP WIDTH="17" VPOS="2430" HPOS="1509"/><String ID="p828_w945" CONTENT="a" HPOS="1526" VPOS="2430" WIDTH="19" HEIGHT="75" STYLEREFS="font0"/><SP WIDTH="11" VPOS="2430" HPOS="1545"/><String ID="p828_w946" CONTENT="ring" HPOS="1556" VPOS="2430" WIDTH="71" HEIGHT="75" STYLEREFS="font0"/><SP WIDTH="16" VPOS="2430" HPOS="1627"/><String ID="p828_w947" CONTENT="of" HPOS="1643" VPOS="2430" WIDTH="40" HEIGHT="75" STYLEREFS="font0"/><SP WIDTH="18" VPOS="2430" HPOS="1683"/><String ID="p828_w948" CONTENT="leather," HPOS="1701" VPOS="2430" WIDTH="136" HEIGHT="75" STYLEREFS="font0"/><SP WIDTH="25" VPOS="2430" HPOS="1837"/><String ID="p828_w949" CONTENT="with" HPOS="1862" VPOS="2430" WIDTH="77" HEIGHT="75" STYLEREFS="font0"/><SP WIDTH="15" VPOS="2430" HPOS="1939"/><String ID="p828_w950" CONTENT="the" HPOS="1954" VPOS="2430" WIDTH="54" HEIGHT="75" STYLEREFS="font0"/><SP WIDTH="14" VPOS="2430" HPOS="2008"/><String ID="p828_w951" CONTENT="reins" HPOS="2022" VPOS="2430" WIDTH="81" HEIGHT="75" STYLEREFS="font0"/><SP WIDTH="18" VPOS="2430" HPOS="2103"/><String ID="p828_w952" CONTENT="palled" HPOS="2121" VPOS="2430" WIDTH="105" HEIGHT="75" STYLEREFS="font0"/><SP WIDTH="17" VPOS="2430" HPOS="2226"/><String ID="p828_w953" CONTENT="thro" HPOS="2243" VPOS="2430" WIDTH="87" HEIGHT="75" STYLEREFS="font0"/></TextLine><TextLine WIDTH="987" HEIGHT="75" ID="p828_t114" HPOS="1344" VPOS="2477"><String ID="p828_w954" CONTENT="it," HPOS="1344" VPOS="2477" WIDTH="38" HEIGHT="75" STYLEREFS="font0"/><SP WIDTH="25" VPOS="2477" HPOS="1382"/><String ID="p828_w955" CONTENT="which" HPOS="1407" VPOS="2477" WIDTH="104" HEIGHT="75" STYLEREFS="font0"/><SP WIDTH="19" VPOS="2477" HPOS="1511"/><String ID="p828_w956" CONTENT="runs" HPOS="1530" VPOS="2477" WIDTH="74" HEIGHT="75" STYLEREFS="font0"/><SP WIDTH="17" VPOS="2477" HPOS="1604"/><String ID="p828_w957" CONTENT="all" HPOS="1621" VPOS="2477" WIDTH="41" HEIGHT="75" STYLEREFS="font0"/><SP WIDTH="26" VPOS="2477" HPOS="1662"/><String ID="p828_w958" CONTENT="along" HPOS="1688" VPOS="2477" WIDTH="95" HEIGHT="75" STYLEREFS="font0"/><SP WIDTH="16" VPOS="2477" HPOS="1783"/><String ID="p828_w959" CONTENT="the" HPOS="1799" VPOS="2477" WIDTH="54" HEIGHT="75" STYLEREFS="font0"/><SP WIDTH="16" VPOS="2477" HPOS="1853"/><String ID="p828_w960" CONTENT="length" HPOS="1869" VPOS="2477" WIDTH="110" HEIGHT="75" STYLEREFS="font0"/><SP WIDTH="18" VPOS="2477" HPOS="1979"/><String ID="p828_w961" CONTENT="of" HPOS="1997" VPOS="2477" WIDTH="39" HEIGHT="75" STYLEREFS="font0"/><SP WIDTH="18" VPOS="2477" HPOS="2036"/><String ID="p828_w962" CONTENT="the" HPOS="2054" VPOS="2477" WIDTH="57" HEIGHT="75" STYLEREFS="font0"/><SP WIDTH="18" VPOS="2477" HPOS="2111"/><String ID="p828_w963" CONTENT="reins." HPOS="2129" VPOS="2477" WIDTH="96" HEIGHT="75" STYLEREFS="font0"/><SP WIDTH="47" VPOS="2477" HPOS="2225"/><String ID="p828_w964" CONTENT="To" HPOS="2272" VPOS="2477" WIDTH="59" HEIGHT="75" STYLEREFS="font0"/></TextLine><TextLine WIDTH="985" HEIGHT="75" ID="p828_t115" HPOS="1345" VPOS="2523"><String ID="p828_w965" CONTENT="put" HPOS="1345" VPOS="2523" WIDTH="57" HEIGHT="75" STYLEREFS="font0"/><SP WIDTH="17" VPOS="2523" HPOS="1402"/><String ID="p828_w966" CONTENT="a" HPOS="1419" VPOS="2523" WIDTH="18" HEIGHT="75" STYLEREFS="font0"/><SP WIDTH="16" VPOS="2523" HPOS="1437"/><String ID="p828_w967" CONTENT="horfe" HPOS="1453" VPOS="2523" WIDTH="91" HEIGHT="75" STYLEREFS="font0"/><SP WIDTH="16" VPOS="2523" HPOS="1544"/><String ID="p828_w968" CONTENT="under" HPOS="1560" VPOS="2523" WIDTH="100" HEIGHT="75" STYLEREFS="font0"/><SP WIDTH="18" VPOS="2523" HPOS="1660"/><String ID="p828_w969" CONTENT="the" HPOS="1678" VPOS="2523" WIDTH="54" HEIGHT="75" STYLEREFS="font0"/><SP WIDTH="17" VPOS="2523" HPOS="1732"/><String ID="p828_w970" CONTENT="button," HPOS="1749" VPOS="2523" WIDTH="127" HEIGHT="75" STYLEREFS="font0"/><SP WIDTH="25" VPOS="2523" HPOS="1876"/><String ID="p828_w971" CONTENT="is" HPOS="1901" VPOS="2523" WIDTH="26" HEIGHT="75" STYLEREFS="font0"/><SP WIDTH="19" VPOS="2523" HPOS="1927"/><String ID="p828_w972" CONTENT="when" HPOS="1946" VPOS="2523" WIDTH="90" HEIGHT="75" STYLEREFS="font0"/><SP WIDTH="18" VPOS="2523" HPOS="2036"/><String ID="p828_w973" CONTENT="a" HPOS="2054" VPOS="2523" WIDTH="18" HEIGHT="75" STYLEREFS="font0"/><SP WIDTH="17" VPOS="2523" HPOS="2072"/><String ID="p828_w974" CONTENT="horfe" HPOS="2089" VPOS="2523" WIDTH="91" HEIGHT="75" STYLEREFS="font0"/><SP WIDTH="23" VPOS="2523" HPOS="2180"/><String ID="p828_w975" CONTENT="is" HPOS="2203" VPOS="2523" WIDTH="26" HEIGHT="75" STYLEREFS="font0"/><SP WIDTH="19" VPOS="2523" HPOS="2229"/><String ID="p828_w976" CONTENT="Hop-" HPOS="2248" VPOS="2523" WIDTH="82" HEIGHT="75" STYLEREFS="font0"/></TextLine><TextLine WIDTH="986" HEIGHT="75" ID="p828_t116" HPOS="1346" VPOS="2570"><String ID="p828_w977" CONTENT="ped" HPOS="1346" VPOS="2570" WIDTH="61" HEIGHT="75" STYLEREFS="font0"/><SP WIDTH="17" VPOS="2570" HPOS="1407"/><String ID="p828_w978" CONTENT="without" HPOS="1424" VPOS="2570" WIDTH="136" HEIGHT="75" STYLEREFS="font0"/><SP WIDTH="16" VPOS="2570" HPOS="1560"/><String ID="p828_w979" CONTENT="a" HPOS="1576" VPOS="2570" WIDTH="18" HEIGHT="75" STYLEREFS="font0"/><SP WIDTH="12" VPOS="2570" HPOS="1594"/><String ID="p828_w980" CONTENT="rider" HPOS="1606" VPOS="2570" WIDTH="86" HEIGHT="75" STYLEREFS="font0"/><SP WIDTH="16" VPOS="2570" HPOS="1692"/><String ID="p828_w981" CONTENT="upon" HPOS="1708" VPOS="2570" WIDTH="84" HEIGHT="75" STYLEREFS="font0"/><SP WIDTH="18" VPOS="2570" HPOS="1792"/><String ID="p828_w982" CONTENT="his" HPOS="1810" VPOS="2570" WIDTH="48" HEIGHT="75" STYLEREFS="font0"/><SP WIDTH="14" VPOS="2570" HPOS="1858"/><String ID="p828_w983" CONTENT="back," HPOS="1872" VPOS="2570" WIDTH="95" HEIGHT="75" STYLEREFS="font0"/><SP WIDTH="19" VPOS="2570" HPOS="1967"/><String ID="p828_w984" CONTENT="the" HPOS="1986" VPOS="2570" WIDTH="55" HEIGHT="75" STYLEREFS="font0"/><SP WIDTH="14" VPOS="2570" HPOS="2041"/><String ID="p828_w985" CONTENT="reins" HPOS="2055" VPOS="2570" WIDTH="83" HEIGHT="75" STYLEREFS="font0"/><SP WIDTH="16" VPOS="2570" HPOS="2138"/><String ID="p828_w986" CONTENT="being" HPOS="2154" VPOS="2570" WIDTH="95" HEIGHT="75" STYLEREFS="font0"/><SP WIDTH="17" VPOS="2570" HPOS="2249"/><String ID="p828_w987" CONTENT="laid" HPOS="2266" VPOS="2570" WIDTH="66" HEIGHT="75" STYLEREFS="font0"/></TextLine><TextLine WIDTH="986" HEIGHT="75" ID="p828_t117" HPOS="1347" VPOS="2617"><String ID="p828_w988" CONTENT="on" HPOS="1347" VPOS="2617" WIDTH="40" HEIGHT="75" STYLEREFS="font0"/><SP WIDTH="17" VPOS="2617" HPOS="1387"/><String ID="p828_w989" CONTENT="his" HPOS="1404" VPOS="2617" WIDTH="50" HEIGHT="75" STYLEREFS="font0"/><SP WIDTH="17" VPOS="2617" HPOS="1454"/><String ID="p828_w990" CONTENT="neck," HPOS="1471" VPOS="2617" WIDTH="92" HEIGHT="75" STYLEREFS="font0"/><SP WIDTH="27" VPOS="2617" HPOS="1563"/><String ID="p828_w991" CONTENT="and" HPOS="1590" VPOS="2617" WIDTH="62" HEIGHT="75" STYLEREFS="font0"/><SP WIDTH="16" VPOS="2617" HPOS="1652"/><String ID="p828_w992" CONTENT="the" HPOS="1668" VPOS="2617" WIDTH="55" HEIGHT="75" STYLEREFS="font0"/><SP WIDTH="18" VPOS="2617" HPOS="1723"/><String ID="p828_w993" CONTENT="button" HPOS="1741" VPOS="2617" WIDTH="114" HEIGHT="75" STYLEREFS="font0"/><SP WIDTH="16" VPOS="2617" HPOS="1855"/><String ID="p828_w994" CONTENT="lowered" HPOS="1871" VPOS="2617" WIDTH="140" HEIGHT="75" STYLEREFS="font0"/><SP WIDTH="23" VPOS="2617" HPOS="2011"/><String ID="p828_w995" CONTENT="fo" HPOS="2034" VPOS="2617" WIDTH="33" HEIGHT="75" STYLEREFS="font0"/><SP WIDTH="18" VPOS="2617" HPOS="2067"/><String ID="p828_w996" CONTENT="far" HPOS="2085" VPOS="2617" WIDTH="49" HEIGHT="75" STYLEREFS="font0"/><SP WIDTH="15" VPOS="2617" HPOS="2134"/><String ID="p828_w997" CONTENT="down" HPOS="2149" VPOS="2617" WIDTH="95" HEIGHT="75" STYLEREFS="font0"/><SP WIDTH="17" VPOS="2617" HPOS="2244"/><String ID="p828_w998" CONTENT="that" HPOS="2261" VPOS="2617" WIDTH="72" HEIGHT="75" STYLEREFS="font0"/></TextLine><TextLine WIDTH="985" HEIGHT="75" ID="p828_t118" HPOS="1347" VPOS="2664"><String ID="p828_w999" CONTENT="the" HPOS="1347" VPOS="2664" WIDTH="54" HEIGHT="75" STYLEREFS="font0"/><SP WIDTH="17" VPOS="2664" HPOS="1401"/><String ID="p828_w1000" CONTENT="reins" HPOS="1418" VPOS="2664" WIDTH="81" HEIGHT="75" STYLEREFS="font0"/><SP WIDTH="24" VPOS="2664" HPOS="1499"/><String ID="p828_w1001" CONTENT="bring" HPOS="1523" VPOS="2664" WIDTH="93" HEIGHT="75" STYLEREFS="font0"/><SP WIDTH="23" VPOS="2664" HPOS="1616"/><String ID="p828_w1002" CONTENT="in" HPOS="1639" VPOS="2664" WIDTH="31" HEIGHT="75" STYLEREFS="font0"/><SP WIDTH="19" VPOS="2664" HPOS="1670"/><String ID="p828_w1003" CONTENT="the" HPOS="1689" VPOS="2664" WIDTH="55" HEIGHT="75" STYLEREFS="font0"/><SP WIDTH="16" VPOS="2664" HPOS="1744"/><String ID="p828_w1004" CONTENT="horfes" HPOS="1760" VPOS="2664" WIDTH="119" HEIGHT="75" STYLEREFS="font0"/><SP WIDTH="24" VPOS="2664" HPOS="1879"/><String ID="p828_w1005" CONTENT="head," HPOS="1903" VPOS="2664" WIDTH="95" HEIGHT="75" STYLEREFS="font0"/><SP WIDTH="24" VPOS="2664" HPOS="1998"/><String ID="p828_w1006" CONTENT="and" HPOS="2022" VPOS="2664" WIDTH="63" HEIGHT="75" STYLEREFS="font0"/><SP WIDTH="24" VPOS="2664" HPOS="2085"/><String ID="p828_w1007" CONTENT="fix" HPOS="2109" VPOS="2664" WIDTH="44" HEIGHT="75" STYLEREFS="font0"/><SP WIDTH="24" VPOS="2664" HPOS="2153"/><String ID="p828_w1008" CONTENT="it" HPOS="2177" VPOS="2664" WIDTH="26" HEIGHT="75" STYLEREFS="font0"/><SP WIDTH="23" VPOS="2664" HPOS="2203"/><String ID="p828_w1009" CONTENT="to" HPOS="2226" VPOS="2664" WIDTH="34" HEIGHT="75" STYLEREFS="font0"/><SP WIDTH="16" VPOS="2664" HPOS="2260"/><String ID="p828_w1010" CONTENT="the" HPOS="2276" VPOS="2664" WIDTH="56" HEIGHT="75" STYLEREFS="font0"/></TextLine><TextLine WIDTH="985" HEIGHT="75" ID="p828_t119" HPOS="1347" VPOS="2710"><String ID="p828_w1011" CONTENT="true" HPOS="1347" VPOS="2710" WIDTH="70" HEIGHT="75" STYLEREFS="font0"/><SP WIDTH="28" VPOS="2710" HPOS="1417"/><String ID="p828_w1012" CONTENT="pofture" HPOS="1445" VPOS="2710" WIDTH="125" HEIGHT="75" STYLEREFS="font0"/><SP WIDTH="24" VPOS="2710" HPOS="1570"/><String ID="p828_w1013" CONTENT="or" HPOS="1594" VPOS="2710" WIDTH="37" HEIGHT="75" STYLEREFS="font0"/><SP WIDTH="25" VPOS="2710" HPOS="1631"/><String ID="p828_w1014" CONTENT="carriage." HPOS="1656" VPOS="2710" WIDTH="153" HEIGHT="75" STYLEREFS="font0"/><SP WIDTH="49" VPOS="2710" HPOS="1809"/><String ID="p828_w1015" CONTENT="It" HPOS="1858" VPOS="2710" WIDTH="32" HEIGHT="75" STYLEREFS="font0"/><SP WIDTH="24" VPOS="2710" HPOS="1890"/><String ID="p828_w1016" CONTENT="is" HPOS="1914" VPOS="2710" WIDTH="26" HEIGHT="75" STYLEREFS="font0"/><SP WIDTH="26" VPOS="2710" HPOS="1940"/><String ID="p828_w1017" CONTENT="not" HPOS="1966" VPOS="2710" WIDTH="55" HEIGHT="75" STYLEREFS="font0"/><SP WIDTH="24" VPOS="2710" HPOS="2021"/><String ID="p828_w1018" CONTENT="only" HPOS="2045" VPOS="2710" WIDTH="76" HEIGHT="75" STYLEREFS="font0"/><SP WIDTH="23" VPOS="2710" HPOS="2121"/><String ID="p828_w1019" CONTENT="the" HPOS="2144" VPOS="2710" WIDTH="56" HEIGHT="75" STYLEREFS="font0"/><SP WIDTH="24" VPOS="2710" HPOS="2200"/><String ID="p828_w1020" CONTENT="horfes" HPOS="2224" VPOS="2710" WIDTH="108" HEIGHT="75" STYLEREFS="font0"/></TextLine><TextLine WIDTH="985" HEIGHT="75" ID="p828_t120" HPOS="1346" VPOS="2756"><String ID="p828_w1021" CONTENT="which" HPOS="1346" VPOS="2756" WIDTH="105" HEIGHT="75" STYLEREFS="font0"/><SP WIDTH="17" VPOS="2756" HPOS="1451"/><String ID="p828_w1022" CONTENT="are" HPOS="1468" VPOS="2756" WIDTH="53" HEIGHT="75" STYLEREFS="font0"/><SP WIDTH="17" VPOS="2756" HPOS="1521"/><String ID="p828_w1023" CONTENT="managed" HPOS="1538" VPOS="2756" WIDTH="153" HEIGHT="75" STYLEREFS="font0"/><SP WIDTH="17" VPOS="2756" HPOS="1691"/><String ID="p828_w1024" CONTENT="in" HPOS="1708" VPOS="2756" WIDTH="31" HEIGHT="75" STYLEREFS="font0"/><SP WIDTH="17" VPOS="2756" HPOS="1739"/><String ID="p828_w1025" CONTENT="the" HPOS="1756" VPOS="2756" WIDTH="56" HEIGHT="75" STYLEREFS="font0"/><SP WIDTH="27" VPOS="2756" HPOS="1812"/><String ID="p828_w1026" CONTENT="hand" HPOS="1839" VPOS="2756" WIDTH="86" HEIGHT="75" STYLEREFS="font0"/><SP WIDTH="25" VPOS="2756" HPOS="1925"/><String ID="p828_w1027" CONTENT="that" HPOS="1950" VPOS="2756" WIDTH="71" HEIGHT="75" STYLEREFS="font0"/><SP WIDTH="16" VPOS="2756" HPOS="2021"/><String ID="p828_w1028" CONTENT="muft" HPOS="2037" VPOS="2756" WIDTH="79" HEIGHT="75" STYLEREFS="font0"/><SP WIDTH="17" VPOS="2756" HPOS="2116"/><String ID="p828_w1029" CONTENT="be" HPOS="2133" VPOS="2756" WIDTH="39" HEIGHT="75" STYLEREFS="font0"/><SP WIDTH="23" VPOS="2756" HPOS="2172"/><String ID="p828_w1030" CONTENT="put" HPOS="2195" VPOS="2756" WIDTH="56" HEIGHT="75" STYLEREFS="font0"/><SP WIDTH="22" VPOS="2756" HPOS="2251"/><String ID="p828_w1031" CONTENT="un-" HPOS="2273" VPOS="2756" WIDTH="58" HEIGHT="75" STYLEREFS="font0"/></TextLine><TextLine WIDTH="987" HEIGHT="75" ID="p828_t121" HPOS="1347" VPOS="2802"><String ID="p828_w1032" CONTENT="der" HPOS="1347" VPOS="2802" WIDTH="56" HEIGHT="75" STYLEREFS="font0"/><SP WIDTH="17" VPOS="2802" HPOS="1403"/><String ID="p828_w1033" CONTENT="the" HPOS="1420" VPOS="2802" WIDTH="55" HEIGHT="75" STYLEREFS="font0"/><SP WIDTH="21" VPOS="2802" HPOS="1475"/><String ID="p828_w1034" CONTENT="button;" HPOS="1496" VPOS="2802" WIDTH="138" HEIGHT="75" STYLEREFS="font0"/><SP WIDTH="28" VPOS="2802" HPOS="1634"/><String ID="p828_w1035" CONTENT="for" HPOS="1662" VPOS="2802" WIDTH="50" HEIGHT="75" STYLEREFS="font0"/><SP WIDTH="21" VPOS="2802" HPOS="1712"/><String ID="p828_w1036" CONTENT="the" HPOS="1733" VPOS="2802" WIDTH="56" HEIGHT="75" STYLEREFS="font0"/><SP WIDTH="22" VPOS="2802" HPOS="1789"/><String ID="p828_w1037" CONTENT="fame" HPOS="1811" VPOS="2802" WIDTH="83" HEIGHT="75" STYLEREFS="font0"/><SP WIDTH="22" VPOS="2802" HPOS="1894"/><String ID="p828_w1038" CONTENT="method" HPOS="1916" VPOS="2802" WIDTH="132" HEIGHT="75" STYLEREFS="font0"/><SP WIDTH="23" VPOS="2802" HPOS="2048"/><String ID="p828_w1039" CONTENT="muft" HPOS="2071" VPOS="2802" WIDTH="80" HEIGHT="75" STYLEREFS="font0"/><SP WIDTH="25" VPOS="2802" HPOS="2151"/><String ID="p828_w1040" CONTENT="be" HPOS="2176" VPOS="2802" WIDTH="38" HEIGHT="75" STYLEREFS="font0"/><SP WIDTH="24" VPOS="2802" HPOS="2214"/><String ID="p828_w1041" CONTENT="taken" HPOS="2238" VPOS="2802" WIDTH="96" HEIGHT="75" STYLEREFS="font0"/></TextLine><TextLine WIDTH="987" HEIGHT="75" ID="p828_t122" HPOS="1347" VPOS="2849"><String ID="p828_w1042" CONTENT="with" HPOS="1347" VPOS="2849" WIDTH="77" HEIGHT="75" STYLEREFS="font0"/><SP WIDTH="21" VPOS="2849" HPOS="1424"/><String ID="p828_w1043" CONTENT="fuch" HPOS="1445" VPOS="2849" WIDTH="75" HEIGHT="75" STYLEREFS="font0"/><SP WIDTH="20" VPOS="2849" HPOS="1520"/><String ID="p828_w1044" CONTENT="horfes" HPOS="1540" VPOS="2849" WIDTH="109" HEIGHT="75" STYLEREFS="font0"/><SP WIDTH="18" VPOS="2849" HPOS="1649"/><String ID="p828_w1045" CONTENT="as" HPOS="1667" VPOS="2849" WIDTH="33" HEIGHT="75" STYLEREFS="font0"/><SP WIDTH="17" VPOS="2849" HPOS="1700"/><String ID="p828_w1046" CONTENT="are" HPOS="1717" VPOS="2849" WIDTH="54" HEIGHT="75" STYLEREFS="font0"/><SP WIDTH="22" VPOS="2849" HPOS="1771"/><String ID="p828_w1047" CONTENT="bred" HPOS="1793" VPOS="2849" WIDTH="80" HEIGHT="75" STYLEREFS="font0"/><SP WIDTH="16" VPOS="2849" HPOS="1873"/><String ID="p828_w1048" CONTENT="between" HPOS="1889" VPOS="2849" WIDTH="143" HEIGHT="75" STYLEREFS="font0"/><SP WIDTH="19" VPOS="2849" HPOS="2032"/><String ID="p828_w1049" CONTENT="two" HPOS="2051" VPOS="2849" WIDTH="66" HEIGHT="75" STYLEREFS="font0"/><SP WIDTH="15" VPOS="2849" HPOS="2117"/><String ID="p828_w1050" CONTENT="pillars," HPOS="2132" VPOS="2849" WIDTH="121" HEIGHT="75" STYLEREFS="font0"/><SP WIDTH="24" VPOS="2849" HPOS="2253"/><String ID="p828_w1051" CONTENT="be-" HPOS="2277" VPOS="2849" WIDTH="57" HEIGHT="75" STYLEREFS="font0"/></TextLine><TextLine WIDTH="379" HEIGHT="75" ID="p828_t123" HPOS="1347" VPOS="2897"><String ID="p828_w1052" CONTENT="fore" HPOS="1347" VPOS="2897" WIDTH="68" HEIGHT="75" STYLEREFS="font0"/><SP WIDTH="18" VPOS="2897" HPOS="1415"/><String ID="p828_w1053" CONTENT="they" HPOS="1433" VPOS="2897" WIDTH="76" HEIGHT="75" STYLEREFS="font0"/><SP WIDTH="12" VPOS="2897" HPOS="1509"/><String ID="p828_w1054" CONTENT="are" HPOS="1521" VPOS="2897" WIDTH="55" HEIGHT="75" STYLEREFS="font0"/><SP WIDTH="13" VPOS="2897" HPOS="1576"/><String ID="p828_w1055" CONTENT="backed." HPOS="1589" VPOS="2897" WIDTH="137" HEIGHT="75" STYLEREFS="font0"/></TextLine><TextLine WIDTH="1034" HEIGHT="75" ID="p828_t124" HPOS="1300" VPOS="2942"><String ID="p828_w1056" CONTENT="BUTTON/-47," HPOS="1300" VPOS="2942" WIDTH="319" HEIGHT="75" STYLEREFS="font0"/><SP WIDTH="27" VPOS="2942" HPOS="1619"/><String ID="p828_w1057" CONTENT="the" HPOS="1646" VPOS="2942" WIDTH="55" HEIGHT="75" STYLEREFS="font0"/><SP WIDTH="23" VPOS="2942" HPOS="1701"/><String ID="p828_w1058" CONTENT="name" HPOS="1724" VPOS="2942" WIDTH="91" HEIGHT="75" STYLEREFS="font0"/><SP WIDTH="24" VPOS="2942" HPOS="1815"/><String ID="p828_w1059" CONTENT="of" HPOS="1839" VPOS="2942" WIDTH="40" HEIGHT="75" STYLEREFS="font0"/><SP WIDTH="18" VPOS="2942" HPOS="1879"/><String ID="p828_w1060" CONTENT="the" HPOS="1897" VPOS="2942" WIDTH="56" HEIGHT="75" STYLEREFS="font0"/><SP WIDTH="20" VPOS="2942" HPOS="1953"/><String ID="p828_w1061" CONTENT="north" HPOS="1973" VPOS="2942" WIDTH="96" HEIGHT="75" STYLEREFS="font0"/><SP WIDTH="19" VPOS="2942" HPOS="2069"/><String ID="p828_w1062" CONTENT="part" HPOS="2088" VPOS="2942" WIDTH="70" HEIGHT="75" STYLEREFS="font0"/><SP WIDTH="24" VPOS="2942" HPOS="2158"/><String ID="p828_w1063" CONTENT="of" HPOS="2182" VPOS="2942" WIDTH="39" HEIGHT="75" STYLEREFS="font0"/><SP WIDTH="19" VPOS="2942" HPOS="2221"/><String ID="p828_w1064" CONTENT="Hud-" HPOS="2240" VPOS="2942" WIDTH="94" HEIGHT="75" STYLEREFS="font0"/></TextLine><TextLine WIDTH="995" HEIGHT="115" ID="p828_t125" HPOS="1343" VPOS="2989"><String ID="p828_w1065" CONTENT="fons" HPOS="1343" VPOS="2989" WIDTH="84" HEIGHT="75" STYLEREFS="font0"/><SP WIDTH="24" VPOS="2989" HPOS="1427"/><String ID="p828_w1066" CONTENT="bay," HPOS="1451" VPOS="2989" WIDTH="74" HEIGHT="75" STYLEREFS="font0"/><SP WIDTH="26" VPOS="2989" HPOS="1525"/><String ID="p828_w1067" CONTENT="in" HPOS="1551" VPOS="2989" WIDTH="33" HEIGHT="75" STYLEREFS="font0"/><SP WIDTH="26" VPOS="2989" HPOS="1584"/><String ID="p828_w1068" CONTENT="North" HPOS="1610" VPOS="2989" WIDTH="112" HEIGHT="75" STYLEREFS="font0"/><SP WIDTH="27" VPOS="2989" HPOS="1722"/><String ID="p828_w1069" CONTENT="America," HPOS="1749" VPOS="2989" WIDTH="163" HEIGHT="75" STYLEREFS="font0"/><SP WIDTH="24" VPOS="2989" HPOS="1912"/><String ID="p828_w1070" CONTENT="whereby" HPOS="1936" VPOS="2989" WIDTH="151" HEIGHT="75" STYLEREFS="font0"/><SP WIDTH="26" VPOS="2989" HPOS="2087"/><String ID="p828_w1071" CONTENT="Sir" HPOS="2113" VPOS="2989" WIDTH="53" HEIGHT="75" STYLEREFS="font0"/><SP WIDTH="21" VPOS="2989" HPOS="2166"/><String ID="p828_w1072" CONTENT="Thomas" HPOS="2187" VPOS="2989" WIDTH="148" HEIGHT="75" STYLEREFS="font0"/><SP WIDTH="4294967171" VPOS="2989" HPOS="2335"/><String ID="p828_w1073" CONTENT="ButtoA" HPOS="2210" VPOS="3029" WIDTH="128" HEIGHT="75" STYLEREFS="font0"/></TextLine></PrintSpace></Page></Layout></alto>