2396 3377
486 207 42 75 A
588 207 35 75 L
680 207 41 75 Y

1071 207 20 75 (
1123 207 7 75 .
1153 207 80 75 13°

177 274 56 75 the
256 274 178 75 remainder
461 274 26 75 is
512 274 61 75 left
596 274 151 75 pofieffed
769 274 40 75 of
836 274 43 75 all
907 274 42 75 its
978 274 100 75 acids,
1109 274 60 75 lefs

180 319 149 75 clogged,
355 319 63 75 and
434 319 89 75 more
539 319 33 75 in
590 319 19 75 a
624 319 164 75 condition
805 319 35 75 to
864 319 94 75 exert
982 319 41 75 its
1047 319 123 75 effeifts.

180 367 32 75 It
234 367 115 75 proves
372 367 20 75 a
414 367 108 75 gentle
547 367 190 75 efcharotic,
761 367 62 75 and
854 367 27 75 is
910 367 76 75 ufed
1017 367 33 75 in
1081 367 90 75 fmall

179 413 187 75 quantities,
391 413 113 75 mixed
531 413 81 75 with
645 413 95 75 other
762 413 209 75 ingredients,
1000 413 33 75 in
1061 413 109 75 tooth-

180 459 161 75 powders.

133 508 107 75 Crude
254 508 134 75 Alum,
402 508 71 75 that
488 508 108 75 which
613 508 57 75 has
686 508 185 75 undergone
887 508 42 75 no
946 508 96 75 other
1057 508 114 75 refine-

181 553 89 75 ment
286 553 79 75 than
381 553 89 75 what
485 553 27 75 it
527 553 141 75 receives
685 553 34 75 at
735 553 56 75 the
808 553 223 75 alum-works.

135 600 129 75 Native
288 600 131 75 Alum,
445 600 39 75 or
512 600 105 75 Foffile
644 600 133 75 Alum,
802 600 72 75 that
901 600 128 75 formed
1055 600 45 75 by
1116 600 57 75 na-

181 646 83 75 ture,
290 646 139 75 without
446 646 55 75 the
518 646 155 75 affiftance
690 646 40 75 of
753 646 64 75 art.

229 692 113 75 There
360 692 53 75 are
431 692 60 75 ftill
509 692 100 75 mines
626 692 40 75 of
678 692 106 75 native
801 692 86 75 alum
903 692 33 75 in
952 692 56 75 the
1025 692 98 75 ifland
1139 692 40 75 of

182 740 98 75 Chio,
306 740 164 75 confifting
497 740 40 75 of
560 740 19 75 a
604 740 80 75 kind
707 740 41 75 of
766 740 118 75 vaults,
908 740 40 75 or
980 740 194 75 apartments

182 785 125 75 crufted
322 785 77 75 over
414 785 80 75 with
512 785 98 75 alum,
635 785 107 75 which
758 785 75 75 may
848 785 41 75 be
903 785 121 75 looked
1038 785 86 75 upon
1141 785 34 75 as

182 831 208 75 exfoliations
413 831 85 75 from
515 831 55 75 the
586 831 93 75 rock.

137 878 149 75 Plumofe
309 878 133 75 Alum,
467 878 38 75 or
537 878 120 75 Plume
680 878 132 75 Alum,
837 878 19 75 a
878 878 79 75 kind
984 878 41 75 of
1051 878 125 75 natural

184 924 98 75 alum,
308 924 170 75 compofed
494 924 41 75 of
550 924 18 75 a
585 924 66 75 fort
667 924 41 75 of
727 924 143 75 threads,
884 924 37 75 or
937 924 108 75 fibres,
1059 924 115 75 refem-

184 971 89 75 bling
294 971 142 75 feathers
451 971 10 75 ;
499 971 131 75 whence
646 971 26 75 it
689 971 57 75 has
763 971 42 75 its
829 971 103 75 name.

137 1017 172 75 Prepared
331 1017 132 75 Alum,
488 1017 37 75 or
542 1017 154 75 Purified
715 1017 103 75 Alm,
844 1017 71 75 that
935 1017 106 75 which
1069 1017 26 75 is
1113 1017 62 75 dif-

183 1063 110 75 folved
309 1063 33 75 in
358 1063 60 75 hot
435 1063 197 75 rain-water,
658 1063 63 75 and
737 1063 188 75 afterwards
943 1063 92 75 made
1052 1063 35 75 to
1103 1063 73 75 cry-

184 1110 122 75 ftalize,
324 1110 43 75 by
383 1110 208 75 evaporating
607 1110 57 75 the
680 1110 114 75 water.

137 1156 254 75 Roche--Ar.vM,
416 1156 38 75 or
471 1156 187 75 Rock-Ai.V'
658 1156 46 75 M.
755 1156 63 75 See
833 1156 55 75 the
905 1156 123 75 article,
1045 1156 134 75 Proctfs

186 1205 42 75 of
242 1205 132 75 making
395 1205 134 75 Alum,
546 1205 119 75 fupra.

139 1249 126 75 Roman
282 1249 132 75 Alum,
440 1249 18 75 a
473 1249 66 75 fort
556 1249 40 75 of
608 1249 193 75 rock-alum,
819 1249 40 75 of
877 1249 19 75 a
912 1249 124 75 reddilh
1053 1249 125 75 colour,

186 1295 91 75 made
293 1295 33 75 in
343 1295 56 75 the
417 1295 136 75 country
569 1295 76 75 near
661 1295 119 75 Rome.

139 1342 201 75 Saccharine
353 1342 131 75 Alum,
494 1342 28 75 is
540 1342 19 75 a
575 1342 206 75 compofition
793 1342 41 75 of
845 1342 148 75 common
1005 1342 85 75 alum
1099 1342 80 75 with

187 1387 197 75 rofe-water,
403 1387 63 75 and
482 1387 56 75 the
553 1387 115 75 whites
685 1387 41 75 of
737 1387 90 75 eggs,
840 1387 107 75 which
959 1387 95 75 being
1070 1387 110 75 boiled

186 1436 35 75 to
238 1436 55 75 the
312 1436 185 75 confidence
508 1436 41 75 of
561 1436 17 75 a
590 1436 97 75 pade,
699 1436 27 75 is
744 1436 127 75 formed
886 1436 33 75 in
936 1436 54 75 the
1006 1436 93 75 lhape
1114 1436 40 75 of
1162 1436 18 75 a

187 1481 197 75 fugar-loaf;
411 1481 25 75 it
453 1481 27 75 is
504 1481 74 75 ufed
597 1481 34 75 as
649 1481 19 75 a
685 1481 161 75 cofmetic.

142 1527 57 75 Set
201 1527 60 75 file
283 1527 132 75 Alum,
440 1527 55 75 the
512 1527 84 75 fame
613 1527 80 75 with
710 1527 141 75 plumofe
868 1527 99 75 alum.

140 1575 229 75 ALUMEN,
393 1575 56 75 the
465 1575 99 75 Latin
582 1575 91 75 name
690 1575 40 75 of
739 1575 100 75 alum.

141 1620 169 75 Alumen
330 1620 53 75 cat
386 1620 61 75 ini,
474 1620 19 75 a
509 1620 91 75 name
622 1620 180 75 fometimes
820 1620 76 75 ufed
911 1620 52 75 for
979 1620 55 75 the
1062 1620 60 75 fait
1146 1620 41 75 of

190 1667 55 75 the
261 1667 77 75 kali.

139 1712 171 75 Alumen
319 1712 180 75 fcaglioU,
517 1712 18 75 a
551 1712 91 75 name
659 1712 180 75 fometimes
855 1712 78 75 ufed
948 1712 53 75 for
1013 1712 84 75 lapis
1104 1712 75 75 fpe-

192 1759 134 75 cularis.

143 1805 309 75 ALUMINOUS,
479 1805 38 75 an
535 1805 123 75 epithet
681 1805 53 75 for
755 1805 109 75 things
891 1805 73 75 that
989 1805 133 75 partake
1146 1805 40 75 of

192 1853 54 75 the
263 1853 111 75 nature
390 1853 41 75 of
442 1853 97 75 alum,

143 1898 229 75 ALUMTA,
396 1898 33 75 in
445 1898 133 75 botany.
630 1898 61 75 See
707 1898 209 75 Luteola.

143 1945 144 75 ALUS,
311 1945 39 75 or
365 1945 133 75 Alum,
522 1945 34 75 in
571 1945 133 75 botany,
730 1945 39 75 an
794 1945 141 75 obfolete
951 1945 91 75 name
1059 1945 41 75 of
1124 1945 57 75 the

191 1989 219 75 fymphymm.
460 1989 62 75 See
541 1989 265 75 Symphytum.

144 2038 177 75 ALVUS,
346 2038 33 75 in
404 2038 161 75 anatomy,
592 2038 19 75 a
633 2038 83 75 term
732 2038 77 75 ufed
833 2038 55 75 fos
901 2038 56 75 the
972 2038 89 75 belly
1077 2038 33 75 in
1125 2038 56 75 ge-

192 2083 102 75 neral,
318 2083 59 75 but
392 2083 91 75 more
499 2083 185 75 frequently
701 2083 126 75 applied
842 2083 35 75 to
894 2083 56 75 the
966 2083 131 75 bowels.

146 2130 256 75 ALWAIDII,
413 2130 19 75 a
447 2130 62 75 fedt
521 2130 40 75 of
567 2130 228 75 Mahometans
813 2130 73 75 who
902 2130 124 75 believe
1038 2130 42 75 all
1093 2130 90 75 great

196 2176 112 75 crimes
324 2176 36 75 to
375 2176 41 75 be
432 2176 251 75 unpardonable.

146 2223 221 75 ALYPIAS,
392 2223 55 75 the
464 2223 91 75 name
571 2223 40 75 of
622 2223 19 75 a
657 2223 78 75 kind
751 2223 41 75 of
814 2223 98 75 white
935 2223 136 75 turbith.
1122 2223 63 75 See

195 2267 203 75 Turbith.

149 2314 187 75 ALPUM,
361 2314 33 75 in
409 2314 135 75 botany,
573 2314 19 75 a
608 2314 173 75 fynenyme
806 2314 63 75 and
891 2314 140 75 likewife
1055 2314 56 75 the
1127 2314 58 75 tri-

197 2360 64 75 vial
287 2360 92 75 name
402 2360 39 75 of
464 2360 19 75 a
498 2360 118 75 fpecies
632 2360 41 75 of
691 2360 192 75 globularia.
934 2360 62 75 See
1026 2360 160 75 Globu-

200 2405 91 75 lar!
301 2405 33 75 a.

149 2451 314 75 ALYSSOIDES,
481 2451 34 75 in
531 2451 133 75 botany,
690 2451 19 75 a
724 2451 172 75 fynonyme
913 2451 41 75 of
965 2451 54 75 the
1037 2451 146 75 alyfium.

202 2497 61 75 See
281 2497 200 75 Alyssum.

153 2544 243 75 ALYSSUM,
421 2544 38 75 or
475 2544 199 75 Aly.sson,
700 2544 33 75 in
748 2544 133 75 botany,
906 2544 19 75 a
952 2544 97 75 genus
1069 2544 41 75 of
1131 2544 57 75 the

199 2589 232 75 tetradynamia
457 2589 168 75 filiculofa.
673 2589 77 75 The
768 2589 126 75 dowers
911 2589 40 75 of
974 2589 55 75 the
1056 2589 132 75 alyffum

201 2636 108 75 confid
325 2636 40 75 of
376 2636 73 75 four
464 2636 104 75 leaves
585 2636 33 75 in
635 2636 55 75 the
706 2636 86 75 form
808 2636 40 75 of
860 2636 19 75 a
890 2636 85 75 crofs
990 2636 9 75 :
1024 2636 77 75 The
1114 2636 73 75 cap-

200 2683 66 75 fule
282 2683 26 75 is
324 2683 87 75 iliort
436 2683 62 75 and
521 2683 140 75 finooth,
694 2683 62 75 and
780 2683 143 75 contains
953 2683 19 75 a
993 2683 133 75 number
1153 2683 41 75 of

202 2728 147 75 roundilh
369 2728 102 75 feeds.
518 2728 113 75 There
647 2728 54 75 are
722 2728 41 75 14
780 2728 117 75 fpecies
914 2728 40 75 of
966 2728 54 75 the
1043 2728 145 75 alyflum,

203 2775 81 75 none
300 2775 41 75 of
351 2775 107 75 which
475 2775 54 75 are
544 2775 122 75 natives
683 2775 40 75 of
735 2775 140 75 Britain.

158 2820 315 75 ALYTARCHA,
502 2820 19 75 a
533 2820 96 75 pried
645 2820 41 75 of
702 2820 144 75 Antioch
871 2820 32 75 in
922 2820 107 75 Syria,
1046 2820 86 75 who,
1156 2820 33 75 in

205 2867 54 75 the
285 2867 105 75 games
415 2867 164 75 indituted
604 2867 33 75 in
657 2867 126 75 honour
798 2867 41 75 of
856 2867 57 75 the
928 2867 94 75 gods,
1047 2867 144 75 prefided

205 2912 76 75 over
308 2912 56 75 the
385 2912 123 75 officers
525 2912 74 75 who
615 2912 124 75 carried
763 2912 76 75 rods
856 2912 36 75 to
916 2912 85 75 clear
1028 2912 92 75 away
1137 2912 54 75 the

207 2958 121 75 crowd,
353 2958 63 75 and
431 2958 79 75 keep
527 2958 107 75 order.

254 3005 39 75 In
310 3005 54 75 the
381 3005 152 75 Olympic
549 3005 119 75 games,
681 3005 55 75 the
753 3005 179 75 alytarches
947 3005 64 75 had
1032 3005 54 75 the
1107 3005 85 75 fame

1292 206 18 75 )

1658 206 42 75 A
1759 206 48 75 M
1867 206 43 75 A

1266 272 180 75 command,
1472 272 63 75 and
1557 272 132 75 obliged
1704 272 96 75 every
1815 272 114 75 perfon
1945 272 35 75 to
1996 272 144 75 preferve
2158 272 104 75 order

1266 317 62 75 and
1343 317 154 75 decency.

1220 365 232 75 ALZACHI,
1478 365 33 75 in
1534 365 134 75 botany,
1694 365 40 75 an
1757 365 143 75 obfolete
1930 365 92 75 name
2049 365 43 75 of
2117 365 56 75 the
2199 365 55 75 an-

1267 411 102 75 guria.
1419 411 282 75 SeeANGURiA.

1220 458 201 75 ALZAGI,
1447 458 228 75 orAuzEGi.
1726 458 61 75 See
1805 458 114 75 Zegi.

1220 506 245 75 ALZARAC,
1475 506 56 75 the
1548 506 147 75 Arabian
1708 506 92 75 name
1816 506 41 75 of
1868 506 19 75 a
1906 506 107 75 coarfe
2028 506 80 75 kind
2123 506 41 75 of
2170 506 86 75 cam-

1267 550 95 75 phor.

1222 598 196 75 ALZIRA,
1444 598 19 75 a
1485 598 88 75 town
1590 598 40 75 of
1650 598 111 75 Spain,
1786 598 33 75 in
1835 598 56 75 the
1907 598 150 75 province
2069 598 40 75 of
2135 598 121 75 Valen-

1269 643 56 75 tia,
1350 643 136 75 fituated
1501 643 42 75 on
1557 643 56 75 the
1633 643 84 75 river
1733 643 123 75 Xucar,
1882 643 98 75 about
2002 643 38 75 18
2058 643 90 75 miles
2167 643 22 75 S
2221 643 43 75 of

1270 690 55 75 the
1342 690 67 75 city
1425 690 39 75 of
1475 690 168 75 Valencia,
1668 690 62 75 W.
1748 690 88 75 long.
1855 690 77 75 20°,
1961 690 48 75 N.
2027 690 58 75 lat.
2106 690 65 75 39°
2190 690 54 75 10'
2244 690 12 75 .

1222 736 158 75 ALZIZ,
1406 736 116 75 among
1540 736 142 75 Arabian
1699 736 189 75 phyficians.
1937 736 63 75 See
2017 736 89 75 Ziz.

1222 783 188 75 ALZUM.
1454 783 62 75 See
1532 783 226 75 Bdellium.

1222 829 123 75 AMA,
1371 829 116 75 among
1513 829 215 75 ecclefiadical
1746 829 138 75 writers,
1909 829 133 75 denotes
2067 829 19 75 a
2108 829 93 75 veflel
2226 829 33 75 in

1270 875 105 75 which
1392 875 81 75 wine
1490 875 39 75 or
1545 875 100 75 water
1656 875 84 75 were
1759 875 78 75 kept
1853 875 53 75 for
1920 875 58 75 the
2001 875 119 75 fervice
2139 875 42 75 of
2202 875 57 75 the

1257 922 183 75 .eucharid.

1223 968 62 75 Am
1292 968 35 75 a,
1352 968 27 75 is
1395 968 179 75 fometimes
1595 968 66 75 alfo
1687 968 79 75 ufed
1783 968 53 75 for
1864 968 19 75 a
1901 968 251 75 wine-meafure,
2178 968 34 75 as
2241 968 19 75 a

1272 1014 83 75 pipe,
1381 1014 38 75 or
1436 1014 55 75 the
1508 1014 77 75 like.

1225 1062 220 75 AMABYR,
1471 1062 37 75 or
1531 1062 213 75 Amvabyr,
1770 1062 20 75 a
1820 1062 120 75 cudom
1966 1062 106 75 which
2103 1062 156 75 formerly

1272 1108 163 75 prevailed
1450 1108 33 75 in
1499 1108 128 75 Wales,
1645 1108 63 75 and
1726 1108 86 75 fome
1828 1108 96 75 other
1939 1108 87 75 parts
2043 1108 40 75 of
2093 1108 56 75 the
2165 1108 93 75 king-

1273 1154 74 75 dom
1359 1154 10 75 ;
1395 1154 97 75 being
1514 1154 19 75 a
1549 1154 120 75 certain
1686 1154 74 75 fine,
1787 1154 37 75 or
1847 1154 68 75 fum
1931 1154 40 75 of
1982 1154 126 75 money,
2134 1154 75 75 paid
2223 1154 36 75 to

1274 1200 55 75 the
1345 1200 74 75 lord
1434 1200 85 75 upon
1535 1200 161 75 marrying
1713 1200 18 75 a
1746 1200 88 75 maid
1848 1200 112 75 within
1975 1200 51 75 his
2041 1200 123 75 manor.

1226 1248 261 75 Amacaches,
1514 1248 18 75 a
1551 1248 112 75 people
1680 1248 41 75 of
1739 1248 125 75 Brazil,
1890 1248 32 75 in
1940 1248 37 75 S.
2001 1248 164 75 America,
2183 1248 77 75 near

1273 1293 53 75 the
1343 1293 208 75 government
1567 1293 41 75 of
1629 1293 67 75 Rio
1712 1293 143 75 Janeiro.

1225 1341 251 75 AMACUSA,
1502 1341 40 75 an
1558 1341 98 75 ifland
1671 1341 40 75 of
1725 1341 116 75 Japan,
1865 1341 165 75 feparated
2044 1341 45 75 by
2105 1341 18 75 a
2134 1341 126 75 narrow

1272 1385 88 75 drait
1375 1385 87 75 from
1480 1385 147 75 Saicoco,
1644 1385 38 75 or
1698 1385 110 75 Ximo.

1225 1433 206 75 Amacusa,
1456 1433 28 75 is
1509 1433 65 75 alfo
1591 1433 56 75 the
1670 1433 116 75 capital
1811 1433 43 75 of
1870 1433 57 75 the
1950 1433 151 75 province
2125 1433 42 75 of
2188 1433 71 75 that

1273 1478 105 75 name.

1226 1526 224 75 AMACAO.
1500 1526 63 75 See
1586 1526 162 75 Macoa.

1226 1572 297 75 AMADABAT,
1548 1572 18 75 a
1584 1572 89 75 large
1693 1572 157 75 populous
1867 1572 129 75 trading
2011 1572 67 75 city
2094 1572 32 75 in
2143 1572 55 75 the
2214 1572 44 75 E.

1273 1617 121 75 Indies,
1419 1617 57 75 the
1502 1617 116 75 capital
1645 1617 41 75 of
1713 1617 55 75 the
1787 1617 149 75 province
1961 1617 41 75 of
2029 1617 165 75 Guzurat,
2222 1617 39 75 or

1275 1664 157 75 Cambay,
1457 1664 63 75 and
1551 1664 135 75 fituated
1711 1664 34 75 in
1773 1664 41 75 72
1814 1646 25 49 0
1856 1664 44 75 E.
1918 1664 89 75 long,
2032 1664 64 75 and
2119 1664 42 75 23
2161 1646 24 49 0
2205 1664 56 75 40'

1275 1711 47 75 N.
1340 1711 58 75 lat.

1226 1758 76 75 AM
1304 1758 69 75 AD
1376 1758 81 75 AN,
1483 1758 38 75 or
1542 1758 214 75 Hamadan,
1781 1758 32 75 in
1846 1758 196 75 geography.
2093 1758 62 75 See
2182 1758 78 75 Ha-

1234 1803 7 75 1
1275 1803 148 75 MADAN.

1229 1849 368 75 AMADANAGER,
1623 1849 19 75 a
1673 1849 87 75 town
1788 1849 33 75 in
1849 1849 55 75 the
1920 1849 114 75 higher
2046 1849 165 75 peninfula
2227 1849 40 75 of

1276 1894 104 75 India,
1404 1894 135 75 fituated
1553 1894 33 75 in
1606 1894 66 75 74°
1695 1894 51 75 15'
1763 1894 45 75 E.
1825 1894 89 75 long,
1939 1894 62 75 and
2022 1894 39 75 18
2061 1876 26 49 0
2104 1894 49 75 N.
2169 1894 58 75 lat,

1226 1941 214 75 AMADIA,
1465 1941 19 75 a
1500 1941 67 75 city
1582 1941 42 75 of
1633 1941 121 75 Afiatic
1765 1941 134 75 Turky,
1924 1941 32 75 in
1973 1941 56 75 the
2051 1941 150 75 province
2225 1941 40 75 of

1276 1986 189 75 Curdedan,
1491 1986 134 75 fituated
1647 1986 43 75 on
1717 1986 20 75 a
1762 1986 78 75 high
1872 1986 176 75 mountain,
2073 1986 33 75 in
2129 1986 43 75 43
2172 1968 25 49 0
2215 1986 45 75 E.

1274 2033 88 75 long,
1383 2033 63 75 and
1463 2033 42 75 37
1505 2015 24 49 0
1548 2033 48 75 N.
1620 2033 58 75 lat.

1228 2080 176 75 AMAIN,
1430 2080 37 75 or
1483 2080 184 75 Amayne,
1691 2080 33 75 in
1740 2080 55 75 the
1807 2080 235 75 fea-language,
2067 2080 19 75 a
2102 2080 83 75 term
2201 2080 60 75 im-

1277 2126 128 75 porting
1421 2126 35 75 to
1478 2126 100 75 lower
1600 2126 178 75 fomething
1795 2126 31 75 at
1842 2126 92 75 once.
1982 2126 109 75 Thus,
2116 2126 36 75 to
2169 2126 95 75 drike

1278 2172 115 75 amain,
1418 2172 27 75 is
1463 2172 163 75 to‘lower,
1646 2172 37 75 or
1699 2172 45 75 let
1760 2172 70 75 fall,
1856 2172 55 75 the
1927 2172 145 75 top-fails
2086 2172 11 75 ;
2123 2172 35 75 to
2174 2172 90 75 wave

1278 2218 116 75 amain,
1419 2218 27 75 is
1459 2218 35 75 to
1511 2218 92 75 make
1620 2218 18 75 a
1653 2218 110 75 fignal,
1787 2218 44 75 by
1846 2218 124 75 waving
1987 2218 19 75 a
2018 2218 109 75 drawn
2145 2218 117 75 fword,

1280 2265 37 75 or
1333 2265 55 75 the
1403 2265 78 75 like,
1506 2265 34 75 as
1570 2265 19 75 a
1613 2265 137 75 demand
1773 2265 72 75 that
1869 2265 54 75 the
1939 2265 114 75 enemy
2068 2265 96 75 drike
2180 2265 85 75 their

1279 2312 158 75 top-fails.

1232 2358 158 75 AMAK,
1415 2358 38 75 or
1475 2358 159 75 Amaka,
1660 2358 40 75 an
1723 2358 99 75 ifland
1852 2358 40 75 of
1911 2358 181 75 Denmark,
2116 2358 89 75 lying
2231 2358 33 75 in

1286 2405 38 75 13
1324 2387 25 49 0
1371 2405 29 75 5'
1417 2405 42 75 E.
1478 2405 87 75 long,
1585 2405 62 75 and
1665 2405 41 75 55
1706 2387 25 49 0
1750 2405 55 75 29'
1820 2405 48 75 N.
1891 2405 58 75 lat.
1968 2405 64 75 and
2046 2405 165 75 feparated
2221 2405 45 75 by

1283 2451 18 75 a
1316 2451 78 75 very
1411 2451 125 75 narrow
1553 2451 133 75 channel
1703 2451 86 75 from
1806 2451 230 75 Copenhagen.

1235 2497 217 75 AMALFA,
1478 2497 20 75 a
1513 2497 66 75 city
1594 2497 40 75 of
1645 2497 98 75 Italy,
1768 2497 32 75 in
1817 2497 55 75 the
1899 2497 154 75 kingdom
2071 2497 40 75 of
2129 2497 136 75 Naples,

1282 2543 62 75 and
1363 2543 149 75 province
1532 2543 41 75 of
1595 2543 55 75 the
1678 2543 107 75 hither
1805 2543 199 75 Principato.
2054 2543 32 75 It
2102 2543 28 75 is
2145 2543 55 75 the
2216 2543 51 75 fee

1281 2590 40 75 of
1340 2590 39 75 an
1397 2590 198 75 archbiffiop,
1621 2590 63 75 and
1708 2590 197 75 remarkable
1921 2590 51 75 for
1995 2590 108 75 giving
2120 2590 85 75 birth
2230 2590 36 75 to

1282 2635 129 75 Flavius
1429 2635 157 75 Blendus,
1611 2635 148 75 inventor
1786 2635 41 75 of
1853 2635 55 75 the
1932 2635 152 75 feaman’s
2110 2635 154 75 compafs.

1281 2683 45 75 E.
1345 2683 91 75 long.
1458 2683 39 75 1-5
1497 2665 25 49 0
1541 2683 69 75 20,
1635 2683 48 75 N.
1700 2683 59 75 lat.
1778 2683 68 75 48°
1863 2683 67 75 ycA

1235 2729 270 75 AMALGAM,
1531 2729 147 75 mercury
1694 2729 110 75 united
1828 2729 79 75 with
1931 2729 87 75 fome
2044 2729 111 75 metal.
2204 2729 63 75 See

1284 2775 250 75 Chemistry.

1236 2822 428 75 AMALGAMATION,
1688 2822 33 75 in
1752 2822 182 75 chemidry,
1959 2822 55 75 the
2041 2822 164 75 operation
2232 2822 41 75 of

1284 2867 128 75 making
1428 2867 40 75 an
1483 2867 179 75 almalgam,
1679 2867 39 75 or
1732 2867 125 75 mixing
1873 2867 148 75 mercury
2031 2867 81 75 with
2129 2867 61 75 any
2202 2867 66 75 me-

1284 2914 58 75 tal.
1392 2914 62 75 See
1470 2914 250 75 Chemistry.

1238 2960 345 75 Amalgamation,
1607 2960 26 75 is
1651 2960 66 75 alfo
1732 2960 77 75 ufed
1825 2960 45 75 by
1885 2960 98 75 fome,
1995 2960 33 75 in
2045 2960 19 75 a
2079 2960 59 75 lefs
2155 2960 115 75 proper

1284 3007 98 75 fenfe,
1399 3007 53 75 for
1467 3007 20 75 a
1501 3007 137 75 folution
1655 3007 41 75 of
1712 3007 130 75 fulphur
1862 3007 80 75 with
1957 3007 160 75 mercury.

2110 3050 159 75 AMAN,
