2397 3387
575 134 34 75 B
670 134 34 75 £
762 134 33 75 Z

1142 134 18 75 (
1218 134 86 75 544
1360 134 18 75 )

1721 134 210 75 BIB

247 207 164 75 foulneffes
428 207 41 75 of
490 207 56 75 the
567 207 119 75 blood:
714 207 49 75 Its
789 207 79 75 moil
894 207 130 75 fenfible
1040 207 93 75 effeft
1150 207 27 75 is
1194 207 35 75 to

247 252 145 75 promote
411 252 55 75 the
483 252 129 75 urinary
627 252 177 75 difcharge.

200 300 250 75 BEVECUM,
478 300 18 75 a
512 300 87 75 town
627 300 39 75 of
690 300 142 75 Brabant
860 300 34 75 in
918 300 56 75 the
996 300 148 75 Auftrian
1163 300 69 75 Ne-

247 346 175 75 therlands,
441 346 97 75 about
550 346 92 75 feven
659 346 90 75 miles
767 346 92 75 fouth
875 346 39 75 of
923 346 158 75 Louvain,
1097 346 138 75 fituated

247 392 31 75 in
293 392 19 75 4
312 374 23 49 0
355 392 56 75 45'
427 392 44 75 E.
490 392 90 75 long,
598 392 63 75 and
681 392 59 75 50°
761 392 55 75 45'
835 392 47 75 N.
900 392 58 75 lat.

201 440 174 75 BEVEL,
412 440 116 75 among
556 440 136 75 mafons,
728 440 195 75 carpenters,
949 440 64 75 &c.
1051 440 19 75 a
1097 440 78 75 kind
1199 440 41 75 of

248 486 125 75 ftjuare,
409 486 61 75 one
494 486 53 75 leg
572 486 148 75 whereof
739 486 26 75 is
793 486 187 75 frequently
1003 486 153 75 crooked,
1182 486 52 75 ac-

250 533 133 75 cording
416 533 34 75 to
483 533 55 75 the
562 533 102 75 fweep
693 533 40 75 of
753 533 38 75 an
820 533 75 75 arch
921 533 37 75 or
989 533 101 75 vault.
1154 533 33 75 It
1210 533 27 75 is

248 581 167 75 moveable
441 581 42 75 on
511 581 20 75 a
557 581 122 75 centre,
720 581 63 75 and
810 581 34 75 fo
872 581 72 75 may
972 581 39 75 be
1039 581 46 75 fet
1114 581 34 75 to
1177 581 62 75 any

250 627 103 75 angle.

202 674 256 75 BEVEL-angle,
475 674 63 75 any
554 674 95 75 other
665 674 93 75 angle
775 674 119 75 befides
912 674 89 75 thofe
1022 674 40 75 of
1072 674 110 75 ninety
1199 674 39 75 or

251 720 166 75 forty-five
434 720 145 75 degrees.
630 720 62 75 See
716 720 150 75 Angle.

201 767 283 75 BEVELAND,
510 767 56 75 the
596 767 92 75 name
710 767 41 75 of
773 767 66 75 two
864 767 126 75 iflands,
1016 767 31 75 in
1075 767 57 75 the
1160 767 73 75 pro-

248 814 91 75 vince
355 814 41 75 of
408 814 154 75 Zealand,
587 814 32 75 in
642 814 56 75 the
714 814 126 75 United
855 814 232 75 Netherlands.

296 861 76 75 The
390 861 53 75 are
460 861 103 75 called
578 861 112 75 North
708 861 63 75 and
788 861 103 75 South
909 861 183 75 Beveland;
1121 861 62 75 and
1194 861 42 75 lie

248 907 142 75 between
425 907 54 75 the
515 907 120 75 ealtern
664 907 62 75 and
755 907 132 75 weltern
923 907 153 75 branches
1113 907 40 75 of
1181 907 56 75 the

253 954 132 75 Scheld.

202 1001 240 75 BEVERLY,
468 1001 18 75 a
501 1001 253 75 borough-town
771 1001 40 75 of
823 1001 184 75 Yorklhire,
1033 1001 97 75 about
1146 1001 92 75 feven

251 1049 89 75 miles
366 1049 96 75 north
488 1049 40 75 of
543 1049 95 75 Hull,
663 1049 32 75 in
724 1049 59 75 12'
806 1049 61 75 W.
885 1049 90 75 long,
1002 1049 62 75 and
1083 1049 40 75 53
1123 1031 24 49 0
1169 1049 62 75 50'

250 1097 48 75 N.
316 1097 59 75 lat.
426 1097 30 75 It
477 1097 91 75 fends
589 1097 66 75 two
672 1097 157 75 members
850 1097 35 75 to
902 1097 200 75 parliament.

202 1142 192 75 BEVILE,
412 1142 33 75 in
462 1142 164 75 heraldry,
647 1142 18 75 a
682 1142 92 75 thing
792 1142 121 75 broken
929 1142 38 75 or
979 1142 136 75 opening
1138 1142 64 75 like
1220 1142 18 75 a

249 1188 194 75 carpenter’s
460 1188 89 75 rule:
575 1188 97 75 Thus
689 1188 48 75 we
754 1188 66 75 fay,
845 1188 40 75 he
909 1188 131 75 beareth
1070 1188 124 75 argent,
1220 1188 18 75 a

251 1234 90 75 chief
353 1234 118 75 bevile,
497 1234 82 75 vert,
605 1234 44 75 by
673 1234 55 75 the
758 1234 91 75 name
878 1234 40 75 of
941 1234 169 75 berverlis.
1177 1234 62 75 See

252 1283 92 75 Plate
362 1283 61 75 LI.
450 1283 56 75 fig.
529 1283 53 75 13.

203 1329 250 75 BEUTHEN,
479 1329 55 75 the
551 1329 90 75 name
658 1329 41 75 of
716 1329 67 75 two
807 1329 103 75 towns
927 1329 33 75 in
978 1329 120 75 Silefia,
1124 1329 61 75 one
1201 1329 40 75 of

251 1376 105 75 which
372 1376 28 75 is
420 1376 125 75 famous
567 1376 52 75 for
643 1376 19 75 a
678 1376 91 75 filver
786 1376 96 75 mine.

202 1421 260 75 BEWDLEY,
488 1421 19 75 a
522 1421 250 75 borough-town
800 1421 40 75 of
862 1421 278 75 Worcellerfitire,
1163 1421 74 75 fitu-

250 1470 74 75 ated
341 1470 40 75 on
399 1470 56 75 the
472 1470 84 75 river
573 1470 133 75 Severn,
732 1470 97 75 about
847 1470 116 75 twelve
980 1470 90 75 miles
1090 1470 96 75 north
1203 1470 41 75 of

250 1515 196 75 Worcefter,
473 1515 31 75 in
523 1515 19 75 2
542 1497 22 49 0
585 1515 61 75 20'
669 1515 62 75 W.
748 1515 88 75 long,
863 1515 63 75 and
947 1515 40 75 52
987 1497 24 49 0
1026 1515 63 75 25'
1112 1515 48 75 N-
1178 1515 11 75 l
1189 1497 34 49 at
1223 1515 13 75 -

250 1563 32 75 It
299 1563 91 75 fends
407 1563 77 75 only
503 1563 60 75 one
580 1563 141 75 member
738 1563 35 75 to
789 1563 200 75 parliament.

203 1610 204 75 BEWITS,
433 1610 32 75 in
493 1610 158 75 falconry,
676 1610 103 75 pieces
804 1610 43 75 of
866 1610 135 75 leather,
1027 1610 35 75 to
1090 1610 106 75 which
1221 1610 19 75 a

252 1657 122 75 hawk’s
391 1657 80 75 bells
488 1657 53 75 are
561 1657 153 75 faftened,
741 1657 62 75 and
819 1657 159 75 buttoned
992 1657 35 75 to
1043 1657 51 75 his
1110 1657 81 75 legs.

204 1702 334 75 BEXOQUILLO,
565 1702 18 75 a
602 1702 92 75 name
713 1702 179 75 fometimes
909 1702 94 75 given
1019 1702 34 75 to
1071 1702 55 75 the
1143 1702 98 75 white

253 1750 223 75 ipecacuanha.

204 1798 107 75 BEY,
337 1798 115 75 among
469 1798 55 75 the
539 1798 126 75 Turks,
691 1798 132 75 fignifies
841 1798 18 75 a
874 1798 158 75 governor
1050 1798 39 75 of
1101 1798 18 75 a
1142 1798 97 75 coun-

252 1844 53 75 try
324 1844 37 75 or
388 1844 101 75 town.
539 1844 78 75 The
632 1844 113 75 Turks
763 1844 92 75 write
872 1844 25 75 it
913 1844 89 75 begh,
1028 1844 36 75 or
1090 1844 67 75 bek,
1183 1844 57 75 but

253 1890 186 75 pronounce
455 1890 26 75 it
498 1890 64 75 bey.

298 1937 86 75 This
403 1937 91 75 word
512 1937 26 75 is
557 1937 206 75 particularly
779 1937 126 75 applied
916 1937 36 75 to
965 1937 18 75 a
994 1937 74 75 lord
1078 1937 41 75 of
1130 1937 19 75 a
1164 1937 76 75 ban-

253 1984 69 75 ner,
348 1984 120 75 whom,
492 1984 33 75 in
542 1984 55 75 the
614 1984 82 75 fame
713 1984 168 75 language,
906 1984 78 75 they
1010 1984 61 75 call
1084 1984 156 75 fangias-

252 2031 55 75 beg
321 2031 40 75 or
372 2031 65 75 bey.
488 2031 109 75 Every
614 2031 149 75 province
780 2031 32 75 in
838 2031 109 75 furky
974 2031 25 75 is
1028 2031 130 75 divided
1174 2031 68 75 into

252 2077 93 75 feven
367 2077 154 75 fangiacs,
546 2077 38 75 or
599 2077 148 75 banners,
772 2077 80 75 each
877 2077 39 75 of
934 2077 105 75 which
1063 2077 142 75 qualifies
1223 2077 20 75 a

252 2124 63 75 bey
330 2124 8 75 ;
366 2124 62 75 and
445 2124 86 75 thefe
548 2124 54 75 are
618 2124 42 75 all
678 2124 209 75 commanded
902 2124 43 75 by
962 2124 55 75 the
1034 2124 158 75 governor
1208 2124 41 75 of

253 2171 55 75 the
325 2171 163 75 province,
515 2171 107 75 whom
639 2171 78 75 they
742 2171 65 75 alfo
824 2171 62 75 call
902 2171 191 75 begler-beg,
1119 2171 70 75 that
1200 2171 41 75 is,

254 2217 73 75 lord
343 2217 40 75 of
394 2217 43 75 all
453 2217 57 75 the
525 2217 100 75 beghs
642 2217 38 75 or
708 2217 77 75 beys
803 2217 39 75 of
864 2217 56 75 the
937 2217 150 75 province
1099 2217 9 75 :
1134 2217 109 75 Thefe

254 2265 78 75 beys
350 2265 53 75 are
419 2265 95 75 much
531 2265 55 75 the
601 2265 85 75 fame
701 2265 34 75 as
753 2265 168 75 bannerets
938 2265 84 75 were
1039 2265 156 75 formerly
1210 2265 33 75 in

256 2310 163 75 England.

208 2359 81 75 Bey
307 2359 44 75 of
358 2359 117 75 Tunis,
500 2359 57 75 the
574 2359 82 75 fame
674 2359 78 75 with
765 2359 56 75 the
838 2359 62 75 dey
923 2359 40 75 of
974 2359 144 75 Algiers,
1143 2359 27 75 is
1188 2359 55 75 the

256 2405 107 75 prince
379 2405 37 75 or
432 2405 78 75 king
526 2405 40 75 of
578 2405 70 75 that
664 2405 166 75 kingdom.

209 2452 209 75 BEYLAN,
437 2452 18 75 a
474 2452 87 75 town
578 2452 40 75 of
631 2452 106 75 Syria,
755 2452 85 75 upon
857 2452 55 75 the
931 2452 77 75 road
1020 2452 84 75 from
1117 2452 129 75 Aleppo

256 2499 35 75 to
307 2499 274 75 Conllantinople.

210 2546 203 75 BEZANS,
447 2546 110 75 cotton
586 2546 119 75 cloths,
732 2546 104 75 which
864 2546 91 75 come
981 2546 84 75 from
1094 2546 148 75 Bengal;

248 2567 7 104 ■
255 2593 87 75 fome
360 2593 53 75 are
430 2593 111 75 white,
567 2593 64 75 and
649 2593 109 75 others
782 2593 138 75 ftripped
944 2593 79 75 with
1047 2593 119 75 feveral
1190 2593 54 75 co-

257 2639 99 75 lours.

215 2686 309 75 BEZANTLER,
550 2686 56 75 the
626 2686 120 75 branch
763 2686 40 75 of
826 2686 19 75 a
859 2686 105 75 deer’s
980 2686 97 75 horns
1095 2686 78 75 next
1189 2686 56 75 be-

258 2732 63 75 low
339 2732 54 75 the
410 2732 220 75 brow-antler.

214 2780 208 75 BEZOAR,
459 2780 31 75 in
518 2780 124 75 natural
671 2780 132 75 hiftory,
839 2780 27 75 is
895 2780 19 75 a
942 2780 89 75 llony
1059 2780 184 75 concretion

260 2827 100 75 found
377 2827 32 75 in
427 2827 54 75 the
504 2827 140 75 ftomach
668 2827 38 75 of
726 2827 118 75 feveral
869 2827 131 75 animals
1026 2827 39 75 of
1085 2827 55 75 the
1168 2827 74 75 goat

259 2874 91 75 kind.
401 2874 30 75 It
444 2874 25 75 is
487 2874 169 75 compofed
679 2874 40 75 of
737 2874 212 75 concentrical
966 2874 87 75 coats
1069 2874 173 75 furround-

258 2919 55 75 ihg
328 2919 77 75 each
423 2919 107 75 other,
547 2919 78 75 with
643 2919 17 75 a
672 2919 89 75 fmall
778 2919 106 75 cavity
896 2919 32 75 in
945 2919 54 75 the
1016 2919 132 75 middle,
1166 2919 75 75 con-

259 2967 121 75 taining
404 2967 18 75 a
446 2967 46 75 bit
516 2967 40 75 of
575 2967 107 75 wood,
709 2967 104 75 Itraw,
838 2967 83 75 hair,
947 2967 39 75 or
1010 2967 55 75 the
1079 2967 66 75 like
1169 2967 71 75 fub-

258 3014 131 75 Eances.
508 3014 6 75 .
577 3014 4 75 .

1372 203 114 75 There
1498 203 53 75 are
1564 203 67 75 two
1643 203 95 75 kinds
1755 203 39 75 of
1806 203 131 75 bezoar.
1980 203 78 75 The
2075 203 76 75 firft,
2169 203 105 75 which
2288 203 26 75 is

1329 250 139 75 brought
1485 250 85 75 from
1587 250 105 75 Perfia
1708 250 63 75 and
1787 250 56 75 the
1865 250 78 75 Eaft
1963 250 121 75 Indies,
2109 250 26 75 is
2161 250 100 75 found
2283 250 33 75 in

1329 297 56 75 the
1398 297 137 75 flomach
1553 297 40 75 of
1611 297 56 75 the
1684 297 94 75 capra
1794 297 203 75 bezoardica,
2023 297 62 75 and
2101 297 156 75 efteemed
2274 297 43 75 by

1331 344 174 75 phyficians
1523 344 34 75 to
1574 344 39 75 be
1630 344 55 75 the
1701 344 77 75 beft.
1821 344 31 75 It
1869 344 27 75 is
1910 344 100 75 called
2028 344 144 75 oriental
2186 344 130 75 bezoar,

1331 391 61 75 and
1409 391 26 75 is
1451 391 41 75 of
1503 391 19 75 a
1537 391 121 75 fhining
1673 391 194 75 dark-green
1884 391 37 75 or
1936 391 225 75 olive-colour,
2180 391 62 75 arid
2259 391 57 75 has

1333 438 37 75 an
1388 438 78 75 even
1483 438 126 75 fmooth
1627 438 135 75 furface.
1811 438 56 75 On
1884 438 163 75 removing
2058 438 57 75 the
2127 438 92 75 outer
2231 438 85 75 coat,

1334 484 70 75 that
1427 484 105 75 which
1554 484 58 75 lies
1628 484 198 75 underneath
1843 484 26 75 is
1887 484 138 75 likewife
2039 484 125 75 fmooth
2181 484 63 75 and
2257 484 60 75 Ihi-

1335 530 86 75 ning.
1471 530 30 75 It
1519 530 26 75 is
1562 530 162 75 generally
1741 530 60 75 lefs
1814 530 77 75 than
1906 530 18 75 a
1934 530 133 75 walnut.

1381 578 77 75 The
1487 578 116 75 fecond
1637 578 91 75 kind,
1769 578 104 75 called
1905 578 179 75 occidental
2121 578 128 75 bezoar,
2290 578 27 75 is

1335 623 139 75 brought
1491 623 84 75 from
1591 623 55 75 the
1672 623 131 75 Spanilh
1829 623 92 75 Weft
1945 623 121 75 Indies,
2092 623 55 75 has
2171 623 19 75 a
2215 623 104 75 rough

1335 671 135 75 furfftce,
1496 671 63 75 and
1574 671 60 75 lefs
1651 671 40 75 of
1711 671 18 75 a
1745 671 95 75 green
1858 671 111 75 colour
1986 671 78 75 than
2089 671 55 75 the
2167 671 150 75 oriental.

1334 717 32 75 It
1388 717 27 75 is
1441 717 139 75 likewife
1604 717 96 75 much
1722 717 140 75 heavier,
1888 717 89 75 more
1999 717 123 75 brittle,
2148 717 62 75 and
2238 717 39 75 of
2300 717 19 75 a

1332 764 103 75 loofer
1455 764 150 75 texture;
1632 764 56 75 the
1705 764 88 75 coats
1811 764 53 75 are
1881 764 139 75 thicker,
2045 764 74 75 and,
2145 764 41 75 on
2204 764 114 75 break-

1334 810 64 75 ing,
1424 810 141 75 exhibits
1583 810 19 75 a
1619 810 132 75 mynber
1767 810 40 75 of
1825 810 80 75 ftrise
1929 810 157 75 curioufly
2108 810 208 75 interwoven.

1333 858 76 75 The
1426 858 178 75 occidental
1621 858 25 75 is
1664 858 161 75 generally
1845 858 106 75 larger
1967 858 77 75 than
2061 858 18 75 a
2100 858 130 75 walnut,
2256 858 64 75 and

1334 904 179 75 fometimes
1530 904 34 75 as
1581 904 55 75 big
1649 904 32 75 as
1700 904 18 75 a
1735 904 184 75 goofe-egg.

1381 951 75 75 The
1472 951 91 75 great
1578 951 91 75 value
1687 951 39 75 of
1738 951 65 75 this
1816 951 86 75 ftone
1919 951 31 75 in
1968 951 106 75 Perfia
2085 951 62 75 and
2160 951 55 75 the
2227 951 90 75 Eaft,

1335 997 60 75 and
1413 997 56 75 the
1486 997 84 75 little
1586 997 52 75 ufe
1655 997 26 75 it
1698 997 26 75 is
1742 997 98 75 found
1858 997 35 75 to
1915 997 37 75 be
1975 997 40 75 of
2033 997 32 75 in
2090 997 144 75 Europe,
2260 997 58 75 has

1335 1045 92 75 made
1443 1045 95 75 many
1551 1045 118 75 fufpedt
1685 1045 71 75 that
1774 1045 54 75 the
1840 1045 71 75 true
1927 1045 78 75 kind
2021 1045 27 75 is
2066 1045 95 75 never
2178 1045 141 75 brought

1335 1091 35 75 to
1387 1091 49 75 us.
1485 1091 103 75 Many
1605 1091 45 75 of
1669 1091 88 75 them
1782 1091 53 75 are
1851 1091 116 75 indeed
1982 1091 162 75 evidently
2161 1091 92 75 made
2276 1091 44 75 by

1312 1138 4 75 .
1334 1138 63 75 art.
1444 1138 77 75 The
1534 1138 86 75 ufual
1634 1138 91 75 mark
1742 1138 34 75 to
1794 1138 181 75 diftinguilh
1987 1138 42 75 its
2046 1138 95 75 being
2153 1138 40 75 of
2204 1138 19 75 a
2234 1138 86 75 good

1335 1184 138 75 quality,
1498 1184 26 75 is
1553 1184 41 75 its
1621 1184 130 75 ftriking
1776 1184 17 75 a
1815 1184 82 75 deep
1922 1184 96 75 green
2035 1184 112 75 colour
2163 1184 42 75 on
2222 1184 97 75 white

1334 1230 96 75 paper
1445 1230 72 75 that
1540 1230 56 75 has
1613 1230 79 75 been
1710 1230 121 75 rubbed
1849 1230 77 75 with
1944 1230 108 75 chalk.
2101 1230 67 75 But
2185 1230 26 75 it
2234 1230 27 75 is
2285 1230 42 75 of

1333 1278 85 75 little
1434 1278 197 75 importance
1655 1278 35 75 to
1713 1278 55 75 fay
1792 1278 95 75 much
1910 1278 41 75 on
1975 1278 64 75 this
2062 1278 133 75 fubjeft.
2243 1278 78 75 The

1334 1324 85 75 ftone
1435 1324 27 75 is
1480 1324 135 75 nothing
1630 1324 88 75 more
1735 1324 77 75 than
1825 1324 18 75 a
1859 1324 127 75 morbid
2001 1324 197 75 concretion,
2223 1324 94 75 much

1335 1371 39 75 of
1393 1371 55 75 the
1471 1371 84 75 fame
1581 1371 111 75 nature
1720 1371 78 75 with
1824 1371 55 75 the
1902 1371 118 75 human
2040 1371 153 75 calculus,
2218 1371 40 75 of
2277 1371 41 75 no

1335 1417 88 75 fmell
1440 1417 37 75 or
1490 1417 88 75 tafte,
1604 1417 195 75 indigeftible
1813 1417 31 75 in
1862 1417 55 75 the
1933 1417 140 75 ftomach
2086 1417 38 75 of
2137 1417 55 75 the
2204 1417 116 75 animal

1336 1464 30 75 in
1384 1464 105 75 which
1506 1464 25 75 it
1548 1464 26 75 is
1591 1464 112 75 found,
1729 1464 61 75 and
1807 1464 104 75 fcarce
1928 1464 63 75 cap'
1991 1464 66 75 able
2069 1464 40 75 of
2120 1464 93 75 being
2230 1464 90 75 adled

1336 1511 83 75 upon
1444 1511 43 75 by
1503 1511 62 75 any
1582 1511 40 75 of
1641 1511 55 75 the
1714 1511 103 75 juices
1840 1511 41 75 of
1899 1511 56 75 the
1970 1511 116 75 human
2104 1511 87 75 body
2205 1511 10 75 ;
2243 1511 75 75 and,

1335 1556 279 75 notwithftanding
1626 1556 40 75 its
1684 1556 96 75 many
1795 1556 129 75 boafted
1940 1556 133 75 virtues,
2098 1556 26 75 it
2140 1556 116 75 cannot
2280 1556 39 75 be

1337 1604 181 75 confidered
1533 1604 31 75 in
1589 1604 61 75 any
1667 1604 94 75 other
1776 1604 83 75 light
1882 1604 77 75 than
1977 1604 32 75 as
2033 1604 39 75 an
2097 1604 167 75 abforbent
2285 1604 41 75 of

1336 1651 55 75 the
1412 1651 133 75 weakeft
1565 1651 105 75 kind..
1720 1651 175 75 However,
1920 1651 131 75 bezoar,
2076 1651 40 75 on
2134 1651 135 75 account
2285 1651 41 75 of

1337 1698 40 75 its
1395 1698 77 75 high
1489 1698 99 75 price,
1614 1698 31 75 if
1663 1698 26 75 it
1704 1698 104 75 ferves
1825 1698 43 75 no
1890 1698 93 75 other
2008 1698 143 75 purpofe,
2177 1698 27 75 is
2221 1698 40 75 of
2279 1698 40 75 an

1337 1744 160 75 excellent
1519 1744 53 75 ufe
1587 1744 32 75 in
1632 1744 55 75 the
1705 1744 216 75 apothecaries
1937 1744 71 75 bill.

1289 1792 296 75 BEZOARDIC,
1611 1792 39 75 an
1667 1792 191 75 appellation
1882 1792 92 75 given
1999 1792 36 75 to
2059 1792 163 75 whatever
2245 1792 72 75 par-

1336 1838 92 75 takes
1439 1838 41 75 of
1499 1838 55 75 the
1571 1838 111 75 nature
1698 1838 40 75 of
1756 1838 140 75 bezoar;
1923 1838 64 75 alfo
2003 1838 36 75 to
2055 1838 180 75 compound
2252 1838 66 75 me-

1337 1885 120 75 dicines
1474 1885 149 75 whereof
1643 1885 119 75 bezoar
1778 1885 107 75 makes
1898 1885 39 75 an
1954 1885 190 75 ingredient.

1289 1932 95 75 BIA,
1418 1932 31 75 in
1475 1932 188 75 commerce,
1693 1932 20 75 a
1736 1932 91 75 name
1851 1932 92 75 given
1968 1932 45 75 by
2036 1932 55 75 the
2118 1932 138 75 Siamefe
2282 1932 37 75 to

1337 1977 88 75 thofe
1445 1977 88 75 fmall
1550 1977 92 75 Ihells
1659 1977 105 75 which
1782 1977 53 75 are
1852 1977 103 75 called
1971 1977 132 75 cowries
2120 1977 200 75 throughout

1337 2024 109 75 almoft
1469 2024 43 75 all
1536 2024 55 75 the
1616 2024 95 75 other
1732 2024 89 75 parts
1846 2024 38 75 of
1904 2024 55 75 the
1984 2024 76 75 Eaft
2086 2024 120 75 Indies.
2256 2024 64 75 See

1336 2070 182 75 Cowries.

1290 2118 191 75 BIAFAR,
1507 2118 18 75 a
1548 2118 154 75 kingdom
1727 2118 40 75 of
1784 2118 116 75 Africa
1923 2118 33 75 in
1980 2118 340 75 Negritia,-bounded

1338 2165 40 75 on
1396 2165 54 75 the
1467 2165 93 75 Weft
1577 2165 42 75 by
1637 2165 22 75 tl
1707 2165 154 75 kingdom
1877 2165 40 75 of
1935 2165 116 75 Benin,
2077 2165 41 75 on
2143 2165 55 75 the
2223 2165 95 75 north

1338 2212 43 75 by
1397 2212 72 75 that
1485 2212 38 75 of
1544 2212 131 75 Medra,
1701 2212 63 75 and
1779 2212 41 75 on
1844 2212 55 75 the
1915 2212 63 75 eaft
2001 2212 62 75 and
2088 2212 94 75 fouth
2205 2212 43 75 by
2264 2212 56 75 the

1337 2258 153 75 kingdom
1507 2258 40 75 of
1566 2258 127 75 Mujac.

1290 2304 340 75 BIALOGOROD,
1656 2304 19 75 a
1690 2304 87 75 town
1795 2304 39 75 of
1846 2304 193 75 Befiarabia,
2064 2304 86 75 upon
2167 2304 54 75 the
2238 2304 80 75 Nie-

1339 2351 71 75 fter.
1460 2351 32 75 It
1516 2351 27 75 is
1566 2351 139 75 likewife
1732 2351 104 75 called
1859 2351 187 75 Akerman;
2072 2351 44 75 E.
2141 2351 87 75 long.
2256 2351 42 75 32
2298 2333 20 49 0

1312 2399 3 75 •
1340 2399 67 75 20,
1432 2399 48 75 N.
1499 2399 59 75 lat.
1579 2399 65 75 46°
1665 2399 44 75 24
1709 2381 10 49 /
1719 2399 13 75 .

1290 2444 340 75 BIALGRODKO,
1656 2444 55 75 the
1728 2444 116 75 capital
1867 2444 40 75 of
1925 2444 56 75 the
2002 2444 158 75 Ukraine,
2186 2444 134 75 fituated

1339 2491 83 75 upon
1439 2491 55 75 the
1511 2491 85 75 river
1608 2491 117 75 Pnetz.

1291 2538 165 75 BIARU,
1481 2538 20 75 a
1520 2538 77 75 cape
1619 2538 41 75 on
1678 2538 55 75 the
1755 2538 178 75 north-eaft
1949 2538 71 75 part
2036 2538 39 75 of
2094 2538 55 75 the
2164 2538 98 75 ifland
2283 2538 43 75 of

1339 2583 168 75 Macaflar,
1533 2583 33 75 in
1583 2583 55 75 the
1655 2583 113 75 Indian
1777 2583 128 75 Ocean.

1291 2632 120 75 BIAS,
1436 2632 39 75 or
1490 2632 124 75 Biass,
1639 2632 31 75 in
1689 2632 18 75 a
1729 2632 127 75 general
1874 2632 96 75 fenfe,
1995 2632 56 75 the
2074 2632 184 75 inclination
2282 2632 38 75 or

1338 2679 75 75 bent
1429 2679 41 75 of
1487 2679 19 75 a
1524 2679 140 75 perfon’s
1681 2679 87 75 mind
1792 2679 34 75 to
1849 2679 61 75 one
1932 2679 92 75 thing
2046 2679 88 75 more
2163 2679 76 75 than
2264 2679 54 75 an-

1337 2725 106 75 other.
1491 2725 32 75 It
1541 2725 64 75 alfo
1627 2725 133 75 fignifies
1776 2725 56 75 the
1848 2725 72 75 lead
1936 2725 37 75 or
1996 2725 119 75 weight
2138 2725 56 75 put
2211 2725 68 75 into
2302 2725 19 75 a

1337 2771 98 75 bowl,
1460 2771 72 75 that
1548 2771 104 75 draws
1668 2771 37 75 or
1721 2771 89 75 turns
1828 2771 55 75 the
1899 2771 109 75 courfe
2022 2771 42 75 of
2082 2771 26 75 it
2125 2771 61 75 any
2197 2771 69 75 way
2284 2771 36 75 to

1338 2818 105 75 which
1457 2818 53 75 the
1527 2818 68 75 bias
1612 2818 106 75 looks.

1289 2863 323 75 BIATHANATI,
1638 2863 55 75 the
1710 2863 82 75 fame
1810 2863 77 75 with
1906 2863 145 75 filicides,
2077 2863 37 75 or
2120 2863 88 75 felos
2222 2863 38 75 de
2266 2863 51 75 fe.

1288 2910 319 75 BIBERSBERG,
1644 2910 19 75 a
1690 2910 86 75 town
1804 2910 41 75 of
1862 2910 114 75 Upper
2004 2910 169 75 Hungary,
2208 2910 111 75 fifteen

1337 2958 89 75 miles
1451 2958 95 75 north
1570 2958 40 75 of
1629 2958 178 75 Freiburg;
1834 2958 44 75 E.
1895 2958 90 75 long.
2008 2958 39 75 17
2047 2940 24 49 0
2093 2958 67 75 30',
2186 2958 61 75 and
2269 2958 48 75 N,
