2397 3387
168 184 87 75 570

718 184 35 75 B
843 184 33 75 L
963 184 33 75 E
1087 184 41 75 A
1217 184 11 75 <

163 246 215 75 vitriol-fours
402 246 42 75 do
469 246 25 75 it
522 246 30 75 in
571 246 32 75 as
620 246 96 75 many
743 246 98 75 hours
856 246 7 75 ;
906 246 74 75 nay,
1006 246 134 75 perhaps
1165 246 33 75 as

165 290 95 75 many
277 290 136 75 minutes
449 290 8 75 '
476 290 106 75 Their
596 290 143 75 junction
757 290 149 75 with.the
918 290 168 75 abfdrbent
1103 290 99 75 parti-

167 338 64 75 cles
247 338 32 75 in
300 338 160 75 the'cloth
478 338 79 75 muft
575 338 38 75 be
630 338 195 75 immediate,
852 338 166 75 whenever
1031 338 87 75 thefe
1132 338 71 75 acid

164 382 148 75 particles
329 382 90 75 enter
430 382 80 75 with
528 382 54 75 the
601 382 113 75 water.
763 382 54 75 An
847 382 234 75 unanfwerable
1109 382 100 75 proof

165 424 71 75 that
255 424 53 75 the
326 424 62 75 fadt
405 424 25 75 is
447 424 47 75 fo,
521 424 93 75 arifes
640 424 85 75 from
753 424 55 75 the
833 424 239 75 circumftances
1096 424 107 75 which

165 475 124 75 happen
307 475 93 75 when
418 475 55 75 the
492 475 87 75 cloth
596 475 26 75 is
640 475 64 75 firft
722 475 124 75 fteeped
863 475 31 75 in
912 475 55 75 the
983 475 219 75 vitriol-four;

165 522 56 75 the
240 522 88 75 cloth
346 522 56 75 has
420 522 42 75 no
478 522 111 75 fooner
612 522 142 75 imbibed
782 522 56 75 the
859 522 70 75 acid
950 522 107 75 liquor
1085 522 75 75 than
1179 522 25 75 it

164 568 82 75 lofes
264 568 41 75 all
323 568 132 75 acidity,
482 568 61 75 and
565 568 147 75 becomes
729 568 216 75 immediately
964 568 93 75 vapid
1119 568 85 75 ’This

166 615 93 75 effedi
276 615 39 75 of
329 615 108 75 vitriol
456 615 87 75 fours
567 615 80 75 mull
674 615 39 75 be
731 615 39 75 of
782 615 89 75 great
888 615 175 75 advantage
1091 615 31 75 in
1150 615 55 75 the

165 662 33 75 bl
220 662 147 75 achfield,
387 662 32 75 as
437 662 55 75 the
509 662 163 75 bleachers
690 662 53 75 are
760 662 33 75 at
810 662 123 75 prefent
949 662 155 75 hindered
1122 662 85 75 from

168 708 152 75 enjoying
352 708 55 75 the
439 708 106 75 feafan
569 708 42 75 by
629 708 55 75 the
718 708 192 75 tedioufnefs
934 708 39 75 of
996 708 55 75 the
1079 708 128 75 fouring

166 755 140 75 procefs.
366 755 76 75 The
471 755 105 75 whole
601 755 104 75 round
732 755 40 75 of
794 755 181 75 operations
1001 755 90 75 takes
1117 755 90 75 feven

166 801 100 75 days;
294 801 35 75 to
346 801 118 75 anfwer
492 801 106 75 which
624 801 79 75 they
730 801 80 75 muft
837 801 80 75 have
945 801 92 75 feven
1071 801 135 75 parcels,

167 848 108 75 which
292 848 53 75 are
367 848 89 75 often
477 848 124 75 mixing
619 848 162 75 together,
808 848 61 75 and
894 848 124 75 caufing
1046 848 160 75 miftakes.

167 895 50 75 As
234 895 93 75 three
342 895 93 75 days,
461 895 32 75 at
510 895 91 75 moft,
626 895 67 75 will
705 895 40 75 be
763 895 154 75 fufficient
934 895 51 75 for
1003 895 42 75 all
1062 895 55 75 the
1130 895 75 75 ope-

168 941 120 75 rations
306 941 91 75 when
415 941 218 75 vitriol-fours
651 941 53 75 are
721 941 88 75 ufed,
827 941 91 75 there
933 941 66 75 will
1012 941 39 75 be
1063 941 42 75 no
1118 941 89 75 more

168 988 79 75 than
266 988 90 75 three
385 988 135 75 parcels,
569 988 76 75 'fhe
662 988 88 75 cloth
780 988 65 75 will
874 988 39 75 be
941 988 78 75 kept
1044 988 18 75 a
1087 988 121 75 Ihorter

170 1036 78 75 time
265 1036 32 75 in
313 1036 56 75 the
387 1036 201 75 bleachfield,
615 1036 61 75 and
694 1036 102 75 arrive
812 1036 112 75 fooner
942 1036 32 75 at
991 1036 136 75 market.

168 1081 5 75 •
216 1081 78 75 The
312 1081 183 75 milk-fours
513 1081 53 75 are
583 1081 78 75 very
673 1081 89 75 dear,
780 1081 63 75 and
859 1081 89 75 often
965 1081 137 75 difficult
1118 1081 35 75 to
1169 1081 40 75 be

171 1128 75 75 got:
276 1128 56 75 but
352 1128 54 75 the
430 1128 108 75 vitriol
555 1128 53 75 are
624 1128 113 75 cheap,
763 1128 73 75 may
859 1128 40 75 be
928 1128 92 75 eafily
1038 1128 170 75 procured,

168 1174 64 75 and
250 1174 31 75 at
301 1174 60 75 any
380 1174 90 75 time.

218 1221 113 75 There
348 1221 26 75 is
402 1221 55 75 yet
484 1221 134 75 another
646 1221 175 75 advantage
837 1221 31 75 in
885 1221 56 75 the
958 1221 53 75 ufe
1028 1221 39 75 of
1086 1221 122 75 vitriol,

170 1267 65 75 and
251 1267 70 75 that
338 1267 26 75 is
381 1267 41 75 its
441 1267 107 75 power
576 1267 39 75 of
628 1267 174 75 whitening
829 1267 102 75 cloth.
981 1267 91 75 Even
1089 1267 32 75 in
1146 1267 64 75 this

172 1314 125 75 diluted
313 1314 91 75 ftate,
428 1314 41 75 its
487 1314 174 75 whitening
689 1314 108 75 power
824 1314 27 75 is
880 1314 77 75 very
982 1314 227 75 confiderable.

173 1361 67 75 We
256 1361 81 75 have
354 1361 131 75 already
501 1361 83 75 feen,
610 1361 70 75 that
698 1361 25 75 it
751 1361 144 75 removes
912 1361 56 75 the
984 1361 83 75 fame
1084 1361 127 75 cblour-

172 1405 55 75 ing
245 1405 161 75 particles,
433 1405 104 75 which
566 1405 56 75 the
650 1405 138 75 alkaline
815 1405 68 75 lyes
901 1405 55 75 do.
1005 1405 105 75 What
1129 1405 38 75 of
1187 1405 25 75 it

173 1454 75 75 then
267 1454 149 75 remains,
441 1454 84 75 after
551 1454 55 75 the
634 1454 137 75 alkaline
788 1454 62 75 and
879 1454 167 75 abforbent
1063 1454 149 75 particles

174 1501 56 75 are
247 1501 197 75 neutralized
462 1501 31 75 in
511 1501 56 75 the
584 1501 103 75 cloth,
713 1501 79 75 muft
821 1501 49 75 adt
886 1501 41 75 on
943 1501 91 75 thefe
1047 1501 166 75 colouring

173 1547 164 75 particles,
364 1547 61 75 and
453 1547 74 75 help
555 1547 35 75 to
619 1547 117 75 whiten
765 1547 55 75 the
849 1547 101 75 cloth.
997 1547 92 75 That
1106 1547 63 75 this
1187 1547 25 75 is

175 1594 99 75 really
295 1594 54 75 the
377 1594 80 75 cafe,
484 1594 130 75 appears
643 1594 82 75 from
755 1594 55 75 the
839 1594 165 75 following
1032 1594 75 75 fadh
1156 1594 59 75 Mr

176 1640 149 75 Chryftie
342 1640 94 75 being
453 1640 129 75 obliged
609 1640 34 75 to
672 1640 94 75 chufe
794 1640 123 75 twenty
944 1640 39 75 of
1006 1640 56 75 the
1089 1640 126 75 whiteft

175 1688 105 75 pieces
298 1688 56 75 out
370 1688 40 75 of
431 1688 19 75 a
465 1688 157 75 hundred,
647 1688 61 75 five
733 1688 39 75 of
794 1688 56 75 the
877 1688 121 75 twenty
1018 1688 84 75 were
1118 1688 97 75 taken

176 1734 57 75 out
250 1734 41 75 of
308 1734 91 75 feven
418 1734 104 75 pieces
540 1734 104 75 which
661 1734 85 75 were
770 1734 155 75 bleached
949 1734 79 75 with
1046 1734 120 75 vitriol.

226 1780 98 75 From
341 1780 80 75 both
445 1780 188 75 experience
658 1780 62 75 and
744 1780 122 75 reafon,
891 1780 25 75 it
938 1780 144 75 appears,
1099 1780 72 75 that
1192 1780 27 75 it

176 1827 110 75 would
302 1827 40 75 be
359 1827 51 75 for
427 1827 55 75 the
500 1827 176 75 advantage
701 1827 38 75 of
763 1827 59 75 our
838 1827 319 75 linen-manufadture
1181 1827 35 75 to

180 1874 53 75 ufe
253 1874 105 75 vitriol
375 1874 32 75 in
424 1874 88 75 place
525 1874 39 75 of
577 1874 199 75 milk-fours.

180 1975 311 75 Hand-rubbing'
512 1975 84 75 <nvith
625 1975 84 75 Soap
739 1975 71 75 and
829 1975 111 75 Warm
967 1975 124 75 Water,
1115 1975 101 75 Rub-

278 2022 277 75 bing-boards*,
582 2022 249 75 Starching,
938 2022 172 75 Bluing.

229 2099 134 75 After
381 2099 56 75 the
454 2099 89 75 cloth
560 2099 109 75 comes
684 2099 84 75 from
781 2099 55 75 the
856 2099 139 75 fouring,
1013 2099 26 75 it
1055 2099 163 75 ffiouldbe

181 2151 73 75 well
272 2151 123 75 waflied
412 2151 31 75 in
461 2151 55 75 the
533 2151 236 75 waihing-mill,
794 2151 36 75 to
847 2151 74 75 take
945 2151 51 75 off
1016 2151 42 75 all
1075 2151 55 75 the
1148 2151 71 75 acid

184 2196 150 75 particles
351 2196 104 75 which
469 2196 118 75 adhere
604 2196 34 75 to
656 2196 40 75 its
718 2196 137 75 furface.
907 2196 56 75 All
980 2196 87 75 acids
1090 2196 128 75 decom-

182 2243 75 75 pofe
274 2243 85 75 foap,
384 2243 44 75 by
448 2243 176 75 feparating
641 2243 54 75 the
713 2243 136 75 alkaline
864 2243 78 75 fairs
964 2243 62 75 and
1049 2243 67 75 oily
1131 2243 87 75 parts

184 2290 83 75 from
285 2290 60 75 one
362 2290 146 75 another.
558 2290 103 75 Were
681 2290 66 75 this
762 2290 36 75 to
813 2290 125 75 happen
965 2290 41 75 on
1024 2290 55 75 the
1095 2290 124 75 furface

184 2337 39 75 of
235 2337 55 75 the
303 2337 101 75 cloth,
429 2337 56 75 the
502 2337 43 75 oil
563 2337 111 75 would
687 2337 119 75 remain
818 2337 10 75 ;
855 2337 58 75 nor
927 2337 107 75 would
1050 2337 55 75 the
1121 2337 98 75 wafii-

184 2383 140 75 ing-mill
342 2383 188 75 afterwards
547 2383 40 75 be
611 2383 70 75 able
697 2383 40 75 to
751 2383 91 75 carry
858 2383 27 75 it
901 2383 59 75 off.

235 2429 96 75 From
348 2429 55 75 the
420 2429 222 75 waffiing-mill
661 2429 55 75 the
733 2429 61 75 fine
811 2429 87 75 cloth
923 2429 27 75 is
967 2429 124 75 carried
1119 2429 35 75 to
1181 2429 40 75 be

185 2476 125 75 rubbed
326 2476 44 75 by
386 2476 143 75 womens
543 2476 113 75 hands,
682 2476 79 75 with
773 2476 75 75 foap
865 2476 62 75 and
944 2476 112 75 water.
1105 2476 49 75 As
1167 2476 55 75 the

186 2523 139 75 liquors,
350 2523 105 75 which
479 2523 52 75 are
544 2523 162 75 generally
731 2523 170 75 employed
927 2523 51 75 for
1006 2523 138 75 fouring,
1169 2523 52 75 are

188 2568 218 75 impregnated
434 2568 80 75 with
541 2568 66 75 oily
634 2568 163 75 particles,
833 2568 96 75 many
960 2568 40 75 of
1029 2568 87 75 thefe
1143 2568 80 75 muft

190 2617 94 75 lodge
301 2617 31 75 in
350 2617 55 75 the
422 2617 101 75 cloth,
548 2617 61 75 and
626 2617 131 75 remain,
782 2617 281 75 notwithftanding
1081 2617 54 75 the
1152 2617 71 75 pre-

192 2662 113 75 ceding
322 2662 138 75 milling.
508 2662 31 75 It
567 2662 27 75 is
621 2662 165 75 probable,
816 2662 70 75 that
914 2662 41 75 all
972 2662 55 75 the
1043 2662 104 75 heavy
1163 2662 60 75 oils

191 2710 53 75 are
260 2710 56 75 not
333 2710 192 75 evaporated
541 2710 43 75 by
601 2710 180 75 bleaching.
831 2710 111 75 Hence
958 2710 26 75 it
1005 2710 147 75 becomes
1169 2710 53 75 ne-

190 2756 118 75 ceffary
328 2756 34 75 to
380 2756 93 75 apply
490 2756 73 75 foap
582 2756 62 75 and
656 2756 98 75 warm
771 2756 113 75 water,
901 2756 112 75 .which
1032 2756 87 75 unite
1132 2756 90 75 with,

191 2803 142 75 diffolve,
359 2803 62 75 and
437 2803 91 75 carry
542 2803 87 75 them
646 2803 58 75 off.
755 2803 30 75 It
802 2803 27 75 is
847 2803 164 75 obferved,
1037 2803 70 75 that
1120 2803 31 75 if
1169 2803 55 75 the

192 2849 102 75 cloth,
319 2849 93 75 when
429 2849 26 75 it
470 2849 26 75 is
521 2849 108 75 pretty
644 2849 111 75 white,
780 2849 69 75 gets
869 2849 56 75 too
946 2849 94 75 much
1057 2849 87 75 foap,
1169 2849 55 75 the

192 2895 168 75 following
375 2895 169 75 bleaching
556 2895 26 75 is
596 2895 53 75 apt
666 2895 34 75 to
717 2895 92 75 make
825 2895 25 75 it
869 2895 137 75 yellow;
1032 2895 41 75 on
1090 2895 70 75 tliat
1169 2895 55 75 ac-

191 2942 97 75 count
304 2942 78 75 they
398 2942 89 75 often
505 2942 101 75 wring
622 2942 57 75 out
695 2942 55 75 the
766 2942 88 75 foap.

239 2988 32 75 It
291 2988 27 75 is
336 2988 17 75 a
370 2988 116 75 matter
513 2988 106 75 worth
642 2988 161 75 inquiring
826 2988 81 75 into,
932 2988 146 75 whether
1090 2988 82 75 hard
1189 2988 37 75 or

190 3035 63 75 fiifx
270 3035 73 75 idap
359 3035 26 75 is
403 3035 64 75 heft
483 3035 52 75 for
552 3035 100 75 cloth.
713 3035 88 75 Moft
826 3035 170 75 bleachers,
1018 3035 105 75 agree,
1155 3035 71 75 that

1234 175 17 75 :
1338 175 43 75 H
1466 175 18 75 I
1570 175 44 75 N
1701 175 53 75 G.

1247 238 80 75 hard
1344 238 73 75 foap
1430 238 26 75 is
1473 238 50 75 apt
1542 238 35 75 to
1592 238 90 75 leave
1700 238 18 75 a
1733 238 188 75 yellownefs
1939 238 31 75 in
1988 238 54 75 the
2060 238 102 75 cloth.
2212 238 31 75 It
2256 238 26 75 is

1250 284 78 75 faid,
1354 284 71 75 that
1441 284 55 75 the
1516 284 52 75 ufe
1585 284 39 75 of
1636 284 80 75 hard
1735 284 72 75 ioap
1824 284 26 75 is
1868 284 186 75 difcharged
2073 284 30 75 in
2129 284 158 75 Holland.

1253 330 48 75 As
1319 330 89 75 there
1437 330 80 75 muft
1535 330 38 75 be
1591 330 17 75 a
1625 330 211 75 confiderable
1866 330 150 75 quantity
2043 330 41 75 of
2106 330 127 75 fea-falt
2256 330 32 75 in

1252 377 64 75 this
1337 377 90 75 kind,
1453 377 106 75 which
1584 377 26 75 is
1628 377 57 75 not
1700 377 32 75 in
1750 377 55 75 the
1821 377 74 75 foft,
1921 377 62 75 and
2007 377 33 75 as
2067 377 65 75 this
2152 377 59 75 fait
2235 377 54 75 ap-

1253 424 90 75 pears
1361 424 186 75 prejudicial
1564 424 34 75 to
1614 424 101 75 cloth,
1741 424 54 75 the
1812 424 64 75 foft
1891 424 77 75 foap
1985 424 102 75 ought
2104 424 35 75 to
2162 424 39 75 be
2219 424 81 75 pre-,

1256 470 120 75 ferred.

1300 517 76 75 The
1393 517 220 75 management
1628 517 40 75 of
1679 517 54 75 the
1750 517 106 75 coarfe
1876 517 88 75 cloth
1984 517 26 75 is
2027 517 78 75 very
2124 517 165 75 different,

1254 563 31 75 in
1311 563 63 75 this
1395 563 177 75 operation,
1598 563 84 75 from
1711 563 71 75 fine.
1834 563 125 75 Inftead
1987 563 40 75 of
2049 563 94 75 being
2168 563 123 75 rubbed

1256 610 77 75 with
1350 610 115 75 hands,
1491 610 106 75 which
1614 610 108 75 would
1739 610 39 75 be
1798 610 57 75 too
1872 610 178 75 expenfive,
2076 610 24 75 it
2118 610 24 75 is
2167 610 65 75 laid
2248 610 42 75 on

1256 656 18 75 a
1290 656 98 75 table,
1414 656 58 75 run
1489 656 77 75 over
1582 656 80 75 with
1679 656 86 75 foap,
1792 656 61 75 and
1881 656 76 75 then
1987 656 56 75 put
2071 656 137 75 betwixt
2236 656 55 75 the

1258 704 280 75 rubbing-boards,
1565 704 105 75 which
1688 704 80 75 have
1781 704 105 75 ridges
1900 704 62 75 and
1978 704 135 75 grooves
2131 704 81 75 from
2233 704 60 75 one

1257 750 61 75 fide
1343 750 35 75 to
1402 750 147 75 another,
1576 750 65 75 like
1670 750 101 75 teeth.
1819 750 109 75 Thefe
1951 750 116 75 boards
2093 750 81 75 have
2200 750 94 75 fmali

1255 797 109 75 ledges
1382 797 36 75 to
1433 797 81 75 keep
1531 797 31 75 in
1586 797 55 75 the
1659 797 74 75 foap
1759 797 63 75 and
1849 797 112 75 water,
1988 797 106 75 which
2122 797 87 75 faves
2236 797 58 75 the

1257 843 102 75 clqth.
1406 843 98 75 They
1528 843 54 75 are
1607 843 116 75 moved
1749 843 42 75 by
1815 843 113 75 hands,
1954 843 38 75 or
2017 843 19 75 a
2062 843 134 75 water-v.
2207 843 85 75 heel,

1257 890 106 75 which
1380 890 26 75 is
1423 890 89 75 more
1529 890 94 75 equal
1641 890 62 75 and
1719 890 147 75 cheaper.
1915 890 76 75 The
2019 890 88 75 cloth
2124 890 26 75 is
2168 890 123 75 drawn,

1257 936 43 75 by
1317 936 145 75 degrees,
1487 936 141 75 through
1653 936 55 75 the
1733 936 127 75 boards,
1894 936 41 75 by
1961 936 71 75 men
2061 936 74 75 who
2158 936 111 75 attend
2278 936 12 75 j

1257 982 48 75 or,
1332 982 104 75 which
1461 982 27 75 is
1513 982 88 75 more
1619 982 94 75 equal
1739 982 61 75 and
1817 982 145 75 cheaper,
1989 982 55 75 the
2072 982 83 75 fame
2179 982 113 75 water-

1259 1030 100 75 wheel
1377 1030 108 75 moves
1502 1030 66 75 two
1587 1030 126 75 rollers,
1739 1030 78 75 with
1835 1030 89 75 ridge
1941 1030 61 75 and
2020 1030 131 75 groove,
2176 1030 33 75 fo
2222 1030 72 75 that

1258 1077 55 75 the
1331 1077 119 75 former
1471 1077 107 75 enters
1602 1077 56 75 the
1679 1077 108 75 latter,
1814 1077 74 75 and,
1921 1077 42 75 by
1989 1077 18 75 a
2035 1077 105 75 gentle
2169 1077 124 75 motion

1259 1123 102 75 roond
1377 1123 84 75 their
1483 1123 73 75 own
1573 1123 83 75 axis,
1683 1123 66 75 pull
1775 1123 54 75 the
1858 1123 88 75 cloth
1971 1123 165 75 gradually
2153 1123 140 75 through

1261 1170 53 75 the
1331 1170 129 75 boards.

1304 1216 84 75 This
1406 1216 68 75 mill
1491 1216 65 75 was
1579 1216 150 75 invented
1757 1216 31 75 in
1811 1216 130 75 Ireland
1957 1216 97 75 about
2070 1216 103 75 thirty
2200 1216 93 75 years

1259 1262 73 75 ago.
1380 1262 78 75 The
1470 1262 77 75 Irifli
1565 1262 165 75 ble-ichers
1746 1262 54 75 ufe
1816 1262 26 75 it
1859 1262 50 75 for
1922 1262 83 75 their
2018 1262 73 75 fine,
2119 1262 32 75 as
2170 1262 70 75 well
2259 1262 34 75 as

1260 1309 105 75 coarfe
1383 1309 121 75 cloatb.
1552 1309 108 75 Thefe
1686 1309 268 75 rubbing-boards
1983 1309 84 75 were
2092 1309 201 75 difcharged,

1258 1356 84 75 fome
1360 1356 90 75 years
1468 1356 72 75 ago,
1566 1356 30 75 in
1610 1356 141 75 Ireland,
1770 1356 42 75 by
1829 1356 55 75 the
1906 1356 153 75 Truftees
2084 1356 51 75 for
2152 1356 54 75 the
2224 1356 66 75 ma-

1259 1402 179 75 nufactures
1463 1402 40 75 of
1521 1402 70 75 that
1615 1402 148 75 country,
1789 1402 173 75 convinced
1988 1402 85 75 from
2101 1402 76 75 long
2192 1402 101 75 expe-

1261 1450 104 75 rience
1388 1450 41 75 of
1448 1450 85 75 their
1550 1450 64 75 bad
1630 1450 123 75 effects.
1803 1450 66 75 But
1886 1450 33 75 as
1937 1450 127 75 proper'
2064 1450 76 75 care
2158 1450 64 75 was
2235 1450 59 75 not

1261 1496 95 75 taken
1374 1496 33 75 to
1424 1496 127 75 inftruct
1567 1496 56 75 the
1649 1496 109 75 bleach
1780 1496 31 75 rs
1828 1496 44 75 by
1891 1496 133 75 degrees
2044 1496 32 75 in
2094 1496 18 75 a
2128 1496 82 75 fafor
2226 1496 68 75 me-

1261 1542 93 75 thod,
1379 1542 77 75 they
1472 1542 172 75 continued
1659 1542 32 75 in
1704 1542 56 75 the
1776 1542 68 75 old,
1869 1542 92 75 made
1979 1542 18 75 a
2013 1542 104 75 party,
2144 1542 61 75 and
2217 1542 78 75 kept

1262 1588 158 75 poffeffion
1445 1588 40 75 of
1508 1588 54 75 the
1579 1588 284 75 rubbing-boards.
1912 1588 113 75 There
2048 1588 83 75 were
2156 1588 140 75 confide-

1263 1636 88 75 rable
1367 1636 247 75 improvements
1632 1636 91 75 made
1740 1636 30 75 in
1789 1636 87 75 them
1893 1636 32 75 in
1943 1636 65 75 this
2032 1636 158 75 country;
2216 1636 78 75 fuch

1263 1682 32 75 as
1312 1682 56 75 the
1385 1682 142 75 addition
1545 1682 40 75 of
1609 1682 53 75 the
1690 1682 121 75 ledges,
1837 1682 35 75 to
1888 1682 81 75 keep
1986 1682 56 75 the
2068 1682 88 75 cloth
2181 1682 111 75 moift;

1262 1729 61 75 and
1336 1729 39 75 of
1386 1729 55 75 the
1458 1729 126 75 rollers,
1609 1729 105 75 which
1742 1729 66 75 pull
1827 1729 55 75 the
1905 1729 88 75 cloth
2011 1729 90 75 more
2126 1729 169 75 gradually

1263 1775 75 75 than
1358 1775 87 75 mens
1462 1775 115 75 hands.
1625 1775 109 75 Thefe
1751 1775 247 75 improvements
2015 1775 83 75 were
2123 1775 64 75 firft
2203 1775 93 75 made

1264 1823 31 75 in
1309 1823 113 75 Salton
1440 1823 198 75 bleachfield.

1311 1870 74 75 The
1401 1870 176 75 objections
1595 1870 117 75 againft
1740 1870 87 75 thefe
1853 1870 283 75 rubbing-boards,
2162 1870 52 75 are
2236 1870 59 75 un-

1263 1915 206 75 anfwerable.
1517 1915 52 75 By
1581 1915 136 75 rubbing
1733 1915 41 75 on
1791 1915 75 75 fuch
1881 1915 38 75 an
1932 1915 138 75 unequal
2086 1915 136 75 furfaCe,
2240 1915 56 75 the

1264 1962 80 75 folid
1361 1962 118 75 fibrous
1497 1962 70 75 part
1580 1962 41 75 of
1643 1962 55 75 the
1715 1962 87 75 cloth
1827 1962 26 75 is
1871 1962 107 75 wore;
2006 1962 42 75 by
2065 1962 106 75 which
2187 1962 111 75 means

1265 2008 25 75 it
1306 2008 28 75 is
1347 2008 94 75 much
1458 2008 146 75 thinned,
1630 2008 62 75 and
1708 2008 31 75 in
1757 2008 18 75 a
1787 2008 91 75 great
1894 2008 140 75 meafure
2051 2008 172 75 weakened
2242 2008 54 75 be-

1265 2055 69 75 fore
1351 2055 25 75 it
1393 2055 106 75 comes
1517 2055 35 75 to
1568 2055 55 75 the
1640 2055 137 75 market.
1827 2055 48 75 As
1893 2055 18 75 a
1928 2055 98 75 proof
2037 2055 40 75 of
2089 2055 76 75 this,
2191 2055 30 75 if
2241 2055 56 75 the

1265 2100 99 75 water
1376 2100 105 75 which
1498 2100 105 75 comes
1621 2100 84 75 from
1728 2100 56 75 the
1801 2100 87 75 cloth
1906 2100 31 75 in
1955 2100 54 75 the
2026 2100 271 75 rubbing-boards

1265 2148 39 75 be
1332 2148 186 75 examined,
1542 2148 24 75 it
1583 2148 67 75 will
1677 2148 40 75 be
1745 2148 102 75 found
1874 2148 60 75 full
1959 2148 39 75 of
2021 2148 132 75 cottony
2177 2148 120 75 fibrous

1266 2194 128 75 matter.
1443 2194 109 75 Thefe
1568 2194 117 75 boards
1714 2194 72 75 give
1803 2194 55 75 the
1876 2194 87 75 cloth
1978 2194 17 75 a
2012 2194 134 75 cottony
2162 2194 137 75 furface,

1264 2241 34 75 fo
1314 2241 71 75 that
1401 2241 25 75 it
1444 2241 77 75 does
1537 2241 58 75 not
1612 2241 79 75 keep
1708 2241 76 75 long
1802 2241 100 75 clean.
1951 2241 119 75 Again,
2097 2241 77 75 they
2186 2241 113 75 flatten

1266 2289 56 75 the
1339 2289 142 75 threads,
1507 2289 62 75 and
1586 2289 73 75 take
1676 2289 90 75 away
1790 2289 42 75 all
1849 2289 70 75 that
1937 2289 172 75 roundnefs
2127 2289 62 75 and
2212 2289 86 75 firm-

1267 2335 81 75 nefs,
1360 2335 105 75 which
1479 2335 26 75 is
1518 2335 55 75 the
1585 2335 235 75 diftinguifhing
1831 2335 154 75 property
1998 2335 38 75 of
2044 2335 88 75 cloth
2146 2335 153 75 bleached

1267 2382 32 75 in
1316 2382 55 75 the
1385 2382 112 75 Dutch
1516 2382 144 75 method.

1316 2428 65 75 For
1398 2428 85 75 thefe
1501 2428 123 75 reafons
1642 2428 77 75 they
1731 2428 79 75 muft
1826 2428 40 75 be
1882 2428 77 75 very
1976 2428 187 75 prejudicial
2180 2428 34 75 to
2237 2428 63 75 fine

1269 2475 100 75 cloth,
1394 2475 61 75 and
1483 2475 110 75 fliould
1618 2475 96 75 never
1741 2475 41 75 be
1810 2475 77 75 ufed
1913 2475 33 75 in
1970 2475 168 75 bleaching
2161 2475 38 75 it.
2252 2475 47 75 As

1269 2522 77 75 they
1366 2522 82 75 fe^m
1466 2522 34 75 to
1512 2522 53 75 be,
1582 2522 30 75 in
1631 2522 85 75 fome
1732 2522 152 75 meafure,
1910 2522 159 75 neceffary
2085 2522 35 75 to
2136 2522 92 75 leffen
2245 2522 56 75 the

1270 2568 140 75 expence
1424 2568 42 75 of
1489 2568 168 75 bleaching
1674 2568 106 75 coarfe
1797 2568 99 75 linen,
1922 2568 77 75 they
2022 2568 103 75 ought
2153 2568 95 75 never
2264 2568 37 75 to

1270 2614 40 75 be
1327 2614 77 75 ufed
1420 2614 115 75 above'
1535 2614 108 75 twice,
1668 2614 37 75 or
1721 2614 103 75 thriee
1842 2614 31 75 at
1890 2614 91 75 moft.
2029 2614 100 75 They
2140 2614 103 75 might
2260 2614 41 75 be

1271 2661 155 75 rendered
1449 2661 96 75 much
1562 2661 88 75 more
1677 2661 78 75 fafe,
1777 2661 47 75 by
1846 2661 100 75 lining
1968 2661 86 75 their
2081 2661 112 75 infides
2219 2661 80 75 with

1271 2708 84 75 fome
1371 2708 63 75 foft
1461 2708 106 75 elaftic
1590 2708 173 75 fubftance,
1789 2708 70 75 that
1874 2708 67 75 will
1959 2708 56 75 not
2032 2708 84 75 wear
2140 2708 55 75 the
2214 2708 88 75 cloth

1271 2754 35 75 fo
1321 2754 94 75 much
1433 2754 34 75 as
1484 2754 55 75 the
1556 2754 134 75 wooden
1707 2754 88 75 teeth
1812 2754 55 75 do.
1917 2754 57 75 Mr
1991 2754 147 75 Chryftie
2155 2754 33 75 at
2200 2754 102 75 Perth

1271 2800 56 75 has
1344 2800 86 75 lined
1448 2800 48 75 his
1512 2800 212 75 boards.with
1747 2800 87 75 fliort
1851 2800 70 75 hair
1944 2800 51 75 for
2012 2800 86 75 fome
2114 2800 90 75 years
2221 2800 78 75 paft,

1272 2848 62 75 knd
1350 2848 80 75 finds
1447 2848 72 75 that
1534 2848 26 75 it
1577 2848 134 75 anfwers
1728 2848 77 75 very
1821 2848 86 75 well.

1319 2894 97 75 After
1443 2894 55 75 the
1526 2894 106 75 coarfe
1656 2894 86 75 linen
1770 2894 57 75 has
1851 2894 184 75 undergone
2060 2894 18 75 a
2104 2894 146 75 tubbing,
2276 2894 26 75 it

1272 2941 112 75 fltould
1406 2941 39 75 be
1473 2941 215 75 immediately
1712 2941 111 75 milled
1846 2941 52 75 for
1926 2941 38 75 an
1993 2941 94 75 hour,
2113 2941 62 75 and
2204 2941 98 75 warm

1273 2987 99 75 water
1388 2987 121 75 poured
1526 2987 73 75 now
1615 2987 64 75 and
1690 2987 77 75 then
1784 2987 40 75 on
1834 2987 26 75 it
1873 2987 33 75 to
1918 2987 90 75 make
2027 2987 23 75 ;t
2068 2987 116 75 lather.
2216 2987 85 75 This

1273 3035 125 75 milling
1413 3035 56 75 has
1488 3035 76 75 very
1580 3035 85 75 good
1681 3035 130 75 effects;
1837 3035 52 75 for
1911 3035 26 75 it
1954 3035 104 75 cleans
2086 3035 64 75 the.
2163 3035 86 75 doth
2268 3035 40 75 af

2259 3080 51 75 all.
