2428 3377
95 131 100 75 Part
214 131 47 75 II.

2123 120 75 75 201

650 123 1005 75 ANATOMY.

119 229 267 75 Antithenar
409 229 76 75 five
508 229 325 75 Semi-Interosse
833 261 11 49 (
844 229 37 75 us
904 229 198 75 Pollicis.

143 297 99 75 This
260 297 26 75 is
304 297 19 75 a
344 297 103 75 frtiall,
473 297 67 75 flat,
566 297 96 75 flefliy
678 297 130 75 mufcle,
832 297 135 75 fituated
982 297 146 75 oblique-

96 344 34 75 ly
145 344 145 75 between
307 344 56 75 the
379 344 63 75 firft
459 344 142 75 phalanx
615 344 41 75 of
674 344 56 75 the
746 344 125 75 thumb,
898 344 62 75 and
971 344 65 75 firft
1047 344 82 75 bone

97 389 39 75 of
156 389 56 75 the
228 389 228 75 metacarpus..

145 436 32 75 It
186 436 29 75 is
232 436 88 75 fixed
336 436 44 75 by
395 436 60 75 one
468 436 63 75 end
542 436 126 75 toward
683 436 55 75 the
753 436 81 75 bafis
850 436 41 75 of
909 436 56 75 the
982 436 64 75 firft
1062 436 66 75 me-

97 482 141 75 tacarpal
253 482 95 75 bone,
374 482 76 75 near
466 482 56 75 the
546 482 65 75 firft
634 482 82 75 bone
741 482 40 75 of
800 482 56 75 the
871 482 116 75 fecond
1004 482 66 75 row
1094 482 41 75 of

98 529 55 75 the
170 529 126 75 carpus.
345 529 99 75 From
460 529 116 75 thence
592 529 26 75 it
634 529 75 75 runs
734 529 167 75 obliquely
925 529 126 75 toward
1073 529 56 75 the

97 574 83 75 head
202 574 41 75 of
261 574 56 75 the
340 574 64 75 firft
427 574 143 75 phalanx
592 574 40 75 of
650 574 55 75 the
721 574 125 75 thumb,
872 574 63 75 and
949 574 27 75 is
993 574 138 75 inferted

98 621 32 75 in
148 621 54 75 the
219 621 113 75 lateral
349 621 146 75 external
512 621 71 75 part
602 621 41 75 of
662 621 69 75 that
748 621 95 75 bone,
869 621 38 75 or
922 621 42 75 on
981 621 70 75 that
1066 621 65 75 fide

98 666 107 75 which
221 666 26 75 is
271 666 116 75 turned
401 666 35 75 to
459 666 56 75 the
531 666 64 75 firft
610 666 194 75 metacarpal
823 666 95 75 bone.
967 666 32 75 It
1016 666 114 75 crofies

99 712 77 75 over
188 712 55 75 the
259 712 275 75 femi-interofleus
551 712 125 75 indicis,
694 712 64 75 this
775 712 116 75 mufcle
906 712 88 75 lying
1006 712 125 75 to.ward

99 759 56 75 the
179 759 82 75 back
283 759 41 75 of
342 759 55 75 the
420 759 99 75 hand,
550 759 64 75 and
635 759 56 75 the
718 759 182 75 antithenar
923 759 126 75 toward
1075 759 56 75 the

100 806 97 75 palm.

183 909 393 75 PERFORATUS
617 909 95 75 vulgo
752 909 298 75 SUBLIMIS.

147 987 98 75 This
262 987 26 75 is
306 987 18 75 a
339 987 118 75 mufcle
470 987 39 75 of
521 987 19 75 a
555 987 213 75 confiderable
778 987 141 75 volume,
936 987 90 75 lying
1037 987 95 75 along

102 1033 55 75 the
179 1033 98 75 infide
301 1033 40 75 of
360 1033 56 75 the
441 1033 167 75 fore-arm,
633 1033 97 75 flelhy
754 1033 52 75 for
829 1033 56 75 the
910 1033 135 75 greateft
1061 1033 71 75 part

102 1079 76 75 near
189 1079 55 75 the
261 1079 202 75 articulation
480 1079 40 75 of
531 1079 56 75 the
604 1079 155 75 fore-arm
774 1079 79 75 with
869 1079 56 75 the
941 1079 35 75 os
992 1079 138 75 humeri,

103 1126 62 75 and
176 1126 75 75 near
268 1126 56 75 the
336 1126 122 75 carpus,
484 1126 205 75 terminating
699 1126 34 75 in
744 1126 73 75 four
832 1126 123 75 diftinfl
974 1126 156 75 portions,

102 1171 105 75 which
224 1171 131 75 become
372 1171 55 75 the
450 1171 83 75 fame
555 1171 135 75 number
712 1171 41 75 of
771 1171 76 75 long
867 1171 90 75 fmall
981 1171 149 75 tendons.

100 1218 78 75 The
194 1218 91 75 name
306 1218 41 75 of
356 1218 155 75 fublimis
533 1218 58 75 has
615 1218 80 75 been
720 1218 94 75 given
836 1218 35 75 to
896 1218 38 75 it,
959 1218 131 75 becaufe
1106 1218 25 75 it

102 1264 58 75 lies
177 1264 110 75 almoft
309 1264 50 75 onf
367 1264 54 75 the
446 1264 122 75 furface
592 1264 40 75 of
651 1264 56 75 the
723 1264 176 75 fore-arm;
926 1264 63 75 and
1004 1264 71 75 that
1097 1264 40 75 of

98 1311 202 75 perforatus,
324 1311 85 75 from
426 1311 55 75 the
502 1311 65 75 flits
590 1311 102 75 found
706 1311 75 75 near
797 1311 57 75 the
876 1311 198 75 extremities
1098 1311 41 75 of

104 1355 41 75 its
163 1355 146 75 tendons.

152 1401 32 75 It
199 1401 27 75 is
243 1401 181 75 commonly
439 1401 93 75 made
548 1401 42 75 up
607 1401 40 75 of
666 1401 74 75 four
755 1401 145 75 mufcles,
925 1401 119 75 clofely
1061 1401 71 75 uni-

105 1447 56 75 ted
176 1447 44 75 by
235 1447 84 75 their
333 1447 97 75 fleftiy
445 1447 155 75 portions.
646 1447 33 75 It
695 1447 27 75 is
738 1447 88 75 fixed
837 1447 100 75 above
952 1447 36 75 to
1012 1447 54 75 the
1081 1447 51 75 fu-

105 1494 105 75 perior
226 1494 136 75 internal
380 1494 87 75 parts
487 1494 40 75 of
544 1494 56 75 the
615 1494 75 75 ulna
706 1494 62 75 and
788 1494 119 75 radius,
933 1494 62 75 a.nd
1011 1494 35 75 to
1062 1494 71 75 that

106 1539 40 75 of
164 1539 55 75 the
235 1539 183 75 interofleus
435 1539 164 75 ligament.
648 1539 33 75 A
705 1539 84 75 little
812 1539 105 75 below
940 1539 57 75 the
1013 1539 119 75 middle

106 1585 41 75 of
164 1585 56 75 the
237 1585 166 75 fore-arm,
422 1585 8 75 '
430 1585 62 75 this
515 1585 88 75 large
625 1585 96 75 flelhy
743 1585 88 75 body
855 1585 27 75 is
907 1585 130 75 divided
1061 1585 71 75 into

106 1632 74 75 four
203 1632 124 75 diftinit
353 1632 146 75 mufcles,
524 1632 119 75 which,
668 1632 42 75 on
734 1632 55 75 the
812 1632 109 75 loweft
946 1632 131 75 quarter
1099 1632 40 75 of

106 1678 55 75 the
178 1678 167 75 fore-arm,
370 1678 62 75 end
447 1678 33 75 in
496 1678 73 75 four
585 1678 56 75 flat
655 1678 136 75 tendons
817 1678 39 75 of
876 1678 151 75 different
1041 1678 91 75 fizes.

153 1725 109 75 Thefe
278 1725 74 75 four
362 1725 135 75 tendons
514 1725 54 75 are
583 1725 140 75 inclofed
734 1725 31 75 in
778 1725 19 75 a
812 1725 147 75 common
975 1725 157 75 membra-

106 1770 79 75 nous
211 1770 37 75 or
272 1770 227 75 mucilaginous
522 1770 127 75 vagina,
681 1770 106 75 which
813 1770 148 75 likewife.
979 1770 153 75 furnilhes

106 1816 79 75 each
200 1816 120 75 tendon
336 1816 79 75 with
432 1816 18 75 a
461 1816 172 75 particular
648 1816 71 75 thin
733 1816 127 75 vagina.
909 1816 38 75 In
965 1816 63 75 this
1045 1816 87 75 man-

107 1863 55 75 ner
178 1863 78 75 they
268 1863 139 75 advance
423 1863 35 75 to
475 1863 56 75 the
542 1863 127 75 carpus,
693 1863 63 75 and
773 1863 68 75 pafs
857 1863 101 75 under
973 1863 57 75 the
1045 1863 88 75 large

106 1911 131 75 annular
247 1911 173 75 tranfverfe
435 1911 164 75 ligament.
648 1911 136 75 Beyond
798 1911 65 75 this
874 1911 164 75 ligament,
1055 1911 78 75 they

105 1956 112 75 fpread
233 1956 91 75 again
340 1956 33 75 in
389 1956 55 75 the
456 1956 84 75 palm
557 1956 40 75 of
608 1956 55 75 the
674 1956 98 75 hand,
796 1956 62 75 ftill
875 1956 156 75 retaining
1047 1956 85 75 their

106 2002 171 75 particular
297 2002 131 75 vaginse,
454 2002 62 75 and
531 2002 60 75 run
606 2002 144 75 between
765 2002 55 75 the
844 2002 198 75 aponeurofis
1065 2002 67 75 pal-

107 2049 94 75 maris
227 2049 62 75 and
311 2049 212 75 metacarpus,
558 2049 125 75 toward
710 2049 55 75 the
790 2049 130 75 fingers,
956 2049 178 75 feparating

108 2094 87 75 more
212 2094 62 75 and
289 2094 89 75 more
390 2094 44 75 by
449 2094 145 75 degrees.

154 2140 130 75 Having
307 2140 135 75 reached
459 2140 8 75 '
467 2140 56 75 the
547 2140 98 75 heads
662 2140 48 75 <)f
727 2140 57 75 the
806 2140 191 75 metacarpal
1020 2140 112 75 bones,

108 2185 78 75 they
202 2185 67 75 pafs
288 2185 100 75 under
404 2185 55 75 the
475 2185 74 75 four
573 2185 110 75 arches
706 2185 38 75 or
766 2185 98 75 frsena
878 2185 126 75 formed
1019 2185 44 75 by
1078 2185 56 75 the

108 2231 97 75 furcae
229 2231 40 75 of
288 2231 55 75 the
367 2231 197 75 aponeurofis
581 2231 171 75 palmaris,,
768 2231 62 75 and
853 2231 172 75 particular
1047 2231 88 75 fepta

109 2277 40 75 of
160 2277 55 75 the
227 2277 90 75 great
333 2277 172 75 tranfverfe
521 2277 152 75 ligament
684 2277 39 75 of
735 2277 56 75 the
806 2277 85 75 palm
903 2277 39 75 of
953 2277 55 75 the
1024 2277 108 75 hand;

109 2323 61 75 and
186 2323 77 75 then
279 2323 77 75 each
373 2323 118 75 tendon
506 2323 118 75 having
640 2323 57 75 got
712 2323 128 75 beyond
855 2323 55 75 the
926 2323 83 75 head
1025 2323 40 75 of
1075 2323 60 75 one

109 2368 191 75 metacarpal
324 2368 94 75 bone,
443 2368 62 75 and
527 2368 128 75 beyond
669 2368 57 75 the
741 2368 79 75 bafis
845 2368 39 75 of
903 2368 55 75 the
977 2368 64 75 firft
1056 2368 78 75 pha-

109 2415 91 75 lanx,
226 2415 104 75 enters
353 2415 56 75 the
424 2415 210 75 ligamentary
655 2415 113 75 vagina
783 2415 42 75 on
841 2415 55 75 the
913 2415 55 75 flat
993 2415 37 75 or
1046 2415 89 75 inner

109 2461 62 75 fide
187 2461 40 75 of
246 2461 71 75 that
332 2461 152 75 phalanx,
508 2461 62 75 and
592 2461 27 75 is
644 2461 138 75 inferted
803 2461 32 75 in
858 2461 57 75 the
938 2461 55 75 flat
1017 2461 63 75 fide
1099 2461 41 75 of

109 2508 55 75 the
179 2508 116 75 fecond
310 2508 152 75 phalanx,
487 2508 74 75 near
577 2508 41 75 its
635 2508 93 75 bafis,
753 2508 55 75 the
832 2508 222 75 membranous
1079 2508 55 75 va-

108 2554 75 75 gina
198 2554 247 75 accompanying
461 2554 25 75 it
502 2554 34 75 to
547 2554 42 75 its
606 2554 162 75 jnlertion.

156 2599 39 75 In
218 2599 115 75 palling
358 2599 95 75 along
473 2599 55 75 the
552 2599 93 75 infide
671 2599 39 75 of
729 2599 55 75 the
806 2599 63 75 firft
894 2599 153 75 phalanx,
1078 2599 56 75 the

110 2645 117 75 tendon
243 2645 27 75 is
288 2645 128 75 divided
432 2645 43 75 by
492 2645 18 75 a
525 2645 75 75 long
616 2645 60 75 flit,
701 2645 106 75 which
823 2645 88 75 gives
927 2645 122 75 paffage
1064 2645 35 75 to
1117 2645 18 75 a

110 2691 119 75 tendon
248 2691 41 75 of
307 2691 55 75 the
378 2691 184 75 perforans;
589 2691 62 75 and
666 2691 85 75 from
775 2691 114 75 thence
904 2691 56 75 the
977 2691 106 75 names
1099 2691 41 75 of

110 2738 86 75 thefe
213 2738 66 75 two
290 2738 133 75 mufcles
439 2738 53 75 are
508 2738 109 75 taken.

172 2841 347 75 PERFORANS
557 2841 95 75 vulgo
692 2841 370 75 PROFUNDUS.

156 2919 97 75 This
270 2919 116 75 mufcle
401 2919 28 75 is
444 2919 78 75 very
537 2919 65 75 like
624 2919 55 75 the
703 2919 132 75 former,
861 2919 63 75 and
946 2919 27 75 is
997 2919 136 75 fituated

111 2964 93 75 much
220 2964 33 75 in
265 2964 55 75 the
331 2964 83 75 fame
431 2964 149 75 manner;
607 2964 75 75 only
700 2964 25 75 it
743 2964 58 75 lies
816 2964 111 75 lower,
951 2964 63 75 and
1032 2964 27 75 is
1076 2964 54 75 co-

158 3011 96 75 Vol.
272 3011 29 75 I.
326 3011 70 75 No.
411 3011 34 75 9.

1016 3011 18 75 3

1178 202 98 75 vered
1290 202 44 75 by
1349 202 56 75 the
1421 202 193 75 perforatus.
1656 202 31 75 It
1699 202 26 75 is
1739 202 167 75 compofed
1917 202 41 75 of
1968 202 74 75 four
2058 202 148 75 mufcles,

1177 248 105 75 which
1299 248 33 75 at
1348 248 62 75 firft
1427 248 81 75 feem
1526 248 35 75 to
1577 248 92 75 make
1685 248 58 75 but
1757 248 60 75 one
1829 248 93 75 mafs,
1940 248 63 75 and
2018 248 187 75 afterwards

1178 295 169 75 terminate
1358 295 33 75 in
1402 295 74 75 four
1491 295 148 75 tendons.

1223 342 76 75 The
1315 342 96 75 fleftiy
1422 342 141 75 portions
1580 342 40 75 of
1639 342 55 75 the
1710 342 64 75 firft
1786 342 62 75 and
1864 342 125 75 largeft,
2015 342 62 75 and
2093 342 64 75 alfo
2169 342 41 75 of

1178 387 55 75 the
1249 387 128 75 fecond,
1403 387 52 75 are
1472 387 87 75 fixed
1581 387 32 75 in
1638 387 54 75 the
1717 387 141 75 fuperior
1881 387 86 75 parts
1992 387 40 75 of
2052 387 55 75 the
2131 387 75 75 ulna

1178 433 62 75 and
1250 433 184 75 interofleus
1446 433 163 75 ligament,
1626 433 96 75 down
1733 433 36 75 to
1780 433 84 75 their
1876 433 119 75 middle
2007 433 10 75 ;
2042 433 56 75 the
2108 433 98 75 flefliy

1179 479 127 75 portion
1324 479 39 75 of
1381 479 56 75 the
1453 479 87 75 third
1556 479 26 75 is
1596 479 113 75 joined
1726 479 34 75 to
1776 479 56 75 the
1848 479 120 75 tendon
1984 479 42 75 of
2043 479 55 75 the
2114 479 90 75 ulna-

1180 525 41 75 ris
1238 525 156 75 internus,
1419 525 44 75 by
1479 525 19 75 a
1512 525 67 75 fort
1590 525 40 75 of
1649 525 147 75 common
1808 525 198 75 aponeurofis
2019 525 11 75 ;
2056 525 64 75 and
2133 525 74 75 that

1180 572 40 75 of
1237 572 56 75 the
1310 572 110 75 fourth
1436 572 26 75 is
1479 572 88 75 fixed
1582 572 95 75 along
1688 572 56 75 the
1755 572 87 75 ulna.

1225 617 76 75 The
1325 617 73 75 four
1421 617 135 75 tendons
1581 617 80 75 have
1677 617 90 75 often
1792 617 118 75 feveral
1933 617 90 75 fmall
2040 617 165 75 collateral

1179 664 147 75 tendons,
1350 664 179 75 fometimes
1553 664 60 75 five
1635 664 32 75 in
1693 664 145 75 number,
1838 646 12 49 1
1863 664 111 75 united
1996 664 37 75 to
2053 664 56 75 the
2135 664 69 75 ten-

1179 710 79 75 dons
1275 710 41 75 of
1334 710 55 75 the
1406 710 232 75 neighbouring
1653 710 129 75 mufcle,
1807 710 33 75 as
1852 710 77 75 they
1949 710 68 75 pafs
2033 710 101 75 under
2150 710 56 75 the

1179 756 86 75 large
1282 756 131 75 annular
1435 756 153 75 ligament
1612 756 40 75 of
1672 756 54 75 the
1751 756 133 75 carpus;
1912 756 57 75 but
1993 756 55 75 the
2071 756 135 75 tendons

1179 802 189 75 themfelves
1385 802 52 75 are
1453 802 163 75 feparated
1631 802 85 75 from
1741 802 55 75 the
1817 802 110 75 others
1950 802 43 75 by
2014 802 69 75 thin
2105 802 99 75 fepta,

1178 851 105 75 which
1312 851 84 75 form
1424 851 18 75 a
1465 851 80 75 kind
1572 851 39 75 of
1640 851 171 75 particular
1839 851 98 75 rings.
2000 851 104 75 Being
2130 851 75 75 thus

1179 895 243 75 ftrengthened,,
1436 895 77 75 they
1525 895 161 75 feparate;
1713 895 63 75 and
1791 895 135 75 running
1943 895 94 75 along
2054 895 54 75 the
2121 895 86 75 palm

1179 940 40 75 of
1238 940 55 75 the
1308 940 86 75 hand
1410 940 32 75 in
1457 940 123 75 diftimft:
1596 940 220 75 membranous
1832 940 132 75 vaginae,
1989 940 64 75 like
2064 940 89 75 thole
2169 940 42 75 of

1179 987 55 75 the
1261 987 192 75 perforatus,
1478 987 44 75 by
1544 987 105 75 which
1670 987 79 75 they
1768 987 53 75 are
1843 987 147 75 covered,
2015 987 79 75 they
2116 987 90 75 enter

1179 1033 56 75 the
1256 1033 211 75 ligamentary
1488 1033 119 75 vaginae
1632 1033 41 75 of
1696 1033 56 75 the
1777 1033 65 75 firft
1863 1033 170 75 phalanges
2057 1033 149 75 together

1179 1079 79 75 with
1276 1079 53 75 the
1348 1079 141 75 former;
1515 1079 62 75 and
1592 1079 118 75 having
1724 1079 105 75 paffed
1844 1079 140 75 through
2007 1079 57 75 the
2087 1079 119 75 fiflures

1180 1126 137 75 thereof,
1344 1126 62 75 and
1421 1126 141 75 through
1578 1126 56 75 the
1649 1126 211 75 ligamentary
1876 1126 119 75 vaginae
2020 1126 40 75 of
2079 1126 55 75 the
2156 1126 48 75 fe-

1180 1172 82 75 cond
1277 1172 185 75 phalanges,
1487 1172 77 75 they
1581 1172 53 75 are
1644 1172 138 75 inferted
1798 1172 31 75 in
1842 1172 56 75 the
1914 1172 56 75 flat
1984 1172 91 75 inner
2090 1172 63 75 fide
2169 1172 42 75 of

1182 1218 55 75 the
1249 1218 101 75 third,
1374 1218 76 75 near
1466 1218 84 75 their
1566 1218 91 75 bafis.

1181 1322 302 75 EXTENSOR
1517 1322 337 75 DIGITORUM
1885 1322 318 75 COMMUNIS.

1227 1400 100 75 This
1352 1400 27 75 is
1404 1400 19 75 a
1445 1400 181 75 compound
1649 1400 128 75 mufcle,
1801 1400 78 75 very
1900 1400 95 75 much
2017 1400 189 75 refembling

1181 1447 54 75 the
1251 1447 179 75 perforatus
1447 1447 62 75 and
1521 1447 178 75 penforans,
1724 1447 89 75 lying
1828 1447 40 75 on
1881 1447 55 75 the
1954 1447 120 75 outfide
2091 1447 40 75 of
2148 1447 59 75 the

1180 1494 167 75 fore-arm,
1372 1494 145 75 between
1538 1494 56 75 the
1620 1494 116 75 ulnaris
1758 1494 151 75 externus
1926 1494 63 75 and
2004 1494 127 75 radialis
2147 1494 58 75 ex-

1182 1539 119 75 ternus.

1228 1585 32 75 It
1271 1585 25 75 is
1314 1585 87 75 fixed
1417 1585 112 75 above,
1555 1585 43 75 by
1614 1585 19 75 a
1648 1585 168 75 tendinous
1828 1585 186 75 extremity,
2031 1585 35 75 to
2081 1585 54 75 the
2148 1585 57 75 po-

1181 1631 108 75 fterior
1306 1631 62 75 and
1383 1631 100 75 lower
1499 1631 70 75 part
1593 1631 39 75 of
1651 1631 55 75 the
1727 1631 147 75 efxternal
1897 1631 38 75 or
1957 1631 89 75 great
2070 1631 137 75 condyle

1181 1677 39 75 of
1238 1677 56 75 the
1310 1677 36 75 os
1362 1677 135 75 humeri,
1522 1677 75 75 and,
1623 1677 44 75 by
1681 1677 19 75 a
1720 1677 169 75 tendinous
1906 1677 146 75 adhefion
2069 1677 41 75 on
2127 1677 78 75 each

1181 1723 73 75 fide,
1281 1723 36 75 to
1334 1723 54 75 the
1401 1723 122 75 ulnaris
1549 1723 63 75 and
1634 1723 127 75 radialis
1785 1723 165 75 externus.
1998 1723 33 75 It
2046 1723 57 75 has
2126 1723 81 75 like-

1182 1770 73 75 wife
1271 1770 181 75 fometimes
1469 1770 19 75 a
1502 1770 89 75 fraall
1607 1770 150 75 infertion
1772 1770 32 75 in
1821 1770 56 75 the
1893 1770 118 75 radius.
2060 1770 33 75 It
2112 1770 27 75 is
2155 1770 50 75 di-

1181 1816 93 75 vided
1289 1816 69 75 into
1375 1816 73 75 four
1470 1816 146 75 mufcles,
1641 1816 65 75 like
1729 1816 56 75 the
1809 1816 179 75 perforates
2012 1816 62 75 and
2099 1816 107 75 perfo-

1175 1861 90 75 .rans,
1291 1861 63 75 and
1369 1861 74 75 four
1457 1861 89 75 long,
1572 1861 132 75 flender,
1728 1861 91 75 fmall
1835 1861 147 75 tendons.

1226 1908 113 75 Three
1355 1908 40 75 of
1413 1908 87 75 thefe
1517 1908 134 75 tendons
1668 1908 71 75 pafs
1752 1908 140 75 through
1911 1908 56 75 the
1985 1908 146 75 common
2147 1908 59 75 ex-

1180 1954 103 75 ternal
1300 1954 132 75 annular
1454 1954 153 75 ligament
1630 1954 40 75 of
1689 1954 55 75 the
1768 1954 134 75 carpus;
1929 1954 63 75 and
2009 1954 56 75 the
2082 1954 123 75 fourth,

1180 2000 106 75 which
1302 2000 75 75 goes
1388 2000 36 75 to
1441 2000 55 75 the
1511 2000 84 75 little
1611 2000 112 75 finger,
1740 2000 97 75 pafles
1850 2000 139 75 through
2001 2000 19 75 a
2035 2000 172 75 particular

1181 2047 70 75 ring
1268 2047 39 75 of
1326 2047 55 75 the
1396 2047 83 75 fame
1495 2047 165 75 liganient.

1228 2093 201 75 Afterwards
1453 2093 88 75 thefe
1563 2093 74 75 four
1660 2093 136 75 tendons
1812 2093 141 75 feparate
1969 2093 34 75 as
2019 2093 79 75 they
2113 2093 42 75 go
2171 2093 36 75 to

1180 2139 56 75 the
1252 2139 127 75 fingers,
1405 2139 62 75 and
1482 2139 31 75 in
1531 2139 83 75 their
1630 2139 121 75 paflage
1774 2139 230 75 communicate
2024 2139 79 75 with
2127 2139 79 75 each

1181 2186 105 75 other,
1312 2186 43 75 by
1366 2186 130 75 oblique
1513 2186 168 75 tendinous
1696 2186 108 75 feries,
1828 2186 116 75 chiefly
1955 2186 74 75 near
2040 2186 56 75 the
2107 2186 100 75 heads

1183 2231 40 75 of
1241 2231 56 75 the
1309 2231 191 75 metacarpal
1517 2231 111 75 bones.

1229 2277 92 75 Each
1337 2277 118 75 tendon
1467 2277 117 75 having
1599 2277 137 75 reached
1751 2277 54 75 the
1821 2277 79 75 bafis
1917 2277 40 75 of
1976 2277 55 75 the
2048 2277 64 75 firft
2128 2277 78 75 pha-

1182 2324 88 75 lanx,
1287 2324 27 75 is
1322 2324 127 75 flightly
1459 2324 135 75 inferted
1605 2324 123 75 therein
1744 2324 44 75 by
1800 2324 84 75 fome
1895 2324 112 75 lateral
2020 2324 186 75 expanfions

1182 2370 87 75 fixed
1285 2370 32 75 in
1333 2370 78 75 each
1428 2370 62 75 fide
1502 2370 40 75 of
1553 2370 54 75 the
1624 2370 91 75 bafis.
1764 2370 99 75 From
1879 2370 114 75 thence
2008 2370 26 75 it
2050 2370 157 75 advances

1182 2417 35 75 to
1234 2417 55 75 the
1301 2417 85 75 head
1401 2417 39 75 of
1460 2417 54 75 the
1532 2417 82 75 fame
1630 2417 152 75 phalanx,
1808 2417 106 75 where
1930 2417 25 75 it
1971 2417 27 75 is
2013 2417 127 75 divided
2158 2417 48 75 in-

1182 2463 36 75 to
1234 2463 66 75 two
1324 2463 57 75 flat
1405 2463 157 75 portions,
1587 2463 117 75 which,
1730 2463 32 75 at
1786 2463 55 75 the
1866 2463 202 75 articulation
2091 2463 40 75 of
2150 2463 57 75 the

1182 2508 64 75 firft
1270 2508 140 75 phalanx
1433 2508 79 75 with
1537 2508 55 75 the
1617 2508 126 75 fecond,
1767 2508 89 75 leave
1880 2508 85 75 fome
1989 2508 137 75 diftance
2150 2508 56 75 be-

1181 2554 103 75 tween
1306 2554 100 75 them.
1456 2554 111 75 About
1593 2554 56 75 the
1673 2554 83 75 head
1779 2554 41 75 of
1838 2554 55 75 the
1915 2554 115 75 fecond
2052 2554 153 75 phalanx,

1180 2601 79 75 they
1276 2601 86 75 unite
1380 2601 104 75 again,
1508 2601 63 75 and
1586 2601 53 75 are
1650 2601 89 75 fixed
1749 2601 37 75 in
1798 2601 54 75 the
1868 2601 127 75 convex
2009 2601 64 75 fide
2090 2601 41 75 of
2149 2601 57 75 the

1182 2646 88 75 third
1285 2646 153 75 phalanx,
1463 2646 75 75 near
1553 2646 41 75 its
1610 2646 92 75 bafis.

1228 2750 320 75 EXTENSOR
1583 2750 232 75 INDICIS
1856 2750 306 75 PROPRIUS.

1227 2828 97 75 This
1341 2828 26 75 is
1393 2828 18 75 a
1427 2828 88 75 fmall
1532 2828 75 75 long
1623 2828 130 75 mufcle,
1778 2828 80 75 with
1874 2828 19 75 a
1908 2828 77 75 long
1999 2828 120 75 flender
2136 2828 68 75 ten-

1180 2873 76 75 don,
1280 2873 88 75 lying
1386 2873 19 75 a
1424 2873 83 75 little
1523 2873 164 75 obliquely
1707 2873 42 75 on
1766 2873 54 75 the
1837 2873 99 75 lower
1952 2873 62 75 and
2029 2873 93 75 outer
2136 2873 74 75 half

1179 2921 39 75 of
1236 2921 54 75 the
1303 2921 167 75 fore-arm,
1493 2921 145 75 between
1657 2921 55 75 the
1729 2921 75 75 ulna
1820 2921 61 75 and
1897 2921 197 75 fore-fipger.

1226 2968 29 75 It
1273 2968 26 75 is
1323 2968 99 75 fixed,
1445 2968 43 75 by
1503 2968 42 75 its
1562 2968 95 75 flefliy
1673 2968 100 75 body,
1798 2968 19 75 a
1827 2968 85 75 little
1927 2968 113 75 higher
2057 2968 76 75 than
2149 2968 56 75 the

1649 3012 17 75 3
1692 3012 29 75 E

2102 3012 109 75 loweft
