2428 3377
99 132 102 75 Part
229 132 31 75 I.

667 132 42 75 A
824 132 44 75 N
982 132 42 75 A
1136 132 38 75 T

93 199 56 75 the
161 199 90 75 foot;
278 199 63 75 and
356 199 41 75 on
414 199 55 75 the
485 199 98 75 knob,
608 199 56 75 the
681 199 70 75 thia
766 199 56 75 flat
838 199 150 75 cartilage
1008 199 117 75 proper

92 244 35 75 to
155 244 64 75 this
243 244 116 75 mufcle
387 244 111 75 plays;
525 244 31 75 in
584 244 90 75 place
696 244 40 75 of
756 244 118 75 which,
900 244 178 75 fornetimes
1104 244 18 75 a

92 290 83 75 bone
190 290 28 75 is
235 290 270 75 found:—More
516 290 182 75 externally
712 290 78 75 than
808 290 55 75 the
875 290 98 75 knob,
991 290 19 75 a
1021 290 103 75 rough

92 337 121 75 hollow
228 337 26 75 is
280 337 104 75 made,
410 337 51 75 for
485 337 55 75 the
565 337 105 75 ftrong
692 337 168 75 ligaments
884 337 159 75 ftretched
1066 337 55 75 be-

91 382 95 75 twixt
204 382 63 75 this
285 382 82 75 bone
384 382 62 75 and
468 382 55 75 the
547 382 36 75 os
609 382 288 75 calcis.—Before,
922 382 56 75 the
1000 382 123 75 furface

89 428 42 75 of
150 428 56 75 the
230 428 36 75 os
290 428 152 75 cuboides
466 428 26 75 is
515 428 68 75 flat,
607 428 139 75 fmooth,
771 428 63 75 and
849 428 128 75 flightly
994 428 130 75 divided

89 474 71 75 into
188 474 66 75 two
277 474 122 75 planes,
425 474 52 75 for
500 474 167 75 fuftaining
692 474 55 75 the
773 474 36 75 os
834 474 158 75 metatarli
1008 474 40 75 of
1067 474 56 75 the

90 520 85 75 little
193 520 64 75 toe,
284 520 62 75 and
362 520 41 75 of
422 520 54 75 the
493 520 54 75 toe
565 520 78 75 next
656 520 35 75 to
706 520 39 75 it.

135 566 78 75 The
235 566 84 75 form
341 566 41 75 of
401 566 55 75 the
480 566 169 75 back-part
672 566 41 75 of
731 566 55 75 the
810 566 36 75 os
869 566 164 75 cuboides,
1059 566 62 75 and

89 612 55 75 the
159 612 167 75 ligaments
344 612 186 75 connedting
546 612 55 75 the
622 612 85 75 joint
723 612 90 75 there
830 612 77 75 with
930 612 57 75 the
1002 612 36 75 os
1056 612 64 75 cal-

88 659 58 75 cis,
172 659 80 75 both
271 659 118 75 concur
400 659 31 75 in
449 659 150 75 allowing
614 659 84 75 little
711 659 121 75 motion
849 659 33 75 in
899 659 63 75 this
979 659 85 75 part.

137 706 48 75 Os
203 706 195 75 cuneiibrme
422 706 182 75 externum,
628 706 27 75 is
680 706 96 75 much
798 706 39 75 of
856 706 55 75 the
927 706 92 75 fliape
1041 706 42 75 of
1101 706 19 75 a

88 752 123 75 wedge,
234 752 94 75 being
344 752 101 75 broad
462 752 61 75 and
539 752 56 75 flat
612 752 112 75 above,
750 752 78 75 with
845 752 77 75 long
939 752 78 75 fides
1042 752 75 75 run-

86 797 75 75 ning
185 797 165 75 obliquely
372 797 214 75 downwards,
611 797 64 75 and
696 797 203 75 terminating
925 797 33 75 in
986 797 18 75 a
1027 797 91 75 fliarp

87 843 217 75 edge.—The
335 843 100 75 upper
461 843 123 75 furface
609 843 40 75 of
675 843 63 75 this
767 843 81 75 bone
876 843 26 75 is
931 843 38 75 an
998 843 119 75 oblong

85 889 251 75 fquare.—The
360 889 63 75 one
446 889 119 75 behind
588 889 27 75 is
640 889 110 75 nearly
772 889 18 75 a
813 889 147 75 triangle,
985 889 58 75 but
1059 889 57 75 not

84 936 157 75 complete
259 936 32 75 at
307 936 55 75 the
378 936 132 75 inferior
527 936 104 75 angle,
650 936 62 75 and
727 936 28 75 is
768 936 113 75 joined
892 936 35 75 to
943 936 56 75 the
1011 936 36 75 os
1060 936 55 75 na-

84 982 277 75 viculare.—The
377 982 146 75 external
538 982 63 75 fide
616 982 27 75 is
655 982 40 75 an
707 982 118 75 oblong
836 982 125 75 fquare,
986 982 130 75 divided

84 1028 35 75 as
132 1028 25 75 it
169 1028 83 75 were
269 1028 42 75 by
324 1028 18 75 a
358 1028 169 75 diagonal:
553 1028 77 75 The
641 1028 99 75 upper
756 1028 74 75 half
841 1028 39 75 of
892 1028 25 75 it
933 1028 26 75 is
976 1028 138 75 fmooth,

82 1075 53 75 for
150 1075 41 75 its
209 1075 201 75 conjundlion
426 1075 78 75 with
522 1075 55 75 the
593 1075 36 75 os
647 1075 171 75 cuboides:
844 1075 77 75 The
937 1075 94 75 other
1045 1075 27 75 is
1096 1075 19 75 a

84 1121 147 75 fcabrous
256 1121 120 75 hollow
390 1121 11 75 ;
436 1121 62 75 and
514 1121 31 75 in
574 1121 41 75 its
639 1121 140 75 fuperior
802 1121 140 75 anterior
966 1121 104 75 angle,
1095 1121 19 75 a

82 1167 89 75 fmall
187 1167 125 75 fmooth
328 1167 175 75 impreffion
527 1167 27 75 is
575 1167 90 75 made
684 1167 44 75 by
751 1167 55 75 the
834 1167 36 75 os
895 1167 157 75 metatarfi
1078 1167 41 75 of

82 1213 54 75 the
152 1213 54 75 toe
218 1213 78 75 next
314 1213 34 75 to
365 1213 55 75 the
436 1213 84 75 little
544 1213 198 75 one.—The
758 1213 136 75 internal
910 1213 62 75 fide
989 1213 40 75 of
1046 1213 65 75 this

81 1259 82 75 bone
179 1259 27 75 is
223 1259 65 75 alfo
304 1259 246 75 quadrangular,
576 1259 79 75 with
671 1259 55 75 the
742 1259 46 75 foi
795 1259 105 75 e-part
916 1259 42 75 of
975 1259 41 75 its
1030 1259 80 75 edge

80 1305 92 75 made
188 1305 56 75 flat
259 1305 62 75 and
337 1305 123 75 fmooth
479 1305 43 75 by
538 1305 54 75 the
604 1305 36 75 os
658 1305 155 75 metatarfi
830 1305 41 75 of
888 1305 55 75 the
960 1305 53 75 toe
1031 1305 79 75 next

79 1350 36 75 to
128 1350 55 75 the
194 1350 91 75 great
298 1350 79 75 one;
397 1350 63 75 and
471 1350 54 75 the
536 1350 171 75 back-part
717 1350 26 75 is
757 1350 65 75 alfo
833 1350 55 75 flat
898 1350 62 75 and
971 1350 138 75 fmooth,

79 1397 108 75 where
203 1397 55 75 the
274 1397 36 75 os
327 1397 194 75 cuneiforme
545 1397 140 75 medium
708 1397 27 75 is
760 1397 187 75 contiguous
971 1397 35 75 to
1022 1397 88 75 it.—

78 1443 78 75 The
176 1443 157 75 fore-part
349 1443 40 75 of
407 1443 65 75 this
488 1443 83 75 bone
587 1443 27 75 is
631 1443 38 75 an
686 1443 118 75 oblong
820 1443 146 75 triangle,
991 1443 52 75 for
1058 1443 50 75 fu-

79 1489 132 75 ftaining
227 1489 54 75 the
299 1489 37 75 os
352 1489 157 75 metatarfi
526 1489 40 75 of
584 1489 54 75 the
655 1489 118 75 middle
790 1489 65 75 toe.

124 1535 47 75 Os
184 1535 196 75 cuneiforme
395 1535 151 75 medium,
572 1535 37 75 or
624 1535 176 75 minimum,
826 1535 26 75 is
870 1535 59 75 flill
942 1535 88 75 more
1047 1535 56 75 ex-

77 1580 82 75 actly
176 1580 55 75 the
248 1580 91 75 fhape
355 1580 40 75 of
415 1580 18 75 a
449 1580 110 75 wedge
576 1580 75 75 than
669 1580 55 75 the
748 1580 130 75 former.
976 1580 48 75 Its
1047 1580 58 75 up-

74 1627 56 75 per
148 1627 69 75 part
239 1627 26 75 is
290 1627 226 75 fquare.;—its
533 1627 136 75 internal
692 1627 61 75 fide
779 1627 56 75 has
860 1627 18 75 a
902 1627 55 75 flat
979 1627 124 75 fmooth

73 1674 123 75 furface
212 1674 101 75 above
337 1674 61 75 and
421 1674 131 75 behind,
578 1674 51 75 for
652 1674 42 75 its
718 1674 199 75 conjundHon
944 1674 77 75 with
1046 1674 55 75 the

71 1719 169 75 following
255 1719 104 75 bone;
386 1719 81 75 with
483 1719 17 75 a
515 1719 90 75 fmall
623 1719 103 75 rough
742 1719 79 75 fofla
845 1719 104 75 below
961 1719 9 75 ;
998 1719 62 75 and
1082 1719 19 75 a

72 1766 214 75 confiderable
302 1766 87 75 fhare
406 1766 39 75 of
463 1766 26 75 it
505 1766 27 75 is
549 1766 103 75 rough
677 1766 62 75 and
762 1766 258 75 hollow.—The
1043 1766 57 75 ex-

71 1811 103 75 ternal
190 1811 64 75 fide
270 1811 27 75 is
312 1811 126 75 fmooth
461 1811 63 75 and
547 1811 18 75 a
588 1811 85 75 little
696 1811 174 75 hollowed,
897 1811 105 75 where
1025 1811 26 75 it
1072 1811 27 75 is

71 1858 189 75 contiguous
277 1858 35 75 to
329 1858 54 75 the
398 1858 56 75 laft
466 1858 161 75 defcribed
641 1858 282 75 bone.—Behind,
942 1858 62 75 this
1018 1858 81 75 bone

70 1903 25 75 is
106 1903 186 75 triangular,
310 1903 106 75 where
424 1903 24 75 it
459 1903 25 75 is
494 1903 191 75 articulated
697 1903 78 75 with
785 1903 55 75 the
849 1903 36 75 os
898 1903 197 75 navicuiare;

69 1950 64 75 and
148 1950 25 75 it
188 1950 26 75 is
231 1950 65 75 alfo
309 1950 175 75 triangular
496 1950 31 75 at
544 1950 41 75 its
604 1950 170 75 fore-part,
793 1950 105 75 where
910 1950 25 75 it
951 1950 28 75 is
995 1950 101 75 conti-

69 1997 101 75 guous
180 1997 34 75 to
230 1997 53 75 the
297 1997 36 75 os
345 1997 157 75 metatarfi
519 1997 39 75 of
569 1997 57 75 the
636 1997 53 75 toe
700 1997 79 75 next
796 1997 34 75 to
847 1997 56 75 the
920 1997 89 75 great
1021 1997 73 75 one.

114 2042 49 75 Os
187 2042 195 75 cuneiforme
406 2042 188 75 maximum,
619 2042 38 75 or
672 2042 173 75 internum,
870 2042 111 75 differs
1011 2042 83 75 from

67 2088 55 75 the
147 2088 66 75 two
236 2088 120 75 former
380 2088 31 75 in
435 2088 42 75 its
501 2088 159 75 fituation,
685 2088 106 75 which
816 2088 25 75 is
859 2088 88 75 more
963 2088 131 75 oblique

66 2132 77 75 than
166 2132 299 75 theirs.—Befides,
489 2132 42 75 its
547 2132 101 75 broad
672 2132 89 75 thick
777 2132 71 75 part
864 2132 27 75 is
908 2132 111 75 placed
1035 2132 56 75 be-

65 2179 76 75 low,
168 2179 60 75 and
246 2179 54 75 the
322 2179 90 75 fmall
436 2179 69 75 thin
530 2179 89 75 point
642 2179 28 75 is
696 2179 100 75 above
823 2179 61 75 and
909 2179 182 75 outwards;

64 2225 95 75 while
175 2225 41 75 its
233 2225 100 75 under
349 2225 99 75 broad
464 2225 121 75 furface
602 2225 26 75 is
653 2225 148 75 concave,
827 2225 51 75 for
901 2225 150 75 allowing
1074 2225 18 75 a

62 2271 66 75 fafe
145 2271 121 75 paflage
282 2271 35 75 to
342 2271 55 75 the
420 2271 119 75 flexors
564 2271 41 75 of
622 2271 55 75 the
700 2271 92 75 great
816 2271 191 75 toe.—-The
1023 2271 68 75 fur-

62 2317 71 75 face
152 2317 41 75 of
212 2317 63 75 this
292 2317 40 75 os’
345 2317 194 75 cuneiforme
557 2317 129 75 behind,
712 2317 105 75 where
838 2317 25 75 it
879 2317 26 75 is
920 2317 111 75 joined
1054 2317 35 75 to

63 2362 55 75 the
135 2362 35 75 os
187 2362 191 75 navicuiare,
403 2362 28 75 is
446 2362 133 75 hollow,
604 2362 137 75 fmooth,
768 2362 62 75 and
854 2362 41 75 of
913 2362 18 75 a
956 2362 134 75 circular

61 2408 99 75 figure
192 2408 117 75 below,
345 2408 57 75 but
429 2408 132 75 pointed
585 2408 237 75 above.—The
853 2408 144 75 external
1025 2408 63 75 fide

61 2454 124 75 confifts
201 2454 42 75 of
259 2454 65 75 two
342 2454 123 75 fmooth
486 2454 61 75 and
563 2454 223 75 flat*furfaces,
811 2454 105 75 whofe
936 2454 153 75 diredtion

59 2500 27 75 is
103 2500 111 75 nearly
229 2500 32 75 at
277 2500 86 75 right
380 2500 107 75 angles
503 2500 78 75 with
597 2500 77 75 each
691 2500 106 75 other.
845 2500 98 75 With
956 2500 54 75 the
1028 2500 57 75 po-

57 2547 123 75 fterior,
205 2547 71 75 that
290 2547 76 75 runs
383 2547 162 75 obliquely
564 2547 80 75 from
661 2547 103 75 below
777 2547 155 75 forwards
949 2547 62 75 and
1027 2547 59 75 up-

57 2593 116 75 wards,
199 2593 56 75 the
271 2593 36 75 os
324 2593 194 75 cuneiforme
541 2593 164 75 minimum
721 2593 25 75 is
767 2593 132 75 joined;
926 2593 63 75 and
1005 2593 78 75 with

56 2639 56 75 the
128 2639 152 75 anterior,
305 2639 105 75 whofe
428 2639 154 75 direction
598 2639 27 75 is
642 2639 222 75 longitudinal,
889 2639 55 75 the
961 2639 37 75 os
1014 2639 65 75 me-

57 2684 105 75 tatarfi
181 2684 40 75 of
239 2684 56 75 the
311 2684 53 75 toe
382 2684 77 75 next
478 2684 34 75 to
529 2684 55 75 the
609 2684 88 75 great
720 2684 59 75 one
802 2684 27 75 is
853 2684 233 75 connedted.—

54 2731 76 75 The
154 2731 158 75 fore-part
337 2731 41 75 of
396 2731 62 75 this
483 2731 83 75 bone
594 2731 25 75 is
648 2731 179 75 femilunar,
858 2731 57 75 but
941 2731 54 75 flat
1021 2731 63 75 and

53 2777 138 75 fmooth,
216 2777 51 75 for
284 2777 166 75 fuftaining
465 2777 56 75 the
539 2777 35 75 os
592 2777 155 75 metatarfi
765 2777 39 75 of
823 2777 55 75 the
897 2777 90 75 great
1012 2777 66 75 toe.

52 2824 123 75 -—The
199 2824 136 75 internal
359 2824 63 75 fide
447 2824 27 75 is
500 2824 160 75 fcabrous,
687 2824 76 75 with
791 2824 66 75 two
886 2824 195 75 remarkable

54 2869 157 75 tubercles
228 2869 116 75 below,
369 2869 84 75 from
471 2869 105 75 which
593 2869 54 75 the
665 2869 157 75 mufculus
840 2869 152 75 abdudfor
1011 2869 67 75 pol-

51 2914 69 75 licis
138 2914 88 75 rifes,
252 2914 62 75 and
331 2914 53 75 the
401 2914 118 75 tibialis
536 2914 122 75 anticus
674 2914 28 75 is
718 2914 139 75 inferted
871 2914 69 75 into
962 2914 42 75 its
1021 2914 57 75 up-

51 2962 55 75 per
122 2962 84 75 part.

1291 131 39 75 O
1447 131 48 75 M
1608 131 53 75 Y.

2127 131 78 75 I&7

1222 195 76 75 The
1314 195 91 75 three
1421 195 177 75 cuneiform
1614 195 97 75 bones
1729 195 53 75 are
1798 195 43 75 all
1857 195 34 75 fb
1906 195 131 75 fecured
2059 195 45 75 by
2126 195 80 75 liga-

1176 241 114 75 ments,
1315 241 71 75 that
1403 241 78 75 very
1496 241 84 75 little
1591 241 123 75 motion
1726 241 26 75 is
1770 241 136 75 allowed
1923 241 32 75 in
1972 241 62 75 any
2050 241 41 75 of
2101 241 102 75 them.

1222 287 107 75 Thefe
1353 287 91 75 feven
1469 287 98 75 bones
1592 287 41 75 of
1650 287 56 75 the
1730 287 113 75 tarfus,
1877 287 94 75 when
1995 287 123 75 joined,
2151 287 55 75 are

1176 334 123 75 convex
1319 334 112 75 above,
1455 334 64 75 aftd
1533 334 89 75 leave
1642 334 19 75 a
1679 334 169 75 concavity
1864 334 115 75 below,
2005 334 52 75 for
2073 334 132 75 lodging

1174 379 100 75 fafely
1297 379 54 75 the
1374 379 120 75 feveral
1510 379 146 75 mufcles,
1682 379 147 75 tendons,
1854 379 122 75 veffels,
2001 379 63 75 and
2092 379 110 75 nerves

1176 424 69 75 that
1264 424 42 75 lie
1323 424 31 75 in
1372 424 55 75 the
1443 424 66 75 foie
1525 424 40 75 of
1583 424 56 75 the
1662 424 171 75 foot.—In
1860 424 57 75 the
1936 424 109 75 recent
2069 424 134 75 fubjedi,

1174 471 84 75 their
1274 471 99 75 upper
1389 471 63 75 and
1467 471 100 75 lower
1582 471 138 75 furfaces
1748 471 54 75 are
1826 471 138 75 covered
1991 471 78 75 with
2095 471 108 75 ftrong

1172 518 182 75 ligaments,
1368 518 104 75 which
1486 518 115 75 adhere
1613 518 106 75 firmly
1731 518 34 75 to
1777 518 89 75 them
1878 518 8 75 ;
1907 518 63 75 and
1980 518 43 75 all
2036 518 55 75 the
2103 518 99 75 bones

1174 564 52 75 are
1242 564 34 75 fo
1293 564 119 75 tightly
1428 564 184 75 connedfed,
1641 564 44 75 by
1712 564 87 75 thefe
1827 564 64 75 and
1917 564 54 75 the
1998 564 96 75 other
2120 564 82 75 liga-

1172 610 115 75 ments,
1313 610 105 75 which
1444 610 52 75 are
1512 610 88 75 fixed
1627 610 34 75 to
1688 610 55 75 the
1771 610 103 75 rough
1899 610 105 75 ridges
2029 610 61 75 and
2115 610 86 75 fofias

1172 656 155 75 formerly
1357 656 197 75 mentioned,
1590 656 82 75 that,
1705 656 283 75 notwithftanding
2016 656 56 75 the
2104 656 97 75 many

1171 702 137 75 furfaces
1337 702 137 75 covered
1502 702 78 75 with
1605 702 164 75 cartilage,
1794 702 86 75 fome
1905 702 40 75 of
1964 702 105 75 which
2093 702 53 75 are
2163 702 42 75 of

1173 748 54 75 the
1245 748 84 75 form
1347 748 39 75 of
1405 748 56 75 the
1486 748 78 75 very
1591 748 164 75 moveable
1784 748 230 75 articulations,
2040 748 41 75 no
2109 748 90 75 more

1170 795 121 75 motion
1308 795 26 75 is
1350 795 77 75 here
1443 795 147 75 allowed,
1614 795 77 75 than
1709 795 77 75 only
1806 795 35 75 to
1857 795 132 75 prevent
2004 795 56 75 too
2076 795 90 75 great
2179 795 23 75 a.

1169 840 95 75 fhock
1280 840 40 75 of
1331 840 55 75 the
1404 840 100 75 fabric
1516 840 41 75 of
1568 840 54 75 the
1638 840 87 75 body
1741 840 33 75 in
1790 840 151 75 walking,
1968 840 136 75 leaping,
2131 840 64 75 fee.

1168 886 43 75 by
1226 886 114 75 falling
1356 886 41 75 on
1420 886 56 75 too
1493 886 82 75 folid
1590 886 19 75 a
1624 886 84 75 bafe.

1214 936 267 75 Metatarsus
1498 936 26 75 is
1542 936 175 75 compofed.
1732 936 41 75 of
1792 936 61 75 five
1881 936 112 75 bones,
2019 936 118 75 which,
2164 936 33 75 in

1167 979 83 75 their
1282 979 129 75 general
1443 979 189 75 charadters,
1669 979 93 75 agree
1798 979 78 75 with
1911 979 54 75 the
2002 979 194 75 metacarpal

1165 1026 97 75 bones
1281 1026 10 75 ;
1326 1026 58 75 but
1416 1026 73 75 may
1521 1026 39 75 be
1587 1026 224 75 diftinguifhed
1837 1026 85 75 from
1949 1026 87 75 them
2064 1026 44 75 by
2139 1026 59 75 the

1163 1072 167 75 following
1359 1072 106 75 marks
1485 1072 10 75 :
1541 1072 30 75 i.
1596 1072 99 75 They
1722 1072 53 75 are
1801 1072 125 75 longer,
1959 1072 137 75 thicker,
2130 1072 65 75 and

1164 1118 152 75 ftronger.
1378 1118 34 75 2.
1437 1118 106 75 Their
1578 1118 139 75 anterior
1750 1118 104 75 round
1881 1118 78 75 ends
1987 1118 54 75 are
2073 1118 58 75 not
2157 1118 36 75 fo

1164 1165 112 75 broad,
1294 1165 63 75 and
1369 1165 53 75 are
1438 1165 59 75 lefs
1510 1165 32 75 in
1554 1165 186 75 proportion
1757 1165 35 75 to
1807 1165 85 75 their
1908 1165 100 75 bafes.
2042 1165 33 75 3.
2088 1165 106 75 Their

1164 1211 110 75 bodies
1304 1211 53 75 are
1380 1211 126 75 fharper
1529 1211 100 75 above
1654 1211 63 75 and
1742 1211 107 75 flatter
1865 1211 41 75 on
1923 1211 55 75 the
1994 1211 91 75 fides,
2111 1211 82 75 with

1162 1257 84 75 their
1257 1257 134 75 inferior
1401 1257 90 75 ridge
1503 1257 138 75 inclined
1656 1257 88 75 more
1761 1257 35 75 to
1813 1257 54 75 the
1884 1257 135 75 outflde.
2062 1257 34 75 4.
2113 1257 78 75 The

1162 1305 156 75 tubercles
1331 1305 35 75 at
1377 1305 53 75 the
1445 1305 100 75 lower
1560 1305 86 75 parts
1662 1305 41 75 of
1714 1305 55 75 the
1786 1305 102 75 round
1903 1305 84 75 head
2003 1305 52 75 are
2072 1305 121 75 larger.

1207 1351 75 75 The
1311 1351 64 75 firft
1402 1351 37 75 or
1468 1351 135 75 internal
1619 1351 180 75 metatarfal
1828 1351 83 75 bone
1928 1351 26 75 is
1971 1351 93 75 eafily
2081 1351 109 75 diltin-

1159 1397 131 75 guifhed
1301 1397 85 75 from
1398 1397 54 75 the
1465 1397 60 75 reft
1544 1397 42 75 by
1602 1397 40 75 its
1660 1397 297 75 thicknefs.—The
1973 1397 61 75 one
2057 1397 79 75 next
2153 1397 36 75 to

1159 1443 26 75 it
1212 1443 39 75 is,
1263 1443 55 75 the
1334 1443 134 75 longeft,
1494 1443 63 75 and
1572 1443 78 75 with
1667 1443 40 75 its
1724 1443 90 75 fharp
1831 1443 80 75 edge
1928 1443 110 75 almoft
2055 1443 133 75 perpen-

1157 1488 134 75 dicular.
1387 1488 76 75 The
1479 1488 110 75 others
1606 1488 53 75 are
1675 1488 121 75 fhorter
1813 1488 63 75 and
1886 1488 89 75 more
1991 1488 143 75 oblique,
2153 1488 34 75 as

1161 1536 82 75 their
1261 1536 146 75 fituarion
1429 1536 25 75 is
1472 1536 89 75 more
1578 1536 159 75 external.

1203 1582 48 75 Os
1268 1582 156 75 metatarfi
1445 1582 123 75 pollicis
1585 1582 27 75 is
1630 1582 43 75 by
1697 1582 51 75 far
1762 1582 55 75 the
1834 1582 134 75 thickeft
1984 1582 63 75 and
2063 1582 121 75 ftrong-

1156 1628 54 75 eft,
1236 1628 33 75 as
1285 1628 119 75 having
1420 1628 110 75 much'
1530 1628 56 75 the
1602 1628 135 75 greateft
1752 1628 121 75 weight
1901 1628 34 75 to
1961 1628 125 75 fuftain.
2136 1628 49 75 Its

1155 1674 69 75 bafe
1248 1674 27 75 is
1303 1674 129 75 oblong,
1458 1674 190 75 irregularly
1671 1674 149 75 concave,
1846 1674 60 75 and
1924 1674 40 75 of
1982 1674 19 75 a
2016 1674 170 75 femilunar

1153 1721 112 75 figure,
1291 1721 35 75 to
1344 1721 38 75 be
1400 1721 137 75 adapted
1553 1721 35 75 to
1605 1721 55 75 the
1677 1721 35 75 os
1733 1721 193 75 cuneiforme
1946 1721 239 75 maximum.—

1151 1767 76 75 The
1244 1767 132 75 inferior
1393 1767 80 75 edge
1490 1767 39 75 of
1540 1767 64 75 this
1621 1767 71 75 bafe
1715 1767 27 75 is
1768 1767 17 75 a
1807 1767 84 75 little
1915 1767 180 75 prominent
2120 1767 63 75 and

1151 1813 114 75 rough,
1292 1813 105 75 where
1422 1813 55 75 the
1495 1813 118 75 tendon
1631 1813 40 75 of
1691 1813 54 75 the
1767 1813 165 75 peronseus
1955 1813 119 75 primus
2097 1813 83 75 muf-

1150 1859 47 75 cle
1213 1859 26 75 is
1255 1859 150 75 inferted.
1499 1859 56 75 On
1569 1859 40 75 its
1622 1859 133 75 outfide,
1772 1859 39 75 an
1829 1859 131 75 oblique
1972 1859 135 75 circular
2123 1859 56 75 de-

1149 1906 127 75 preflion
1294 1906 27 75 is
1339 1906 92 75 made
1447 1906 44 75 by
1513 1906 56 75 the
1593 1906 116 75 fecond
1736 1906 179 75 metatarfal
1939 1906 94 75 bone.
2130 1906 53 75 Its

1149 1952 103 75 round
1267 1952 84 75 head
1366 1952 58 75 has
1441 1952 162 75 generally
1620 1952 41 75 on
1679 1952 40 75 its
1737 1952 158 75 fore-part
1907 1952 17 75 a
1937 1952 119 75 middle
2073 1952 105 75 ridge,

1148 1999 63 75 and
1225 1999 66 75 two
1307 1999 120 75 oblong
1451 1999 143 75 cavities,
1619 1999 51 75 for
1698 1999 54 75 the
1781 1999 63 75 offa
1865 1999 212 75 fefamoidea;
2115 1999 64 75 and

1147 2043 40 75 on
1200 2043 55 75 the
1267 2043 146 75 external
1426 2043 74 75 fide,
1519 2043 19 75 a
1549 2043 171 75 deprefiion
1731 2043 27 75 is
1770 2043 92 75 made
1878 2043 44 75 by
1938 2043 55 75 the
2009 2043 168 75 following

1144 2091 92 75 bone.

1191 2137 221 75 Os’metatarfi
1430 2137 40 75 of
1481 2137 56 75 the
1554 2137 117 75 lecond
1695 2137 70 75 toe,
1786 2137 27 75 is
1838 2137 55 75 die
1920 2137 122 75 longeft
2058 2137 43 75 of
2117 2137 56 75 the

1144 2183 72 75 five,
1242 2183 77 75 with
1338 2183 17 75 a
1371 2183 176 75 triangular
1571 2183 72 75 bafe
1670 2183 170 75 fupported
1863 2183 42 75 by
1932 2183 55 75 the
2012 2183 36 75 os
2065 2183 105 75 cunei-

1142 2230 102 75 forme
1259 2230 139 75 medium
1417 2230 63 75 and
1495 2230 54 75 the
1566 2230 143 75 external
1727 2230 62 75 fide
1805 2230 160 75 produced
1976 2230 69 75 into
2062 2230 18 75 a
2095 2230 75 75 prq-

1142 2275 85 75 cefs;
1253 2275 55 75 the
1324 2275 62 75 end
1402 2275 41 75 of
1453 2275 105 75 which
1575 2275 26 75 is
1619 2275 38 75 an
1674 2275 131 75 oblique
1820 2275 126 75 fmooth
1962 2275 105 75 plane,
2082 2275 87 75 join-

1142 2321 40 75 ed
1198 2321 35 75 to
1245 2321 54 75 the
1316 2321 35 75 os
1373 2321 193 75 cuneiforme
1583 2321 181 75 externum.
1861 2321 90 75 Near
1964 2321 55 75 the
2032 2321 140 75 internal

1141 2368 79 75 edge
1236 2368 40 75 of
1297 2368 54 75 the
1368 2368 83 75 hafe,
1477 2368 64 75 this
1570 2368 81 75 bone
1678 2368 55 75 has
1760 2368 66 75 two
1852 2368 90 75 fmall
1966 2368 200 75 depreflions,

1141 2414 90 75 made
1248 2414 43 75 by
1308 2414 54 75 the
1379 2414 40 75 os.
1432 2414 195 75 cuneiforme
1644 2414 193 75 maximum,
1856 2414 144 75 between
2018 2414 104 75 which
2139 2414 26 75 is

1139 2459 17 75 a
1180 2459 103 75 rough
1307 2459 304 75 cavity.—Farther
1635 2459 169 75 forwards,
1833 2459 48 75 we
1908 2459 75 75 may
1998 2459 130 75 obferve
2146 2459 19 75 a

1137 2506 124 75 fmooth
1281 2506 242 75 protuberance,
1549 2506 104 75 which
1681 2506 26 75 is
1728 2506 112 75 joined
1858 2506 34 75 to
1914 2506 55 75 the
1996 2506 173 75 foregoing,

1138 2552 92 75 bone.
1326 2552 55 75 On
1398 2552 55 75 the
1479 2552 119 75 outfide
1622 2552 40 75 of
1685 2552 53 75 the
1766 2552 75 75 bafe
1867 2552 53 75 are
1949 2552 65 75 two
2042 2552 125 75 oblong;

1136 2598 123 75 fmooth
1288 2598 150 75 lurfaces,
1471 2598 51 75 for
1546 2598 41 75 its
1612 2598 200 75 articulation
1828 2598 79 75 with
1925 2598 54 75 the
1996 2598 167 75 following

1134 2645 82 75 bone
1228 2645 10 75 ;
1264 2645 56 75 the
1334 2645 143 75 fuperior
1491 2645 125 75 fmooth
1634 2645 120 75 furface
1771 2645 94 75 being
1881 2645 162 75 extended
2058 2645 103 75 longi-

1134 2691 167 75 tudinally,
1336 2691 62 75 and
1425 2691 54 75 the
1506 2691 132 75 inferior
1665 2691 275 75 perpendicularly
1961 2691 10 75 ;
2016 2691 145 75 between

1133 2737 106 75 which
1256 2737 89 75 there
1362 2737 25 75 is
1406 2737 16 75 a
1440 2737 102 75 rough
1559 2737 90 75 folia.

1179 2784 47 75 Os
1240 2784 156 75 metatarfi
1408 2784 41 75 of
1460 2784 54 75 the
1530 2784 118 75 middle
1661 2784 69 75 toe,
1751 2784 27 75 is
1795 2784 55 75 the
1863 2784 115 75 fecond
1988 2784 32 75 in
2033 2784 123 75 length.

1129 2811 97 104 ■—Its
1251 2837 85 75 bafe,
1360 2837 171 75 fupported
1559 2837 43 75 by
1622 2837 53 75 the
1700 2837 35 75 os
1764 2837 195 75 cuneiforme
1976 2837 180 75 externum,

1131 2875 24 75 is
1174 2875 186 75 triangular,
1385 2875 56 75 but
1466 2875 131 75 flanting
1619 2875 174 75 outwards,
1819 2875 106 75 where
1942 2875 24 75 it
1983 2875 77 75 ends
2082 2875 31 75 in
2138 2875 18 75 a

1128 2926 238 75 lharp-pointed
1380 2926 85 75 little
1482 2926 125 75 prcctfs
1621 2926 13 75 ;
1660 2926 62 75 and
1737 2926 56 75 the
1816 2926 91 75 angle
1936 2926 103 75 below
2055 2926 34 75 is.
2098 2926 61 75 not

1130 2972 189 75 completed.

2078 3025 78 75 The
