2493 3387
786 169 1003 75 ASTRONOMY.

219 166 84 75 482

220 237 76 75 goes
313 237 78 75 over
406 237 57 75 the
479 237 109 75 centre
608 237 40 75 of
668 237 55 75 the
739 237 119 75 earth’s
876 237 68 75 diflc
961 237 33 75 as
1011 237 71 75 feen
1100 237 85 75 from
1203 237 56 75 the

220 283 97 75 moon
332 283 10 75 ;
369 283 63 75 and
449 283 242 75 confequently,
716 283 44 75 by
776 283 180 75 defcribing
979 283 55 75 the
1056 283 120 75 iongeft
1195 283 64 75 line

220 332 128 75 poffible
377 332 42 75 on
446 332 55 75 the
524 332 105 75 earth,
666 332 166 75 continues
862 332 55 75 the
945 332 121 75 longeft
1093 332 86 75 upon
1206 332 52 75 it;

219 379 140 75 namely,
385 379 33 75 at
435 379 18 75 a
469 379 90 75 mean
576 379 82 75 rate,
687 379 16 75 5
723 379 99 75 hours
851 379 43 75 50
912 379 138 75 minutes
1067 379 12 75 ;
1107 379 101 75 more,
1235 379 30 75 if

219 424 57 75 the
292 424 96 75 moon
406 424 40 75 be
463 424 33 75 at
513 424 58 75 her
588 424 135 75 greateft
740 424 138 75 diflance
894 424 86 75 from
997 424 56 75 the
1070 424 105 75 earth,
1206 424 53 75 be-

221 472 91 75 caufe
329 472 52 75 fire
397 472 77 75 then
491 472 109 75 moves
617 472 144 75 flowed:;
789 472 72 75 lefs,
887 472 31 75 if
936 472 51 75 fhe
1005 472 39 75 be
1061 472 33 75 at
1111 472 57 75 her
1185 472 76 75 lead

226 519 150 75 didance,
402 519 134 75 becaufe
548 519 40 75 of
599 519 58 75 her
674 519 134 75 quicker
823 519 137 75 motion.

267 565 57 75 To
341 565 93 75 make
451 565 119 75 fevefal
592 565 39 75 of
655 565 56 75 the
736 565 101 75 above
863 565 63 75 and
943 565 94 75 other
1065 565 199 75 phenomena

223 612 134 75 plainer,
385 612 109 75 (Plate
510 612 134 75 XLVI.
662 612 56 75 fig.
739 612 65 75 3.),
829 612 46 75 let
889 612 24 75 S
931 612 39 75 be
992 612 53 75 the
1069 612 69 75 fun,
1163 612 32 75 E
1208 612 55 75 the

223 659 57 75 the
297 659 105 75 earth,
428 659 48 75 M
499 659 56 75 the
581 659 108 75 moon,
715 659 62 75 and
807 659 111 75 AMP
944 659 55 75 the
1022 659 124 75 moon’s
1164 659 98 75 orbit.

224 707 105 75 Draw
346 707 55 75 the
419 707 86 75 right
531 707 63 75 line
611 707 55 75 Wc
688 707 37 75 12
745 707 84 75 from
847 707 56 75 the
919 707 131 75 wedern
1068 707 63 75 fide
1148 707 40 75 of
1207 707 55 75 the

221 753 57 75 fun
296 753 33 75 at
356 753 48 75 IV,
431 753 155 75 touching
601 753 56 75 the
669 753 146 75 ^wedern
844 753 64 75 fide
932 753 40 75 of
994 753 55 75 the
1066 753 96 75 moon
1183 753 33 75 at
1232 753 30 75 c,

221 800 64 75 and
302 800 54 75 the
373 800 91 75 earth
482 800 41 75 at’
532 800 39 75 12
586 800 9 75 :
622 800 89 75 draw
724 800 65 75 alfo
801 800 56 75 the
872 800 89 75 right
976 800 64 75 line
1056 800 55 75 Vd
1124 800 38 75 12
1177 800 86 75 from

222 847 55 75 the
294 847 120 75 eadern
430 847 62 75 fide
509 847 41 75 of
561 847 55 75 the
632 847 57 75 fun
706 847 32 75 at
755 847 41 75 V,
822 847 155 75 touching
992 847 56 75 the
1064 847 119 75 eadern
1200 847 63 75 fide

222 895 40 75 of
274 895 55 75 the
346 895 95 75 moon
459 895 33 75 at
513 895 32 75 d,
571 895 63 75 and
654 895 55 75 the
734 895 90 75 earth
843 895 33 75 at
898 895 38 75 12
954 895 8 75 :
999 895 55 75 the
1070 895 80 75 dark
1171 895 92 75 fpace

222 942 104 75 cs\2d
353 942 150 75 included
526 942 149 75 between
699 942 90 75 thofe
816 942 80 75 lines
921 942 26 75 is
973 942 55 75 the
1051 942 126 75 moon’s
1193 942 68 75 fha-

222 987 87 75 dow,
347 987 117 75 ending
492 987 33 75 in
553 987 17 75 a
599 987 91 75 point
719 987 31 75 at
775 987 51 75 12,
851 987 108 75 where
987 987 26 75 it
1040 987 133 75 touches
1208 987 53 75 the

223 1034 90 75 earth
328 1034 10 75 ;
377 1034 132 75 becaufe
536 1034 33 75 in
598 1034 64 75 this
692 1034 69 75 cafe
789 1034 56 75 the
873 1034 97 75 moon
998 1034 26 75 is
1050 1034 154 75 fuppofed
1226 1034 35 75 to

224 1081 120 75 change
363 1081 31 75 at
413 1081 48 75 M
482 1081 30 75 in
539 1081 55 75 the
618 1081 119 75 middle
762 1081 143 75 between
924 1081 37 75 A
982 1081 56 75 the
1066 1081 132 75 apogee,
1214 1081 48 75 ’or

223 1129 133 75 farthed
375 1129 91 75 point
491 1129 46 75 of
551 1129 60 75 her
635 1129 87 75 orbit
743 1129 86 75 from
855 1129 55 75 the
934 1129 104 75 earth,
1064 1129 64 75 and
1151 1129 31 75 P
1208 1129 56 75 the

223 1175 139 75 perigee,
387 1175 38 75 or
442 1175 120 75 neared
585 1175 91 75 point
704 1175 35 75 to
762 1175 38 75 it.
850 1175 80 75 For,
953 1175 65 75 had
1043 1175 55 75 the
1124 1175 89 75 point
1230 1175 32 75 P

223 1222 81 75 been
322 1222 33 75 at
372 1222 58 75 M,
456 1222 56 75 the
528 1222 97 75 moon
651 1222 65 75 had
738 1222 81 75 been
847 1222 112 75 nearer
981 1222 56 75 the
1054 1222 90 75 earth
1161 1222 9 75 ;
1201 1222 64 75 and

222 1269 158 75 her.dark
396 1269 128 75 fhadow
540 1269 33 75 at
590 1269 16 75 e
623 1269 108 75 would
747 1269 80 75 have
845 1269 137 75 covered
994 1269 19 75 a
1028 1269 91 75 fpace
1135 1269 85 75 upon
1237 1269 27 75 it

222 1315 100 75 about
348 1315 65 75 180
430 1315 91 75 miles
548 1315 113 75 broad,
687 1315 63 75 and
776 1315 57 75 the
861 1315 55 75 fun
946 1315 108 75 would
1077 1315 81 75 have
1183 1315 80 75 been

222 1363 117 75 totally
362 1363 178 75 darkened,
565 1363 77 75 with
671 1363 86 75 fome
781 1363 209 75 continuance
1005 1363 8 75 :
1053 1363 57 75 but
1126 1363 65 75 had
1208 1363 55 75 the

224 1410 91 75 point
350 1410 36 75 A
424 1410 79 75 been
536 1410 33 75 at
601 1410 58 75 M,
700 1410 56 75 the
788 1410 97 75 moon
922 1410 107 75 would
1067 1410 81 75 have
1182 1410 81 75 been

221 1457 126 75 farther
374 1457 169 75 from_the
572 1457 105 75 earth,
714 1457 62 75 and
804 1457 59 75 her
890 1457 128 75 fhadow
1045 1457 109 75 would
1181 1457 81 75 have

221 1504 105 75 ended
349 1504 31 75 in
406 1504 19 75 a
447 1504 90 75 point
561 1504 98 75 about
677 1504 28 75 e,
731 1504 64 75 and
813 1504 162 75 therefore
1000 1504 56 75 the
1080 1504 55 75 fun
1154 1504 108 75 would

221 1551 82 75 have
320 1551 158 75 appeared
493 1551 64 75 like
574 1551 18 75 a
608 1551 160 75 luminous
786 1551 71 75 ring
874 1551 42 75 all
934 1551 124 75 around
1079 1551 55 75 the
1151 1551 111 75 moon.

220 1599 106 75 Draw
355 1599 56 75 the
442 1599 86 75 right
555 1599 79 75 lines
663 1599 113 75 JVXdh
804 1599 61 75 and
882 1599 113 75 VXcg,
1032 1599 153 75 touching
1206 1599 56 75 the

223 1644 150 75 contrary
390 1644 78 75 fides
486 1644 41 75 of
546 1644 55 75 the
626 1644 56 75 fun
709 1644 61 75 and
788 1644 108 75 moon,
923 1644 63 75 and
1003 1644 118 75 ending
1137 1644 41 75 on
1206 1644 56 75 the

222 1692 92 75 earth
343 1692 32 75 at
403 1692 21 75 a
453 1692 120 75 and/£:
612 1692 90 75 draw
730 1692 66 75 alfo
824 1692 56 75 the
899 1692 85 75 right
1001 1692 65 75 line
1095 1692 166 75 SXM\2,

222 1739 86 75 from
324 1739 56 75 the
408 1739 108 75 centre
534 1739 40 75 of
597 1739 55 75 the
677 1739 85 75 fun’s
787 1739 80 75 dilk,
893 1739 142 75 through
1063 1739 57 75 the
1139 1739 125 75 moon’s

223 1786 122 75 centre,
371 1786 35 75 to
422 1786 55 75 the
494 1786 91 75 earth
604 1786 32 75 at
658 1786 39 75 12
715 1786 9 75 ;
751 1786 64 75 and
830 1786 130 75 fuppofe
980 1786 56 75 the
1059 1786 66 75 two
1142 1786 121 75 former

221 1833 82 75 lines
322 1833 113 75 JVXdh
453 1833 62 75 and
531 1833 103 75 VXcg
649 1833 41 75 to.
702 1833 127 75 revolve
847 1833 40 75 on
905 1833 55 75 the
976 1833 65 75 line
1058 1833 124 75 SXMi
1191 1833 17 75 2
1228 1833 34 75 as

224 1879 38 75 an
281 1879 83 75 axis,
390 1879 62 75 and
465 1879 84 75 their
566 1879 106 75 points
688 1879 21 75 a
726 1879 63 75 and
806 1879 18 75 b
841 1879 68 75 will
925 1879 142 75 defcribe
1084 1879 55 75 the
1161 1879 99 75 limits

222 1926 41 75 of
285 1926 56 75 the
358 1926 179 75 penumbra
551 1926 71 75 TT
643 1926 43 75 on
703 1926 56 75 the
786 1926 119 75 earth’s
934 1926 135 75 furface,
1098 1926 164 75 including

223 1972 57 75 the
295 1972 89 75 large
412 1972 90 75 fpace
519 1972 132 75 «o^i2tf
667 1972 9 75 ;
704 1972 111 75 within
845 1972 107 75 which
979 1972 55 75 the
1058 1972 56 75 fun
1132 1972 129 75 appears

223 2020 90 75 more
330 2020 37 75 or
383 2020 60 75 lefs
461 2020 147 75 eclipfed,
617 2020 7 75 •
634 2020 34 75 as
685 2020 55 75 the
764 2020 106 75 places
896 2020 57 75 are
972 2020 89 75 more
1082 2020 37 75 or
1135 2020 60 75 lefs
1212 2020 48 75 di-

222 2065 82 75 ftant
321 2065 87 75 from
424 2065 56 75 the
496 2065 96 75 verge
610 2065 40 75 of
661 2065 55 75 the
733 2065 175 75 penumbra
924 2065 76 75 aob.

273 2112 104 75 Draw
393 2112 55 75 the
465 2112 87 75 right
568 2112 141 75 lineyt2
729 2112 104 75 acrofs
847 2112 57 75 the
920 2112 85 75 fun’s
1022 2112 80 75 dilk,
1128 2112 133 75 perpen-

224 2159 123 75 dicular
365 2159 34 75 to
416 2159 109 75 SXM
540 2159 55 75 the
612 2159 71 75 axis
700 2159 40 75 of
752 2159 54 75 the
823 2159 176 75 penumbra
1013 2159 9 75 :
1061 2159 86 75 then,
1155 2159 108 75 divide

224 2207 56 75 the
296 2207 64 75 line
369 2207 21 75 y
399 2207 37 75 12
456 2207 68 75 into
542 2207 114 75 twelve
674 2207 95 75 equal
784 2207 100 75 parts,
910 2207 33 75 as
961 2207 31 75 in
1006 2207 55 75 the
1073 2207 113 75 figure,
1211 2207 53 75 for

225 2253 56 75 the
298 2253 116 75 twelve
431 2253 101 75 digits
553 2253 37 75 or
611 2253 100 75 equal'
731 2253 88 75 parts
842 2253 47 75 of
902 2253 55 75 the
977 2253 84 75 fun’s
1082 2253 154 75 diameter
1250 2253 11 75 ;

225 2300 75 75 and,
319 2300 33 75 at
368 2300 94 75 equal
480 2300 154 75 diftances
651 2300 84 75 from
753 2300 55 75 the
833 2300 108 75 centre
958 2300 41 75 of
1019 2300 55 75 the
1090 2300 176 75 penumbra

225 2349 35 75 at
280 2349 40 75 12
342 2349 57 75 (on
416 2349 56 75 the
489 2349 119 75 earth’s
625 2349 123 75 furface
764 2349 80 75 TT)
871 2349 37 75 to
923 2349 41 75 its
977 2349 81 75 edge
1074 2349 77 75 aob,
1175 2349 91 75 draw

227 2393 115 75 twelve
368 2393 183 75 concentric
575 2393 126 75 circles,
727 2393 34 75 as
786 2393 135 75 marked
948 2393 79 75 with
1045 2393 55 75 the
1121 2393 146 75 numeral

226 2440 117 75 figures
365 2440 131 75 1234
515 2440 66 75 <bc.
606 2440 61 75 and
692 2440 176 75 remember
886 2440 73 75 that
983 2440 55 75 the
1055 2440 123 75 moon’s
1196 2440 68 75 mo^

226 2487 68 75 tion
311 2487 32 75 in
366 2487 58 75 her
449 2487 86 75 orbit
551 2487 112 75 AMP
689 2487 27 75 is
733 2487 86 75 from
838 2487 75 75 weft
930 2487 36 75 to
984 2487 75 75 eaft,
1086 2487 33 75 as
1146 2487 86 75 from
1247 2487 20 75 x

227 2535 35 75 to
282 2535 26 75 t.
357 2535 113 75 Then,

273 2580 56 75 To
347 2580 38 75 an
403 2580 148 75 obferver
567 2580 40 75 on
626 2580 55 75 the
705 2580 91 75 earth
820 2580 39 75 at
870 2580 29 75 b,
926 2580 54 75 the
998 2580 118 75 eaftern
1133 2580 79 75 limb
1229 2580 41 75 of

226 2627 56 75 the
300 2627 95 75 moon
412 2627 33 75 at
462 2627 23 75 d
499 2627 99 75 feems
611 2627 35 75 to
663 2627 98 75 touch
778 2627 55 75 the
846 2627 130 75 weftern
993 2627 79 75 limb
1089 2627 41 75 of
1141 2627 55 75 the
1208 2627 56 75 fun

228 2673 33 75 at
277 2673 48 75 JV,
352 2673 93 75 when
462 2673 55 75 the
534 2673 96 75 moon
647 2673 27 75 is
692 2673 39 75 at,
742 2673 66 75 TV/;
835 2673 61 75 and
910 2673 55 75 the
982 2673 84 75 fun’s
1079 2673 114 75 eclipfe
1210 2673 54 75 be-

226 2720 71 75 gins
316 2720 32 75 at
365 2720 31 75 b,
423 2720 171 75 appearing
611 2720 39 75 as,
665 2720 32 75 at
714 2720 37 75 A
766 2720 33 75 in
816 2720 94 75 Plate
925 2720 153 75 XLV1I.
1097 2720 57 75 fig.
1176 2720 31 75 x.
1232 2720 35 75 at

228 2767 56 75 the
304 2767 59 75 left
379 2767 87 75 hand
480 2767 10 75 ;
517 2767 71 75 but,
614 2767 34 75 at
663 2767 56 75 the
731 2767 83 75 fame
827 2767 139 75 moment
980 2767 41 75 of
1032 2767 142 75 abfolute
1187 2767 77 75 time

228 2813 35 75 to
282 2813 39 75 an
338 2813 149 75 obferver
504 2813 32 75 at
560 2813 20 75 a
604 2813 34 75 in
662 2813 92 75 Plate
771 2813 132 75 XLVI.
921 2813 56 75 fig.
997 2813 33 75 3.
1057 2813 56 75 {he
1134 2813 131 75 weftern

228 2861 82 75 edge
330 2861 41 75 of
390 2861 56 75 the
461 2861 95 75 moon
574 2861 32 75 at
623 2861 17 75 c
659 2861 105 75 leaves
781 2861 55 75 the
852 2861 119 75 eaftern
988 2861 82 75 edge
1086 2861 41 75 of
1137 2861 55 75 the
1209 2861 56 75 fun

229 2906 32 75 at
278 2906 40 75 V,
344 2906 62 75 and
426 2906 55 75 the
501 2906 113 75 eclipfe
630 2906 92 75 ends,
740 2906 35 75 as
791 2906 32 75 at
842 2906 54 75 the
913 2906 87 75 right
1016 2906 85 75 hand
1117 2906 38 75 C,
1173 2906 92 75 Plate

228 2952 153 75 XLVH.
399 2952 53 75 fig,
476 2952 31 75 1.
557 2952 49 75 At
625 2952 55 75 the
699 2952 79 75 very
796 2952 82 75 fame
900 2952 125 75 inftant,
1051 2952 36 75 to
1112 2952 42 75 all
1175 2952 90 75 thofe

229 2999 74 75 who
321 2999 62 75 live
398 2999 43 75 on
454 2999 55 75 the
526 2999 95 75 circle
641 2999 132 75 marked
794 2999 13 75 1
828 2999 42 75 on
887 2999 55 75 the
955 2999 89 75 earth
1062 2999 43 75 E,
1123 2999 30 75 in
1171 2999 94 75 Plate

230 3047 133 75 XLVI.
381 3047 53 75 fig.
458 3047 31 75 3.
515 3047 55 75 the
584 3047 95 75 moon
693 3047 48 75 M
754 3047 69 75 cuts
837 3047 52 75 off
900 3047 36 75 or
954 3047 135 75 darkens
1102 3047 19 75 a
1138 3047 127 75 twelfth

229 3094 77 75 pari
321 3094 39 75 of
381 3094 54 75 the
451 3094 58 75 fun
524 3094 40 75 S,
573 3094 5 75 .
589 3094 63 75 and
668 3094 130 75 ecligfes
814 3094 67 75 him
898 3094 60 75 one
975 3094 93 75 digit,
1095 3094 32 75 as
1145 3094 33 75 at
1198 3094 14 75 t
1232 3094 33 75 in

1306 239 95 75 Plate
1417 239 152 75 XLVII.
1595 239 56 75 fig.
1673 239 30 75 1.
1721 239 9 75 :
1765 239 34 75 to
1818 239 92 75 thofe
1932 239 74 75 who
2028 239 63 75 live
2112 239 42 75 on
2176 239 58 75 the
2251 239 97 75 circle

1307 285 133 75 marked
1458 285 18 75 2
1497 285 30 75 in
1545 285 92 75 Plate
1654 285 135 75 XLVI.
1814 285 56 75 fig.
1891 285 32 75 3.
1949 285 56 75 the
2017 285 97 75 moon
2131 285 69 75 curs
2219 285 51 75 off
2281 285 67 75 two

1307 332 130 75 twelfth
1464 332 86 75 parts
1579 332 40 75 of
1643 332 55 75 the
1726 332 69 75 fun,
1832 332 33 75 as
1898 332 33 75 at
1960 332 19 75 2
2009 332 32 75 in
2074 332 93 75 Plate
2195 332 150 75 XLVI1.

1307 380 54 75 fig.
1385 380 57 75 1.;
1469 380 35 75 to
1520 380 92 75 thofe
1628 380 41 75 on
1687 380 55 75 the
1755 380 95 75 circle
1870 380 33 75 3,
1929 380 91 75 three
2037 380 87 75 parts
2139 380 11 75 ;
2180 380 63 75 and
2259 380 33 75 fo
2305 380 43 75 on

1307 426 36 75 to
1360 426 56 75 the
1444 426 109 75 centre
1581 426 33 75 at
1635 426 38 75 12
1704 426 32 75 in
1760 426 95 75 Plate
1870 426 133 75 XLVI.
2028 426 56 75 fig.
2105 426 34 75 3.
2165 426 107 75 where
2292 426 57 75 the

1308 472 55 75 fun
1388 472 26 75 is
1433 472 158 75 centrally
1609 472 149 75 eclipfed,
1785 472 33 75 as
1832 472 31 75 at
1877 472 30 75 B
1923 472 31 75 in
1972 472 55 75 the
2043 472 121 75 middle
2180 472 40 75 of
2237 472 54 75 fig.
2316 472 31 75 1.

1308 519 93 75 Plate
1425 519 150 75 XLVII.
1593 519 10 75 ;
1631 519 101 75 under
1757 519 106 75 which
1892 519 99 75 figure
2009 519 90 75 there
2128 519 26 75 is
2179 519 18 75 a
2212 519 84 75 fcale
2313 519 41 75 of

1309 566 96 75 hours
1425 566 61 75 and
1504 566 150 75 minutes,
1679 566 36 75 to
1732 566 82 75 Ihew
1831 566 32 75 at
1884 566 18 75 a
1919 566 91 75 mean
2034 566 79 75 ftate
2136 566 76 75 how
2228 566 78 75 long
2322 566 27 75 it

1308 613 27 75 is
1353 613 85 75 from
1456 613 55 75 the
1539 613 173 75 beginning
1728 613 35 75 to
1783 613 56 75 the
1856 613 63 75 end
1935 613 41 75 of
1996 613 18 75 a
2031 613 121 75 central
2172 613 113 75 eclipfe
2311 613 42 75 of

1309 661 55 75 the
1384 661 57 75 fun
1461 661 42 75 on
1525 661 53 75 the
1597 661 131 75 parallel
1746 661 40 75 of
1806 661 140 75 London
1962 661 10 75 ;
2000 661 63 75 and
2085 661 76 75 how
2186 661 95 75 many
2298 661 50 75 di-

1308 708 62 75 gits
1388 708 53 75 are
1458 708 136 75 eclipfed
1608 708 32 75 at
1654 708 62 75 any
1727 708 174 75 particular
1913 708 77 75 time
2008 708 83 75 from
2105 708 54 75 the
2177 708 172 75 beginning

1310 753 32 75 at
1359 753 36 75 A
1408 753 36 75 to
1462 753 55 75 the
1533 753 122 75 middle
1672 753 33 75 at
1723 753 43 75 B,
1792 753 38 75 or
1846 753 56 75 the
1919 753 63 75 end
1998 753 33 75 at
2044 753 37 75 C.
2129 753 109 75 Thus,
2256 753 32 75 in
2306 753 41 75 16

1310 802 136 75 minutes
1470 802 85 75 from
1583 802 56 75 the
1667 802 185 75 beginning,
1892 802 57 75 the
1977 802 55 75 fun
2052 802 28 75 is
2105 802 67 75 two
2192 802 97 75 digits
2313 802 34 75 e-

1310 849 115 75 clipfed
1440 849 11 75 ;
1477 849 32 75 in
1527 849 38 75 an
1583 849 83 75 hour
1683 849 62 75 and
1762 849 60 75 five
1846 849 150 75 minutes,
2026 849 89 75 eight
2132 849 96 75 digits
2244 849 9 75 ;
2285 849 63 75 and

1307 895 31 75 in
1355 895 40 75 an
1412 895 83 75 hour
1513 895 61 75 and
1595 895 39 75 37
1654 895 151 75 minutes,
1836 895 39 75 12
1894 895 110 75 digits.

1356 943 52 75 By
1417 943 92 75 Plate
1521 943 133 75 XLVI.
1665 943 55 75 fig.
1737 943 32 75 3.
1787 943 25 75 it
1825 943 26 75 is
1867 943 95 75 plain,
1976 943 70 75 that
2056 943 55 75 the
2124 943 55 75 fun
2192 943 26 75 is
2231 943 117 75 totally

1307 990 37 75 or
1355 990 157 75 centrally
1523 990 138 75 eclipfed
1677 990 59 75 but
1752 990 36 75 to
1801 990 18 75 a
1830 990 90 75 fmall
1933 990 71 75 part
2016 990 40 75 of
2068 990 55 75 the
2136 990 90 75 earth
2240 990 32 75 at
2285 990 64 75 any

1304 1037 81 75 time
1400 1037 11 75 ;
1437 1037 131 75 becaufe
1585 1037 55 75 the
1664 1037 81 75 dark
1766 1037 122 75 conical
1916 1037 127 75 ihadow
2071 1037 16 75 e
2111 1037 41 75 of
2175 1037 54 75 the
2251 1037 96 75 moon

1311 1084 48 75 M
1371 1084 74 75 falls
1463 1084 57 75 but
1536 1084 42 75 on
1596 1084 19 75 a
1638 1084 90 75 fmall
1753 1084 71 75 part
1841 1084 41 75 of
1899 1084 55 75 the
1977 1084 91 75 earth
2083 1084 11 75 ;
2125 1084 62 75 and
2205 1084 70 75 that
2291 1084 56 75 the

1310 1130 113 75 partial
1440 1130 115 75 eclipfe
1579 1130 26 75 is
1624 1130 144 75 confined
1791 1130 33 75 at
1849 1130 71 75 that
1942 1130 78 75 time
2044 1130 36 75 to
2103 1130 55 75 the
2182 1130 91 75 fpace
2298 1130 48 75 in-

1310 1177 116 75 cluded
1454 1177 42 75 by
1513 1177 54 75 the
1584 1177 97 75 circle
1697 1177 77 75 aob,
1801 1177 40 75 of
1853 1177 105 75 which
1976 1177 76 75 only
2069 1177 60 75 one
2147 1177 73 75 half
2232 1177 57 75 can
2308 1177 40 75 be

1310 1224 162 75 projected
1488 1224 32 75 in
1538 1224 55 75 the
1610 1224 113 75 figure,
1749 1224 54 75 the
1820 1224 94 75 other
1934 1224 74 75 half
2027 1224 95 75 being
2141 1224 153 75 fuppofed
2311 1224 37 75 to

1309 1271 39 75 be
1372 1271 57 75 hid
1454 1271 42 75 by
1512 1271 55 75 the
1592 1271 175 75 convexity
1783 1271 40 75 of
1845 1271 55 75 the
1917 1271 91 75 earth
2068 1271 8 75 :
2105 1271 62 75 and
2191 1271 155 75 likewife,

1310 1317 69 75 that
1396 1317 42 75 no
1455 1317 71 75 part
1545 1317 40 75 of
1599 1317 53 75 the
1672 1317 56 75 fun
1744 1317 27 75 is
1788 1317 138 75 eclipfed
1943 1317 34 75 to
1998 1317 55 75 the
2077 1317 88 75 large
2183 1317 90 75 fpace
2290 1317 62 75 TT

1310 1364 39 75 of
1367 1364 56 75 the
1440 1364 104 75 earth,
1570 1364 131 75 becaufe
1718 1364 55 75 the
1794 1364 96 75 moan
1918 1364 26 75 is
1965 1364 57 75 not
2046 1364 144 75 between
2217 1364 55 75 the
2289 1364 57 75 fun

1310 1411 61 75 and
1387 1411 62 75 any
1461 1411 40 75 of
1517 1411 71 75 that
1605 1411 70 75 part
1698 1411 41 75 of
1757 1411 56 75 the
1831 1411 91 75 earth
1938 1411 8 75 :
1975 1411 63 75 and
2061 1411 164 75 therefore
2251 1411 33 75 to
2303 1411 43 75 all

1310 1458 68 75 that
1396 1458 71 75 part
1484 1458 55 75 the
1561 1458 114 75 eclipfe
1700 1458 26 75 is
1743 1458 155 75 invifible.
1947 1458 77 75 The
2041 1458 91 75 earth
2154 1458 89 75 turns
2266 1458 80 75 eaft-

1310 1506 195 75 wardonits
1522 1506 85 75 axis,
1633 1506 34 75 as
1685 1506 82 75 from
1778 1506 28 75 ^
1822 1506 35 75 to
1873 1506 31 75 h,
1931 1506 106 75 which
2054 1506 26 75 is
2102 1506 55 75 the
2175 1506 82 75 fame
2274 1506 72 75 way

1310 1552 70 75 that
1397 1552 56 75 the
1477 1552 124 75 moon’s
1618 1552 129 75 Ihadow
1769 1552 109 75 moves
1892 1552 11 75 ;
1928 1552 59 75 but
2004 1552 56 75 the
2082 1552 124 75 moon’s
2224 1552 124 75 motion

1310 1599 24 75 is
1353 1599 94 75 much
1472 1599 123 75 fwifter
1611 1599 32 75 in
1655 1599 59 75 her
1726 1599 85 75 orbit
1828 1599 85 75 from
1929 1599 16 75 /
1963 1599 34 75 to
2014 1599 14 75 /
2043 1599 9 75 :
2091 1599 62 75 and
2169 1599 176 75 therefore,

1310 1646 155 75 although
1482 1646 132 75 eclipfes
1631 1646 40 75 of
1694 1646 55 75 the
1772 1646 56 75 fun
1857 1646 54 75 are
1928 1646 40 75 of
1988 1646 111 75 longer
2128 1646 149 75 duration
2301 1646 45 75 on

1310 1693 133 75 account
1456 1693 40 75 of
1509 1693 54 75 the
1580 1693 119 75 earth’s
1717 1693 123 75 motion
1857 1693 42 75 on
1910 1693 42 75 its
1970 1693 69 75 axis
2053 1693 76 75 than
2146 1693 78 75 they
2237 1693 117 75 would,

1310 1740 38 75 be
1364 1740 32 75 if
1407 1740 71 75 that
1495 1740 122 75 motion
1635 1740 64 75 was
1717 1740 95 75 ftopt,
1838 1740 66 75 yet,
1922 1740 32 75 in
1971 1740 75 75 four
2063 1740 136 75 minutes
2217 1740 39 75 of
2269 1740 77 75 time

1310 1786 32 75 at
1359 1786 91 75 moft,
1477 1786 55 75 the
1548 1786 124 75 moon’s
1689 1786 121 75 fwifter
1834 1786 122 75 motion
1973 1786 116 75 carries
2105 1786 62 75 her
2181 1786 80 75 dark
2278 1786 67 75 Iha-

1309 1833 75 75 dow
1401 1833 90 75 quite
1516 1833 76 75 over
1615 1833 63 75 any
1694 1833 88 75 place
1799 1833 70 75 that
1892 1833 41 75 i:s
1951 1833 109 75 centre
2085 1833 132 75 touches
2241 1833 32 75 at
2290 1833 57 75 the

1310 1880 76 75 time
1403 1880 41 75 of
1465 1880 136 75 greateft
1617 1880 216 75 obfeuration.
1883 1880 76 75 The
1985 1880 121 75 motion
2131 1880 41 75 of
2194 1880 55 75 the
2277 1880 70 75 Iha-

1310 1927 73 75 dow
1405 1927 45 75 on
1472 1927 55 75 tire
1550 1927 120 75 earth’s
1695 1927 67 75 diflc
1787 1927 26 75 is
1835 1927 94 75 equal
1955 1927 34 75 to
2007 1927 55 75 the
2081 1927 124 75 moon’s
2223 1927 124 75 motion

1310 1973 84 75 from
1411 1973 55 75 the
1490 1973 69 75 fun,
1586 1973 106 75 which
1716 1973 27 75 is
1761 1973 99 75 about
1884 1973 70 75 30X
1969 1973 137 75 minutes
2124 1973 40 75 of
2182 1973 19 75 a
2229 1973 119 75 degree

1310 2019 96 75 every
1421 2019 83 75 hour
1521 2019 33 75 at
1570 2019 18 75 a
1604 2019 91 75 mean
1713 2019 68 75 rate
1796 2019 10 75 ;
1833 2019 57 75 but
1915 2019 34 75 fo
1965 2019 97 75 much
2087 2019 41 75 of
2147 2019 56 75 the
2220 2019 126 75 moon’s

1310 2067 85 75 orbit
1421 2067 26 75 is
1464 2067 94 75 equal
1587 2067 35 75 to
1652 2067 68 75 30!-
1735 2067 132 75 degrees
1885 2067 40 75 of
1947 2067 19 75 a
1993 2067 90 75 great
2111 2067 96 75 circle
2232 2067 39 75 on
2290 2067 57 75 the

1310 2114 112 75 earth;
1450 2114 63 75 and
1539 2114 164 75 therefore
1729 2114 55 75 the
1801 2114 124 75 moon’s
1952 2114 127 75 fhadow
2101 2114 76 75 goes
2204 2114 70 75 304
2289 2114 57 75 de-

1310 2162 102 75 grees,
1440 2162 37 75 or
1507 2162 89 75 1830
1619 2162 223 75 geographical
1867 2162 91 75 miles
1983 2162 41 75 on
2051 2162 56 75 the
2130 2162 90 75 earth
2246 2162 31 75 in
2307 2162 40 75 an

1311 2208 94 75 hour,
1439 2208 37 75 or
1501 2208 69 75 304
1585 2208 91 75 miles
1700 2208 31 75 in
1757 2208 18 75 a
1799 2208 132 75 minute,
1963 2208 107 75 which
2089 2208 26 75 is
2137 2208 111 75 almoft
2272 2208 76 75 four

1313 2256 91 75 times
1421 2256 35 75 as
1471 2256 85 75 fwift
1572 2256 34 75 as
1623 2256 57 75 the
1695 2256 123 75 motion
1835 2256 40 75 of
1886 2256 19 75 a
1921 2256 122 75 cannon
2061 2256 79 75 ball.

1360 2302 48 75 As
1429 2302 74 75 feen
1524 2302 85 75 from
1631 2302 55 75 the
1709 2302 55 75 fun
1785 2302 38 75 or
1840 2302 109 75 moon,
1978 2302 55 75 the
2058 2302 121 75 earth’s
2195 2302 70 75 axis
2291 2302 56 75 ap-

1313 2349 92 75 pears
1425 2349 186 75 differently
1627 2349 140 75 inclined
1791 2349 95 75 every
1907 2349 63 75 day
1988 2349 39 75 of
2050 2349 55 75 the
2121 2349 88 75 year,
2235 2349 41 75 on
2294 2349 53 75 ac-

1314 2395 96 75 count
1434 2395 40 75 of
1496 2395 135 75 keeping
1648 2395 40 75 its
1718 2395 188 75 parallelifm
1934 2395 199 75 throughout
2162 2395 41 75 its
2232 2395 115 75 annual

1315 2442 120 75 courfe.
1497 2442 37 75 In
1559 2442 92 75 Plate
1679 2442 148 75 XLVII.
1848 2442 55 75 fig.
1923 2442 34 75 2.
1982 2442 45 75 let
2056 2442 145 75 EBON
2223 2442 39 75 be
2291 2442 56 75 the

1313 2488 90 75 earth
1420 2488 35 75 at
1464 2488 55 75 the
1536 2488 65 75 two
1618 2488 178 75 equinoxes
1813 2488 62 75 and
1893 2488 54 75 the
1964 2488 66 75 two
2047 2488 151 75 folftices,
2224 2488 64 75 NS
2305 2488 41 75 its

1314 2536 84 75 axis,
1424 2536 109 75 iVthe
1550 2536 96 75 north
1664 2536 85 75 pole,
1776 2536 24 75 S
1829 2536 56 75 the
1912 2536 92 75 fouth
2032 2536 87 75 pole,
2143 2536 153 75 ^.’j^the
2312 2536 34 75 e*

1315 2581 129 75 quator,
1470 2581 34 75 T
1516 2581 55 75 the
1597 2581 103 75 tropic
1720 2581 41 75 of
1777 2581 140 75 Cancer,
1943 2581 14 75 t
1974 2581 55 75 the
2049 2581 103 75 tropic
2168 2581 40 75 of
2230 2581 118 75 Capri-

1314 2629 88 75 corn,
1428 2629 62 75 and
1518 2629 96 75 ABC
1638 2629 56 75 the
1721 2629 249 75 circumference
1997 2629 41 75 of
2060 2629 55 75 the
2143 2629 119 75 earth’s
2291 2629 59 75 en-

1313 2674 161 75 lightened
1493 2674 68 75 diflc
1577 2674 33 75 as
1627 2674 71 75 feen
1718 2674 84 75 from
1815 2674 55 75 the
1887 2674 55 75 fun
1960 2674 37 75 or
2014 2674 70 75 new
2097 2674 94 75 moon
2210 2674 32 75 at
2260 2674 87 75 thefe

1313 2723 104 75 times.
1465 2723 78 75 The
1559 2723 119 75 earth’s
1695 2723 70 75 axis
1791 2723 63 75 has
1874 2723 55 75 the
1958 2723 133 75 pofition
2118 2723 97 75 NES
2243 2723 32 75 at
2291 2723 74 75 the.

1314 2770 109 75 vernal
1449 2770 156 75 equinox,
1630 2770 90 75 lying
1743 2770 139 75 tov/ards
1907 2770 55 75 the
1991 2770 84 75 right
2092 2770 97 75 hand,
2215 2770 33 75 as
2274 2770 72 75 feen

1315 2818 84 75 from
1415 2818 56 75 the
1499 2818 55 75 fun
1572 2818 37 75 or
1636 2818 71 75 new
1723 2818 121 75 moon;
1874 2818 43 75 its
1945 2818 87 75 poles
2057 2818 45 75 N
2120 2818 62 75 and
2198 2818 26 75 S
2252 2818 96 75 being

1315 2864 74 75 then
1407 2864 32 75 in
1457 2864 55 75 the
1529 2864 247 75 circumference
1792 2864 40 75 of
1854 2864 55 75 the
1926 2864 68 75 diflc
2008 2864 11 75 ;
2058 2864 63 75 and
2135 2864 58 75 the
2211 2864 136 75 equator

1315 2911 61 75 and
1394 2911 40 75 all
1463 2911 43 75 its
1534 2911 148 75 parallels
1709 2911 84 75 feem
1809 2911 35 75 to
1872 2911 39 75 be
1939 2911 132 75 ftraight
2098 2911 93 75 lines,
2216 2911 132 75 becaufe

1315 2957 83 75 their
1415 2957 106 75 planes
1539 2957 68 75 pafs
1620 2957 141 75 through
1779 2957 55 75 the
1846 2957 175 75 oblerver’§
2038 2957 59 75 eye
2108 2957 132 75 looking
2252 2957 96 75 down

1316 3004 83 75 upon
1416 3004 54 75 the
1493 3004 91 75 earth
1611 3004 84 75 from
1721 3004 56 75 the
1799 3004 55 75 fun
1880 3004 37 75 or
1941 3004 95 75 moon
2060 3004 133 75 diredlly
2211 3004 76 75 over
2301 3004 36 75 E'
2337 3004 11 75 ,

1317 3051 105 75 where
1439 3051 54 75 the
1510 3051 126 75 ecliptic
1654 3051 56 75 EG
1723 3051 164 75 interfedls
1900 3051 56 75 the
1972 3051 135 75 equator
2124 3051 53 75 A?.
2227 3051 48 75 At
2292 3051 56 75 the

1315 3099 137 75 fummer
1467 3099 135 75 folftice,
1628 3099 56 75 the
1701 3099 124 75 earth’s
1838 3099 71 75 axis
1925 3099 58 75 has
2000 3099 54 75 the
2068 3099 134 75 pofition
2218 3099 104 75 NOS
2335 3099 11 75 •
