2397 3387
558 24 35 75 B
682 24 39 75 O
811 24 39 75 O
938 24 37 75 K
1015 24 15 75 -
1081 24 38 75 K

192 91 32 75 6.
246 91 112 75 When
374 91 82 75 your
473 91 163 75 employer
654 91 106 75 remits
786 91 17 75 a
828 91 55 75 bill
909 91 35 75 to
968 91 76 75 you,
1081 91 91 75 enter

145 134 94 75 Cash,
266 134 29 75 if
308 134 61 75 you
389 134 121 75 receive
526 134 124 75 prefent
668 134 147 75 payment
831 134 10 75 ;
867 134 48 75 or,
942 134 29 75 if
986 134 67 75 not,
1080 134 90 75 Bills

145 180 188 75 receivable.
360 180 53 75 Dr
431 180 34 75 to
482 180 44 75 A.
544 180 40 75 B.
602 180 50 75 his
675 180 306 75 acccmpt-current,
1009 180 50 75 for
1079 180 91 75 value

149 227 38 75 of
201 227 52 75 the
272 227 68 75 bill.

193 271 86 75 Note
305 271 28 75 i.
359 271 109 75 When
487 271 61 75 you
566 271 59 75 pay
644 271 53 75 the
714 271 56 75 bill
787 271 181 75 mentioned
992 271 32 75 in
1041 271 70 75 cafe
1129 271 34 75 2.

145 317 99 75 tnter"
253 317 86 75 Bills
348 317 136 75 pajab/e
501 317 53 75 Dr
571 317 33 75 u>
616 317 97 75 Cash.
764 317 90 75 Sept.
877 317 54 75 10.

194 365 87 75 Note
300 365 16 75 2
357 365 129 75 Charge
513 365 47 75 A.
586 365 44 75 B.
659 365 48 75 his
735 365 140 75 accompt
901 365 132 75 current
1058 365 53 75 Dr
1135 365 34 75 to

145 409 95 75 Cash,
266 409 51 75 for
344 409 41 75 all
414 409 131 75 charges
563 409 63 75 you
653 409 58 75 pay
730 409 31 75 in
788 409 125 75 making
932 409 135 75 returns,
1092 409 74 75 fuch

146 455 31 75 as
187 455 138 75 poffage.

194 501 86 75 Note
310 501 32 75 3.
368 501 129 75 Having
521 501 72 75 now
609 501 102 75 (hewn
740 501 72 75 how
828 501 34 75 to
874 501 291 75 .keep/ivt?(jry-<rc-

144 547 116 75 compts
278 547 31 75 in
337 547 80 75 your
434 547 71 75 own
524 547 112 75 books,
662 547 92 75 along
771 547 76 75 with
871 547 81 75 your
974 547 94 75 other
1087 547 78 75 bufi-

143 592 82 75 nefs,
250 592 24 75 it
293 592 63 75 will
375 592 55 75 not
448 592 38 75 be
502 592 157 75 improper
686 592 36 75 to
749 592 140 75 obferve,
914 592 69 75 that
1001 592 86 75 thefe
1111 592 37 75 ac

144 639 122 75 compts
295 639 73 75 may
395 639 64 75 alfo
488 639 37 75 be
554 639 86 75 kept,
668 639 40 75 by
736 639 72 75 help
832 639 38 75 of
894 639 54 75 the
970 639 93 75 Sales
1081 639 83 75 book,

146 683 138 75 without
311 683 146 75 bringing
483 683 61 75 any
570 683 91 75 thing
689 683 34 75 to
752 683 78 75 your
847 683 136 75 Ledger,
1008 683 37 75 or
1072 683 93 75 other

147 728 115 75 books,
290 728 115 75 except
436 728 55 75 the
522 728 141 75 accotupt
686 728 145 75 current,
868 728 92 75 thus:
993 728 95 75 Turn
1112 728 54 75 the

148 773 105 75 SaleS'
253 773 76 75 look
346 773 68 75 into
441 773 17 75 a
477 773 176 75 folio-form
668 773 9 75 ;
703 773 58 75 and
780 773 89 75 when
887 773 62 75 you
966 773 122 75 receive
1113 773 54 75 the

144 818 166 75 eonfigned
321 818 113 75 goods,
459 818 88 75 enter
563 818 85 75 them
667 818 38 75 on
723 818 53 75 the
793 818 53 75 Dr
870 818 75 75 fide,
971 818 195 75 mentioning

146 864 85 75 their
247 864 157 75 quantity,
431 864 101 75 mark,
548 864 59 75 and
625 864 142 75 number,
793 864 77 75 with
888 864 54 75 the
956 864 132 75 charges
1102 864 64 75 you

147 911 61 75 pay
221 911 9 75 ;
256 911 34 75 to
307 911 103 75 which
435 911 62 75 fide
521 911 65 75 alfo
612 911 92 75 carry
732 911 41 75 all
790 911 81 75 after
887 911 145 75 charges,
1058 911 107 75 abate-

145 954 103 75 ments
264 954 91 75 m-ide
373 954 33 75 to
423 954 126 75 buyers,
575 954 61 75 and
660 954 80 75 your
766 954 71 75 own
862 954 189 75 coramiflion
1113 954 54 75 On

142 1001 57 75 the
226 1001 48 75 Cr
297 1001 75 75 fide,
398 1001 89 75 enter
515 1001 52 75 rhe
587 1001 101 75 fales,
714 1001 194 75 mentioning
936 1001 54 75 the
1008 1001 105 75 names
1130 1001 40 75 of

144 1047 54 75 the
215 1047 114 75 buyers
348 1047 40 75 on
409 1047 98 75 time;
534 1047 73 75 and,
632 1047 33 75 as
680 1047 76 75 they
779 1047 73 75 pay,
878 1047 89 75 mark
984 1047 55 75 the
1056 1047 109 75 article

143 1091 34 75 as
193 1091 132 75 paid.on
342 1091 55 75 the
420 1091 145 75 margin;
590 1091 49 75 or,
666 1091 102 75 which
795 1091 63 75 will
876 1091 42 75 do
938 1091 65 75 juft
1019 1091 33 75 as
1078 1091 84 75 well,

143 1135 96 75 never
254 1135 89 75 draw
358 1135 56 75 out
431 1135 54 75 the
502 1135 81 75 fums
602 1135 33 75 to
653 1135 53 75 the
724 1135 113 75 money
855 1135 153 75 columns,
1035 1135 47 75 till
1101 1135 62 75 you

142 1180 124 75 receive
284 1180 159 75 payment.
498 1180 38 75 In
556 1180 79 75 your
664 1180 135 75 Ledger,
824 1180 71 75 give
912 1180 43 75 A.
972 1180 40 75 B.
1036 1180 48 75 his
1108 1180 41 75 ac

141 1225 101 75 cotnpt
253 1225 133 75 cur-ent
399 1225 100 75 credit
515 1225 51 75 for
582 1225 42 75 all
642 1225 53 75 the
714 1225 78 75 mon:
808 1225 17 75 y
839 1225 61 75 you
911 1225 121 75 receive
1045 1225 49 75 for
1112 1225 49 75 hts

141 1272 112 75 gpods,
282 1272 59 75 asid
361 1272 90 75 make
469 1272 54 75 the
548 1272 83 75 fame
647 1272 140 75 accompt
808 1272 50 75 Dr
878 1272 43 75 fot
943 1272 41 75 all
1003 1272 54 75 the
1070 1272 90 75 char-

139 1317 55 75 ges
214 1317 69 75 pakl
300 1317 42 75 by
359 1317 74 75 you,
460 1317 194 75 abatements
671 1317 91 75 made
779 1317 34 75 to
831 1317 127 75 buyers,
984 1317 80 75 your
1088 1317 71 75 own

138 1361 200 75 comraiflion,
364 1361 59 75 and
441 1361 123 75 returns
589 1361 90 75 made
703 1361 36 75 to
767 1361 78 75 your
873 1361 172 75 employer.
1092 1361 66 75 But

138 1407 121 75 though
279 1407 62 75 this
368 1407 128 75 method
522 1407 71 75 may
621 1407 71 75 now
718 1407 59 75 and
806 1407 74 75 then
914 1407 37 75 be
978 1407 72 75 ufed
1080 1407 78 75 with

140 1454 117 75 n-fpedt
273 1454 34 75 to
318 1454 86 75 fmall
419 1454 224 75 confignments
655 1454 9 75 ;
682 1454 54 75 yet
755 1454 54 75 the
822 1454 187 75 conducing
1026 1454 38 75 of
1077 1454 86 75 large

132 1497 155 75 concerns
300 1497 30 75 in
350 1497 121 75 fadtory
486 1497 140 75 requires
645 1497 54 75 the
716 1497 52 75 ufe
784 1497 39 75 of
835 1497 40 75 all
894 1497 54 75 the
977 1497 60 75 five
1057 1497 99 75 books

137 1543 180 75 mentioned
337 1543 31 75 at
387 1543 53 75 the
458 1543 167 75 beginning
641 1543 37 75 of
692 1543 63 75 this
767 1543 138 75 chapter.

185 1589 86 75 Note
288 1589 31 75 4.
342 1589 109 75 When
465 1589 63 75 you
546 1589 113 75 cannot
676 1589 120 75 difpofe
811 1589 40 75 of
863 1589 81 75 your
966 1589 189 75 employer’s

134 1635 101 75 goods
263 1635 34 75 to
325 1635 186 75 advantage,
537 1635 60 75 and
623 1635 172 75 thereupon
823 1635 43 75 by
890 1635 50 75 his
969 1635 95 75 order
1088 1635 66 75 Chip

135 1680 89 75 them
242 1680 50 75 off
313 1680 34 75 to
364 1680 16 75 a
400 1680 99 75 fadlor
526 1680 39 75 of
585 1680 79 75 your
689 1680 84 75 own,
798 1680 31 75 in
853 1680 197 75 expedfation
1078 1680 39 75 of
1137 1680 18 75 a

133 1724 107 75 better
264 1724 132 75 market,
423 1724 54 75 the
505 1724 125 75 regular
658 1724 129 75 method
816 1724 30 75 in
871 1724 62 75 this
960 1724 68 75 cafe
1056 1724 40 75 is,
1125 1724 29 75 1.

131 1770 111 75 When
259 1770 61 75 you
338 1770 64 75 (hip
419 1770 52 75 off
482 1770 54 75 the
553 1770 112 75 goods,
782 1770 122 75 Voyage
914 1770 30 75 to
1040 1770 98 75 forac

135 1815 98 75 count
256 1815 40 75 of
320 1815 80 75 your
421 1815 181 75 Employer,
629 1815 52 75 Dr
697 1815 35 75 to
748 1815 94 75 Cash,
870 1815 50 75 for
935 1815 131 75 charges
1083 1815 72 75 paid

132 1861 32 75 at
181 1861 140 75 (hipping
385 1861 31 75 2.
435 1861 109 75 When
558 1861 60 75 you
628 1861 78 75 have
722 1861 110 75 adyice
845 1861 82 75 from
946 1861 204 75 yourfaiftor,

132 1906 69 75 that
219 1906 40 75 he
275 1906 55 75 has
350 1906 140 75 received
510 1906 98 75 them,
635 1906 89 75 enter
741 1906 80 75 your
844 1906 167 75 Employer
1026 1906 50 75 his
1096 1906 54 75 ac-

131 1953 99 75 compt
255 1953 43 75 of
304 1953 96 75 goods
427 1953 31 75 in
486 1953 55 75 the
557 1953 101 75 hands
674 1953 40 75 of
725 1953 128 75 fattor,
878 1953 37 75 or
937 1953 109 75 rather
1070 1953 80 75 your

130 2000 166 75 Employer
303 2000 51 75 his
368 2000 140 75 accompt
519 2000 42 75 of
563 2000 92 75 goods
667 2000 32 75 at
716 2000 73 75 fuch
803 2000 18 75 a
839 2000 101 75 place,
960 2000 51 75 Dr
1026 2000 33 75 to
1071 2000 77 75 Voy-

135 2046 59 75 age
210 2046 133 75 thither,
368 2046 50 75 for
434 2046 132 75 charges
583 2046 39 75 of
645 2046 54 75 the
723 2046 64 75 faid
800 2046 133 75 voyage.
985 2046 34 75 3.
1039 2046 110 75 When

129 2090 64 75 you
216 2090 79 75 have
312 2090 109 75 advice
438 2090 69 75 that
532 2090 40 75 he
589 2090 55 75 has
667 2090 68 75 fold
750 2090 99 75 them,
875 2090 28 75 e.
917 2090 37 75 g.
978 2090 51 75 for
1053 2090 97 75 ready

129 2133 125 75 money,
268 2133 86 75 enter
373 2133 79 75 your
469 2133 162 75 Employer
649 2133 49 75 his
714 2133 139 75 accompt
870 2133 133 75 current
1018 2133 37 75 at

131 2178 53 75 Dr
204 2178 40 75 to
261 2178 82 75 ditto
358 2178 48 75 his
421 2178 139 75 accompt
587 2178 43 75 of
637 2178 96 75 goods
750 2178 35 75 at
879 2178 12 75 ,
918 2178 49 75 for
985 2178 73 75 neat
1077 2178 72 75 pro-

129 2223 104 75 ceeds.
282 2223 75 75 The
380 2223 91 75 entry
488 2223 31 75 in
536 2223 60 75 any
613 2223 91 75 other
721 2223 67 75 cafe
805 2223 62 75 will
898 2223 38 75 be
953 2223 132 75 obvious
1113 2223 34 75 to

134 2268 58 75 o»e
211 2268 72 75 who
300 2268 202 75 underftands
515 2268 115 75 proper
644 2268 95 75 trade
756 2268 40 75 <sr\
796 2268 19 75 A
822 2268 185 75 faflorage,
1032 2268 33 75 as
1089 2268 57 75 ex-

131 2314 125 75 plained
278 2314 99 75 above
439 2314 65 75 But
522 2314 118 75 though
653 2314 63 75 this
735 2314 36 75 be
789 2314 53 75 the
867 2314 124 75 regular
1002 2314 143 75 method,

126 2360 56 75 yet
198 2360 31 75 in
243 2360 62 75 real
316 2360 144 75 pradfice,
479 2360 54 75 the
551 2360 62 75 beft
630 2360 80 75 way,
736 2360 31 75 in
777 2360 58 75 our
846 2360 138 75 opinion,
997 2360 40 75 is,
1056 2360 90 75 when

129 2405 64 75 you
211 2405 64 75 (hip
293 2405 52 75 the
365 2405 113 75 goods,
502 2405 37 75 to
555 2405 112 75 charge
686 2405 53 75 the
756 2405 187 75 employer’s
961 2405 139 75 atcompt
1117 2405 43 75 of

122 2451 95 75 goods
236 2451 49 75 (as
296 2451 75 75 they
382 2451 84 75 (land
484 2451 29 75 in
527 2451 80 75 your
617 2451 135 75 Ledger)
773 2451 51 75 Dr
838 2451 33 75 to
883 2451 95 75 Cash,
992 2451 49 75 for
1054 2451 90 75 char-

127 2498 54 75 ges
199 2498 31 75 at
247 2498 149 75 (hipping,
425 2498 125 75 making
569 2498 40 75 no
626 2498 85 75 more
727 2498 128 75 entries,
882 2498 47 75 till
947 2498 61 75 you
1023 2498 120 75 receive

127 2543 56 75 the
193 2543 152 75 Accompt
361 2543 44 75 of
407 2543 98 75 fates,
525 2543 59 75 and
598 2543 74 75 then
689 2543 117 75 charge
826 2543 33 75 A
883 2543 40 75 B.
946 2543 50 75 his
1015 2543 126 75 accmpt

128 2589 41 75 of
171 2589 107 75 goods,
304 2589 50 75 for
371 2589 53 75 the
441 2589 70 75 neat
528 2589 148 75 proceeds
688 2589 10 75 ;
725 2589 59 75 and
796 2589 163 75 difcharge
971 2589 40 75 A.
1031 2589 39 75 B.
1093 2589 49 75 his

126 2632 138 75 accompt
282 2632 132 75 current
432 2632 32 75 at
574 2632 10 75 ,
610 2632 32 75 as
660 2632 121 75 returns
797 2632 52 75 are
862 2632 90 75 made
968 2632 34 75 to
1020 2632 60 75 you
1100 2632 41 75 by

121 2680 84 75 -your
218 2680 111 75 fadlor.

341 2758 28 75 3.
396 2758 39 75 In
463 2758 454 75 PARTNERSHIP.

167 2820 272 75 Partnership
457 2820 26 75 is
503 2820 70 75 that
589 2820 118 75 branch
726 2820 37 75 of
776 2820 90 75 trade
890 2820 102 75 which
1018 2820 26 75 is
1068 2820 65 75 ma-

1206 20 34 75 E
1325 20 35 75 £
1449 20 34 75 P
1570 20 18 75 I
1673 20 43 75 N
1814 20 54 75 G.

2139 20 105 75 (*C)

1222 83 100 75 naged
1340 83 60 75 and
1413 83 124 75 carried
1553 83 40 75 on
1611 83 42 75 by
1671 83 18 75 a
1705 83 126 75 truftee,
1856 83 35 75 in
1912 83 54 75 the
1983 83 103 75 name,
2111 83 62 75 and
2189 83 53 75 for

1220 129 54 75 the
1291 129 133 75 account
1440 129 39 75 of
1490 129 55 75 the
1562 129 143 75 partners
1724 129 9 75 ;
1756 129 71 75 that
1843 129 38 75 is,
1910 129 89 75 when
2013 129 16 75 a
2043 129 84 75 joint
2141 129 99 75 flock,

1221 174 91 75 made
1330 174 40 75 bp
1388 174 43 75 by
1448 174 65 75 two
1529 174 37 75 or
1584 174 88 75 more
1687 174 195 75 merchants,
1913 174 27 75 is
1957 174 160 75 depolued
2135 174 31 75 in
2184 174 58 75 the

1219 220 100 75 hands
1336 220 40 75 of
1388 220 60 75 one
1464 220 123 75 perfon,
1613 220 34 75 to
1664 220 39 75 be
1719 220 167 75 employed
1904 220 42 75 by
1961 220 66 75 him
2044 220 31 75 in
2092 220 19 75 a
2124 220 68 75 way
2204 220 42 75 of

1219 266 188 75 commerce,
1430 266 172 75 according
1619 266 34 75 to
1670 266 210 75 inftrudtions.

1261 311 205 75 Merchants,
1491 311 82 75 upon
1590 311 144 75 entering
1750 311 298 75 \niopartnership.
2075 311 164 75 generally

1218 357 93 75 chufe
1328 357 59 75 one
1404 357 39 75 of
1466 357 82 75 their
1570 357 70 75 own
1666 357 144 75 number,
1835 357 35 75 to
1893 357 29 75 w
1946 357 53 75 orn
2015 357 76 75 they
2108 357 132 75 commit

1216 404 54 75 the
1287 404 219 75 management
1530 404 40 75 of
1592 404 84 75 their
1698 404 323 75 company-eoncerns
2038 404 8 75 ;
2086 404 85 75 whb,
2196 404 43 75 oh

1214 448 134 75 account
1364 448 40 75 of
1416 448 50 75 his
1485 448 93 75 being
1596 448 137 75 partner,
1760 448 33 75 as
1814 448 68 75 wtll
1900 448 33 75 as
1951 448 147 75 manager
2110 448 35 75 or
2160 448 79 75 doer

1216 494 50 75 for
1284 494 54 75 the
1355 494 167 75 company,
1548 494 24 75 is
1590 494 100 75 called
1710 494 278 75 partner-tr-ajlee
2001 494 10 75 ;
2049 494 61 75 and
2136 494 102 75 (hares

1215 540 38 75 of
1265 540 88 75 gains
1368 540 62 75 and
1448 540 88 75 Ioffes
1554 540 67 75 that
1639 540 136 75 happen,
1801 540 168 75 according
1987 540 33 75 to
2037 540 49 75 his
2104 540 86 75 (hare
2203 540 41 75 of

1213 587 54 75 the
1285 587 86 75 (lock
1392 587 9 75 ;
1425 587 61 75 and
1505 587 78 75 muft
1600 587 94 75 allow
1711 587 47 75 his
1777 587 185 75 proportion
1980 587 39 75 of
2032 587 41 75 all
2091 587 145 75 charges,

1214 632 76 75 even
1309 632 37 75 of
1360 632 48 75 his
1427 632 69 75 own
1515 632 202 75 comm:(lion,
1739 632 96 75 iince,
1867 632 30 75 in
1914 632 125 75 quality
2057 632 38 75 of
2108 632 128 75 truftee,

1214 678 40 75 he
1269 678 104 75 ferves
1391 678 127 75 himfelf
1530 678 33 75 as
1581 678 127 75 partner
1724 678 129 75 equally
1865 678 75 75 with
1955 678 53 75 tire
2025 678 70 75 reft.

1261 724 75 75 The
1354 724 158 75 accompts
1529 724 40 75 of
1582 724 53 75 the
1652 724 181 75 company’s
1850 724 107 75 affairs
1970 724 73 75 may
2055 724 38 75 be
2105 724 76 75 kept
2192 724 45 75 by

1215 770 54 75 the
1285 770 114 75 truftee
1416 770 31 75 in
1464 770 48 75 his
1529 770 70 75 own
1618 770 113 75 books,
1757 770 93 75 along
1868 770 76 75 with
1963 770 53 75 the
2029 770 161 75 accompts
2201 770 40 75 of

1215 815 47 75 his
1279 815 71 75 own
1370 815 120 75 private
1509 815 132 75 bufinefs
1660 815 9 75 ;
1693 815 37 75 or
1747 815 75 75 they
1840 815 71 75 may
1929 815 37 75 be
1992 815 73 75 kept
2092 815 31 75 in
2149 815 88 75 fepa-

1215 861 66 75 rate
1306 861 101 75 books
1432 861 133 75 allotted
1590 861 50 75 for
1664 861 70 75 that
1760 861 143 75 purpofe.
1962 861 75 75 The
2066 861 118 75 former
2208 861 27 75 is

1213 907 146 75 common
1378 907 145 75 pradtice,
1549 907 30 75 in
1599 907 127 75 matters
1748 907 39 75 of
1810 907 88 75 fmall
1923 907 148 75 concern,
2096 907 36 75 or
2149 907 86 75 (hort

1213 951 187 75 adventures
1416 951 9 75 ;
1451 951 55 75 the
1524 951 92 75 latter
1629 951 24 75 is
1668 951 73 75 ufed
1755 951 42 75 by
1812 951 84 75 fixed
1910 951 189 75 companies,
2129 951 104 75 whofe

1214 997 89 75 trade
1320 997 26 75 is
1363 997 222 75 confiderable,
1610 997 37 75 or
1663 997 74 75 who
1753 997 78 75 have
1849 997 53 75 the
1919 997 142 75 profpedt
2084 997 39 75 of
2145 997 88 75 deal-

1212 1043 54 75 ing
1282 1043 74 75 long
1372 1043 70 75 that
1460 1043 80 75 way.

1261 1088 110 75 Hence
1382 1088 24 75 it
1425 1088 26 75 is
1468 1088 144 75 obvious,
1638 1088 69 75 that
1724 1088 75 75 each
1818 1088 128 75 partner
1964 1088 65 75 will
2048 1088 79 75 have
2139 1088 93 75 occa-

1213 1134 61 75 fion
1292 1134 33 75 to
1343 1134 78 75 keep
1438 1134 38 75 an
1493 1134 144 75 accompt
1654 1134 30 75 in
1700 1134 46 75 his
1760 1134 70 75 own
1845 1134 113 75 books,
1984 1134 39 75 of
2034 1134 96 75 every
2143 1134 91 75 thing

1211 1179 39 75 he
1263 1179 87 75 gives
1369 1179 28 75 in
1416 1179 61 75 and
1494 1179 136 75 receives
1648 1179 82 75 from
1749 1179 53 75 the
1827 1179 166 75 company,
2029 1179 63 75 and
2117 1179 65 75 alfo
2197 1179 41 75 of

1211 1224 84 75 what
1312 1224 39 75 he
1369 1224 84 75 owes
1472 1224 33 75 to
1522 1224 55 75 the
1593 1224 168 75 company,
1787 1224 38 75 or
1841 1224 76 75 they
1935 1224 34 75 to
1987 1224 63 75 him
2063 1224 10 75 :
2097 1224 73 75 and,
2190 1224 43 75 ofi

1209 1270 56 75 the
1281 1270 92 75 other
1390 1270 94 75 hand,
1511 1270 26 75 it
1554 1270 64 75 will
1638 1270 37 75 be
1692 1270 55 75 the
1762 1270 135 75 bufinefs
1910 1270 39 75 of
1961 1270 54 75 the
2030 1270 126 75 truftee,
2176 1270 55 75 not

1208 1315 76 75 only
1300 1315 35 75 to
1352 1315 77 75 keep
1449 1315 83 75 rlear
1549 1315 159 75 accoropts
1735 1315 76 75 with
1839 1315 53 75 the
1919 1315 126 75 perfons
2072 1315 41 75 he
2141 1315 90 75 deals

1208 1361 89 75 with,
1323 1361 30 75 in
1373 1361 117 75 buying
1508 1361 39 75 up
1566 1361 60 75 and
1643 1361 154 75 difpofing
1821 1361 39 75 of
1884 1361 99 75 goods
2004 1361 49 75 feff
2069 1361 55 75 the
2142 1361 88 75 com-

1208 1406 79 75 pany
1305 1406 9 75 ;
1341 1406 56 75 but
1414 1406 41 75 he
1473 1406 77 75 muft
1567 1406 64 75 alfo
1647 1406 79 75 keep
1744 1406 121 75 diftindt
1882 1406 174 75 accowtpts,
2084 1406 75 75 with
2178 1406 51 75 re-

1206 1451 81 75 fpeft
1307 1451 32 75 to
1357 1451 53 75 the
1428 1451 154 75 partners,
1608 1451 136 75 (hewing
1763 1451 84 75 what
1865 1451 85 75 (hire
1967 1451 77 75 each
2070 1451 39 75 of
2138 1451 90 75 them

1204 1497 86 75 gives
1307 1497 44 75 in,
1378 1497 60 75 and
1457 1497 83 75 what
1557 1497 68 75 part
1643 1497 41 75 of
1695 1497 71 75 neat
1783 1497 150 75 proceeds
1951 1497 26 75 is
1996 1497 62 75 due
2072 1497 35 75 to
2123 1497 103 75 them,

1205 1543 61 75 and
1282 1543 139 75 likewife
1438 1543 85 75 what
1539 1543 95 75 every
1650 1543 60 75 one
1726 1543 40 75 of
1776 1543 87 75 them
1890 1543 83 75 owes
2000 1543 34 75 to
2060 1543 53 75 the
2138 1543 89 75 com-

1203 1589 95 75 pany,
1323 1589 38 75 or
1378 1589 53 75 the
1448 1589 154 75 company
1618 1589 34 75 ro
1669 1589 99 75 them.
1819 1589 107 75 Thefe
1938 1589 105 75 things
2057 1589 167 75 premifed,

1254 1634 28 75 1.
1310 1634 66 75 We
1390 1634 74 75 (hall
1479 1634 84 75 (hew
1580 1634 73 75 how
1668 1634 19 75 a
1713 1634 127 75 partner
1862 1634 96 75 keeps
1982 1634 54 75 the
2061 1634 162 75 accompts

1204 1680 103 75 which
1324 1680 41 75 he
1382 1680 55 75 has
1455 1680 140 75 occafton
1612 1680 64 75 for.

1249 1728 33 75 2.
1308 1728 74 75 The
1401 1728 70 75 way
1487 1728 72 75 how
1576 1728 17 75 a
1611 1728 114 75 truftee
1742 1728 94 75 keeps
1854 1728 56 75 the
1926 1728 160 75 accompts
2110 1728 41 75 of
2168 1728 56 75 the

1202 1770 180 75 company’s
1403 1770 106 75 affairs
1527 1770 29 75 in
1576 1770 47 75 his
1642 1770 71 75 own
1731 1770 112 75 books.

1249 1816 28 75 3.
1293 1816 76 75 The
1382 1816 127 75 manner
1521 1816 40 75 of
1568 1816 134 75 keeping
1713 1816 334 75 company-accompts
2061 1816 31 75 in
2106 1816 115 75 books,

1201 1862 101 75 apart,
1329 1862 71 75 that
1420 1862 124 75 contain
1562 1862 132 75 nothing
1711 1862 74 75 elfe.

1203 1935 30 75 I.
1259 1935 88 75 How
1358 1935 22 75 a
1386 1935 141 75 partner
1539 1935 87 75 keeps
1639 1935 54 75 the
1702 1935 157 75 accompts
1875 1935 37 75 he
1928 1935 55 75 has
1996 1935 139 75 occajion
2144 1935 75 75 for.

1406 1999 76 75 The
1500 1999 296 75 Ledger.accompts
1812 1999 174 75 deferibed.

1242 2062 31 75 A
1290 2062 162 75 merchant
1475 2062 175 75 concerned
1669 2062 34 75 as
1716 2062 128 75 partner
1861 2062 30 75 in
1910 2062 18 75 a
1944 2062 166 75 company,
2140 2062 79 75 muft

1196 2105 79 75 keep
1292 2105 54 75 the
1363 2105 65 75 two
1447 2105 296 75 Ledger-accompts
1761 2105 165 75 following
1941 2105 10 75 ;
1989 2105 31 75 in
2038 2105 104 75 which
2159 2105 59 75 ob-

1194 2151 99 75 ferve,
1320 2151 69 75 that
1407 2151 41 75 A.
1469 2151 39 75 B.
1528 2151 172 75 reprefents
1715 2151 54 75 the
1786 2151 143 75 truftee’s
1947 2151 103 75 name.

1245 2199 25 75 1.
1297 2199 42 75 A.
1357 2199 40 75 B.
1420 2199 47 75 my
1490 2199 143 75 accompt
1661 2199 35 75 in
1712 2199 160 75 company.
1921 2199 84 75 This
2021 2199 141 75 accompt
2188 2199 26 75 is

1196 2241 52 75 Dr
1264 2241 50 75 for
1332 2241 79 75 your
1427 2241 118 75 inputs,
1571 2241 62 75 and
1651 2241 183 75 proportion
1852 2241 39 75 of
1914 2241 42 75 all
1981 2241 145 75 charges,
2152 2241 62 75 and

1195 2286 46 75 Cr
1257 2286 52 75 for
1324 2286 80 75 your
1420 2286 87 75 (hare
1523 2286 40 75 of
1581 2286 72 75 neat
1670 2286 165 75 proceeds.

1240 2335 32 75 2.
1301 2335 41 75 A.
1360 2335 42 75 B.
1421 2335 47 75 my
1484 2335 140 75 accompt
1638 2335 124 75 proper.
1811 2335 83 75 This
1919 2335 27 75 is
1963 2335 18 75 a
2001 2335 139 75 perfonal
2159 2335 53 75 ac-

1193 2377 117 75 compt,
1348 2377 93 75 being
1465 2377 137 75 charged
1626 2377 62 75 and
1710 2377 185 75 difcharged
1920 2377 125 75 exadtly
2064 2377 33 75 as
2123 2377 86 75 fuch,

1193 2422 51 75 for
1260 2422 53 75 the
1326 2422 121 75 mutual
1463 2422 93 75 debts
1572 2422 61 75 and
1650 2422 162 75 payments
1831 2422 134 75 betwixt
1983 2422 62 75 you
2069 2422 60 75 and
2155 2422 55 75 the

1191 2469 114 75 truftee

1238 2516 87 75 Note
1345 2516 32 75 1.
1404 2516 46 75 A.
1468 2516 43 75 B.
1529 2516 47 75 my
1594 2516 139 75 accompt
1758 2516 35 75 in
1817 2516 161 75 company,
2003 2516 26 75 is
2047 2516 17 75 a
2080 2516 127 75 general

1190 2560 83 75 title,
1299 2560 68 75 that
1386 2560 73 75 may
1475 2560 158 75 reprefent
1651 2560 60 75 one
1735 2560 37 75 or
1797 2560 88 75 more
1906 2560 91 75 kinds
2018 2560 42 75 of
2077 2560 101 75 goods
2195 2560 11 75 ;

1188 2606 59 75 and
1266 2606 68 75 that
1352 2606 143 75 whether
1511 2606 30 75 in
1558 2606 56 75 the
1631 2606 139 75 truftee’s
1788 2606 143 75 cuftody,
1958 2606 37 75 or
2009 2606 41 75 by
2059 2606 65 75 him
2137 2606 68 75 feat

1188 2651 33 75 to
1247 2651 64 75 fea.
1362 2651 66 75 But
1456 2651 147 75 different
1621 2651 129 75 authors
1768 2651 70 75 title
1866 2651 64 75 this
1948 2651 143 75 accompr
2110 2651 93 75 diffe-

1188 2697 117 75 rently.
1326 2697 95 75 Some
1438 2697 92 75 chufe
1543 2697 34 75 to
1589 2697 127 75 exprefs
1728 2697 25 75 it
1767 2697 90 75 thus:
1875 2697 104 75 Goods
1993 2697 35 75 in
2041 2697 53 75 the
2101 2697 102 75 hands

1185 2742 42 75 of
1235 2742 43 75 A.
1300 2742 60 75 B.\
1385 2742 36 75 or
1438 2742 215 75 particularly,
1680 2742 116 75 Broad
1806 2742 83 75 cloth
1907 2742 35 75 in
1969 2742 51 75 the
2043 2742 102 75 hands
2168 2742 44 75 of

1184 2789 44 75 A.
1248 2789 41 75 B.
1316 2789 32 75 If
1369 2789 25 75 it
1411 2789 38 75 be
1465 2789 18 75 a
1506 2789 251 75 fea-adventure,
1783 2789 63 75 you
1870 2789 70 75 may
1958 2789 53 75 ufe
2035 2789 55 75 the
2115 2789 82 75 title,

1182 2837 45 75 A.
1245 2837 42 75 B,
1305 2837 48 75 my
1368 2837 38 75 ae
1408 2837 92 75 count
1513 2837 42 75 of
1558 2837 123 75 Voyage
1695 2837 33 75 to
1830 2837 52 75 —.
1932 2837 37 75 If
1979 2837 55 75 the
2044 2837 156 75 company
