2557 3387
641 118 1129 75 BOOK-KEEPING.

2300 118 99 75 (i\y

1259 180 65 75 ;ilfo
1340 180 195 75 abatements
1553 180 136 75 allowed
1706 180 34 75 to
1756 180 129 75 buyers,
1910 180 64 75 <bc.
1998 180 108 75 whofe
2122 180 68 75 fum
2206 180 180 75 fubtra&ed

733 183 141 75 London,
904 183 46 75 ift
963 183 80 75 Jid?

90 226 128 75 Invoice
240 226 44 75 of
302 226 19 75 8
341 226 89 75 boxes
450 226 120 75 indigo,
595 226 71 75 and
680 226 20 75 4
718 226 90 75 boxes
814 226 172 75 fpiceries,
1002 226 139 75 Jhipped
1156 226 55 75 per

129 274 55 75 the
195 274 260 75 Bonadventure,
476 274 125 75 Robert
619 274 75 75 Hay
706 274 129 75 wafer,
850 274 62 75 for
924 274 114 75 Leith,
1056 274 33 75 /y
1102 274 107 75 order,

133 319 68 75 and
204 319 62 75 for
283 319 141 75 accompl
435 319 44 75 of
481 319 44 75 A.
540 319 43 75 B.
601 319 166 75 merchant
784 319 104 75 there.

89 412 41 75 A.
147 412 43 75 B.

133 506 53 75 N°
209 506 12 75 x

288 412 210 75 INDIGO
528 412 20 75 8
573 412 116 75 boxes.

308 457 108 75 Grofs.
481 457 100 75 Tare.

321 504 42 75 70
363 486 19 49 1

323 560 41 75 65

321 597 45 75 80

322 644 43 75 67

322 699 44 75 75

256 745 139 75 -—57i

292 833 51 75 -8
343 865 22 49 5
365 833 29 75 i

1261 228 83 75 from
1371 228 56 75 the
1454 228 88 75 grofs
1570 228 130 75 amount
1727 228 40 75 of
1789 228 90 75 Tales,
1914 228 85 75 gives
2027 228 56 75 the
2116 228 73 75 neat
2217 228 163 75 proceeds.

1258 274 96 75 From
1374 274 62 75 this
1455 274 95 75 book,
1577 274 91 75 when
1686 274 18 75 a
1720 274 96 75 cargo
1832 274 27 75 is
1876 274 70 75 fold
1962 274 59 75 off,
2039 274 38 75 an
2094 274 147 75 accompt
2253 274 40 75 of
2303 274 78 75 Tales

1256 320 26 75 is
1300 320 109 75 drawn
1426 320 69 75 out,
1521 320 32 75 in
1570 320 96 75 order
1688 320 35 75 to
1740 320 40 75 be
1792 320 198 75 tranfmitted
2006 320 35 75 to
2058 320 56 75 the
2126 320 174 75 employer.
2350 320 47 75 IF

1257 367 54 75 the
1328 367 215 75 confignment
1560 367 107 75 confifl
1684 367 57 75 but
1762 367 40 75 of
1821 367 60 75 one
1905 367 80 75 kind
2000 367 40 75 of
2058 367 115 75 goods,
2197 367 55 75 the
2275 367 107 75 Sales-

1256 414 85 75 book
1357 414 73 75 may
1446 414 40 75 be
1503 414 91 75 ruled
1610 414 61 75 and
1685 414 126 75 written
1827 414 43 75 up
1881 414 33 75 as
1928 414 32 75 in
1971 414 56 75 the
2043 414 166 75 following
2221 414 160 75 example.

1831 475 201 75 Rotterdam,
2065 475 9 75 \
2081 475 27 75 ft
2121 475 92 75 June
2235 475 99 75 1767.

1257 519 93 75 Sales
1367 519 43 75 of
1416 519 21 75 6
1453 519 80 75 pack
1543 519 139 75 ’fences,
1707 519 191 75 containing
1924 519 90 75 4380
2029 519 110 75 yards,
2167 519 148 75 received
2328 519 55 75 yet

1302 567 54 75 the
1370 567 195 75 Friendship,
1585 567 128 75 Samuel
1732 567 103 75 Sharp
1853 567 128 75 wafer,
1997 567 63 75 for
2076 567 134 75 account
2226 567 43 75 of
2277 567 43 75 Ps.
2339 567 43 75 B;

1303 614 163 75 merchant
1493 614 35 75 in
1545 614 168 75 Giafgow,
1739 614 109 75 North
1867 614 138 75 Britain.

1257 675 98 75 ,76,|

1253 720 91 75 June

636 1093 20 49 4
656 1061 37 75 /.
713 1061 18 75 3
743 1061 32 75 d.

289 1200 304 75 SPICERIES
625 1200 22 75 4
680 1200 115 75 boxes,

321 1243 45 75 lb.

176 1273 12 49 3
210 1291 13 75 1
324 1291 43 75 12
395 1291 179 75 cinnamon,
601 1291 32 75 at
653 1291 54 75 7/.
726 1291 63 75 c)d.

206 1339 18 75 2

798 1339 21 75 4
845 1339 161 75 nutmegs,
1033 1339 32 75 at
1083 1339 56 75 8/.
1157 1339 63 75 8</.

209 1384 16 75 3

774 1384 45 75 57
847 1384 165 75 pymento,
1038 1384 34 75 at
1089 1384 20 75 8
1118 1384 33 75 d.

208 1426 21 75 4

810 1426 13 75 1
844 1426 102 75 macei
1020 1426 232 75 ...

391 1473 121 75 Boxes,

137 1567 65 75 Bill
219 1567 40 75 of
272 1567 121 75 lading,
418 1567 126 75 cocket,
570 1567 62 75 and
649 1567 93 75 other
760 1567 146 75 charges.

135 1750 203 75 GommifEon
357 1750 31 75 at
407 1750 119 75 2$-per
537 1750 85 75 cent.

134 1797 170 75 Ibfurance
316 1797 39 75 on
371 1797 55 75 the
438 1797 101 75 above
556 1797 94 75 100/.
671 1797 109 75 14per
792 1797 84 75 cent,
891 1797 60 75 and
961 1797 20 75 7

182 1843 117 75 policy,
327 1843 56 75 4/.
403 1843 20 75 6
435 1843 32 75 d.
484 1843 27 75 is
609 1843 12 75 -
733 1843 13 75 -
843 1843 14 75 -
960 1843 33 75 y

115 1890 5 75 .
133 1890 203 75 Commiffion
354 1890 40 75 on
411 1890 82 75 ditto
512 1890 32 75 at
562 1890 22 75 \
594 1890 63 75 per
673 1890 101 75 cent..
825 1890 15 75 -

1058 1992 163 75 jobos^,.

178 2030 119 75 Errors
314 2030 171 75 excepted,
505 2030 61 75 per
581 2030 52 75 M.
655 2030 37 75 S.

134 2079 48 75 N.
201 2079 43 75 B.
269 2079 112 75 When
405 2079 19 75 a
446 2079 163 75 merchant
636 2079 32 75 in
698 2079 139 75 Britain
865 2079 87 75 (hips:
967 2079 54 75 off
1046 2079 159 75 imported

86 2124 114 75 goods,
225 2124 74 75 fuch
316 2124 34 75 as
367 2124 145 75 tobacco,
538 2124 35 75 to
590 2124 157 75 Holland,
772 2124 37 75 or
821 2124 93 75 other
931 2124 117 75 places,
1062 2124 54 75 for
1128 2124 75 75 Tale,

85 2169 55 75 the
156 2169 124 75 invoice
296 2169 67 75 Tent
386 2169 35 75 to
436 2169 54 75 the
508 2169 99 75 fablor
624 2169 122 75 ufually
762 2169 142 75 contains
921 2169 75 75 only
1012 2169 55 75 the
1084 2169 118 75 marks,

83 2216 162 75 nuptbers,
270 2216 62 75 and
350 2216 147 75 quantity
513 2216 138 75 (hipped,
677 2216 56 75 but
750 2216 133 75 nothing
899 2216 40 75 of
950 2216 54 75 the
1020 2216 100 75 prime
1138 2216 65 75 cofl:

84 2262 36 75 or
137 2262 132 75 charges
281 2262 9 75 ;
318 2262 104 75 which
440 2262 29 75 in
484 2262 63 75 this
564 2262 67 75 cafe
649 2262 93 75 could
755 2262 60 75 .not
832 2262 39 75 be
883 2262 93 75 eafily
989 2262 227 75 afeertained;.

83 2308 63 75 and
163 2308 54 75 the
234 2308 85 75 want
336 2308 130 75 thereof
477 2308 27 75 is
521 2308 107 75 pretty
640 2308 71 75 well
728 2308 139 75 Tupplied
885 2308 43 75 by
952 2308 180 75 inflrubling
1148 2308 56 75 the

81 2355 103 75 fadlor
209 2355 56 75 not
289 2355 34 75 to
347 2355 54 75 fell
428 2355 98 75 under
550 2355 75 75 fuch
649 2355 18 75 a
682 2355 98 75 price.
841 2355 65 75 But
933 2355 139 75 invoices
1101 2355 40 75 of
1158 2355 43 75 all

81 2403 93 75 kipds
195 2403 41 75 of
247 2403 233 75 manufactures
507 2403 64 75 and
585 2403 100 75 goods
710 2403 167 75 configned
884 2403 4 75 .
899 2403 88 75 from
1012 2403 138 75 Britain
1166 2403 36 75 to

83 2448 110 75 North
217 2448 156 75 America
396 2448 37 75 or
450 2448 53 75 the
527 2448 79 75 IVcf
619 2448 125 75 Jndies,
770 2448 161 75 generally
948 2448 125 75 exhibit
1100 2448 100 75 prime

80 2494 65 75 cqft
162 2494 62 75 and
240 2494 43 75 all
300 2494 151 75 charges;
478 2494 104 75 which
599 2494 27 75 is
643 2494 168 75 neceffary,
837 2494 55 75 not
908 2494 74 75 only
1001 2494 33 75 as
1050 2494 26 75 it
1096 2494 103 75 ferves

80 2541 51 75 for
155 2541 17 75 a
194 2541 65 75 fort
276 2541 40 75 of
334 2541 160 75 directory
517 2541 35 75 to
568 2541 55 75 the
640 2541 114 75 faCtor,
778 2541 56 75 but
848 2541 58 75 (till
926 2541 93 75 more
1030 2541 44 75 To,
1100 2541 31 75 in
1151 2541 47 75 re-

79 2587 78 75 gard
174 2587 130 75 Briiifh
327 2587 101 75 goods
453 2587 53 75 are
533 2587 183 75 frequently
733 2587 82 75 fold,
827 2587 31 75 in
875 2587 89 75 thofe
988 2587 104 75 places
1116 2587 31 75 at
1166 2587 37 75 fo

81 2635 94 75 much
192 2635 139 75 advance
344 2635 41 75 on
402 2635 54 75 the
470 2635 121 75 invoice
607 2635 115 75 prices.

442 2708 37 75 5.
509 2708 77 75 The
611 2708 215 75 Sales-book.

125 2768 103 75 This
259 2768 87 75 book
372 2768 56 75 too
445 2768 27 75 is
500 2768 114 75 chiefly
632 2768 72 75 ufed
728 2768 44 75 by
794 2768 137 75 faftors;
959 2768 155 75 and'into
1130 2768 28 75 if
1172 2768 30 75 is

77 2814 121 75 polled,
224 2814 83 75 from
332 2814 55 75 the
404 2814 226 75 Wafte-book,
664 2814 55 75 the
743 2814 170 75 particular
941 2814 78 75 fales
1044 2814 39 75 of
1105 2814 96 75 every

78 2861 167 75 configned
261 2861 117 75 cargo;
405 2861 43 75 by
460 2861 103 75 which
581 2861 106 75 means
703 2861 55 75 the
770 2861 117 75 feveral
904 2861 128 75 articles
1043 2861 40 75 of
1095 2861 17 75 a
1120 2861 79 75 Tale,

77 2905 70 75 that
172 2905 42 75 lie
238 2905 159 75 fcattered
412 2905 32 75 in
460 2905 54 75 the
539 2905 226 75 Wafte-book,
791 2905 52 75 are
867 2905 141 75 brought
1035 2905 161 75 together,

76 2952 62 75 and
155 2952 201 75 reprefented
373 2952 100 75 under
489 2952 59 75 one
573 2952 94 75 view,
695 2952 62 75 and
781 2952 68 75 th;:
875 2952 31 75 in
923 2952 19 75 a
964 2952 130 75 manner
1111 2952 102 75 more-

75 2998 59 75 full
152 2998 61 75 and
230 2998 121 75 minute
367 2998 76 75 than
460 2998 78 75 they
549 2998 54 75 are
615 2998 152 75 collected
784 2998 31 75 in
834 2998 54 75 the
898 2998 129 75 Ledger
1040 2998 157 75 accompt.

74 3045 86 75 This
177 3045 86 75 book
280 3045 141 75 exhibits
449 3045 56 75 the
521 3045 78 75 fales
617 3045 39 75 of
678 3045 96 75 every
790 3045 211 75 conlignment
1022 3045 177 75 feparately

77 3091 61 75 and
164 3091 43 75 by
231 3091 208 75 themfelves;
475 3091 35 75 to
536 3091 103 75 which
664 3091 53 75 are
747 3091 166 75 fubjoined
943 3091 54 75 the
1026 3091 170 75 refpeCtive

76 3139 144 75 charges,
245 3139 76 75 fuch
339 3139 33 75 as
395 3139 133 75 freight,
553 3139 131 75 cuftom,
709 3139 56 75 the
781 3139 127 75 factor’s
933 3139 201 75 commiffion,
1160 3139 35 75 as

1412 721 76 75 Sold
1506 721 170 75 Frederick
1694 721 141 75 Gordon,
1862 721 31 75 at
1916 721 13 75 1
1951 721 126 75 month.

1467 767 117 75 Packs.
1604 767 127 75 Pieces.
1761 767 116 75 Yards.

1455 822 53 75 N°
1526 822 12 75 1
1634 822 51 75 19
1781 822 68 75 743

1521 863 19 75 4

1856 911 85 75 1386
1959 911 32 75 at
2007 911 16 75 7
2043 911 117 75 ftivers.

1415 953 76 75 Sold
1511 953 49 75 for
1578 953 98 75 ready
1692 953 128 75 money,

1457 1001 84 75 N°2
1641 1001 214 75 t7—^-7i7

1524 1040 15 75 3
1638 1040 45 75 ,8
1780 1040 73 75 730

1524 1103 15 75 5

1522 1141 20 75 6

1859 1189 91 75 2994
1966 1189 31 75 at
2015 1189 21 75 6
2049 1189 107 75 ftivers

1738 1279 102 75 Total
1859 1279 93 75 4380

2148 676 18 75 -
2180 676 94 75 Guil.

1599 1374 320 75 CHARGE
1946 1374 35 75 S.
1988 1420 42 75 G.
2049 1420 53 75 St.
2123 1420 34 75 D

1991 1468 42 75 25
2065 1468 40 75 IO
2128 1468 44 75 OG

1992 1515 38 75 31
2058 1515 46 75 OO
2128 1515 36 75 OC

1416 1461 127 75 Freight
1559 1461 223 75 and-average,

1415 1508 125 75 Cuftom
1559 1508 62 75 and
1636 1508 126 75 waiters
1778 1508 91 75 dues,

1418 1555 241 75 Scout-freight,
1674 1555 62 75 and
1747 1555 93 75 other
1851 1555 89 75 fmall
1949 1555 20 75 7

1458 1602 144 75 charges,
1706 1602 14 75 -
1818 1602 10 75 -

1954 1602 19 75 £
2013 1602 17 75 3
2057 1602 46 75 00
2128 1602 36 75 oc

1415 1647 193 75 Meafuring,
1646 1647 33 75 at
1704 1647 21 75 4
1752 1647 107 75 ftivers
1879 1647 62 75 per
1949 1647 19 75 7

1463 1695 62 75 xoo
1543 1695 107 75 yards,
1748 1695 12 75 -
1859 1695 11 75 -
1952 1695 19 75 £
2011 1695 20 75 8
2063 1695 40 75 14
2127 1695 35 75 oc

1412 1741 142 75 Charges
1572 1741 32 75 in
1620 1741 123 75 felling,
1762 1741 63 75 and
1844 1741 124 75 pack-7

1457 1787 195 75 hobfe-rent,
1751 1787 13 75 -

1946 1787 35 75 £
2010 1787 21 75 4
2056 1787 47 75 °4
2127 1787 38 75 oc

1415 1833 210 75 Commiffion,
1645 1833 32 75 at
1696 1833 18 75 2
1730 1833 61 75 per
1806 1833 86 75 cent.
1988 1833 42 75 27
2062 1833 41 75 13
2126 1833 35 75 oc

1416 1928 81 75 Neat
1519 1928 164 75 proceeds,
1712 1928 208 75 (errors-and
1944 1928 63 75 bad
2032 1928 93 75 debts
2140 1928 16 75 4

1458 1974 186 75 excepted,)
1664 1974 121 75 carried
1799 1974 34 75 to
1849 1974 55 75 the
1915 1974 103 75 credit
2030 1974 40 75 of
2077 1974 47 75 his
2135 1974 20 75 C

1458 2022 321 75 Accompt-current;
1871 2022 15 75 -
1982 2022 14 75 -

2130 2022 27 75 j

1299 2080 36 75 If
1359 2080 54 75 the
1431 2080 165 75 configned
1622 2080 95 75 cargo
1738 2080 124 75 confi’fts
1890 2080 42 75 of
1954 2080 65 75 two

2207 1985 62 75 283

2293 677 31 75 S7
2339 677 42 75 D.

2286 1986 97 75 oyjoo

2112 2090 89 75 more
2225 2090 94 75 kinds
2345 2090 40 75 of

1252 2127 113 75 goods,
1392 2127 54 75 the
1464 2127 91 75 Sales
1575 2127 69 75 book
1662 2127 79 75 muft
1758 2127 38 75 be
1814 2127 90 75 ruled
1921 2127 77 75 with
2014 2127 144 75 columns
2175 2127 52 75 for
2243 2127 55 75 the
2314 2127 64 75 dif-

1251 2173 103 75 ferent
1371 2173 80 75 forts
1469 2173 39 75 of
1520 2173 100 75 goods
1633 2173 9 75 ;
1670 2173 61 75 and
1748 2173 55 75 the
1819 2173 99 75 heads
1935 2173 40 75 of
1986 2173 87 75 thefe
2090 2173 141 75 columns
2248 2173 78 75 muft
2339 2173 39 75 be

1249 2220 94 75 titled
1362 2220 79 75 with
1457 2220 55 75 the
1528 2220 107 75 names
1652 2220 62 75 and
1732 2220 171 75 quantities
1916 2220 40 75 of
1970 2220 55 75 the
2040 2220 101 75 goods
2158 2220 84 75 from
2259 2220 54 75 the
2330 2220 47 75 in-
2393 2220 6 75 •

1249 2267 119 75 voice..

1624 2329 37 75 6.
1706 2329 78 75 The
1802 2329 191 75 Rill-book.

1295 2405 84 75 The
1399 2405 104 75 defign
1519 2405 40 75 of
1569 2405 64 75 this
1653 2405 171 75 Bill-book,
1858 2405 37 75 or
1912 2405 220 75 Month-book,
2158 2405 25 75 is
2201 2405 34 75 to
2254 2405 119 75 furniffi

1249 2452 18 75 a
1283 2452 162 75 merchant
1464 2452 77 75 with
1560 2452 18 75 a
1593 2452 98 75 ready
1708 2452 69 75 way
1794 2452 39 75 of
1845 2452 149 75 knowing
2010 2452 54 75 the
2081 2452 77 75 time
2187 2452 91 75 when
2301 2452 73 75 bills

1249 2498 35 75 or
1301 2498 97 75 other
1408 2498 92 75 debts
1517 2498 131 75 become
1664 2498 134 75 payable
1813 2498 35 75 to
1855 2498 46 75 .or
1918 2498 136 75 by-him.
2088 2498 31 75 It
2137 2498 125 75 confifts
2277 2498 39 75 of
2334 2498 7 75 1
2353 2498 18 75 2

1249 2546 105 75 folios,
1380 2546 60 75 one
1468 2546 50 75 for
1535 2546 77 75 each
1640 2546 110 75 month
1769 2546 31 75 in
1817 2546 54 75 the
1887 2546 87 75 year.
2024 2546 76 75 The
2116 2546 160 75 left-hand
2293 2546 81 75 page

1248 2592 142 75 contains
1402 2592 54 75 the
1468 2592 92 75 debts
1573 2592 69 75 that
1654 2592 56 75 fall
1723 2592 62 75 due
1796 2592 37 75 to
1843 2592 55 75 the
1908 2592 169 75 merchant
2093 2592 104 75 in-the
2206 2592 112 75 month
2330 2592 42 75 on

1249 2639 54 75 the
1319 2639 67 75 top,
1403 2639 63 75 and
1483 2639 54 75 the
1550 2639 186 75 right-hand
1750 2639 78 75 page
1840 2639 143 75 contains
1999 2639 56 75 the
2068 2639 95 75 debts
2181 2639 132 75 payable
2330 2639 43 75 by

1246 2685 66 75 him
1330 2685 34 75 to
1380 2685 108 75 others
1505 2685 32 75 in
1552 2685 57 75 the
1625 2685 82 75 fame
1722 2685 131 75 month;
1874 2685 32 75 as
1923 2685 33 75 in
1973 2685 57 75 the
2040 2685 146 75 annexed
2202 2685 168 75 fpecimen.

2210 2754 30 75 /,
2276 2754 87 75 jAA.

1754 2791 78 75 769.

1247 2879 85 75 Day:

1585 2884 166 75 January,
1776 2884 33 75 to
1824 2884 140 75 receive.

1349 2973 51 75 Of
1410 2973 152 75 Edward
1576 2973 111 75 Finch,
1706 2973 69 75 600
1792 2973 137 75 crowns,
1947 2973 32 75 at
1998 2973 44 75 54
2049 2973 34 75 c/.
2108 2973 69 75 bill,

1348 3021 51 75 Of
1410 3021 119 75 Robert
1546 3021 122 75 Banks,
1695 3021 51 75 for
1768 3021 147 75 lintfeed.

1347 3067 51 75 Of
1408 3067 121 75 George
1547 3067 114 75 Hally,
1686 3067 58 75 for-
1755 3067 159 75 Norwich
1931 3067 101 75 fluffs,

1348 3115 49 75 Oi
1408 3115 88 75 John
1514 3115 109 75 Short,
1654 3115 91 75 2539
1761 3115 153 75 guilders,
1948 3115 40 75 19
2004 3115 122 75 ftivers,
2137 3115 20 75 7

1390 3159 32 75 at
1440 3159 83 75 34/.
1551 3159 18 75 5
1581 3159 33 75 d.
1638 3159 139 75 Fhrnijh
1787 3159 61 75 per
1866 3159 40 75 L,
1925 3159 162 75 Sterling,
2135 3159 20 75 3

2264 2989 101 75 OOjOO

2270 3035 38 75 10
2317 3035 46 75 00
2376 3035 9 75 -

2263 3082 54 75 oo'
2317 3082 46 75 oo

2309 3125 6 75 !

2261 3151 45 75 OO
2316 3151 45 75 OO

2272 3220 92 75 Days
