2517 3387
596 140 225 75 BOS

1142 140 20 75 (
1221 140 19 75 d

190 216 126 75 inuring
331 216 88 75 them
434 216 36 75 to
485 216 114 75 labour
618 216 27 75 is
662 216 33 75 at
712 216 55 75 the
784 216 58 75 age
855 216 40 75 of
906 216 66 75 two
989 216 62 75 and
1068 216 18 75 a
1100 216 77 75 half
1186 216 38 75 or

192 263 89 75 three
297 263 104 75 years.

237 310 75 75 The
335 310 46 75 ok
396 310 68 75 eats
486 310 79 75 very
581 310 111 75 quick,
719 310 63 75 and
807 310 77 75 foon
909 310 62 75 fills
999 310 49 75 his
1077 310 65 75 firft
1159 310 61 75 fto-

189 356 91 75 mach
295 356 10 75 ;
332 356 83 75 after
440 356 105 75 which
563 356 41 75 he
630 356 57 75 lies
712 356 96 75 down
836 356 36 75 to
888 356 169 75 ruminate,
1076 356 38 75 or
1130 356 91 75 chew

190 403 54 75 the
260 403 76 75 cud.
368 403 77 75 The
461 403 64 75 firft
537 403 63 75 and
615 403 117 75 fecond
748 403 155 75 ftomachs
920 403 52 75 are
985 403 236 75 continuations

188 449 41 75 of
251 449 55 75 the
321 449 84 75 fame
421 449 74 75 bag,
520 449 63 75 and
609 449 78 75 very
704 449 179 75 capacious.
935 449 98 75 After
1049 449 56 75 the
1132 449 87 75 grafs

189 496 57 75 has
275 496 81 75 been
384 496 133 75 chewed
542 496 76 75 over
636 496 103 75 again,
765 496 25 75 it
807 496 26 75 is
851 496 138 75 reduced
1005 496 36 75 to
1058 496 18 75 a
1092 496 78 75 kind
1186 496 41 75 of

189 542 97 75 mafh,
311 542 56 75 not
384 542 109 75 unlike
517 542 108 75 boiled
639 542 140 75 fpinage,
804 542 62 75 and
889 542 110 75 under*
1007 542 63 75 this
1093 542 85 75 form
1194 542 26 75 it

188 589 27 75 is
232 589 68 75 fent
314 589 97 75 down
428 589 35 75 to
479 589 56 75 the
552 589 89 75 third
657 589 150 75 ftomach,
833 589 107 75 where
956 589 26 75 it
998 589 136 75 remains
1158 589 63 75 and

189 635 114 75 digefts
320 635 53 75 for
388 635 85 75 fome
490 635 98 75 time;
616 635 56 75 but
688 635 55 75 the
755 635 154 75 digeftion
925 635 26 75 is
968 635 57 75 not
1038 635 82 75 fully
1132 635 87 75 com-

189 681 126 75 pleated
332 681 50 75 till
398 681 26 75 it
441 681 105 75 comes
570 681 36 75 to
621 681 56 75 the
693 681 111 75 fourth
834 681 152 75 ftomach,
1011 681 85 75 from
1113 681 106 75 which

188 727 26 75 it
231 727 27 75 is
274 727 126 75 thrown
427 727 96 75 down
540 727 35 75 to
607 727 56 75 the
690 727 86 75 guts.
825 727 76 75 The
929 727 146 75 contents
1104 727 40 75 of
1163 727 56 75 the

189 773 64 75 firft
278 773 66 75 and
367 773 117 75 fecond
507 773 155 75 ftomachs
687 773 55 75 are
766 773 20 75 a
807 773 167 75 colledtion
990 773 41 75 of
1054 773 85 75 grafs
1156 773 65 75 and

187 819 94 75 other
315 819 178 75 vegetables
530 819 137 75 roughly
702 819 202 75 macerated;
939 819 20 75 a
990 819 228 75 fermentation

188 866 149 75 however
360 866 75 75 foon
452 866 210 75 commences,
686 866 106 75 which
810 866 109 75 makes
944 866 55 75 the
1016 866 86 75 grafs
1119 866 99 75 fwell.

189 913 76 75 The
292 913 264 75 communication
583 913 146 75 between
755 913 55 75 the
828 913 115 75 fecond
971 913 62 75 and
1053 913 88 75 third
1158 913 46 75 fto

188 958 92 75 mach
302 958 27 75 is
355 958 42 75 by
421 958 38 75 an
484 958 138 75 opening
646 958 94 75 much
767 958 127 75 fmaller
918 958 78 75 than
1025 958 56 75 the
1104 958 114 75 gullet,

188 1005 62 75 and
265 1005 57 75 not
338 1005 154 75 fufficient
507 1005 52 75 for
575 1005 55 75 the
648 1005 122 75 paifage
782 1005 40 75 of
834 1005 54 75 the
905 1005 79 75 food
1000 1005 30 75 in
1048 1005 64 75 this
1128 1005 91 75 ftate.

186 1050 185 75 Whenever
387 1050 78 75 then
481 1050 55 75 the
552 1050 66 75 two
637 1050 64 75 firft
716 1050 156 75 ftomachs
889 1050 53 75 are
958 1050 165 75 diftended
1139 1050 79 75 with

186 1097 90 75 food,
301 1097 79 75 they
395 1097 95 75 begin
516 1097 35 75 to
579 1097 154 75 contraft,
760 1097 37 75 or
823 1097 109 75 rather
948 1097 141 75 perform
1106 1097 19 75 a
1140 1097 78 75 kind

187 1142 40 75 of
239 1142 167 75 re-adtion.
454 1142 86 75 This
558 1142 154 75 re-a£tion
741 1142 187 75 comprefles
958 1142 54 75 the
1039 1142 91 75 food,
1156 1142 63 75 and

186 1190 107 75 makes
310 1190 26 75 it
352 1190 182 75 endeavour
561 1190 35 75 to
613 1190 55 75 get
692 1190 81 75 out:
811 1190 88 75 Now
913 1190 56 75 the
996 1190 101 75 gullet
1122 1190 95 75 being

183 1235 106 75 larger
304 1235 77 75 than
398 1235 55 75 the
469 1235 122 75 faflage
608 1235 142 75 between
766 1235 56 75 the
838 1235 116 75 fecond
970 1235 63 75 and
1047 1235 89 75 third
1152 1235 62 75 fto-

184 1283 120 75 machs,
330 1283 55 75 the
412 1283 138 75 preflure
567 1283 40 75 of
629 1283 55 75 the
708 1283 138 75 ftomach
870 1283 184 75 neceflarily
1069 1283 104 75 forces
1190 1283 26 75 it

185 1326 41 75 up
243 1326 56 75 the
314 1326 113 75 gullet.
475 1326 78 75 The
569 1326 101 75 adtion
692 1326 40 75 of
744 1326 203 75 ruminating,
971 1326 161 75 however,
1159 1326 54 75 ap-

183 1374 91 75 pears
296 1374 35 75 to
346 1374 39 75 be
401 1374 32 75 in
450 1374 18 75 a
484 1374 90 75 great
600 1374 141 75 meafure
762 1374 190 75 voluntary;
980 1374 34 75 as
1031 1374 132 75 animals
1179 1374 41 75 of

185 1419 64 75 this
265 1419 79 75 kind
354 1419 81 75 have
452 1419 18 75 a
486 1419 107 75 power
605 1419 39 75 of
655 1419 174 75 increafing
844 1419 55 75 the
912 1419 153 75 re-adtion
1078 1419 39 75 of
1129 1419 86 75 their

186 1466 167 75 ftomachs.
402 1466 97 75 After
515 1466 55 75 the
599 1466 78 75 food
701 1466 177 75 undergoes
896 1466 18 75 a
930 1466 114 75 fecond
1072 1466 139 75 maftica-

185 1511 80 75 tion,
290 1511 26 75 it
331 1511 26 75 is
385 1511 76 75 then
489 1511 140 75 reduced
654 1511 69 75 into
739 1511 18 75 a
779 1511 69 75 thin
878 1511 87 75 pulp,
990 1511 103 75 which
1118 1511 96 75 eafily

183 1558 98 75 paffes
298 1558 84 75 from
398 1558 56 75 the
476 1558 116 75 fecond
608 1558 35 75 to
659 1558 56 75 the
731 1558 88 75 third
841 1558 152 75 ftomach,
1019 1558 107 75 where
1143 1558 25 75 it
1184 1558 27 75 is

184 1604 60 75 ftill
272 1604 125 75 further
420 1604 202 75 macerated;
659 1604 86 75 from
777 1604 114 75 thence
914 1604 27 75 it
968 1604 97 75 pafles
1094 1604 34 75 to
1157 1604 55 75 the

184 1650 123 75 fourth,
334 1650 105 75 where
455 1650 27 75 it
497 1650 26 75 is
540 1650 140 75 reduced
696 1650 36 75 to
748 1650 19 75 a
782 1650 118 75 perfedi
920 1650 169 75 mucilage,
1115 1650 98 75 every

185 1698 71 75 way
282 1698 155 75 prepared
465 1698 52 75 for
533 1698 95 75 being
653 1698 94 75 taken
772 1698 42 75 up
843 1698 43 75 by
901 1698 57 75 the
984 1698 141 75 ladteals,
1150 1698 62 75 and

183 1743 173 75 converted
382 1743 68 75 into
478 1743 226 75 nourilhment.
763 1743 106 75 What
896 1743 149 75 confirms
1071 1743 64 75 this
1158 1743 52 75 ac-

183 1789 96 75 count
296 1789 41 75 of
358 1789 146 75 chewing
520 1789 55 75 the
598 1789 61 75 cud
676 1789 38 75 is,
740 1789 71 75 that
826 1789 34 75 as
888 1789 77 75 long
989 1789 34 75 as
1040 1789 87 75 thefe
1144 1789 65 75 ani-

183 1836 78 75 mals
279 1836 74 75 fuck
370 1836 37 75 or
423 1836 72 75 feed
511 1836 84 75 upon
620 1836 103 75 liquid
738 1836 144 75 aliment,
907 1836 77 75 they
1000 1836 96 75 never
1112 1836 97 75 rumi-

182 1882 72 75 nate
265 1882 11 75 ;
302 1882 61 75 and
379 1882 31 75 in
438 1882 56 75 the
510 1882 125 75 winter,
660 1882 93 75 when
769 1882 79 75 they
864 1882 53 75 are
939 1882 129 75 obliged
1084 1882 36 75 to
1135 1882 75 75 feed

182 1929 82 75 upon
291 1929 65 75 hay
379 1929 61 75 and
467 1929 95 75 other
585 1929 62 75 dry
673 1929 143 75 vidtuals,
842 1929 78 75 they
937 1929 155 75 ruminate
1119 1929 90 75 more

180 1975 75 75 than
272 1975 92 75 when
380 1975 78 75 they
474 1975 174 75 feed-upon
664 1975 82 75 frelh
763 1975 100 75 grafs.

226 2022 107 75 Bulls,
357 2022 98 75 cows,
473 2022 62 75 and
552 2022 97 75 oxen,
668 2022 51 75 are
732 2022 78 75 fond
822 2022 40 75 of
873 2022 119 75 licking
1004 2022 202 75 themfelves,

180 2066 41 75 efj
232 2066 115 75 ecially
363 2066 93 75 when
482 2066 90 75 lying
597 2066 31 75 at
646 2066 71 75 reft.
766 2066 68 75 But
850 2066 64 75 this
941 2066 135 75 pradlice
1095 2066 111 75 fhould

180 2111 39 75 be
238 2111 172 75 prevented
427 2111 32 75 as
484 2111 95 75 much
596 2111 34 75 as
654 2111 147 75 poffible;
828 2111 51 75 for
903 2111 34 75 as
965 2111 55 75 the
1036 2111 70 75 hair
1122 2111 27 75 is
1166 2111 39 75 an

181 2159 206 75 undigeftible
402 2159 170 75 fubftance,
590 2159 24 75 it
632 2159 57 75 lies
707 2159 31 75 in
755 2159 55 75 the
827 2159 139 75 ftomach
982 2159 37 75 or
1039 2159 86 75 guts,
1144 2159 62 75 and

180 2204 25 75 is
233 2204 168 75 gradually
428 2204 113 75 coated
564 2204 44 75 by
632 2204 16 75 a
666 2204 160 75 glutinous
851 2204 173 75 fubftance,
1050 2204 105 75 which
1172 2204 32 75 in

180 2250 76 75 time
283 2250 137 75 hardens
446 2250 68 75 into
531 2250 102 75 round
650 2250 101 75 ftones
775 2250 40 75 of
837 2250 18 75 a
877 2250 213 75 confiderable
1113 2250 91 75 bulk,

179 2299 105 75 which
311 2299 179 75 fometimes
517 2299 74 75 kills
619 2299 98 75 them,
742 2299 58 75 but
816 2299 118 75 always
958 2299 146 75 prevents
1122 2299 83 75 their

178 2343 169 75 fattening,
373 2343 33 75 as
423 2343 55 75 the
491 2343 137 75 ftomach
645 2343 25 75 is
689 2343 154 75 rendered
859 2343 162 75 incapable
1038 2343 41 75 of
1089 2343 114 75 digeft-

177 2389 54 75 ing
246 2389 56 75 the
318 2389 78 75 food
412 2389 34 75 fo
462 2389 72 75 well
551 2389 33 75 as
597 2389 29 75 it
642 2389 113 75 ought.

224 2437 77 75 The
316 2437 58 75 age
386 2437 40 75 of
437 2437 87 75 thefe
552 2437 130 75 animals
698 2437 73 75 may
788 2437 39 75 be
850 2437 222 75 diftinguifhed
1088 2437 44 75 by
1147 2437 56 75 the

177 2482 84 75 teeth
280 2482 62 75 and
358 2482 111 75 horns.
517 2482 76 75 The
608 2482 65 75 firft
689 2482 173 75 fore-teeth
881 2482 57 75 fall
957 2482 58 75 out
1027 2482 33 75 at
1076 2482 55 75 the
1144 2482 58 75 age

175 2529 40 75 of
226 2529 45 75 fix
288 2529 141 75 months,
454 2529 62 75 and
539 2529 52 75 are
607 2529 172 75 fucceeded
798 2529 43 75 by
857 2529 109 75 others
990 2529 40 75 of
1052 2529 18 75 a
1086 2529 116 75 darker

175 2575 122 75 colour,
317 2575 63 75 and
395 2575 148 75 broader.
577 2575 47 75 At
640 2575 56 75 the
712 2575 62 75 end
791 2575 39 75 of
842 2575 120 75 fixteen
978 2575 143 75 months,
1147 2575 54 75 the

173 2622 80 75 next
277 2622 182 75 milk-teeth
476 2622 137 75 likewife
638 2622 56 75 fall
711 2622 78 75 out;
816 2622 61 75 and
895 2622 32 75 at
959 2622 55 75 the
1023 2622 178 75 "beginning

172 2669 40 75 of
222 2669 56 75 the
305 2669 111 75 fourth
433 2669 76 75 year
529 2669 42 75 all
600 2669 54 75 the
679 2669 173 75 fore-teeth
876 2669 53 75 are
953 2669 158 75 renewed,
1137 2669 62 75 and

172 2715 76 75 then
266 2715 78 75 they
356 2715 53 75 are
426 2715 88 75 long,
540 2715 107 75 pretty
664 2715 109 75 white,
800 2715 62 75 and
878 2715 93 75 equal
988 2715 9 75 :
1025 2715 173 75 However,

169 2761 34 75 as
220 2761 55 75 the
302 2761 115 75 animal
434 2761 154 75 advances
615 2761 32 75 in
674 2761 105 75 years,
809 2761 77 75 they
902 2761 130 75 become
1061 2761 137 75 unequal

170 2810 63 75 and
249 2810 151 75 blackifti.
450 2810 50 75 At
514 2810 56 75 the
592 2810 62 75 end
674 2810 47 75 of
733 2810 91 75 three
840 2810 105 75 years,
969 2810 55 75 the
1049 2810 98 75 horns
1163 2810 41 75 of

170 2853 83 75 oxen
271 2853 55 75 fall
345 2853 58 75 off,
429 2853 62 75 and
508 2853 69 75 new
585 2853 76 75 ones
679 2853 90 75 arife,
788 2853 105 75 which
910 2853 148 75 continue
1076 2853 32 75 as
1121 2853 77 75 long

169 2900 33 75 as
221 2900 77 75 they
313 2900 76 75 live.
437 2900 76 75 The
537 2900 97 75 horns
655 2900 40 75 of
706 2900 84 75 oxen
808 2900 73 75 four
897 2900 93 75 years
1008 2900 39 75 of
1059 2900 58 75 age
1144 2900 54 75 are

167 2946 89 75 Imall
280 2946 141 75 pointed,
448 2946 86 75 neat,
562 2946 63 75 and
640 2946 139 75 fmooth,
803 2946 58 75 but
880 2946 133 75 thickeft
1037 2946 77 75 near
1140 2946 56 75 the

214 2994 96 75 Vol.
328 2994 30 75 I.
382 2994 69 75 No.
471 2994 57 75 27.

1081 2994 18 75 3

1253 140 47 75 25
1362 140 17 75 )

1686 140 224 75 BOS

1270 211 104 75 head:
1411 211 86 75 This
1529 211 90 75 thick
1643 211 72 75 part
1743 211 80 75 next
1849 211 107 75 feafon
1979 211 28 75 is
2036 211 117 75 pulhed
2181 211 125 75 further

1270 257 84 75 from
1371 257 56 75 the
1443 257 84 75 head
1543 257 44 75 by
1607 257 18 75 a
1641 257 105 75 horny
1764 257 157 75 cylinder,
1947 257 105 75 which
2060 257 37 75 js
2115 257 66 75 alfo
2198 257 110 75 termi-

1269 303 96 75 nated
1392 303 44 75 by
1459 303 135 75 another
1611 303 142 75 fwelling
1769 303 83 75 part,
1879 303 60 75 and
1959 303 33 75 fo
2015 303 53 75 on,
2096 303 69 75 (for
2181 303 34 75 as
2232 303 77 75 long

1267 350 34 75 as
1318 350 55 75 the
1393 350 46 75 ox
1455 350 91 75 lives,
1571 350 56 75 the
1652 350 96 75 horns
1766 350 149 75 continue
1938 350 35 75 to
1990 350 130 75 grow);
2140 350 63 75 and
2218 350 88 75 thefe

1267 398 159 75 fwellings
1454 398 132 75 become
1610 398 34 75 fo
1661 398 95 75 many
1772 398 132 75 annular
1932 398 95 75 knots
2055 398 43 75 by
2116 398 107 75 which
2251 398 55 75 the

1268 443 57 75 age
1341 443 74 75 may
1431 443 95 75 eafily
1542 443 39 75 be
1599 443 177 75 reckoned:
1804 443 80 75 But,
1909 443 84 75 from
2013 443 54 75 the
2086 443 90 75 point
2194 443 34 75 to
2252 443 56 75 the

1267 490 64 75 firft
1358 490 80 75 knot
1463 490 80 75 muft
1563 490 40 75 be
1621 490 140 75 counted
1789 490 92 75 three
1897 490 106 75 years,
2029 490 64 75 and
2119 490 97 75 every
2238 490 68 75 fuc-

1269 537 133 75 ceeding
1418 537 80 75 knot
1515 537 76 75 only
1604 537 61 75 one
1682 537 88 75 year.

1314 583 153 75 Ox-beef
1474 583 26 75 is
1509 583 78 75 very
1600 583 192 75 nourifhing,
1806 583 62 75 and
1884 583 102 75 yields
1999 583 18 75 a
2029 583 106 75 ftrong
2152 583 150 75 aliment;

1266 630 55 75 the
1337 630 74 75 fldh
1438 630 40 75 of
1490 630 19 75 a
1524 630 82 75 cow,
1632 630 92 75 when
1750 630 73 75 well
1840 630 103 75 fatted
1968 630 62 75 and
2055 630 119 75 young,
2204 630 26 75 is
2249 630 56 75 not

1266 675 94 75 much
1378 675 144 75 inferior.
1572 675 175 75 Bull-beef
1764 675 26 75 is
1808 675 93 75 hard,
1926 675 114 75 tough,
2068 675 59 75 and
2145 675 80 75 dry;
2253 675 52 75 for

1265 723 106 75 which
1389 723 107 75 reafon
1513 723 27 75 it
1559 723 26 75 is
1603 723 57 75 not
1676 723 94 75 much
1788 723 76 75 ufed
1881 723 51 75 for
1944 723 91 75 food.
2084 723 84 75 Veal
2185 723 26 75 is
2229 723 75 75 well

1266 769 113 75 tafted,
1406 769 74 75 eafy
1491 769 40 75 of
1541 769 167 75 digeftion,
1734 769 63 75 and
1814 769 107 75 rather
1936 769 98 75 keeps
2051 769 55 75 the
2123 769 88 75 body
2222 769 83 75 open

1266 816 33 75 as
1317 816 182 75 otherwife.

1313 863 75 75 The
1414 863 152 75 northern
1596 863 159 75 countries
1779 863 41 75 of
1839 863 132 75 Europe
1995 863 140 75 produce
2163 863 55 75 the
2236 863 67 75 beft

1267 910 97 75 cattle
1384 910 41 75 of
1446 910 65 75 this
1528 910 90 75 kind.
1667 910 39 75 In
1733 910 141 75 general,
1900 910 78 75 they
1994 910 76 75 bear
2093 910 75 75 cold
2195 910 107 75 better

1266 955 76 75 than
1359 955 95 75 heat;
1483 955 52 75 for
1551 955 64 75 this
1633 955 121 75 reafon,
1779 955 78 75 they
1874 955 53 75 are
1945 955 57 75 not
2018 955 33 75 fo
2069 955 111 75 plenty
2196 955 31 75 in
2245 955 57 75 the

1267 1002 150 75 fouthern
1435 1002 174 75 countries.
1657 1002 113 75 There
1795 1002 54 75 are
1873 1002 57 75 but
1959 1002 62 75 few
2038 1002 32 75 in
2094 1002 74 75 Afia
2196 1002 35 75 to
2248 1002 55 75 the

1268 1048 93 75 fouth
1374 1048 41 75 of
1427 1048 165 75 Armenia,
1618 1048 38 75 or
1671 1048 34 75 in
1724 1048 116 75 Africa
1856 1048 129 75 beyond
2000 1048 112 75 Egypt
2129 1048 63 75 and
2218 1048 83 75 Bar-

1266 1094 91 75 bary.
1416 1094 153 75 America
1594 1094 163 75 produced
1780 1094 82 75 none
1887 1094 49 75 till
1962 1094 77 75 they
2066 1094 84 75 were
2177 1094 124 75 carried

1265 1142 90 75 there
1372 1142 44 75 by
1433 1142 55 75 the
1499 1142 202 75 Europeans.
1750 1142 68 75 But
1846 1142 55 75 the
1916 1142 115 75 largeft
2058 1142 53 75 are
2127 1142 36 75 to
2179 1142 40 75 be
2235 1142 67 75 met

1264 1188 78 75 with
1359 1188 31 75 in
1407 1188 181 75 Denmark,
1614 1188 148 75 Podolia,
1788 1188 55 75 the
1868 1188 139 75 Ukrain,
2034 1188 61 75 and
2112 1188 116 75 among
2244 1188 56 75 the

1265 1235 158 75 Calmuck
1446 1235 160 75 Tartars;
1633 1235 141 75 likewife
1798 1235 91 75 thofe
1905 1235 40 75 of
1964 1235 141 75 Ireland,
2131 1235 165 75 England,

1263 1281 156 75 Holland,
1445 1281 62 75 and
1535 1281 170 75 Hungary,
1731 1281 53 75 are
1802 1281 95 75 much
1922 1281 105 75 larger
2054 1281 77 75 than
2156 1281 88 75 thofe
2262 1281 41 75 of

1262 1327 117 75 Perfia,
1403 1327 151 75 Turkey,
1591 1327 140 75 Greece,
1756 1327 98 75 Italy,
1880 1327 63 75 and
1969 1327 119 75 Spain;
2125 1327 59 75 but
2208 1327 90 75 thofe

1262 1372 40 75 of
1313 1372 147 75 Barbary
1471 1372 53 75 are
1537 1372 74 75 leaft
1624 1372 40 75 of
1673 1372 57 75 all.
1772 1372 38 75 In
1828 1372 42 75 all
1883 1372 221 75 mountainous
2122 1372 172 75 countries,

1262 1418 33 75 as
1312 1418 127 75 Wales,
1465 1418 56 75 the
1544 1418 183 75 Highlands
1747 1418 42 75 of
1809 1418 167 75 Scotland,
2002 1418 56 75 the
2087 1418 94 75 black
2197 1418 98 75 cattle

1261 1465 53 75 are
1343 1465 212 75 exceedingly
1583 1465 103 75 fmall,
1712 1465 57 75 but
1793 1465 116 75 hardy,
1942 1465 64 75 and
2029 1465 93 75 when
2150 1465 145 75 fattened

1260 1511 91 75 make
1368 1511 161 75 excellent
1546 1511 85 75 beef.
1665 1511 38 75 In
1721 1511 161 75 Lapland,
1900 1511 79 75 they
1988 1511 54 75 are
2059 1511 113 75 moftly
2184 1511 111 75 white,

1259 1557 62 75 and
1345 1557 96 75 many
1467 1557 40 75 of
1527 1557 87 75 them
1638 1557 86 75 want
1747 1557 110 75 horns.
1906 1557 77 75 The
2012 1557 79 75 bull,
2118 1557 86 75 cow,
2230 1557 63 75 and

1259 1604 55 75 ox,
1333 1604 163 75 generally
1512 1604 63 75 live
1591 1604 99 75 about
1705 1604 41 75 14
1764 1604 37 75 or
1823 1604 36 75 15
1880 1604 104 75 years.

1307 1652 35 75 2.
1366 1652 76 75 The
1458 1652 146 75 bonafus,
1630 1652 57 75 has
1704 1652 19 75 a
1738 1652 77 75 long
1832 1652 106 75 main;
1964 1652 42 75 its
2030 1652 98 75 horns
2147 1652 53 75 are
2216 1652 83 75 bent

1258 1697 104 75 round
1376 1697 141 75 towards
1534 1697 54 75 the
1604 1697 114 75 cheek,
1736 1697 62 75 and
1815 1697 56 75 not
1884 1697 100 75 above
2001 1697 18 75 a
2030 1697 74 75 fpan
2122 1697 31 75 in
2166 1697 124 75 length.

1258 1742 31 75 It
1305 1742 27 75 is
1351 1742 96 75 about
1476 1742 54 75 the
1558 1742 62 75 fize
1637 1742 40 75 of
1700 1742 18 75 a
1734 1742 88 75 large
1850 1742 80 75 bull,
1956 1742 62 75 and
2042 1742 26 75 is
2094 1742 18 75 a
2127 1742 106 75 native
2256 1742 41 75 of

1257 1789 115 75 Africa
1386 1789 63 75 and
1461 1789 87 75 Afia.
1573 1789 112 75 When
1701 1789 150 75 enraged,
1868 1789 42 75 he
1927 1789 121 75 throws
2064 1789 56 75 out
2138 1789 49 75 his
2200 1789 88 75 dung

1257 1835 84 75 upon
1368 1835 81 75 dogs
1466 1835 37 75 or
1525 1835 94 75 other
1636 1835 131 75 animals
1795 1835 71 75 that
1891 1835 103 75 annoy
2012 1835 90 75 him;
2130 1835 55 75 the
2201 1835 88 75 dung

1256 1883 57 75 has
1330 1883 18 75 a
1356 1883 77 75 kind
1449 1883 41 75 of
1501 1883 113 75 cauftic
1631 1883 126 75 quality
1769 1883 105 75 which
1893 1883 96 75 burns
2007 1883 54 75 the
2072 1883 71 75 hair
2161 1883 51 75 off
2224 1883 63 75 any

1256 1930 114 75 animal
1387 1930 26 75 it
1431 1930 73 75 falls
1522 1930 98 75 upon.

1303 1976 33 75 3.
1361 1976 77 75 The
1455 1976 101 75 bifon,
1581 1976 58 75 has
1657 1976 139 75 likewife
1813 1976 18 75 a
1846 1976 77 75 long
1946 1976 90 75 thick
2059 1976 104 75 mane,
2180 1976 116 75 which'

1254 2023 110 75 covers
1391 2023 55 75 the
1464 2023 105 75 whole
1593 2023 81 75 neck
1701 2023 63 75 and
1789 2023 100 75 breaft
1919 2023 42 75 on
1989 2023 78 75 each
2085 2023 75 75 fide.
2209 2023 77 75 The

1252 2069 96 75 horns
1365 2069 54 75 are
1435 2069 116 75 turned
1560 2069 159 75 upwards,
1732 2069 63 75 and
1807 2069 212 75 exceedingly
2027 2069 88 75 large
2127 2069 8 75 ;
2156 2069 90 75 there
2258 2069 27 75 is

1252 2114 19 75 a
1286 2114 87 75 large
1390 2114 229 75 protuberance
1636 2114 37 75 or
1690 2114 104 75 bunch
1812 2114 41 75 on
1870 2114 56 75 the
1943 2114 101 75 back;
2071 2114 49 75 his
2137 2114 74 75 eyes
2229 2114 54 75 are

1253 2160 56 75 red
1325 2160 61 75 and
1403 2160 91 75 fiery,
1520 2160 104 75 which
1650 2160 86 75 gives
1761 2160 67 75 him
1851 2160 19 75 a
1885 2160 121 75 furious
2024 2160 113 75 afpedt.
2186 2160 55 75 He
2256 2160 28 75 is

1252 2206 108 75 fierce,
1385 2206 99 75 cruel,
1510 2206 61 75 and
1599 2206 34 75 fo
1661 2206 75 75 bold
1755 2206 70 75 that
1841 2206 41 75 he
1909 2206 85 75 fears
2012 2206 147 75 nothing.
2209 2206 31 75 It
2258 2206 26 75 is

1252 2253 108 75 unfafe
1377 2253 35 75 to
1431 2253 81 75 hunt
1526 2253 68 75 him
1612 2253 57 75 but
1685 2253 107 75 where
1806 2253 58 75 the
1885 2253 84 75 trees
1985 2253 53 75 are
2054 2253 88 75 large
2157 2253 128 75 enough

1252 2300 33 75 to
1301 2300 75 75 hide
1393 2300 209 75 thehunters.
1652 2300 53 75 He
1722 2300 26 75 is
1766 2300 18 75 a
1801 2300 105 75 native
1923 2300 41 75 of
1973 2300 136 75 Mexico
2126 2300 63 75 and
2202 2300 77 75 Flo-

1252 2346 80 75 rida.

1298 2392 33 75 4.
1356 2392 78 75 The
1449 2392 183 75 grunniens,
1650 2392 37 75 or
1702 2392 164 75 hog-cow,
1883 2392 57 75 has
1958 2392 186 75 cylindrical
2165 2392 110 75 horns,

1250 2438 75 75 bent
1337 2438 198 75 backwards.
1551 2438 77 75 The
1640 2438 87 75 body
1738 2438 26 75 is
1778 2438 32 75 fo
1821 2438 104 75 hairy,
1943 2438 71 75 that
2026 2438 57 75 the
2092 2438 70 75 hair
2175 2438 100 75 hangs

1245 2486 98 75 down
1359 2486 85 75 upon
1455 2486 43 75 its
1514 2486 97 75 knees
1627 2486 64 75 like
1708 2486 18 75 a
1742 2486 89 75 goat.
1878 2486 78 75 The
1968 2486 56 75 tail
2041 2486 57 75 has
2116 2486 16 75 a
2150 2486 77 75 kind
2244 2486 44 75 of

1248 2532 91 75 mane
1356 2532 42 75 on
1423 2532 76 75 each
1528 2532 74 75 fide.
1651 2532 75 75 The
1744 2532 111 75 colour
1872 2532 39 75 of
1934 2532 54 75 the
2005 2532 87 75 body
2115 2532 26 75 is
2159 2532 115 75 black;

1248 2578 57 75 but
1321 2578 55 75 the
1393 2578 89 75 front
1497 2578 27 75 is
1541 2578 109 75 white.
1699 2578 33 75 It
1748 2578 57 75 has
1821 2578 125 75 briftles
1962 2578 42 75 on
2027 2578 41 75 its
2085 2578 94 75 back,
2208 2578 68 75 tail,

1248 2624 62 75 and
1337 2624 176 75 hind-legs.
1573 2624 32 75 It
1629 2624 28 75 is
1683 2624 43 75 an
1752 2624 180 75 inhabitant
1957 2624 40 75 of
2018 2624 57 75 the
2104 2624 110 75 North
2242 2624 43 75 of

1248 2672 86 75 Afia.

1296 2718 32 75 5.
1352 2718 77 75 The
1462 2718 135 75 bubalis,
1627 2718 37 75 or
1688 2718 134 75 buffalo,
1856 2718 57 75 has
1941 2718 88 75 large
2055 2718 96 75 black
2177 2718 99 75 horns

1246 2764 75 75 bent
1337 2764 170 75 backward
1522 2764 63 75 and
1600 2764 135 75 inward,
1760 2764 63 75 and
1840 2764 83 75 plain
1940 2764 122 75 before.
2110 2764 76 75 7'be
2202 2764 71 75 hair

1246 2812 40 75 on
1302 2812 56 75 the
1385 2812 82 75 back
1482 2812 27 75 is
1525 2812 77 75 very
1624 2812 94 75 hard,
1743 2812 59 75 but
1825 2812 105 75 thinly
1944 2812 159 75 fcattered
2125 2812 78 75 over
2219 2812 56 75 the

1245 2858 98 75 body.
1393 2858 31 75 It
1447 2858 26 75 is
1491 2858 19 75 a
1533 2858 106 75 native
1659 2858 40 75 of
1711 2858 86 75 Afia.
1839 2858 67 75 But
1930 2858 77 75 they
2033 2858 53 75 are
2110 2858 108 75 tamed
2239 2858 48 75 in,

1245 2904 99 75 Italy,
1370 2904 62 75 and
1447 2904 76 75 ufed
1539 2904 51 75 for
1613 2904 56 75 the
1683 2904 86 75 fame
1785 2904 149 75 purpofes
1950 2904 35 75 as
2007 2904 94 75 black
2127 2904 97 75 cattle
2240 2904 32 75 in

1243 2952 95 75 other
1354 2952 173 75 countries.
1576 2952 99 75 They
1690 2952 89 75 draw
1804 2952 169 75 carriages,
1999 2952 63 75 and
2084 2952 55 75 are
2155 2952 125 75 guided

1710 3000 17 75 7
1752 3000 36 75 T

2229 3000 49 75 by
