2466 3327
530 114 40 75 A
628 114 42 75 D
730 114 35 75 E

1113 114 19 75 (
1192 114 18 75 2

206 187 118 75 wheat,
342 187 120 75 -millet,
483 187 235 75 frankincenfe,
736 187 63 75 and
814 187 129 75 pepper.
991 187 106 75 Their
1112 187 75 75 reli-

208 234 74 75 gion
300 234 26 75 is
343 234 55 75 the
418 234 226 75 Mahometan.

159 281 197 75 KwL-fiJh,
381 281 40 75 an
448 281 140 75 obfolete
611 281 91 75 name
730 281 41 75 of
789 281 54 75 the
871 281 98 75 falmo
990 281 117 75 albula,
1132 281 55 75 be-

206 325 129 75 longing
352 325 34 75 to
403 325 167 75 therorder
585 325 40 75 of
636 325 229 75 abdominales.
886 325 6 75 .
914 325 62 75 See
994 325 70 75 Sal
1074 325 65 75 mo.

159 371 385 75 ADEL-ODAGAM,
568 371 33 75 in
617 371 132 75 botany,
764 371 20 75 a
795 371 162 75 fynonime
976 371 41 75 of
1028 371 55 75 the
1096 371 92 75 jufti-

206 417 49 75 cia
267 417 145 75 biyalvis.
463 417 62 75 See
543 417 202 75 Justicia.
773 417 5 75 ,

159 465 206 75 ADELIA,
391 465 33 75 in
440 465 132 75 botany,
599 465 19 75 a
633 465 99 75 genus
749 465 40 75 of
806 465 56 75 the
882 465 117 75 dioecia
1025 465 163 75 monadel-

208 510 76 75 phia
300 510 91 75 clafs.
443 510 54 75 Of
507 510 65 75 this
585 510 98 75 genus
700 510 91 75 there
804 510 53 75 are
870 510 90 75 three
972 510 118 75 fpecies
1105 510 10 75 ;
1134 510 55 75 the

207 556 180 75 bernardia,
429 556 19 75 a
475 556 105 75 native
607 556 41 75 of
675 556 172 75 America;
879 556 65 75 and
966 556 56 75 the
1047 556 144 75 ricinella

207 601 64 75 and
287 601 162 75 acidoton,
467 601 79 75 both
566 601 120 75 natives
704 601 41 75 of
756 601 154 75 Jamaica.

160 648 322 75 ADELPHIANI,
508 648 31 75 in
565 648 121 75 church
708 648 134 75 hiftory,
868 648 19 75 a
913 648 63 75 fed
1003 648 41 75 of
1067 648 126 75 ancient

208 695 152 75 heretics,
377 695 35 75 fo
428 695 105 75 called
543 695 88 75 from
643 695 85 75 their
738 695 109 75 leader
858 695 193 75 Adelphius.
1090 695 101 75 They

208 742 81 75 keep
313 742 56 75 the
384 742 132 75 fabbath
533 742 33 75 as
584 742 19 75 a
617 742 72 75 faft.

160 787 308 75 ADELSCALC,
485 787 33 75 in
531 787 171 75 antiquity,
714 787 18 75 a
742 787 126 75 fervant
879 787 41 75 of
924 787 57 75 the
992 787 99 75 king;
1106 787 84 75 from

209 833 56 75 the
281 833 156 75 German,
454 833 86 75 add,
557 833 106 75 noble,
682 833 62 75 and
749 833 103 75 fcalc,
871 833 19 75 a
906 833 137 75 fervant.
1090 833 101 75 They

208 880 83 75 feem
314 880 35 75 to
371 880 82 75 have
480 880 81 75 been
577 880 55 75 the
648 880 83 75 fame
748 880 78 75 with
842 880 91 75 royal
945 880 114 75 thanes
1077 880 114 75 among

208 926 56 75 the
282 926 138 75 Saxons,
446 926 62 75 and
531 926 57 75 the
614 926 143 75 minijlri
780 926 87 75 regis
890 926 32 75 in
946 926 126 75 ancient
1097 926 92 75 char-

211 971 79 75 ters.

161 1018 308 75 ADELSPERG,
494 1018 19 75 a
538 1018 90 75 fmall
656 1018 87 75 town
765 1018 42 75 of
828 1018 179 75 Germany,
1032 1018 33 75 in
1092 1018 99 75 lower

208 1063 168 75 Carniola.
384 1063 6 75 •

159 1111 313 75 ADEMPTION,
488 1111 32 75 in
541 1111 74 75 law,
632 1111 27 75 is
672 1111 55 75 the
740 1111 182 75 revocation
938 1111 41 75 of
990 1111 19 75 a
1023 1111 166 75 donation,

206 1156 41 75 or
272 1156 107 75 grant,
403 1156 103 75 either
522 1156 134 75 diredly
677 1156 44 75 by
748 1156 19 75 a
790 1156 84 75 deed
890 1156 38 75 or
943 1156 85 75 writ,
1053 1156 39 75 or
1107 1156 82 75 indi-

210 1203 100 75 redly
327 1203 44 75 by
386 1203 169 75 otherwife
570 1203 155 75 difpofing
736 1203 40 75 of
782 1203 56 75 the
854 1203 120 75 fubjed
989 1203 41 75 of
1047 1203 38 75 it.
1128 1203 62 75 See

210 1249 253 75 Rescission.

163 1295 152 75 ADEN,
340 1295 155 75 formerly
517 1295 20 75 a
556 1295 67 75 rich
640 1295 63 75 and
718 1295 213 75 confiderable
948 1295 85 75 town
1051 1295 40 75 of
1106 1295 84 75 Ara-

206 1340 59 75 bia
289 1340 55 75 the
360 1340 118 75 Happy
540 1340 33 75 It
599 1340 26 75 is
649 1340 107 75 feated
779 1340 44 75 by
846 1340 56 75 the
924 1340 141 75 fea-fide,
1091 1340 20 75 a
1136 1340 54 75 lit-

213 1387 45 75 tle
275 1387 152 75 eaftward
441 1387 43 75 of
497 1387 56 75 the
569 1387 103 75 llraits
691 1387 41 75 of
749 1387 241 75 Bebelmandel.

163 1434 393 75 ADENANTHERA,
582 1434 33 75 in
637 1434 132 75 botany,
794 1434 19 75 a
828 1434 98 75 genus
943 1434 40 75 of
994 1434 56 75 the
1075 1434 116 75 decan-

211 1479 70 75 dria
300 1479 190 75 monogynia
509 1479 92 75 clafs.
647 1479 114 75 There
777 1479 53 75 are
847 1479 76 75 only
939 1479 66 75 two
1021 1479 116 75 fpecies
1158 1479 40 75 of

212 1526 65 75 this
301 1526 101 75 plant,
427 1526 56 75 the
494 1526 157 75 pavonina
688 1526 64 75 and
768 1526 55 75 the
836 1526 178 75 faleataria,
1041 1526 80 75 both
1137 1526 55 75 na-

213 1572 78 75 tives
309 1572 40 75 of
359 1572 104 75 India.

168 1617 288 75 ADENBURG,
481 1617 39 75 or
539 1617 257 75 Aldenburg,
814 1617 33 75 in
863 1617 195 75 geography,
1077 1617 19 75 a
1106 1617 88 75 town

212 1662 42 75 of
264 1662 210 75 Weftphalia,
501 1662 62 75 and
579 1662 33 75 in
632 1662 56 75 the
704 1662 122 75 dutchy
843 1662 40 75 of
894 1662 103 75 Burg,
1023 1662 119 75 fubjed
1159 1662 35 75 to

215 1707 55 75 the
283 1707 130 75 Eledor
421 1707 158 75 Palatine.
612 1707 32 75 It
660 1707 26 75 is
704 1707 39 75 12
757 1707 151 75 miles.N.
921 1707 43 75 E.
982 1707 41 75 of
1034 1707 159 75 Cologne,

216 1751 62 75 and
299 1751 39 75 17
355 1751 60 75 W.
435 1751 39 75 of
490 1751 106 75 Bonn,
624 1751 34 75 7.
679 1751 58 75 2J.
753 1751 44 75 E.
816 1751 89 75 long.
936 1751 58 75 51.
1014 1751 34 75 2.
1070 1751 57 75 lat.

168 1800 266 75 ADENDUM,
460 1800 19 75 a
495 1800 89 75 fmall
604 1800 88 75 town
714 1800 41 75 of
764 1800 127 75 Africa,
916 1800 33 75 in
966 1800 54 75 the
1040 1800 154 75 kingdom

214 1843 41 75 of
266 1843 79 75 Fez.

167 1892 243 75 ADENOGR
415 1892 138 75 APHY,
578 1892 71 75 that
671 1892 72 75 part
759 1892 41 75 of
811 1892 149 75 anatomy
974 1892 107 75 which
1093 1892 99 75 treats

213 1935 40 75 of
263 1935 55 75 the
336 1935 164 75 glandular
516 1935 99 75 parts.

165 1984 300 75 ADENOIDES,
491 1984 33 75 in
541 1984 163 75 anatomy.
751 1984 62 75 See
837 1984 246 75 Prostates.

164 2030 321 75 ADENOLOGY.
535 2030 61 75 See
612 2030 314 75 Adenography.

165 2075 212 75 ADENOS,
404 2075 18 75 a
442 2075 79 75 kind
546 2075 42 75 of
609 2075 112 75 cotton
748 2075 171 75 otherwife
946 2075 104 75 called
1065 2075 128 75 marine

210 2120 117 75 cotton.
353 2120 32 75 It
397 2120 107 75 comes
517 2120 85 75 from
612 2120 127 75 Aleppo
749 2120 46 75 by
800 2120 60 75 the
870 2120 72 75 way
950 2120 41 75 of
996 2120 194 75 Marfeilles,

209 2168 108 75 where
327 2168 27 75 it
369 2168 77 75 pays
465 2168 44 75 20
521 2168 157 75 percent,
695 2168 94 75 duty,
802 2168 171 75 according
986 2168 35 75 to
1038 2168 55 75 the
1102 2168 95 75 tariff

210 2212 43 75 of
258 2212 56 75 the
331 2212 76 75 year
423 2212 101 75 1766.
549 2212 48 75 Its
612 2212 174 75 valuation,
800 2212 170 75 according
986 2212 35 75 to
1036 2212 56 75 the
1107 2212 84 75 fame

210 2258 100 75 tariff,
335 2258 27 75 is
380 2258 43 75 76
436 2258 96 75 livres
554 2258 132 75 i6fols.

163 2305 232 75 ADENOSE
419 2305 131 75 abfeefs,
576 2305 19 75 a
610 2305 81 75 term
708 2305 179 75 fometimes
911 2305 78 75 ufed
1004 2305 52 75 for
1072 2305 19 75 a
1109 2305 80 75 hard

211 2350 130 75 tumour
357 2350 189 75 relembling
561 2350 19 75 a
595 2350 109 75 gland.

163 2397 219 75 ADEONA,
399 2397 33 75 in
444 2397 202 75 mythology,
662 2397 56 75 the
726 2397 92 75 name
828 2397 40 75 of
875 2397 18 75 a
905 2397 132 75 goddefs
1049 2397 141 75 invoked

211 2441 43 75 by
268 2441 56 75 the
341 2441 142 75 Romans
507 2441 93 75 when
616 2441 79 75 they
713 2441 47 75 fet
775 2441 58 75 out
849 2441 85 75 upon
958 2441 18 75 a
992 2441 149 75 journey.

162 2490 302 75 ADEPHAGIA,
489 2490 32 75 in
549 2490 202 75 mythology,
776 2490 55 75 the
847 2490 134 75 goddefs
1006 2490 40 75 of
1068 2490 120 75 glutto-

210 2535 53 75 ny,
281 2535 35 75 to
331 2535 113 75 whom,
453 2535 55 75 the
526 2535 147 75 Sicilians
692 2535 74 75 paid
783 2535 148 75 religious
947 2535 146 75 worlhip.

161 2581 170 75 ADEPS,
357 2581 31 75 in
413 2581 160 75 anatomy,
598 2581 56 75 the
680 2581 49 75 fat
752 2581 101 75 found
876 2581 33 75 in
936 2581 56 75 the
1017 2581 170 75 abdomen.

210 2626 30 75 It
260 2626 65 75 alfo
341 2626 132 75 fignifies
486 2626 181 75 animal-fat
685 2626 40 75 of
737 2626 62 75 any
814 2626 90 75 kind.

161 2673 205 75 ADEPTS,
392 2673 20 75 a
426 2673 83 75 term
527 2673 114 75 among
662 2673 175 75 alchemifts
854 2673 51 75 for
921 2673 90 75 thofe
1027 2673 74 75 who
1116 2673 70 75 pre-

208 2718 118 75 tended
341 2718 35 75 to
391 2718 81 75 have
488 2718 101 75 found
605 2718 57 75 out
677 2718 55 75 the
747 2718 137 75 panacea
900 2718 37 75 or
952 2718 235 75 philofophers-

209 2763 98 75 ftone.

163 2811 286 75 ADEQUATE,
482 2811 178 75 fomething
683 2811 94 75 equal
802 2811 35 75 to
865 2811 37 75 or
925 2811 127 75 exadly
1080 2811 105 75 corre-

209 2855 153 75 fponding
378 2855 79 75 with
475 2855 145 75 another.

162 2901 213 75 Adequate
398 2901 84 75 idea,
507 2901 132 75 fignifies
664 2901 19 75 a
705 2901 123 75 diftind
851 2901 37 75 or
915 2901 118 75 perfed
1049 2901 134 75 concep-

207 2946 68 75 tion
290 2946 39 75 of
347 2946 43 75 all
407 2946 55 75 the.
477 2946 146 75 qualities
641 2946 40 75 of
692 2946 60 75 any
770 2946 116 75 objed.

254 2993 100 75 Vol.
371 2993 30 75 I.
426 2993 70 75 No.
515 2993 33 75 2.

1219 123 22 75 5
1302 123 18 75 )

1674 123 222 75 ADI

1238 182 284 75 ADERBERG,
1549 182 18 75 a
1588 182 87 75 town
1692 182 39 75 of
1741 182 203 75 Pomerania,
1970 182 113 75 fituate
2099 182 41 75 on
2156 182 56 75 the
2221 182 49 75 Ci-

1283 228 69 75 der.

1237 275 307 75 ADERBIGAN,
1570 275 19 75 a
1603 275 152 75 province
1783 275 40 75 of
1846 275 118 75 Perfia,
1988 275 152 75 bounded
2156 275 43 75 on
2214 275 56 75 the

1286 322 47 75 N.
1350 322 45 75 by
1412 322 155 75 Armenia
1579 322 135 75 Proper,
1733 322 41 75 on
1790 322 57 75 the
1864 322 36 75 S.
1916 322 47 75 by
1984 322 218 75 Irac-Agemi,
2217 322 53 75 -on

1280 368 61 75 the
1357 368 44 75 E.
1418 368 44 75 by
1478 368 136 75 Ghilan,
1633 368 64 75 and
1711 368 41 75 on
1765 368 56 75 the
1837 368 60 75 W.
1911 368 45 75 by
1972 368 182 75 Curdillan.
2191 368 78 75 The

1284 413 152 75 principal
1454 413 87 75 town
1558 413 26 75 is
1602 413 134 75 Tauris,
1761 413 86 75 from
1866 413 58 75 42.
1943 413 47 75 to.
2006 413 58 75 48.
2076 413 89 75 long,
2183 413 87 75 from

1289 462 55 75 36.
1363 462 34 75 to
1420 462 56 75 39.
1501 462 59 75 lat.

1239 508 221 75 ADERNO,
1486 508 19 75 a
1521 508 89 75 fmall
1623 508 90 75 place
1730 508 32 75 in
1785 508 56 75 the
1858 508 65 75 Val
1943 508 34 75 di
1994 508 152 75 Demona
2161 508 33 75 in
2212 508 58 75 the

1286 553 154 75 kingdom
1456 553 40 75 of
1508 553 114 75 Sicily,
1656 553 53 75 15.
1728 553 56 75 25.
1802 553 45 75 E.
1864 553 89 75 long.
1979 553 57 75 28.
2057 553 32 75 5.
2106 553 59 75 lat.

1240 599 419 75 ADESSENARIANS,
1678 599 281 75 AdesSenarii,
1976 599 33 75 in
2031 599 235 75 church-hilto-

1285 645 49 75 ry,
1359 645 20 75 a
1397 645 62 75 fed
1478 645 40 75 of
1536 645 190 75 Chriftians,
1751 645 75 75 who
1852 645 81 75 hold
1957 645 56 75 the
2037 645 65 75 real
2120 645 148 75 prefence

1287 692 39 75 of
1338 692 134 75 Chrilt’s
1489 692 88 75 body
1596 692 34 75 in
1647 692 56 75 the
1718 692 167 75 eucharift,
1911 692 127 75 though
2061 692 57 75 not
2139 692 43 75 by
2198 692 72 75 way

1288 739 40 75 of
1339 739 320 75 tranfubftantiation.
1706 739 100 75 They
1833 739 96 75 differ
1952 739 216 75 confiderably
2184 739 40 75 as!
2235 739 35 75 to

1287 784 62 75 this
1374 784 157 75 prefence,
1556 784 85 75 fome
1657 784 135 75 holding
1804 784 71 75 that
1891 784 55 75 the
1962 784 87 75 body
2064 784 41 75 of
2117 784 107 75 Chrift
2242 784 26 75 is

1286 831 32 75 in
1333 831 56 75 the
1405 831 116 75 bread;
1548 831 122 75 others,
1694 831 70 75 that
1780 831 25 75 it
1822 831 26 75 is
1873 831 98 75 about
1987 831 55 75 the
2059 831 119 75 bread;
2205 831 63 75 and

1286 877 121 75 others,
1434 877 70 75 that
1521 877 26 75 it
1563 877 26 75 is
1612 877 102 75 under
1732 877 56 75 the
1803 877 112 75 bread.

1239 923 268 75 ADFECTED
1525 923 163 75 equation.
1739 923 62 75 See
1818 923 201 75 Algebra.

1239 970 340 75 ADFILIATION,
1603 970 20 75 a
1637 970 126 75 Gothic
1782 970 131 75 cuflom,
1940 970 153 75 whereby
2112 970 56 75 the
2186 970 80 75 chil-

1286 1016 78 75 dren
1387 1016 41 75 of
1446 1016 19 75 a
1489 1016 121 75 former
1640 1016 155 75 marriage
1824 1016 53 75 are
1905 1016 57 75 put
1990 1016 86 75 upon
2101 1016 56 75 the
2184 1016 85 75 fame

1286 1062 126 75 footing
1426 1062 80 75 with
1530 1062 91 75 thofe
1645 1062 41 75 of
1703 1062 55 75 the
1775 1062 129 75 fecond.
1963 1062 87 75 This
2067 1062 26 75 is
2111 1062 64 75 alfo
2202 1062 66 75 cal-

1286 1108 54 75 led
1356 1108 74 75 unto
1443 1108 155 75 proliutn,
1628 1108 62 75 and
1717 1108 61 75 (till
1804 1108 144 75 retained
1970 1108 35 75 in
2027 1108 85 75 fome
2128 1108 87 75 parts
2233 1108 41 75 of

1286 1155 180 75 Germany.

1238 1201 294 75 ADHATODA,
1558 1201 33 75 in
1613 1201 133 75 botany,
1772 1201 19 75 a
1807 1201 161 75 fynonime
1985 1201 39 75 of
2047 1201 20 75 a
2093 1201 117 75 fpecies
2229 1201 41 75 of

1286 1248 111 75 ruelia,
1416 1248 165 75 acanthus,
1600 1248 63 75 and
1675 1248 40 75 of
1720 1248 66 75 two
1803 1248 116 75 fpecies
1938 1248 39 75 of
1985 1248 137 75 jufticia.

1241 1295 116 75 Aftion
1373 1295 42 75 of
1421 1295 317 75 ADHERENCE,
1755 1295 33 75 in
1805 1295 94 75 Scots
1911 1295 74 75 law,
2003 1295 39 75 an
2060 1295 104 75 adion
2176 1295 93 75 com-,

1284 1341 109 75 petent
1409 1341 34 75 to
1462 1341 19 75 a
1491 1341 141 75 hufband
1655 1341 37 75 or
1708 1341 86 75 wife,
1813 1341 35 75 to
1865 1341 123 75 compel
2005 1341 103 75 either
2124 1341 94 75 party
2232 1341 36 75 to

1285 1387 128 75 adhere,
1438 1387 32 75 in
1486 1387 68 75 cafe
1570 1387 41 75 of
1628 1387 170 75 defertion.
1848 1387 62 75 See
1926 1387 105 75 Law,
2056 1387 82 75 title,
2164 1387 103 75 Mar-

1286 1435 102 75 riage.

2145 1435 7 75 .

1239 1480 290 75 ADHERGAT,
1556 1480 19 75 a
1602 1480 88 75 town
1709 1480 40 75 of
1768 1480 106 75 Syria,
1900 1480 75 75 near
1991 1480 56 75 the
2064 1480 150 75 frontiers
2230 1480 42 75 of

1287 1527 134 75 Arabia.

1239 1574 266 75 ADHESION,
1530 1574 123 75 implies
1677 1574 57 75 the
1759 1574 132 75 Ricking
1906 1574 39 75 or
1961 1574 153 75 adhering
2138 1574 40 75 of
2199 1574 67 75 two

1286 1619 110 75 bodies
1413 1619 160 75 together.

1241 1664 220 75 Adhesion,
1487 1664 32 75 in
1541 1664 98 75 logic,
1664 1664 132 75 fignifies
1812 1664 229 75 tenacioufnefs
2058 1664 35 75 to
2110 1664 39 75 an
2172 1664 93 75 argu-

1287 1710 98 75 ment,
1410 1710 138 75 without
1564 1710 115 75 regard
1697 1710 35 75 to
1753 1710 62 75 any
1833 1710 149 75 evidence
1998 1710 41 75 of
2055 1710 42 75 its
2114 1710 103 75 truth.

1239 1757 218 75 Adhesion,
1482 1757 32 75 in
1534 1757 162 75 anatomy,
1721 1757 19 75 a
1751 1757 82 75 term
1850 1757 52 75 for
1917 1757 61 75 one
1994 1757 71 75 part
2081 1757 134 75 flicking
2231 1757 35 75 to'

1286 1803 144 75 another,
1455 1803 106 75 which
1578 1803 32 75 in
1627 1803 19 75 a
1664 1803 124 75 natural
1808 1803 77 75 Rate
1909 1803 53 75 are
1979 1803 152 75 feparate.

1239 1850 187 75 ADHOA,
1450 1850 32 75 in
1499 1850 126 75 ancient
1641 1850 147 75 cufloms.
1838 1850 61 75 See
1915 1850 162 75 Relief.

1238 1896 139 75 ADJA,
1402 1896 38 75 or
1456 1896 129 75 Adga,
1610 1896 19 75 a
1654 1896 88 75 town
1765 1896 40 75 of
1826 1896 131 75 Guinea
1971 1896 42 75 on
2035 1896 56 75 the
2116 1896 84 75 coafl
2226 1896 43 75 of

1285 1942 127 75 Fantin.

1238 1989 273 75 ADJACENT,
1530 1989 40 75 an
1587 1989 192 75 appellation
1795 1989 94 75 given
1904 1989 35 75 to
1955 1989 76 75 fuch
2043 1989 107 75 things
2167 1989 33 75 as
2212 1989 54 75 are

1285 2035 111 75 fituate
1412 2035 88 75 near,
1524 2035 39 75 or
1579 2035 164 75 adjoining
1759 2035 34 75 to
1810 2035 79 75 each
1911 2035 131 75 other...

1237 2082 320 75 ADIANTHUM,
1590 2082 33 75 in
1650 2082 132 75 botany,
1806 2082 21 75 a
1850 2082 98 75 genus
1965 2082 40 75 of
2023 2082 56 75 the
2095 2082 170 75 cryptoga-

1285 2127 63 75 mia
1363 2127 112 75 filices,
1499 2127 42 75 of
1561 2127 107 75 which
1684 2127 91 75 there
1800 2127 53 75 are
1885 2127 40 75 19
1949 2127 131 75 fpecies,
2106 2127 63 75 and
2188 2127 78 75 only
2278 2127 8 75 *

1286 2173 65 75 two
1367 2173 40 75 of
1424 2173 89 75 them
1535 2173 122 75 natives
1679 2173 43 75 of
1739 2173 137 75 Britain,
1902 2173 70 75 viz.
1997 2173 55 75 the
2078 2173 187 75 adianthum

1285 2220 130 75 capillus
1429 2220 136 75 veneris,
1584 2220 38 75 or
1637 2220 72 75 true
1727 2220 226 75 maiden-rhair,
1971 2220 63 75 and
2053 2220 56 75 the
2125 2220 143 75 trapezi-'

1285 2266 115 75 forme,
1425 2266 37 75 or
1477 2266 122 75 fhining
1617 2266 221 75 maiden-hair.

1236 2313 372 75 ADIAPHORISTS,
1636 2313 328 75 Adiaphoristje,
1995 2313 37 75 or
2059 2313 204 75 Adiapk-o-

1287 2358 126 75 rites,
1446 2358 33 75 in
1511 2358 268 75 church-hiflory,
1816 2358 19 75 a
1857 2358 91 75 name
1976 2358 173 75 importing
2171 2358 95 75 lake-;

1282 2404 180 75 warmnefs,
1480 2404 104 75 given,
1595 2404 32 75 in
1643 2404 56 75 the
1710 2404 159 75 fixteenth
1882 2404 144 75 century,
2039 2404 34 75 to
2086 2404 54 75 the
2153 2404 109 75 mode-

1283 2450 68 75 rate
1374 2450 196 75 Lutherans,
1595 2450 74 75 who
1685 2450 167 75 embraced
1875 2450 55 75 the
1951 2450 145 75 opinions
2123 2450 41 75 of
2185 2450 79 75 Me-,

1281 2497 161 75 landhon,
1459 2497 105 75 whofe
1579 2497 183 75 difpofition
1774 2497 64 75 was
1851 2497 99 75 vaftly
1962 2497 88 75 more
2062 2497 110 75 pacific
2184 2497 77 75 than

1284 2542 70 75 that
1369 2542 41 75 of
1420 2542 137 75 Luther.

1233 2590 235 75 ADJAZZO,
1492 2590 34 75 in
1544 2590 196 75 geography,
1765 2590 20 75 a
1799 2590 170 75 handfome
1985 2590 87 75 town
2088 2590 64 75 and
2166 2590 94 75 caftle

1282 2633 39 75 of
1336 2633 128 75 Corfica
1479 2633 33 75 in
1529 2633 54 75 the
1606 2633 274 75 Mediterranean,
1906 2633 79 75 with
2005 2633 19 75 a
2038 2633 138 75 bilhop’s
2194 2633 71 75 fee,,

1282 2681 61 75 and
1354 2681 4 75 .
1366 2681 18 75 a
1406 2681 85 75 good
1505 2681 153 75 harbour.
1706 2681 33 75 It
1760 2681 27 75 is
1815 2681 167 75 populous,
2008 2681 63 75 and
2097 2681 106 75 fertile
2226 2681 34 75 in

1281 2727 93 75 wine.
1423 2727 97 75 Some
1544 2727 62 75 call
1622 2727 25 75 it
1665 2727 151 75 Agaccio.
1865 2727 32 75 It
1913 2727 27 75 is
1959 2727 42 75 27
2023 2727 90 75 miles
2138 2727 36 75 S.
2195 2727 62 75 W.

1280 2771 39 75 of
1331 2771 113 75 Corte,
1471 2771 33 75 8.
1527 2771 55 75 53.
1607 2771 43 75 E.
1668 2771 88 75 long.
1781 2771 58 75 41.
1860 2771 56 75 54.
1933 2771 58 75 lat.

1232 2821 288 75 ADJECTIVE,
1545 2821 32 75 in
1594 2821 170 75 grammar,
1789 2821 93 75 when
1895 2821 112 75 joined
2023 2821 35 75 to
2082 2821 20 75 a
2116 2821 140 75 fubftan-

1279 2864 75 75 tive,
1379 2864 132 75 imports
1536 2864 90 75 fome
1658 2864 136 75 quality,
1823 2864 38 75 or
1888 2864 155 75 accident,
2068 2864 38 75 or
2120 2864 136 75 circum-

1240 2911 3 75 •
1275 2911 103 75 fiance
1399 2911 172 75 belonging
1586 2911 36 75 to
1638 2911 70 75 that
1725 2911 202 75 fubflantive.

1229 2958 170 75 ADIGE,
1424 2958 32 75 in
1472 2958 197 75 geogtaphy,
1691 2958 24 75 a
1737 2958 84 75 river
1841 2958 40 75 in
1901 2958 96 75 Italy,
2022 2958 107 75 which
2146 2958 111 75 taking
2281 2958 7 75 -

1782 3009 35 75 G

2214 3009 41 75 its

1068 3011 16 75 3
