2396 3377
476 100 237 75 AMP

1059 100 20 75 (

102 166 249 75 AMOSSON,
376 166 19 75 a
411 166 83 75 river
506 166 41 75 of
558 166 136 75 France,
719 166 31 75 in
763 166 55 75 the
830 166 206 75 province.of
1047 166 90 75 Lan-

152 212 139 75 guedoc.

101 258 250 75 AMOVING,
368 258 57 75 the
437 258 48 75 ad
495 258 42 75 of
547 258 164 75 expelling
727 258 19 75 a
757 258 113 75 perfon
886 258 84 75 from
986 258 50 75 his
1048 258 90 75 place

137 306 50 75 -or
202 306 107 75 office.
334 306 7 75 •

101 354 193 75 AMOUR,
320 354 18 75 a
349 354 88 75 large
454 354 84 75 river
549 354 41 75 of
601 354 87 75 Alia,
714 354 119 75 which,
859 354 113 75 arifing
993 354 33 75 in
1045 354 91 75 Sibe-

148 401 59 75 ria,
232 401 74 75 runs
323 401 155 75 eaftward
488 401 140 75 through
645 401 139 75 Chinefe
799 401 157 75 Tartary,
982 401 64 75 and
1060 401 75 75 falls

146 446 70 75 into
227 446 56 75 the
299 446 63 75 bay
379 446 41 75 of
439 446 107 75 Corea
560 446 33 75 in
609 446 56 75 the
681 446 115 75 Indian
812 446 125 75 Ocean.

99 494 154 75 AMOY,
279 494 39 75 an
335 494 99 75 illand
453 494 42 75 on
512 494 55 75 the
586 494 186 75 fouth-weft
788 494 84 75 coaft
891 494 40 75 of
939 494 130 75 .China,
1095 494 38 75 fi-

145 539 112 75 utated
269 539 32 75 in
317 539 45 75 E.
375 539 88 75 long.
482 539 102 75 xi8°,
609 539 49 75 N.
675 539 59 75 lat.
754 539 42 75 25
796 521 24 49 0
820 539 16 75 .

97 586 222 75 AMPANA,
336 586 34 75 in
385 586 133 75 botany,
536 586 40 75 an
592 586 141 75 obfolete
750 586 90 75 name
857 586 40 75 of
908 586 55 75 the
979 586 154 75 boraflus.

147 634 63 75 See
224 634 215 75 Borassus.

97 679 227 75 AMPELIS,
351 679 32 75 in
399 679 132 75 botany.
582 679 62 75 See
660 679 133 75 Vitis.

95 724 296 75 AMPELITES,
409 724 292 75 Cannel-coal,
724 724 19 75 a
753 724 94 75 hard,
866 724 136 75 opaque,
1021 724 110 75 foffile,

144 771 212 75 inflammable
382 771 174 75 fubltance,
589 771 41 75 of
655 771 19 75 a
700 771 97 75 black
824 771 123 75 colour.
996 771 32 75 It
1053 771 78 75 does

143 820 58 75 not
216 820 169 75 effervefce
401 820 79 75 with
497 820 109 75 acids;
632 820 27 75 it
682 820 27 75 is
734 820 130 75 capable
886 820 41 75 of
946 820 18 75 a
986 820 63 75 fine
1072 820 58 75 po-

142 866 70 75 lifii,
238 866 63 75 and
317 866 52 75 for
391 866 71 75 that
487 866 109 75 reafon
621 866 29 75 is
673 866 116 75 turned
812 866 69 75 into
905 866 18 75 a
945 866 135 75 number
1096 866 41 75 of

141 912 89 75 toys,
255 912 33 75 as
304 912 215 75 fnuff-boxes,
544 912 65 75 and
622 912 56 75 the
694 912 77 75 like.

95 959 182 75 AMPER,
302 959 37 75 or
355 959 154 75 Ampor,
535 959 39 75 an
597 959 100 75 Eflex
715 959 87 75 term
827 959 52 75 for
901 959 19 75 a
941 959 186 75 phlegmon.

144 1005 61 75 See
222 1005 233 75 Phlegmon.

94 1052 213 75 AMPEZO,
333 1052 18 75 a
362 1052 87 75 town
465 1052 33 75 in
514 1052 56 75 the
586 1052 178 75 Tyroleze,
788 1052 174 75 belonging
972 1052 157 75 formerly

140 1099 35 75 to
193 1099 55 75 the
263 1099 189 75 Venetians,
476 1099 60 75 but
551 1099 73 75 now
640 1099 34 75 to
690 1099 56 75 the
762 1099 98 75 houfe
876 1099 40 75 of
927 1099 140 75 Auftria.

93 1144 278 75 AMPHERES,
397 1144 31 75 in
454 1144 172 75 antiquity,
648 1144 22 75 a
693 1144 78 75 kind
797 1144 40 75 of
856 1144 114 75 veflels
986 1144 141 75 wherein

139 1192 56 75 the
212 1192 117 75 rowers
347 1192 86 75 plied
449 1192 65 75 two
529 1192 73 75 oars
620 1192 33 75 at
669 1192 56 75 the
748 1192 82 75 fame
855 1192 88 75 time,
969 1192 61 75 one
1046 1192 81 75 with

140 1238 54 75 the
212 1238 86 75 right
314 1238 98 75 hand,
439 1238 61 75 and
517 1238 133 75 another
666 1238 79 75 with
761 1238 56 75 the
838 1238 72 75 left.

93 1282 447 75 AMPHIARTHROSIS,
573 1282 32 75 in
630 1282 162 75 anatomy,
825 1282 18 75 a
866 1282 82 75 term
972 1282 52 75 for
1048 1282 76 75 fuch

135 1330 163 75 jundures
315 1330 40 75 of
374 1330 97 75 bones
489 1330 32 75 as
537 1330 82 75 have
637 1330 38 75 an
687 1330 128 75 evident
827 1330 134 75 motion,
986 1330 59 75 but
1060 1330 64 75 dif-

140 1373 103 75 ferent
260 1373 84 75 from
361 1373 55 75 the
427 1373 198 75 diarthrofis,
651 1373 65 75 &c.
766 1373 61 75 See
845 1373 277 75 Diarthrosis.

92 1423 254 75 AMPHIBIA,
371 1423 33 75 in
424 1423 151 75 zoology,
601 1423 56 75 the
672 1423 92 75 name
780 1423 41 75 of
839 1423 179 75 Linnasus’s
1035 1423 90 75 third

139 1470 77 75 clafs
233 1470 41 75 of
293 1470 144 75 animals,
462 1470 162 75 including
641 1470 43 75 all
707 1470 89 75 thofe
812 1470 105 75 which
940 1470 61 75 live
1018 1470 107 75 partly

138 1516 33 75 in
186 1516 113 75 water,
324 1516 63 75 and
398 1516 106 75 partly
517 1516 43 75 on
577 1516 87 75 land.
701 1516 87 75 This
800 1516 78 75 clafs
894 1516 27 75 is
937 1516 188 75 fubdivided

137 1560 69 75 into
218 1560 91 75 three
325 1560 124 75 orders,
474 1560 69 75 viz.
574 1560 30 75 1.
628 1560 78 75 The
718 1560 160 75 amphibia
888 1560 152 75 reptiles;
1067 1560 56 75 the

138 1609 160 75 amphibia
319 1609 182 75 ferpentes;
533 1609 64 75 and
619 1609 56 75 the
699 1609 162 75 amphibia
886 1609 125 75 nantes.
1061 1609 62 75 See

136 1654 194 75 Natural
350 1654 197 75 History.

90 1700 317 75 AMPHIBIOUS,
442 1700 34 75 in
507 1700 133 75 botany,
679 1700 56 75 the
762 1700 83 75 fame
871 1700 81 75 with
979 1700 141 75 aquatic.

139 1749 61 75 See
216 1749 199 75 Aquatic.

91 1792 511 75 AMPHIBLESTROIDES,
639 1792 36 75 in
708 1792 160 75 anatomy,
910 1792 19 75 a
959 1792 91 75 name
1078 1792 44 75 by

137 1840 105 75 which
259 1840 85 75 fome
359 1840 61 75 call
438 1840 55 75 the
510 1840 102 75 retina
628 1840 40 75 of
682 1840 55 75 the
749 1840 71 75 eye.
871 1840 61 75 See
948 1840 171 75 Retina.

88 1886 320 75 AMPHIBOLIA.
459 1886 62 75 See
536 1886 56 75 the
608 1886 79 75 next
703 1886 124 75 article.

89 1933 370 75 AMPHIBOLOGY,
484 1933 33 75 in
541 1933 157 75 grammar
719 1933 66 75 and
808 1933 153 75 rhetoric,
994 1933 20 75 a
1036 1933 84 75 term

133 1980 77 75 ufed
225 1980 35 75 to
275 1980 117 75 denote
408 1980 20 75 a
442 1980 112 75 phrafe
569 1980 187 75 fufceptible
771 1980 41 75 of
830 1980 66 75 two
908 1980 151 75 different
1070 1980 49 75 in-

133 2026 237 75 terpretations.
419 2026 240 75 Amphibology
676 2026 94 75 arifes
787 2026 83 75 from
895 2026 55 75 the
972 2026 96 75 order
1084 2026 40 75 of

133 2073 56 75 the
205 2073 258 75 phrafe,'rather
486 2073 78 75 than
588 2073 86 75 from
697 2073 55 75 the
769 2073 186 75 ambiguous
972 2073 147 75 meaning

133 2119 39 75 of
192 2119 18 75 a
225 2119 101 75 word.

86 2166 394 75 AMPHIBRACHYS,
505 2166 32 75 in
554 2166 124 75 anciept
703 2166 126 75 poetry,
854 2166 56 75 the
926 2166 91 75 name
1041 2166 41 75 of
1100 2166 19 75 a

133 2211 70 75 foot
220 2211 161 75 confiding
400 2211 42 75 of
460 2211 91 75 three
568 2211 166 75 .fyllables,
760 2211 149 75 whereof
927 2211 70 75 that
1012 2211 33 75 in
1061 2211 57 75 the

133 2259 119 75 middle
267 2259 26 75 is
310 2259 88 75 long,
423 2259 63 75 and
502 2259 56 75 the
573 2259 95 75 other
683 2259 67 75 two
772 2259 108 75 ffiont;
906 2259 77 75 fuch
1006 2259 28 75 is
1060 2259 57 75 the

132 2305 91 75 word
243 2305 152 75 [[abide].

86 2351 364 75 AMPHICTYONS,
476 2351 31 75 in
532 2351 143 75 Grecian
703 2351 172 75 antiquity,
901 2351 40 75 an
966 2351 150 75 affembly

132 2397 168 75 compofed
327 2397 41 75 of
394 2397 145 75 deputies
571 2397 84 75 from
689 2397 55 75 the
776 2397 150 75 different
955 2397 93 75 fates
1080 2397 41 75 of

130 2443 138 75 Greece,
294 2443 63 75 and
373 2443 199 75 refembling,
596 2443 33 75 in
645 2443 86 75 fome
747 2443 153 75 meafurq,
925 2443 56 75 the
996 2443 68 75 diet
1080 2443 41 75 of

130 2491 55 75 the
201 2491 144 75 German
361 2491 132 75 empire.

176 2536 76 75 The
278 2536 216 75 amphiftyons
519 2536 65 75 met
613 2536 162 75 regularly
804 2536 33 75 at
869 2536 123 75 Delphi
1020 2536 93 75 twice

127 2582 125 75 a-year,
285 2582 69 75 viz.
379 2582 32 75 in
438 2582 106 75 fpring
568 2582 62 75 and
656 2582 143 75 autumn,
825 2582 64 75 and
912 2582 134 75 decided
1070 2582 43 75 all

130 2629 187 75 differences
344 2629 143 75 between
511 2629 62 75 any
597 2629 40 75 of
655 2629 56 75 the
733 2629 143 75 Grecian
897 2629 106 75 fates,
1029 2629 85 75 their

129 2675 259 75 determinations
405 2675 94 75 being
515 2675 77 75 held
606 2675 109 75 facred
731 2675 63 75 and
809 2675 184 75 inviolable.

83 2721 368 75 AMPHIDROMIA,
475 2721 33 75 in
525 2721 174 75 antiquity,
716 2721 85 75 conf
803 2721 102 75 ituted
917 2721 72 75 part
1005 2721 40 75 of
1055 2721 56 75 the

129 2767 162 75 lufration
308 2767 39 75 of
364 2767 130 75 infants.
544 2767 62 75 See
623 2767 278 75 Lustration.

81 2815 342 75 AMPHIDRYON,
448 2815 32 75 in
497 2815 216 75 ecdefiafical
736 2815 139 75 writers,
899 2815 132 75 denotes
1054 2815 55 75 the

128 2859 61 75 veil
215 2859 36 75 or
274 2859 123 75 curtain
420 2859 105 75 which
549 2859 70 75 w^.
640 2859 109 75 drawn
772 2859 111 75 before
907 2859 55 75 the
978 2859 81 75 door
1075 2859 40 75 of

126 2905 56 75 the
199 2905 91 75 bema
305 2905 32 75 in
351 2905 125 75 ancient
487 2905 168 75 churches.

81 2953 342 75 AMPHIMACER,
449 2953 32 75 in
505 2953 124 75 ancient
653 2953 125 75 poetry,
809 2953 18 75 a
851 2953 71 75 foot
946 2953 163 75 confifing

130 2999 95 75 Vol.
243 2999 30 75 I.
298 2999 72 75 No.
389 2999 34 75 6.

1040 2999 19 75 3

1139 107 83 75 137
1278 107 19 75 )

1605 107 242 75 AMP

1232 164 40 75 of
1289 164 92 75 three
1392 164 161 75 fyllables,
1577 164 150 75 whereof
1747 164 54 75 the
1825 164 64 75 firfl
1907 164 61 75 and
1984 164 56 75 laf
2058 164 54 75 are
2127 164 90 75 long,

1232 211 62 75 and
1317 211 71 75 that
1416 211 32 75 in
1479 211 56 75 the
1562 211 121 75 middle
1714 211 87 75 ffiort
1818 211 9 75 :
1869 211 77 75 fuch
1978 211 27 75 is
2038 211 57 75 the
2127 211 92 75 word

1235 258 189 75 [caflitas].

1182 306 378 75 AMPHIPNEUMA,
1585 306 79 75 with
1680 306 188 75 phyficians,
1893 306 133 75 fignifies
2043 306 91 75 great
2149 306 64 75 dif-

1230 350 111 75 ficulty
1357 350 40 75 of
1415 350 181 75 breathing.

1180 398 324 75 AMPHIPGLES,
1528 398 33 75 in
1578 398 172 75 antiquity,
1775 398 56 75 the
1848 398 154 75 principal
2020 398 195 75 magifrates

1228 443 40 75 of
1287 443 54 75 the
1358 443 66 75 city
1442 443 41 75 of
1502 443 154 75 Syracufe
1679 443 32 75 in
1738 443 113 75 Sicity,
1878 443 105 75 called
2005 443 152 75 Archons
2182 443 33 75 at

1231 489 138 75 Athens.
1421 489 61 75 See
1498 489 179 75 Archon.

1180 539 311 75 AMPHIPOLIS,
1523 539 37 75 or
1586 539 204 75 Strymon,
1824 539 19 75 a
1870 539 88 75 town
1983 539 40 75 of
2042 539 171 75 European

1226 583 130 75 Turky,
1381 583 79 75 once
1472 583 55 75 the
1545 583 116 75 capital
1678 583 39 75 of
1735 583 208 75 Macedonia,
1968 583 134 75 fituated
2118 583 32 75 in
2166 583 45 75 E.

1226 628 88 75 long.
1334 628 115 75 40°5',
1476 628 61 75 and
1554 628 46 75 N.
1618 628 58 75 lat.
1695 628 40 75 41
1735 610 27 49 0
1784 628 67 75 30'.

1180 677 264 75 AMPHIPPII,
1477 677 32 75 in
1534 677 142 75 Grecian
1702 677 172 75 antiquity,
1899 677 131 75 foldiers
2059 677 86 75 who,
2178 677 35 75 in

1226 724 78 75 war,
1330 724 77 75 ufed
1424 724 65 75 two
1506 724 108 75 horfes
1631 724 137 75 without
1786 724 136 75 faddles,
1950 724 63 75 and
2028 724 84 75 were
2129 724 82 75 dex-

1225 768 107 75 terous
1346 768 125 75 enough
1488 768 35 75 to
1535 768 69 75 leap
1621 768 85 75 from
1722 768 60 75 one
1795 768 35 75 to
1842 768 57 75 the
1914 768 106 75 other.

1177 815 347 75 AMPHIPRORiE,
1549 815 32 75 in
1599 815 54 75 the
1670 815 91 75 naval
1784 815 107 75 affairs
1916 815 41 75 of
1974 815 56 75 the
2055 815 153 75 ancients,

1224 861 109 75 vefiels
1361 861 81 75 with
1469 861 19 75 a
1511 861 90 75 prow
1625 861 31 75 at
1679 861 76 75 each
1780 861 74 75 end.
1902 861 100 75 They
2026 861 84 75 were
2134 861 76 75 ufed

1221 907 118 75 chiefly
1354 907 32 75 in
1413 907 91 75 rapid
1519 907 100 75 rivers
1644 907 62 75 and
1721 907 126 75 narrow
1870 907 163 75 channels,
2058 907 107 75 where
2182 907 26 75 it

1223 954 63 75 was
1304 954 57 75 not
1374 954 70 75 eafy
1462 954 35 75 to
1513 954 75 75 tack
1605 954 110 75 about.

1176 1002 424 75 AMPHIPROSTYLE,
1632 1002 31 75 in
1690 1002 56 75 the
1771 1002 208 75 archite&ure
2004 1002 41 75 of
2070 1002 57 75 the
2152 1002 56 75 an-

1223 1047 111 75 cients,
1360 1047 18 75 a
1394 1047 117 75 temple
1527 1047 105 75 which
1649 1047 64 75 had
1729 1047 74 75 four
1826 1047 142 75 columns
1985 1047 33 75 in
2034 1047 55 75 the
2105 1047 102 75 front,

1222 1093 61 75 and
1301 1093 32 75 as
1351 1093 96 75 many
1462 1093 32 75 in
1512 1093 56 75 the
1585 1093 69 75 face
1670 1093 132 75 behind.

1163 1139 355 75 .AMPHISBAlNA,
1544 1139 32 75 in
1594 1139 151 75 zoology,
1772 1139 17 75 a
1806 1139 98 75 genus
1928 1139 41 75 of
1986 1139 140 75 ferpents
2151 1139 56 75 be-

1220 1188 130 75 longing
1366 1188 35 75 to
1417 1188 55 75 the
1489 1188 95 75 order
1608 1188 40 75 of
1667 1188 160 75 amphibia
1849 1188 173 75 ferpentes,
2047 1188 34 75 fo
2104 1188 104 75 called

1220 1233 83 75 from
1320 1233 56 75 the
1391 1233 77 75 falfe
1484 1233 112 75 notion
1608 1233 39 75 of
1666 1233 41 75 its
1724 1233 116 75 having
1856 1233 65 75 two
1937 1233 113 75 heads,
2074 1233 133 75 becaufe

1221 1279 26 75 it
1264 1279 108 75 moves
1389 1279 80 75 with
1485 1279 104 75 either
1603 1279 62 75 end
1682 1279 161 75 fofemoft.

1266 1326 77 75 The
1359 1326 81 75 head
1457 1326 41 75 of
1515 1326 55 75 the
1587 1326 208 75 amphilbaena
1810 1326 27 75 is
1854 1326 101 75 fmall,
1980 1326 137 75 fmooth,
2143 1326 64 75 and

1221 1372 113 75 blunt;
1361 1372 56 75 the
1433 1372 124 75 noftrils
1575 1372 53 75 are
1651 1372 79 75 very
1754 1372 110 75 fmall;
1891 1372 55 75 the
1971 1372 74 75 eyes
2070 1372 52 75 are
2146 1372 59 75 mi-

1220 1420 75 75 nute
1319 1420 62 75 and
1406 1420 137 75 blackiffi
1556 1420 9 75 ;
1593 1420 62 75 and
1671 1420 55 75 the
1742 1420 112 75 mouth
1871 1420 26 75 is
1914 1420 161 75 furnifted
2090 1420 79 75 with
2187 1420 19 75 a

1220 1465 91 75 great
1327 1465 131 75 number
1475 1465 40 75 of
1532 1465 89 75 fmall
1639 1465 100 75 teeth.
1788 1465 77 75 The
1890 1465 87 75 body
2000 1465 27 75 is
2052 1465 151 75 cylindri-

1223 1512 61 75 cal,
1310 1512 98 75 about
1433 1512 19 75 a
1476 1512 69 75 foot
1570 1512 88 75 long,
1684 1512 62 75 and
1768 1512 131 75 divided
1923 1512 68 75 iiito
2016 1512 97 75 about
2135 1512 68 75 200

1220 1558 132 75 annular
1368 1558 124 75 convex
1509 1558 155 75 fegments
1688 1558 64 75 like
1775 1558 90 75 thofe
1890 1558 40 75 of
1948 1558 19 75 a
1990 1558 99 75 worm
2104 1558 9 75 ;
2140 1558 64 75 and

1219 1604 25 75 it
1264 1604 61 75 has
1349 1604 98 75 about
1472 1604 45 75 40
1533 1604 211 75 longitudinal
1762 1604 130 75 ftreaks,
1917 1604 41 75 of
1975 1604 106 75 which
2103 1604 38 75 12
2160 1604 42 75 on

1218 1651 76 75 each
1311 1651 62 75 fide
1390 1651 53 75 are
1458 1651 31 75 in
1507 1651 54 75 the
1578 1651 83 75 form
1678 1651 40 75 of
1736 1651 90 75 fmall
1843 1651 113 75 croffes
1972 1651 65 75 like
2054 1651 56 75 the
2128 1651 71 75 Ro-

1218 1698 72 75 man
1307 1698 55 75 X;
1389 1698 55 75 the
1465 1698 76 75 anus
1555 1698 25 75 is
1598 1698 18 75 a
1632 1698 173 75 tranfverfe
1817 1698 69 75 flit;
1913 1698 62 75 and
1991 1698 56 75 the
2058 1698 57 75 laft
2131 1698 72 75 ring

1219 1745 36 75 or
1266 1745 140 75 fegment
1423 1745 40 75 of
1481 1745 55 75 the
1552 1745 88 75 belly
1654 1745 57 75 has
1727 1745 89 75 eight
1831 1745 90 75 fmall
1939 1745 136 75 papilla?,
2100 1745 101 75 form-

1218 1791 54 75 ing
1295 1791 19 75 a
1340 1791 173 75 tranfverfe
1535 1791 64 75 line
1623 1791 110 75 before
1758 1791 56 75 the
1837 1791 98 75 anus;
1961 1791 54 75 the
2032 1791 69 75 tail,
2126 1791 26 75 i.
2170 1791 29 75 e.

1218 1837 41 75 all
1283 1837 55 75 the
1360 1837 90 75 fpace
1473 1837 105 75 below
1602 1837 55 75 the
1683 1837 89 75 anus,
1800 1837 26 75 is
1851 1837 98 75 ffiort,
1978 1837 165 75 confifting
2165 1837 42 75 of

1214 1883 106 75 thirty
1340 1883 132 75 annular
1493 1883 169 75 fegments,
1687 1883 138 75 without
1848 1883 95 75 being
1965 1883 131 75 marked
2121 1883 79 75 with

1217 1930 55 75 the
1288 1930 195 75 crofs-lines,
1508 1930 64 75 and
1594 1930 28 75 is
1644 1930 90 75 thick
1758 1930 59 75 and
1844 1930 92 75 blunt
1959 1930 33 75 at
2017 1930 54 75 the
2095 1930 103 75 point.

1216 1976 76 75 The
1309 1976 111 75 colour
1436 1976 41 75 of
1495 1976 55 75 the
1575 1976 104 75 whole
1703 1976 115 75 animal
1840 1976 28 75 is
1884 1976 107 75 black,
2015 1976 185 75 variegated

1215 2022 78 75 with
1309 2022 119 75 white;
1455 2022 58 75 but
1529 2022 55 75 the
1600 2022 94 75 black
1717 2022 134 75 prevails
1875 2022 79 75 moft
1971 2022 41 75 on
2027 2022 56 75 the
2103 2022 94 75 back,

1216 2068 62 75 and
1302 2068 55 75 the
1384 2068 97 75 white
1505 2068 41 75 on
1571 2068 56 75 the
1649 2068 100 75 belly.
1797 2068 32 75 It
1853 2068 56 75 has
1935 2068 19 75 a
1974 2068 91 75 great
2081 2068 116 75 refem-

1214 2115 111 75 blance
1341 2115 35 75 to
1396 2115 19 75 a
1430 2115 113 75 worm,
1568 2115 99 75 living
1683 2115 31 75 in
1732 2115 54 75 the
1797 2115 109 75 earth,
1933 2115 61 75 and
2010 2115 109 75 movin'
2119 2115 20 75 *
2164 2115 32 75 e-

1214 2161 111 75 qually
1341 2161 73 75 well
1434 2161 79 75 with
1537 2161 103 75 either
1655 2161 61 75 end
1732 2161 162 75 foremoft.
1941 2161 112 75 There
2070 2161 52 75 are
2139 2161 58 75 but

1214 2207 66 75 two
1307 2207 131 75 fpecies,
1472 2207 70 75 viz.
1573 2207 29 75 1.
1632 2207 55 75 the
1714 2207 182 75 fuliginofa,
1927 2207 104 75 which
2060 2207 135 75 anfwers

1214 2254 125 75 exaftly
1355 2254 35 75 to
1407 2254 55 75 the
1479 2254 101 75 above
1596 2254 204 75 defeription,
1826 2254 62 75 and
1903 2254 27 75 is
1946 2254 101 75 found
2062 2254 41 75 dn
2123 2254 71 75 Ly-

1214 2300 63 75 bia,
1303 2300 61 75 and
1389 2300 32 75 in
1444 2300 150 75 different
1618 2300 86 75 parts
1724 2300 40 75 of
1777 2300 163 75 America.
1989 2300 34 75 2.
2047 2300 77 75 The
2148 2300 46 75 ri-

1212 2346 52 75 ba,
1290 2346 105 75 which
1424 2346 26 75 is
1478 2346 117 75 totally
1616 2346 110 75 white,
1751 2346 27 75 is
1806 2346 19 75 a
1846 2346 105 75 native
1974 2346 41 75 of
2033 2346 79 75 both
2138 2346 56 75 the

1212 2392 120 75 Indies,
1357 2392 62 75 and
1442 2392 27 75 is
1494 2392 159 75 generally
1669 2392 101 75 found
1792 2392 33 75 in
1847 2392 220 75 ant-hillocks.
2115 2392 78 75 The

1211 2439 67 75 bite
1301 2439 40 75 of
1359 2439 56 75 the
1440 2439 206 75 amphiffisena
1668 2439 27 75 is
1718 2439 159 75 reckoned
1901 2439 35 75 to
1961 2439 40 75 be
2016 2439 114 75 mortal
2148 2439 44 75 by

1211 2484 94 75 many
1321 2484 152 75 authors;
1502 2484 58 75 but
1582 2484 35 75 as
1642 2484 26 75 it
1691 2484 27 75 is
1743 2484 57 75 not
1823 2484 161 75 furniffied
2006 2484 79 75 with
2109 2484 80 75 dog-

1210 2531 104 75 fangs,
1340 2531 56 75 the
1420 2531 87 75 ufual
1531 2531 199 75 inftruments
1754 2531 39 75 of
1812 2531 176 75 cpnveying
2009 2531 56 75 the
2081 2531 109 75 poifon

1210 2577 39 75 of
1259 2577 153 75 ferpents,
1429 2577 80 75 later
1521 2577 123 75 writers
1661 2577 113 75 efteem
1789 2577 26 75 it
1831 2577 57 75 not
1905 2577 33 75 to
1956 2577 39 75 be
2007 2577 181 75 poifonous.

1208 2624 98 75 They
1317 2624 73 75 feed
1402 2624 83 75 upon
1502 2624 68 75 ants
1584 2624 60 75 and
1658 2624 237 75 earth-worms,
1913 2624 59 75 but
1982 2624 207 75 particularly

1208 2669 54 75 the
1273 2669 108 75 latter.
1431 2669 60 75 See
1508 2669 85 75 plate
1604 2669 65 75 XI.
1694 2669 108 75 fig.'2.

1161 2717 260 75 AMPHISCII,
1452 2717 114 75 among
1590 2717 225 75 geographers,
1846 2717 18 75 a
1887 2717 91 75 name
2002 2717 127 75 applied
2152 2717 36 75 to

1207 2762 54 75 the
1287 2762 111 75 people
1424 2762 73 75 who
1521 2762 121 75 inhabit
1665 2762 55 75 the
1744 2762 103 75 torrid
1870 2762 94 75 zone.'
2010 2762 77 75 The
2103 2762 83 75 Am-

1206 2809 122 75 phifeii,
1353 2809 33 75 as
1403 2809 55 75 the
1474 2809 90 75 word
1586 2809 145 75 imports,
1756 2809 80 75 have
1860 2809 92 75 their-
1965 2809 142 75 ffiadows
2124 2809 61 75 one

1207 2856 70 75 part
1290 2856 42 75 of
1351 2856 53 75 the
1421 2856 76 75 year
1511 2856 138 75 towards
1666 2856 55 75 the
1738 2856 108 75 north,
1872 2856 62 75 and
1956 2856 31 75 at
2012 2856 54 75 the
2091 2856 95 75 other

1206 2903 138 75 towards
1356 2903 55 75 the
1423 2903 105 75 fouth,
1553 2903 170 75 according
1738 2903 36 75 to
1790 2903 54 75 the
1867 2903 83 75 fun’s
1968 2903 88 75 place
2070 2903 34 75 in
2128 2903 56 75 the

1206 2953 139 75 ecliptic.
1391 2953 101 75 They
1503 2953 54 75 are
1573 2953 63 75 alfo
1648 2953 103 75 called
1762 2953 101 75 Afcii.
1914 2953 61 75 See
1992 2953 128 75 Ascii.

1631 2999 89 75 Mm

1989 2999 200 75 AMPHIS-
