2498 3377
174 131 109 75 Part.
297 131 69 75 VI.

737 131 42 75 A
895 131 43 75 N
1053 131 42 75 A
1212 131 39 75 T

173 201 78 75 each
263 201 39 75 of
309 201 87 75 thefe
407 201 122 75 laminse
541 201 121 75 maybe
674 201 187 75 fubdivided
872 201 69 75 into
953 201 118 75 feveral
1083 201 123 75 others.

219 246 77 75 The
312 246 170 75 depreflion
498 246 33 75 in
548 246 55 75 the
620 246 120 75 middle
757 246 40 75 of
808 246 55 75 the
880 246 182 75 membrana
1081 246 125 75 tympa-

173 295 32 75 ni
220 295 28 75 is
265 295 114 75 caufed
393 295 44 75 by
452 295 56 75 the
525 295 148 75 adhefion
689 295 39 75 of
739 295 55 75 the
810 295 84 75 little
911 295 83 75 bone
1009 295 103 75 called
1125 295 81 75 mal-

173 342 82 75 leus,
279 342 56 75 the
351 342 116 75 handle
483 342 40 75 of
545 342 107 75 which
679 342 27 75 is
722 342 120 75 clofely
860 342 112 75 joined
988 342 34 75 to
1039 342 55 75 the
1110 342 97 75 infide

172 388 41 75 of
232 388 55 75 the
303 388 182 75 membrane
501 388 86 75 from
614 388 56 75 the
697 388 100 75 upper
825 388 73 75 part
914 388 39 75 of
965 388 55 75 the
1037 388 167 75 circumfe-

174 434 92 75 rence
283 434 41 75 all
340 434 56 75 the
413 434 71 75 way
501 434 35 75 cb
560 434 56 75 the
633 434 108 75 center
763 434 35 75 to
814 434 106 75 which
936 434 55 75 the
1007 434 64 75 end
1092 434 40 75 of
1150 434 57 75 the

174 479 115 75 handle
305 479 27 75 is
348 479 101 75 fixed.
497 479 86 75 This
605 479 117 75 handle
744 479 99 75 feems
859 479 35 75 to
910 479 42 75 lie
968 479 32 75 in
1017 479 18 75 a
1052 479 78 75 very
1145 479 62 75 fine

173 524 222 75 membranous
422 524 211 75 duplicature,
658 524 44 75 by
726 524 107 75 means
861 524 39 75 of
920 524 104 75 which
1048 524 26 75 it
1095 524 28 75 is
1139 524 69 75 tied

172 574 36 75 to
224 574 54 75 the
295 574 184 75 membrana
504 574 154 75 tympani,
683 574 62 75 and
766 574 106 75 which
888 574 103 75 ferves
1007 574 27 75 it
1048 574 54 75 for
1118 574 18 75 a
1152 574 55 75 pe-

172 617 161 75 riofleum.

218 665 76 75 The
311 665 187 75 periofteum
516 665 40 75 of
575 665 55 75 the
647 665 186 75 tympanum
849 665 38 75 or
903 665 105 75 barrel
1031 665 40 75 of
1082 665 55 75 the
1153 665 57 75 ear

171 711 157 75 produces
340 711 71 75 that
426 711 41 75 of
478 711 55 75 the
549 711 87 75 fmall
654 711 118 75 bones;
796 711 28 75 it
839 711 26 75 is
881 711 139 75 likewife
1035 711 172 75 continued

171 758 79 75 over
276 758 56 75 the
356 758 66 75 two
449 758 153 75 feneftrte,
627 758 62 75 and
716 758 106 75 enters
849 758 55 75 the
921 758 176 75 euftachian
1113 758 91 75 tube,

171 805 111 75 where
298 805 25 75 it
339 805 27 75 is
383 805 58 75 loft
463 805 33 75 in
511 805 55 75 the
583 805 88 75 inner
687 805 182 75 membrane
885 805 40 75 of
937 805 71 75 that
1023 805 86 75 dud.

218 851 76 75 The
310 851 119 75 cellulse
446 851 169 75 maftoidaei
631 851 54 75 are
702 851 76 75 very
789 851 154 75 irregular
959 851 128 75 cavities
1103 851 33 75 in
1148 851 56 75 the

172 895 160 75 fubftance
356 895 40 75 of
415 895 56 75 the
486 895 134 75 maftoid
642 895 180 75 apophyfis,
847 895 105 75 which
971 895 232 75 communicate

172 944 79 75 with
279 944 77 75 each
383 944 106 75 other,
514 944 62 75 and
598 944 80 75 have
707 944 18 75 a
749 944 144 75 common
911 944 136 75 opening
1063 944 140 75 towards

171 991 55 75 the
242 991 109 75 infide,
375 991 62 75 and
453 991 18 75 a
487 991 83 75 little
587 991 101 75 above
704 991 55 75 the
775 991 152 75 pofterior
940 991 79 75 edge
1032 991 39 75 of
1082 991 56 75 the
1150 991 52 75 or-

171 1037 122 75 bicular
304 1037 132 75 groove.
481 1037 111 75 Thefe
603 1037 78 75 cells
691 1037 53 75 are
753 1037 87 75 lined
852 1037 43 75 by
907 1037 18 75 a
936 1037 60 75 fine
1009 1037 193 75 membrane,

172 1082 105 75 which
293 1082 27 75 is
346 1082 106 75 partly
478 1082 19 75 a
524 1082 218 75 continuation
763 1082 41 75 of
813 1082 55 75 the
885 1082 186 75 periofteum
1088 1082 41 75 of
1146 1082 57 75 the

172 1128 196 75 tympanum,
394 1128 62 75 and
471 1128 106 75 partly
593 1128 97 75 feems
720 1128 35 75 to
781 1128 39 75 be
837 1128 42 75 of.
889 1128 18 75 a
923 1128 166 75 glandular
1105 1128 98 75 ftruc-

171 1172 71 75 ture
257 1172 63 75 like
336 1172 19 75 a
370 1172 78 75 kind
463 1172 41 75 of
526 1172 54 75 the
608 1172 183 75 membrana
814 1172 174 75 pituitaria.
1036 1172 76 75 The
1136 1172 66 75 ma-

171 1222 79 75 ftoid
273 1222 136 75 opening
434 1222 27 75 is
477 1222 139 75 oppofite
632 1222 35 75 to
683 1222 56 75 the
754 1222 90 75 fmall
859 1222 139 75 opening
1013 1222 39 75 of
1063 1222 55 75 the
1133 1222 71 75 Eu-

171 1268 135 75 ftachian
323 1268 89 75 tube,
437 1268 59 75 but
513 1268 18 75 a
546 1268 83 75 little
640 1268 128 75 higher.

217 1315 75 75 The
307 1315 166 75 ligaments
490 1315 39 75 of
541 1315 56 75 the
613 1315 125 75 officula
754 1315 88 75 come
854 1315 79 75 next
949 1315 31 75 in
992 1315 108 75 order.
1125 1315 77 75 The

169 1360 89 75 incus
273 1360 27 75 is
316 1360 69 75 tied
399 1360 44 75 by
459 1360 19 75 a
494 1360 106 75 ftrong
622 1360 85 75 fhort
718 1360 165 75 ligament,
895 1360 87 75 fixed
997 1360 34 75 in
1046 1360 55 75 the
1113 1360 90 75 point

172 1407 39 75 of
229 1407 55 75 the
300 1407 86 75 fhort
408 1407 70 75 leg,
503 1407 35 75 to
566 1407 55 75 the
648 1407 79 75 edge
755 1407 40 75 of
817 1407 55 75 the
904 1407 129 75 maftoid
1051 1407 148 75 opening.

171 1450 154 75 Between
341 1450 55 75 the
411 1450 90 75 incus
518 1450 63 75 and
596 1450 131 75 malleus
740 1450 48 75 we
804 1450 65 75 find
887 1450 18 75 a
920 1450 101 75 fmall,
1046 1450 70 75 thin
1133 1450 68 75 car-

171 1498 110 75 tilage.
335 1498 77 75 The
439 1498 132 75 malleus
594 1498 27 75 is
651 1498 171 75 conneded
846 1498 140 75 through
1015 1498 55 75 the
1097 1498 106 75 whole

172 1545 109 75 length
297 1545 40 75 of
354 1545 42 75 its
412 1545 116 75 handle
543 1545 36 75 to
594 1545 56 75 the
672 1545 97 75 infide
791 1545 40 75 of
850 1545 55 75 the
920 1545 183 75 membrana
1118 1545 84 75 tym-

171 1592 85 75 pani.

216 1637 76 75 The
308 1637 132 75 malleus
455 1637 58 75 has
529 1637 90 75 three
636 1637 145 75 mufcles,
806 1637 61 75 one
887 1637 157 75 external,
1069 1637 60 75 one
1146 1637 55 75 an-

170 1683 112 75 terior,
308 1683 63 75 and
386 1683 60 75 one
466 1683 158 75 internal;
651 1683 61 75 and
728 1683 55 75 the
806 1683 99 75 ftapes
921 1683 57 75 has
995 1683 59 75 one
1070 1683 129 75 mufcle.

170 1729 75 75 The
262 1729 144 75 external
419 1729 41 75 or
475 1729 142 75 fuperior
636 1729 115 75 mufcle
767 1729 40 75 of
818 1729 55 75 the
889 1729 145 75 malleus,
1058 1729 26 75 is
1097 1729 19 75 a
1130 1729 70 75 thin

168 1775 167 75 fafciculus
352 1775 39 75 of
403 1775 94 75 flefhy
510 1775 93 75 fibres
619 1775 89 75 lying
720 1775 94 75 along
830 1775 55 75 the
901 1775 99 75 upper
1012 1775 70 75 part
1094 1775 39 75 of
1145 1775 55 75 the

171 1822 87 75 bony
275 1822 120 75 meatus
420 1822 189 75 auditorius,
635 1822 143 75 between
794 1822 55 75 the
865 1822 185 75 periofteum
1068 1822 62 75 and
1146 1822 54 75 the

169 1868 93 75 other
276 1868 226 75 integuments.
550 1868 78 75 The
638 1868 94 75 outer
744 1868 71 75 part
831 1868 39 75 of
889 1868 25 75 it
926 1868 27 75 is
965 1868 108 75 pretty
1084 1868 113 75 broad,

168 1916 63 75 and
247 1916 25 75 it
285 1916 155 75 contrads
452 1916 44 75 by
512 1916 130 75 degrees
655 1916 32 75 as
705 1916 25 75 it
746 1916 155 75 advances
917 1916 139 75 towards
1069 1916 55 75 the
1140 1916 58 75 up-

168 1961 57 75 per
240 1961 70 75 part
326 1961 38 75 or
382 1961 98 75 break
503 1961 40 75 of
561 1961 56 75 the
633 1961 159 75 orbicular
807 1961 118 75 groove
942 1961 39 75 of
1003 1961 55 75 the
1074 1961 124 75 tympa-

169 2008 87 75 num,
281 2008 69 75 into
364 2008 105 75 which
485 2008 27 75 it
528 2008 105 75 enters
660 2008 44 75 by
729 2008 17 75 a
761 2008 91 75 fmall
869 2008 132 75 tendon,
1025 2008 101 75 above
1142 2008 56 75 the

168 2053 182 75 membrana
376 2053 153 75 tympani,
555 2053 61 75 and
642 2053 26 75 is
696 2053 136 75 inferred
858 2053 31 75 in
906 2053 56 75 the
987 2053 81 75 neck
1083 2053 41 75 of
1142 2053 56 75 the

167 2099 146 75 malleus,
336 2099 76 75 near
427 2099 56 75 the
498 2099 90 75 fmall
599 2099 163 75 eminence
770 2099 37 75 or
823 2099 85 75 Ihort
920 2099 163 75 apophyfis
1095 2099 40 75 of
1141 2099 56 75 the

168 2145 130 75 handle.

214 2192 76 75 The
316 2192 140 75 anterior
481 2192 117 75 mufcle
614 2192 40 75 of
671 2192 56 75 the
753 2192 145 75 malleus,
922 2192 27 75 is
973 2192 108 75 fleftiy,
1105 2192 91 75 long,

165 2237 65 75 and
253 2237 85 75 thin.
384 2237 32 75 It
440 2237 75 75 runs
539 2237 95 75 along
657 2237 56 75 the
737 2237 120 75 outfide
882 2237 40 75 of
933 2237 54 75 the
1003 2237 191 75 Euftachian

166 2285 87 75 lube,
277 2285 36 75 to
328 2285 106 75 which
449 2285 26 75 it
491 2285 133 75 adheres
639 2285 79 75 very
733 2285 116 75 clofely
865 2285 142 75 through
1024 2285 42 75 its
1089 2285 106 75 whole

164 2331 125 75 length.
337 2331 49 75 Its
397 2331 140 75 anterior
552 2331 175 75 extremity
738 2331 26 75 is
781 2331 87 75 fixed
884 2331 31 75 in
927 2331 70 75 that
1014 2331 62 75 fide
1092 2331 40 75 of
1139 2331 57 75 the

165 2376 76 75 tube
255 2376 63 75 juft
345 2376 111 75 before
481 2376 55 75 the
563 2376 184 75 fphenoidal
761 2376 107 75 fpine;
894 2376 62 75 and
972 2376 56 75 the
1042 2376 154 75 pofterior

165 2421 174 75 extremity
354 2421 77 75 ends
447 2421 33 75 in
507 2421 19 75 a
540 2421 76 75 long
631 2421 70 75 thin
722 2421 133 75 tendon,
878 2421 105 75 which
1000 2421 74 75 runs
1091 2421 31 75 in
1140 2421 55 75 the

166 2467 150 75 articular
343 2467 38 75 or
397 2467 128 75 glenoid
541 2467 101 75 fiffure
658 2467 40 75 of
710 2467 54 75 the
781 2467 38 75 os
833 2467 165 75 temporis,
1023 2467 141 75 through
1177 2467 20 75 a

165 2514 89 75 fmall
269 2514 130 75 oblique
416 2514 117 75 notch;
559 2514 32 75 in
607 2514 105 75 which
728 2514 103 75 fiflure
847 2514 27 75 it
889 2514 105 75 enters
1006 2514 55 75 the
1071 2514 125 75 tympa-

166 2560 88 75 num,
279 2560 62 75 and
367 2560 26 75 is
421 2560 137 75 inferted
583 2560 34 75 in
644 2560 55 75 the
714 2560 76 75 long
806 2560 79 75 thin>
897 2560 165 75 apophyfis
1090 2560 40 75 of
1141 2560 55 75 the

165 2606 145 75 malleus.
358 2606 34 75 It
418 2606 27 75 is
471 2606 106 75 partly
604 2606 222 75 accompanied
849 2606 43 75 by
915 2606 31 75 a.
957 2606 108 75 nerve,
1077 2606 119 75 .which

166 2651 100 75 forms
283 2651 86 75 what
384 2651 27 75 is
436 2651 102 75 called
555 2651 54 75 the
626 2651 115 75 chorda
758 2651 154 75 tympani.

211 2698 76 75 The
303 2698 134 75 internal
461 2698 116 75 mufcle
600 2698 40 75 of
659 2698 56 75 the
735 2698 132 75 malleus
883 2698 26 75 is
926 2698 78 75 very
1020 2698 95 75 fielhy
1131 2698 65 75 and

165 2744 134 75 diftind.
348 2744 32 75 It
396 2744 58 75 lies
479 2744 94 75 along
589 2744 55 75 the
666 2744 95 75 infide
777 2744 40 75 of
827 2744 55 75 the
897 2744 191 75 Euftachian
1105 2744 92 75 tube,

164 2791 106 75 partly
285 2791 40 75 on
342 2791 55 75 the
413 2791 235 75 cartilaginous,
672 2791 63 75 and
757 2791 106 75 partly
886 2791 41 75 on
948 2791 55 75 the
1019 2791 87 75 bony
1121 2791 75 75 por-

164 2837 81 75 tion,
269 2837 97 75 being
379 2837 88 75 fixed
493 2837 44 75 by
564 2837 59 75 one
647 2837 176 75 extremity
837 2837 33 75 in
886 2837 56 75 the
959 2837 163 75 apophyfis
1137 2837 58 75 pc-

164 2883 95 75 trofa.
307 2883 203 75 Afterwards
527 2883 26 75 it
579 2883 76 75 runs
681 2883 95 75 along
791 2883 55 75 the
863 2883 105 75 cavity
984 2883 40 75 of
1035 2883 55 75 the
1107 2883 88 75 bony

163 2928 175 75 half-canal
355 2928 39 75 of
405 2928 55 75 the
476 2928 196 75 tympanum,
696 2928 113 75 within
824 2928 106 75 which
948 2928 105 75 cavity
1068 2928 25 75 it
1105 2928 27 75 is
1144 2928 47 75 in-

164 2978 103 75 vefted
284 2978 43 75 by
343 2978 18 75 a
377 2978 130 75 pprtion
534 2978 39 75 of
584 2978 256 75 a-membranous
856 2978 38 75 or
907 2978 214 75 jigamentary
1126 2978 64 75 ya-

1370 129 39 75 O
1527 129 48 75 M
1692 129 53 75 Y.

2212 129 81 75 299

1254 194 84 75 gina,
1363 194 106 75 which
1486 194 95 75 being
1605 194 88 75 fixed
1709 194 35 75 to
1769 194 55 75 the
1840 194 96 75 edges
1965 194 41 75 of
2024 194 54 75 the
2100 194 192 75 half-canal,

1254 241 100 75 forms
1372 241 38 75 an
1427 241 94 75 infire
1543 241 77 75 tube
1636 241 185 75 therewith.

1303 287 49 75 At
1370 287 57 75 the
1451 287 175 75 extremity
1649 287 41 75 of
1708 287 64 75 this
1797 287 87 75 bony
1907 287 189 75 half-canal,
2122 287 107 75 where
2245 287 50 75 we

1256 335 130 75 obferve
1402 335 55 75 the
1473 335 107 75 cavity
1596 335 114 75 fhaped
1727 335 64 75 like
1808 335 55 75 the
1880 335 111 75 mouth
2008 335 40 75 of
2059 335 20 75 a
2094 335 109 75 fpoon,
2229 335 65 75 this

1256 381 118 75 mufcle
1388 381 77 75 ends
1482 381 32 75 in
1531 381 19 75 a
1565 381 133 75 tendon,
1723 381 106 75 which
1853 381 27 75 is
1897 381 77 75 bent
1994 381 105 75 round
2119 381 53 75 the
2193 381 101 75 tranf-

1255 427 87 75 verfe
1358 427 85 75 bony
1460 427 36 75 or
1520 427 209 75 ligamentary
1745 427 89 75 ridge
1850 427 32 75 in
1899 427 56 75 the
1970 427 189 75 laft-named
2174 427 119 75 cavity,

1256 473 32 75 as
1305 473 78 75 over
1406 473 19 75 a
1440 473 118 75 pulley,
1584 473 63 75 and
1670 473 27 75 is
1714 473 138 75 inferted
1873 473 32 75 in
1922 473 56 75 the
1994 473 81 75 neck
2091 473 40 75 of
2142 473 55 75 the
2213 473 80 75 mal-

1255 520 68 75 leus
1341 520 100 75 above
1459 520 54 75 the
1537 520 90 75 fmall
1643 520 176 75 apophyfis,
1845 520 176 75 advancing
2035 520 140 75 likewife
2187 520 38 75 as
2242 520 50 75 far

1256 565 33 75 as
1307 565 55 75 the
1378 565 132 75 handle.

1302 614 77 75 The
1404 614 116 75 mufcle
1544 614 41 75 of
1603 614 54 75 the
1674 614 97 75 ftapes
1789 614 26 75 is
1839 614 85 75 Ihcrt
1941 614 63 75 and
2027 614 101 75 thick,
2154 614 62 75 and
2232 614 59 75 lies

1256 660 170 75 concealed
1441 660 112 75 within
1570 660 55 75 the
1652 660 90 75 fmall
1769 660 85 75 bony
1878 660 148 75 pyramid
2042 660 34 75 at
2092 660 55 75 the
2164 660 128 75 bottom

1256 706 40 75 of
1312 706 57 75 the
1396 706 199 75 tympanum.
1641 706 77 75 The
1742 706 106 75 cavity
1874 706 107 75 which
2006 706 26 75 it
2057 706 74 75 fills,
2157 706 133 75 touches

1255 752 78 75 very
1349 752 110 75 nearly
1476 752 55 75 the
1547 752 86 75 bony
1649 752 91 75 canal
1764 752 40 75 of
1822 752 55 75 the
1893 752 107 75 portio
2016 752 79 75 dura
2112 752 40 75 of
2163 752 54 75 the
2234 752 55 75 au-

1254 799 109 75 ditory
1384 799 115 75 nerve;
1527 799 63 75 and
1609 799 25 75 it
1654 799 184 75 terminates
1854 799 33 75 in
1907 799 18 75 a
1941 799 89 75 fmall
2047 799 117 75 tendon
2183 799 107 75 which

1254 846 75 75 goes
1347 846 57 75 out
1420 846 40 75 of
1478 846 56 75 the
1551 846 107 75 cavity
1673 846 139 75 through
1826 846 56 75 the
1898 846 89 75 fmall
2003 846 74 75 hole
2089 846 32 75 in
2133 846 56 75 the
2206 846 84 75 apex

1253 891 39 75 of
1311 891 56 75 the
1383 891 158 75 pyramid.
1589 891 50 75 As
1656 891 26 75 it
1707 891 76 75 goes
1809 891 141 75 through
1975 891 55 75 the
2055 891 75 75 hole
2150 891 26 75 it
2197 891 92 75 turns

1253 938 153 75 forward,
1431 938 63 75 and
1510 938 28 75 is
1554 938 138 75 inferted
1710 938 30 75 in
1759 938 55 75 the
1831 938 81 75 neck
1928 938 39 75 of
1987 938 55 75 the
2058 938 99 75 ftapes
2175 938 41 75 on
2234 938 55 75 the

1252 985 63 75 fide
1331 985 40 75 of
1391 985 55 75 the
1461 985 122 75 longeft
1601 985 61 75 and
1679 985 78 75 moft
1774 985 142 75 crooked
1929 985 53 75 leg
1999 985 40 75 of
2057 985 71 75 that
2145 985 95 75 bone.

1297 1031 76 75 The
1397 1031 90 75 three
1512 1031 87 75 parts
1624 1031 40 75 of
1683 1031 58 75 the
1762 1031 176 75 labyrinth,
1965 1031 70 75 that
2059 1031 40 75 is,
2125 1031 55 75 the
2196 1031 91 75 vefti-

1250 1078 120 75 bulum,
1395 1078 211 75 femicircular
1629 1078 118 75 canals,
1779 1078 62 75 and
1867 1078 143 75 cochlea,
2035 1078 53 75 are
2107 1078 88 75 lined
2210 1078 44 75 by
2270 1078 19 75 a

1250 1127 61 75 fine
1334 1127 200 75 periofteum,
1559 1127 105 75 which
1689 1127 27 75 is
1744 1127 173 75 continued
1933 1127 77 75 over
2025 1127 43 75 all
2084 1127 55 75 the
2156 1127 78 75 fides
2251 1127 43 75 of

1251 1170 84 75 their
1362 1170 143 75 cavities,
1530 1170 63 75 and
1616 1170 86 75 ftiuts
1726 1170 55 75 the
1805 1170 65 75 two
1894 1170 143 75 feneftrae
2059 1170 48 75 of.
2118 1170 55 75 the
2201 1170 84 75 tym-

1250 1217 140 75 panum..

1296 1263 76 75 The
1388 1263 186 75 periofteum
1591 1263 42 75 of
1649 1263 55 75 the
1717 1263 66 75 two
1799 1263 79 75 fides
1895 1263 42 75 of
1955 1263 56 75 the
2027 1263 86 75 bony
2128 1263 94 75 fpiral
2239 1263 46 75 la-

1250 1310 84 75 mina
1350 1310 154 75 advances
1521 1310 128 75 beyond
1664 1310 55 75 the
1731 1310 80 75 edge
1824 1310 39 75 of
1874 1310 71 75 that
1957 1310 128 75 lamina,
2111 1310 62 75 and
2185 1310 101 75 forms

1251 1356 17 75 a
1285 1356 221 75 membranous
1523 1356 212 75 duplicature,
1759 1356 106 75 which
1881 1356 176 75 extending
2073 1356 35 75 to
2119 1356 55 75 the
2186 1356 100 75 oppo-

1250 1403 54 75 fite
1321 1403 62 75 fide
1399 1403 173 75 compkats
1590 1403 54 75 the
1661 1403 91 75 fpiral
1771 1403 134 75 feptum.

1296 1449 84 75 This
1396 1449 123 75 feptum
1533 1449 157 75 feparates
1701 1449 55 75 the
1773 1449 67 75 two
1855 1449 188 75 half-canals
2060 1449 83 75 from
2161 1449 55 75 the
2228 1449 57 75 ba-

1250 1496 36 75 lls
1308 1496 34 75 to
1360 1496 55 75 the
1438 1496 82 75 apex
1532 1496 11 75 ;
1569 1496 57 75 but
1646 1496 91 75 there
1753 1496 25 75 it
1799 1496 103 75 leaves
1923 1496 19 75 a
1960 1496 89 75 fmall
2066 1496 150 75 opening,
2242 1496 44 75 by

1249 1542 105 75 which
1371 1542 55 75 the
1442 1542 89 75 fmall
1549 1542 197 75 extremities
1763 1542 40 75 of
1821 1542 55 75 the
1895 1542 192 75 half-canals
2108 1542 176 75 communi-

1249 1589 70 75 cate
1331 1589 79 75 with
1426 1589 78 75 each
1516 1589 105 75 other.
1669 1589 77 75 The
1763 1589 88 75 large
1866 1589 176 75 extremity
2053 1589 40 75 of
2104 1589 55 75 the
2175 1589 110 75 exter-

1249 1635 50 75 nal
1311 1635 173 75 half-canal
1501 1635 78 75 ends
1606 1635 43 75 by
1666 1635 38 75 an
1721 1635 129 75 oblique
1866 1635 73 75 turn
1960 1635 32 75 in
2009 1635 56 75 the
2081 1635 139 75 feneftra'
2230 1635 54 75 ro-

1248 1681 110 75 tunda,
1383 1681 105 75 which
1504 1681 27 75 is
1555 1681 69 75 Ihut
1641 1681 43 75 by
1701 1681 18 75 a
1734 1681 217 75 continuation
1974 1681 40 75 of
2025 1681 56 75 the
2095 1681 189 75 periofteum

1250 1727 38 75 of
1307 1727 70 75 that
1403 1727 102 75 canal.
1553 1727 77 75 The
1645 1727 87 75 large
1761 1727 174 75 extremity
1951 1727 40 75 of
2011 1727 55 75 the
2090 1727 93 75 other
2198 1727 84 75 half-

1249 1773 88 75 canal
1353 1773 97 75 opens
1467 1773 67 75 into
1551 1773 55 75 the
1629 1773 208 75 veftibulum;
1864 1773 62 75 and
1943 1773 87 75 thefe
2047 1773 65 75 two
2129 1773 154 75 extremi-

1248 1821 58 75 ties
1324 1821 52 75 are
1392 1821 128 75 intirely
1547 1821 163 75 feparated
1736 1821 44 75 by
1807 1821 20 75 a
1853 1821 217 75 continuation
2095 1821 41 75 of
2155 1821 54 75 the
2222 1821 60 75 pe-

1248 1866 160 75 riofteum.

1294 1913 75 75 The
1385 1913 54 75 ear
1455 1913 26 75 is
1493 1913 56 75 the
1560 1913 99 75 organ
1673 1913 39 75 of
1719 1913 105 75 which
1837 1913 48 75 we
1898 1913 56 75 can
1967 1913 79 75 moft
2055 1913 157 75 diftin<ftjy
2223 1913 59 75 un-

1248 1960 70 75 fold
1333 1960 55 75 the
1400 1960 163 75 ftrudture,
1590 1960 59 75 and
1663 1960 210 75 demonftrate
1889 1960 56 75 the
1957 1960 134 75 greateft
2102 1960 132 75 number
2246 1960 41 75 of

1246 2006 100 75 parts,
1370 2006 71 75 that
1464 2006 40 75 is,
1530 2006 39 75 of
1591 2006 88 75 fmall
1693 2006 158 75 machines
1864 2006 40 75 of
1913 2006 107 75 which
2037 2006 26 75 it
2078 2006 27 75 is
2119 2006 92 75 made
2223 2006 55 75 up.

1247 2052 66 75 We
1328 2052 97 75 know
1436 2052 139 75 likewife
1587 2052 31 75 in
1630 2052 141 75 general,
1795 2052 72 75 that
1878 2052 25 75 it
1915 2052 27 75 is
1956 2052 54 75 the
2024 2052 97 75 organ
2135 2052 40 75 of
2185 2052 95 75 hear-

1245 2098 54 75 ing
1310 2098 11 75 ;
1333 2098 79 75 .but.
1421 2098 95 75 when
1529 2098 49 75 we
1594 2098 180 75 endeavour
1786 2098 34 75 to
1836 2098 142 75 difcover
1995 2098 55 75 the
2066 2098 69 75 ufes
2150 2098 42 75 of
2201 2098 79 75 each

1246 2145 40 75 of
1304 2145 87 75 thefe
1407 2145 99 75 parts,
1531 2145 72 75 that
1619 2145 39 75 is,
1683 2145 75 75 how
1773 2145 79 75 each
1865 2145 195 75 contributes
2077 2145 34 75 to
2122 2145 58 75 the
2189 2145 92 75 great

1243 2191 105 75 defign
1373 2191 40 75 of
1431 2191 56 75 the
1513 2191 117 75 whole,
1655 2191 84 75 after
1765 2191 117 75 having
1898 2191 196 75 thoroughly
2110 2191 170 75 examined

1242 2237 101 75 them,
1367 2237 48 75 we
1431 2237 81 75 muft
1527 2237 41 75 be
1583 2237 128 75 obliged
1728 2237 33 75 to
1789 2237 86 75 own,
1901 2237 69 75 that
1985 2237 56 75 the
2057 2237 135 75 greateft
2208 2237 71 75 part

1245 2283 40 75 of
1305 2283 88 75 what
1416 2283 55 75 the
1494 2283 80 75 moft
1602 2283 71 75 able
1697 2283 217 75 philofophers
1932 2283 80 75 have
2029 2283 68 75 faid
2114 2283 83 75 upon
2215 2283 62 75 this

1245 2328 131 75 fubjed,
1399 2328 30 75 is
1443 2328 140 75 without
1596 2328 63 75 any
1675 2328 65 75 real
1757 2328 201 75 foundation.

1448 2428 26 75 S
1486 2428 24 75 e
1521 2428 26 75 c
1555 2428 44 75 t.
1612 2428 114 75 VIII.
1763 2428 79 75 The
1861 2428 48 75 M
1921 2428 26 75 o
1960 2428 27 75 u
2000 2428 30 75 t
2045 2428 44 75 h.

1293 2511 85 75 The
1396 2511 111 75 mouth
1519 2511 73 75 may
1603 2511 41 75 be
1660 2511 222 75 diftinguilhed
1893 2511 69 75 into
1983 2511 147 75 external
2148 2511 61 75 and
2226 2511 47 75 in-

1248 2557 113 75 ternal,
1387 2557 62 75 and
1468 2557 55 75 the
1545 2557 86 75 parts
1652 2557 39 75 of
1710 2557 104 75 which
1841 2557 26 75 it
1890 2557 126 75 confifts
2039 2557 74 75 may
2135 2557 141 75 likewife

1246 2603 89 75 come
1347 2603 101 75 under
1464 2603 56 75 tire
1534 2603 85 75 fame
1634 2603 65 75 two
1716 2603 127 75 general
1859 2603 114 75 heads.

1292 2649 75 75 The
1383 2649 88 75 parts
1493 2649 40 75 of
1552 2649 57 75 the
1633 2649 80 75 neck
1739 2649 62 75 ftill
1818 2649 208 75 undefcribed
2048 2649 54 75 are
2124 2649 77 75 only
2217 2649 57 75 the

1246 2695 127 75 larynx,
1398 2695 159 75 pharynx,
1582 2695 155 75 glindulse
1755 2695 189 75 thyroidese,
1969 2695 130 75 andthe
2111 2695 160 75 mufculus

1247 2741 162 75 cutaneus,
1435 2741 104 75 which
1567 2741 99 75 really
1682 2741 116 75 belong
1823 2741 35 75 to
1881 2741 57 75 the
1954 2741 105 75 head;
2088 2741 63 75 and
2165 2741 106 75 there-

1245 2788 82 75 fore,
1344 2788 118 75 inftead
1477 2788 40 75 of
1536 2788 134 75 making,
1678 2788 19 75 a
1712 2788 171 75 particular
1898 2788 116 75 feftion
2024 2788 51 75 for
2091 2788 35 75 fo
2143 2788 89 75 fmall
2252 2788 19 75 a

1244 2836 132 75 number
1392 2836 41 75 of
1443 2836 97 75 parts,
1565 2836 166 75 efpecially
1742 2836 80 75 fince
1838 2836 55 75 the
1903 2836 117 75 larynx
2043 2836 64 75 and
2119 2836 150 75 pharynx

1243 2881 80 75 have
1339 2881 34 75 fo
1385 2881 73 75 near
1475 2881 19 75 a
1505 2881 133 75 relation
1655 2881 35 75 to
1707 2881 53 75 the
1775 2881 136 75 internal
1924 2881 87 75 parts
2023 2881 38 75 of
2071 2881 54 75 the
2139 2881 125 75 mouth,

1242 2928 48 75 we
1307 2928 53 75 are
1377 2928 98 75 under
1491 2928 19 75 a
1521 2928 145 75 neceflity
1682 2928 39 75 of
1739 2928 193 75 defcribing.
1939 2928 100 75 them,
2064 2928 111 75 before
2191 2928 74 75 pro-

1242 2976 131 75 ceeding
1388 2976 34 75 to
1439 2976 54 75 the
1508 2976 112 75 mouth
1638 2976 31 75 in
1686 2976 186 75 particular.

2184 3026 108 75 The;:.
