2406 3327
547 142 43 75 A
668 142 40 75 G
785 142 37 75 R
899 142 19 75 I
996 142 36 75 C
1111 142 45 75 U

92 212 88 75 over,
206 212 80 75 keep
302 212 55 75 the
373 212 143 75 harrows
534 212 33 75 in
594 212 86 75 their
706 212 116 75 proper
846 212 103 75 place.
998 212 122 75 Others

92 259 112 75 couple
220 259 55 75 the
291 259 144 75 harrows
452 259 30 75 in
508 259 76 75 fuch
601 259 19 75 a
635 259 130 75 manner
790 259 33 75 as
846 259 35 75 to
910 259 95 75 allow
1033 259 88 75 them

90 305 37 75 to
142 305 42 75 go
198 305 111 75 before
325 305 65 75 and
400 305 56 75 fall
472 305 84 75 back
571 305 41 75 of
623 305 78 75 each
713 305 106 75 other,
838 305 64 75 and
918 305 33 75 at
966 305 56 75 the
1038 305 83 75 fame

93 352 78 75 time
187 352 75 75 turn
280 352 85 75 upon
383 352 18 75 a
423 352 108 75 hinge.

138 397 112 75 When
278 397 68 75 ftiff
367 397 77 75 land
473 397 27 75 is
527 397 163 75 ploughed
717 397 77 75 wet,
818 397 28 75 it
874 397 74 75 rifes
977 397 32 75 in
1032 397 89 75 large

90 444 118 75 pieces,
232 444 120 75 which,
385 444 95 75 when
507 444 74 75 dry,
612 444 132 75 become
775 444 34 75 fo
841 444 94 75 hard,
970 444 70 75 that
1065 444 56 75 the

91 490 148 75 common
255 490 143 75 harrows
421 490 93 75 make
535 490 43 75 no
600 490 174 75 impreffiori
791 490 41 75 on
848 490 101 75 them.
997 490 57 75 To
1070 490 50 75 re-

92 537 81 75 duce
189 537 66 75 this
271 537 80 75 kind
365 537 41 75 of
417 537 87 75 land,
530 537 19 75 a
567 537 89 75 large
677 537 140 75 harrow,
843 537 104 75 called
967 537 19 75 a
1010 537 108 75 break,

91 583 59 75 has
177 583 81 75 been
285 583 180 75 contrived.
527 583 77 75 The
631 583 241 75 break-harrow
891 583 27 75 is
942 583 180 75 fometimes

89 629 94 75 made
199 629 41 75 of
250 629 56 75 the
326 629 84 75 fame
426 629 100 75 figure
542 629 80 75 with
647 629 55 75 the
726 629 148 75 common
889 629 141 75 harrow,
1056 629 62 75 and

93 675 179 75 fometimes
288 675 33 75 in
339 675 18 75 a
372 675 177 75 triangular
564 675 98 75 form.
710 675 89 75 Both
826 675 94 75 kinds
948 675 53 75 are
1028 675 93 75 made

91 721 129 75 heavier
236 721 37 75 or
288 721 119 75 lighter
424 721 171 75 according
612 721 34 75 to
662 721 56 75 the
743 721 112 75 nature
870 721 42 75 of
921 721 55 75 the
992 721 59 75 foil
1068 721 52 75 for

93 767 106 75 Which
222 767 78 75 they
316 767 53 75 are
385 767 164 75 intended.
599 767 97 75 Some
724 767 40 75 of
783 767 89 75 them
897 767 53 75 are
966 767 33 75 fo
1015 767 105 75 heavy

91 813 36 75 as
140 813 35 75 to
192 813 125 75 require
337 813 47 75 fix
401 813 36 75 or
455 813 88 75 eight
560 813 97 75 cattle
669 813 35 75 to
716 813 88 75 draw
820 813 102 75 them.
971 813 67 75 But
1062 813 56 75 the

91 860 136 75 heavieft
243 860 79 75 kind
344 860 53 75 are
420 860 78 75 very
525 860 160 75 improper
707 860 52 75 for
782 860 76 75 land
885 860 134 75 infefted
1039 860 81 75 with

90 907 88 75 large
190 907 59 75 faft
264 907 102 75 Hones
382 907 10 75 ;
410 907 131 75 becaufe
553 907 85 75 their
650 907 120 75 weight
785 907 129 75 hinders
931 907 88 75 them
1035 907 85 75 from

92 952 131 75 flarting
239 952 77 75 over
331 952 56 75 the
404 952 122 75 Hones;
553 952 63 75 and
632 952 161 75 therefore
809 952 79 75 they
902 952 55 75 are
974 952 89 75 often
1086 952 34 75 in

91 998 120 75 danger
228 998 39 75 of
278 998 95 75 being
389 998 75 75 torn
480 998 134 75 afunder
634 998 43 75 by
694 998 56 75 the
772 998 112 75 cattle.

138 1046 113 75 There
269 1046 27 75 is
317 1046 134 75 another
478 1046 140 75 harrow,
644 1046 119 75 which,
788 1046 124 75 though
929 1046 84 75 little
1030 1046 88 75 ufed,

91 1091 67 75 will
175 1091 39 75 be
230 1091 103 75 found
348 1091 35 75 to
398 1091 40 75 be
456 1091 78 75 very
549 1091 103 75 ufeful
667 1091 33 75 in
716 1091 96 75 many
831 1091 98 75 cafes.
986 1091 32 75 It
1042 1091 26 75 is
1085 1091 41 75 of

91 1138 55 75 the
173 1138 84 75 fame
280 1138 86 75 form
392 1138 80 75 with
498 1138 56 75 the
582 1138 148 75 common
761 1138 140 75 harrow,
933 1138 59 75 but
1023 1138 97 75 much

91 1184 149 75 broader.
288 1184 77 75 The
381 1184 84 75 bulls
485 1184 52 75 are
559 1184 33 75 at
612 1184 18 75 a
647 1184 126 75 greater
789 1184 149 75 diHance,
964 1184 64 75 and
1043 1184 76 75 con-

91 1229 177 75 fcquently'
274 1229 56 75 the
346 1229 89 75 teeth
451 1229 128 75 thinner
595 1229 111 75 placed
719 1229 10 75 ;
756 1229 55 75 the
828 1229 90 75 teeth
935 1229 53 75 are
1006 1229 115 75 longer

92 1276 77 75 than
189 1276 89 75 thofe
294 1276 41 75 of
351 1276 56 75 the
423 1276 147 75 common
586 1276 139 75 harrow,
750 1276 58 75 but
823 1276 79 75 very
913 1276 83 75 little
1013 1276 106 75 thick-

91 1322 35 75 er
137 1322 10 75 ;
174 1322 63 75 and
252 1322 90 75 thofe
358 1322 32 75 in
411 1322 55 75 the
483 1322 158 75 fore-part
657 1322 83 75 Hope
757 1322 153 75 forward.
944 1322 32 75 It
987 1322 26 75 is
1027 1322 92 75 made

92 1369 39 75 of
152 1369 76 75 fuch
252 1369 19 75 a
294 1369 119 75 weight
429 1369 33 75 as
480 1369 36 75 to
543 1369 39 75 be
610 1369 94 75 eafily
725 1369 110 75 drawn
862 1369 44 75 by
922 1369 18 75 a
955 1369 113 75 couple
1085 1369 40 75 of

90 1416 123 75 horfes.
260 1416 86 75 This
370 1416 126 75 harrow
520 1416 77 75 goes
622 1416 128 75 deeper,
776 1416 96 75 opens
898 1416 78 75 land
998 1416 119 75 better,

91 1462 110 75 fcovers
229 1462 56 75 the
309 1462 74 75 feed
406 1462 128 75 deeper,
560 1462 63 75 and
637 1462 27 75 is
681 1462 88 75 more
796 1462 116 75 proper
926 1462 53 75 for
994 1462 125 75 tearing

91 1508 42 75 up
154 1508 88 75 roots
259 1508 77 75 than
353 1508 56 75 the
427 1508 145 75 common
589 1508 140 75 harrow.

137 1554 77 75 The
237 1554 126 75 French
378 1554 128 75 harrow
521 1554 27 75 is
577 1554 40 75 of
636 1554 18 75 a
678 1554 176 75 triangular
880 1554 96 75 form,
1002 1554 81 75 with
1099 1554 20 75 a

86 1600 86 75 joint
188 1600 75 75 near
278 1600 56 75 the
351 1600 104 75 angle,
481 1600 34 75 to
535 1600 106 75 which
658 1600 55 75 the
730 1600 138 75 draught
885 1600 26 75 is
936 1600 99 75 fixed.
1084 1600 33 75 It

90 1646 56 75 has
164 1646 66 75 two
244 1646 147 75 handles,
416 1646 44 75 by
478 1646 106 75 which
608 1646 26 75 it
651 1646 26 75 is
694 1646 103 75 either
813 1646 92 75 made
922 1646 34 75 to
978 1646 43 75 go
1036 1646 83 75 deep

91 1690 36 75 br
143 1690 140 75 fhallow,
308 1690 33 75 as
358 1690 142 75 occafion
517 1690 157 75 requires.
722 1690 48 75 Its
790 1690 154 75 principal
963 1690 53 75 ufe
1038 1690 27 75 is
1082 1690 36 75 to

91 1736 82 75 level
189 1736 82 75 Heep
286 1736 121 75 ridges,
431 1736 105 75 which
555 1736 26 75 it
602 1736 78 75 does
704 1736 78 75 mod
800 1736 192 75 eflefiually.
1040 1736 34 75 It
1089 1736 27 75 is

90 1781 110 75 drawn
219 1781 103 75 acrofs
343 1781 55 75 the
421 1781 125 75 ridges:
573 1781 123 75 When,
722 1781 33 75 at
781 1781 56 75 the
864 1781 107 75 crown
999 1781 41 75 of
1061 1781 56 75 the

89 1827 103 75 ridge,
210 1827 43 75 by
263 1827 132 75 preffing
410 1827 42 75 on
467 1827 56 75 the
538 1827 144 75 handles,
703 1827 55 75 the
769 1827 128 75 harrow
908 1827 81 75 finks
1006 1827 108 75 down,

90 1873 62 75 and
175 1873 115 75 carries
317 1873 91 75 earth
432 1873 95 75 along
553 1873 78 75 with
651 1873 26 75 it
704 1873 36 75 to
756 1873 55 75 the
839 1873 158 75 furrows;
1039 1873 75 75 and,

88 1919 92 75 When
204 1919 32 75 at
252 1919 55 75 the
323 1919 150 75 furrow*,
498 1919 44 75 by
556 1919 111 75 lifting
679 1919 42 75 up
738 1919 55 75 the
810 1919 144 75 handles,
973 1919 55 75 the
1039 1919 75 75 har-

88 1965 67 75 row
170 1965 26 75 is
212 1965 140 75 brought
370 1965 56 75 out
443 1965 41 75 of
494 1965 55 75 the
565 1965 138 75 ground,
728 1965 63 75 and
805 1965 104 75 leaves
940 1965 53 75 the
1021 1965 92 75 earth

85 2011 133 75 behind.
265 2011 85 75 This
363 2011 178 75 operation,
564 2011 162 75 however,
750 2011 27 75 is
794 2011 181 75 extremely
992 2011 121 75 impro-

85 2056 69 75 fier,
178 2056 103 75 unlefs
298 2056 55 75 the
368 2056 76 75 land
459 2056 40 75 be
516 2056 33 75 in
572 2056 19 75 a
607 2056 78 75 very
699 2056 61 75 dry
786 2056 159 75 fituation,
971 2056 63 75 and
1054 2056 60 75 not

101 2104 79 75 iable
196 2104 36 75 to
247 2104 40 75 be
303 2104 156 75 damaged
473 2104 44 75 by
539 2104 111 75 water.

439 2210 57 75 Of
514 2210 246 75 Harrowing.

133 2290 242 75 Harrowing
403 2290 141 75 fmooths
570 2290 54 75 the
647 2290 137 75 furface,
817 2290 142 75 deHroys
986 2290 120 75 weeds,

85 2335 62 75 and
164 2335 109 75 covers
290 2335 54 75 the
360 2335 75 75 feed
450 2335 83 75 after
549 2335 25 75 it
590 2335 27 75 is
634 2335 98 75 fawn.

131 2382 112 75 When
266 2382 55 75 the
335 2382 158 75 intention
510 2382 40 75 of
561 2382 182 75 harrowing
762 2382 25 75 is
810 2382 36 75 to
869 2382 127 75 deHroy
1019 2382 89 75 root-

84 2427 118 75 weeds,
228 2427 55 75 the
303 2427 142 75 harrows
462 2427 112 75 fhould
593 2427 40 75 be
660 2427 110 75 drawn
787 2427 104 75 acrofs
908 2427 55 75 the
987 2427 119 75 ridges.

85 2472 173 75 However,
284 2472 31 75 if
333 2472 74 75 fuch
424 2472 105 75 weeds
547 2472 52 75 are
616 2472 56 75 not
689 2472 82 75 fully
791 2472 73 75 tofn
882 2472 54 75 up,
962 2472 54 75 the
1032 2472 74 75 liar-

83 2519 136 75 rowing,
244 2519 44 75 by
307 2519 101 75 filling
435 2519 43 75 up
506 2519 55 75 the
589 2519 148 75 hollows,
764 2519 63 75 and
855 2519 173 75 defending
1052 2519 55 75 the

84 2565 87 75 toots
188 2565 84 75 from
296 2565 55 75 the
374 2565 152 75 drought,
553 2565 108 75 rather
687 2565 161 75 promotes
865 2565 85 75 their
966 2565 140 75 grov/th.

83 2611 64 75 For
171 2611 65 75 this
261 2611 121 75 reafon,
407 2611 181 75 harrowing
616 2611 26 75 is
669 2611 160 75 improper
856 2611 52 75 for
924 2611 183 75 deilroying

84 2658 207 75 root-weeds,
316 2658 171 75 excepting
512 2658 82 75 after
618 2658 18 75 a
663 2658 242 75 fpring-fallow,
931 2658 93 75 when
1052 2658 55 75 the

82 2702 74 75 land
172 2702 26 75 is
219 2702 74 75 foon
310 2702 83 75 after
415 2702 36 75 to
474 2702 39 75 be
532 2702 162 75 ploughed
709 2702 51 75 for
776 2702 84 75 feed.

129 2749 65 75 But
210 2749 55 75 the
282 2749 160 75 fmoother
467 2749 55 75 the
542 2749 122 75 furface
686 2749 27 75 is
738 2749 104 75 made,
868 2749 61 75 and
945 2749 55 75 the
1016 2749 90 75 more

82 2795 56 75 the
160 2795 89 75 mold
272 2795 25 75 is
323 2795 111 75 broke,
459 2795 58 75 the
537 2795 181 75 vegetation
741 2795 39 75 of
798 2795 54 75 the
868 2795 194 75 feed-weeds
1078 2795 26 75 is

81 2840 55 75 the
150 2840 89 75 more
266 2840 178 75 effeftually
467 2840 180 75 promoted,
674 2840 61 75 and
760 2840 39 75 of
818 2840 108 75 courfe
950 2840 78 75 they
1052 2840 53 75 are

82 2886 55 75 the
153 2886 87 75 more
263 2886 94 75 liable
378 2886 36 75 to
436 2886 39 75 be
497 2886 166 75 defiroyed
686 2886 44 75 by
752 2886 192 75 harrowing.
993 2886 38 75 If
1049 2886 56 75 the

80 2931 105 75 feafon
202 2931 39 75 be
257 2931 195 75 favourable,
476 2931 56 75 the
553 2931 76 75 land
650 2931 75 75 may
737 2931 42 75 be
795 2931 169 75 harrowed
985 2931 119 75 feveral

81 2979 106 75 times,
211 2979 64 75 and
291 2979 33 75 as
340 2979 95 75 many
450 2979 92 75 crops
560 2979 40 75 of
614 2979 104 75 weeds
736 2979 177 75 deflroyed.

1236 142 34 75 L
1344 142 40 75 T
1460 142 45 75 U
1582 142 36 75 R
1694 142 48 75 E.

2148 142 55 75 59

1219 209 33 75 A
1268 209 82 75 light
1366 209 122 75 fpungy
1504 209 58 75 foil
1585 209 58 75 can
1660 209 116 75 hardly
1798 209 53 75 get
1876 209 55 75 too
1946 209 97 75 much
2062 209 143 75 harrow-

1172 254 54 75 ing
1237 254 11 75 ;
1274 254 52 75 for
1343 254 54 75 the
1414 254 88 75 more
1518 254 26 75 it
1556 254 26 75 is
1596 254 182 75 harrowed,
1803 254 26 75 it
1844 254 148 75 becomes
2008 254 57 75 the
2085 254 119 75 firiher.

1172 300 67 75 But
1259 300 31 75 if
1308 300 56 75 the
1380 300 57 75 foil
1453 300 41 75 be
1517 300 75 75 Hiff,
1619 300 55 75 the
1698 300 60 75 lefs
1781 300 184 75 harrowing
1989 300 27 75 it
2039 300 84 75 gets,
2149 300 57 75 the

1172 347 116 75 better,
1306 347 155 75 provided
1483 347 55 75 the
1555 347 148 75 purpofes
1727 347 157 75 propofed
1900 347 58 75 can
1974 347 40 75 be
2031 347 173 75 anfwered.

1219 394 76 75 The
1312 394 146 75 common
1481 394 134 75 method
1630 394 41 75 of
1688 394 184 75 harrowing
1896 394 83 75 after
2003 394 55 75 the
2082 394 74 75 feed
2177 394 28 75 is

1173 439 98 75 fown,
1295 439 27 75 is
1339 439 65 75 firfl
1420 439 95 75 along
1531 439 55 75 the
1610 439 120 75 ridges,
1755 439 77 75 then
1857 439 117 75 acrofs,
1998 439 64 75 and
2076 439 77 75 then
2171 439 33 75 a-

1172 485 76 75 long
1261 485 103 75 again.
1413 485 112 75 When
1535 485 62 75 the
1608 485 107 75 ridges
1732 485 54 75 are
1803 485 68 75 flat,
1897 485 77 75 they
1989 485 125 75 maybe
2130 485 75 75 har-

1173 532 108 75 rowed
1297 532 102 75 either
1417 532 94 75 along
1534 532 38 75 or
1589 532 126 75 acrofs;
1743 532 62 75 and
1821 532 55 75 the
1896 532 91 75 work
2003 532 73 75 may
2092 532 40 75 be
2149 532 56 75 be-

1172 578 64 75 gun
1260 578 39 75 or
1323 578 104 75 ended
1450 578 103 75 either
1576 578 84 75 way.
1718 578 67 75 But
1812 578 94 75 when
1934 578 55 75 the
2017 578 105 75 ridges
2150 578 54 75 are

1171 625 97 75 Heep,
1292 625 27 75 it
1341 625 26 75 is
1392 625 162 75 improper
1577 625 36 75 to
1637 625 93 75 begin
1747 625 45 75 by
1807 625 183 75 harrowing
2006 625 117 75 acrofs,
2149 625 54 75 be-

1169 671 93 75 caufe
1279 671 56 75 too
1357 671 97 75 much
1469 671 40 75 of
1528 671 55 75 the
1599 671 74 75 feed
1688 671 68 75 will
1779 671 40 75 be
1844 671 111 75 drawn
1978 671 70 75 into
2064 671 56 75 the
2135 671 68 75 fur-

1172 717 95 75 rows.

1525 828 64 75 Of
1614 828 66 75 the
1706 828 141 75 Roller.

1218 905 85 75 The
1323 905 98 75 roller
1437 905 27 75 is
1481 905 153 75 intended
1650 905 52 75 for
1717 905 180 75 fmoothing
1908 905 56 75 the
1980 905 136 75 furface,
2141 905 64 75 and

1172 951 128 75 making
1316 951 55 75 the
1383 951 73 75 land
1470 951 118 75 firmer.
1638 951 131 75 Rollers
1786 951 56 75 are
1858 951 181 75 fometimes
2055 951 93 75 made
2168 951 42 75 of

1172 997 99 75 Hone,
1296 997 180 75 fometimes
1489 997 40 75 of
1547 997 109 75 wood,
1682 997 62 75 and
1759 997 180 75 fometimes
1951 997 41 75 of
2010 997 70 75 iron
2094 997 8 75 :
2145 997 61 75 but

1172 1044 56 75 the
1243 1044 77 75 only
1332 1044 141 75 eflential
1489 1044 173 75 difference
1678 1044 41 75 of
1729 1044 114 75 rollers
1854 1044 58 75 lies
1924 1044 33 75 in
1969 1044 84 75 their
2068 1044 136 75 weight.

1171 1089 49 75 As
1249 1089 128 75 rollers,
1412 1089 32 75 in
1472 1089 151 75 different
1651 1089 251 75 circumflances,
1944 1089 127 75 require
2103 1089 35 75 to
2163 1089 42 75 be

1170 1135 118 75 lighter
1316 1135 63 75 and
1402 1135 140 75 heavier,
1576 1135 78 75 they
1677 1135 53 75 are
1757 1135 165 75 generally
1948 1135 198 75 confiru&ed
2168 1135 36 75 fo

1172 1181 70 75 that
1258 1181 85 75 their
1359 1181 120 75 weight
1491 1181 58 75 can
1566 1181 103 75 Cither
1685 1181 40 75 be
1741 1181 189 75 augmented
1949 1181 38 75 or
2003 1181 199 75 diminiflied.

1218 1229 77 75 The
1320 1229 146 75 common
1492 1229 109 75 roller,
1626 1229 33 75 in
1684 1229 141 75 turning,
1850 1229 26 75 is
1899 1229 79 75 very
1993 1229 107 75 fevere
2116 1229 88 75 upon

1172 1275 55 75 the
1250 1275 109 75 cattle,
1385 1275 52 75 for
1449 1275 26 75 it
1497 1275 77 75 does
1587 1275 56 75 not
1659 1275 94 75 move
1768 1275 42 75 on
1821 1275 42 75 its
1882 1275 83 75 axis,
1990 1275 58 75 but
2064 1275 26 75 is
2107 1275 95 75 drag-

1171 1321 63 75 ged
1257 1321 94 75 along
1368 1321 54 75 the
1439 1321 135 75 furface.
1622 1321 56 75 To
1704 1321 128 75 remove
1856 1321 64 75 this
1944 1321 257 75 inconvenience,

1172 1366 18 75 a
1212 1366 99 75 roller
1324 1366 59 75 has
1399 1366 101 75 lately
1515 1366 79 75 been
1612 1366 197 75 conflrufted
1824 1366 79 75 with
1921 1366 18 75 a
1951 1366 129 75 divifion
2096 1366 32 75 in
2146 1366 58 75 the

1171 1413 133 75 middle,
1342 1413 34 75 as
1408 1413 30 75 if
1466 1413 66 75 two
1560 1413 114 75 rollers
1702 1413 84 75 were
1813 1413 112 75 joined
1951 1413 161 75 together.
2161 1413 40 75 In

1171 1458 139 75 turning,
1336 1458 78 75 both
1432 1458 87 75 parts
1536 1458 40 75 of
1595 1458 64 75 this
1675 1458 98 75 roller
1790 1458 92 75 move
1893 1458 102 75 round
2013 1458 84 75 their
2114 1458 84 75 axis,

1167 1504 58 75 the
1242 1504 60 75 one
1319 1504 154 75 forward,
1498 1504 62 75 and
1577 1504 54 75 the
1647 1504 94 75 other
1756 1504 95 75 back.

1558 1615 65 75 Of
1642 1615 168 75 Rolling.

1216 1692 180 75 Rolling
1416 1692 25 75 is
1458 1692 152 75 pradtifed
1634 1692 78 75 with
1738 1692 191 75 advantage,
1952 1692 79 75 both
2057 1692 41 75 on
2122 1692 77 75 land

1169 1736 87 75 lying
1282 1736 32 75 in
1339 1736 97 75 grafs,
1468 1736 62 75 and
1554 1736 31 75 in
1611 1736 122 75 tillage.
1781 1736 32 75 It
1837 1736 115 75 preffes
1977 1736 94 75 down
2097 1736 100 75 mole-

1167 1782 87 75 hills,
1279 1782 142 75 fmooths
1437 1782 56 75 the
1510 1782 135 75 furface,
1664 1782 62 75 and
1742 1782 106 75 makes
1862 1782 222 75 paHure-grafs
2102 1782 93 75 Hool,

1167 1829 63 75 and
1246 1829 90 75 grow
1352 1829 137 75 thicker.

1214 1876 133 75 Rolling
1359 1876 84 75 upon
1459 1876 75 75 land
1549 1876 33 75 in
1598 1876 122 75 tillage,
1745 1876 56 75 not
1814 1876 76 75 only
1901 1876 142 75 fmooths
2060 1876 56 75 the
2128 1876 67 75 fur-

1166 1922 81 75 face,
1274 1922 55 75 but
1354 1922 113 75 breaks
1484 1922 89 75 clods
1598 1922 71 75 that
1694 1922 55 75 the
1772 1922 128 75 harrow
1925 1922 115 75 cannot
2065 1922 129 75 reduce.

1167 1967 37 75 In
1228 1967 18 75 a
1262 1967 82 75 light
1361 1967 70 75 foil,
1457 1967 54 75 the
1529 1967 96 75 roller
1640 1967 112 75 fliould
1770 1967 41 75 be
1835 1967 124 75 applied
1976 1967 220 75 immediately

1166 2013 82 75 after
1270 2013 55 75 the
1352 2013 73 75 feed
1448 2013 26 75 is
1503 2013 109 75 fown;
1647 2013 26 75 it
1696 2013 26 75 is
1746 2013 175 75 peculiarly
1943 2013 102 75 ufeful
2070 2013 35 75 to
2130 2013 64 75 this

1164 2061 79 75 kind
1264 2061 41 75 of
1322 2061 71 75 foil,
1417 2061 44 75 by
1476 2061 189 75 condenfing
1681 2061 64 75 and
1759 2061 128 75 making
1902 2061 27 75 it
1940 2061 119 75 firmer.

1533 2174 4 75 ,
1551 2174 66 75 Of
1634 2174 169 75 Sowing.

1209 2248 44 75 It
1267 2248 25 75 is
1310 2248 166 75 remarked
1492 2248 43 75 by
1548 2248 146 75 farmers,
1712 2248 70 75 that
1796 2248 55 75 the
1863 2248 76 75 corn
1956 2248 103 75 which
2077 2248 26 75 is
2120 2248 71 75 ear-

1161 2294 67 75 Jitfl
1251 2294 86 75 fown
1361 2294 26 75 is
1404 2294 32 75 in
1452 2294 128 75 general
1597 2294 119 75 fooriefl
1740 2294 79 75 ripe.
1869 2294 173 75 However,
2068 2294 33 75 as
2125 2294 65 75 this

1161 2342 164 75 operation
1350 2342 138 75 depends
1512 2342 42 75 on
1579 2342 55 75 the
1658 2342 110 75 nature
1785 2342 41 75 of
1843 2342 54 75 the
1914 2342 152 75 weather,
2093 2342 61 75 and
2170 2342 21 75 a

1160 2386 132 75 number
1315 2386 40 75 of
1374 2386 94 75 other
1491 2386 251 75 circumHances,
1766 2386 43 75 no
1832 2386 118 75 precife
1972 2386 77 75 time
2067 2386 57 75 can
2149 2386 41 75 be

1159 2433 87 75 fixed
1262 2433 52 75 for
1329 2433 194 75 performing
1538 2433 39 75 it.

1206 2479 76 75 The
1306 2479 135 75 pradticC
1466 2479 39 75 of
1523 2479 119 75 fbwing
1666 2479 117 75 wheat,
1808 2479 82 75 oats,
1914 2479 123 75 barley,
2064 2479 64 75 &c.
2154 2479 34 75 at

1158 2525 149 75 different
1324 2525 90 75 times
1431 2525 40 75 of
1489 2525 55 75 the
1560 2525 90 75 year,
1674 2525 97 75 feems
1789 2525 56 75 not
1862 2525 36 75 to
1910 2525 122 75 depend
2045 2525 33 75 fo
2091 2525 95 75 much

1160 2571 40 75 on
1217 2571 54 75 the
1284 2571 149 75 different
1449 2571 127 75 natures
1589 2571 40 75 of
1646 2571 87 75 thefe
1749 2571 120 75 grains,
1895 2571 33 75 as
1946 2571 40 75 on
2004 2571 55 75 the
2075 2571 110 75 incon-

1159 2618 174 75 veniencies
1346 2618 104 75 which
1464 2618 106 75 would
1587 2618 112 75 attend
1714 2618 55 75 the
1785 2618 119 75 fowing
1921 2618 86 75 them
2024 2618 43 75 all
2085 2618 31 75 at
2129 2618 56 75 the

1157 2664 83 75 fame
1263 2664 89 75 time.
1401 2664 32 75 It
1456 2664 73 75 may
1545 2664 149 75 however
1716 2664 40 75 be
1780 2664 165 75 obferved,
1971 2664 69 75 that
2065 2664 118 75 wheat,

1158 2711 53 75 the
1225 2711 80 75 only
1319 2711 91 75 grain
1425 2711 31 75 in
1474 2711 64 75 this
1555 2711 135 75 country
1706 2711 105 75 which
1832 2711 26 75 is
1874 2711 85 75 fown
1976 2711 111 75 before
2104 2711 79 75 win-

1156 2756 62 75 ter,
1243 2756 110 75 fhould
1365 2756 39 75 be
1419 2756 86 75 fown
1523 2756 33 75 as
1573 2756 88 75 early
1678 2756 32 75 as
1723 2756 138 75 poflible,
1879 2756 69 75 that
1961 2756 40 75 its
2015 2756 89 75 roots
2121 2756 63 75 and

1156 2803 103 75 leaves
1277 2803 72 75 may
1366 2803 38 75 be
1420 2803 55 75 put
1493 2803 88 75 forth
1598 2803 111 75 before
1725 2803 55 75 the
1796 2803 77 75 frofl
1886 2803 107 75 comes
2010 2803 54 75 on.

1202 2850 75 75 The
1293 2850 78 75 niofl
1388 2850 145 75 common
1551 2850 132 75 method
1699 2850 40 75 of
1757 2850 120 75 fowing
1892 2850 25 75 is
1941 2850 43 75 by
2004 2850 54 75 the
2081 2850 100 75 hand.

1155 2896 84 75 This
1252 2896 132 75 method
1395 2896 142 75 requires
1550 2896 88 75 great
1650 2896 70 75 fkill
1736 2896 62 75 and
1810 2896 126 75 addrefs
1948 2896 31 75 in
1992 2896 54 75 the
2059 2896 118 75 fower:

1156 2942 76 75 lor,
1259 2942 32 75 at
1306 2942 55 75 the
1378 2942 82 75 fame
1477 2942 77 75 time
1571 2942 70 75 that
1664 2942 41 75 he
1726 2942 87 75 gives
1838 2942 49 75 his
1913 2942 66 75 arm
2004 2942 18 75 a
2046 2942 136 75 circular

1154 2990 133 75 motion,
1313 2990 35 75 to
1364 2990 61 75 cafl
1442 2990 55 75 the
1517 2990 74 75 feed
1606 2990 80 75 with
1701 2990 154 75 Hrength,
1879 2990 40 75 he
1935 2990 79 75 mufl
2031 2990 81 75 open
2128 2990 52 75 his

2092 3051 87 75 hand
