2431 3327
574 152 41 75 A
674 152 42 75 G
776 152 37 75 R

1148 152 96 75 (4

197 218 249 75 AGOUGES,
472 218 19 75 a
506 218 83 75 river
612 218 40 75 of
671 218 135 75 France,
823 218 120 75 which,
966 218 83 75 after
1068 218 156 75 watering

246 265 72 75 part
333 265 41 75 of
383 265 186 75 Auvergne,
587 265 73 75 falls
677 265 69 75 into
763 265 56 75 the
837 265 102 75 Sible.

199 313 150 75 AGRA,
367 313 19 75 a
397 313 67 75 city
472 313 40 75 of
521 313 57 75 the
594 313 120 75 Hither
730 313 105 75 India,
849 313 63 75 and
924 313 114 75 capital
1050 313 41 75 of
1103 313 18 75 a
1131 313 93 75 king-

245 358 75 75 dom
343 358 40 75 of
405 358 55 75 the
487 358 83 75 fame
597 358 104 75 name.
749 358 34 75 It
806 358 27 75 is
855 358 134 75 fkuated
1011 358 42 75 on
1069 358 56 75 the
1140 358 85 75 river

250 404 138 75 Jemma,
413 404 63 75 and
490 404 28 75 is
536 404 19 75 a
566 404 100 75 large,
684 404 168 75 populous,
879 404 62 75 and
964 404 157 75 beautiful
1149 404 80 75 city,

244 450 108 75 where
368 450 55 75 the
443 450 120 75 Mogul
579 450 187 75 frequently
778 450 128 75 refides.

198 497 193 75 AGRAM,
409 497 20 75 a
451 497 66 75 city
534 497 63 75 and
621 497 137 75 bifliop’s
775 497 51 75 fee
849 497 40 75 of
908 497 170 75 Hungary,
1095 497 135 75 fituated

246 543 75 75 near
336 543 56 75 the
408 543 152 75 frontiers
576 543 41 75 of
629 543 165 75 Carniola.

199 589 262 75 AGRARIAN
478 589 97 75 laws,
599 589 116 75 among
739 589 56 75 the
811 589 158 75 Romans,
989 589 91 75 thofe
1097 589 135 75 relating

246 635 35 75 to
304 635 56 75 the
387 635 130 75 divifion
545 635 65 75 and
635 635 201 75 diftribution
861 635 42 75 of
920 635 113 75 lands;
1060 635 41 75 of
1123 635 107 75 which

245 682 96 75 there
353 682 84 75 were
453 682 19 75 a
487 682 90 75 great
592 682 153 75 number;
769 682 60 75 but
844 682 73 75 that
931 682 104 75 called
1051 682 56 75 the
1123 682 107 75 Agra-

247 729 77 75 rian
352 729 82 75 law,
462 729 45 75 by
532 729 73 75 way
630 729 41 75 of
692 729 174 75 eminence,
895 729 65 75 was
989 729 163 75 published
1182 729 45 75 by

250 775 133 75 Spurius
399 775 133 75 Caffius,
549 775 99 75 about
663 775 56 75 the
734 775 77 75 year
827 775 38 75 of
880 775 108 75 Rome
1007 775 81 75 268,
1110 775 53 75 for
1176 775 49 75 di-

245 820 110 75 viding
362 820 55 75 the
425 820 183 75 conquered
616 820 90 75 lands
715 820 130 75 equally
852 820 116 75 among
975 820 42 75 all
1024 820 56 75 the
1086 820 146 75 citizens,

247 867 63 75 and
332 867 138 75 limiting
486 867 54 75 the
557 867 133 75 number
706 867 41 75 of
769 867 88 75 acres
876 867 108 75 which
1007 867 79 75 each
1113 867 119 75 citizen

248 913 103 75 might
363 913 109 75 enjoy.

201 962 281 75 AGRARIUM.
531 962 64 75 See
610 962 255 75 Agistment,

1258 149 21 75 0
1337 149 19 75 )

1696 149 44 75 A
1797 149 41 75 G
1896 149 37 75 R

1271 217 222 75 AGREDA,
1524 217 19 75 a
1566 217 88 75 town
1670 217 39 75 of
1733 217 111 75 Spain,
1873 217 32 75 in
1922 217 56 75 old
1994 217 131 75 Caftile,
2151 217 77 75 near
2250 217 57 75 the

1321 263 150 75 frontiers
1496 263 41 75 of
1551 263 164 75 Arragon,
1733 263 63 75 and
1813 263 99 75 about
1928 263 91 75 three
2042 263 129 75 leagues
2198 263 110 75 fouth-

1320 311 74 75 weft
1418 311 213 75 ofTaracon.

1272 356 181 75 Agreda,
1470 356 26 75 is
1509 356 65 75 alfo
1586 356 19 75 a
1616 356 87 75 town
1714 356 41 75 of
1767 356 105 75 South
1884 356 163 75 America,
2060 356 134 75 fituated
2210 356 33 75 at
2254 356 67 75 the'

1324 402 72 75 foot
1413 402 40 75 of
1464 402 55 75 the
1532 402 179 75 mountains
1728 402 33 75 in
1773 402 55 75 the
1844 402 153 75 kingdom
2010 402 40 75 of
2061 402 154 75 Popaian.

1277 450 328 75 AGREEMENT,
1624 450 31 75 in
1674 450 76 75 law,
1767 450 132 75 fignifies
1916 450 56 75 the
1989 450 128 75 confent
2133 450 40 75 of
2190 450 121 75 feveral

1325 495 126 75 perfons
1468 495 36 75 to
1521 495 62 75 any
1600 495 93 75 thing
1708 495 84 75 done
1808 495 39 75 or
1862 495 36 75 to
1912 495 41 75 be
1969 495 95 75 done.

1279 543 261 75 AGRESSES,
1559 543 38 75 or
1612 543 213 75 Ogresses,
1843 543 32 75 in
1891 543 164 75 heraldry,
2073 543 20 75 a
2109 543 84 75 term
2207 543 102 75 fomfe-

1327 589 93 75 times
1437 589 77 75 ufed
1529 589 51 75 for
1596 589 128 75 pellets.
1775 589 62 75 See
1854 589 194 75 Pellets.

1278 635 258 75 AGRESTfE,
1562 635 115 75 among
1699 635 187 75 phyficians,
1909 635 131 75 denotes
2057 635 111 75 unripe
2184 635 125 75 grapes,

1328 680 67 75 faid
1411 680 36 75 to
1463 680 39 75 be
1519 680 40 75 of
1577 680 18 75 a
1611 680 130 75 cooling
1759 680 125 75 nature.

1274 727 135 75 AGRI,
1433 727 38 75 or
1497 727 118 75 Acri,
1640 727 20 75 a
1686 727 86 75 river
1795 727 41 75 of
1853 727 54 75 the
1932 727 156 75 kingdom
2111 727 41 75 of
2174 727 136 75 Naples,

1322 773 105 75 which
1443 773 113 75 arifing
1568 773 33 75 in
1618 773 54 75 the
1690 773 167 75 Apennine
1874 773 194 75 mountains,
2085 773 56 75 not
2158 773 51 75 far
2226 773 86 75 from

1328 820 139 75 Marfico
1481 820 133 75 Nuovo,
1631 820 75 75 falls
1721 820 70 75 into
1807 820 57 75 the
1878 820 101 75 gulph
1995 820 40 75 of
2045 820 160 75 Tarento.

1280 867 169 75 AGRL%,
1477 867 21 75 a
1517 867 89 75 town
1634 867 63 75 and
1721 867 84 75 river
1829 867 41 75 of
1887 867 112 75 Upper
2015 867 171 75 Hungary.
2233 867 79 75 The

1326 912 87 75 town
1441 912 26 75 is
1492 912 20 75 a
1535 912 137 75 bifhop’s
1696 912 62 75 fee,
1783 912 64 75 and
1865 912 137 75 fituated
2017 912 99 75 about
2131 912 181 75 thirty-five

1328 959 91 75 miles
1437 959 47 75 N.
1500 959 46 75 E.
1564 959 41 75 of
1615 959 106 75 Buda.

405 1231 1720 75 AGRICULTURE.

204 1382 409 75 AGRICULTURE
635 1382 27 75 is
688 1382 56 75 the
768 1382 50 75 art
844 1382 41 75 of
908 1382 19 75 a
929 1382 111 75 {lifting
1056 1382 55 75 the
1127 1382 105 75 earth,

312 1428 42 75 by
370 1428 107 75 means
494 1428 39 75 of
553 1428 137 75 culture,
710 1428 143 75 manure,
882 1428 64 75 be.
973 1428 34 75 to
1035 1428 93 75 bring
1144 1428 89 75 forth

312 1474 105 75 plants
432 1474 33 75 in
481 1474 126 75 greater
624 1474 162 75 quantity,
804 1474 63 75 and
882 1474 139 75 likewife
1036 1474 42 75 of
1095 1474 20 75 a
1129 1474 106 75 larger

202 1523 62 75 fize
299 1523 62 75 and
387 1523 104 75 better
519 1523 137 75 quality,
681 1523 78 75 than
782 1523 26 75 it
833 1523 109 75 would
966 1523 140 75 produce
1138 1523 97 75 with-

202 1568 59 75 out
275 1568 88 75 thefe
380 1568 181 75 aftiftances.

252 1660 294 75 Agriculture
566 1660 26 75 is
610 1660 38 75 an
662 1660 50 75 art
728 1660 41 75 of
780 1660 76 75 fuch
872 1660 217 75 confequence
1100 1660 35 75 to
1147 1660 87 75 man-

203 1705 91 75 kind,
322 1705 72 75 that
413 1705 84 75 their
516 1705 78 75 very
618 1705 170 75 exiftence,
812 1705 169 75 efpecially
997 1705 31 75 in
1054 1705 19 75 a
1096 1705 80 75 ftate
1200 1705 41 75 of

205 1751 133 75 fociety,
363 1751 139 75 depends
519 1751 83 75 upon
628 1751 37 75 it.
714 1751 33 75 A
767 1751 227 75 compendious
1014 1751 93 75 view,
1128 1751 107 75 there-

205 1797 82 75 fore,
324 1797 41 75 of
394 1797 98 75 every
515 1797 143 75 material
688 1797 166 75 difeovery
877 1797 71 75 that
977 1797 83 75 hath
1090 1797 146 75 hitherto

819 1975 418 75 PAR

649 2092 70 75 Of
741 2092 276 75 Vegetation,)
1058 2092 93 75 and
1182 2092 72 75 the

205 2195 24 49 r
229 2213 26 75 |
265 2213 19 75 ^
294 2213 35 75 H
338 2213 31 75 E
393 2213 182 75 vegetation
599 2213 63 75 and
678 2213 169 75 ceconomy
862 2213 42 75 of
925 2213 104 75 plants
1060 2213 27 75 is
1115 2213 60 75 one
1202 2213 41 75 of

310 2257 89 75 thofe
414 2257 135 75 fubje&s
566 2257 34 75 in
615 2257 106 75 which
733 2257 61 75 our
804 2257 191 75 knowledge
1011 2257 27 75 is
1055 2257 182 75 extremely

207 2304 256 75 circumfcribed.
512 2304 106 75 Many
632 2304 191 75 hypothefes
848 2304 81 75 have
952 2304 79 75 been
1058 2304 152 75 invented
1223 2304 10 75 ;

206 2346 34 75 as
263 2346 96 75 many
373 2346 83 75 have
472 2346 93 75 been,
594 2346 36 75 or
646 2346 75 75 may
737 2346 95 75 eafily
847 2346 53 75 be,
929 2346 141 75 refuted.
1119 2346 116 75 Hypo-

206 2396 103 75 thefes
334 2396 32 75 in
383 2396 131 75 matters
539 2396 71 75 that
634 2396 164 75 evidently
818 2396 121 75 exceed
962 2396 60 75 our
1045 2396 123 75 powers
1194 2396 43 75 do

206 2441 96 75 much
319 2441 99 75 hurt:
454 2441 68 75 But
544 2441 78 75 they
638 2441 54 75 are
706 2441 141 75 likewife
863 2441 41 75 of
923 2441 85 75 fome
1024 2441 66 75 ufc.
1138 2441 100 75 They

205 2488 99 75 incite
327 2488 35 75 to
385 2488 126 75 further
532 2488 153 75 inquiries
700 2488 11 75 ;
738 2488 63 75 and
822 2488 90 75 thefe
926 2488 153 75 inquiries
1097 2488 53 75 are
1167 2488 69 75 car-

207 2534 70 75 ried
293 2534 41 75 on
350 2534 79 75 with
446 2534 125 75 greater
586 2534 101 75 fpirit,
706 2534 133 75 becaufe
855 2534 78 75 they
949 2534 52 75 are
1018 2534 153 75 intended
1186 2534 52 75 for

206 2579 57 75 the
280 2579 133 75 purpofe
429 2579 40 75 of
484 2579 177 75 confuting.
710 2579 33 75 It
760 2579 27 75 is
803 2579 72 75 true
892 2579 64 75 this
969 2579 88 75 fpirit
1073 2579 27 75 is
1113 2579 57 75 not
1181 2579 55 75 the

208 2626 80 75 moft
303 2626 141 75 friendly
463 2626 37 75 to
515 2626 159 75 impartial
691 2626 200 75 obfervation
903 2626 10 75 ;
948 2626 60 75 but
1031 2626 26 75 it
1073 2626 108 75 makes
1198 2626 37 75 us

208 2671 90 75 more
315 2671 227 75 indefatigable
553 2671 33 75 in
599 2671 60 75 our
675 2671 191 75 refearches.

257 2718 164 75 Retailing
436 2718 141 75 theories
594 2718 26 75 is
636 2718 43 75 no
694 2718 72 75 part
783 2718 41 75 of
834 2718 59 75 our
904 2718 87 75 plan.
1038 2718 36 75 A
1089 2718 81 75 total
1186 2718 50 75 in-

208 2764 159 75 attention
383 2764 35 75 to
436 2764 55 75 the
508 2764 150 75 ftru<fture
675 2764 64 75 and
760 2764 170 75 ceconomy
954 2764 40 75 of
1016 2764 104 75 plants
1137 2764 26 75 is
1180 2764 56 75 the

211 2809 90 75 chief
312 2809 109 75 reafon
435 2809 44 75 of
489 2809 56 75 the
560 2809 91 75 fmall
667 2809 145 75 progrefs
834 2809 74 75 that
923 2809 58 75 has
996 2809 82 75 been
1094 2809 93 75 made
1203 2809 32 75 in

212 2855 54 75 rhe
281 2855 171 75 principles
469 2855 40 75 of
518 2855 196 75 vegetation,
740 2855 64 75 and
830 2855 41 75 of
892 2855 57 75 the
973 2855 173 75 inftability
1174 2855 63 75 and

210 2902 185 75 iiuftuation
411 2902 40 75 of
463 2902 60 75 our
538 2902 138 75 theories
694 2902 191 75 concerning
899 2902 40 75 it.

259 2947 55 75 To
328 2947 94 75 recall
440 2947 66 75 the.
512 2947 112 75 attend
627 2947 41 75 on
679 2947 41 75 of
726 2947 220 75 philofophers
958 2947 64 75 and
1037 2947 201 75 cultivators,

212 2992 36 75 to
271 2992 56 75 the
343 2992 77 75 only
434 2992 110 75 fource
561 2992 84 75 from
662 2992 104 75 which
784 2992 63 75 any
862 2992 82 75 folid
960 2992 116 75 theory
1092 2992 57 75 can
1166 2992 75 75 ever

213 3040 40 75 be
268 3040 126 75 formed
411 3040 41 75 on
469 3040 62 75 this
547 3040 132 75 fubject,
704 3040 48 75 we
769 3040 75 75 fhall
863 3040 70 75 give
958 3040 18 75 a
997 3040 87 75 fhort
1100 3040 139 75 deferip-

1282 1384 78 75 been
1377 1384 92 75 made
1485 1384 31 75 in
1533 1384 65 75 this
1614 1384 63 75 art,
1702 1384 80 75 muft
1797 1384 41 75 be
1861 1384 103 75 ufeful
1985 1384 81 75 both
2082 1384 36 75 to
2134 1384 55 75 the
2206 1384 103 75 farm-

1286 1431 35 75 er
1341 1431 63 75 and
1419 1431 218 75 philofopher.

1328 1477 57 75 To
1413 1477 188 75 accomplifti
1626 1477 64 75 this
1708 1477 64 75 end
1783 1477 78 75 with
1887 1477 55 75 the
1963 1477 126 75 greater
2108 1477 203 75 perfpicuity,

1283 1524 55 75 the
1371 1524 119 75 fubjeft
1520 1524 76 75 fhall
1629 1524 40 75 be
1700 1524 130 75 divided
1855 1524 69 75 into
1954 1524 66 75 two
2046 1524 102 75 parts.
2198 1524 114 75 Under

1283 1570 55 75 the
1354 1570 77 75 firft.
1456 1570 208 75 Vegetation,
1683 1570 63 75 and
1767 1570 55 75 the
1840 1570 165 75 Smnfture
2029 1570 41 75 of
2087 1570 124 75 Plants,
2234 1570 79 75 (hail

1283 1617 40 75 be
1353 1617 194 75 confidered.
1595 1617 78 75 The
1700 1617 117 75 fecond
1839 1617 68 75 will
1937 1617 127 75 contain
2099 1617 56 75 the
2184 1617 128 75 various

1284 1663 194 75 Operations
1493 1663 86 75 upon
1594 1663 56 75 the
1667 1663 83 75 Soil,
1774 1663 34 75 in
1832 1663 95 75 order
1942 1663 36 75 to
1994 1663 132 75 prepare
2144 1663 27 75 it
2189 1663 53 75 for
2256 1663 57 75 the

1286 1710 163 75 reception
1466 1710 63 75 and
1544 1710 215 75 nouriihmerit
1774 1710 40 75 of
1825 1710 117 75 plants.

1333 1755 67 75 For
1415 1755 56 75 the
1487 1755 70 75 eafe
1573 1755 42 75 of
1631 1755 55 75 the
1709 1755 123 75 reader,
1860 1755 77 75 each
1960 1755 41 75 of
2021 1755 87 75 thefe
2124 1755 87 75 parts
2235 1755 77 75 ftiali

1282 1802 41 75 be
1340 1802 189 75 fubdivided
1547 1802 69 75 into
1633 1802 19 75 a
1668 1802 134 75 number
1816 1802 41 75 of
1874 1802 146 75 fedions.

1364 1975 61 75 T

1595 1975 51 75 I.

1290 2094 236 75 Structure
1561 2094 58 75 of
1639 2094 178 75 Plants.

1285 2215 69 75 tion
1371 2215 41 75 of
1427 2215 55 75 the
1499 2215 152 75 ftrudure
1664 2215 44 75 of
1719 2215 115 75 plants,
1858 2215 172 75 beginning
2051 2215 79 75 with
2147 2215 56 75 the
2225 2215 86 75 feed,

1285 2261 63 75 and
1362 2261 126 75 tracing
1508 2261 42 75 its
1570 2261 145 75 progrefs
1737 2261 64 75 and
1821 2261 164 75 evolution
2000 2261 36 75 to
2053 2261 18 75 a
2092 2261 78 75 ftate
2186 2261 42 75 of
2239 2261 70 75 ma-

1284 2307 115 75 turity.

1545 2418 27 75 S
1588 2418 25 75 e
1629 2418 24 75 c
1671 2418 45 75 t.
1744 2418 28 75 I.
1831 2418 65 75 Of
1915 2418 128 75 Seeds.

1332 2495 98 75 The
1457 2495 88 75 feeds
1565 2495 45 75 of
1620 2495 104 75 plants
1741 2495 52 75 are
1809 2495 41 75 of
1866 2495 126 75 various
2009 2495 115 75 figures
2142 2495 61 75 and
2219 2495 92 75 fizes.

1285 2541 89 75 Moft
1390 2541 41 75 of
1445 2541 88 75 them
1549 2541 53 75 are
1618 2541 131 75 divided
1764 2541 69 75 into
1855 2541 67 75 two
1936 2541 110 75 lobes;
2073 2541 125 75 though
2212 2541 99 75 fome,

1285 2586 33 75 as
1336 2586 91 75 thofe
1445 2586 40 75 of
1495 2586 56 75 the
1567 2586 189 75 creft-kind,
1779 2586 83 75 have
1878 2586 68 75 fix;
1973 2586 63 75 and
2059 2586 122 75 others,
2206 2586 34 75 as
2257 2586 56 75 the

1285 2635 105 75 grains
1407 2635 41 75 of
1458 2635 90 75 corn,
1573 2635 54 75 are
1644 2635 57 75 not
1717 2635 143 75 divided,
1884 2635 59 75 but
1959 2635 107 75 intire.

1333 2680 79 75 But,
1438 2680 33 75 as
1494 2680 56 75 the
1567 2680 140 75 eflential
1729 2680 177 75 properties
1931 2680 40 75 of
1994 2680 43 75 all
2057 2680 90 75 feeds
2176 2680 54 75 are
2256 2680 58 75 the

1285 2726 95 75 fame,
1405 2726 94 75 when
1526 2726 186 75 confidered
1727 2726 79 75 with
1824 2726 112 75 regard
1960 2726 36 75 to
2020 2726 55 75 the
2090 2726 170 75 principles
2278 2726 41 75 of

1282 2772 197 75 vegetation,
1506 2772 59 75 our
1581 2772 172 75 particular
1769 2772 206 75 deferiptions
1992 2772 76 75 fhall
2084 2772 39 75 be
2139 2772 128 75 limited
2278 2772 35 75 to

1284 2819 60 75 one
1360 2819 85 75 feed,
1471 2819 70 75 viz.
1567 2819 56 75 the
1641 2819 90 75 great
1746 2819 229 75 garden-bean.
2036 2819 141 75 Neither
2202 2819 28 75 is
2257 2819 56 75 the

1285 2866 109 75 choice
1411 2866 39 75 of
1462 2866 65 75 this
1544 2866 74 75 feed
1630 2866 180 75 altogether
1826 2866 178 75 arbitrary;
2031 2866 63 75 for,
2114 2866 83 75 after
2214 2866 26 75 it
2257 2866 54 75 be-

1289 2912 69 75 gins
1371 2912 35 75 to
1422 2912 158 75 vegetate,
1605 2912 42 75 its
1665 2912 86 75 parts
1768 2912 54 75 are
1836 2912 92 75 more
1940 2912 205 75 confpicuous
2157 2912 78 75 than
2247 2912 65 75 ma-

1288 2959 43 75 ny
1342 2959 122 75 others,
1491 2959 62 75 and
1569 2959 228 75 confequently
1814 2959 105 75 better
1931 2959 178 75 calculated
2121 2959 52 75 for
2188 2959 125 75 invefti-

1289 3004 121 75 gation.

1334 3052 84 75 Tlfis
1435 3052 72 75 feed
1522 3052 26 75 is
1566 3052 137 75 covered
1729 3052 80 75 with
1834 3052 67 75 two
1923 3052 88 75 coats
2037 3052 37 75 or
2101 3052 210 75 membranes.

2237 3095 76 75 The
