2483 3387
201 178 80 75 382

664 178 42 75 A
784 178 36 75 R
897 178 20 75 I
992 178 41 75 T
1108 178 44 75 H
1229 178 50 75 M

197 250 41 75 be
256 250 35 75 to
315 250 59 75 the
400 250 117 75 fecond
544 250 189 75 antecedent
759 250 33 75 as
820 250 55 75 the
899 250 65 75 iirft
991 250 194 75 confequent
1208 250 28 75 is

199 296 38 75 to
254 296 55 75 the
326 296 117 75 feeond
459 296 213 75 confequent;
699 296 37 75 or
764 296 55 75 the
847 296 64 75 firfl:
938 296 83 75 term
1046 296 67 75 will
1141 296 39 75 be
1202 296 35 75 to

199 343 58 75 the
274 343 88 75 third
377 343 83 75 term
476 343 33 75 as
526 343 55 75 the
598 343 116 75 fecond
730 343 82 75 term
823 343 27 75 is
864 343 35 75 to
911 343 56 75 the
978 343 124 75 fourth.
1127 343 109 75 Thus,

201 390 32 75 if
244 390 20 75 8
286 390 8 75 :
316 390 20 75 4
356 390 25 75 ::
403 390 44 75 24
467 390 9 75 :
501 390 54 75 12,
573 390 90 75 then,
676 390 43 75 by
732 390 203 75 alternation,
954 390 20 75 8
990 390 9 75 :
1016 390 45 75 24
1077 390 25 75 ::
1118 390 22 75 4
1154 390 9 75 :
1183 390 57 75 12.

200 436 125 75 Euclid
337 436 33 75 v.
399 436 55 75 16.

250 481 67 75 But
334 481 57 75 the
407 481 181 75 celebrated
603 481 155 75 property
773 481 40 75 of
823 481 74 75 four
913 481 218 75 proportional
1147 481 91 75 num-

199 529 75 75 bers
291 529 40 75 is,
355 529 70 75 that
442 529 56 75 the
513 529 135 75 produdt
663 529 40 75 of
713 529 56 75 the
785 529 162 75 extremes
970 529 28 75 is
1014 529 95 75 equal
1125 529 35 75 to
1184 529 56 75 the

201 575 134 75 produft
359 575 40 75 of
421 575 57 75 the
493 575 122 75 means.
678 575 110 75 Thus,
819 575 32 75 if
875 575 18 75 2
915 575 8 75 :
945 575 18 75 3
985 575 25 75 ::
1032 575 21 75 6
1072 575 9 75 :
1102 575 35 75 9,
1161 575 78 75 then

203 619 108 75 2X9
326 619 37 75 =
380 619 233 75 3X6=18.
662 619 123 75 Euclid
799 619 45 75 vi.
868 619 54 75 16.

250 667 112 75 Hence
377 667 49 75 we
442 667 81 75 have
540 667 38 75 an
591 667 72 75 eafy
676 667 133 75 method
819 667 40 75 of
866 667 119 75 finding
1002 667 19 75 a
1038 667 109 75 fourth
1165 667 72 75 pro-

200 714 162 75 portional
378 714 36 75 to
430 714 91 75 three
537 714 150 75 numbers
703 714 106 75 giten,
836 714 74 75 viz..

249 760 158 75 Multiply
423 760 56 75 the
495 760 121 75 middle
633 760 134 75 number
778 760 45 75 by
834 760 55 75 the
902 760 68 75 laft,
989 760 62 75 and
1063 760 107 75 divide
1183 760 54 75 the

200 808 138 75 produft
367 808 43 75 by
437 808 55 75 the
520 808 77 75 firft,
622 808 56 75 the
703 808 81 75 quot
801 808 87 75 gives
905 808 56 75 the
976 808 112 75 fourth
1104 808 134 75 propor-

202 855 113 75 tional.

250 900 153 75 Examp.
453 900 110 75 Given
581 900 34 75 6,
643 900 33 75 5,
702 900 63 75 and
783 900 57 75 36,
865 900 35 75 to
917 900 67 75 find
1000 900 18 75 a
1034 900 112 75 fourth
1163 900 74 75 pro-

199 947 161 75 portional
372 947 11 75 ;
408 947 59 75 put
488 947 22 75 x
524 947 96 75 equal
637 947 36 75 to
689 947 56 75 the
769 947 111 75 fourth
905 947 230 75 proportional,
1160 947 78 75 then

202 993 22 75 6
245 993 8 75 :
276 993 17 75 5
315 993 25 75 ::
363 993 43 75 36
426 993 8 75 :
453 993 36 75 x,
526 993 63 75 and
610 993 15 75 5
647 993 29 75 X
697 993 42 75 36
756 993 36 75 =
812 993 65 75 180
892 993 36 75 =
945 993 21 75 6
985 993 29 75 X
1032 993 18 75 x
1064 993 12 75 ;
1114 993 124 75 where-

201 1042 83 75 fore,
308 1042 144 75 dividing
467 1042 56 75 the
540 1042 134 75 produdi
697 1042 63 75 180
776 1042 44 75 by
836 1042 55 75 the
907 1042 102 75 fadtor
1026 1042 35 75 6,
1085 1042 57 75 the
1159 1042 81 75 quot

201 1088 89 75 gives
318 1088 55 75 the
390 1088 94 75 other
499 1088 102 75 fadtor
617 1088 35 75 x,
677 1088 127 75 namely
824 1088 56 75 30,
905 1088 56 75 the
977 1088 112 75 fourth
1106 1088 133 75 propor-

198 1135 103 75 tional
316 1135 128 75 fought.

250 1180 110 75 Every
387 1180 145 75 queftion
558 1180 33 75 in
614 1180 56 75 the
698 1180 69 75 rule
791 1180 40 75 of
853 1180 92 75 three
961 1180 74 75 may
1051 1180 40 75 be
1107 1180 131 75 divided

199 1229 70 75 into
286 1229 67 75 two
369 1229 100 75 parts,
487 1229 69 75 viz.
582 1229 19 75 a
615 1229 190 75 fuppofition
821 1229 63 75 and
901 1229 19 75 a
935 1229 138 75 demand
1087 1229 10 75 ;
1125 1229 62 75 and
1203 1229 42 75 of

200 1275 58 75 the
275 1275 91 75 three
383 1275 93 75 given
489 1275 161 75 numbers,
668 1275 67 75 two
747 1275 54 75 are
814 1275 120 75 always
945 1275 100 75 found
1056 1275 33 75 in
1100 1275 56 75 the
1167 1275 70 75 fup-

200 1320 149 75 ppfition,
376 1320 62 75 and
456 1320 76 75 only
549 1320 59 75 one
625 1320 33 75 in
675 1320 56 75 the
748 1320 149 75 demand.

250 1367 154 75 Examp.
453 1367 36 75 If
502 1367 21 75 4
540 1367 97 75 yards
666 1367 64 75 coft
761 1367 38 75 12
826 1367 155 75 ftiillings,
1006 1367 88 75 what
1120 1367 68 75 will
1215 1367 23 75 6

199 1415 98 75 yards
313 1415 66 75 coft
392 1415 35 75 at
441 1415 72 75 that
529 1415 69 75 rate
611 1415 11 75 ?

250 1462 38 75 In
304 1462 65 75 this
386 1462 145 75 queftion
546 1462 56 75 the
625 1462 190 75 fuppofition
841 1462 40 75 is,
905 1462 39 75 If
956 1462 21 75 4
994 1462 95 75 yards
1112 1462 65 75 coft
1197 1462 13 75 x
1219 1462 18 75 2

200 1508 142 75 {hillings
354 1508 10 75 ;
391 1508 62 75 and
470 1508 56 75 the
541 1508 67 75 two
623 1508 99 75 terms
750 1508 171 75 contained
936 1508 33 75 in
985 1508 26 75 it
1028 1508 53 75 are
1099 1508 21 75 4
1143 1508 97 75 yards

199 1555 65 75 and
283 1555 37 75 12
335 1555 161 75 (hillings:
522 1555 78 75 The
616 1555 136 75 demand
769 1555 58 75 lies
843 1555 32 75 in
892 1555 88 75 thefe
996 1555 119 75 words,
1132 1555 108 75 What

202 1603 69 75 will
292 1603 20 75 6
331 1603 93 75 yards
442 1603 64 75 coft
523 1603 12 75 ?
564 1603 62 75 and
642 1603 55 75 the
714 1603 77 75 only
815 1603 82 75 term
922 1603 101 75 found
1049 1603 34 75 in
1109 1603 26 75 it
1163 1603 26 75 is
1219 1603 22 75 6

200 1648 112 75 yards.

249 1695 77 75 The
341 1695 192 75 fuppafition
550 1695 63 75 and
628 1695 137 75 demand
788 1695 97 75 being
911 1695 78 75 thus
1003 1695 234 75 diftinguilhed,

202 1741 140 75 proceed
357 1741 35 75 to
409 1741 79 75 ftate
503 1741 56 75 the
576 1741 155 75 queftion,
757 1741 37 75 or
810 1741 35 75 to
862 1741 56 75 put
942 1741 56 75 the
1015 1741 97 75 terms
1129 1741 34 75 in
1177 1741 63 75 due

202 1788 97 75 order
315 1788 52 75 for
383 1788 179 75 operation,
588 1788 33 75 as
637 1788 56 75 the
716 1788 165 75 following
901 1788 84 75 rules
1001 1788 112 75 diretft.

252 1833 109 75 Rule
387 1833 33 75 I.
467 1833 97 75 Place
580 1833 71 75 that
667 1833 83 75 term
766 1833 41 75 of
824 1833 56 75 the
905 1833 203 75 fuppofition,
1134 1833 106 75 which

202 1885 31 75 is
249 1885 40 75 of
307 1885 55 75 the
378 1885 84 75 fame
477 1885 79 75 kind
572 1885 81 75 with
669 1885 56 75 the
740 1885 132 75 number
887 1885 128 75 fought,
1039 1885 34 75 in
1090 1885 54 75 the
1156 1885 82 75 mid-

205 1930 67 75 dle.
313 1930 77 75 The
403 1930 65 75 two
481 1930 175 75 remaining
671 1930 98 75 terms
787 1930 52 75 are
856 1930 173 75 extremes,
1047 1930 63 75 and
1122 1930 118 75 always

206 1976 41 75 of
258 1976 56 75 the
331 1976 83 75 fame
431 1976 90 75 kind.

255 2021 49 75 II.
329 2021 166 75 Confider,
514 2021 85 75 from
610 2021 56 75 the
681 2021 112 75 nature
806 2021 40 75 of
856 2021 54 75 the
923 2021 159 75 queftion,
1096 2021 145 75 whether

206 2070 57 75 the
275 2070 119 75 anfwer
406 2070 80 75 muft
502 2070 40 75 be
558 2070 126 75 greater
701 2070 37 75 or
753 2070 61 75 lefs
829 2070 80 75 than
926 2070 57 75 the
999 2070 121 75 middle
1135 2070 102 75 term;

207 2115 62 75 Mid
287 2115 31 75 if
329 2115 55 75 the
409 2115 118 75 anlwer
555 2115 80 75 muft
663 2115 40 75 be
727 2115 138 75 greater,
890 2115 55 75 the
962 2115 75 75 leaft
1053 2115 144 75 extreme
1213 2115 28 75 is

208 2163 56 75 the
280 2163 140 75 divifor;
443 2163 58 75 but
516 2163 30 75 if
557 2163 56 75 the
629 2163 119 75 anfwer
767 2163 80 75 muft
863 2163 39 75 be
917 2163 59 75 lefs
993 2163 77 75 than
1087 2163 55 75 the
1158 2163 83 75 mid-

208 2210 54 75 dle
279 2210 97 75 term,
398 2210 56 75 the
470 2210 136 75 greateft
622 2210 144 75 extreme
782 2210 26 75 is
826 2210 55 75 the
898 2210 130 75 divifor.

257 2255 66 75 III.
348 2255 96 75 Place
460 2255 56 75 the
533 2255 118 75 divifor
666 2255 45 75 on
724 2255 56 75 the
798 2255 60 75 left
877 2255 98 75 hand,
1001 2255 62 75 and
1080 2255 55 75 the
1147 2255 93 75 other

207 2301 147 75 extreme
370 2301 42 75 on
428 2301 55 75 the
499 2301 111 75 right;
632 2301 81 75 then
726 2301 151 75 multiply
887 2301 55 75 the
954 2301 115 75 fecond
1081 2301 59 75 and
1154 2301 89 75 third

208 2350 114 75 terms,
339 2350 61 75 and
416 2350 107 75 divide
538 2350 84 75 their
638 2350 132 75 produft
786 2350 44 75 by
846 2350 55 75 the
917 2350 86 75 firft;
1020 2350 62 75 and
1095 2350 55 75 the
1162 2350 82 75 quot

210 2395 89 75 gives
315 2395 55 75 the
387 2395 141 75 anfwer;
553 2395 106 75 which
672 2395 29 75 is
714 2395 117 75 always
843 2395 41 75 of
890 2395 56 75 the
956 2395 84 75 fame
1056 2395 91 75 name
1163 2395 79 75 with

212 2442 56 75 the
285 2442 121 75 middle
421 2442 95 75 term.

260 2486 111 75 When
389 2486 54 75 the
467 2486 122 75 divifor
599 2486 140 75 happens
757 2486 35 75 to
806 2486 40 75 be
862 2486 57 75 the
934 2486 145 75 extreme
1095 2486 103 75 found
1211 2486 33 75 in

209 2536 58 75 the
283 2536 202 75 fuppofition,
500 2536 57 75 the
568 2536 187 75 proportion
770 2536 27 75 is
814 2536 107 75 called
936 2536 126 75 dirci;
1081 2536 57 75 but
1150 2536 93 75 when

214 2582 56 75 the
287 2582 117 75 divifor
418 2582 140 75 happens
574 2582 35 75 to
625 2582 40 75 be
681 2582 56 75 the
749 2582 143 75 extreme
908 2582 33 75 in
953 2582 55 75 the
1020 2582 151 75 demand,
1187 2582 57 75 the

211 2626 189 75 proportion
415 2626 27 75 is
461 2626 136 75 inverfe.

261 2674 78 75 The
353 2674 97 75 three
461 2674 84 75 rules
561 2674 164 75 delivered
737 2674 100 75 above
854 2674 53 75 are
922 2674 117 75 indeed
1057 2674 33 75 fo
1105 2674 138 75 framed,

214 2724 37 75 as
267 2724 37 75 to
319 2724 150 75 preclude
486 2724 54 75 the
567 2724 176 75 diftitsftion
770 2724 41 75 of
832 2724 100 75 direft
958 2724 64 75 and
1047 2724 134 75 inverfe,
1206 2724 37 75 or

215 2767 116 75 tender
346 2767 26 75 it
388 2767 159 75 needkfsj.
565 2767 55 75 the
636 2767 161 75 left-hand
821 2767 82 75 term
925 2767 97 75 being
1048 2767 117 75 always
1189 2767 57 75 the

217 2814 117 75 divifor
345 2814 10 75 ;
376 2814 59 75 but
450 2814 56 75 yet
520 2814 57 75 the
590 2814 101 75 direil
707 2814 158 75 queftions
880 2814 99 75 being
986 2814 121 75 plainer
1118 2814 36 75 in
1161 2814 86 75 their

218 2862 74 75 own
308 2862 122 75 nature,
456 2862 63 75 and
544 2862 89 75 more
659 2862 95 75 eafily
780 2862 255 75 comprehended
1050 2862 43 75 by
1109 2862 20 75 a
1143 2862 102 75 learn-

220 2908 48 75 er,
292 2908 48 75 we
357 2908 89 75 (hall,
469 2908 32 75 in
519 2908 140 75 the-firft
674 2908 110 75 place,,
803 2908 177 75 exemplify
995 2908 55 75 the
1067 2908 84 75 rules
1168 2908 44 75 by
1227 2908 20 75 a

220 2948 49 75 fet
284 2948 40 75 of
335 2948 159 75 queftions
510 2948 40 75 of
561 2948 54 75 the
640 2948 98 75 direft
755 2948 89 75 kind,
870 2948 62 75 and
955 2948 77 75 (hall
1057 2948 188 75 afterwards

222 3001 122 75 adduce
361 3001 40 75 an
417 3001 147 75 example
580 3001 36 75 or
632 3001 67 75 two
713 3001 41 75 of
765 3001 79 75 fuch
857 3001 34 75 as
908 3001 53 75 are
982 3001 135 75 inverfe.

1357 175 35 75 E
1469 175 41 75 T
1585 175 20 75 I
1683 175 39 75 C
1799 175 52 75 K.

1445 303 30 75 I.
1525 303 67 75 The
1613 303 122 75 Simple
1751 303 86 75 Rale
1853 303 45 75 of
1905 303 103 75 Three
2027 303 132 75 Dircfi.

1336 385 149 75 Quest,
1516 385 30 75 i.
1595 385 37 75 If
1644 385 23 75 4
1682 385 96 75 yards
1796 385 65 75 coft
1881 385 39 75 12
1939 385 152 75 (hillings,
2109 385 88 75 what
2214 385 68 75 will
2297 385 23 75 6

1289 432 96 75 yards
1402 432 66 75 coft
1483 432 33 75 at
1533 432 71 75 that
1622 432 68 75 rate
1703 432 12 75 ?

1335 478 76 75 The
1427 478 190 75 fuppofition
1634 478 63 75 and
1713 478 138 75 demand
1871 478 43 75 of
1929 478 63 75 this
2018 478 143 75 queftion
2179 478 80 75 have
2276 478 44 75 al-

1289 524 98 75 ready
1402 524 79 75 been
1499 524 235 75 diftinguiflied,
1752 524 63 75 and
1831 524 56 75 the
1902 524 65 75 two
1979 524 99 75 terms
2089 524 33 75 in
2134 524 55 75 the
2202 524 120 75 former

1289 571 54 75 are
1359 571 21 75 4
1397 571 95 75 yards
1514 571 40 75 12
1578 571 153 75 (hillings,
1757 571 65 75 and
1835 571 56 75 th*
1906 571 78 75 only
1999 571 81 75 term
2097 571 33 75 in
2146 571 56 75 the
2225 571 97 75 latter

1287 617 26 75 is
1332 617 20 75 6
1371 617 109 75 yards.

1334 664 76 75 The
1436 664 133 75 number
1593 664 116 75 fought
1736 664 26 75 is
1791 664 55 75 the
1872 664 87 75 price
1983 664 40 75 of
2044 664 48 75 fix
2116 664 109 75 yards,
2259 664 63 75 and

1288 710 54 75 the
1365 710 82 75 term
1479 710 33 75 in
1545 710 56 75 the
1632 710 190 75 fuppofition
1853 710 40 75 of
1918 710 56 75 the
2006 710 83 75 fame
2113 710 78 75 kind
2215 710 26 75 is
2266 710 56 75 the

1287 759 86 75 price
1389 759 40 75 of
1448 759 22 75 4
1486 759 111 75 yards,
1622 759 71 75 viz.
1725 759 38 75 12
1789 759 152 75 (hillings,
1967 759 105 75 which
2098 759 88 75 place
2209 759 32 75 in
2266 759 57 75 the

1287 803 132 75 middle,
1445 803 33 75 as
1494 803 142 75 djreded
1652 803 33 75 in
1701 803 87 75 Rule
1812 803 29 75 I.
1879 803 63 75 and
1968 803 57 75 the
2052 803 66 75 two
2146 803 176 75 remaining

1286 850 98 75 terms
1412 850 54 75 are
1493 850 175 75 extremes,
1693 850 65 75 and
1780 850 40 75 of
1838 850 55 75 the
1917 850 84 75 fame
2024 850 91 75 kind,
2141 850 69 75 viz.
2241 850 81 75 both

1284 896 141 75 lengths.

1829 944 76 75 Yds.
1927 944 6 75 .
1952 944 30 75 s.
2043 944 79 75 yds.

1796 993 37 75 If
1852 993 22 75 4
1901 993 9 75 :
1942 993 40 75 12
2063 993 22 75 6

1967 1038 21 75 6

1336 942 31 75 It
1388 942 26 75 is
1437 942 74 75 eafy
1540 942 37 75 to
1603 942 146 75 perceive

1288 990 71 75 that
1382 990 56 75 the
1463 990 119 75 anfwer
1605 990 80 75 muft
1709 990 40 75 be

1289 1036 125 75 greater
1447 1036 77 75 than
1551 1036 56 75 the
1630 1036 120 75 middle

1290 1084 100 75 term;
1405 1084 52 75 for
1470 1084 21 75 6
1504 1084 97 75 yards
1612 1084 65 75 will
1687 1084 65 75 coft

1289 1130 87 75 more
1388 1130 78 75 than
1479 1130 21 75 4
1512 1130 96 75 yards
1620 1130 7 75 ;
1644 1130 108 75 there-

1288 1176 69 75 fore
1387 1176 57 75 the
1474 1176 77 75 leaft
1590 1176 158 75 extreme,

1287 1221 71 75 viz.
1381 1221 21 75 4
1424 1221 108 75 yards,
1549 1221 27 75 is
1593 1221 55 75 the
1663 1221 81 75 divi-

1288 1267 63 75 for,
1369 1267 172 75 according
1553 1267 35 75 to
1598 1267 87 75 Rule
1698 1267 48 75 II.

1906 1133 150 75 4)72(18
2074 1133 140 75 (hillings
2238 1133 83 75 Anf.

1940 1281 41 75 33

1942 1323 42 75 32

1934 1423 57 75 ()

1335 1479 198 75 Wherefore
1550 1479 88 75 place
1655 1479 56 75 the
1730 1479 118 75 divifor
1866 1479 21 75 4
1902 1479 96 75 yards
2015 1479 42 75 on
2073 1479 55 75 the
2143 1479 61 75 left
2220 1479 101 75 hand,

1291 1528 63 75 and
1369 1528 56 75 the
1442 1528 93 75 other
1552 1528 145 75 extreme
1714 1528 21 75 6
1752 1528 97 75 yards
1866 1528 41 75 on
1925 1528 55 75 the
1995 1528 111 75 right;
2133 1528 64 75 and
2213 1528 110 75 multi-

1290 1571 110 75 plying
1417 1571 54 75 the
1488 1571 116 75 fecond
1628 1571 64 75 and
1719 1571 88 75 third
1830 1571 112 75 terms,
1967 1571 106 75 divide
2089 1571 84 75 their
2189 1571 133 75 produd

1290 1619 43 75 by
1347 1619 57 75 the
1420 1619 64 75 firft
1500 1619 95 75 term,
1621 1619 62 75 and
1698 1619 56 75 the
1777 1619 81 75 quot
1879 1619 39 75 18
1935 1619 26 75 is
1978 1619 56 75 the
2051 1619 130 75 anfwer,
2207 1619 64 75 and
2286 1619 42 75 of

1290 1666 56 75 the
1362 1666 84 75 fame
1463 1666 91 75 name
1570 1666 78 75 with
1665 1666 57 75 the
1736 1666 121 75 middle
1872 1666 94 75 term,
1992 1666 73 75 viz.
2088 1666 154 75 (hillings,
2267 1666 54 75 ac-

1291 1712 133 75 cording
1440 1712 36 75 to
1492 1712 87 75 Rule
1595 1712 66 75 III.

1336 1759 78 75 And
1431 1759 132 75 becaufe
1578 1759 57 75 the
1650 1759 118 75 divifor
1791 1759 29 75 is
1846 1759 55 75 the
1927 1759 147 75 extreme
2102 1759 100 75 found
2217 1759 32 75 in
2265 1759 57 75 the

1288 1805 203 75 fuppofition,
1516 1805 55 75 the
1588 1805 186 75 proportion
1790 1805 30 75 is
1833 1805 112 75 dired.

1335 1851 150 75 Quest.
1513 1851 34 75 2.
1596 1851 36 75 If
1645 1851 73 75 7C.
1740 1851 40 75 of
1801 1851 117 75 pepper
1942 1851 66 75 coft
2032 1851 80 75 211.
2137 1851 74 75 how
2227 1851 96 75 much

1290 1899 67 75 will
1377 1899 16 75 5
1405 1899 43 75 C.
1467 1899 65 75 coft
1549 1899 33 75 at
1598 1899 71 75 that
1686 1899 67 75 rate
1765 1899 13 75 ?

1336 1944 75 75 The
1428 1944 190 75 fuppofition
1635 1944 30 75 in
1683 1944 63 75 this
1764 1944 143 75 queftion
1930 1944 41 75 is,
1995 1944 70 75 that
2090 1944 18 75 7
2120 1944 44 75 C.
2193 1944 41 75 of
2244 1944 76 75 pep-

1288 1991 56 75 per
1360 1991 81 75 cofts
1458 1991 78 75 211.
1554 1991 62 75 and
1628 1991 56 75 the
1696 1991 66 75 two
1774 1991 98 75 terms
1884 1991 32 75 in
1932 1991 27 75 it
1975 1991 53 75 are
2047 1991 19 75 7
2076 1991 45 75 C.
2138 1991 63 75 and
2213 1991 40 75 21
2271 1991 50 75 1.;

1288 2038 55 75 the
1359 2038 138 75 demand
1518 2038 40 75 is,
1581 2038 87 75 How
1685 2038 94 75 much
1795 2038 66 75 will
1881 2038 18 75 5
1910 2038 48 75 C-
1972 2038 65 75 coft
2049 2038 12 75 ?
2088 2038 63 75 and
2166 2038 56 75 the
2234 2038 83 75 term

1291 2085 29 75 in
1339 2085 26 75 it
1381 2085 26 75 is
1426 2085 71 75 5C.

1336 2131 76 75 The
1429 2131 135 75 number
1584 2131 116 75 fought
1714 2131 27 75 is
1764 2131 57 75 the
1836 2131 87 75 price
1939 2131 41 75 of
1994 2131 16 75 $
2022 2131 42 75 C.
2091 2131 61 75 and
2169 2131 54 75 the
2240 2131 83 75 term

1290 2178 31 75 in
1339 2178 55 75 the
1410 2178 190 75 fuppofition
1627 2178 41 75 of
1690 2178 57 75 the
1773 2178 84 75 fame
1882 2178 80 75 kind
1976 2178 28 75 is
2020 2178 56 75 the
2092 2178 86 75 price
2195 2178 40 75 of
2248 2178 73 75 7C.

1291 2226 70 75 viz.
1380 2226 77 75 211.
1483 2226 104 75 which
1604 2226 90 75 place
1710 2226 32 75 in
1759 2226 55 75 the
1832 2226 132 75 middle.
2012 2226 77 75 The
2105 2226 66 75 two
2188 2226 135 75 remain-

1290 2272 55 75 ing
1360 2272 98 75 terms
1475 2272 53 75 are
1545 2272 177 75 extremes,
1736 2272 62 75 and
1813 2272 41 75 of
1866 2272 54 75 the
1932 2272 83 75 fame
2026 2272 93 75 kind,
2135 2272 68 75 viz.
2222 2272 101 75 quan-

1290 2321 84 75 tities
1392 2321 40 75 of
1442 2321 131 75 pepper.

1338 2366 33 75 It
1390 2366 27 75 is
1434 2366 146 75 obvious,
1604 2366 71 75 that
1690 2366 57 75 the
1763 2366 120 75 anfwer
1977 2366 38 75 C,
2064 2366 42 75 L.
2187 2366 38 75 C.

1292 2412 80 75 muft
1404 2412 40 75 be
1476 2412 59 75 lefs
1568 2412 77 75 than
1681 2412 54 75 the
1763 2412 121 75 middle
1930 2412 38 75 If
1982 2412 18 75 7
2029 2412 10 75 :
2067 2412 42 75 21
2138 2412 27 75 ::
2194 2412 17 75 5

1292 2459 105 75 term;
1422 2459 53 75 for
1495 2459 15 75 5
1523 2459 42 75 C.
1579 2459 64 75 will
1658 2459 63 75 coft
1736 2459 60 75 lefs
1807 2459 82 75 than

2094 2459 17 75 5

1295 2507 18 75 7
1325 2507 65 75 C.;
1418 2507 61 75 and
1496 2507 161 75 therefore
1677 2507 55 75 the
1750 2507 136 75 greateft

1293 2553 158 75 extreme,
1462 2553 69 75 u/z.
1555 2553 21 75 7
1587 2553 44 75 C.
1643 2553 30 75 h
1683 2553 57 75 the
1752 2553 132 75 divifor.
2004 2551 173 75 7)105(15
2190 2551 26 75 /.
2241 2551 84 75 Anf

2070 2607 19 75 7

2071 2700 42 75 35

2070 2747 43 75 35

2063 2840 57 75 ()

1345 2902 222 75 Accordingly
1582 2902 90 75 place
1687 2902 55 75 the
1758 2902 118 75 divifor
1904 2902 72 75 7C.
1999 2902 42 75 on
2066 2902 56 75 the
2143 2902 61 75 left
2226 2902 99 75 hand,

1297 2949 61 75 and
1375 2949 55 75 the
1445 2949 95 75 other
1551 2949 144 75 extreme
1714 2949 70 75 5C.
1803 2949 41 75 on
1857 2949 55 75 the
1924 2949 104 75 right;
2047 2949 62 75 and
2120 2949 116 75 having
2245 2949 81 75 mul-

1297 2998 112 75 tiplied
1425 2998 55 75 the
1494 2998 117 75 fecond
1627 2998 61 75 and
1704 2998 89 75 third
1816 2998 111 75 terms,
1951 2998 107 75 divide
2084 2998 84 75 their
2194 2998 134 75 product

2283 3047 44 75 by
