2397 3387
555 189 206 75 BIZ

1108 189 19 75 (
1186 189 82 75 558
1330 189 18 75 )

1670 189 36 75 B
1767 189 34 75 L
1863 189 42 75 A
1928 189 8 75 .

223 255 98 75 bolts,
340 255 61 75 and
414 255 97 75 rings,
531 255 118 75 kirbles
663 255 40 75 of
710 255 56 75 the
777 255 47 75 bit
838 255 38 75 or
889 255 91 75 curb,
999 255 125 75 trench,
1143 255 73 75 top-

220 303 63 75 rol,
301 303 74 75 flap,
393 303 63 75 and
469 303 98 75 jeive.
599 303 78 75 The
691 303 208 75 importation
911 303 39 75 of
963 303 62 75 bits
1034 303 51 75 for
1097 303 119 75 bridles

225 351 26 75 is
269 351 70 75 now
354 351 197 75 prohibited.

176 396 77 75 Bit
279 396 65 75 alfo
361 396 132 75 denotes
519 396 55 75 the
597 396 70 75 iron
683 396 72 75 part
767 396 41 75 of
819 396 19 75 a
854 396 135 75 piercer,
1015 396 110 75 augre,
1151 396 63 75 and

225 442 55 75 the
297 442 64 75 like
376 442 216 75 tnfliruments.

176 489 75 75 Bit
271 489 42 75 of
330 489 21 75 a
368 489 64 75 key,
458 489 55 75 the
531 489 70 75 part
618 489 106 75 which
749 489 144 75 contains
910 489 56 75 the
982 489 118 75 wards.
1153 489 62 75 See

225 535 167 75 Wards.

176 583 90 75 Bit,
291 583 38 75 or
347 583 138 75 Bitts,
510 583 32 75 in
559 583 240 75 (hip-building,
818 583 55 75 the
890 583 92 75 name
994 583 41 75 of
1046 583 167 75 twogreat

224 629 145 75 timbers,
396 629 123 75 ufually
536 629 112 75 placed
660 629 88 75 abaft
765 629 56 75 the
838 629 141 75 manger,
998 629 31 75 in
1048 629 54 75 the
1119 629 94 75 (hip’s

223 676 81 75 loof,
329 676 140 75 through
484 676 106 75 which
608 676 56 75 the
681 676 85 75 crofs
784 676 89 75 piece
891 676 77 75 goes
983 676 8 75 :
1019 676 77 75 The
1110 676 51 75 ufe
1178 676 41 75 of

224 723 25 75 it
267 723 26 75 is
321 723 35 75 to
374 723 93 75 belay
483 723 55 75 the
566 723 91 75 cable
682 723 140 75 thereto,
849 723 95 75 while
972 723 55 75 the
1046 723 65 75 (hip
1128 723 25 75 is
1179 723 34 75 at

227 769 132 75 anchor.

176 817 165 75 BITCH,
368 817 54 75 the
439 817 115 75 female
567 817 40 75 of
618 817 55 75 the
690 817 66 75 dog
772 817 91 75 kind.
913 817 62 75 See
992 817 138 75 Canis.

176 863 237 75 BITONTO,
438 863 18 75 a
482 863 66 75 city
577 863 39 75 of
639 863 56 75 the
724 863 149 75 province
897 863 40 75 of
961 863 104 75 Barri,
1097 863 32 75 in
1157 863 57 75 the

224 909 153 75 kingdom
402 909 39 75 of
464 909 136 75 Naples,
626 909 134 75 fituated
776 909 99 75 about
892 909 89 75 eight
998 909 90 75 miles
1105 909 109 75 fouth-

223 957 75 75 weft
315 957 40 75 of
368 957 106 75 Barri,
491 957 32 75 in
541 957 40 75 17
581 939 24 49 0
626 957 56 75 40'
697 957 30 75 E
760 957 89 75 long,
868 957 61 75 and
942 957 41 75 41
983 939 26 49 0
1026 957 55 75 20'
1093 957 46 75 N.
1154 957 59 75 lat.

175 1002 266 75 BITTACLE,
451 1002 41 75 on
505 1002 196 75 (hip-board,
715 1002 18 75 a
745 1002 113 75 fquare
871 1002 67 75 box
947 1002 144 75 (landing
1103 1002 112 75 before

223 1050 67 75 him
301 1050 73 75 that
390 1050 95 75 (leers
502 1050 55 75 the
570 1050 78 75 (hip,
667 1050 78 75 with
758 1050 56 75 the
826 1050 141 75 compafs
981 1050 113 75 placed
1105 1050 108 75 there-

224 1097 45 75 in,
287 1097 35 75 to
338 1097 80 75 keep
436 1097 63 75 and
514 1097 100 75 diredt
633 1097 53 75 the
698 1097 65 75 (hip
780 1097 31 75 in
829 1097 59 75 her
900 1097 122 75 Courfe.

176 1144 199 75 BITTER,
402 1144 37 75 an
457 1144 121 75 epithet
604 1144 93 75 given
714 1144 34 75 to
766 1144 41 75 all
831 1144 112 75 bodies
961 1144 39 75 of
1013 1144 40 75 an
1070 1144 140 75 oppofite

224 1190 77 75 tafte
318 1190 34 75 to
365 1190 179 75 fweetnefs.
594 1190 65 75 For
678 1190 54 75 the
746 1190 133 75 medical
899 1190 118 75 virtues
1030 1190 40 75 of
1081 1190 127 75 bitters,

224 1239 50 75 fee
292 1239 191 75 Materia
502 1239 177 75 Medica.

176 1281 171 75 Bitter,
373 1281 18 75 a
407 1281 162 75 fea-term,
606 1281 168 75 (ignifying
804 1281 62 75 any
890 1281 74 75 turn
989 1281 40 75 of
1048 1281 56 75 the
1120 1281 91 75 cable

224 1330 97 75 about
339 1330 55 75 the
411 1330 76 75 bits,
513 1330 34 75 fo
563 1330 33 75 as
620 1330 71 75 that
708 1330 54 75 the
780 1330 90 75 cable
887 1330 73 75 may
977 1330 39 75 be
1032 1330 46 75 let
1094 1330 57 75 out
1168 1330 43 75 by

223 1377 84 75 little
320 1377 64 75 and
394 1377 97 75 little.
525 1377 79 75 And
615 1377 93 75 when
718 1377 19 75 a
753 1377 65 75 (hip
827 1377 26 75 is
871 1377 129 75 (lopped
1018 1377 43 75 by
1073 1377 19 75 a
1107 1377 104 75 cable,

224 1425 52 75 (he
293 1425 26 75 is
336 1425 74 75 faid.
419 1425 31 75 lo
462 1425 36 75 be
514 1425 134 75 brought
666 1425 41 75 up
723 1425 34 75 by
770 1425 22 75 a
808 1425 112 75 bitter.
963 1425 81 75 Alfo
1060 1425 71 75 that
1150 1425 62 75 end

224 1471 39 75 of
271 1471 55 75 the
339 1471 88 75 cable
440 1471 105 75 which
563 1471 27 75 is
605 1471 118 75 wound
740 1471 98 75 about
852 1471 56 75 the
920 1471 63 75 bits
1001 1471 26 75 is
1041 1471 103 75 called
1160 1471 53 75 the

225 1517 101 75 bitter
342 1517 64 75 end
419 1517 43 75 of
469 1517 52 75 the
539 1517 101 75 cable.

176 1562 310 75 Bitter-apple,
504 1562 32 75 in
553 1562 133 75 botany.
730 1562 61 75 See
804 1562 308 75 Colocynthis.

175 1610 292 75 Bitter-salt.
519 1610 62 75 See
598 1610 271 75 Epsom-salt.

174 1655 321 75 Bitter-sweet,
520 1655 32 75 in
571 1655 130 75 botany.
754 1655 61 75 See
834 1655 203 75 Solanum.

176 1702 351 75 Bitter-waters.
579 1702 61 75 See
659 1702 168 75 Water.

177 1749 45 75 BI
230 1749 22 75 T
259 1749 22 75 T
287 1749 17 75 E
313 1749 19 75 R
338 1749 9 75 -
353 1749 46 75 WI
408 1749 19 75 N
435 1749 17 75 e
460 1749 7 75 .
519 1749 61 75 See
596 1749 91 75 WIN
694 1749 17 75 E
720 1749 8 75 .

177 1798 235 75 BITTERN,
438 1798 32 75 in
483 1798 223 75 ornithology.
756 1798 61 75 See
836 1798 150 75 Ardea.

175 1844 198 75 Bittern,
397 1844 34 75 in
447 1844 56 75 the
527 1844 200 75 falt-works,
751 1844 56 75 the
823 1844 90 75 brine
936 1844 176 75 remaining
1128 1844 84 75 after

223 1891 56 75 the
294 1891 60 75 fait
377 1891 32 75 is
425 1891 194 75 concreted:
658 1891 86 75 This
769 1891 78 75 they
870 1891 85 75 ladle
979 1891 59 75 off,
1064 1891 72 75 that
1156 1891 56 75 the

223 1937 60 75 fait
299 1937 74 75 may
396 1937 40 75 be
452 1937 95 75 taken
564 1937 57 75 out
637 1937 42 75 of
697 1937 58 75 the
768 1937 73 75 pan,
868 1937 61 75 and
947 1937 189 75 afterwards
1154 1937 57 75 put

222 1985 31 75 in
271 1985 114 75 again;
411 1985 106 75 when,
543 1985 96 75 being
665 1985 123 75 farther
805 1985 119 75 boiled,
949 1985 26 75 it
1002 1985 104 75 yields
1122 1985 90 75 more

225 2030 71 75 fait.
348 2030 60 75 See
428 2030 117 75 Salt.

175 2076 245 75 BITUMEN,
444 2076 32 75 in
494 2076 123 75 natural
634 2076 133 75 hiftory.
818 2076 62 75 See
896 2076 266 75 Asphaltum.

175 2122 258 75 BIVALVES,
459 2122 19 75 a
497 2122 83 75 term
597 2122 178 75 fometimes
796 2122 78 75 ufed
898 2122 51 75 for
973 2122 76 75 fuch
1066 2122 92 75 (hells
1176 2122 34 75 as

224 2169 107 75 confid
351 2169 41 75 of
413 2169 67 75 two
496 2169 116 75 pieces.
662 2169 33 75 It
718 2169 27 75 is
762 2169 65 75 alfo
852 2169 40 75 an
909 2169 191 75 appellation
1117 2169 95 75 given

223 2217 36 75 to
281 2217 75 75 fuch
374 2217 93 75 pods,
493 2217 37 75 or
547 2217 157 75 capfules,,
725 2217 34 75 as
777 2217 109 75 confift
906 2217 40 75 of
957 2217 66 75 two
1039 2217 106 75 valves
1163 2217 48 75 in-

226 2263 115 75 clofing
358 2263 54 75 the
430 2263 100 75 (beds.

175 2309 267 75 BIVENTER,
467 2309 31 75 in
516 2309 162 75 anatomy,
697 2309 103 75 called
817 2309 64 75 aMb
898 2309 159 75 digaftric,
1076 2309 37 75 or
1129 2309 83 75 two-

225 2356 129 75 bellied,
373 2356 199 75 amufcleof
584 2356 55 75 the
651 2356 100 75 lower
762 2356 81 75 jaw.
876 2356 61 75 See
953 2356 34 75 p.
1008 2356 80 75 222.
1099 2356 61 75 col.
1182 2356 31 75 1.

177 2401 264 75 BIUMBRES,
459 2401 31 75 in
504 2401 197 75 geography,
713 2401 54 75 the
780 2401 84 75 fame
873 2401 79 75 with
964 2401 55 75 the
1031 2401 184 75 amphifcii.

227 2452 62 75 See
305 2452 62 75 Am
373 2452 63 75 phi
445 2452 59 75 sci
512 2452 27 75 1.

177 2496 132 75 BIXA,
334 2496 31 75 in
393 2496 132 75 botany,
551 2496 19 75 a
585 2496 98 75 genus
705 2496 41 75 of
764 2496 56 75 the
837 2496 189 75 polyandria
1041 2496 173 75 mongynia

226 2543 92 75 clafs.
357 2543 78 75 The
447 2543 122 75 corolla
585 2543 124 75 conlifts
722 2543 40 75 of
779 2543 40 75 10
832 2543 102 75 petals
946 2543 9 75 ;
983 2543 55 75 the
1055 2543 86 75 calix
1157 2543 56 75 has

226 2589 61 75 five
313 2589 89 75 teeth
414 2589 10 75 ;
460 2589 62 75 and
545 2589 57 75 the
637 2589 125 75 capfule
786 2589 26 75 is
840 2589 119 75 rough,
989 2589 62 75 and
1079 2589 134 75 double-

224 2636 126 75 valved.
398 2636 26 75 T
434 2636 76 75 here
526 2636 27 75 is
578 2636 57 75 but
651 2636 61 75 one
735 2636 130 75 fpecies,
887 2636 71 75 viz.
985 2636 55 75 the
1058 2636 155 75 orellana,

228 2683 18 75 a
262 2683 105 75 native
384 2683 41 75 of
431 2683 162 75 America.

180 2729 227 75 BIZARRO,
432 2729 33 75 in
482 2729 56 75 the
554 2729 115 75 Italian
681 2729 108 75 mufic,
806 2729 133 75 denotes
956 2729 19 75 a
987 2729 133 75 fanciful
1134 2729 79 75 kind

228 2776 40 75 of
279 2776 218 75 compofition,
514 2776 179 75 fometimes
707 2776 70 75 fad,
803 2776 91 75 flow,
908 2776 75 75 foft,
1009 2776 119 75 flrong,
1147 2776 65 75 <&c.

228 2820 171 75 according
416 2820 34 75 to
467 2820 56 75 the
539 2820 94 75 fancy
651 2820 40 75 of
702 2820 248 75 thecompofer.

179 2869 212 75 BIZOCHI,
417 2869 38 75 or
470 2869 45 75 Bi
526 2869 137 75 sochl,
687 2869 31 75 in
732 2869 268 75 church-hidory,
1018 2869 118 75 certain
1155 2869 55 75 he-

227 2914 110 75 retical
354 2914 125 75 monks,
504 2914 67 75 faid
587 2914 35 75 to
638 2914 81 75 have
731 2914 136 75 affumed
883 2914 55 75 the
955 2914 150 75 religious
1123 2914 91 75 habit

227 2961 149 75 contrary
400 2961 34 75 to
456 2961 55 75 the
539 2961 129 75 canons,
693 2961 138 75 rejected
847 2961 56 75 the
920 2961 203 75 facraments,
1149 2961 63 75 and

227 3008 193 75 maintained
430 3008 96 75 other
538 3008 119 75 errors.

179 3052 126 75 BIZU,
331 3052 18 75 a
365 3052 88 75 town
465 3052 39 75 of
515 3052 161 75 Barbary,
699 3052 33 75 in
744 3052 126 75 Africa,
896 3052 32 75 in
941 3052 55 75 the
1012 3052 154 75 kingdom
1177 3052 44 75 of

226 3106 184 75 Morocco-

1262 254 177 75 BLACK,
1465 254 18 75 a
1495 254 74 75 well
1585 254 118 75 known
1721 254 123 75 colour,
1869 254 153 75 fuppofed
2038 254 35 75 to
2084 254 41 75 be
2142 254 105 75 owing
2263 254 37 75 to

1311 299 55 75 the
1392 299 131 75 abfence
1540 299 40 75 of
1596 299 106 75 light;
1730 299 40 75 all
1797 299 56 75 the
1878 299 71 75 rays
1967 299 132 75 thereof
2122 299 93 75 being
2244 299 54 75 ab-

1311 347 114 75 forbed
1443 347 42 75 by
1497 347 55 75 the
1570 347 94 75 black
1680 347 125 75 bodies.
1856 347 62 75 See
1934 347 148 75 Optics

1261 394 149 75 Black,
1436 394 116 75 among
1568 394 108 75 dyers,
1702 394 60 75 one
1774 394 41 75 of
1826 394 55 75 the
1896 394 61 75 five
1974 394 107 75 fimple
2094 394 60 75 and
2173 394 127 75 mother

1309 440 126 75 colours
1462 440 76 75 ufed
1564 440 32 75 in
1621 440 112 75 dying.
1795 440 32 75 It
1850 440 27 75 is
1897 440 93 75 made
2018 440 199 75 differently,
2243 440 53 75 ac-

1310 486 133 75 cording
1456 486 34 75 to
1507 486 55 75 the
1579 486 120 75 feveral
1716 486 149 75 qualities
1878 486 40 75 of
1929 486 55 75 the
2002 486 88 75 duffs
2108 486 70 75 that
2196 486 52 75 are
2265 486 36 75 to

1310 533 38 75 be
1365 533 98 75 dyed.
1513 533 67 75 For
1595 533 90 75 duffs
1702 533 40 75 of
1765 533 18 75 a
1800 533 79 75 high
1895 533 100 75 price,
2021 533 32 75 as
2071 533 121 75 woolen
2211 533 89 75 cloth

1307 580 38 75 an
1359 580 42 75 ell
1430 580 62 75 and
1510 580 19 75 a
1544 580 74 75 half
1629 580 38 75 or
1684 580 38 75 an
1740 580 41 75 ell
1800 580 63 75 and
1891 580 18 75 a
1925 580 132 75 quarter
2074 580 94 75 wide,
2199 580 101 75 broad

1308 627 62 75 and
1387 627 127 75 narrow
1537 627 135 75 rattens,
1697 627 62 75 fine
1782 627 137 75 woollen
1937 627 168 75 druggets,
2220 627 81 75 they

1310 673 80 75 mud
1407 673 52 75 ufe
1477 673 19 75 a
1511 673 95 75 black
1635 673 92 75 made
1751 673 41 75 of
1816 673 55 75 the
1887 673 65 75 bed
1971 673 91 75 woad
2091 673 62 75 and
2176 673 123 75 indigo,

1309 720 153 75 inclining
1487 720 34 75 to
1546 720 18 75 a
1589 720 99 75 bluilh
1714 720 124 75 brown.
1895 720 77 75 The
2000 720 156 75 goodntfs
2180 720 40 75 of
2244 720 55 75 the

1308 768 205 75 compofition
1527 768 124 75 confids
1664 768 32 75 in
1712 768 92 75 there
1821 768 95 75 being
1933 768 55 75 not
2007 768 100 75 above
2119 768 46 75 fix
2174 768 126 75 pounds

1310 814 39 75 of
1368 814 110 75 indigo
1495 814 97 75 ready
1614 814 155 75 prepared
1785 814 35 75 to
1846 814 78 75 each
1943 814 64 75 ball
2025 814 40 75 of
2075 814 105 75 woad,
2208 814 93 75 when

1311 861 55 75 the
1393 861 110 75 latter,
1528 861 94 75 being
1651 861 32 75 in
1702 861 55 75 the
1781 861 72 75 tub,
1877 861 111 75 begins
2012 861 35 75 to
2074 861 63 75 cad
2154 861 40 75 its
2224 861 76 75 blue

1310 908 130 75 flower;
1466 908 63 75 and
1545 908 31 75 in
1594 908 55 75 not
1667 908 94 75 being
1784 908 117 75 heated
1917 908 52 75 for
1986 908 54 75 ufe
2056 908 104 75 above'
2181 908 116 75 twice;

1310 954 83 75 after
1422 954 103 75 which
1542 954 27 75 it
1591 954 80 75 mud
1700 954 38 75 be
1756 954 109 75 boiled
1891 954 78 75 with
1996 954 99 75 alum,
2121 954 114 75 tartar,
2260 954 39 75 or

1311 1001 85 75 allies
1418 1001 39 75 of
1479 1001 66 75 lees
1570 1001 40 75 of
1630 1001 95 75 wine,
1757 1001 76 75 then
1859 1001 174 75 maddered
2050 1001 76 75 with
2151 1001 150 75 common

1309 1047 145 75 madder,
1480 1047 63 75 and
1558 1047 94 75 ladly
1665 1047 57 75 the
1739 1047 91 75 black
1849 1047 79 75 mull
1946 1047 39 75 be
2011 1047 92 75 given
2122 1047 78 75 with
2218 1047 81 75 gall-

1309 1094 72 75 nuts
1399 1094 40 75 of
1449 1094 140 75 Aleppo,
1616 1094 163 75 copperas,
1807 1094 62 75 and
1885 1094 141 75 fumach.
2076 1094 48 75 As
2143 1094 51 75 for
2212 1094 89 75 more

1308 1141 183 75 indifferent
1509 1141 102 75 fluffs,
1635 1141 77 75 fuch
1730 1141 32 75 as
1785 1141 88 75 fmall
1890 1141 137 75 rattens,
2050 1141 60 75 and
2129 1141 172 75 (iialloons,

1309 1188 33 75 as
1360 1188 76 75 they
1456 1188 116 75 cannot
1589 1188 60 75 pay
1666 1188 53 75 for
1735 1188 55 75 the
1806 1188 144 75 expence
1961 1188 42 75 of
2013 1188 187 75 maddering
2230 1188 25 75 it
2273 1188 26 75 is

1308 1234 154 75 fufficient
1474 1234 70 75 that
1556 1234 77 75 they
1647 1234 39 75 be
1699 1234 72 75 well
1789 1234 110 75 boiled
1912 1234 77 75 with
2003 1234 104 75 woad,
2126 1234 61 75 and
2199 1234 100 75 after-

1307 1281 107 75 wards
1430 1281 138 75 blacked
1580 1281 78 75 with
1677 1281 63 75 gall
1760 1281 60 75 and
1838 1281 166 75 copperas.
2045 1281 113 75 There
2175 1281 26 75 is
2218 1281 81 75 like-

1308 1328 74 75 wife
1390 1328 112 75 jefuits
1521 1328 108 75 black,
1646 1328 105 75 which
1769 1328 27 75 is
1813 1328 93 75 made
1924 1328 77 75 with
2020 1328 56 75 the
2092 1328 83 75 fame
2192 1328 107 75 ingre-

1307 1374 104 75 dients
1429 1374 33 75 as
1476 1374 55 75 the
1540 1374 87 75 good
1639 1374 107 75 black,
1762 1374 60 75 but
1839 1374 136 75 without
1998 1374 117 75 having
2132 1374 65 75 firft
2213 1374 86 75 dyed

1309 1421 54 75 the
1382 1421 78 75 fluff
1472 1421 87 75 blue.

1261 1468 145 75 German
1418 1468 148 75 Black,
1584 1468 102 75 called
1697 1468 45 75 by
1754 1468 86 75 fome
1850 1468 178 75 Frankfort
2040 1468 107 75 black,
2165 1468 27 75 is
2205 1468 96 75 made

1308 1514 78 75 with
1404 1514 56 75 the
1489 1514 63 75 lees
1576 1514 39 75 of
1636 1514 95 75 wine,
1759 1514 107 75 burnt,
1897 1514 124 75 wafhed
2050 1514 187 75 afterwards
2266 1514 32 75 in

1308 1561 111 75 water,
1438 1561 75 75 then
1527 1561 124 75 ground
1665 1561 31 75 in
1710 1561 83 75 mills
1806 1561 92 75 made
1909 1561 51 75 for
1972 1561 70 75 that
2056 1561 145 75 purpofe,
2220 1561 79 75 with

1307 1607 105 75 ivory,
1438 1607 111 75 bones,
1576 1607 37 75 or
1637 1607 232 75 peach-flones,
1895 1607 65 75 alfo
1983 1607 108 75 burnt.
2142 1607 31 75 It
2190 1607 108 75 comes

1308 1655 86 75 from
1418 1655 185 75 Frankfort,
1638 1655 131 75 Mentz,
1806 1655 63 75 and
1898 1655 202 75 Stralbourg,
2132 1655 105 75 either
2264 1655 34 75 in

1307 1702 105 75 lumps
1429 1702 36 75 or
1488 1702 144 75 powder,
1658 1702 62 75 and
1736 1702 79 75 muft
1842 1702 40 75 be
1899 1702 115 75 chofen
2031 1702 103 75 moifl,
2163 1702 135 75 without

1307 1748 118 75 having
1441 1748 81 75 been
1538 1748 133 75 wetted,
1697 1748 40 75 of
1749 1748 19 75 a
1789 1748 62 75 fine
1867 1748 122 75 (hining
2005 1748 107 75 black,
2135 1748 77 75 foft,
2238 1748 59 75 fri-

1308 1795 82 75 able,
1408 1795 96 75 light,
1522 1795 63 75 and
1597 1795 79 75 with
1693 1795 33 75 as
1744 1795 64 75 few
1823 1795 122 75 (hining
1961 1795 108 75 grains
2087 1795 33 75 as
2138 1795 140 75 pofiible.

1262 1840 92 75 Ivory
1373 1840 147 75 Black,
1556 1840 169 75 otherwife
1753 1840 103 75 called
1880 1840 106 75 velvet
2014 1840 106 75 black,
2146 1840 26 75 is
2201 1840 98 75 burnt

1307 1887 105 75 ivory,
1437 1887 106 75 which
1561 1887 168 75 becoming
1745 1887 90 75 quite
1848 1887 106 75 black,
1972 1887 62 75 and
2051 1887 95 75 being
2161 1887 137 75 reduced

1307 1934 35 75 to
1359 1934 70 75 thin
1446 1934 114 75 plates,
1586 1934 27 75 is
1631 1934 125 75 ground
1772 1934 31 75 in
1823 1934 110 75 water,
1959 1934 62 75 and
2038 1934 93 75 made
2148 1934 68 75 into
2227 1934 69 75 tro-

1308 1980 88 75 ches,
1422 1980 35 75 to
1474 1980 40 75 be
1531 1980 75 75 ufed
1634 1980 43 75 by
1696 1980 150 75 painters,
1872 1980 62 75 and
1959 1980 43 75 by
2021 1980 178 75 jewellers,
2222 1980 77 75 who

1306 2027 47 75 fet
1376 2027 144 75 precious
1537 2027 116 75 ftones,
1678 2027 36 75 to
1730 2027 134 75 blacken
1881 2027 54 75 the
1957 2027 125 75 ground
2103 2027 41 75 of
2156 2027 55 75 the
2228 2027 67 75 col-

1307 2073 73 75 lets,
1406 2073 62 75 and
1484 2073 71 75 give
1573 2073 55 75 the
1644 2073 168 75 diamonds
1829 2073 19 75 a
1864 2073 82 75 teint
1970 2073 37 75 or
2024 2073 71 75 foil.
2145 2073 38 75 In
2201 2073 96 75 order

1307 2121 35 75 to
1358 2121 40 75 be
1421 2121 98 75 good,
1544 2121 26 75 it
1594 2121 101 75 ought
1718 2121 36 75 to
1770 2121 40 75 be
1838 2121 125 75 tender,
1989 2121 128 75 friable,
2143 2121 63 75 and
2222 2121 75 75 tho-

1309 2167 137 75 roughly
1462 2167 138 75 ground.

1261 2215 237 75 .ZLws-Black
1518 2215 27 75 is
1562 2215 92 75 made
1666 2215 77 75 with
1761 2215 56 75 the
1834 2215 99 75 bones
1946 2215 43 75 of
1997 2215 98 75 oxen,
2113 2215 98 75 cows,
2230 2215 66 75 &c.

1308 2261 61 75 and
1386 2261 26 75 is
1432 2261 74 75 ufed
1518 2261 30 75 in
1561 2261 165 75 painting;
1752 2261 58 75 but
1822 2261 26 75 is
1861 2261 57 75 not
1935 2261 34 75 fo
1981 2261 95 75 much
2094 2261 155 75 efteemed
2262 2261 33 75 as

1308 2308 93 75 ivory
1417 2308 96 75 black'
1513 2308 10 75 .

1359 2355 189 75 ’/-Black,
1573 2355 72 75 that
1670 2355 105 75 which
1798 2355 135 75 remains
1959 2355 31 75 in
2008 2355 55 75 the
2091 2355 104 75 retort
2211 2355 89 75 after

1309 2402 55 75 the
1380 2402 120 75 fpirits,
1526 2402 130 75 volatile
1673 2402 71 75 fait,
1770 2402 62 75 and
1845 2402 57 75 oil,
1933 2402 81 75 have
2030 2402 82 75 been
2128 2402 169 75 extrafted

1308 2448 83 75 from
1408 2448 215 75 hart’s-horn.
1672 2448 31 75 It
1721 2448 135 75 anfwers
1869 2448 55 75 the
1940 2448 152 75 purpofes
2104 2448 40 75 of
2155 2448 140 75 painters

1309 2494 112 75 almoft
1433 2494 32 75 as
1482 2494 74 75 well
1574 2494 33 75 as
1623 2494 216 75 ivory-black.

1262 2541 140 75 Spanijb
1415 2541 131 75 Black,
1566 2541 25 75 is
1610 2541 134 75 nothing
1761 2541 56 75 but
1834 2541 96 75 burnt
1942 2541 79 75 cork
2033 2541 9 75 :
2070 2541 32 75 It
2118 2541 27 75 is
2163 2541 75 75 ufed
2255 2541 32 75 in

1307 2588 117 75 feveral
1445 2588 120 75 works.
1614 2588 32 75 It
1671 2588 109 75 (hould
1798 2588 40 75 be
1862 2588 96 75 light,
1985 2588 62 75 and
2074 2588 80 75 have
2171 2588 34 75 as
2232 2588 64 75 few

1308 2634 105 75 grains
1426 2634 40 75 of
1477 2634 76 75 fand
1568 2634 112 75 mixed
1696 2634 78 75 with
1792 2634 26 75 it
1835 2634 34 75 as
1887 2634 143 75 poflible.

1261 2682 267 75 Liimp-BLACK,
1553 2682 38 75 or
1611 2682 244 75 Liw-Black,
1881 2682 55 75 the
1952 2682 94 75 footy
2063 2682 107 75 fmoke
2191 2682 40 75 of
2241 2682 54 75 ro-

1306 2727 56 75 fin.
1397 2727 114 75 There
1526 2727 27 75 is
1570 2727 86 75 fome
1672 2727 33 75 in
1720 2727 132 75 powder
1868 2727 60 75 and
1946 2727 85 75 fome
2047 2727 32 75 in
2097 2727 115 75 lumps,
2231 2727 64 75 and

1307 2774 26 75 is
1349 2774 113 75 moftly
1474 2774 140 75 brought
1630 2774 85 75 from
1729 2774 136 75 Sweden
1883 2774 64 75 and
1963 2774 157 75 Norway,
2139 2774 60 75 and
2218 2774 76 75 pays

1307 2821 80 75 duty
1408 2821 48 75 11.
1476 2821 74 75 10s.
1571 2821 129 75 q-i^d.
1718 2821 55 75 the
1790 2821 146 75 hundred
1949 2821 131 75 weight.
2130 2821 32 75 It
2178 2821 27 75 is
2219 2821 78 75 ufed

1308 2868 41 75 on
1364 2868 128 75 various
1508 2868 171 75 occafions,
1705 2868 206 75 particularly
1920 2868 51 75 for
1987 2868 130 75 making
2128 2868 55 75 the
2192 2868 101 75 print-

1307 2914 62 75 er’s
1386 2914 67 75 ink,
1480 2914 51 75 for
1547 2914 106 75 which
1665 2914 133 75 purpofe
1814 2914 25 75 it
1852 2914 25 75 is
1895 2914 111 75 mixed
2017 2914 79 75 with
2114 2914 41 75 oil
2170 2914 39 75 of
2217 2914 76 75 wal-

1308 2961 84 75 nuts,
1418 2961 37 75 or
1473 2961 131 75 linfeed,
1638 2961 61 75 and
1712 2961 193 75 turpentine,
1924 2961 41 75 all
1984 2961 106 75 boiled
2107 2961 161 75 together.

1260 3008 273 75 Earth-BLACK,
1559 3008 18 75 a
1604 3008 66 75 fort
1701 3008 40 75 of
1768 3008 89 75 coals
1882 3008 101 75 found
2011 3008 32 75 in
2071 3008 56 75 the
2154 3008 149 75 ground,,

1307 3053 78 75 with
1404 3053 106 75 which
1535 3053 55 75 the
1618 3053 141 75 painters
1782 3053 64 75 and
1867 3053 131 75 limners
2015 3053 53 75 ufe
2093 3053 35 75 to
2144 3053 90 75 paint
2259 3053 45 75 in.

1307 3101 115 75 ffefco,
1440 3101 84 75 after
1538 3101 27 75 it
1580 3101 57 75 has
1657 3101 81 75 been
1758 3101 73 75 well
1851 3101 139 75 ground.

2179 3146 123 75 There.
