2428 3377
114 167 102 75 Part
244 167 33 75 I.

681 167 357 75 ANA

111 232 57 75 the
186 232 97 75 wrift,
301 232 19 75 a
335 232 118 75 double
470 232 136 75 concave
620 232 163 75 moveable
800 232 149 75 cartilage
961 232 26 75 is
999 232 141 75 interpo-

112 278 75 75 fed;
213 278 107 75 which
335 278 28 75 is
380 278 18 75 a
414 278 218 75 continuation
648 278 40 75 of
706 278 55 75 the
774 278 151 75 cartilage
942 278 71 75 that
1029 278 110 75 covers

111 325 55 75 the
181 325 102 75 lower
299 325 63 75 end
376 325 41 75 of
427 325 55 75 the
499 325 119 75 radius,
643 325 62 75 and
721 325 28 75 is
773 325 172 75 connedted
960 325 122 75 loofely
1105 325 35 75 to

110 371 56 75 the
190 371 73 75 root
285 371 40 75 of
344 371 56 75 the
417 371 114 75 ftyloid
546 371 139 75 procefs,
711 371 62 75 and
789 371 35 75 to
840 371 56 75 the
916 371 102 75 rough
1035 371 106 75 cavity

111 416 103 75 there,
242 416 33 75 in
291 416 107 75 which
418 416 229 75 mucilaginous
665 416 112 75 glands
803 416 53 75 are
878 416 131 75 lodged.

155 463 76 75 The
247 463 75 75 ulna
342 463 27 75 is
387 463 189 75 articulated
592 463 99 75 above
709 463 78 75 with
811 463 55 75 the
894 463 100 75 lower
1018 463 61 75 end
1105 463 40 75 of

109 509 55 75 the
181 509 38 75 os
236 509 136 75 humeri,
398 509 108 75 where
528 509 87 75 thefe
640 509 98 75 bones
763 509 81 75 have
871 509 189 75 depreffions
1077 509 63 75 and

108 555 247 75 protuberances
372 555 246 75 correfppnding
634 555 35 75 to
685 555 77 75 each
781 555 106 75 other,
912 555 34 75 fo
969 555 33 75 as
1032 555 34 75 to
1092 555 45 75 al-

108 601 65 75 low
189 601 39 75 an
245 601 73 75 eafy
335 601 63 75 and
420 601 107 75 fecure
543 601 163 75 extenfion
729 601 40 75 of
789 601 55 75 the
860 601 155 75 fore-arm
1032 601 35 75 to
1091 601 46 75 al-

108 647 79 75 moft
204 647 19 75 a
241 647 131 75 flreight
387 647 64 75 line
466 647 80 75 with
563 647 55 75 the
634 647 80 75 arm,
739 647 63 75 and
817 647 124 75 fledtion
958 647 35 75 to
1018 647 19 75 a
1060 647 78 75 very

107 694 91 75 acute
218 694 114 75 angle;
360 694 69 75 but,
454 694 43 75 by
514 694 56 75 the
586 694 134 75 llanting
737 694 133 75 pofition
888 694 42 75 of
949 694 56 75 the
1033 694 102 75 pully,

107 739 55 75 the
179 739 99 75 lower
294 739 74 75 part
388 739 39 75 of
438 739 55 75 the
510 739 154 75 fore-arm
680 739 26 75 is
723 739 114 75 turned
854 739 161 75 outwards
1032 739 33 75 in
1081 739 55 75 the

107 786 175 75 extenfion,
309 786 62 75 and
385 786 138 75 inwards
540 786 32 75 in
589 786 55 75 the
667 786 124 75 flection
803 786 10 75 ;
840 786 63 75 and
919 786 18 75 a
953 786 77 75 very
1046 786 89 75 fmall

106 832 79 75 kind
197 832 39 75 of
248 832 139 75 rotation
403 832 26 75 is
445 832 138 75 likewife
601 832 135 75 allowed
752 832 31 75 in
801 832 41 75 all
860 832 163 75 pofitions,
1048 832 86 75 efpe-

107 878 96 75 cially
219 878 93 75 when
332 878 55 75 the
405 878 167 75 ligaments
591 878 53 75 are
663 878 78 75 moft
761 878 133 75 relaxed
911 878 43 75 by
975 878 55 75 the
1047 878 87 75 fore-

106 925 67 75 arm
190 925 94 75 being
299 925 32 75 in
349 925 18 75 a
382 925 119 75 middle
528 925 116 75 degree
669 925 41 75 of
723 925 136 75 fledtion.
957 925 75 75 The
1059 925 75 75 ulna

105 970 26 75 is
148 970 65 75 alfo
230 970 190 75 articulated
435 970 79 75 with
531 970 54 75 the
598 970 106 75 radius
722 970 62 75 and
804 970 126 75 carpus,
955 970 33 75 in
1004 970 18 75 a
1045 970 88 75 man-

105 1016 57 75 ner
178 1016 34 75 to
232 1016 40 75 be
292 1016 121 75 related
429 1016 201 75 afterwards.

152 1063 166 75 Radius,
336 1063 34 75 fo
387 1063 104 75 called
506 1063 85 75 from
602 1063 42 75 its
661 1063 159 75 imagined
837 1063 214 75 refemblance
1068 1063 36 75 to
1115 1063 18 75 a

106 1110 96 75 fpoke
218 1110 40 75 of
270 1110 18 75 a
304 1110 114 75 wheel,
444 1110 26 75 is
489 1110 53 75 the
558 1110 82 75 bone
653 1110 112 75 placed
783 1110 32 75 at
832 1110 56 75 the
904 1110 96 75 infide
1020 1110 41 75 of
1075 1110 56 75 the

103 1156 165 75 fore-arm.
331 1156 47 75 Its
395 1156 99 75 upper
510 1156 63 75 end
590 1156 25 75 is
633 1156 125 75 formed
775 1156 67 75 into
860 1156 18 75 a
894 1156 136 75 circular
1046 1156 84 75 little

103 1201 95 75 head,
223 1201 106 75 which
345 1201 26 75 is
384 1201 162 75 hollowed
562 1201 50 75 for
630 1201 38 75 an
693 1201 199 75 articulation
909 1201 78 75 with
1004 1201 55 75 the
1076 1201 52 75 tu-

102 1248 105 75 bercle
224 1248 32 75 at
274 1248 54 75 the
345 1248 62 75 fide
424 1248 40 75 of
474 1248 55 75 the
545 1248 90 75 pully
650 1248 39 75 of
702 1248 54 75 the
773 1248 35 75 os
825 1248 147 75 humeri;
999 1248 63 75 and
1073 1248 55 75 the

101 1294 74 75 half
186 1294 41 75 of
244 1294 56 75 the
316 1294 102 75 round
435 1294 246 75 circumference
697 1294 39 75 of
748 1294 56 75 the
826 1294 84 75 head
925 1294 81 75 next
1022 1294 33 75 to
1073 1294 55 75 the

101 1340 75 75 ulna
191 1340 26 75 is
235 1340 137 75 fmooth,
398 1340 63 75 and
477 1340 136 75 covered
636 1340 79 75 with
743 1340 20 75 a
789 1340 164 75 cartilage,
978 1340 32 75 in
1033 1340 95 75 order

101 1386 35 75 to
152 1386 40 75 be
209 1386 144 75 received
368 1386 68 75 into
452 1386 55 75 the
534 1386 206 75 feinilunated
762 1386 105 75 cavity
891 1386 39 75 of
944 1386 71 75 that
1031 1386 95 75 bone.

196 1432 114 75 Below
326 1432 54 75 the
398 1432 95 75 head,
511 1432 55 75 the
579 1432 106 75 radius
701 1432 25 75 is
745 1432 94 75 much
855 1432 146 75 fmaller;
1021 1432 105 75 there-

101 1478 70 75 fore
187 1478 63 75 this
268 1478 71 75 part
360 1478 26 75 is
404 1478 114 75 named
534 1478 41 75 its
601 1478 122 75 cervix,
748 1478 106 75 which
871 1478 26 75 is
914 1478 92 75 made
1023 1478 104 75 round

100 1524 45 75 by
160 1524 56 75 the
239 1524 103 75 aftion
365 1524 40 75 of
422 1524 55 75 the
505 1524 161 75 fupinator
685 1524 80 75 radii
793 1524 117 75 brevis.
1006 1524 48 75 At
1070 1524 56 75 the

99 1570 146 75 external
261 1570 73 75 root
351 1570 40 75 of
403 1570 62 75 this
483 1570 92 75 neck,
602 1570 19 75 a
636 1570 152 75 tuberous
805 1570 125 75 procefs
948 1570 75 75 rifes
1041 1570 9 75 ;
1075 1570 48 75 in-

99 1616 35 75 to
153 1616 56 75 the
227 1616 90 75 outer
335 1616 71 75 part
423 1616 40 75 of
481 1616 106 75 which
604 1616 55 75 the
675 1616 107 75 biceps
799 1616 103 75 flexor
919 1616 98 75 cubiti
1033 1616 26 75 is
1076 1616 48 75 in-

98 1664 115 75 ferted.
309 1664 99 75 From
432 1664 63 75 this
513 1664 19 75 a
548 1664 90 75 ridge
666 1664 75 75 runs
766 1664 199 75 downwards
990 1664 61 75 and
1074 1664 49 75 in-

97 1709 116 75 wards,
238 1709 108 75 where
367 1709 56 75 the
439 1709 160 75 fupinator
615 1709 80 75 radii
712 1709 104 75 brevis
833 1709 27 75 is
876 1709 158 75 inferted;
1062 1709 62 75 and

98 1753 17 75 a
130 1753 84 75 little
229 1753 118 75 below,
373 1753 62 75 and
451 1753 119 75 behind
587 1753 63 75 this
679 1753 102 75 ridge,
805 1753 91 75 there
925 1753 25 75 is
976 1753 19 75 a
1022 1753 101 75 rough

96 1802 148 75 fcabrous
279 1802 137 75 furface,
457 1802 106 75 where
595 1802 56 75 the
682 1802 153 75 pronator
867 1802 80 75 radii
979 1802 83 75 teres
1095 1802 27 75 is

95 1846 100 75 fixed.

141 1894 76 75 The
233 1894 88 75 body
335 1894 41 75 of
387 1894 54 75 the
458 1894 105 75 radius
580 1894 27 75 is
624 1894 57 75 not
695 1894 144 75 ftreight,
863 1894 59 75 but
938 1894 125 75 convex
1079 1894 41 75 on

93 1939 41 75 its
150 1939 137 75 internal
304 1939 63 75 and
382 1939 153 75 pofterior
551 1939 156 75 furfaces;
733 1939 108 75 where
862 1939 26 75 it
903 1939 27 75 is
948 1939 64 75 alfo
1030 1939 91 75 made

93 1986 103 75 round
210 1986 45 75 by
270 1986 55 75 the
341 1986 95 75 equal
448 1986 137 75 preffure
601 1986 39 75 of
652 1986 55 75 the
724 1986 226 75 circumjacent
965 1986 154 75 mufcles,

92 2032 207 75 particularly
314 2032 39 75 of
373 2032 55 75 the
444 2032 164 75 extenfors
624 2032 40 75 of
675 2032 55 75 the
746 2032 114 75 thumb
871 2032 10 75 ;
907 2032 57 75 but
981 2032 55 75 the
1052 2032 66 75 fur-

91 2078 85 75 faces
194 2078 77 75 next
291 2078 34 75 to
341 2078 56 75 the
413 2078 75 75 ulna
504 2078 53 75 are
573 2078 113 75 flatted
701 2078 62 75 and
778 2078 115 75 rough,
917 2078 51 75 for
984 2078 55 75 the
1055 2078 63 75 ori-

90 2123 55 75 gin
162 2123 39 75 of
212 2123 55 75 the
284 2123 132 75 mufcles
437 2123 40 75 of
487 2123 55 75 the
558 2123 85 75 hand
655 2123 11 75 ;
693 2123 61 75 and
771 2123 79 75 both
868 2123 167 75 terminate
1051 2123 31 75 in
1100 2123 18 75 a

91 2169 146 75 common
254 2169 88 75 fharp
358 2169 99 75 fpine,
483 2169 35 75 to
542 2169 105 75 which
677 2169 55 75 the
756 2169 105 75 Itrong
883 2169 151 75 ligament
1058 2169 57 75 ex-

90 2215 118 75 tended
226 2215 137 75 betwixt
380 2215 54 75 the
450 2215 66 75 two
533 2215 98 75 bones
654 2215 39 75 of
712 2215 56 75 the
785 2215 154 75 fore-arm
963 2215 26 75 is
1014 2215 100 75 fixed.

88 2262 34 75 A
142 2262 85 75 little
247 2262 103 75 below
366 2262 55 75 the
438 2262 170 75 beginning
623 2262 41 75 of
675 2262 55 75 the
747 2262 84 75 plain
855 2262 134 75 furface,
1014 2262 41 75 on
1072 2262 41 75 its

88 2308 172 75 fore-part,
286 2308 106 75 where
409 2308 55 75 the
480 2308 105 75 flexor
612 2308 117 75 rnufcle
756 2308 41 75 of
808 2308 55 75 the
885 2308 57 75 laft
966 2308 86 75 joint
1080 2308 40 75 of

88 2354 54 75 the
158 2354 113 75 thumb
289 2354 89 75 takes
393 2354 41 75 its
452 2354 115 75 origin,
593 2354 55 75 the
665 2354 121 75 paflage
805 2354 40 75 of
864 2354 55 75 the
936 2354 178 75 medullary

87 2400 108 75 veffels
211 2400 27 75 is
256 2400 70 75 feen
345 2400 133 75 flanting
493 2400 160 75 upwards.
748 2400 77 75 The
843 2400 107 75 radius
967 2400 147 75 becomes

87 2447 136 75 broader
239 2447 61 75 and
318 2447 105 75 flatter
444 2447 140 75 towards
601 2447 55 75 the
673 2447 100 75 lower
790 2447 74 75 end,
890 2447 166 75 efpecialiy
1072 2447 42 75 on

86 2490 42 75 its
145 2490 170 75 fore-part,
340 2490 106 75 where
461 2490 42 75 its
520 2490 152 75 pronator
689 2490 175 75 quadratus
881 2490 118 75 mufcle
1020 2490 28 75 is
1076 2490 38 75 fi-

87 2537 120 75 tuated.

131 2583 76 75 The
224 2583 98 75 lower
339 2583 60 75 end
418 2583 38 75 of
467 2583 55 75 the
539 2583 106 75 radius
664 2583 25 75 is
712 2583 105 75 larger
837 2583 77 75 than
941 2583 55 75 the
1021 2583 90 75 fupe-

85 2627 65 75 rior
164 2627 10 75 ;
200 2627 123 75 though
349 2627 57 75 not
430 2627 32 75 in
481 2627 75 75 fuch
585 2627 18 75 a
629 2627 233 75 difproportion
884 2627 34 75 as
934 2627 55 75 the
1011 2627 100 75 upper

83 2674 61 75 end
160 2674 41 75 of
212 2674 53 75 the
278 2674 74 75 ulna
363 2674 26 75 is
401 2674 104 75 larger
522 2674 76 75 than
612 2674 41 75 its
669 2674 99 75 lower
781 2674 74 75 end.
949 2674 50 75 Its
1011 2674 98 75 back-

83 2720 72 75 part
171 2720 57 75 has
252 2720 18 75 a
293 2720 56 75 flat
371 2720 104 75 ftrong
491 2720 89 75 ridge
596 2720 31 75 in
644 2720 55 75 the
721 2720 132 75 middle,
878 2720 63 75 and
956 2720 85 75 folfe
1066 2720 41 75 on

82 2766 78 75 each
176 2766 75 75 fide.
347 2766 39 75 In
403 2766 18 75 a
436 2766 89 75 fmall
542 2766 117 75 groove
675 2766 216 75 immediately
906 2766 40 75 on
964 2766 54 75 the
1035 2766 73 75 out-

82 2813 63 75 fide
162 2813 40 75 of
214 2813 65 75 the^
292 2813 101 75 ridge,
410 2813 57 75 the
480 2813 118 75 tendon
615 2813 40 75 of
667 2813 55 75 the
738 2813 148 75 extenfor
903 2813 87 75 tertii
1006 2813 99 75 inter-

82 2858 85 75 nodii
184 2858 124 75 pollicis
321 2858 190 75 plays.In
528 2858 18 75 a
557 2858 77 75 large
660 2858 60 75 one
732 2858 129 75 beyond
871 2858 78 75 this,
965 2858 54 75 the
1036 2858 69 75 ten-

81 2903 79 75 dons
178 2903 40 75 of
229 2903 54 75 the
299 2903 156 75 indicator
471 2903 61 75 and
548 2903 39 75 of
599 2903 55 75 the
679 2903 145 75 common
846 2903 151 75 extenfor
1022 2903 82 75 rhuf-

80 2951 63 75 cles
161 2951 40 75 of
212 2951 54 75 the
283 2951 115 75 fingers
415 2951 332 75 pafs.Contiguous
774 2951 35 75 to
832 2951 54 75 the
902 2951 86 75 ulna,
1014 2951 105 75 there,

78 2997 27 75 is
122 2997 18 75 a
158 2997 91 75 fmall
264 2997 172 75 deprefiion
451 2997 92 75 made
561 2997 41 75 by
617 2997 57 75 the
696 2997 148 75 extenfor
860 2997 121 75 minimi
997 2997 105 75 digiti.

1156 166 31 75 T
1303 166 40 75 O
1458 166 49 75 M
1620 166 53 75 Y.

2140 166 51 75 i7
2191 198 29 49 9

1190 229 102 75 On
1308 229 57 75 the
1381 229 120 75 outfide
1517 229 40 75 of
1563 229 56 75 the
1635 229 90 75 ridge
1742 229 90 75 there
1847 229 26 75 is
1891 229 19 75 a
1925 229 102 75 broad
2037 229 186 75 depreffion*

1190 276 105 75 which
1311 276 98 75 feems
1426 276 92 75 again
1534 276 199 75 fubdivided,
1757 276 107 75 where
1880 276 55 75 the
1952 276 66 75 two
2035 276 134 75 tendons
2187 276 43 75 of

1190 322 55 75 the
1263 322 148 75 bicornis,
1429 322 37 75 or
1479 322 149 75 extenfor
1640 322 85 75 carpi
1739 322 138 75 radialis,
1896 322 53 75 are
1964 322 261 75 lodged.The

1190 367 134 75 internal
1340 367 63 75 fide
1419 367 41 75 of
1471 367 64 75 this
1554 367 64 75 end
1633 367 41 75 of
1685 367 55 75 the
1752 367 105 75 radius
1873 367 27 75 is
1917 367 65 75 alfo
1998 367 163 75 hollowed
2177 367 46 75 by

1190 413 55 75 the
1261 413 165 75 extenfors
1444 413 39 75 of
1494 413 56 75 the
1566 413 38 75 fir
1607 413 24 75 ft
1648 413 63 75 and
1726 413 115 75 fecond
1853 413 86 75 joint
1954 413 40 75 of
2011 413 54 75 the
2082 413 113 75 thumb
2209 413 12 75 ;

1189 460 218 75 immediately
1423 460 101 75 above
1540 460 119 75 which,
1685 460 19 75 a
1727 460 84 75 little
1839 460 103 75 rough
1969 460 124 75 furface
2118 460 104 75 fhews

1191 506 105 75 where
1314 506 55 75 the
1385 506 27 75 1'
1412 506 135 75 upinator
1563 506 80 75 radii
1659 506 113 75 longus
1785 506 26 75 is
1824 506 274 75 inferted.The
2111 506 107 75 ridges

1191 551 32 75 at
1240 551 56 75 the
1312 551 79 75 fides
1409 551 39 75 of
1460 551 55 75 the
1532 551 148 75 grooves,
1705 551 31 75 in
1761 551 106 75 which
1896 551 55 75 the
1979 551 134 75 tendons
2131 551 86 75 play,

1188 598 81 75 have
1285 598 39 75 an
1341 598 130 75 annular
1488 598 150 75 ligament
1649 598 89 75 fixed
1754 598 35 75 to
1805 598 101 75 them,
1923 598 45 75 by
1979 598 107 75 which
2098 598 55 75 the
2170 598 48 75 fe-

1188 644 87 75 veral
1291 644 124 75 (heaths
1432 644 51 75 for
1499 644 56 75 the
1571 644 134 75 tendons
1720 644 52 75 are
1784 644 263 75 formed.The
2059 644 160 75 fore-part

1188 690 40 75 of
1239 690 63 75 this
1323 690 62 75 end
1410 690 40 75 of
1472 690 55 75 the
1556 690 104 75 radius
1688 690 122 75 is'alfo
1836 690 175 75 deprefled,
2037 690 107 75 where
2161 690 57 75 the

1187 737 118 75 flexors
1321 737 40 75 of
1380 737 55 75 the
1462 737 115 75 fingers
1594 737 63 75 and
1671 737 105 75 flexor
1791 737 86 75 carpi
1893 737 128 75 radialis
2038 737 81 75 pafs.

1186 782 76 75 The
1290 782 146 75 external
1460 782 62 75 fide
1549 782 28 75 is
1605 782 127 75 formed
1747 782 70 75 into
1833 782 19 75 a
1867 782 208 75 femilunated
2090 782 126 75 fmooth

1187 828 117 75 cavity,
1338 828 86 75 lined
1447 828 78 75 with
1544 828 18 75 a
1577 828 163 75 cartilage,
1765 828 53 75 for
1844 828 160 75 receiving
2031 828 56 75 the
2114 828 102 75 lower

1186 874 62 75 end
1263 874 41 75 of
1321 874 56 75 the
1393 874 210 75 ulna.The
1619 874 108 75 loweft
1743 874 72 75 part
1827 874 40 75 of
1877 874 57 75 the
1950 874 106 75 radius
2073 874 26 75 is
2112 874 100 75 form-

1185 920 40 75 ed
1249 920 68 75 into
1346 920 38 75 an
1405 920 119 75 oblong
1540 920 107 75 cavity
1660 920 10 75 ;
1705 920 32 75 in
1754 920 55 75 the
1826 920 120 75 middle
1962 920 41 75 of
2015 920 105 75 which
2143 920 26 75 is
2194 920 20 75 a

1185 967 89 75 fmall
1290 967 173 75 tranfverfe
1480 967 107 75 rifing,
1612 967 110 75 gently
1734 967 175 75 hollowed,
1927 967 51 75 for
1994 967 132 75 lodging
2143 967 69 75 mu-

1185 1014 175 75 cilaginous
1380 1014 112 75 glands
1504 1014 10 75 ;
1534 1014 102 75 _whiie
1653 1014 55 75 the
1725 1014 93 75 rifing
1828 1014 91 75 itfelf
1929 1014 27 75 is
1973 1014 174 75 infinuated
2162 1014 49 75 in-

1184 1059 35 75 to
1236 1059 55 75 the
1309 1059 205 75 conjundion
1531 1059 40 75 of
1582 1059 56 75 the
1654 1059 66 75 two
1732 1059 99 75 bones
1848 1059 40 75 of
1898 1059 56 75 the
1970 1059 85 75 wrift
2072 1059 70 75 that
2159 1059 54 75 are

1182 1106 147 75 received
1345 1106 68 75 into
1429 1106 55 75 the
1502 1106 242 75 cavity.The
1760 1106 137 75 internal
1920 1106 64 75 fide
2000 1106 41 75 of
2051 1106 63 75 this
2132 1106 77 75 arti-

1182 1152 138 75 culation
1336 1152 27 75 is
1380 1152 114 75 fenced
1509 1152 44 75 by
1569 1152 19 75 a
1604 1152 182 75 remakable
1815 1152 126 75 procefs
1958 1152 41 75 of
2009 1152 57 75 the
2087 1152 121 75 radius,

1180 1198 85 75 from
1281 1198 105 75 which
1404 1198 18 75 a
1437 1198 151 75 ligament
1605 1198 76 75 goes
1705 1198 57 75 out
1778 1198 34 75 to
1829 1198 56 75 the
1901 1198 96 75 wrift,
2023 1198 33 75 as
2072 1198 56 75 the
2144 1198 63 75 fty-

1179 1245 67 75 loid
1263 1245 125 75 procefs
1400 1245 40 75 of
1451 1245 55 75 the
1518 1245 75 75 ulna
1604 1245 78 75 with
1699 1245 42 75 its
1752 1245 152 75 ligament
1921 1245 116 75 guards
2054 1245 26 75 it
2087 1245 51 75 x>n
2150 1245 59 75 the

1179 1292 132 75 outfide.

1225 1338 76 75 The
1317 1338 77 75 ends
1421 1338 41 75 of
1483 1338 80 75 both
1588 1338 54 75 the
1670 1338 98 75 bones
1796 1338 41 75 of
1858 1338 55 75 the
1937 1338 154 75 fore-arm
2107 1338 96 75 being

1177 1384 125 75 thicker
1326 1384 77 75 than
1425 1384 55 75 the
1496 1384 132 75 middle,
1654 1384 91 75 there
1761 1384 26 75 is
1805 1384 19 75 a
1839 1384 212 75 confiderable
2067 1384 137 75 diftance

1178 1431 142 75 between
1338 1431 54 75 the
1409 1431 111 75 bodies
1537 1431 40 75 of
1589 1431 87 75 thefe
1692 1431 99 75 bones
1807 1431 10 75 ;
1844 1431 32 75 in
1893 1431 55 75 the
1964 1431 106 75 larger
2086 1431 70 75 part
2169 1431 41 75 of

1177 1476 106 75 which
1300 1476 19 75 a
1334 1476 106 75 ftrong
1462 1476 181 75 tendinous,
1667 1476 61 75 but
1741 1476 70 75 thin
1827 1476 164 75 ligament,
2016 1476 26 75 is
2066 1476 137 75 extend-

1176 1523 52 75 ed,
1254 1523 35 75 to
1306 1523 72 75 give
1395 1523 18 75 a
1428 1523 88 75 large
1534 1523 125 75 enough
1677 1523 123 75 furface
1816 1523 53 75 for
1895 1523 56 75 the
1974 1523 103 75 origin
2094 1523 40 75 of
2145 1523 58 75 the

1176 1570 169 75 numerous
1361 1570 95 75 fibres
1481 1570 40 75 of
1540 1570 54 75 the
1619 1570 133 75 mufcles
1776 1570 134 75 fituated
1935 1570 90 75 here,
2049 1570 70 75 that
2147 1570 56 75 are

1175 1616 34 75 fo
1225 1616 94 75 much
1337 1616 78 75 funk
1430 1616 145 75 between
1586 1616 54 75 the
1651 1616 112 75 bones,
1781 1616 32 75 as
1830 1616 35 75 to
1882 1616 38 75 be
1936 1616 165 75 proteded
2114 1616 88 75 from

1173 1662 143 75 injuries,
1341 1662 105 75 which
1462 1662 79 75 they
1556 1662 109 75 would
1680 1662 166 75 otherwife
1861 1662 40 75 be
1917 1662 141 75 expofed
2073 1662 48 75 to.

1221 1708 48 75 As
1294 1708 55 75 the
1373 1708 84 75 head
1478 1708 39 75 of
1538 1708 55 75 the
1614 1708 106 75 radius
1744 1708 139 75 receives
1911 1708 55 75 the
1997 1708 143 75 tubercle
2163 1708 41 75 of

1173 1753 55 75 the
1244 1753 36 75 os
1299 1753 138 75 humeri,
1462 1753 26 75 it
1504 1753 26 75 is
1547 1753 57 75 not
1616 1753 76 75 only
1708 1753 125 75 bended
1844 1753 63 75 and
1923 1753 161 75 extended
2100 1753 101 75 along
2211 1753 10 75 -

1173 1800 78 75 with
1265 1800 55 75 the
1335 1800 87 75 ulna,
1441 1800 56 75 but
1509 1800 74 75 may
1597 1800 39 75 be
1648 1800 116 75 moved
1776 1800 103 75 round
1888 1800 41 75 its
1943 1800 68 75 axis
2024 1800 32 75 in
2069 1800 60 75 any
2139 1800 58 75 po-

1172 1846 91 75 fition
1275 1846 10 75 ;
1312 1846 61 75 and
1389 1846 71 75 that
1483 1846 65 75 this
1565 1846 121 75 motion
1702 1846 103 75 round
1821 1846 42 75 its
1881 1846 71 75 axis
1967 1846 74 75 may
2057 1846 39 75 be
2112 1846 85 75 fuffi-

1172 1892 117 75 ciently
1303 1892 100 75 large,
1421 1892 55 75 the
1488 1892 150 75 ligament
1650 1892 40 75 of
1701 1892 55 75 the
1773 1892 201 75 articulation
1990 1892 27 75 is
2034 1892 162 75 extended

1170 1940 124 75 farther
1309 1940 96 75 down
1421 1940 77 75 than
1514 1940 151 75 ordinary
1677 1940 47 75 on:
1733 1940 56 75 the
1805 1940 80 75 neck
1897 1940 40 75 of
1947 1940 64 75 this
2027 1940 94 75 bone,
2139 1940 56 75 be-

1170 1985 69 75 fore
1255 1985 26 75 it
1298 1985 26 75 is
1342 1985 172 75 connected
1529 1985 35 75 to
1582 1985 46 75 it;
1655 1985 63 75 and
1733 1985 25 75 it
1774 1985 27 75 is
1817 1985 78 75 very
1912 1985 69 75 thin
1994 1985 32 75 at
2042 1985 40 75 its
2095 1985 99 75 upper

1171 2030 61 75 and
1248 2030 99 75 lower
1362 2030 84 75 part,
1472 2030 57 75 but
1547 2030 105 75 makes
1677 2030 18 75 a
1710 2030 70 75 firm
1804 2030 70 75 ring
1890 2030 33 75 in
1939 2030 56 75 the
2010 2030 133 75 middle.

1169 2077 84 75 This
1269 2077 83 75 bone
1366 2077 27 75 is
1410 2077 65 75 alfo
1492 2077 112 75 joined
1627 2077 34 75 to
1677 2077 55 75 the
1749 2077 75 75 ulna
1838 2077 44 75 by
1898 2077 18 75 a
1933 2077 118 75 double
2074 2077 118 75 articu-

1169 2123 98 75 lation
1282 2123 10 75 ;
1318 2123 52 75 for
1394 2123 112 75 above,
1533 2123 18 75 a
1574 2123 142 75 tubercle
1733 2123 40 75 of
1789 2123 56 75 the
1861 2123 107 75 radius
1995 2123 90 75 plays
2112 2123 31 75 in
2174 2123 19 75 a

1168 2170 106 75 focket
1291 2170 40 75 of
1338 2170 54 75 the
1409 2170 73 75 ulna
1494 2170 9 75 ;
1523 2170 101 75 whilft
1636 2170 116 75 below,
1770 2170 55 75 the
1837 2170 105 75 radius
1955 2170 86 75 gives
2054 2170 55 75 the
2121 2170 70 75 foc-

1167 2215 66 75 ket,
1252 2215 62 75 and
1329 2215 55 75 the
1396 2215 76 75 ulna
1489 2215 54 75 the
1560 2215 141 75 tubercle
1713 2215 9 75 :
1749 2215 66 75 But
1827 2215 76 75 then
1921 2215 54 75 the
1987 2215 121 75 motion
2117 2215 72 75 per-

1165 2261 125 75 formed
1305 2261 33 75 in
1354 2261 86 75 thefe
1457 2261 64 75 two
1538 2261 26 75 is
1580 2261 79 75 very
1674 2261 170 75 different;
1878 2261 64 75 for,
1969 2261 32 75 at
2018 2261 54 75 the
2090 2261 102 75 upper

1165 2307 72 75 end,
1262 2307 56 75 the
1334 2307 105 75 radius
1458 2307 76 75 does
1559 2307 41 75 no
1627 2307 88 75 more
1731 2307 76 75 than
1825 2307 72 75 turn
1915 2307 102 75 round
2032 2307 42 75 its
2090 2307 69 75 axis

1164 2353 105 75 while,
1296 2353 32 75 at
1352 2353 55 75 the
1423 2353 98 75 lower
1545 2353 74 75 end,
1644 2353 26 75 it
1686 2353 107 75 moves
1810 2353 32 75 in
1867 2353 18 75 a
1907 2353 66 75 fort
1997 2353 41 75 of
2060 2353 128 75 cycloid

1163 2399 85 75 upon
1264 2399 55 75 the
1336 2399 101 75 round
1449 2399 71 75 part
1537 2399 39 75 of
1587 2399 54 75 the
1653 2399 91 75 ulna;
1764 2399 61 75 and
1842 2399 33 75 as
1891 2399 55 75 the
1962 2399 86 75 hand
2064 2399 26 75 is
2108 2399 76 75 arti-

1164 2446 126 75 culated
1313 2446 62 75 and
1397 2446 107 75 firmly
1520 2446 170 75 connedled
1705 2446 75 75 here
1796 2446 79 75 with
1892 2446 54 75 the
1962 2446 120 75 radius,
2107 2446 79 75 they

1165 2491 79 75 muft
1260 2491 92 75 move
1372 2491 323 75 together.When
1712 2491 56 75 the
1783 2491 84 75 palm
1882 2491 27 75 is
1926 2491 116 75 turned
2069 2491 114 75 upper-

1163 2537 90 75 moft,
1271 2537 55 75 the
1344 2537 106 75 radius
1466 2537 26 75 is
1509 2537 65 75 faid
1594 2537 35 75 to
1646 2537 140 75 perform
1799 2537 53 75 the
1859 2537 212 75 fupination;
2089 2537 95 75 when

1162 2583 56 75 the
1241 2583 80 75 back
1338 2583 40 75 of
1395 2583 55 75 the
1466 2583 85 75 hand
1567 2583 25 75 is
1613 2583 112 75 above,
1749 2583 25 75 it
1791 2583 26 75 is
1833 2583 66 75 faid
1916 2583 34 75 to
1969 2583 40 75 be
2019 2583 114 75 prone.

1207 2630 75 75 The
1307 2630 112 75 Hand
1450 2630 227 75 comprehends
1705 2630 45 75 all
1774 2630 85 75 from
1886 2630 55 75 the
1964 2630 85 75 joint
2067 2630 40 75 of
2126 2630 55 75 the

1159 2675 83 75 wrift
1258 2675 36 75 to
1309 2675 55 75 the
1380 2675 104 75 points
1500 2675 40 75 of
1551 2675 55 75 the
1622 2675 128 75 fingers.
1806 2675 48 75 Its
1877 2675 167 75 back-part
2060 2675 26 75 is
2104 2675 76 75 con-

1158 2722 75 75 vex,
1266 2722 52 75 for
1340 2722 125 75 greater
1488 2722 139 75 firmnefs
1651 2722 61 75 and
1735 2722 158 75 ftrength;
1919 2722 62 75 and
2004 2722 25 75 it
2052 2722 27 75 is
2103 2722 76 75 con-

1158 2770 74 75 cave
1255 2770 122 75 before,
1401 2770 51 75 for
1476 2770 181 75 containing
1673 2770 88 75 more
1775 2770 105 75 furely
1897 2770 62 75 and
1975 2770 204 75 convenient-

1155 2814 34 75 ly
1206 2814 75 75 fuch
1297 2814 109 75 bodies
1424 2814 32 75 as
1473 2814 48 75 we
1537 2814 74 75 take
1628 2814 78 75 hold
1721 2814 47 75 of.

1202 2861 76 75 The
1293 2861 86 75 hand
1393 2861 30 75 is.
1438 2861 180 75 commonly
1634 2861 130 75 divided
1779 2861 69 75 into
1872 2861 54 75 the
1951 2861 128 75 carpus,
2113 2861 63 75 me-

1154 2908 166 75 tacarpus,
1346 2908 62 75 and
1414 2908 137 75 fingers.

1200 2955 76 75 The
1307 2955 155 75 Carpus
1498 2955 28 75 is
1559 2955 168 75 compofed
1754 2955 41 75 of
1825 2955 88 75 eight
1940 2955 89 75 fmall
2055 2955 122 75 fpongy

1151 3002 110 75 bones,
1286 3002 134 75 fituated
1435 3002 32 75 at
1484 3002 54 75 the
1558 3002 100 75 upper
1681 3002 74 75 part
1777 3002 40 75 of
1833 3002 54 75 the
1903 3002 99 75 hand,
2027 3002 68 75 viz.
2120 3002 57 75 the
