2428 3377
133 163 24 75 •2
171 163 22 75 5
193 195 29 49 4

507 163 9 75 .

695 163 357 75 ANA

135 222 41 75 an
186 222 141 75 uniform
342 222 77 75 long
430 222 73 75 oval
515 222 112 75 fignrc,
645 222 64 75 like
727 222 54 75 the
798 222 130 75 vefioib.
943 222 107 75 fcllis;
1069 222 101 75 fome-

135 268 91 75 times
244 268 25 75 it
286 268 25 75 is
328 268 131 75 divided
474 268 44 75 by
534 268 170 75 Itrictures,
730 268 68 75 into
815 268 117 75 feveral
946 268 89 75 fmall
1052 268 119 75 round-

137 315 8 75 i
145 315 8 75 i
154 315 26 75 Ti
200 315 74 75 bags
293 315 88 75 more
401 315 37 75 or
454 315 61 75 lefs
531 315 126 75 flatted,
682 315 64 75 and
761 315 179 75 fometimes
957 315 26 75 it
1000 315 171 75 furrounds

136 363 57 75 the
211 363 97 75 trunk
324 363 40 75 of
376 363 55 75 the
448 363 93 75 aorta
560 363 65 75 like
643 363 18 75 a
678 363 114 75 collar.

184 409 31 75 It
232 409 26 75 is
276 409 170 75 compofed
463 409 39 75 of
513 409 79 75 very
604 409 70 75 thin
690 409 102 75 coats,
818 409 62 75 and
897 409 40 75 its
955 409 108 75 cavity
1080 409 26 75 is
1122 409 50 75 di-

135 456 96 75 vided
253 456 44 75 by
312 456 90 75 fmall
419 456 155 75 pellicuke
599 456 37 75 or
661 456 223 75 membranous
904 456 100 75 fepta,
1031 456 54 75 the
1109 456 63 75 dif-

136 503 132 75 pofltion
293 503 41 75 of
351 503 106 75 which
482 503 28 75 is
535 503 168 75 irregular.
752 503 32 75 It
801 503 27 75 is
845 503 116 75 chiefly
986 503 104 75 round
1117 503 56 75 the

130 549 106 75 lower
254 549 70 75 part
340 549 40 75 of
394 549 63 75 this
475 549 190 75 receptacle,
690 549 70 75 that
777 549 57 75 the
862 549 183 75 laftJa&eal
1061 549 110 75 veffels

135 597 55 75 are
214 597 152 75 inferted,
392 597 85 75 feme
502 597 43 75 on
570 597 55 75 the
653 597 92 75 fides,
769 597 63 75 and
855 597 86 75 fome
968 597 121 75 behind
1116 597 56 75 the

136 643 111 75 aorta;
275 643 63 75 and
352 643 80 75 {hey
448 643 53 75 are
519 643 227 75 accompanied
769 643 44 75 by
829 643 171 75 numerous
1025 643 146 75 lympha-

131 690 52 75 .tic
197 690 124 75 veffels.
370 690 78 75 The
475 690 103 75 upper
605 690 127 75 portion
760 690 27 75 is
817 690 182 75 contracted
1026 690 146 75 between

136 738 55 75 the
209 738 88 75 aorta
313 738 63 75 and
403 738 81 75 vena
507 738 133 75 azygos,
667 738 62 75 and
757 738 100 75 forms
881 738 19 75 a
923 738 172 75 particular
1119 738 52 75 ca-

136 783 68 75 nal,
230 783 105 75 which
353 783 75 75 runs
445 783 42 75 up
504 783 142 75 through
663 783 56 75 the
735 783 132 75 thorax,
893 783 45 75 by
957 783 55 75 the
1029 783 91 75 name
1136 783 42 75 of

139 831 115 75 duttus
270 831 198 75 thoracicus.

232 935 73 75 HE
316 935 109 75 PAR
456 935 32 75 Sc
518 935 304 75 VESICULA
854 935 221 75 FELLIS.

183 1015 85 75 The
288 1015 80 75 liver
384 1015 26 75 is
429 1015 18 75 a
463 1015 89 75 large
575 1015 62 75 and
654 1015 109 75 pretty
780 1015 82 75 folid
878 1015 93 75 mafs,
997 1015 40 75 of
1056 1015 19 75 a
1090 1015 82 75 dark

137 1061 66 75 red.
212 1061 124 75 colour,
363 1061 19 75 a
402 1061 83 75 little
501 1061 139 75 inclined
656 1061 36 75 to
708 1061 130 75 yellow,
864 1061 135 75 fituated
1025 1061 146 75 immedi-

133 1108 89 75 ately
246 1108 102 75 under
375 1108 57 75 the
460 1108 75 75 arch
565 1108 40 75 of
624 1108 56 75 the
709 1108 201 75 diaphragm,
936 1108 106 75 partly
1058 1108 32 75 in
1115 1108 56 75 the

136 1154 86 75 right
238 1154 288 75 hypochondrium,
552 1154 106 75 which
683 1154 26 75 it
734 1154 62 75 fills
814 1154 110 75 almoft
941 1154 140 75 intirely,
1108 1154 64 75 and

134 1201 109 75 partly
261 1201 31 75 in
317 1201 56 75 the
390 1201 212 75 epigaftrium,
630 1201 144 75 between
791 1201 55 75 the
863 1201 160 75 appendix
1040 1201 130 75 enilfor-

135 1248 59 75 m;s
208 1248 62 75 and
281 1248 87 75 fpina
376 1248 97 75 dorfi,
499 1248 63 75 and
578 1248 205 75 terminating
800 1248 182 75 commonly
994 1248 32 75 in
1043 1248 55 75 the
1110 1248 61 75 left

135 1295 292 75 hypochondrium.

182 1342 77 75 The
275 1342 102 75 figure
393 1342 40 75 of
444 1342 55 75 the
515 1342 81 75 liver
614 1342 26 75 is
657 1342 167 75 irregular,
849 1342 26 75 it
891 1342 96 75 being
1003 1342 117 75 arched
1133 1342 37 75 or

136 1388 124 75 convex
277 1388 41 75 on
336 1388 55 75 the
404 1388 99 75 upper
514 1388 83 75 part,
614 1388 175 75 unequally
804 1388 139 75 concave
960 1388 40 75 on
1018 1388 56 75 the
1091 1388 78 75 low-

136 1434 47 75 er,
202 1434 61 75 and
275 1434 78 75 very
366 1434 90 75 thick
468 1434 42 75 on
524 1434 55 75 the
598 1434 86 75 right
704 1434 63 75 and
779 1434 81 75 back
874 1434 95 75 fides.
1008 1434 162 75 Towards

137 1482 56 75 the
214 1482 61 75 left
296 1482 62 75 and
384 1482 140 75 anterior
549 1482 79 75 fides
654 1482 41 75 its
723 1482 159 75 thicknefs
910 1482 162 75 decreafes
1093 1482 78 75 very

136 1529 99 75 much'
235 1529 10 75 ,
271 1529 64 75 and
350 1529 183 75 terminates
546 1529 91 75 there
654 1529 44 75 by
715 1529 18 75 a
749 1529 79 75 kind
843 1529 40 75 of
894 1529 80 75 edge
986 1529 10 75 ;
1024 1529 61 75 and
1101 1529 26 75 it
1145 1529 25 75 is

137 1575 138 75 broader
293 1575 86 75 from
395 1575 86 75 right
499 1575 34 75 to
549 1575 73 75 left,
647 1575 78 75 than
741 1575 84 75 from
843 1575 111 75 before
970 1575 200 75 backwards.

186 1623 32 75 It
248 1623 75 75 may
347 1623 40 75 be
415 1623 131 75 divided
573 1623 70 75 into
678 1623 112 75 lateral
818 1623 88 75 parts
934 1623 104 75 called
1065 1623 103 75 lobes;

138 1669 60 75 one
215 1669 48 75 jof
278 1669 107 75 which
403 1669 26 75 is
446 1669 125 75 termed
595 1669 55 75 the
671 1669 101 75 great
789 1669 37 75 or
841 1669 88 75 right
947 1669 87 75 lobe;
1061 1669 56 75 the
1134 1669 36 75 o-

138 1714 83 75 ther,
247 1714 56 75 the
310 1714 104 75 fmall
431 1714 39 75 or
486 1714 62 75 left
571 1714 78 75 lobe.
706 1714 108 75 Thefe
833 1714 64 75 two
925 1714 90 75 lobes
1043 1714 53 75 are
1120 1714 49 75 di-

138 1762 188 75 ftinguifned
350 1762 114 75 above,
490 1762 47 75 by
559 1762 19 75 a
596 1762 224 75 membranous
836 1762 174 75 ligament;
1036 1762 64 75 and
1115 1762 55 75 be-

138 1809 65 75 low
227 1809 76 75 very
320 1809 134 75 plainly,
478 1809 45 75 by
547 1809 19 75 a
590 1809 212 75 confiderable
818 1809 126 75 feiffure
962 1809 88 75 lying
1066 1809 32 75 in
1114 1809 56 75 the

139 1856 84 75 fame
241 1856 154 75 direction
412 1856 78 75 with
507 1856 56 75 the
581 1856 139 75 fuperior
737 1856 164 75 ligament.

185 1902 77 75 The
278 1902 177 75 eminences
473 1902 42 75 on
530 1902 56 75 the
603 1902 137 75 concave
757 1902 62 75 fide
837 1902 39 75 of
887 1902 56 75 the
955 1902 80 75 liver
1051 1902 119 75 belong

138 1949 36 75 to
191 1949 54 75 the
266 1949 90 75 great
372 1949 86 75 lobe.
506 1949 78 75 The
613 1949 152 75 principal
790 1949 162 75 eminence
968 1949 26 75 is
1012 1949 18 75 a
1052 1949 65 75 fort
1135 1949 41 75 of

138 1994 176 75 triangular
329 1994 38 75 or
383 1994 176 75 pyramidal
576 1994 165 75 apophyfis
757 1994 135 75 fituated
907 1994 173 75 backward
1095 1994 76 75 near

139 2042 56 75 the
218 2042 90 75 great
324 2042 123 75 feiffure
464 2042 105 75 which
586 2042 215 75 difiinguifhes
818 2042 55 75 the
890 2042 65 75 two
971 2042 104 75 lobes.

187 2088 85 75 This
295 2088 176 75 triangular
495 2088 164 75 eminence
683 2088 27 75 is
735 2088 124 75 termed
877 2088 123 75 lobulus
1018 2088 151 75 Spigelii,

141 2133 37 75 or
194 2133 113 75 limply
330 2133 55 75 the
401 2133 89 75 fraall
506 2133 74 75 lobe
596 2133 41 75 of
648 2133 55 75 the
719 2133 93 75 liver.
862 2133 74 75 Qne
952 2133 39 75 of
1003 2133 41 75 its
1062 2133 108 75 angles

141 2181 154 75 advances
313 2181 18 75 a
346 2181 211 75 confiderable
574 2181 73 75 way
674 2181 125 75 toward
823 2181 55 75 the
906 2181 120 75 middle
1053 2181 40 75 of
1116 2181 56 75 the

141 2227 99 75 lower
256 2227 63 75 fide
334 2227 41 75 of
385 2227 56 75 the
456 2227 90 75 great
563 2227 86 75 lobe,
677 2227 62 75 and
754 2227 28 75 is
799 2227 59 75 loft
874 2227 104 75 there.
1025 2227 148 75 Toward

142 2275 56 75 the
221 2275 148 75 forefide,
394 2275 92 75 there
509 2275 26 75 is
565 2275 135 75 another
723 2275 162 75 eminence
907 2275 64 75 lefs
993 2275 180 75 prominent

142 2321 59 75 but
224 2321 155 75 broader;
405 2321 63 75 and
490 2321 35 75 to
545 2321 64 75 this
627 2321 161 75 eminence
805 2321 62 75 and
882 2321 57 75 the
955 2321 135 75 former,
1116 2321 55 75 the

143 2367 140 75 ancients
299 2367 80 75 gave
396 2367 55 75 the
472 2367 126 75 general
619 2367 91 75 name
726 2367 41 75 of
773 2367 115 75 portx.

189 2413 77 75 The
282 2413 188 75 depreflions
487 2413 41 75 on
545 2413 55 75 the
617 2413 137 75 concave
781 2413 36 75 or
839 2413 101 75 lower
964 2413 62 75 fide
1054 2413 40 75 of
1117 2413 55 75 the

144 2461 80 75 liver
248 2461 54 75 are
326 2461 72 75 four
420 2461 32 75 in
474 2461 145 75 number.
668 2461 77 75 The
762 2461 63 75 firft
840 2461 26 75 is
890 2461 55 75 the
961 2461 125 75 feiffure
1102 2461 72 75 that

145 2506 156 75 feparates
318 2506 55 75 the
390 2506 65 75 two
470 2506 104 75 lobes,
597 2506 106 75 which
721 2506 75 75 runs
814 2506 120 75 a-crofs
957 2506 55 75 the
1036 2506 139 75 concave

144 2554 76 75 fide,
245 2554 83 75 from
346 2554 55 75 the
417 2554 176 75 eminences
609 2554 130 75 already
756 2554 195 75 mentioned,
968 2554 35 75 to
1020 2554 54 75 the
1086 2554 88 75 ante-

146 2600 66 75 rior
227 2600 93 75 edge,
345 2600 108 75 where
479 2600 27 75 it
532 2600 184 75 terminates
732 2600 44 75 by
804 2600 19 75 a
842 2600 98 75 notch
965 2600 40 75 of
1022 2600 153 75 different

146 2645 116 75 depths
290 2645 33 75 in
339 2645 150 75 different
515 2645 148 75 fubjeCls.
710 2645 85 75 This
812 2645 25 75 is
855 2645 125 75 termed
1002 2645 54 75 the
1074 2645 102 75 great

139 2693 138 75 feiffure
292 2693 42 75 of
340 2693 52 75 the
408 2693 98 75 liver.

193 2739 77 75 The
282 2739 119 75 fecond
417 2739 171 75 depreflion
605 2739 26 75 is
651 2739 134 75 fituated
801 2739 208 75 tranfverfely
1030 2739 145 75 between

148 2782 56 75 the
222 2782 65 75 two
304 2782 176 75 eminences
497 2782 41 75 of
556 2782 55 75 the
627 2782 90 75 great
733 2782 86 75 lobe,
846 2782 63 75 and
935 2782 88 75 filled
1051 2782 42 75 by
1121 2782 55 75 the

151 2831 82 75 finus
246 2831 40 75 of
298 2831 55 75 the
371 2831 80 75 vena
468 2831 111 75 portse.
630 2831 23 75 T
665 2831 40 75 he
733 2831 89 75 third
848 2831 172 75 depreflion
1038 2831 25 75 is
1080 2831 97 75 back-

146 2878 105 75 ward,
275 2878 160 75 between'
435 2878 56 75 the
515 2878 90 75 great
629 2878 73 75 lobe
720 2878 61 75 and
796 2878 128 75 lobulus
933 2878 155 75 .Spigelii,
1113 2878 68 75 and

152 2924 54 75 the
226 2924 80 75 vena
325 2924 78 75 cava
419 2924 97 75 paffes
538 2924 140 75 through
705 2924 38 75 it.
792 2924 77 75 The
892 2924 110 75 fourth
1020 2924 26 75 is
1064 2924 18 75 a
1098 2924 79 75 kind

145 2969 48 75 -of
202 2969 103 75 fulcus
316 2969 143 75 between
477 2969 54 75 the
548 2969 127 75 lobulus
692 2969 60 75 and
765 2969 90 75 fmall
870 2969 73 75 lobe
960 2969 38 75 of
1011 2969 55 75 the
1082 2969 94 75 liver,

147 3016 110 75 -which
270 3016 31 75 in
313 3016 55 75 the
385 3016 98 75 foetus
499 3016 111 75 ferved
629 3016 35 75 to
682 3016 123 75 receive
821 3016 18 75 a
854 3016 93 75 venal
964 3016 89 75 canal
1069 3016 59 75 loft
1145 3016 32 75 in

1170 162 38 75 T
1326 162 40 75 O
1485 162 49 75 M
1650 162 52 75 Y.

2067 162 99 75 Part
2187 162 69 75 VI.

1221 224 118 75 adults,
1364 224 32 75 in
1413 224 107 75 whom
1541 224 26 75 it
1592 224 131 75 appears
1740 224 77 75 only
1832 224 35 75 as
1892 224 18 75 a
1930 224 79 75 kind
2032 224 40 75 of
2090 224 163 75 ligament.

1219 270 86 75 This
1322 270 103 75 fulcus
1443 270 26 75 is
1487 270 32 75 in
1534 270 86 75 fome
1636 270 142 75 meafure
1791 270 17 75 a
1821 270 219 75 continuation
2052 270 40 75 of
2099 270 54 75 the
2166 270 91 75 great

1220 318 137 75 feiffure,
1383 318 64 75 and
1457 318 87 75 joins
1561 318 56 75 the
1632 318 82 75 vena
1730 318 77 75 cava
1823 318 44 75 by
1884 318 39 75 an
1947 318 91 75 acute
2055 318 106 75 angle.

1268 365 127 75 Befides
1421 365 87 75 thefe
1536 365 74 75 four
1634 365 205 75 depreffions,
1874 365 90 75 there
1994 365 26 75 is
2044 365 60 75 one
2130 365 41 75 on
2199 365 57 75 the

1221 411 157 75 fore-part
1395 411 40 75 of
1446 411 56 75 the
1525 411 91 75 great
1639 411 87 75 lobe,
1752 411 30 75 in
1813 411 105 75 which
1942 411 56 75 the
2019 411 135 75 vtficula
2171 411 84 75 felfis

1221 458 27 75 is
1264 458 141 75 lodged;
1433 458 62 75 and
1519 458 25 75 it
1568 458 181 75 fometimes
1776 458 73 75 runs
1877 458 35 75 as
1936 458 51 75 far
2016 458 33 75 as
2077 458 56 75 the
2162 458 93 75 edge",

1220 506 107 75 where
1346 506 27 75 it
1389 506 100 75 forms
1510 506 19 75 a
1544 506 90 75 fmall
1646 506 112 75 notch.
1807 506 68 75 We
1892 506 73 75 may
1980 506 140 75 likewile
2136 506 120 75 reckon

1221 551 115 75 among
1354 551 88 75 thefe
1458 551 202 75 depreffions,
1686 551 18 75 a
1720 551 90 75 fmall
1827 551 174 75 fuperficial
2019 551 107 75 cavity
2141 551 33 75 in
2200 551 56 75 the

1220 598 153 75 pofterior
1389 598 66 75 and
1471 598 112 75 lateral
1600 598 72 75 part
1699 598 41 75 of
1759 598 54 75 the
1829 598 100 75 lower
1946 598 62 75 fide
2030 598 40 75 of
2090 598 55 75 the
2162 598 94 75 great

1220 645 87 75 lobe,
1332 645 45 75 by
1393 645 106 75 which
1519 645 26 75 it
1571 645 75 75 refts
1674 645 41 75 on
1740 645 56 75 the
1819 645 86 75 right
1930 645 137 75 kidney;
2094 645 63 75 and
2174 645 80 75 like-

1220 692 73 75 wife
1310 692 19 75 a
1344 692 175 75 fuperficial
1535 692 108 75 cavity
1658 692 34 75 in
1715 692 55 75 the
1794 692 61 75 left
1879 692 88 75 lobe,
1992 692 106 75 where
2122 692 26 75 it
2179 692 75 75 runs

1221 737 76 75 over
1321 737 55 75 the
1401 737 153 75 ftomach.

1269 785 123 75 Laftly,
1418 785 41 75 on
1483 785 56 75 the
1566 785 154 75 pofterior
1737 785 79 75 edge
1833 785 42 75 of
1896 785 55 75 the
1967 785 92 75 liver,
2085 785 91 75 there
2193 785 27 75 is
2237 785 19 75 a

1221 831 91 75 great
1332 831 84 75 finus
1433 831 147 75 common
1605 831 35 75 to
1667 831 80 75 both
1774 831 104 75 lobes,
1904 831 106 75 which
2026 831 89 75 gives
2132 831 124 75 paffage

1221 878 34 75 to
1279 878 55 75 the
1350 878 88 75 fpina
1464 878 82 75 dorfi
1563 878 62 75 and
1642 878 201 75 cefophagus,
1869 878 75 75 near
1961 878 54 75 the
2040 878 90 75 place
2146 878 108 75 where

1222 924 55 75 the
1304 924 81 75 vena
1401 924 77 75 cava
1494 924 165 75 defeends.

1267 971 76 75 The
1360 971 125 75 convex
1501 971 63 75 fide
1581 971 39 75 of
1627 971 55 75 the
1694 971 81 75 liver
1791 971 26 75 is
1836 971 182 75 commonly
2029 971 174 75 conneffed
2219 971 35 75 to

1221 1019 55 75 the
1288 1019 187 75 diaphragm
1492 1019 45 75 by
1555 1019 90 75 three
1657 1019 181 75 ligaments,
1864 1019 105 75 which
1987 1019 53 75 are
2056 1019 78 75 only
2151 1019 102 75 conti-

1221 1065 145 75 nuations
1384 1065 41 75 of
1443 1065 55 75 the
1523 1065 221 75 membranous
1761 1065 117 75 lamina
1900 1065 41 75 of
1961 1065 55 75 the
2033 1065 219 75 peritonaeum.

1222 1111 72 75 One
1310 1111 58 75 lies
1386 1111 75 75 near
1489 1111 55 75 the
1561 1111 80 75 edge
1666 1111 40 75 of
1726 1111 55 75 the
1797 1111 175 75 extremity
2000 1111 41 75 of
2062 1111 79 75 each
2165 1111 88 75 lobe,

1221 1158 62 75 and
1299 1158 60 75 one
1376 1158 33 75 in
1426 1158 55 75 the
1504 1158 132 75 middle,
1664 1158 62 75 and
1742 1158 77 75 they
1837 1158 53 75 are
1907 1158 205 75 accordingly
2129 1158 125 75 termed

1221 1204 54 75 the
1293 1204 100 75 right,
1420 1204 132 75 middle,
1579 1204 62 75 and
1657 1204 63 75 left
1736 1204 188 75 ligaments.
1973 1204 113 75 There
2108 1204 27 75 is
2153 1204 18 75 a
2187 1204 65 75 cel-

1220 1250 81 75 lular
1317 1250 160 75 fubftance
1501 1250 32 75 in
1553 1250 56 75 the
1637 1250 198 75 duplicature
1852 1250 41 75 of
1908 1250 90 75 each,
2023 1250 34 75 in
2074 1250 105 75 which
2197 1250 56 75 the

1220 1296 224 75 blood-veffcls
1461 1296 62 75 and
1538 1296 191 75 lymphatics
1753 1296 72 75 run,
1851 1296 63 75 and
1929 1296 107 75 which
2052 1296 92 75 fends
2161 1296 53 75 off
2233 1296 20 75 a

1224 1343 78 75 kind
1319 1343 40 75 of
1370 1343 116 75 lamina
1501 1343 69 75 into
1587 1343 55 75 the
1657 1343 162 75 fubftance
1835 1343 41 75 of
1888 1343 54 75 the
1958 1343 93 75 liver.

1267 1390 75 75 The
1360 1390 87 75 right
1466 1390 153 75 ligament
1635 1390 180 75 fometimes
1836 1390 147 75 conneds
2000 1390 55 75 the
2071 1390 90 75 great
2178 1390 74 75 lobe

1219 1437 34 75 to
1276 1437 56 75 the
1348 1437 168 75 cartilages
1544 1437 40 75 of
1608 1437 55 75 the
1691 1437 77 75 falfe
1796 1437 65 75 ribs
1877 1437 10 75 ;
1914 1437 64 75 and
2001 1437 56 75 the
2084 1437 61 75 left
2171 1437 80 75 liga-

1220 1483 100 75 ment,
1345 1483 36 75 or
1399 1483 71 75 that
1487 1483 40 75 of
1533 1483 55 75 the
1604 1483 90 75 fmall
1711 1483 85 75 lobe,
1821 1483 27 75 is
1861 1483 90 75 often
1967 1483 130 75 double,
2122 1483 61 75 and
2197 1483 54 75 ad-

1220 1530 114 75 vances
1351 1530 126 75 toward
1504 1530 55 75 the
1584 1530 119 75 middle
1720 1530 164 75 ligament.
1932 1530 86 75 This
2035 1530 121 75 middle
2172 1530 80 75 liga-

1221 1575 87 75 ment
1331 1575 112 75 begins
1459 1575 77 75 low,
1562 1575 33 75 in
1612 1575 55 75 the
1684 1575 91 75 great
1791 1575 125 75 fcifl’ure
1939 1575 41 75 of
1991 1575 54 75 the
2060 1575 92 75 liver,
2178 1575 76 75 near

1220 1624 54 75 the
1291 1624 177 75 eminences
1485 1624 104 75 called
1599 1624 116 75 porta;,
1741 1624 62 75 and
1820 1624 83 75 from
1921 1624 114 75 thence
2051 1624 98 75 paffes
2163 1624 88 75 thro’

1219 1670 56 75 the
1292 1670 140 75 anterior
1450 1670 97 75 notch
1573 1670 63 75 and
1659 1670 77 75 over
1757 1670 55 75 the
1828 1670 125 75 convex
1970 1670 63 75 fide
2049 1670 40 75 of
2099 1670 56 75 the
2170 1670 82 75 liver

1220 1715 32 75 at
1269 1715 55 75 the
1336 1715 97 75 union
1449 1715 7 75 '
1456 1715 35 75 of
1509 1715 56 75 the
1581 1715 67 75 two
1663 1715 103 75 lobes,
1792 1715 63 75 and
1869 1715 27 75 is
1925 1715 88 75 fixed
2036 1715 165 75 obliquely
2215 1715 37 75 in

1220 1763 54 75 the
1294 1763 201 75 diaphragm.
1522 1763 14 75 -

1267 1809 31 75 It
1314 1809 27 75 is
1361 1809 141 75 likewife
1518 1809 92 75 fixed
1626 1809 95 75 along
1738 1809 56 75 the
1811 1809 100 75 upper
1927 1809 64 75 and
2007 1809 90 75 inner
2120 1809 71 75 part
2213 1809 41 75 of

1220 1855 55 75 the
1291 1855 114 75 vagina
1421 1855 42 75 of
1476 1855 55 75 the
1548 1855 86 75 right
1652 1855 158 75 mufculus
1828 1855 103 75 redus
1948 1855 40 75 of
2010 1855 56 75 the
2082 1855 168 75 abdomen,

1219 1900 32 75 in
1267 1900 77 75 fuch
1364 1900 40 75 an
1420 1900 131 75 oblique
1566 1900 132 75 manner
1714 1900 34 75 as
1765 1900 35 75 to
1818 1900 39 75 be
1879 1900 111 75 nearer
2007 1900 55 75 the
2080 1900 84 75 linea
2180 1900 71 75 alba

1220 1947 103 75 below
1340 1947 76 75 than
1438 1947 112 75 above.

1266 1993 128 75 Befides
1410 1993 87 75 thefe
1514 1993 166 75 ligaments
1698 1993 55 75 the
1769 1993 92 75 great
1876 1993 73 75 lobe
1973 1993 41 75 of
2033 1993 56 75 the
2116 1993 81 75 liver
2223 1993 27 75 is

1219 2040 138 75 likewife
1381 2040 173 75 conneded
1571 2040 34 75 to
1624 2040 54 75 the
1695 2040 87 75 right
1798 2040 50 75 ala
1863 2040 42 75 of
1917 2040 55 75 the
1989 2040 167 75 tendinous
2174 2040 75 75 por-

1220 2086 68 75 tion
1316 2086 40 75 of
1380 2086 55 75 the
1467 2086 198 75 diaphragm,
1692 2086 56 75 not
1775 2086 43 75 by
1846 2086 19 75 a
1891 2086 165 75 ligament,
2081 2086 59 75 but
2167 2086 43 75 by
2233 2086 20 75 a

1221 2133 100 75 broad
1338 2133 62 75 and
1415 2133 183 75 immediate
1626 2133 161 75 adhefion,
1813 2133 137 75 without
1967 2133 55 75 the
2037 2133 217 75 intervention

1221 2180 39 75 of
1272 2180 55 75 the
1344 2180 182 75 membrane
1547 2180 40 75 of
1601 2180 56 75 the
1669 2180 218 75 peritonsum,
1912 2180 106 75 which
2035 2180 27 75 is
2079 2180 76 75 only
2167 2180 87 75 fold-

1222 2227 40 75 ed
1278 2227 89 75 quite
1383 2227 104 75 round
1501 2227 64 75 this
1583 2227 160 75 adhefion,
1769 2227 35 75 to
1817 2227 82 75 form
1921 2227 55 75 the
1992 2227 146 75 external
2154 2227 100 75 mem-

1222 2273 96 75 brane
1335 2273 40 75 of
1387 2273 42 75 all
1445 2273 55 75 the
1517 2273 66 75 reft,
1602 2273 40 75 of
1660 2273 56 75 the
1733 2273 88 75 body
1837 2273 39 75 of
1896 2273 54 75 the
1967 2273 93 75 liver.

1269 2320 76 75 The
1359 2320 123 75 middle
1505 2320 166 75 ligament,
1697 2320 103 75 called
1823 2320 196 75 improperly
2042 2320 212 75 Ugamentnm

1224 2367 124 75 hepatis
1355 2367 250 75 fufpenforium,
1631 2367 143 75 contains
1790 2367 32 75 in
1848 2367 41 75 its
1914 2367 198 75 duplidature
2129 2367 19 75 a
2164 2367 90 75 thick

1226 2413 97 75 white
1341 2413 89 75 rope,
1454 2413 65 75 like
1544 2413 18 75 a
1587 2413 103 75 round
1713 2413 170 75 -ligament,
1907 2413 106 75 which
2029 2413 65 75 was
2111 2413 56 75 the
2183 2413 70 75 um-

1223 2460 105 75 bilical
1345 2460 71 75 vein
1432 2460 33 75 in
1482 2460 54 75 the
1553 2460 111 75 foetus.
1696 2460 96 75 Thus
1805 2460 55 75 the
1876 2460 100 75 lower
1991 2460 71 75 part
2079 2460 175 75 reprefents

1224 2506 18 75 a
1257 2506 82 75 falx,
1364 2506 62 75 the.
1436 2506 124 75 convex
1575 2506 80 75 edge
1671 2506 41 75 of
1727 2506 104 75 which
1847 2506 27 75 is
1891 2506 103 75 ffiarp,
2012 2506 62 75 and
2090 2506 55 75 the
2161 2506 94 75 other

1223 2553 155 75 rounded.

1273 2600 55 75 All
1346 2600 89 75 thefe
1445 2600 167 75 ligaments
1625 2600 134 75 ferve-to
1771 2600 82 75 keep
1869 2600 55 75 the
1940 2600 81 75 liver
2037 2600 32 75 in
2084 2600 42 75 its
2137 2600 118 75 proper

1227 2646 161 75 fituation,
1414 2646 61 75 and
1491 2646 34 75 to
1542 2646 113 75 hinder
1678 2646 25 75 it
1731 2646 86 75 from
1843 2646 153 75 inclining
2013 2646 55 75 too
2084 2646 94 75 much
2204 2646 50 75 to-

1226 2692 103 75 wards
1346 2692 103 75 either
1463 2692 64 75 fide
1542 2692 9 75 :
1579 2692 67 75 But
1664 2692 48 75 vve
1728 2692 80 75 muft
1825 2692 56 75 not
1897 2692 136 75 imagine
2055 2692 71 75 that
2143 2692 61 75 any
2220 2692 40 75 of

1226 2736 88 75 them
1335 2736 88 75 ferve
1439 2736 35 75 to
1490 2736 133 75 fufpend
1638 2736 47 75 it;
1714 2736 130 75 becaufe
1871 2736 25 75 it
1923 2736 27 75 is
1978 2736 189 75 fufficiently
2182 2736 72 75 fup-

1226 2785 116 75 ported
1370 2785 43 75 by
1443 2785 55 75 the
1510 2785 5 75 •
1525 2785 139 75 ftcmach
1694 2785 61 75 and
1782 2785 173 75 inteftines,
1980 2785 166 75 efpecialiy
2161 2785 94 75 when

1226 2831 78 75 they
1327 2831 54 75 are
1397 2831 100 75 filled.

1273 2877 111 75 When
1402 2877 56 75 the
1486 2877 138 75 ftomach
1642 2877 25 75 is
1683 2877 123 75 empty,
1831 2877 38 75 or
1885 2877 93 75 when
2005 2877 49 75 we
2070 2877 59 75 faft
2144 2877 112 75 longer

1226 2924 78 75 than
1324 2924 164 75 ordinary,
1513 2924 25 75 it
1555 2924 27 75 is
1605 2924 19 75 a
1640 2924 147 75 common
1804 2924 173 75 expreffion
1994 2924 35 75 to
2053 2924 54 75 fay
2129 2924 52 75 the
2186 2924 69 75 Jlo~

1226 2970 92 75 mach
1328 2970 132 75 pinches
1478 2970 49 75 us.
1574 2970 51 75 As
1642 2970 57 75 the
1715 2970 81 75 liver
1812 2970 26 75 is
1856 2970 56 75 not
1926 2970 81 75 then
2031 2970 154 75 fuftained
2212 2970 44 75 by

1225 3017 55 75 the
1296 3017 142 75 ftomach
1453 3017 63 75 and
1533 3017 171 75 inteftines,
1721 3017 25 75 it
1762 3017 150 75 defeends
1926 3017 43 75 by
1980 3017 42 75 its
2037 3017 75 75 own
2122 3017 131 75 weight,
2185 3058 71 75 .and
