2477 3395
690 152 511 75 BREW

199 224 95 75 Some
310 224 138 75 brewers
467 224 72 75 take
557 224 51 75 off
618 224 43 75 all
674 224 54 75 the
744 224 157 75 top-yeafl:
913 224 76 75 firft,
1014 224 62 75 and
1087 224 90 75 then,

150 271 45 75 by
211 271 18 75 a
244 271 61 75 peg
320 271 75 75 near
421 271 56 75 the
501 271 124 75 bottom
648 271 41 75 of
698 271 56 75 the
770 271 232 75 working-tub,
1026 271 90 75 draw
1131 271 54 75 off

150 316 55 75 the
222 316 75 75 beer
313 316 37 75 or
366 316 59 75 ale,
450 316 36 75 fo
502 316 70 75 that
600 316 54 75 the
677 316 94 75 dregs
788 316 53 75 are
856 316 43 75 by
916 316 62 75 this
995 316 107 75 means
1117 316 61 75 left

149 362 130 75 behind.
326 362 86 75 This
429 362 26 75 is
472 362 75 75 very
564 362 98 75 right,
687 362 33 75 in
736 362 63 75 ales
812 362 70 75 that
899 362 52 75 are
967 362 35 75 to
1019 362 39 75 be
1074 362 102 75 drank

148 408 76 75 foon
236 408 10 75 ;
272 408 58 75 but
345 408 33 75 in
394 408 102 75 beers,
521 408 71 75 that
609 408 52 75 are
678 408 34 75 to
724 408 41 75 lie
778 408 72 75 nine
865 408 37 75 or
919 408 115 75 twelve
1047 408 128 75 months

147 455 34 75 in
198 455 19 75 a
233 455 72 75 butt
329 455 37 75 or
393 455 94 75 other
515 455 82 75 calk,
623 455 91 75 there
742 455 152 75 certainly
909 455 68 75 will
992 455 40 75 be
1048 455 127 75 wanted

147 500 86 75 fome
254 500 94 75 faces
365 500 37 75 or
429 500 102 75 fedim'
531 500 65 75 ents
613 500 52 75 for
680 500 56 75 the
759 500 74 75 beer
849 500 35 75 to
900 500 74 75 feed
989 500 53 75 on,
1068 500 62 75 elfe
1146 500 26 75 it

149 546 79 75 muft
251 546 226 75 confequently
500 546 90 75 grow
605 546 136 75 hungry,
767 546 101 75 fliarp,
894 546 63 75 and
970 546 115 75 eager;
1111 546 62 75 and

147 592 173 75 therefore,
345 592 33 75 if
398 592 41 75 its
466 592 72 75 own
566 592 55 75 top
649 592 37 75 or
714 592 123 75 bottom
855 592 53 75 are
925 592 56 75 not
997 592 57 75 put
1070 592 68 75 into
1154 592 20 75 a

147 639 70 75 calk
233 639 77 75 with
328 639 55 75 the
410 639 87 75 beer,
521 639 85 75 fome
623 639 93 75 other
731 639 144 75 artificial
893 639 217 75 compofition,
1136 639 39 75 or

145 684 61 75 lee,
243 684 110 75 Ihould
380 684 111 75 fupply
517 684 40 75 its
583 684 100 75 place,
707 684 70 75 that
804 684 26 75 is
858 684 220 75 wholefomer,
1109 684 63 75 and

146 729 67 75 will
236 729 105 75 better
369 729 75 75 feed
472 729 78 75 with
577 729 75 75 fuch
678 729 107 75 drink,
810 729 75 75 than
901 729 42 75 its
960 729 72 75 own
1049 729 123 75 natural

145 774 200 75 fettlement;
371 774 61 75 and
449 774 172 75 therefore,
649 774 88 75 there
749 774 53 75 are
819 774 76 75 here
904 774 137 75 inferted
1052 774 120 75 feveral

147 822 134 75 receipts
297 822 52 75 for
364 822 172 75 anfwering
553 822 62 75 this
627 822 73 75 end.

147 925 60 75 Of
223 925 175 75 artificial
429 925 92 75 Lees
543 925 70 75 for
647 925 106 75 Stout
790 925 42 75 or
866 925 103 75 Stale
1003 925 97 75 Beer
1135 925 37 75 to

503 974 9 75 .
562 974 93 75 feed
683 974 59 75 on.

189 1057 102 75 This
320 1057 112 75 article
454 1057 26 75 is
503 1057 40 75 of
561 1057 78 75 very
665 1057 90 75 great
783 1057 194 75 importance
993 1057 32 75 in
1041 1057 56 75 the
1116 1057 54 75 cu-

143 1102 71 75 ring
241 1102 39 75 of
299 1102 59 75 our
386 1102 231 75 malt-liquors.
664 1102 78 75 The
769 1102 136 75 general,
923 1102 187 75 misfortune
1135 1102 41 75 of

143 1149 55 75 the
216 1149 107 75 porter
339 1149 37 75 or
402 1149 243 75 keeping-beers
673 1149 150 75 drinking
840 1149 80 75 hard
936 1149 62 75 and
1014 1149 102 75 harlh,
1142 1149 27 75 is

142 1193 108 75 partly
264 1193 107 75 owing
396 1193 35 75 to
459 1193 55 75 the
534 1193 92 75 hafty
641 1193 68 75 foul
726 1193 93 75 feces
836 1193 70 75 that
918 1193 43 75 lie
977 1193 33 75 at
1027 1193 54 75 the
1098 1193 71 75 bot-

141 1240 68 75 tom
226 1240 40 75 of
275 1240 56 75 the
359 1240 81 75 calk,
466 1240 221 75 compounded
702 1240 39 75 of
763 1240 55 75 the
842 1240 167 75 fediments
1026 1240 40 75 of
1077 1240 91 75 malt,

140 1285 93 75 hops,
251 1285 63 75 and
329 1285 97 75 yealt.
461 1285 123 75 Wheat
600 1285 39 75 is,
659 1285 41 75 by
709 1285 106 75 many,
840 1285 57 75 put
913 1285 68 75 into
997 1285 75 75 fuch
1091 1285 75 75 beer

141 1331 33 75 to
192 1331 73 75 feed
291 1331 62 75 and
380 1331 144 75 preferve
550 1331 39 75 it,
613 1331 33 75 as
672 1331 96 75 being
781 1331 159 75 reckoned
956 1331 18 75 a
990 1331 178 75 fubftantial

142 1377 112 75 alcali;
280 1377 160 75 however,
464 1377 25 75 it
505 1377 56 75 has
577 1377 79 75 been
678 1377 132 75 proved,
834 1377 72 75 that
921 1377 75 75 fuch
1014 1377 104 75 wheat
1134 1377 33 75 in

142 1422 97 75 about
254 1422 92 75 three
361 1422 92 75 years
469 1422 77 75 time
561 1422 57 75 has
631 1422 51 75 eat
698 1422 68 75 into
783 1422 54 75 the
853 1422 79 75 very
946 1422 96 75 wood
1059 1422 40 75 of
1110 1422 56 75 the

142 1468 81 75 calk.
271 1468 122 75 Others
410 1468 84 75 hang
522 1468 20 75 a
556 1468 63 75 bag
634 1468 40 75 of
685 1468 103 75 wheat
804 1468 32 75 in
853 1468 55 75 the
925 1468 104 75 veffel,
1054 1468 71 75 that
1141 1468 27 75 it

141 1514 73 75 may
245 1514 56 75 not
327 1514 97 75 touch
452 1514 58 75 the
541 1514 146 75 bottom;
719 1514 71 75 but,
815 1514 32 75 in
878 1514 80 75 both
989 1514 97 75 cafes,
1111 1514 55 75 the

143 1559 105 75 wheat
264 1559 27 75 is
307 1559 183 75 difcovered
507 1559 35 75 to
569 1559 112 75 abforb
698 1559 61 75 and
775 1559 110 75 collect
901 1559 56 75 the
973 1559 71 75 acid
1063 1559 103 75 quali-

141 1606 60 75 ties
217 1606 41 75 of
268 1606 56 75 the
340 1606 87 75 beer,
452 1606 97 75 yeaft,
575 1606 63 75 and
653 1606 77 75 hop.
771 1606 112 75 Hence
898 1606 25 75 it
938 1606 39 75 is,
1002 1606 71 75 that
1089 1606 77 75 fuch

142 1652 103 75 whole
261 1652 105 75 wheat
382 1652 27 75 is
425 1652 116 75 loaded
558 1652 77 75 with
651 1652 56 75 the
724 1652 147 75 qualities
883 1652 39 75 of
931 1652 56 75 the
1003 1652 165 75 unwhole-

141 1697 85 75 fome
242 1697 193 75 fettlernents
453 1697 36 75 or
505 1697 139 75 grounds
661 1697 39 75 of
712 1697 55 75 the
783 1697 86 75 beer,
895 1697 61 75 and
972 1697 146 75 becomes
1131 1697 41 75 of

142 1743 74 75 fuch
245 1743 19 75 a
288 1743 169 75 corroding
483 1743 125 75 nature,
637 1743 33 75 as
694 1743 34 75 to
753 1743 43 75 do
827 1743 163 75 mifchief;
1016 1743 74 75 and,
1115 1743 53 75 for

140 1789 71 75 that
228 1789 121 75 reafon,
373 1789 85 75 fome
473 1789 84 75 hang
574 1789 18 75 a
608 1789 60 75 bag
685 1789 40 75 of
735 1789 55 75 the
806 1789 81 75 flour
903 1789 39 75 of
953 1789 118 75 malted
1083 1789 82 75 oats,

141 1834 116 75 wheat,
283 1834 103 75 peafe,
410 1834 37 75 or
463 1834 108 75 beans,
595 1834 33 75 in
644 1834 55 75 the
726 1834 109 75 veflels
860 1834 40 75 of
911 1834 87 75 beer,
1022 1834 34 75 as
1072 1834 95 75 being

141 1880 39 75 of
192 1880 19 75 a
225 1880 117 75 lighter
359 1880 62 75 and
436 1880 162 75 mellower
622 1880 87 75 body
724 1880 76 75 than
818 1880 53 75 the
887 1880 105 75 whole
1007 1880 106 75 wheat
1128 1880 38 75 or

140 1927 41 75 its
199 1927 93 75 flour,
311 1927 67 75 -and
395 1927 88 75 more
510 1927 124 75 natural
651 1927 35 75 to
713 1927 55 75 the
784 1927 127 75 liquor:
938 1927 67 75 But
1020 1927 146 75 whether

139 1973 26 75 it
181 1973 39 75 be
236 1973 66 75 raw
317 1973 105 75 wheat
438 1973 38 75 or
502 1973 131 75 malted,
657 1973 26 75 it
700 1973 27 75 is
744 1973 163 75 fuppofed,
933 1973 83 75 after
1031 1973 64 75 this
1112 1973 50 75 re?

138 2019 139 75 ceptacle
293 2019 56 75 has
365 2019 133 75 emitted
524 2019 42 75 its
594 2019 139 75 alcalous
762 2019 174 75 properties
953 2019 35 75 to
1004 2019 55 75 the
1076 2019 86 75 beer,

139 2063 62 75 and
216 2063 94 75 taken
327 2063 32 75 in
377 2063 42 75 all
442 2063 25 75 it
484 2063 57 75 can
558 2063 40 75 of
608 2063 55 75 the
680 2063 70 75 acid
766 2063 146 75 qualities
930 2063 136 75 thereof,
1092 2063 71 75 that

139 2108 74 75 fuch
229 2108 74 75 beer
319 2108 64 75 will
400 2108 31 75 in
450 2108 75 75 time
540 2108 78 75 prey
629 2108 84 75 upon
729 2108 71 75 that
816 2108 103 75 again,
945 2108 62 75 and
1023 2108 33 75 fo
1074 2108 85 75 com-

140 2154 155 75 municate
310 2154 41 75 its
367 2154 176 75 pernicious
560 2154 148 75 qualities
725 2154 34 75 to
774 2154 55 75 the
845 2154 118 75 liquor.

183 2228 204 75 Compofition
399 2228 64 75 for
478 2228 139 75 feeding
643 2228 121 75 Porter
781 2228 36 75 or
835 2228 276 75 Keeping-Beers.

182 2281 110 75 Take
311 2281 19 75 a
346 2281 93 75 quart
466 2281 40 75 of
525 2281 124 75 French
666 2281 134 75 brandy,
825 2281 38 75 or
879 2281 34 75 as
931 2281 93 75 much
1042 2281 39 75 of
1091 2281 69 75 En-

137 2327 89 75 glilh,
251 2327 71 75 that
335 2327 26 75 is
377 2327 67 75 free
457 2327 81 75 from
551 2327 62 75 any
624 2327 94 75 burnt
735 2327 87 75 tang,
848 2327 37 75 or
906 2327 95 75 other
1017 2327 34 75 ill
1068 2327 89 75 tafte,

137 2373 63 75 and
226 2373 27 75 is
280 2373 60 75 full
367 2373 115 75 proof;
507 2373 35 75 to
568 2373 65 75 this
661 2373 56 75 put
733 2373 33 75 as
783 2373 93 75 much
892 2373 119 75 wheat'
1011 2373 38 75 or
1065 2373 95 75 bean-

136 2418 80 75 flour
233 2418 32 75 as
283 2418 65 75 will
370 2418 104 75 knead
501 2418 25 75 it
552 2418 68 75 into
643 2418 120 75 dough,
787 2418 57 75 put
868 2418 25 75 it
909 2418 32 75 in
958 2418 75 75 long
1055 2418 104 75 pieces

127 2465 75 75 into
221 2465 55 75 the
302 2465 186 75 bung-hole,
513 2465 33 75 as
574 2465 74 75 foon
666 2465 33 75 as
716 2465 55 75 the
787 2465 75 75 beer
877 2465 56 75 has
951 2465 83 75 done
1053 2465 105 75 work-

135 2510 65 75 ing,
225 2510 37 75 or
278 2510 197 75 aftorwards,
502 2510 61 75 and
585 2510 46 75 let
657 2510 26 75 it
710 2510 111 75 gently
835 2510 57 75 fall
908 2510 87 75 piece
1011 2510 43 75 by
1071 2510 87 75 piece

134 2556 36 75 to
187 2556 54 75 the
257 2556 125 75 bottom
399 2556 39 75 of
460 2556 54 75 the
531 2556 70 75 butt
617 2556 10 75 ;
649 2556 63 75 this
735 2556 67 75 will
824 2556 150 75 maintain
991 2556 55 75 the
1062 2556 95 75 diink

134 2602 33 75 in
191 2602 18 75 a
225 2602 125 75 mellow
372 2602 161 75 frelhnefs,
559 2602 79 75 keep
661 2602 144 75 ftalenefs
829 2602 50 75 off
898 2602 50 75 for
965 2602 84 75 fome
1066 2602 89 75 time,

134 2648 62 75 and
213 2648 89 75 caufe
319 2648 25 75 it
360 2648 35 75 to
411 2648 39 75 be
466 2648 55 75 the
538 2648 139 75 flronger
689 2648 33 75 as
734 2648 25 75 it
771 2648 104 75 grows
888 2648 92 75 aged.

567 2703 158 75 Another.

179 2755 110 75 Take
309 2755 59 75 one
383 2755 108 75 pound
514 2755 41 75 of
572 2755 132 75 treacle,
729 2755 37 75 or
781 2755 117 75 honey,
923 2755 60 75 one
998 2755 107 75 pound
1122 2755 40 75 of

132 2801 56 75 the
201 2801 128 75 powder
341 2801 40 75 of
392 2801 91 75 dried
499 2801 223 75 oyfter-lhells,
741 2801 43 75 .or
800 2801 46 75 fat
859 2801 105 75 chalk,
990 2801 67 75 mix
1068 2801 89 75 them

131 2846 85 75 well,
242 2846 63 75 and
320 2846 55 75 put
391 2846 26 75 it
433 2846 68 75 into
517 2846 19 75 a
546 2846 84 75 butt,
656 2846 33 75 as
702 2846 76 75 foon
791 2846 33 75 as
843 2846 24 75 it
883 2846 56 75 has
956 2846 83 75 done
1051 2846 104 75 work-

130 2892 67 75 ing,
223 2892 36 75 or
276 2892 83 75 fome
376 2892 76 75 time
469 2892 93 75 after,
587 2892 62 75 and
660 2892 86 75 bung
757 2892 25 75 it
799 2892 93 75 well;
919 2892 63 75 this
999 2892 65 75 will
1077 2892 80 75 both

129 2939 61 75 fine
207 2939 61 75 and
284 2939 142 75 preferve
443 2939 55 75 the
514 2939 74 75 beer
595 2939 38 75 in
648 2939 19 75 a
681 2939 77 75 foft,
782 2939 122 75 fmooth
922 2939 164 75 condition
1105 2939 52 75 for

128 2985 20 75 a
162 2985 90 75 great
268 2985 106 75 while.

268 3034 97 75 Vol.
375 3034 40 75 'I.
463 3034 71 75 No.
553 3034 58 75 39.

1316 152 19 75 I
1450 152 45 75 N
1610 152 53 75 G.

2179 152 77 75 673

1662 219 157 75 Another.

1276 275 110 75 Take
1406 275 19 75 a
1440 275 81 75 peck
1537 275 41 75 of
1589 275 181 75 egg-(hells,
1796 275 60 75 and
1874 275 61 75 dry
1953 275 88 75 them
2061 275 31 75 in
2110 275 38 75 an
2166 275 92 75 oven,

1228 321 99 75 break
1345 321 62 75 and
1424 321 69 75 mix
1509 321 89 75 them
1615 321 78 75 with
1720 321 66 75 two
1814 321 121 75 pounds
1952 321 41 75 of
2003 321 48 75 fat
2065 321 105 75 chalk,
2196 321 63 75 and

1226 367 68 75 mix
1309 367 89 75 them
1411 367 78 75 with
1506 367 100 75 water
1629 367 139 75 wherein
1796 367 74 75 four
1894 367 123 75 pounds
2034 367 39 75 of
2084 367 106 75 coarfe
2204 367 52 75 fu-

1227 413 57 75 gar
1299 413 81 75 have
1396 413 81 75 been
1493 413 120 75 boiled,
1641 413 61 75 and
1717 413 59 75 put
1790 413 27 75 it
1841 413 69 75 into
1938 413 55 75 the
2013 413 72 75 butt
2102 413 33 75 as
2152 413 104 75 afore-

1223 459 79 75 faid.

1225 513 44 75 To
1276 513 71 75 fine
1362 513 69 75 and
1436 513 151 75 preferve
1615 513 100 75 Beers
1742 513 71 75 and
1825 513 93 75 Ales,
1943 513 35 75 hy
1995 513 127 75 boiling
2137 513 44 75 an
2200 513 55 75 In-

1533 558 153 75 gredient
1702 558 36 75 in
1763 558 52 75 the
1830 558 103 75 Wort.

1269 617 40 75 In
1337 617 77 75 each
1442 617 238 75 barrel-copper
1706 617 41 75 of
1766 617 94 75 wort,
1886 617 57 75 put
1960 617 31 75 in
2008 617 66 75 two
2092 617 109 75 quarts
2219 617 41 75 of

1222 664 103 75 whole
1342 664 104 75 wheat
1463 664 32 75 as
1520 664 75 75 foon
1619 664 33 75 as
1669 664 138 75 poflible,
1832 664 72 75 that
1921 664 27 75 it
1964 664 72 75 may
2052 664 76 75 foak
2145 664 110 75 before

1221 709 25 75 it
1263 709 105 75 boils;
1395 709 75 75 then
1487 709 93 75 (train
1596 709 26 75 it
1638 709 140 75 through
1795 709 18 75 a
1829 709 91 75 fieve,
1946 709 62 75 and
2024 709 57 75 put
2098 709 56 75 the
2174 709 80 75 wort

1224 756 31 75 in
1284 756 238 75 cooling-tubs:
1548 756 95 75 Thus
1667 756 92 75 there
1785 756 67 75 will
1880 756 39 75 be
1935 756 165 75 extra&ed
2123 756 19 75 a
2157 756 98 75 gluey

1223 801 196 75 confidence,
1446 801 116 75 which,
1588 801 94 75 being
1705 801 225 75 incorporated
1945 801 78 75 with
2041 801 55 75 the
2112 801 83 75 wort
2211 801 43 75 by

1222 847 132 75 boiling,
1378 847 88 75 gives
1481 847 26 75 it
1524 847 18 75 a
1558 847 89 75 more
1664 847 90 75 thick
1780 847 62 75 and
1859 847 179 75 ponderous
2054 847 98 75 body,
2177 847 74 75 and,

1222 893 91 75 when
1330 893 32 75 in
1379 893 55 75 the
1461 893 83 75 calk,
1570 893 76 75 foon
1674 893 108 75 makes
1803 893 19 75 a
1837 893 153 75 fediment
2007 893 38 75 or
2060 893 61 75 lee,
2147 893 42 75 as.
2197 893 55 75 the

1223 938 80 75 wort
1320 938 26 75 is
1363 938 89 75 more
1468 938 37 75 or
1521 938 61 75 lefs
1598 938 117 75 loaded
1731 938 79 75 with
1826 938 55 75 the
1898 938 141 75 weighty
2056 938 148 75 particles
2217 938 41 75 of

1221 986 64 75 this
1302 986 65 75 fizy
1383 986 107 75 body;
1516 986 59 75 but
1599 986 31 75 if
1647 986 55 75 the
1722 986 106 75 wheat
1850 986 84 75 were
1960 986 63 75 firfl
2040 986 149 75 parched,
2214 986 40 75 or

1222 1031 103 75 baked
1344 1031 31 75 in
1393 1031 38 75 an
1461 1031 93 75 oven,
1579 1031 26 75 it
1634 1031 108 75 would
1769 1031 42 75 do
1835 1031 117 75 better,
1977 1031 34 75 as
2034 1031 94 75 being
2145 1031 106 75 rather

1221 1079 55 75 too
1289 1079 64 75 raw
1366 1079 33 75 as
1412 1079 26 75 it
1451 1079 105 75 comes
1569 1079 85 75 from
1665 1079 55 75 the
1734 1079 64 75 ear.

1432 1134 44 75 To
1482 1134 74 75 fiop
1572 1134 52 75 the
1641 1134 77 75 Fret
1740 1134 36 75 in
1793 1134 246 75 Malt-liquors.

1264 1198 111 75 Take
1395 1198 18 75 a
1429 1198 95 75 quart
1541 1198 40 75 of
1592 1198 95 75 black
1703 1198 270 75 cherry-brandy,
1998 1198 62 75 and
2076 1198 80 75 pour
2175 1198 26 75 it
2216 1198 33 75 in

1218 1243 33 75 at
1268 1243 55 75 the
1340 1243 177 75 bung-hole
1534 1243 41 75 of
1586 1243 55 75 the
1657 1243 170 75 hoglhead,
1853 1243 60 75 and
1930 1243 67 75 flop
2017 1243 26 75 it
2060 1243 94 75 clofe.

1499 1297 44 75 To
1567 1297 129 75 recover
1718 1297 131 75 deadifh
1867 1297 98 75 Beer.

1263 1352 123 75 When
1406 1352 104 75 firong
1527 1352 95 75 drink
1650 1352 105 75 grows
1772 1352 68 75 flat,
1865 1352 44 75 by
1925 1352 56 75 the
1997 1352 65 75 lofs
2075 1352 40 75 of
2125 1352 44 75 its
2186 1352 60 75 fpi-

1216 1398 69 75 rits,
1310 1398 75 75 take
1412 1398 74 75 four
1511 1398 42 75 or
1573 1398 62 75 five
1659 1398 124 75 gallons
1809 1398 57 75 out
1892 1398 42 75 of
1955 1398 19 75 a
1990 1398 170 75 hogftiead,
2185 1398 63 75 and

1216 1444 65 75 boil
1299 1444 26 75 it
1347 1444 78 75 with
1449 1444 61 75 five
1536 1444 122 75 pounds
1682 1444 40 75 of
1744 1444 118 75 honey,
1888 1444 77 75 (kim
1988 1444 39 75 it,
2052 1444 73 75 and,
2153 1444 92 75 when

1218 1489 85 75 cold,
1328 1489 57 75 put
1402 1489 26 75 it
1444 1489 35 75 to
1505 1489 56 75 the
1577 1489 73 75 red,
1676 1489 62 75 and
1766 1489 67 75 (top
1849 1489 25 75 it
1891 1489 42 75 up
1949 1489 102 75 clofe:
2077 1489 86 75 This
2181 1489 64 75 will

1216 1537 90 75 make
1322 1537 27 75 it
1365 1537 150 75 pleafant,
1540 1537 109 75 quick,
1663 1537 62 75 and
1741 1537 118 75 drong.

1452 1591 45 75 To
1514 1591 88 75 make
1608 1591 90 75 fiale
1715 1591 84 75 Beer
1811 1591 95 75 drink
1924 1591 85 75 new.

1261 1643 109 75 Take
1400 1643 56 75 the
1482 1643 80 75 herb
1589 1643 201 75 horehound,
1827 1643 98 75 damp
1947 1643 27 75 it
1997 1643 63 75 and
2086 1643 93 75 drain
2204 1643 39 75 it,

1216 1689 75 75 then
1310 1689 57 75 put
1394 1689 19 75 a
1439 1689 147 75 fpoonful
1615 1689 40 75 of
1677 1689 54 75 the
1761 1689 83 75 juice
1862 1689 120 75 (which
1999 1689 26 75 is
2043 1689 39 75 an
2100 1689 144 75 extreme

1219 1735 84 75 good
1320 1735 154 75 peidoral)
1493 1735 34 75 to
1552 1735 17 75 a
1585 1735 124 75 pitcher
1736 1735 59 75 full
1822 1735 39 75 of
1874 1735 85 75 beer,
1983 1735 46 75 let
2045 1735 26 75 it
2087 1735 88 75 (land
2188 1735 55 75 co-

1216 1782 95 75 vered
1328 1782 97 75 about
1441 1782 65 75 two
1522 1782 111 75 hours,
1646 1782 62 75 and
1718 1782 96 75 drink
1825 1782 39 75 it.

1541 1835 45 75 To
1588 1835 70 75 fine
1668 1835 245 75 Malt-liquors.

1260 1889 111 75 Take
1390 1889 18 75 a
1435 1889 69 75 pint
1532 1889 40 75 of
1594 1889 111 75 water,
1730 1889 73 75 half
1821 1889 38 75 an
1887 1889 100 75 ounce
2014 1889 41 75 of
2075 1889 168 75 unflacked

1213 1935 87 75 lime,
1325 1935 68 75 mix
1408 1935 90 75 them
1525 1935 71 75 well
1626 1935 168 75 together;
1820 1935 44 75 let
1876 1935 25 75 it
1919 1935 194 75 flandthree
2128 1935 110 75 hours,

1215 1982 61 75 and
1292 1982 56 75 the
1377 1982 75 75 lime
1479 1982 66 75 will
1569 1982 92 75 fettle
1683 1982 35 75 to
1746 1982 54 75 the
1827 1982 140 75 bottom,
1991 1982 63 75 and
2070 1982 55 75 the
2135 1982 107 75 >wate^

1213 2028 39 75 be
1275 2028 34 75 as
1333 2028 84 75 clear
1433 2028 34 75 as
1484 2028 102 75 glafs;
1613 2028 81 75 pour
1717 2028 56 75 the
1790 2028 97 75 water
1903 2028 84 75 from
2004 2028 54 75 the
2074 2028 174 75 fediment^,

1214 2073 61 75 and
1293 2073 59 75 put
1380 2073 27 75 it
1430 2073 67 75 into
1525 2073 81 75 your
1633 2073 49 75 ale
1706 2073 37 75 or
1770 2073 98 75 beer;
1895 2073 69 75 mix
1978 2073 27 75 it
2022 2073 78 75 with
2115 2073 73 75 half
2199 2073 41 75 aii

1211 2118 100 75 ounce
1338 2118 40 75 of
1396 2118 184 75 ifing-glafs,
1606 2118 63 75 (irfl
1697 2118 55 75 cut
1778 2118 89 75 fmall
1894 2118 64 75 and
1973 2118 127 75 boiled;
2127 2118 62 75 and
2206 2118 33 75 in

1212 2164 61 75 five
1290 2164 97 75 hours
1399 2164 89 75 time,
1514 2164 36 75 or
1569 2164 71 75 lefs,
1665 2164 56 75 the
1737 2164 74 75 beer
1830 2164 32 75 in
1879 2164 56 75 the
1951 2164 103 75 barrel
2066 2164 66 75 will
2146 2164 120 75 fettle'.

1211 2210 61 75 and
1285 2210 41 75 be
1342 2210 97 75 clear.

1208 2316 155 75 TLeceipt
1372 2316 69 75 for
1453 2316 148 75 making
1628 2316 106 75 Balls
1750 2316 69 75 for
1822 2316 139 75 fining,
1968 2316 168 75 feeding,
2150 2316 86 75 pre-

1248 2367 172 75 ferving,
1451 2367 186 75 relifhing,
1661 2367 75 75 and
1747 2367 190 75 colouring
1953 2367 100 75 Malt
2076 2367 157 75 Drinks,

1256 2417 140 75 Wines,
1417 2417 73 75 and
1503 2417 144 75 Cyders.

1589 2472 123 75 Brown
1740 2472 107 75 Balls.

1253 2526 250 75 Alabaster,
1528 2526 37 75 or
1581 2526 119 75 marble
1725 2526 140 75 calcined
1881 2526 67 75 into
1965 2526 18 75 a
1999 2526 143 75 powder,
2167 2526 66 75 two

1205 2572 135 75 pounds.
1388 2572 236 75 Oyfler-fhells,
1653 2572 18 75 a
1686 2572 84 75 little
1797 2572 141 75 calcined
1965 2572 60 75 and
2043 2572 89 75 freed
2147 2572 86 75 from

1205 2618 83 75 their
1324 2618 110 75 brown
1469 2618 36 75 or
1541 2618 233 75 dirt-coloured
1811 2618 147 75 out-fide,
2007 2618 60 75 one
2108 2618 121 75 pound.

1207 2664 84 75 Pure
1318 2664 47 75 fat
1393 2664 106 75 chalk,
1529 2664 73 75 well
1629 2664 104 75 dried,
1758 2664 59 75 one
1850 2664 119 75 pound,
2028 2664 202 75 Horfe-bean

1205 2709 93 75 flour,
1323 2709 63 75 firft
1402 2709 90 75 freed
1507 2709 84 75 from
1608 2709 54 75 the
1677 2709 96 75 hulls,
1799 2709 60 75 one
1876 2709 119 75 pound.
2044 2709 75 75 Red
2135 2709 93 75 laun-

1205 2756 85 75 ders,
1315 2756 73 75 four
1414 2756 129 75 ounces.
1592 2756 122 75 Grains
1742 2756 39 75 of
1799 2756 153 75 paradife,
1977 2756 73 75 half
2061 2756 37 75 an
2115 2756 114 75 ounce.

1206 2803 113 75 Floren
1337 2803 50 75 ine
1414 2803 203 75 orrice-root,
1641 2803 74 75 half
1725 2803 38 75 an
1787 2803 113 75 ounce.
1950 2803 278 75 Coriander-feed,

1206 2847 18 75 a
1240 2847 127 75 quarter
1383 2847 40 75 of
1435 2847 38 75 an
1500 2847 113 75 ounce.
1662 2847 131 75 Cloves,
1818 2847 38 75 in.
1868 2847 131 75 number
2015 2847 57 75 fix.
2121 2847 105 75 Hops,

1204 2894 73 75 half
1289 2894 38 75 an
1354 2894 113 75 ounce.
1515 2894 75 75 The
1617 2894 65 75 beft
1707 2894 95 75 ftaple
1820 2894 116 75 inciled
1952 2894 184 75 ifing-glafs,
2162 2894 66 75 two

1205 2941 128 75 ounces.
1379 2941 77 75 The
1472 2941 63 75 firft
1556 2941 151 75 runnings
1734 2941 39 75 of
1792 2941 55 75 the
1863 2941 158 75 molofles,
2046 2941 35 75 or
2099 2941 129 75 treacle,

1205 2987 65 75 two
1286 2987 135 75 pounds.

1707 3034 19 75 8
1750 3034 36 75 H

1089 3045 17 75 3

2121 3034 8 75 '
2147 3034 83 75 Pale
