2493 3387
703 172 993 75 ASTRONOMY.

2175 190 88 75 419

147 247 97 75 hours
269 247 43 75 48
335 247 136 75 minutes
500 247 68 75 52-5-
592 247 143 75 feconds,
762 247 33 75 as
817 247 71 75 feen
914 247 33 75 at
971 247 72 75 that
1065 247 112 75 place;

147 294 105 75 which
268 294 66 75 was
352 294 18 75 2
389 294 135 75 minutes
544 294 43 75 3-J
603 294 132 75 feconds
751 294 60 75 lefs
828 294 78 75 than
918 294 34 75 as
965 294 70 75 feen
1049 294 33 75 at
1093 294 87 75 Her-

147 340 118 75 nofand
282 340 32 75 in
327 340 150 75 Sweden.

192 386 49 75 At
256 386 161 75 Madrals,
435 386 244 75 the-Reverend
691 386 60 75 Mr
762 386 90 75 Hirft
864 386 154 75 obferved
1030 386 56 75 the
1098 386 81 75 total

145 434 119 75 ingrefs
287 434 36 75 to
339 434 40 75 be
396 434 33 75 at
449 434 18 75 7
485 434 97 75 hours
602 434 42 75 47
662 434 138 75 minutes
820 434 41 75 55
879 434 131 75 feconds
1027 434 153 75 apparent

146 480 77 75 time
239 480 32 75 in
287 480 56 75 the
366 480 159 75 morning,
551 480 62 75 and
636 480 56 75 the
717 480 170 75 beginning
909 480 40 75 of
967 480 105 75 egrefs
1097 480 33 75 at
1158 480 14 75 1

145 526 84 75 hour
246 526 43 75 39
306 526 137 75 minutes
468 526 41 75 38
537 526 132 75 feconds
692 526 66 75 part
783 526 221 75 noon.—The
1027 526 148 75 duration

145 572 144 75 between
305 572 87 75 thefe
409 572 66 75 two
496 572 138 75 internal
658 572 142 75 contafts
817 572 63 75 was
899 572 18 75 5
936 572 98 75 hours
1056 572 39 75 51
1117 572 58 75 mi-

145 619 92 75 nutes
256 619 42 75 43
318 619 145 75 feconds.

193 665 160 75 Profeifor
364 665 169 75 Mathenci
551 665 32 75 at
599 665 147 75 Bologna
762 665 151 75 obferved
930 665 55 75 the
1003 665 172 75 beginning

146 712 40 75 of
206 712 104 75 egrefs
326 712 36 75 to
378 712 40 75 be
431 712 32 75 at
482 712 21 75 9
519 712 98 75 hours
634 712 21 75 4
668 712 135 75 minutes
818 712 42 75 38
878 712 144 75 feconds.

192 757 48 75 At
257 757 163 75 Calcutta,
448 757 150 75 (latitude
618 757 40 75 22
658 739 26 49 0
705 757 54 75 30'
776 757 109 75 north,
902 757 110 75 nearly
1025 757 43 75 92
1068 739 25 49 0
1111 757 65 75 eaft

143 804 168 75 longitude
328 804 84 75 from
428 804 171 75 London),
624 804 58 75 Mr
706 804 149 75 William
879 804 119 75 Magee
1022 804 154 75 obferved

145 850 54 75 the
215 850 79 75 total
310 850 118 75 ingrefs
450 850 34 75 to
500 850 40 75 be
560 850 32 75 at
610 850 20 75 8
647 850 98 75 hours
764 850 44 75 20
825 850 136 75 minutes
982 850 41 75 58
1041 850 131 75 feconds

144 896 32 75 in
193 896 55 75 the
266 896 157 75 morning,
448 896 63 75 and
534 896 55 75 the
606 896 170 75 beginning
792 896 41 75 of
851 896 104 75 egrefs
978 896 36 75 to
1037 896 40 75 be
1100 896 32 75 at
1151 896 18 75 2

142 943 98 75 hours
261 943 37 75 11
318 943 137 75 minutes
473 943 44 75 34
532 943 131 75 feconds
691 943 32 75 in
747 943 55 75 the
824 943 194 75 afternoon.;
1044 943 55 75 the
1112 943 59 75 du-

143 989 104 75 ration
264 989 143 75 between
428 989 55 75 the
500 989 66 75 two
585 989 136 75 internal
738 989 140 75 contacts
893 989 18 75 5
928 989 100 75 hours
1046 989 44 75 50
1113 989 59 75 mi-

142 1036 91 75 nutes
252 1036 43 75 36
313 1036 143 75 feconds.

187 1082 48 75 At
251 1082 55 75 the
323 1082 91 75 Cape
430 1082 41 75 of
489 1082 101 75 Good
606 1082 109 75 Hope,
743 1082 34 75 (1
798 1082 82 75 hour
900 1082 39 75 13
965 1082 135 75 minutes
1126 1082 42 75 35

140 1128 131 75 feconds
288 1128 62 75 eaft
375 1128 84 75 from
480 1128 226 75 Greenwich),
731 1128 59 75 Mr
805 1128 116 75 Mafon
945 1128 153 75 obferved
1114 1128 56 75 the

140 1174 171 75 beginning
327 1174 41 75 of
385 1174 104 75 egrefs
505 1174 36 75 to
558 1174 38 75 be
612 1174 33 75 at
662 1174 21 75 9
707 1174 98 75 hours
824 1174 45 75 39
894 1174 138 75 minutes
1063 1174 43 75 50
1122 1174 47 75 fe-

139 1222 99 75 conds
254 1222 33 75 in
303 1222 56 75 the
374 1222 157 75 morning.

188 1269 57 75 All
267 1269 87 75 thefe
376 1269 94 75 times
486 1269 55 75 are
565 1269 152 75 colleifted
739 1269 85 75 from
848 1269 56 75 the
928 1269 162 75 obfervers
1113 1269 53 75 ac-

140 1315 126 75 counts,
290 1315 127 75 printed
432 1315 32 75 in
480 1315 56 75 the
552 1315 236 75 Philofophical
803 1315 228 75 Tranfadtions
1044 1315 51 75 for
1111 1315 57 75 the

141 1361 92 75 years
255 1361 86 75 1762
360 1361 62 75 and
446 1361 101 75 1763,
572 1361 33 75 in
629 1361 105 75 which
759 1361 91 75 there
873 1361 53 75 are
941 1361 119 75 feveral
1077 1361 95 75 other

141 1406 96 75 other
252 1406 151 75 accounts
419 1406 70 75 that
502 1406 53 75 are
571 1406 57 75 not
644 1406 337 75 tranfcribed.—The
996 1406 128 75 inftants
1136 1406 41 75 of

142 1453 139 75 Venus’s
298 1453 81 75 total
395 1453 69 75 exit
480 1453 85 75 from
581 1453 55 75 the
651 1453 57 75 fun
732 1453 53 75 are
809 1453 139 75 likewife
972 1453 196 75 mentioned,

143 1498 58 75 but
217 1498 77 75 they
311 1498 53 75 are
384 1498 75 75 here
475 1498 61 75 left
552 1498 69 75 out,
646 1498 33 75 as
696 1498 57 75 not
770 1498 40 75 of
828 1498 62 75 any
907 1498 53 75 ule
982 1498 52 75 for
1049 1498 120 75 finding

143 1545 55 75 the
215 1545 83 75 fun’s
315 1545 156 75 parallax.

154 1592 11 75 -
188 1592 169 75 Whoever
369 1592 163 75 compares
544 1592 86 75 thefe
646 1592 93 75 times
751 1592 39 75 of
802 1592 54 75 the
867 1592 139 75 internal
1015 1592 153 75 contadls,

143 1638 33 75 as
200 1638 93 75 given
309 1638 32 75 in
365 1638 42 75 by
423 1638 150 75 different
588 1638 177 75 obfervers,
788 1638 67 75 will
871 1638 66 75 find
959 1638 76 75 fuch
1056 1638 113 75 differ-

142 1685 92 75 ences
252 1685 114 75 among
382 1685 100 75 them,
507 1685 79 75 even
611 1685 90 75 thofe
725 1685 107 75 which
854 1685 86 75 were
963 1685 96 75 taken
1084 1685 86 75 upon

142 1732 56 75 the
220 1732 82 75 fame
323 1732 83 75 fpot,
432 1732 33 75 as
489 1732 66 75 will
579 1732 94 75 fhew,
698 1732 72 75 that
791 1732 56 75 the
872 1732 113 75 inftant
1009 1732 40 75 of
1068 1732 103 75 either

143 1778 125 75 contaft
284 1778 96 75 could
395 1778 56 75 not
475 1778 40 75 be
537 1778 34 75 fo
596 1778 181 75 accurately
792 1778 165 75 perceived
982 1778 43 75 by
1042 1778 54 75 the
1112 1778 59 75 ob-

142 1824 120 75 fervers
280 1824 34 75 as
331 1824 189 75 Dr'Halley
535 1824 138 75 thought
695 1824 26 75 it
744 1824 92 75 could
850 1824 10 75 ;
886 1824 105 75 which
1015 1824 156 75 probably

141 1871 96 75 arifes
253 1871 83 75 from
354 1871 56 75 the
425 1871 173 75 difference
614 1871 41 75 of
672 1871 130 75 peoples
827 1871 87 75 eyes,
940 1871 62 75 and
1026 1871 55 75 the
1105 1871 64 75 dif-

140 1917 105 75 ferent
269 1917 197 75 magnifying
492 1917 124 75 powers
644 1917 41 75 of
709 1917 89 75 thofe
825 1917 173 75 telefcopes
1026 1917 142 75 through

140 1964 106 75 which
263 1964 56 75 the
336 1964 140 75 contadls
492 1964 83 75 were
590 1964 172 75 feen.—If
779 1964 43 75 all
839 1964 55 75 the
917 1964 163 75 obferVers
1104 1964 64 75 had

140 2010 93 75 made
249 2010 53 75 ufe
318 2010 40 75 of
376 2010 94 75 equal
492 2010 197 75 magnifying
705 2010 138 75 powers,
869 2010 91 75 there
984 2010 58 75 can
1063 2010 39 75 be
1125 2010 43 75 no

141 2055 102 75 doubt
253 2055 59 75 but
327 2055 72 75 that
414 2055 56 75 the
486 2055 94 75 times
596 2055 108 75 would
720 2055 81 75 have
820 2055 88 75 more
924 2055 111 75 nearly
1050 2055 117 75 coinci-

141 2100 84 75 ded;
251 2100 81 75 fince
348 2100 26 75 it
389 2100 26 75 is
431 2100 98 75 plain,
553 2100 70 75 that
638 2100 165 75 fuppofing
819 2100 41 75 all
878 2100 84 75 their
982 2100 74 75 eyes
1076 2100 35 75 to
1127 2100 41 75 be

141 2146 130 75 equally
286 2146 97 75 quick
399 2146 62 75 and
478 2146 96 75 good,
598 2146 78 75 they
692 2146 105 75 whofe
809 2146 171 75 telefcopes
996 2146 171 75 magnified

141 2192 80 75 moft
237 2192 107 75 would
358 2192 144 75 perceive
513 2192 57 75 the
580 2192 89 75 point
680 2192 40 75 of
737 2192 135 75 internal
891 2192 124 75 contadi
1030 2192 134 75 fooheft,

143 2239 62 75 and
221 2239 41 75 of
280 2239 55 75 the
351 2239 81 75 total
448 2239 68 75 exit
531 2239 103 75 lateft.

189 2285 58 75 Mr
270 2285 112 75 Short,
406 2285 36 75 in
462 2285 19 75 a
503 2285 95 75 paper
621 2285 163 75 publifhed
806 2285 32 75 in
856 2285 55 75 the
929 2285 235 75 Philofophical

141 2331 238 75 Tranfadtions,
396 2331 79 75 Vol.
494 2331 80 75 LII.
591 2331 78 75 Part
685 2331 48 75 II.
751 2331 56 75 has
823 2331 95 75 taken
936 2331 39 75 an
991 2331 174 75 incredible

141 2378 72 75 deal
225 2378 44 75 of
286 2378 88 75 pains
390 2378 32 75 in
438 2378 157 75 deducing
616 2378 55 75 the
695 2378 148 75 quantity
868 2378 41 75 of
927 2378 55 75 the
1006 2378 85 75 fun’s
1107 2378 55 75 pa-

141 2425 116 75 rallax,
280 2425 85 75 from
381 2425 55 75 the
459 2425 65 75 beft
548 2425 40 75 of
605 2425 90 75 thofe
716 2425 214 75 obfervations
953 2425 107 75 which
1080 2425 84 75 were

1228 247 91 75 made
1343 247 80 75 both
1447 247 33 75 in
1504 247 126 75 Britain
1655 247 62 75 and
1734 247 141 75 abroad;
1900 247 63 75 and
1979 247 81 75 finds
2082 247 26 75 it
2126 247 34 75 to
2176 247 83 75 have

1227 293 79 75 been
1324 293 20 75 8
1344 275 24 49 //
1368 293 58 75 .52
1445 293 42 75 on
1508 293 57 75 the
1589 293 64 75 day
1668 293 40 75 of
1727 293 55 75 the
1800 293 109 75 tranfit
1926 293 92 75 when
2034 293 56 75 the
2111 293 56 75 fun
2192 293 66 75 was

1227 338 78 75 very
1320 338 111 75 nearly
1446 338 32 75 at
1501 338 51 75 his
1568 338 136 75 greateft
1726 338 137 75 diftance
1879 338 85 75 from
1982 338 55 75 the
2052 338 92 75 earth
2156 338 10 75 ;
2194 338 63 75 and

1229 386 224 75 confequentl-y
1470 386 102 75 8".6j
1593 386 94 75 when
1707 386 56 75 the
1778 386 57 75 fun
1852 386 25 75 is
1895 386 33 75 at
1943 386 51 75 his
2010 386 91 75 mean
2118 386 140 75 diftance

1227 433 83 75 from
1327 433 56 75 the
1394 433 104 75 earth.

1271 479 77 75 The
1373 479 67 75 log.
1458 479 62 75 fine
1546 479 55 75 (or
1624 479 146 75 tangent)
1800 479 40 75 of
1860 479 103 75 8".63
1987 479 27 75 is
2040 479 215 75 5.6219140,

1224 525 105 75 which
1355 525 93 75 being
1475 525 180 75 fubtradted
1682 525 84 75 from
1795 525 56 75 the
1879 525 108 75 radius
2021 525 233 75 10.0000000,

1225 572 104 75 leaves
1346 572 175 75 remaining
1537 572 57 75 the
1606 572 174 75 logarithm
1797 572 213 75 4.3780860,
2036 572 107 75 whofe
2164 572 92 75 num-

1224 618 55 75 ber
1296 618 26 75 is
1342 618 198 75 23882.84;
1566 618 107 75 which
1689 618 27 75 is
1734 618 54 75 the
1800 618 135 75 number
1950 618 41 75 of
2007 618 252 75 femidiameters

1223 665 39 75 of
1281 665 55 75 the
1352 665 92 75 earth
1467 665 71 75 that
1562 665 56 75 the
1641 665 56 75 fun
1722 665 27 75 is
1775 665 116 75 diftant
1907 665 84 75 from
2008 665 167 75 it.—And
2190 665 67 75 this

1223 712 57 75 laft
1296 712 145 75 number,
1467 712 190 75 23882.84,
1683 712 95 75 being
1800 712 180 75 multiplied
2002 712 44 75 by
2069 712 104 75 3985,
2199 712 58 75 the

1223 758 134 75 number
1372 758 41 75 of
1432 758 131 75 Englifh
1580 758 91 75 miles
1688 758 170 75 contained
1875 758 33 75 in
1920 758 55 75 the
1992 758 118 75 earth’s
2128 758 126 75 femidi-

1223 804 132 75 ameter,
1380 804 88 75 gives
1487 804 211 75 95,173,117
1716 804 91 75 miles
1833 804 85 75 from
1940 804 57 75 the
2020 804 120 75 earth’s
2163 804 92 75 mean

1220 852 136 75 diftance
1373 852 85 75 from
1475 852 56 75 the
1547 852 177 75 fun.—But
1740 852 133 75 becaufe
1889 852 26 75 it
1927 852 26 75 is
1966 852 184 75 impoflible,
2168 852 87 75 from

1221 898 54 75 the
1292 898 97 75 niceft
1403 898 216 75 obfervations
1639 898 40 75 of
1697 898 56 75 the
1776 898 84 75 fun’s
1885 898 157 75 parallax,
2068 898 35 75 to
2128 898 39 75 be
2183 898 73 75 fure

1220 945 40 75 of
1278 945 50 75 his
1344 945 73 75 true
1432 945 137 75 diftance
1586 945 85 75 from
1684 945 55 75 the
1756 945 90 75 earth
1863 945 112 75 within
1996 945 65 75 100
2077 945 104 75 miles,
2204 945 51 75 we

1221 990 75 75 lhall
1314 990 32 75 at
1362 990 137 75 prefent,
1525 990 53 75 for
1590 990 55 75 the
1661 990 73 75 fake
1750 990 42 75 of
1802 990 103 75 round
1921 990 163 75 numbers,
2108 990 78 75 ftate
2197 990 59 75 the

1221 1038 118 75 earth’s
1355 1038 91 75 mean
1458 1038 137 75 diftance
1607 1038 85 75 frem
1704 1038 58 75 the
1771 1038 57 75 fun
1841 1038 32 75 at
1890 1038 215 75 95,173,000
2122 1038 134 75 Englifh

1219 1084 103 75 miles.

1256 1130 77 75 And
1345 1130 89 75 then,
1443 1130 85 75 from
1540 1130 55 75 the
1607 1130 149 75 numbers
1769 1130 63 75 and
1843 1130 160 75 analogies
2012 1130 33 75 in
2058 1130 17 75 §
2090 1130 53 75 11.
2154 1130 29 75 &
2198 1130 54 75 14.

1218 1175 40 75 of
1275 1175 60 75 Mr
1352 1175 128 75 Short’s
1496 1175 209 75 differtation,
1722 1175 49 75 we
1788 1175 65 75 find
1869 1175 55 75 the
1941 1175 91 75 mean
2049 1175 153 75 diftances
2219 1175 41 75 of

1217 1222 41 75 all
1272 1222 55 75 the
1343 1222 62 75 reft
1420 1222 40 75 of
1470 1222 56 75 the
1543 1222 122 75 planets
1681 1222 83 75 from
1781 1222 56 75 the
1853 1222 68 75 fun,
1942 1222 35 75 in
1988 1222 104 75 miles,
2110 1222 35 75 to
2161 1222 40 75 be
2217 1222 35 75 as

1216 1270 371 75 follows.—Mercury’s
1603 1270 150 75 diftance,
1780 1270 212 75 36,841,468
2009 1270 11 75 ;
2047 1270 138 75 Venus’s
2202 1270 51 75 di-

1216 1316 113 75 ftance,
1348 1316 213 75 68,891,486
1574 1316 10 75 ;
1602 1316 122 75 Mars’s
1737 1316 148 75 diftance,
1909 1316 257 75 145,014,148;
2192 1316 60 75 Ju-

1219 1362 109 75 piter’s
1356 1362 150 75 diftance,
1532 1362 264 75 494.990,976;
1830 1362 63 75 and
1921 1362 146 75 Saturn’s
2099 1362 153 75 diftance,

1221 1410 250 75 907,956,130.

1264 1455 76 75 The
1356 1455 232 75 femidiameter
1604 1455 42 75 of
1655 1455 55 75 the
1727 1455 120 75 earth’s
1864 1455 115 75 annual
2003 1455 87 75 orbit
2106 1455 96 75 being
2217 1455 34 75 e-

1218 1501 75 75 qual
1317 1501 36 75 to
1376 1501 56 75 the
1456 1501 120 75 earth’s
1603 1501 91 75 mean
1718 1501 137 75 dfftance
1882 1501 86 75 from
1995 1501 56 75 the
2075 1501 69 75 fun,
2178 1501 72 75 viz,

1218 1549 215 75 95,173,000
1468 1549 104 75 miles,
1621 1549 56 75 the
1719 1549 105 75 whole
1863 1549 154 75 diameter
2055 1549 149 75 thereof
2221 1549 29 75 is

1222 1596 238 75 190,346,ooq
1472 1596 118 75 miles.-
1624 1596 79 75 And
1719 1596 81 75 fince
1815 1596 56 75 the
1888 1596 247 75 circumference
2164 1596 41 75 of
2228 1596 20 75 a

1218 1641 95 75 circle
1329 1641 26 75 is
1373 1641 35 75 to
1431 1641 41 75 its
1489 1641 154 75 diameter
1658 1641 34 75 as
1712 1641 63 75 355
1794 1641 27 75 is
1844 1641 36 75 to
1901 1641 78 75 113,
2004 1641 56 75 the
2076 1641 174 75 circumfe-

1217 1686 94 75 rence
1334 1686 40 75 of
1385 1686 55 75 the
1463 1686 121 75 earth’s
1600 1686 85 75 orbit
1701 1686 28 75 is
1749 1686 238 75 597,989,646
2004 1686 104 75 miles.

1265 1733 89 75 And,
1379 1733 39 75 as
1431 1733 55 75 the
1503 1733 91 75 earth
1611 1733 238 75 defcribes’this
1866 1733 86 75 orbit
1978 1733 32 75 in
2041 1733 65 75 365
2125 1733 78 75 days
2222 1733 23 75 6

1218 1780 96 75 hours
1340 1780 54 75 (or
1409 1780 32 75 in
1459 1780 92 75 8766
1576 1780 115 75 hours)
1718 1780 26 75 it
1761 1780 27 75 is
1809 1780 85 75 plain
1922 1780 71 75 that
2020 1780 26 75 it
2074 1780 118 75 travels
2215 1780 37 75 at

1217 1826 55 75 the
1301 1826 66 75 rate
1383 1826 41 75 of
1435 1826 167 75 68,216.9
1618 1826 91 75 miles
1727 1826 96 75 every
1837 1826 95 75 hour,
1958 1826 63 75 and
2036 1826 211 75 confequent-

1216 1874 34 75 ly
1271 1874 125 75 1136.9
1415 1874 88 75 miles
1521 1874 96 75 every
1633 1874 140 75 minute;
1800 1874 34 75 fo
1850 1874 71 75 that
1937 1874 46 75 its
2001 1874 141 75 velocity
2157 1874 31 75 in
2205 1874 45 75 its

1217 1919 84 75 orbit
1326 1919 26 75 is
1380 1919 33 75 at
1437 1919 76 75 leaft
1541 1919 61 75 142
1622 1919 92 75 times
1735 1919 34 75 as
1792 1919 92 75 great
1902 1919 33 75 as
1952 1919 55 75 the
2023 1919 140 75 velocity
2178 1919 41 75 of
2230 1919 21 75 a

1217 1967 215 75 cannon-ball,
1458 1967 163 75 fuppofing
1638 1967 55 75 the
1709 1967 64 75 ball
1791 1967 36 75 to
1843 1967 93 75 move
1960 1967 143 75 through
2119 1967 20 75 8
2157 1967 93 75 miles

1215 2011 30 75 in
1259 2011 20 75 a
1288 2011 132 75 minute,
1438 2011 106 75 which
1561 2011 25 75 it
1602 2011 26 75 is
1646 2011 101 75 found
1759 2011 42 75 to
1815 2011 43 75 do
1873 2011 78 75 very
1964 2011 128 75 nearly:
2120 2011 77 75 And
2214 2011 38 75 at

1216 2058 62 75 this
1292 2058 66 75 rate
1375 2058 25 75 it
1423 2058 109 75 would
1555 2058 73 75 take
1648 2058 40 75 22
1715 2058 91 75 years
1825 2058 66 75 228
1909 2058 80 75 days
2004 2058 53 75 for
2073 2058 19 75 a
2108 2058 138 75 cannon-

1216 2105 63 75 ball
1297 2105 38 75 to
1348 2105 42 75 go
1406 2105 85 75 from
1508 2105 56 75 the
1578 2105 92 75 earth
1692 2105 36 75 to
1744 2105 55 75 the
1815 2105 69 75 fun.

1262 2150 53 75 Oh
1331 2150 56 75 the
1406 2150 45 75 3d
1465 2150 40 75 of
1516 2150 96 75 June,
1637 2150 32 75 in
1696 2150 56 75 the
1780 2150 76 75 year
1885 2150 101 75 1769,
2011 2150 112 75 Venus
2151 2150 99 75 agairr

1213 2196 104 75 parted
1332 2196 78 75 over
1426 2196 54 75 the
1493 2196 84 75 fun’s
1593 2196 80 75 diflc,
1692 2196 32 75 in
1738 2196 76 75 fuch
1826 2196 21 75 a
1857 2196 143 75 manner,
2018 2196 33 75 as
2064 2196 34 75 to
2111 2196 105 75 afford
2227 2196 23 75 a‘

1212 2242 94 75 much
1323 2242 95 75 eafier
1435 2242 62 75 and
1514 2242 106 75 better
1640 2242 133 75 method
1795 2242 41 75 of
1854 2242 219 75 inveftigating
2089 2242 55 75 the
2160 2242 86 75 fun’s

1213 2289 143 75 parallax
1372 2289 76 75 than
1464 2289 59 75 her
1534 2289 109 75 tranfit
1666 2289 31 75 in
1721 2289 55 75 the
1792 2289 83 75 year
1895 2289 104 75 17611
2046 2289 68 75 But
2131 2289 33 75 as
2181 2289 65 75 few

1213 2335 39 75 of
1275 2335 55 75 the
1358 2335 216 75 obfervations
1598 2335 86 75 upon
1711 2335 64 75 this
1802 2335 112 75 tranfit
1936 2335 81 75 have
2033 2335 33 75 as
2083 2335 55 75 yet
2163 2335 86 75 been

1211 2381 90 75 made
1319 2381 118 75 public,
1463 2381 48 75 we
1527 2381 58 75 can
1609 2381 77 75 only
1711 2381 72 75 give
1799 2381 57 75 the
1880 2381 179 75 following,
2084 2381 92 75 made
2200 2381 46 75 by

1212 2427 150 75 different
1378 2427 165 75 obfervers
1558 2427 33 75 at
1606 2427 154 75 London.

382 2803 48 75 N.
455 2803 199 75 Mafkelyne,

381 2849 55 75 M.
461 2849 163 75 Hitchins,

381 2894 61 75 W.
468 2894 101 75 Hirft,

382 2941 34 75 J.
442 2941 149 75 Horfley,

383 2986 37 75 S.
446 2986 114 75 Dunn,

380 3033 40 75 P.
446 3033 160 75 Dollond,

379 3079 46 75 E„
447 3079 139 75 Nairne,

762 2619 173 75 External’

781 2664 137 75 contact.

733 2755 34 75 h.
815 2755 13 75 '
906 2755 22 75 "

737 2806 26 75 7
808 2806 44 75 to
900 2806 41 75 58

738 2854 16 75 7
808 2854 43 75 10
900 2854 43 75 54

737 2898 17 75 7
810 2898 36 75 11
903 2898 36 75 11

738 2944 17 75 7
809 2944 41 75 10
898 2944 45 75 44

737 3000 23 75 7
807 3000 42 75 10
899 3000 42 75 37

735 3046 19 75 7
806 3046 38 75 11
900 3046 43 75 19

735 3093 17 75 7
805 3093 39 75 n
897 3093 43 75 3°

1235 2485 133 75 Thread
1380 2485 40 75 of

1018 2531 144 75 Regular
1201 2531 85 75 light
1325 2531 86 75 com-

987 2578 168 75 circumfe-
1184 2578 5 75 i
1202 2578 141 75 pleated,
1374 2578 38 75 or

986 2624 109 75 rences
1129 2624 33 75 in
1202 2624 56 75 the
1274 2624 137 75 internal

986 2670 138 75 contaift.
1185 2670 4 75 ‘
1202 2670 138 75 contaft.

1148 2719 23 75 -

971 2760 34 75 h.
1062 2760 11 75 '
1143 2760 24 75 "
1185 2760 6 75 j
1202 2760 36 75 h.
1290 2760 12 75 '
1382 2760 22 75 "

973 2809 18 75 7
1041 2809 42 75 28
1136 2809 39 75 31
1206 2809 18 75 7
1275 2809 48 75 29
1367 2809 41 75 23

973 2860 18 75 7
1041 2860 46 75 28
1134 2860 43 75 47
1206 2860 19 75 7
1274 2860 50 75 28.
1370 2860 25 75 5.
1395 2860 16 75 7

1204 2904 18 75 7
1272 2904 44 75 29
1368 2904 40 75 18

973 2948 17 75 7
1041 2948 49 75 28
1139 2948 39 75 15
1204 2948 20 75 7
1273 2948 45 75 29
1369 2948 40 75 28

974 2994 17 75 7
1042 2994 44 75 29
1135 2994 43 75 28
1205 2994 19 75 7
1273 2994 45 75 29
1366 2994 44 75 48

1172 3041 19 75 7
1239 3041 45 75 29
1333 3041 44 75 20

1172 3101 39 75 17
1259 3101 45 75 29
1352 3101 44 75 20

1840 2541 97 75 Mag-

1851 2586 88 75 nify-

1486 2631 297 75 Telefcopesmade
1852 2631 56 75 ing

1565 2674 53 75 ufe
1636 2674 48 75 of.

1835 2674 122 75 power.

1466 2813 17 75 2
1509 2813 66 75 feet
1596 2813 157 75 refteftor,

1465 2859 19 75 6
1501 2859 25 75 f.
1552 2859 157 75 refleftor,

1464 2906 19 75 2
1501 2906 26 75 f.
1553 2906 156 75 refleftor,

1443 2952 12 75 1
1462 2952 22 75 o
1498 2952 27 75 f.
1552 2952 207 75 achromatic,

1464 2999 44 75 3t
1523 2999 25 75 f.
1574 2999 206 75 achromatic,

1465 3048 43 75 3t
1524 3048 25 75 f.
1575 3048 206 75 achromatic,

1466 3095 17 75 2
1502 3095 26 75 f.
1553 3095 155 75 refleftor,

1842 2819 66 75 140

1862 2865 46 75 90

1863 2921 42 75 55
1863 2957 44 75 50

1841 3003 66 75 140

1841 3049 66 75 150

1842 3098 70 75 120.

2127 3142 117 75 When
