2428 3377
180 175 80 75 2o8

727 175 41 75 A
884 175 42 75 N
1042 178 41 75 A
1195 178 39 75 T
1348 178 42 75 O
1504 178 49 75 M
1665 178 54 75 Y.

2123 178 99 75 Part
2241 178 51 75 II.

566 265 258 75 BICEPS.

225 342 99 75 This
342 342 117 75 mufcle
475 342 26 75 is
526 342 93 75 made
643 342 41 75 up
709 342 39 75 of
766 342 67 75 two
856 342 159 75 portions,
1040 342 60 75 ctie
1125 342 88 75 long,

180 390 56 75 the
260 390 93 75 other
379 390 98 75 fhort,
514 390 62 75 and
603 390 79 75 they
708 390 63 75 end
795 390 33 75 in
854 390 19 75 a
901 390 147 75 common
1077 390 135 75 fendon.

179 436 89 75 Both
284 436 145 75 portions
446 436 54 75 are
516 436 95 75 flelhy
628 436 63 75 and
708 436 217 75 cordiderably
937 436 103 75 thick,
1066 436 95 75 being
1178 436 37 75 fi-

180 483 113 75 tuated
308 483 43 75 on
367 483 55 75 the
438 483 83 75 back
533 483 68 75 .and
612 483 119 75 outude
744 483 39 75 of
795 483 56 75 the
867 483 107 75 thigh,
998 483 146 75 between
1160 483 57 75 the

181 529 138 75 buttock
331 529 62 75 and
409 529 86 75 ham.

226 575 78 75 The
321 575 90 75 great
426 575 128 75 portion
570 575 26 75 is
614 575 89 75 fixed
722 575 112 75 above,
858 575 45 75 by
918 575 18 75 a
959 575 107 75 firong
1082 575 133 75 tendon,

180 622 33 75 in
228 622 57 75 the
301 622 152 75 pollerior
469 622 64 75 and
546 622 102 75 lower
671 622 71 75 part
766 622 41 75 of
824 622 57 75 the
905 622 174 75 tuberofity
1103 622 40 75 of
1160 622 57 75 the

180 669 146 75 ifchium,
352 669 100 75 under
468 669 57 75 the
540 669 151 75 infertion
702 669 42 75 of
754 669 55 75 the
821 669 133 75 inferior
969 669 167 75 gemellus,
1154 669 63 75 and

181 716 83 75 clofe
280 716 123 75 behind
412 716 71 75 that
499 716 39 75 of
557 716 56 75 the
632 716 256 75 femhnervofus.
937 716 98 75 From
1050 716 115 75 thence
1189 716 27 75 it

182 762 75 75 runs
281 762 96 75 down
402 762 124 75 toward
550 762 56 75 the
632 762 101 75 lower
759 762 176 75 extremity
960 762 41 75 of
1025 762 55 75 the
1107 762 107 75 thigh,

180 783 4 104 ■
184 809 105 75 where
313 809 26 75 it
363 809 100 75 meets
488 809 55 75 the
567 809 95 75 other
678 809 139 75 portion,
843 809 63 75 and
926 809 87 75 joins
1030 809 78 75 with
1132 809 26 75 it
1183 809 31 75 in

182 855 140 75 forming
334 855 18 75 a
368 855 148 75 common
527 855 132 75 tendon.

228 902 77 75 The
329 902 91 75 fmall
443 902 127 75 portion
595 902 27 75 is
646 902 100 75 fixed,
779 902 44 75 by
846 902 96 75 flelhy
966 902 107 75 fibres,
1099 902 36 75 to
1158 902 56 75 the

181 949 121 75 outfide
319 949 39 75 of
377 949 57 75 the
450 949 83 75 linea
549 949 122 75 afpera,
695 949 103 75 below
815 949 41 75 its
873 949 130 75 middle,
1030 949 62 75 and
1108 949 34 75 to
1155 949 59 75 the

180 996 97 75 fafcia
291 996 79 75 lata,
395 996 107 75 where
525 996 26 75 it
567 996 101 75 ferms
688 996 19 75 a
722 996 120 75 feptum
865 996 146 75 between
1027 996 56 75 the
1098 996 116 75 triceps

180 1043 64 75 and
258 1043 15 75 \
273 1025 5 49 T
278 1043 83 75 aflus
379 1043 164 75 externus.
593 1043 99 75 From
716 1043 114 75 thence
854 1043 56 75 the
931 1043 94 75 fibres
1043 1043 59 75 run
1118 1043 96 75 down

181 1089 18 75 a
212 1089 86 75 little
315 1089 82 75 way,
424 1089 63 75 and
502 1089 76 75 then
597 1089 138 75 meeting
751 1089 56 75 the
819 1089 90 75 great
925 1089 140 75 portion,
1092 1089 18 75 a
1126 1089 87 75 com-

163 1136 7 75 -
181 1136 75 75 mon
274 1136 119 75 tendon
410 1136 26 75 is
454 1136 124 75 formed
594 1136 145 75 between
755 1136 102 75 them.

227 1182 84 75 This
328 1182 106 75 ftrong
454 1182 120 75 tendon
590 1182 75 75 runs
682 1182 95 75 down
794 1182 35 75 to
846 1182 56 75 the
919 1182 93 75 outer
1033 1182 63 75 and
1114 1182 97 75 back-

179 1228 72 75 part
267 1228 41 75 of
325 1228 56 75 the
397 1228 95 75 knee,
518 1228 62 75 and
595 1228 26 75 is
638 1228 138 75 inferred
791 1228 33 75 in
846 1228 56 75 the
924 1228 113 75 lateral
1059 1228 154 75 ligament

180 1275 39 75 of
239 1275 54 75 the
306 1275 98 75 joint,
430 1275 62 75 and
508 1275 33 75 in
557 1275 55 75 the
628 1275 85 75 head
729 1275 40 75 of
787 1275 55 75 the
858 1275 110 75 fibula,
993 1275 44 75 by
1053 1275 66 75 two
1135 1275 78 75 very

179 1323 86 75 ihort
277 1323 169 75 tendinous
458 1323 169 75 branches.

405 1428 22 75 S
444 1428 31 75 E
493 1428 40 75 M
551 1428 85 75 I-N
654 1428 30 75 E
701 1428 34 75 R
750 1428 34 75 V
801 1428 32 75 O
853 1428 22 75 S
892 1428 34 75 U
946 1428 37 75 S.

224 1507 98 75 This
338 1507 27 75 is
382 1507 19 75 a
415 1507 218 75 longmufcle,
658 1507 75 75 half
751 1507 97 75 fielhy
864 1507 63 75 and
942 1507 73 75 half
1027 1507 182 75 tendinous,

178 1553 38 75 or
231 1553 65 75 like
313 1553 144 75 a-nerve,
473 1553 84 75 from
575 1553 131 75 whence
722 1553 26 75 it
763 1553 59 75 has
838 1553 41 75 its
892 1553 104 75 name.
1044 1553 32 75 It
1093 1553 26 75 is
1135 1553 77 75 fitu-

179 1600 75 75 ated
269 1600 19 75 a
304 1600 83 75 little
403 1600 177 75 obliquely,
606 1600 40 75 on
664 1600 55 75 the
735 1600 153 75 pofterior
904 1600 64 75 and
983 1600 89 75 inner
1087 1600 73 75 part
1177 1600 41 75 of

178 1646 55 75 the
245 1646 107 75 thigh.

224 1693 33 75 It
273 1693 26 75 is
316 1693 88 75 fixed
419 1693 101 75 above
531 1693 35 75 to
583 1693 55 75 the
654 1693 154 75 pofterior
824 1693 69 75 part
912 1693 40 75 of
962 1693 56 75 the
1034 1693 176 75 tuberofity

176 1740 41 75 of
236 1740 55 75 the
308 1740 144 75 ifchium,
478 1740 217 75 immediately
706 1740 124 75 before,
855 1740 63 75 and
930 1740 18 75 a
959 1740 85 75 little
1052 1740 97 75 -more
1161 1740 48 75 in-

177 1785 90 75 ward
286 1785 76 75 than
380 1785 54 75 the
452 1785 119 75 biceps.
621 1785 31 75 It
677 1785 26 75 is
728 1785 186 75 afterwards
931 1785 100 75 fixed,
1056 1785 44 75 by
1116 1785 95 75 flefliy

176 1832 108 75 fibres,
308 1832 37 75 to
357 1832 55 75 the
428 1832 120 75 tendon
564 1832 41 75 of
616 1832 55 75 the
687 1832 120 75 biceps,
825 1832 51 75 for
892 1832 97 75 about
1006 1832 55 75 the
1073 1832 137 75 breadth

178 1877 43 75 of
236 1877 90 75 three
338 1877 130 75 fingers,
493 1877 94 75 much
605 1877 32 75 in
649 1877 56 75 the
721 1877 83 75 fame
816 1877 130 75 manner
962 1877 33 75 as
1007 1877 56 75 the
1080 1877 129 75 cpraco-

177 1926 170 75 brachialis
364 1926 26 75 is
408 1926 88 75 fixed
513 1926 33 75 to
564 1926 55 75 the
631 1926 106 75 biceps
751 1926 44 75 of
813 1926 55 75 the
885 1926 80 75 arm.

224 1972 98 75 From
337 1972 115 75 thence
467 1972 27 75 it
511 1972 74 75 runs
603 1972 93 75 down
709 1972 97 75 flefhy
821 1972 124 75 toward
957 1972 55 75 the
1028 1972 99 75 lower
1138 1972 73 75 part

177 2018 41 75 of
237 2018 56 75 the
305 2018 98 75 infide
419 2018 40 75 of
478 2018 56 75 the
550 2018 105 75 thigh,
680 2018 116 75 having
809 2018 19 75 a
843 2018 67 75 fort
926 2018 40 75 of
976 2018 167 75 tendinous
1160 2018 49 75 in-

176 2063 167 75 terfedlion
358 2063 33 75 in
408 2063 55 75 the
476 2063 89 75 inner
581 2063 71 75 part
669 2063 39 75 of
725 2063 42 75 its
784 2063 96 75 flefliy
891 2063 140 75 portion.
1081 2063 129 75 Having

176 2109 138 75 reached
336 2109 105 75 below
467 2109 55 75 the
539 2109 119 75 middle
675 2109 40 75 of
733 2109 55 75 the
805 2109 105 75 thigh,
935 2109 26 75 it
978 2109 182 75 terminates
1177 2109 33 75 in

176 2156 19 75 a
217 2156 101 75 fmall,
343 2156 89 75 long,
458 2156 103 75 round
584 2156 131 75 tendon,
741 2156 106 75 which
877 2156 74 75 runs
975 2156 95 75 down
1094 2156 36 75 to
1155 2156 55 75 the

175 2203 97 75 infide
288 2203 41 75 of
347 2203 56 75 the
419 2203 93 75 knee,
537 2203 120 75 behind
672 2203 71 75 that
760 2203 40 75 of
818 2203 55 75 the
896 2203 140 75 gracilis,
1061 2203 107 75 where
1184 2203 26 75 it

176 2249 142 75 expands
335 2249 32 75 in
384 2249 149 75 breadth.
572 2249 9 75 .

224 2295 31 75 It
267 2295 26 75 is
310 2295 139 75 inferted
464 2295 33 75 in
509 2295 56 75 the
581 2295 96 75 infide
695 2295 41 75 of
754 2295 56 75 the
825 2295 101 75 upper
947 2295 72 75 part
1036 2295 44 75 of
1094 2295 56 75 the
1167 2295 40 75 ti-

174 2342 64 75 bia,
264 2342 180 75 about,two
460 2342 38 75 or
513 2342 91 75 three
627 2342 116 75 fingers
765 2342 136 75 breadth
924 2342 105 75 below
1044 2342 56 75 the
1117 2342 91 75 tube-

175 2388 97 75 rofity
283 2388 37 75 or
335 2388 98 75 fpine,
450 2388 220 75 immediately
685 2388 102 75 under
803 2388 55 75 the
876 2388 119 75 tendon
1012 2388 40 75 cf
1063 2388 56 75 the
1135 2388 73 75 gra-

176 2437 70 75 cilis
262 2437 157 75 internus,
443 2437 79 75 with
539 2437 106 75 which
657 2437 26 75 it
692 2437 265 75 communicates.

320 2540 21 75 S
360 2540 29 75 E
407 2540 41 75 M
467 2540 91 75 I-M
575 2540 30 75 E
624 2540 41 75 M
682 2540 29 75 B
728 2540 33 75 R
779 2540 32 75 A
827 2540 37 75 N
881 2540 33 75 O
932 2540 24 75 S
973 2540 33 75 U
1027 2540 36 75 S.

218 2618 99 75 This
349 2618 27 75 is
393 2618 18 75 a
434 2618 76 75 long
533 2618 71 75 thin
627 2618 129 75 mufcle,
782 2618 107 75 partly
911 2618 182 75 tendinous,
1120 2618 85 75 from

173 2664 131 75 whence
319 2664 27 75 it
365 2664 58 75 has
439 2664 41 75 its
500 2664 104 75 name,
629 2664 62 75 and
706 2664 134 75 fituated
852 2664 47 75 on
915 2664 56 75 the
994 2664 160 75 back-fide
1171 2664 40 75 of

174 2711 55 75 the
245 2711 107 75 thigh,
378 2711 18 75 a
407 2711 84 75 little
508 2711 139 75 towards
664 2711 56 75 the
736 2711 110 75 infide.

222 2757 31 75 It
272 2757 27 75 is
316 2757 89 75 fixed
420 2757 112 75 above,
557 2757 44 75 by
622 2757 17 75 a
659 2757 103 75 broad
784 2757 118 75 tendon
919 2757 37 75 or
972 2757 77 75 long
1067 2757 136 75 aponeu-

173 2803 90 75 rofis,
287 2803 31 75 in
337 2803 56 75 the
409 2803 167 75 irregular,
602 2803 122 75 obtufe,
742 2803 178 75 prominent
932 2803 63 75 line
1006 2803 107 75 whifih
1124 2803 79 75 goes

173 2850 83 75 from
273 2850 56 75 the
346 2850 198 75 acetabulum
561 2850 35 75 to
612 2850 56 75 the
683 2850 176 75 tuberofity
878 2850 40 75 of
936 2850 56 75 the
1014 2850 146 75 ifchium,
1186 2850 18 75 a

171 2895 86 75 little
280 2895 100 75 above
407 2895 55 75 the
485 2895 149 75 infertion
652 2895 41 75 of
709 2895 57 75 the
781 2895 254 75 femi-nervofus,
1060 2895 63 75 and
1145 2895 56 75 be-

173 2940 102 75 tween
293 2940 88 75 thofe
398 2940 40 75 of
456 2940 55 75 the
528 2940 152 75 gemellus
696 2940 132 75 inferior
844 2940 62 75 and
923 2940 187 75 quadratus.

220 2987 97 75 From
332 2987 114 75 thence
457 2987 26 75 it
500 2987 74 75 runs
591 2987 93 75 down
700 2987 97 75 flefhy
808 2987 31 75 in
852 2987 38 75 an
903 2987 131 75 oblique
1046 2987 152 75 diregion

171 3034 119 75 behind
304 3034 56 75 the
374 3034 91 75 inner
482 3034 135 75 condyle
633 3034 40 75 of
682 3034 57 75 the
754 3034 37 75 os
802 3034 144 75 femoris,
969 3034 105 75 below
1090 3034 108 75 which

1265 243 26 75 it
1307 243 184 75 terminates
1515 243 33 75 in
1564 243 20 75 a
1599 243 91 75 thick
1705 243 133 75 tendon,
1863 243 107 75 which
1985 243 28 75 is
2030 243 138 75 inferted
2191 243 33 75 in
2240 243 56 75 the

1266 294 161 75 pofterior.
1435 294 62 75 and
1512 294 136 75 interior
1661 294 63 75 fide
1740 294 40 75 of
1798 294 56 75 the
1869 294 90 75 inner
1976 294 136 75 condyle
2129 294 41 75 of
2187 294 57 75 the
2256 294 40 75 ti-

1266 338 62 75 bia,
1355 338 43 75 by
1413 338 92 75 three
1527 338 87 75 fhort
1636 338 169 75 branches,
1829 338 56 75 the
1896 338 77 75 .firft
1998 338 37 75 or
2058 338 180 75 uppermoft
2263 338 40 75 of

1267 386 104 75 which
1397 386 77 75 goes
1500 386 19 75 a
1541 386 86 75 little
1651 386 125 75 toward
1796 386 56 75 the
1875 386 107 75 infide,
2007 386 55 75 the
2078 386 117 75 lecond
2210 386 89 75 more

1267 434 184 75 backward,
1477 434 65 75 and
1556 434 54 75 the
1626 434 89 75 third
1730 434 98 75 lower
1841 434 107 75 down.

1579 541 26 75 P
1623 541 32 75 O
1673 541 26 75 P
1717 541 31 75 L
1766 541 16 75 I
1799 541 82 75 TE
1898 541 34 75 U
1951 541 37 75 S.

1313 619 99 75 This
1428 619 27 75 is
1472 619 19 75 a
1507 619 89 75 fmall
1613 619 130 75 mufcle,
1767 619 166 75 obliquely
1949 619 189 75 pyramidal,
2163 619 136 75 fituated

1266 663 102 75 under
1379 663 56 75 the
1447 663 87 75 ham.

1314 710 31 75 It
1362 710 25 75 is
1411 710 86 75 fixed
1522 710 112 75 above,
1659 710 44 75 by
1727 710 19 75 a
1769 710 106 75 ftrong
1891 710 125 75 narrow
2031 710 134 75 tendon,
2190 710 35 75 to
2241 710 55 75 the

1266 756 92 75 outer
1373 756 80 75 edge
1474 756 39 75 of
1532 756 56 75 the
1603 756 90 75 inner
1709 756 136 75 condyle
1868 756 41 75 of
1927 756 55 75 the
2006 756 37 75 os
2065 756 144 75 fecnoris,
2235 756 63 75 and

1264 802 36 75 to
1333 802 55 75 the
1421 802 231 75 neighbouring
1686 802 151 75 pofterior
1864 802 152 75 ligament
2043 802 41 75 of
2113 802 55 75 the
2198 802 97 75 joint.

1265 850 99 75 From
1380 850 115 75 thence
1507 850 25 75 it
1549 850 75 75 runs
1640 850 167 75 obliquely
1817 850 185 75 downward
2019 850 101 75 under
2135 850 56 75 the
2207 850 90 75 inner

1265 897 134 75 condyle
1408 897 40 75 of
1458 897 57 75 jhe
1522 897 36 75 os
1567 897 153 75 femoris;
1739 897 26 75 it
1774 897 27 75 is
1812 897 18 75 a
1841 897 55 75 fla,t
1906 897 61 75 and
1979 897 108 75 pretty
2098 897 90 75 thick
2197 897 97 75 fleftiy

1263 943 98 75 body,
1373 943 170 75 increafing
1555 943 167 75 gradually
1733 943 32 75 in
1780 943 149 75 breadth,
1946 943 50 75 till
2008 943 25 75 it
2045 943 26 75 is
2085 943 88 75 fixed
2188 943 32 75 in
2238 943 55 75 the

1263 991 160 75 back-fide
1446 991 42 75 of
1506 991 55 75 the
1585 991 82 75 head
1689 991 41 75 of
1748 991 55 75 the
1825 991 91 75 tibia,
1941 991 43 75 all
2008 991 56 75 the
2087 991 71 75 way
2180 991 36 75 to
2239 991 56 75 the

1264 1039 129 75 oblique
1404 1039 64 75 line
1485 1039 36 75 or
1538 1039 175 75 imprpflion
1729 1039 184 75 obfervable
1925 1039 40 75 on
1978 1039 72 75 that
2065 1039 77 75 fide.

1263 1140 91 75 Uses
1371 1140 44 75 of
1427 1140 53 75 the
1502 1140 147 75 Mufclet
1672 1140 106 75 ’which
1803 1140 88 75 move
1913 1140 53 75 the
1983 1140 104 75 Boner
2103 1140 42 75 of
2159 1140 53 75 the
2230 1140 66 75 Leg

1609 1191 37 75 on
1662 1191 53 75 the
1731 1191 44 75 Os
1791 1191 156 75 Femoris.

1309 1267 85 75 The
1414 1267 65 75 two
1494 1267 77 75 vafti
1587 1267 63 75 and
1666 1267 129 75 crureus
1820 1267 99 75 ought
1944 1267 35 75 to
2003 1267 40 75 be
2065 1267 119 75 looked
2208 1267 86 75 upon

1263 1313 33 75 as
1314 1313 18 75 a
1354 1313 72 75 true
1443 1313 129 75 triceps,
1597 1313 56 75 the
1678 1313 69 75 ufes
1771 1313 40 75 of
1829 1313 119 75 which,
1973 1313 32 75 in
2028 1313 134 75 relation
2179 1313 35 75 to
2238 1313 55 75 the

1263 1360 110 75 bones,
1398 1360 53 75 are
1468 1360 77 75 only
1561 1360 34 75 to
1619 1360 121 75 extend
1763 1360 55 75 the
1842 1360 80 75 tibia
1944 1360 41 75 on
2010 1360 54 75 the
2088 1360 36 75 os
2148 1360 146 75 fenloris,

1263 1407 63 75 and
1343 1407 53 75 the
1413 1407 36 75 os
1467 1407 130 75 femoris
1614 1407 41 75 on
1671 1407 56 75 the
1748 1407 92 75 tibia.
1888 1407 78 75 The
1991 1407 161 75 extenfion
2178 1407 41 75 of
2237 1407 56 75 the

1262 1453 79 75 tibia
1356 1453 42 75 on
1415 1453 54 75 the
1486 1453 35 75 os
1537 1453 131 75 femoris
1682 1453 139 75 happens
1838 1453 116 75 chiefly
1969 1453 93 75 when
2079 1453 49 75 we
2140 1453 37 75 fit
2188 1453 37 75 or
2237 1453 54 75 lie,

1262 1500 63 75 and
1340 1500 70 75 that
1427 1500 40 75 of
1485 1500 55 75 the
1557 1500 36 75 os
1610 1500 131 75 femoris
1764 1500 41 75 on
1831 1500 56 75 the
1911 1500 78 75 tibia
2013 1500 91 75 when
2129 1500 49 75 we
2203 1500 90 75 ftand

1262 1547 37 75 or
1315 1547 98 75 walk.
1463 1547 57 75 AH
1537 1547 56 75 the
1616 1547 91 75 three
1728 1547 134 75 mufcles
1887 1547 94 75 move
2005 1547 55 75 the
2082 1547 117 75 patella
2222 1547 70 75 uni-

1261 1593 119 75 formly
1401 1593 33 75 in
1457 1593 56 75 the
1529 1593 151 75 direftion
1698 1593 40 75 of
1756 1593 55 75 the
1828 1593 36 75 os
1886 1593 143 75 femoris,
2053 1593 45 75 on
2113 1593 54 75 the
2183 1593 110 75 pulley

1262 1640 32 75 at
1310 1640 55 75 the
1381 1640 99 75 lower
1497 1640 175 75 extremity
1689 1640 45 75 of-
1749 1640 71 75 that
1837 1640 94 75 bone.

1307 1688 76 75 The
1399 1688 147 75 infertion
1560 1688 40 75 of
1611 1688 79 75 both
1703 1688 55 75 the
1772 1688 78 75 vafti
1862 1688 217 75 immediately
2090 1688 33 75 in
2139 1688 56 75 the
2207 1688 84 75 head

1260 1733 39 75 of
1319 1733 55 75 the
1390 1733 90 75 tibia,
1506 1733 149 75 prevents
1669 1733 57 75 the
1742 1733 117 75 patella
1875 1733 84 75 from
1981 1733 94 75 being
2094 1733 134 75 luxated
2243 1733 46 75 la-

1260 1780 116 75 terally
1398 1780 42 75 on
1458 1780 85 75 fome
1559 1780 170 75 occafions,
1755 1780 32 75 in
1804 1780 105 75 which
1926 1780 56 75 the
1999 1780 135 75 mufcles
2150 1780 75 75 may
2242 1780 48 75 adt

1258 1826 79 75 with
1354 1826 89 75 more
1458 1826 90 75 force
1564 1826 41 75 on
1630 1826 60 75 one
1715 1826 63 75 fide
1803 1826 76 75 than
1903 1826 41 75 on
1969 1826 56 75 the
2041 1826 112 75 other,
2178 1826 37 75 or
2240 1826 48 75 re-

1259 1872 82 75 main
1358 1872 137 75 without
1512 1872 115 75 adtion,
1652 1872 33 75 in
1710 1872 106 75 which
1839 1872 69 75 cafe
1932 1872 56 75 tire
2012 1872 117 75 patella
2149 1872 28 75 is
2198 1872 89 75 loofe

1257 1918 60 75 and
1334 1918 146 75 floating.

1304 1965 76 75 The
1398 1965 101 75 redlus
1517 1965 153 75 anterior,
1686 1965 46 75 by
1744 1965 41 75 its
1796 1965 149 75 infertion
1962 1965 32 75 in
2011 1965 55 75 the
2083 1965 129 75 patella,
2228 1965 32 75 is
2269 1965 21 75 a

1256 2010 159 75 congener
1430 2010 35 75 to
1481 2010 54 75 the
1553 2010 56 75 haft
1625 2010 90 75 three
1731 2010 149 75 mufcles,
1906 2010 63 75 and
1985 2010 101 75 ferves
2109 2010 35 75 to
2166 2010 123 75 exteqd

1256 2057 55 75 the
1328 2057 63 75 leg.
1441 2057 53 75 By
1517 2057 42 75 its
1583 2057 151 75 infertion
1758 2057 32 75 in
1815 2057 55 75 the
1892 2057 37 75 os
1945 2057 102 75 ilium,
2072 2057 27 75 it
2115 2057 99 75 bends
2232 2057 56 75 the

1256 2104 105 75 thigh,
1387 2104 62 75 and
1466 2104 90 75 aflifts
1570 2104 58 75 the
1645 2104 103 75 pfoas,
1772 2104 124 75 iliacus,
1922 2104 62 75 and
2002 2104 172 75 paftineus,
2200 2104 86 75 whe-

1256 2150 73 75 ther
1344 2150 55 75 the
1415 2150 54 75 leg
1486 2150 39 75 be
1542 2150 163 75 extended
1715 2150 37 75 or
1763 2150 90 75 bent.
1902 2150 32 75 It
1950 2150 141 75 likewife
2107 2150 108 75 moves
2232 2150 56 75 the

1256 2197 99 75 pelvis
1378 2197 143 75 forward
1544 2197 42 75 on
1610 2197 55 75 the
1693 2197 36 75 os
1748 2197 143 75 femoris,
1916 2197 62 75 and
2000 2197 129 75 hinders
2154 2197 26 75 it
2201 2197 85 75 from

1254 2244 114 75 falling
1383 2244 83 75 back
1477 2244 94 75 when
1581 2244 50 75 we
1646 2244 49 75 fit.

1302 2292 76 75 The
1409 2292 152 75 fartorius
1596 2292 157 75 performs
1786 2292 56 75 the
1874 2292 140 75 rotation
2042 2292 41 75 of
2109 2292 55 75 the
2192 2292 93 75 thigh

1254 2338 85 75 from
1356 2338 111 75 before
1491 2338 160 75 outward,
1676 2338 145 75 whether
1837 2338 162 75 extended
2014 2338 37 75 or
2067 2338 97 75 bent;
2191 2338 95 75 beiqg

1254 2384 38 75 an
1310 2384 174 75 antagonift
1501 2384 36 75 to
1554 2384 55 75 the
1627 2384 156 75 mufculus
1800 2384 102 75 fafcke
1918 2384 86 75 latse,
2023 2384 63 75 and
2097 2384 20 75 a
2127 2384 159 75 congener

1255 2431 34 75 to
1302 2431 55 75 the
1374 2431 244 75 quadrigemini.

1302 2477 31 75 It
1348 2477 139 75 likewife
1510 2477 99 75 bends
1634 2477 55 75 the
1711 2477 104 75 thigh,
1839 2477 39 75 or
1902 2477 94 75 rajfes
2019 2477 26 75 it
2069 2477 140 75 forward
2225 2477 10 75 ;
2256 2477 27 75 it

1252 2524 109 75 moves
1377 2524 56 75 the
1450 2524 98 75 pelvis
1561 2524 145 75 forward
1722 2524 41 75 on
1779 2524 56 75 the
1852 2524 129 75 femoris
1994 2524 10 75 ;
2032 2524 59 75 and
2110 2524 91 75 when
2226 2524 56 75 the

1252 2570 99 75 pelvis
1368 2570 76 75 refts
1467 2570 41 75 on
1525 2570 55 75 the
1595 2570 67 75 two
1685 2570 197 75 tuberofities
1899 2570 40 75 of
1958 2570 55 75 the
2029 2570 131 75 ifchium
2177 2570 33 75 in
2226 2570 54 75 fit-

1252 2615 82 75 ting,
1358 2615 26 75 it
1399 2615 96 75 keeps
1512 2615 26 75 it
1554 2615 32 75 in
1598 2615 71 75 that
1681 2615 160 75 fituation.

1298 2663 124 75 Laftly,
1447 2663 25 75 it
1489 2663 99 75 bends
1605 2663 55 75 the
1676 2663 64 75 leg,
1767 2663 145 75 whether
1928 2663 26 75 it
1969 2663 157 75 performs
2149 2663 56 75 the
2222 2663 53 75 ro-

1251 2708 101 75 tation
1368 2708 40 75 of
1426 2708 56 75 the
1498 2708 93 75 thigh
1608 2708 32 75 at
1652 2708 56 75 the
1715 2708 88 75 fame
1819 2708 77 75 time
1912 2708 38 75 or
1967 2708 68 75 not.

1296 2755 76 75 The
1388 2755 126 75 gracilis
1537 2755 141 75 internus
1701 2755 101 75 bends
1824 2755 56 75 the
1896 2755 53 75 leg
1965 2755 94 75 much
2075 2755 32 75 in
2124 2755 55 75 the
2196 2755 82 75 fame

1250 2802 129 75 manner
1397 2802 76 75 with
1492 2802 55 75 the
1564 2802 164 75 fartorius,
1752 2802 106 75 which
1881 2802 26 75 it
1930 2802 91 75 aflifts
2044 2802 32 75 in
2100 2802 64 75 this
2186 2802 92 75 func-

1249 2848 80 75 tion,
1355 2848 57 75 but
1428 2848 56 75 not
1501 2848 32 75 in
1545 2848 72 75 that
1633 2848 41 75 of
1691 2848 128 75 turning
1835 2848 55 75 the
1906 2848 65 75 leg.

1295 2895 31 75 It
1339 2895 72 75 may
1427 2895 138 75 likewife
1581 2895 76 75 aflift
1669 2895 56 75 the
1741 2895 115 75 triceps
1872 2895 31 75 in
1922 2895 55 75 die
1990 2895 166 75 addudtion
2170 2895 40 75 of
2222 2895 56 75 the

1246 2941 104 75 thigh,
1375 2941 105 75 which
1496 2941 26 75 it
1538 2941 157 75 performs
1711 2941 79 75 with
1803 2941 96 75 much
1916 2941 88 75 more
2020 2941 124 75 facility
2160 2941 79 75 than
2250 2941 27 75 it

1246 2988 107 75 begins
1371 2988 54 75 the
1440 2988 120 75 flexion
1580 2988 41 75 of
1638 2988 56 75 the
1710 2988 52 75 leg
1780 2988 137 75 without
1934 2988 54 75 the
2005 2988 139 75 rotation
2161 2988 40 75 of
2220 2988 62 75 the-

1242 3034 107 75 thigh.

2192 3073 77 75 The
