2428 3377
170 184 85 75 274

724 184 40 75 A
877 184 43 75 N
1036 184 42 75 A
1192 184 39 75 T

170 235 44 75 by
231 235 19 75 a
265 235 127 75 narrow
407 235 120 75 oblong
542 235 111 75 orifice
669 235 41 75 or
723 235 114 75 fiflure,
863 235 109 75 which
989 235 27 75 is
1033 235 96 75 much
1146 235 59 75 lefs

171 281 78 75 than
276 281 55 75 the
349 281 60 75 reft
426 281 41 75 of
489 281 55 75 the
561 281 118 75 cavity.
727 281 78 75 The
833 281 215 75 commiffures
1077 281 40 75 of
1140 281 65 75 this

170 327 91 75 fmall
278 327 103 75 fiflure
398 327 52 75 are
468 327 116 75 turned
608 327 61 75 one
693 327 125 75 toward
842 327 56 75 the
924 327 138 75 convex,
1089 327 56 75 the
1169 327 37 75 o-

171 374 73 75 ther
260 374 126 75 toward
402 374 56 75 the
474 374 56 75 flat
545 374 62 75 fide
631 374 40 75 of
682 374 55 75 the
753 374 109 75 glans;
890 374 63 75 and
980 374 55 75 the
1063 374 84 75 labia
1171 374 41 75 of

172 421 57 75 the
252 421 103 75 fiflure
380 421 53 75 are
455 421 41 75 its
520 421 113 75 lateral
650 421 87 75 parts
751 421 9 75 •
789 421 62 75 and
867 421 26 75 it
909 421 98 75 feems
1024 421 36 75 to
1084 421 39 75 be
1139 421 67 75 fur-

171 467 148 75 Tounded
336 467 43 75 by
396 467 95 75 fleftiy
509 467 107 75 fibres.

220 514 77 75 The
307 514 190 75 prseputium
512 514 27 75 is
556 514 19 75 a
590 514 219 75 continuation
822 514 40 75 of
872 514 56 75 the
943 514 68 75 Ikin
1026 514 41 75 of
1078 514 55 75 the
1150 514 58 75 pu-

171 560 52 75 bis
241 560 62 75 and
319 560 150 75 fcrotum,
495 560 63 75 and
574 560 26 75 it
618 560 133 75 adheres
769 560 41 75 all
828 560 55 75 the
900 560 72 75 way
995 560 35 75 to
1057 560 56 75 the
1129 560 79 75 bafis

172 607 42 75 of
226 607 55 75 the
298 607 104 75 glans.
449 607 76 75 The
546 607 62 75 reft
631 607 40 75 of
681 607 57 75 the
750 607 173 75 cutaneous
940 607 197 75 integument
1153 607 53 75 co-

173 654 73 75 vers
271 654 56 75 the
350 654 89 75 glans
467 654 141 75 without
628 654 160 75 adhefion,
813 654 61 75 and
901 654 184 75 terminates
1103 654 43 75 by
1169 654 38 75 an

173 700 152 75 opening.
372 700 85 75 This
478 700 128 75 portion
626 700 26 75 is
672 700 116 75 named
805 700 200 75 prseputium,
1031 700 62 75 and
1113 700 95 75 along

172 746 58 75 the
246 746 107 75 whole
369 746 99 75 lower
484 746 38 75 or
544 746 82 75 back
642 746 78 75 fide,
743 746 80 75 both
837 746 40 75 of
889 746 54 75 the
959 746 105 75 whole
1081 746 125 75 integu-

171 792 92 75 ment
287 792 31 75 in
348 792 140 75 general,
514 792 63 75 and
603 792 40 75 of
667 792 54 75 the
746 792 187 75 praeputium
958 792 33 75 in
1022 792 185 75 particular,

174 839 95 75 there
285 839 75 75 runs
378 839 17 75 a
411 839 63 75 fine
490 839 118 75 future,
634 839 109 75 which
759 839 27 75 is
804 839 19 75 a
839 839 218 75 continuation
1086 839 40 75 of
1150 839 57 75 the

174 886 100 75 raphe
290 886 40 75 of
345 886 56 75 the
417 886 171 75 perinaeum
606 886 63 75 and
683 886 153 75 fcrotum.

224 932 77 75 The
316 932 91 75 inner
422 932 123 75 furface
562 932 40 75 of
619 932 55 75 the
700 932 189 75 praeputium
917 932 26 75 is
972 932 87 75 lined
1083 932 79 75 with
1190 932 19 75 a

176 979 64 75 fine
257 979 182 75 membrane
456 979 85 75 from
556 979 57 75 the
629 979 141 75 opening
793 979 43 75 all
852 979 56 75 the
931 979 73 75 way
1019 979 119 75 behind
1153 979 56 75 the

176 1026 79 75 bafis
280 1026 39 75 of
342 1026 55 75 the
422 1026 90 75 glans
526 1026 11 75 ;
564 1026 62 75 and
642 1026 57 75 the
726 1026 84 75 fame
838 1026 181 75 membrane
1046 1026 28 75 is
1100 1026 110 75 folded

173 1046 4 104 ■
177 1072 86 75 from
282 1072 131 75 behind,
450 1072 153 75 forward,
635 1072 104 75 round
765 1072 56 75 the
849 1072 102 75 glans,
987 1072 140 75 forming
1153 1072 57 75 the

177 1117 118 75 proper
309 1117 198 75 integument
525 1117 136 75 thereof,
688 1117 63 75 and
767 1117 149 75 covering
939 1117 79 75 very
1034 1117 118 75 clofely
1168 1117 42 75 its

172 1139 5 104 ■
177 1165 107 75 whole
296 1165 115 75 villous
428 1165 133 75 furface,
580 1165 34 75 as
630 1165 49 75 far
695 1165 35 75 as
746 1165 55 75 the
818 1165 108 75 orifice
943 1165 41 75 of
994 1165 56 75 the
1066 1165 144 75 urethra,

173 1211 113 75 where
303 1211 26 75 it
342 1211 86 75 joins
451 1211 55 75 the
522 1211 195 75 membrane,
742 1211 106 75 which
873 1211 86 75 lines’
979 1211 55 75 the
1050 1211 97 75 infide
1174 1211 42 75 of

177 1258 73 75 that
267 1258 102 75 canal.

225 1304 85 75 This
338 1304 116 75 proper
483 1304 181 75 membrane
692 1304 41 75 of
755 1304 56 75 the
846 1304 103 75 glans,
985 1304 62 75 and
1074 1304 135 75 internal

178 1351 183 75 membrane
378 1351 37 75 of
429 1351 55 75 the
500 1351 199 75 prseputium,
725 1351 84 75 form
838 1351 179 75 conjointly
1032 1351 95 75 along
1154 1351 56 75 the

176 1397 59 75 fiat
251 1397 72 75 part
340 1397 40 75 of
390 1397 57 75 the
465 1397 103 75 glans,
592 1397 84 75 from
693 1397 42 75 its
751 1397 79 75 bafis
847 1397 35 75 to
899 1397 55 75 the
970 1397 108 75 orifice
1095 1397 40 75 of
1154 1397 55 75 the

175 1444 8 75 '
183 1444 140 75 urethra,
351 1444 18 75 a
386 1444 220 75 membranous
623 1444 210 75 duplicature,
852 1444 104 75 which
973 1444 65 75 like
1055 1444 18 75 a
1086 1444 123 75 feptum

178 1491 40 75 or
233 1491 218 75 mediaftinum
468 1491 122 75 divides
602 1491 64 75 this
682 1491 73 75 part
770 1491 70 75 into
850 1491 66 75 two
928 1491 110 75 lateral
1052 1491 157 75 portions,

179 1537 61 75 and
258 1537 100 75 limits
375 1537 55 75 the
446 1537 139 75 motions
601 1537 40 75 of
652 1537 55 75 the
723 1537 209 75 praeputium;
951 1537 51 75 for
1018 1537 106 75 which
1141 1537 69 75 rea-

174 1584 62 75 son
253 1584 25 75 it
294 1584 27 75 is
339 1584 103 75 called
450 1584 147 75 franum
610 1584 168 75 prteputii.

228 1630 76 75 The
320 1630 123 75 furface
459 1630 40 75 of
515 1630 56 75 the
588 1630 136 75 internal
741 1630 182 75 membrane
950 1630 41 75 of
1009 1630 57 75 the
1088 1630 123 75 praepu-

176 1677 86 75 tium
278 1677 179 75 difcharges
480 1677 18 75 a
517 1677 79 75 fluid
622 1677 107 75 which
752 1677 147 75 prevents
916 1677 26 75 it
958 1677 84 75 from
1059 1677 154 75 adhering

181 1724 36 75 to
233 1724 55 75 the
305 1724 103 75 glans.

231 1769 133 75 Several
386 1769 133 75 mufcles
543 1769 54 75 are
620 1769 139 75 inferted
782 1769 33 75 in
841 1769 57 75 the
924 1769 88 75 parts
1035 1769 106 75 which
1165 1769 48 75 we

183 1816 81 75 have
281 1816 165 75 defcribed
461 1816 32 75 in
510 1816 64 75 this
589 1816 191 75 paragraph.

229 1863 76 75 The
321 1863 37 75 fir
361 1863 25 75 ft
402 1863 66 75 two
484 1863 132 75 mufcles
634 1863 53 75 are
703 1863 184 75 commonly
903 1863 123 75 termed
1041 1863 169 75 ere<ftores,

180 1909 41 75 or
236 1909 229 75 acceleratores
492 1909 111 75 urinag.
652 1909 78 75 The
746 1909 80 75 next
850 1909 66 75 two
934 1909 53 75 are
1004 1909 102 75 called
1123 1909 89 75 acce-

182 1956 168 75 leratores.
397 1956 78 75 The
498 1956 75 75 four
596 1956 89 75 fmall
702 1956 145 75 mufcles,
872 1956 66 75 two
965 1956 41 75 of
1027 1956 103 75 which
1158 1956 54 75 are

183 2002 155 75 fuperior,
364 2002 62 75 and
443 2002 66 75 two
523 2002 146 75 inferior,
695 2002 73 75 may
784 2002 40 75 be
841 2002 101 75 called
959 2002 173 75 proftatici.

229 2048 78 75 The
330 2048 156 75 ere<ftores
514 2048 41 75 lie
575 2048 94 75 along
685 2048 55 75 the
757 2048 88 75 roots
870 2048 41 75 of
929 2048 55 75 the
1009 2048 133 75 corpora
1158 2048 52 75 ca-

181 2094 133 75 vernofa
327 2094 9 75 ;
363 2094 77 75 each
458 2094 40 75 of
509 2094 88 75 them
613 2094 96 75 being
724 2094 88 75 fixed
827 2094 43 75 by
887 2094 58 75 one
967 2094 176 75 extremity
1157 2094 54 75 ve-

182 2143 41 75 ry
238 2143 178 75 obliquely,
440 2143 32 75 in
489 2143 55 75 the
560 2143 136 75 internal
713 2143 118 75 labium
847 2143 40 75 of
899 2143 54 75 the
969 2143 106 75 ramus
1098 2143 40 75 of
1155 2143 57 75 the

185 2188 37 75 os
238 2188 145 75 ifehium,
409 2188 84 75 from
510 2188 55 75 the
584 2188 174 75 tuberofity
774 2188 144 75 upward.
983 2188 98 75 From
1097 2188 116 75 thence

183 2235 28 75 it
234 2235 217 75 accompanies
474 2235 55 75 the
545 2235 73 75 root
635 2235 39 75 of
696 2235 56 75 the
781 2235 115 75 corpus
924 2235 216 75 cavernofum,
1169 2235 46 75 all

184 2281 58 75 the
257 2281 72 75 way
345 2281 35 75 to
397 2281 56 75 the
468 2281 173 75 fymphyfis
657 2281 40 75 of
708 2281 54 75 the
779 2281 63 75 offa
857 2281 105 75 pubis,
998 2281 63 75 and
1082 2281 27 75 is
1125 2281 89 75 fixed

184 2328 47 75 by
253 2328 43 75 its
314 2328 95 75 other
435 2328 174 75 extremity
630 2328 34 75 in
691 2328 55 75 the
773 2328 135 75 corpora
935 2328 180 75 caverndfa,
1139 2328 75 75 near

185 2372 85 75 sheir
287 2372 116 75 union;
429 2372 107 75 where
557 2372 56 75 the
629 2372 95 75 fibres
741 2372 39 75 of
798 2372 82 75 both
896 2372 111 75 bodies
1031 2372 96 75 meet,
1152 2372 63 75 and

185 2420 54 75 are
258 2420 210 75 reciprocally
483 2420 167 75 expanded
667 2420 76 75 over
758 2420 78 75 both
855 2420 146 75 corpora.
1055 2420 101 75 They
1171 2420 44 75 lie

183 2466 24 75 a
219 2466 86 75 little
316 2466 111 75 lower,
446 2466 61 75 and
519 2466 87 75 more
618 2466 181 75 interiorly,
812 2466 77 75 than
900 2466 55 75 the
972 2466 88 75 roots
1077 2466 39 75 of
1128 2466 87 75 thefe

188 2512 173 75 cavernous
377 2512 129 75 bodies^

233 2559 77 75 The
337 2559 132 75 mufculi
491 2559 176 75 tranfverfi,
692 2559 104 75 called
820 2559 65 75 alfo
912 2559 223 75 triangulares,
1161 2559 56 75 are

187 2607 67 75 two
279 2607 85 75 long,
404 2607 137 75 narrow,
577 2607 96 75 flelhy
702 2607 152 75 fa/cicufi,
889 2607 138 75 inferted
1058 2607 79 75 each
1171 2607 45 75 by

184 2652 65 75 one
265 2652 173 75 extremity
453 2652 33 75 in
503 2652 55 75 the
575 2652 72 75 root
670 2652 38 75 or
730 2652 171 75 beginning
917 2652 40 75 of
976 2652 57 75 the
1057 2652 106 75 ramus
1180 2652 41 75 of

184 2699 60 75 the
260 2699 36 75 os
312 2699 131 75 ifchiura
456 2699 11 75 ;
486 2699 83 75 from
586 2699 129 75 whence
731 2699 77 75 they
825 2699 58 75 run
898 2699 208 75 tranfverfely
1121 2699 99 75 along

187 2744 57 75 the
261 2744 80 75 edge
357 2744 39 75 of
407 2744 56 75 the
487 2744 206 75 interoffeous
710 2744 151 75 ligament
888 2744 42 75 of
952 2744 56 75 the
1029 2744 64 75 offa
1109 2744 108 75 pubis,,

188 2791 35 75 as
242 2791 50 75 far
309 2791 32 75 as
358 2791 55 75 the
425 2791 83 75 apex
524 2791 39 75 of
570 2791 55 75 the
641 2791 164 75 proftates,
829 2791 107 75 where
952 2791 83 75 their
1052 2791 93 75 other
1156 2791 58 75 ex-

188 2836 156 75 tremities
371 2836 96 75 meet,
493 2836 63 75 and
574 2836 84 75 form
674 2836 182 75 commonly
880 2836 19 75 a
922 2836 78 75 kind
1016 2836 41 75 of
1067 2836 149 75 digaftfic

188 2883 130 75 Biufcle,
345 2883 55 75 tfle
416 2883 120 75 middle
559 2883 36 75 of
617 2883 107 75 which
746 2883 88 75 gives
850 2883 75 75 infei
933 2883 68 75 tion
1017 2883 35 75 to
1063 2883 56 75 the
1131 2883 81 75 muf-

189 2928 65 75 cles
270 2928 40 75 of
321 2928 56 75 the
392 2928 144 75 urethra,
560 2928 64 75 and
649 2928 40 75 to
708 2928 55 75 the
791 2928 172 75 cutaneous
983 2928 178 75 fphin&ers.
1178 2928 41 75 of

190 2975 56 75 the
265 2975 98 75 aaus„

1348 171 40 75 O
1503 171 49 75 M
1667 171 52 75 Y.

2084 171 100 75 Part
2210 171 71 75 VI.

1295 234 79 75 The
1386 234 140 75 fuperior
1541 234 161 75 proftatici
1714 234 52 75 are
1778 234 66 75 two
1857 234 70 75 thin
1939 234 121 75 planes,
2077 234 89 75 fixed
2181 234 33 75 in
2227 234 59 75 the

1251 280 100 75 upper
1368 280 71 75 part
1455 280 40 75 of
1506 280 56 75 the
1582 280 97 75 infide
1702 280 39 75 of
1753 280 55 75 the
1825 280 90 75 fmall
1932 280 79 75 rami
2028 280 41 75 of
2080 280 55 75 the
2151 280 64 75 offa
2227 280 58 75 pu-

1252 326 62 75 bis;
1341 326 85 75 from
1442 326 131 75 whence
1589 326 78 75 they
1685 326 53 75 are
1765 326 110 75 fpread
1899 326 77 75 over
2001 326 64 75 and
2090 326 140 75 inferted
2253 326 32 75 in

1253 373 56 75 the
1325 373 165 75 proftates.
1541 373 106 75 Their
1663 373 167 75 infertions
1853 373 34 75 in
1907 373 56 75 the
1980 373 65 75 offa
2061 373 92 75 pubis
2170 373 54 75 are
2243 373 43 75 on

1252 419 7 75 '
1259 419 55 75 one
1334 419 63 75 fide
1418 419 39 75 of
1468 419 90 75 thofe
1577 419 39 75 of
1629 419 54 75 the
1700 419 205 75 obturatores
1916 419 129 75 interni.

1302 467 76 75 The
1395 467 160 75 proftatici
1571 467 167 75 inferiores
1766 467 54 75 are
1846 467 90 75 fmall
1961 467 174 75 tranfverfe
2163 467 121 75 planes,

1254 512 78 75 each
1350 512 40 75 of
1403 512 106 75 which
1523 512 27 75 is
1569 512 83 75 fixed
1670 512 33 75 in
1720 512 54 75 the
1791 512 186 75 f^mphyfis,
2002 512 144 75 between
2164 512 57 75 the
2235 512 49 75 ra-

1254 558 69 75 mus
1337 558 39 75 of
1387 558 56 75 the
1455 558 36 75 os
1508 558 91 75 pubis
1617 558 62 75 and
1695 558 36 75 os
1748 558 143 75 ifchium,
1910 558 64 75 and
1984 558 86 75 from
2082 558 115 75 thence
2208 558 78 75 runs

1249 607 225 75 tranfverfely,
1499 607 49 75 till
1577 607 25 75 it
1631 607 100 75 meets
1746 607 50 75 -its
1813 607 108 75 fellow
1939 607 83 75 from
2040 607 55 75 the
2111 607 93 75 other
2220 607 66 75 fide

1251 652 104 75 under
1387 652 55 75 the
1466 652 166 75 proftates,
1669 652 35 75 to
1729 652 106 75 which
1863 652 78 75 they
1964 652 54 75 are
2041 652 78 75 both
2144 652 141 75 ftrongly

1254 699 183 75 connefted,
1464 699 62 75 and
1551 699 78 75 they
1655 699 88 75 ferve
1765 699 68 75 like
1858 699 19 75 a
1903 699 87 75 girth
2006 699 34 75 to
2056 699 113 75 fuftain
2197 699 89 75 thefe

1251 746 126 75 glands.

1252 849 109 75 The
1407 849 202 75 PARTS
1658 849 60 75 of
1754 849 433 75 GENERATION
2232 849 51 75 in

1615 898 306 75 FEMALES.

1300 976 86 75 The
1411 976 90 75 parts
1525 976 41 75 of
1587 976 184 75 generation
1797 976 33 75 in
1858 976 132 75 females
2014 976 55 75 are
2094 976 121 75 feveral
2251 976 33 75 in

1255 1022 145 75 humber,
1422 1022 89 75 fome
1526 1022 41 75 of
1578 1022 87 75 them
1682 1022 159 75 external,
1858 1022 62 75 and
1932 1022 86 75 feme
2034 1022 136 75 internal
2186 1022 9 75 ;
2222 1022 65 75 and

1254 1068 79 75 they
1350 1068 52 75 are
1419 1068 43 75 all
1486 1068 204 75 fubordinate
1713 1068 37 75 to
1773 1068 61 75 one
1858 1068 154 75 principal
2038 1068 136 75 internal
2199 1068 85 75 part,

1254 1115 104 75 called
1381 1115 57 75 the
1462 1115 130 75 uterus.

1302 1162 76 75 The
1395 1162 108 75 uterus
1527 1162 58 75 lies
1610 1162 143 75 between
1779 1162 57 75 the
1860 1162 136 75 bladder
2019 1162 62 75 and
2106 1162 181 75 inteftinqm

1254 1207 133 75 reAum.
1435 1207 32 75 It
1484 1207 27 75 is
1528 1207 17 75 a
1561 1207 87 75 body
1663 1207 157 75 inwardly
1842 1207 134 75 hollow,
2002 1207 183 75 outwardly
2208 1207 41 75 of
2268 1207 19 75 a

1255 1254 123 75 whitifli
1395 1254 121 75 colour,
1542 1254 42 75 of
1605 1254 18 75 a
1647 1254 108 75 pretty
1770 1254 81 75 folid
1870 1254 173 75 fubftance,
2068 1254 75 75 and,
2168 1254 118 75 except

1256 1299 32 75 in
1304 1299 77 75 time
1397 1299 41 75 of
1451 1299 192 75 pregnancy,
1668 1299 41 75 of
1718 1299 55 75 the
1790 1299 101 75 figure
1909 1299 40 75 of
1968 1299 18 75 a
2002 1299 56 75 flat
2074 1299 88 75 flaflc,
2188 1299 96 75 being

1254 1345 33 75 in
1304 1345 105 75 adults
1432 1345 98 75 about
1554 1345 90 75 three
1667 1345 117 75 fingers
1805 1345 136 75 breadth
1968 1345 33 75 in
2024 1345 124 75 length,
2173 1345 61 75 one
2250 1345 34 75 in

1255 1393 171 75 thicknefs,
1452 1393 63 75 and
1531 1393 66 75 two
1612 1393 33 75 in
1661 1393 136 75 breadth
1817 1393 33 75 at
1874 1393 61 75 one
1958 1393 75 75 end,
2057 1393 62 75 and
2144 1393 142 75 fcarcely

1256 1439 59 75 one
1333 1439 31 75 at
1381 1439 55 75 the
1453 1439 107 75 other.

1302 1486 75 75 The
1404 1486 147 75 broadeft
1577 1486 128 75 portion
1722 1486 28 75 is
1767 1486 123 75 termed
1906 1486 56 75 the
1980 1486 146 75 fundus,
2148 1486 63 75 and
2227 1486 57 75 the

1254 1533 170 75 narroweft
1447 1533 57 75 the
1527 1533 89 75 neck.
1665 1533 48 75 Its
1729 1533 145 75 fituation
1886 1533 27 75 is
1925 1533 144 75 oblique,
2094 1533 55 75 the
2167 1533 119 75 fundus

1257 1579 94 75 being
1368 1579 114 75 turned
1498 1579 171 75 backward
1691 1579 64 75 and
1779 1579 146 75 upward,
1947 1579 64 75 and
2034 1579 55 75 the
2111 1579 81 75 neck
2216 1579 68 75 for-

1256 1625 88 75 ward
1360 1625 63 75 and
1437 1625 206 75 downward;
1669 1625 55 75 the
1736 1625 100 75 broad
1852 1625 78 75 fides
1946 1625 43 75 lie
2001 1625 79 75 next
2093 1625 55 75 the
2164 1625 120 75 reAum

1258 1672 61 75 and
1336 1672 145 75 bladder,
1507 1672 64 75 and
1586 1672 56 75 the
1662 1672 126 75 narrow
1805 1672 78 75 fides
1900 1672 53 75 are
1969 1672 125 75 lateral.

1305 1719 76 75 The
1397 1719 107 75 cavity
1515 1719 40 75 of
1566 1719 55 75 the
1636 1719 111 75 uterus
1762 1719 27 75 is
1807 1719 68 75 flat,
1900 1719 63 75 and
1978 1719 169 75 refembles
2170 1719 37 75 an
2226 1719 58 75 ob-

1257 1765 77 75 long
1356 1765 150 75 triangle,
1530 1765 55 75 the
1602 1765 130 75 fliorteft
1747 1765 62 75 fide
1826 1765 40 75 of
1878 1765 103 75 which
1999 1765 135 75 anfweis
2158 1765 127 75 exactly

1257 1811 34 75 to
1308 1811 55 75 the
1378 1811 131 75 fundus,
1534 1811 63 75 and
1612 1811 56 75 the
1683 1811 66 75 two
1764 1811 122 75 longeft
1907 1811 78 75 fides
2002 1811 43 75 lie
2071 1811 61 75 one
2159 1811 42 75 on
2229 1811 56 75 the

1259 1859 200 75 right-hand,
1484 1859 57 75 the
1557 1859 94 75 other
1667 1859 41 75 on
1726 1859 55 75 the
1796 1859 73 75 left.

1307 1905 53 75 Of
1386 1905 55 75 the
1468 1905 92 75 three
1584 1905 109 75 angles
1719 1905 41 75 of
1779 1905 64 75 this
1871 1905 119 75 cavity,
2014 1905 56 75 the
2087 1905 65 75 two
2176 1905 106 75 which

1258 1951 168 75 terminate
1450 1951 56 75 the
1536 1951 117 75 fundus
1689 1951 53 75 are
1772 1951 182 75 perforated
1983 1951 77 75 each
2090 1951 43 75 by
2160 1951 18 75 a
2209 1951 73 75 nar-

1258 1996 68 75 row
1348 1996 87 75 du<ft,
1460 1996 105 75 which
1582 1996 79 75 with
1678 1996 158 75 diificulty
1860 1996 115 75 admits
2001 1996 18 75 a
2042 1996 94 75 hog’s
2161 1996 121 75 briftle.

1257 2043 76 75 The
1349 2043 88 75 third
1456 2043 92 75 angle
1564 2043 100 75 forms
1681 2043 18 75 a
1714 2043 56 75 flat
1785 2043 75 75 dudt
1871 2043 99 75 wider
1982 2043 75 75 than
2076 2043 55 75 the
2150 2043 135 75 formeV,

1258 2090 105 75 which
1380 2090 179 75 perforates
1578 2090 56 75 the
1650 2090 81 75 neck
1746 2090 40 75 of
1796 2090 56 75 the
1868 2090 109 75 uterus
1997 2090 198 75 lengthwife,
2220 2090 65 75 aqd

1257 2139 183 75 terminates
1458 2139 33 75 at
1506 2139 56 75 the
1578 2139 176 75 extremity
1770 2139 40 75 of
1829 2139 70 75 that
1915 2139 83 75 neck
2012 2139 44 75 by
2073 2139 19 75 a
2110 2139 175 75 tranfverfe

1259 2183 149 75 opening.

1305 2231 85 75 This
1406 2231 138 75 opening
1559 2231 27 75 is
1603 2231 124 75 termed
1744 2231 57 75 the
1816 2231 136 75 internal
1968 2231 108 75 orifice
2091 2231 42 75 of
2143 2231 55 75 the
2215 2231 69 75 ute-

1259 2277 54 75 rus
1324 2277 10 75 ;
1361 2277 74 75 and,
1453 2277 32 75 in
1501 2277 55 75 the
1574 2277 124 75 natural
1714 2277 90 75 ftate,
1829 2277 26 75 is
1868 2277 162 75 narrower
2045 2277 77 75 than
2139 2277 55 75 the
2210 2277 76 75 du<ft

1259 2324 40 75 of
1318 2324 55 75 the
1390 2324 118 75 collum
1531 2324 95 75 uteri,
1651 2324 34 75 fo
1708 2324 70 75 that
1803 2324 76 75 only
1903 2324 19 75 a
1944 2324 90 75 fmall
2057 2324 83 75 ftilet
2163 2324 57 75 can
2246 2324 40 75 be

1258 2370 106 75 paffed
1376 2370 141 75 through
1533 2370 39 75 it.
1620 2370 49 75 At
1686 2370 56 75 the
1759 2370 80 75 edge
1850 2370 40 75 of
1901 2370 65 75 this
1983 2370 122 75 orifice,
2131 2370 52 75 are
2198 2370 87 75 feve-

1260 2418 47 75 ral
1323 2418 89 75 fmall
1428 2418 103 75 holes,
1556 2418 173 75 anfwering
1744 2418 35 75 to
1795 2418 56 75 the
1862 2418 83 75 fame
1961 2418 134 75 number
2106 2418 39 75 of
2152 2418 133 75 glandu-

1264 2463 49 75 lar
1329 2463 189 75 corpufcles,
1535 2463 106 75 which
1657 2463 163 75 difeharge
1836 2463 19 75 a
1866 2463 96 75 vifeid
1978 2463 143 75 lympha.

1306 2510 76 75 The
1398 2510 88 75 inner
1502 2510 123 75 furface
1641 2510 41 75 of
1693 2510 54 75 the
1765 2510 107 75 cavity
1892 2510 40 75 of
1943 2510 54 75 the
2014 2510 109 75 uterus
2147 2510 27 75 is
2198 2510 89 75 lined

1259 2557 44 75 by
1314 2557 17 75 a
1347 2557 79 75 very
1442 2557 60 75 fine
1519 2557 193 75 membrane,
1737 2557 105 75 which
1860 2557 33 75 at
1910 2557 55 75 the
1984 2557 118 75 fundus
2120 2557 37 75 or
2184 2557 103 75 broad

1260 2603 127 75 portion
1402 2603 27 75 is
1445 2603 126 75 fmooth
1587 2603 62 75 and
1676 2603 91 75 even,
1793 2603 57 75 but
1874 2603 32 75 in
1930 2603 56 75 the
2011 2603 125 75 narrow
2158 2603 128 75 portion

1262 2649 104 75 which
1381 2649 95 75 leads'
1486 2649 36 75 to
1545 2649 55 75 the
1615 2649 109 75 orifice
1746 2649 26 75 it
1794 2649 28 75 is
1846 2649 157 75 wrinkled
2017 2649 33 75 in
2075 2649 19 75 a
2116 2649 175 75 particular

1262 2695 141 75 manner.

1307 2742 76 75 The
1399 2742 126 75 portion
1542 2742 42 75 of
1593 2742 275 75 this-membrane,
1893 2742 103 75 which
2015 2742 110 75 covers
2141 2742 55 75 the
2212 2742 74 75 hot*

1262 2788 68 75 tom
1354 2788 41 75 of
1411 2788 56 75 the
1491 2788 117 75 cavity,
1634 2788 34 75 is-
1681 2788 181 75 perforated
1879 2788 44 75 by
1943 2788 19 75 a
1984 2788 90 75 great
2091 2788 132 75 number
2251 2788 48 75 of'

1260 2835 213 75 confiderable
1488 2835 105 75 holes,
1618 2835 141 75 through
1775 2835 107 75 which
1897 2835 89 75 fmall
2002 2835 98 75 drops
2127 2835 40 75 of
2186 2835 108 75 blood,

1261 2882 73 75 may
1346 2882 39 75 be
1402 2882 154 75 obferved
1571 2882 35 75 to
1630 2882 69 75 pals
1722 2882 94 75 when
1832 2882 54 75 the
1906 2882 105 75 whole
2027 2882 111 75 uterus
2154 2882 27 75 is
2199 2882 87 75 com-

1260 2928 133 75 preffed.

1307 2975 45 75 la
1362 2975 66 75 the.
1433 2975 126 75 narrow
1570 2975 84 75 part,
1669 2975 109 75 which
1791 2975 136 75 anfwers
1938 2975 35 75 to
1986 2975 55 75 the
2052 2975 130 75 collum,
2209 2975 80 75 each

2225 3017 63 75 fide
