2397 3387
547 159 35 75 B
670 159 35 75 L
790 159 34 75 E
914 159 40 75 A
1044 159 36 75 C

28 231 42 75 all
98 231 55 75 the
178 231 64 75 dirt
271 231 62 75 and
361 231 69 75 filth
458 231 106 75 which
597 231 54 75 the
679 231 269 75 rubbing-boards
976 231 80 75 have

25 276 165 75 •loofened,
216 276 63 75 and
296 276 117 75 which,
440 276 31 75 at
489 276 54 75 the
568 276 78 75 next
671 276 134 75 boiling,
833 276 105 75 would
956 276 102 75 disco-

28 324 71 75 lour
116 324 65 75 the'
197 324 101 75 clqth.
348 324 140 75 Befides,
514 324 24 75 it
568 324 26 75 is
619 324 165 75 obferved,
812 324 68 75 that
909 324 24 75 it
950 324 109 75 makes

30 371 54 75 the
102 371 88 75 cloth
210 371 59 75 lefs
299 371 146 75 cottony,
471 371 62 75 and
550 371 88 75 mere
667 371 84 75 firm,
777 371 77 75 than
871 371 91 75 when
979 371 79 75 whi-

30 416 93 75 tened
143 416 40 75 by
200 416 135 75 rubbing
351 416 104 75 alone.

77 463 75 75 The
169 463 56 75 laft
242 463 163 75 operation
424 463 27 75 is
468 463 70 75 that
552 463 39 75 of
602 463 158 75 ftarching
777 463 61 75 and
856 463 120 75 bluing.
1028 463 32 75 It

29 509 90 75 often
135 509 153 75 happens,
313 509 71 75 that
399 509 56 75 the
472 509 102 75 cloth,
600 509 89 75 when
703 509 138 75 expoTed
858 509 35 75 to
910 509 54 75 the
978 509 82 75 wea-

29 555 72 75 ther
119 555 34 75 to
180 555 39 75 be
235 555 92 75 dried
344 555 82 75 after
444 555 64 75 this
534 555 177 75 operation,
737 555 69 75 gets
835 555 68 75 rain
918 555 9 75 ;
956 555 104 75 which

32 602 120 75 undoes
169 602 42 75 all
229 602 104 75 again,
360 602 62 75 and
447 602 103 75 forces
578 602 55 75 the
649 602 149 75 bleacher
820 602 34 75 to
871 602 18 75 a
906 602 70 75 new
1002 602 76 75 ex-'

33 648 110 75 pence.
191 648 57 75 To
285 648 128 75 remedy
442 648 78 75 this•
533 648 255 75 inconvenience,
813 648 58 75 Mr
899 648 161 75 Chryfhe,

32 695 85 75 fome
135 695 91 75 years
238 695 74 75 ftgo,
328 695 149 75 invented
495 695 54 75 the
565 695 187 75 dry-houfe,
778 695 106 75 where
902 695 53 75 the
973 695 87 75 cloth

33 741 73 75 may
117 741 40 75 be
174 741 105 75 dried,
297 741 83 75 after
397 741 63 75 this
473 741 177 75 operation,
668 741 30 75 in
712 741 62 75 any
789 741 153 75 weather.
976 741 86 75 This

33 788 162 75 invention
212 788 99 75 meets
330 788 77 75 with
424 788 153 75 univerfal
595 788 219 75 approbation.

35 892 33 75 A
104 892 232 75 METHOD
364 892 45 75 of
435 892 323 75 BLEACHING
786 892 142 75 safely
957 892 104 75 with

468 937 162 75 LIME.

81 1016 52 75 Dr
150 1016 107 75 Home
273 1016 57 75 has
355 1016 101 75 found
481 1016 45 75 by
546 1016 147 75 repeated
712 1016 102 75 trials,
841 1016 70 75 that
928 1016 136 75 alkaline

31 1063 75 75 falts
132 1063 105 75 added
252 1063 35 75 to
304 1063 92 75 lime,'
417 1063 145 75 diminifh
578 1063 40 75 its
631 1063 108 75 power
751 1063 40 75 of
803 1063 184 75 weakening
1003 1063 63 75 and

34 1109 171 75 corroding
223 1109 109 75 cloth;
360 1109 62 75 and
444 1109 70 75 that
536 1109 31 75 in
586 1109 185 75 proportion
788 1109 35 75 to
842 1109 53 75 the
917 1109 149 75 quantity

32 1155 42 75 of
85 1155 88 75 thefe
198 1155 74 75 falts
289 1155 104 75 added
420 1155 35 75 to
476 1155 56 75 the
549 1155 87 75 lime.
685 1155 85 75 This
788 1155 217 75 compofition,
1032 1155 33 75 as

34 1202 26 75 it
77 1202 26 75 is
120 1202 57 75 not
189 1202 33 75 fo
239 1202 176 75 dangerous
434 1202 32 75 as
484 1202 74 75 lime
579 1202 103 75 alone,
707 1202 35 75 fb
758 1202 25 75 it
800 1202 25 75 is
845 1202 55 75 not
917 1202 33 75 fo
967 1202 97 75 expe-

34 1249 120 75 ditious
183 1249 32 75 in
242 1249 188 75 whitening.
478 1249 112 75 When
610 1249 95 75 equal
733 1249 86 75 parts
844 1249 41 75 of
907 1249 77 75 each
1014 1249 53 75 are

35 1295 88 75 ufed,
150 1295 55 75 the
223 1295 173 75 whitening
414 1295 106 75 power
536 1295 26 75 is
580 1295 117 75 ftrong,
725 1295 61 75 and
809 1295 55 75 the
882 1295 185 75 weakening

35 1340 108 75 power
159 1340 57 75 not
233 1340 77 75 very
326 1340 232 75 confiderable;
585 1340 34 75 fo
635 1340 71 75 that
722 1340 77 75 they
816 1340 102 75 might
936 1340 38 75 be
992 1340 75 75 tiled

34 1388 78 75 with
131 1388 98 75 fafetv
244 1388 34 75 to
291 1388 111 75 bleach
422 1388 100 75 cloth,
549 1388 30 75 in
598 1388 54 75 the
664 1388 189 75 proportion
871 1388 40 75 of
917 1388 59 75 one
996 1388 70 75 part

36 1434 39 75 of
88 1434 74 75 lime
179 1434 35 75 to
231 1434 73 75 four
313 1434 40 75 of
362 1434 75 75 pure
453 1434 138 75 alkaline
607 1434 87 75 falts.
719 1434 85 75 This
818 1434 81 75 fully
917 1434 149 75 accounts

37 1479 51 75 for
97 1479 38 75 an
145 1479 198 75 obfervation
353 1479 90 75 made
452 1479 43 75 by
503 1479 41 75 all
553 1479 176 75 bleachers,
739 1479 94 75 That
840 1479 54 75 the
901 1479 168 75 bleaching

37 1527 87 75 falts,
150 1527 91 75 when
255 1527 107 75 mixed
380 1527 159 75 together,
558 1527 129 75 operate
698 1527 83 75 fafer
797 1527 62 75 and
876 1527 103 75 better
992 1527 76 75 than

36 1573 95 75 when
146 1573 76 75 ufed
247 1573 188 75 feparately.
485 1573 65 75 For
566 1573 54 75 the
649 1573 156 75 corrofive
827 1573 109 75 power
952 1573 39 75 of
1014 1573 55 75 the

38 1619 172 75 Mufcqvy,
235 1619 161 75 Marcoft,
421 1619 59 75 and
493 1619 127 75 Caihub
633 1619 85 75 afhes
736 1619 26 75 is
779 1619 162 75 correfted
957 1619 44 75 by
1014 1619 55 75 the

37 1666 88 75 pearl
142 1666 97 75 afhes.
266 1666 62 75 and
339 1666 56 75 the
411 1666 175 75 whitening
604 1666 124 75 quality
745 1666 39 75 of
796 1666 54 75 the
867 1666 96 75 latter
978 1666 27 75 is
1023 1666 46 75 in-

41 1713 127 75 creafed
184 1713 41 75 by
239 1713 72 75 that
323 1713 39 75 of
373 1713 55 75 the
441 1713 132 75 former.

85 1757 111 75 There
219 1757 27 75 is
264 1757 56 75 not
336 1757 19 75 a
371 1757 88 75 more
476 1757 171 75 corroding
662 1757 173 75 fubftance,
860 1757 78 75 with
955 1757 116 75 regard

40 1805 35 75 to
92 1805 144 75 animals,
261 1805 77 75 than
365 1805 135 75 alkaline
516 1805 75 75 fairs
608 1805 61 75 and
686 1805 74 75 lime
780 1805 112 75 joined
909 1805 159 75 together,

40 1851 168 75 efpecially
221 1851 91 75 when
331 1851 88 75 fufed
437 1851 31 75 in
477 1851 54 75 the
547 1851 70 75 fire.
653 1851 85 75 This
751 1851 26 75 is
790 1851 55 75 the
862 1851 206 75 compofition

40 1898 40 75 of
96 1898 55 75 the
167 1898 146 75 common
326 1898 126 75 caufHc.
493 1898 67 75 But
572 1898 87 75 lime,
676 1898 63 75 and
755 1898 192 75 lime-water
965 1898 104 75 alone,

39 1944 145 75 preferve
201 1944 114 75 animal
332 1944 177 75 fubftances
526 1944 31 75 in
576 1944 17 75 a
605 1944 99 75 found
721 1944 101 75 entire
839 1944 89 75 date.
966 1944 32 75 It
1016 1944 52 75 ap-

39 1992 90 75 pears
146 1992 75 75 then
235 1992 178 75 furprifing,
431 1992 71 75 that
526 1992 73 75 falts
617 1992 61 75 and
695 1992 75 75 lime
787 1992 108 75 (hould
914 1992 39 75 be
970 1992 101 75 found

41 2038 32 75 fo
91 2038 84 75 little
197 2038 185 75 deftrudfive
406 2038 39 75 of
445 2070 9 49 s
469 2038 101 75 cloth,
595 2038 93 75 when
713 2038 86 75 lime,
825 2038 37 75 or
879 2038 192 75 lime-water

41 2084 104 75 alone,
163 2084 142 75 deftroys
321 2084 26 75 it
364 2084 33 75 fo
410 2084 212 75 remarkably.
671 2084 67 75 But
755 2084 70 75 that
842 2084 63 75 this
922 2084 26 75 is
966 2084 18 75 a
995 2084 75 75 fad,

42 2129 26 75 is
97 2129 91 75 made
213 2129 128 75 evident
370 2129 42 75 by
438 2129 94 75 many
560 2129 226 75 experiments,
818 2129 61 75 and
908 2129 56 75 has
992 2129 79 75 been

43 2172 151 75 pradifed
211 2172 79 75 both
304 2172 77 75 with
398 2172 120 75 fuccefs
535 2172 59 75 and
613 2172 114 75 fafety,
746 2172 41 75 by
800 2172 19 75 a
834 2172 148 75 bleacher
998 2172 74 75 who

43 2220 87 75 gives
148 2220 55 75 the
231 2220 166 75 following
421 2220 134 75 account
572 2220 39 75 of
629 2220 51 75 his
704 2220 133 75 method
853 2220 40 75 of
903 2220 168 75 bleaching

44 2267 76 75 with
139 2267 87 75 lime.

92 2314 23 75 “
141 2314 92 75 FirfI,
259 2314 71 75 fays
346 2314 52 75 he,
425 2314 16 75 I
460 2314 81 75 deep
558 2314 56 75 the
635 2314 88 75 cloth
741 2314 31 75 in
790 2314 98 75 warm
900 2314 105 75 waten
1020 2314 52 75 for

42 2360 213 75 twenty-four
263 2360 118 75 hours;
408 2360 76 75 then
501 2360 88 75 clean
607 2360 24 75 it
647 2360 31 75 in
696 2360 18 75 a
728 2360 136 75 wafhing
881 2360 80 75 mill,
979 2360 40 75 of
1031 2360 41 75 all

42 2407 56 75 the
125 2407 145 75 drefling,
294 2407 37 75 or
344 2407 120 75 fowen,
493 2407 36 75 as
555 2407 54 75 the
627 2407 111 75 vulgar
762 2407 81 75 term
869 2407 37 75 it.
956 2407 113 75 After-

43 2453 104 75 wards
165 2453 16 75 I
199 2453 84 75 buck
306 2453 56 75 the
380 2453 88 75 cloth
491 2453 79 75 with
586 2453 173 75 cow-dung
786 2453 63 75 and
874 2453 109 75 water,
1011 2453 62 75 and

43 2499 112 75 bleach
183 2499 26 75 it
228 2499 75 75 with
322 2499 66 75 this
412 2499 49 75 for
478 2499 91 75 three
596 2499 78 75 days
690 2499 8 75 ;
727 2499 76 75 then
820 2499 88 75 clean
927 2499 24 75 it
969 2499 102 75 again,

44 2544 62 75 and
121 2544 66 75 boil
204 2544 26 75 it
252 2544 79 75 with
356 2544 19 75 a
390 2544 53 75 lye
458 2544 91 75 made
566 2544 40 75 of
617 2544 127 75 Caihub
761 2544 98 75 afhes.
908 2544 33 75 A
966 2544 107 75 pound

44 2593 36 75 to
95 2593 78 75 each
190 2593 88 75 piece
298 2593 39 75 of
355 2593 36 75 18
410 2593 37 75 or
464 2593 44 75 20
525 2593 94 75 yards
635 2593 77 75 long
728 2593 27 75 is
772 2593 167 75 fufficient.
987 2593 85 75 This

43 2638 17 75 I
78 2638 42 75 do
137 2638 105 75 twice,
268 2638 32 75 as
318 2638 42 75 no
376 2638 78 75 lime.
466 2638 101 75 ought
567 2670 15 49 #
582 2638 36 75 to
635 2638 39 75 be
691 2638 92 75 given
803 2638 36 75 to
855 2638 89 75 cloth
961 2638 112 75 before

44 2685 25 75 it
85 2685 27 75 is
137 2685 17 75 a
171 2685 59 75 full
247 2685 88 75 third
352 2685 180 75 whitened;
617 2685 24 75 it
659 2685 41 75 by
719 2685 42 75 no
784 2685 104 75 means
917 2685 156 75 advances

44 2732 55 75 the
116 2732 174 75 whitening
307 2732 40 75 of
368 2732 55 75 the
449 2732 101 75 cloth,
576 2732 69 75 but,
671 2732 41 75 on
730 2732 54 75 the
811 2732 161 75 contrary,
997 2732 75 75 pro-

45 2777 95 75 trads
157 2777 46 75 it:
242 2777 78 75 For,
345 2777 118 75 inftead
487 2777 38 75 of
548 2777 161 75 loofening
738 2777 55 75 the
820 2777 42 75 oil
881 2777 62 75 and
960 2777 64 75 dirt
1041 2777 32 75 in

44 2823 57 75 the
129 2823 101 75 cloth,
264 2823 91 75 when
384 2823 123 75 brown,
533 2823 24 75 it
577 2823 108 75 rather
711 2823 81 75 fixes
820 2823 105 75 them;
950 2823 63 75 juft
1040 2823 33 75 as

44 2870 92 75 when
162 2870 62 75 fine
253 2870 87 75 cloth
358 2870 25 75 is
409 2870 124 75 bucked
539 2870 89 75 with
653 2870 194 75 over-warm
874 2870 68 75 lyes
971 2870 31 75 in
1020 2870 55 75 the

45 2916 63 75 firft
125 2916 168 75 buckings.
342 2916 95 75 Lime
454 2916 26 75 is
498 2916 43 75 by
564 2916 42 75 ho
622 2916 106 75 means
745 2916 35 75 fit
799 2916 49 75 for
875 2916 201 75 difeharging

46 2964 54 75 the
116 2964 45 75 oil
177 2964 31 75 in
225 2964 55 75 the
297 2964 100 75 cloth,
424 2964 57 75 but
499 2964 50 75 for
565 2964 143 75 cleaning
724 2964 25 75 it
767 2964 107 75 of"the
892 2964 82 75 dead
990 2964 83 75 part,

46 3010 181 75 commonly
251 3010 101 75 called
370 3010 112 75 fprat.
529 3010 79 75 The
637 3010 102 75 cloth,
769 3010 95 75 being
880 3010 141 75 cleaned,
1046 3010 28 75 is

1169 154 41 75 H
1296 154 18 75 I
1403 154 44 75 N
1535 154 53 75 G.

2055 154 82 75 57i

1106 222 65 75 laid
1187 222 100 75 upon'
1287 222 20 75 a
1324 222 147 75 dreeper.
1520 222 32 75 It
1570 222 78 75 muft
1665 222 57 75 not
1744 222 40 75 be
1800 222 86 75 drier
1912 222 109 75 before
2037 222 101 75 buck-

1108 267 54 75 ing
1179 267 79 75 with
1285 267 87 75 lime,
1399 267 167 75 otherwife
1593 267 28 75 it
1637 267 64 75 will
1726 267 73 75 take
1815 267 31 75 in
1872 267 88 75 more
1988 267 77 75 than
2081 267 58 75 can

1109 315 37 75 be
1164 315 55 75 got
1236 315 56 75 out
1318 315 90 75 again
1439 315 109 75 before
1565 315 55 75 the
1643 315 80 75 next
1739 315 211 75 application:
1990 315 65 75 For
2072 315 33 75 as
2124 315 15 75 I

1108 361 80 75 have
1205 361 153 75 obferved
1375 361 141 75 already,
1542 361 69 75 that
1628 361 89 75 lime*
1732 361 25 75 is
1783 361 76 75 only
1876 361 35 75 fit
1932 361 51 75 for
1999 361 140 75 difefar-

1109 407 74 75 ging
1200 407 153 75 the_dead
1367 407 82 75 part,
1475 407 139 75 bucking
1631 407 73 75 thus
1722 407 62 75 wet
1800 407 92 75 make
1909 407 26 75 it
1951 407 59 75 reft
2027 407 40 75 on
2085 407 56 75 the

1109 454 119 75 outfide
1251 454 40 75 of
1315 454 56 75 the
1397 454 99 75 cloth.
1548 454 16 75 I
1582 454 73 75 take
1673 454 18 75 a
1715 454 89 75 lippy
1827 454 40 75 of
1886 454 55 75 the
1964 454 86 75 fineft
2079 454 63 75 and

1111 501 113 75 richeft
1249 501 171 75 powdered
1447 501 75 75 lime
1539 501 70 75 that
1626 501 59 75 can
1701 501 40 75 be
1759 501 69 75 got,
1851 501 40 75 of
1915 501 55 75 the
1987 501 155 75 brigKteft

1110 548 96 75 white
1235 548 123 75 colour,
1384 548 32 75 as
1439 548 79 75 poor
1534 548 76 75 lime
1635 548 78 75 does
1732 548 86 75 more
1841 548 76 75 hurt
1946 548 77 75 than
2037 548 112 75 good,,

1104 594 35 75 to
1156 594 102 75 thirty
1274 594 102 75 pieces
1394 594 39 75 of
1457 594 55 75 the
1536 594 100 75 above
1654 594 132 75 length;
1813 594 60 75 and
1904 594 91 75 make
2020 594 19 75 a
2066 594 75 75 cold

1110 641 51 75 lye
1175 641 40 75 of
1226 641 38 75 it,
1288 641 43 75 by
1347 641 127 75 ftirring
1491 641 61 75 and
1570 641 135 75 pouring
1720 641 100 75 water
1836 641 52 75 off
1899 641 56 75 the
1970 641 88 75 lime,
2084 641 59 75 un-

1110 687 35 75 til
1165 687 43 75 all
1224 687 40 75 be
1280 687 166 75 diffolved,
1471 687 58 75 but
1546 687 54 75 the
1612 687 102 75 drofs,
1733 687 103 75 which
1849 687 26 75 is
1893 687 125 75 thrown
2032 687 120 75 away:.

1110 733 97 75 Then
1225 733 16 75 I
1259 733 63 75 add
1342 733 19 75 a
1377 733 83 75 little
1478 733 87 75 foap,
1590 733 106 75 which
1713 733 108 75 makes
1838 733 55 75 the
1923 733 52 75 lye
1991 733 80 75 have
2088 733 56 75 the

1112 780 119 75 neareft
1248 780 212 75 refemblahce
1478 780 34 75 to
1529 780 78 75 milk
1619 780 71 75 that
1703 780 113 75 breaks
1834 780 31 75 in
1879 780 133 75 boiling,
2031 780 41 75 of
2083 780 62 75 any

1112 826 92 75 thing
1221 826 16 75 I
1255 826 57 75 can
1330 826 93 75 think
1440 826 58 75 of:
1536 826 67 75 For
1626 826 64 75 this
1707 826 74 75 foap
1798 826 108 75 blunts
1934 826 54 75 the
2016 826 129 75 hotnefe

1114 873 39 75 of
1165 873 54 75 the
1247 873 87 75 lime.
1382 873 98 75 Then
1506 873 15 75 I
1540 873 72 75 take
1631 873 54 75 the
1708 873 102 75 cloth,
1837 873 62 75 and
1927 873 54 75 dip
1998 873 25 75 it
2041 873 31 75 in
2089 873 57 75 the

1113 920 162 75 lime-lye;
1295 920 63 75 and
1382 920 72 75 that
1477 920 142 75 moment
1648 920 58 75 out
1733 920 104 75 again,
1863 920 62 75 and
1949 920 52 75 lay
2018 920 26 75 it
2068 920 42 75 on
2127 920 20 75 a

1114 966 133 75 dreeper
1269 966 80 75 until
1379 966 25 75 it
1434 966 38 75 be
1499 966 126 75 bucked
1641 966 9 75 ;
1679 966 76 75 then
1781 966 57 75 put
1865 966 26 75 it
1909 966 40 75 on
1973 966 56 75 the
2056 966 88 75 field,

1114 1013 154 75 watering
1285 1013 25 75 it
1329 1013 176 75 carefully;
1533 1013 51 75 for
1601 1013 29 75 if
1643 1013 136 75 allowed
1804 1013 35 75 to
1856 1013 73 75 dry,
1958 1013 25 75 it
2007 1013 26 75 is
2051 1013 95 75 much

1115 1059 167 75 damaged.
1331 1059 86 75 This
1434 1059 26 75 is
1489 1059 85 75 done
1601 1059 118 75 always
1736 1059 32 75 in
1797 1059 55 75 the
1875 1059 166 75 morning;
2070 1059 33 75 as
2121 1059 26 75 it

1115 1106 114 75 cannot
1247 1106 39 75 be
1302 1106 82 75 done
1402 1106 31 75 at
1446 1106 102 75 night,
1573 1106 32 75 in
1623 1106 114 75 regard
1760 1106 40 75 of
1823 1106 54 75 the
1895 1106 58 75 hot
1970 1106 125 75 quality
2111 1106 40 75 of

1117 1153 54 75 the
1189 1153 86 75 lime,
1302 1153 104 75 which
1425 1153 75 75 foon
1517 1153 90 75 heats
1622 1153 55 75 the
1689 1153 101 75 cloth,
1817 1153 60 75 and
1895 1153 127 75 tenders
2040 1153 37 75 it.
2118 1153 37 75 If

1116 1198 18 75 a
1149 1198 59 75 hot
1236 1198 142 75 funlhine
1402 1198 140 75 follows,
1568 1198 25 75 it
1610 1198 57 75 has
1698 1198 88 75 great
1803 1198 113 75 effeift;
1951 1198 52 75 for
2030 1198 75 75 lime
2122 1198 26 75 is

1112 1246 61 75 juft
1192 1246 63 75 like
1273 1246 41 75 all
1327 1246 94 75 other
1432 1246 160 75 materials
1610 1246 249 75 for-bleaching,
1877 1246 68 75 that
1962 1246 81 75 have
2060 1246 90 75 more

1117 1292 25 75 o.
1142 1292 11 75 r
1165 1292 58 75 lefs
1240 1292 93 75 effedt
1344 1292 176 75 according
1532 1292 32 75 as
1583 1292 55 75 the
1650 1292 140 75 weather
1813 1292 25 75 is
1856 1292 85 75 good
1955 1292 35 75 or
2008 1292 73 75 bad,
2131 1292 18 75 I

1117 1339 73 75 take
1206 1339 25 75 it
1261 1339 41 75 up
1320 1339 55 75 the
1399 1339 116 75 fbcond
1540 1339 64 75 day
1625 1339 259 75 after-bucking,
1911 1339 67 75 and.
2001 1339 72 75 give
2090 1339 25 75 it
2132 1339 20 75 a

1118 1385 83 75 little
1218 1385 135 75 milling,
1379 1385 37 75 or
1432 1385 282 75 hand-bleaching,
1740 1385 36 75 or
1800 1385 141 75 bittling,
1968 1385 184 75 commonly

1118 1431 101 75 called
1236 1431 173 75 blocking;
1437 1431 62 75 and
1515 1431 53 75 lay
1584 1431 25 75 it
1634 1431 41 75 on
1693 1431 54 75 the
1775 1431 76 75 field
1869 1431 103 75 again,
1997 1431 155 75 watering

1118 1477 25 75 it
1160 1477 157 75 carefully
1333 1477 34 75 as
1384 1477 123 75 before.
1556 1477 78 75 The
1651 1477 92 75 effed
1761 1477 26 75 is
1804 1477 88 75 more
1910 1477 104 75 vifible
2032 1477 54 75 the
2103 1477 48 75 fe-

1118 1525 83 75 cond
1219 1525 77 75 than
1313 1525 55 75 the
1385 1525 65 75 firft
1466 1525 76 75 day.
1592 1525 49 75 As
1659 1525 42 75 all
1719 1525 88 75 cloth
1821 1525 91 75 when
1930 1525 97 75 limed
2040 1525 112 75 ftiould

1117 1572 80 75 have
1213 1572 19 75 a
1247 1572 90 75 great
1353 1572 71 75 deal
1443 1572 40 75 of
1496 1572 101 75 work,
1624 1572 168 75 otherwife
1809 1572 89 75 more
1914 1572 78 75 than
2009 1572 73 75 half
2094 1572 57 75 the

1117 1619 92 75 effed
1226 1619 24 75 is
1269 1619 78 75 loft;
1374 1619 63 75 and
1454 1619 55 75 not
1526 1619 77 75 only
1626 1619 82 75 that,
1735 1619 58 75 but
1811 1619 22 75 a
1852 1619 89 75 great
1963 1619 71 75 deal
2052 1619 39 75 of
2103 1619 47 75 la-

1119 1665 80 75 bour
1216 1665 62 75 and
1305 1665 88 75 pains
1410 1665 26 75 is
1466 1665 147 75 requifite
1636 1665 36 75 to
1694 1665 74 75 take
1786 1665 54 75 the
1864 1665 75 75 lime
1960 1665 58 75 out
2034 1665 119 75 of'the

1120 1711 87 75 cloth
1239 1711 111 75 again;
1378 1711 27 75 it
1421 1711 78 75 muft
1528 1711 91 75 never
1646 1711 39 75 be
1709 1711 140 75 expofed
1866 1711 41 75 on
1925 1711 55 75 the
2010 1711 144 75 Sabbath

1120 1758 74 75 day,
1214 1758 56 75 but
1283 1758 156 75 carefully
1451 1758 76 75 kept
1541 1758 62 75 wet
1617 1758 116 75 always
1747 1758 95 75 while
1856 1758 75 75 ufed
1943 1758 30 75 in
1991 1758 64 75 this
2068 1758 84 75 way.

1120 1804 94 75 Thus
1240 1804 139 75 bucking
1404 1804 51 75 for
1473 1804 91 75 three
1586 1804 38 75 or
1649 1804 72 75 four
1749 1804 93 75 times
1860 1804 31 75 at
1909 1804 91 75 moft,
2026 1804 26 75 is
2069 1804 88 75 furli-

1122 1850 83 75 cient
1233 1850 52 75 for
1302 1850 62 75 any
1380 1850 101 75 cloth,
1507 1850 115 75 except
1639 1850 72 75 that
1727 1850 92 75 made
1836 1850 40 75 of
1898 1850 66 75 flax
1981 1850 108 75 pulled
2109 1850 44 75 ei-

1121 1898 73 75 ther
1211 1898 202 75 over-green,
1440 1898 37 75 or
1494 1898 104 75 which
1627 1898 105 75 grows
1756 1898 31 75 in
1812 1898 19 75 a
1854 1898 164 75 droughty
2035 1898 119 75 feafion,

1122 1944 37 75 or
1187 1944 134 75 perhaps
1353 1944 55 75 not
1425 1944 34 75 fo
1486 1944 72 75 well
1575 1944 141 75 heckled
1729 1944 33 75 as
1790 1944 26 75 it
1833 1944 111 75 fliould
1968 1944 52 75 be.
2068 1944 86 75 This

1120 1992 66 75 fort
1202 1992 265 75 occafions-great
1484 1992 127 75 trouble
1628 1992 62 75 and
1707 1992 141 75 expence
1869 1992 35 75 to
1920 1992 54 75 the
1992 1992 174 75 bleacher..

1122 2039 67 75 But
1206 2039 53 75 the
1277 2039 79 75 moft
1383 2039 147 75 effedual
1548 2039 60 75 and
1626 2039 201 75 expeditious
1844 2039 71 75 way
1928 2039 15 75 I
1962 2039 73 75 ever
2052 2039 103 75 found

1121 2083 50 75 for
1187 2083 63 75 this
1269 2083 89 75 kind,
1385 2083 77 75 was,
1489 2083 83 75 after
1589 2083 132 75 boiling,
1748 2083 34 75 to
1806 2083 74 75 take
1898 2083 17 75 a
1938 2083 84 75 little
2039 2083 47 75 off
2099 2083 55 75 the

1121 2130 98 75 warm
1236 2130 62 75 lye,
1326 2130 61 75 and
1405 2130 67 75 mix
1490 2130 17 75 a
1518 2130 79 75 very
1613 2130 88 75 fmali
1717 2130 151 75 quantity
1880 2130 40 75 of
1930 2130 75 75 lime
2023 2130 76 75 with
2114 2130 39 75 it,

1120 2177 62 75 and
1198 2177 88 75 draw
1302 2177 55 75 the
1380 2177 88 75 cloth
1487 2177 139 75 through
1656 2177 71 75 that
1744 2177 32 75 as
1793 2177 59 75 hot
1877 2177 34 75 as
1928 2177 138 75 poffible,
2093 2177 63 75 and

1122 2223 55 75 put
1194 2223 25 75 it
1241 2223 42 75 on
1305 2223 55 75 the
1377 2223 75 75 field
1468 2223 147 75 diredly,
1642 2223 153 75 watering
1811 2223 25 75 it
1853 2223 169 75 carefully.
2071 2223 85 75 This

1122 2270 64 75 will
1204 2270 87 75 clean
1308 2270 25 75 it
1350 2270 41 75 of
1402 2270 150 75 the-fprat
1570 2270 213 75 furprifingly.
1815 2270 97 75 Then
1926 2270 15 75 I
1959 2270 65 75 boil
2036 2270 27 75 it
2075 2270 36 75 w'
2111 2270 42 75 ith

1123 2316 86 75 pearl
1227 2316 99 75 alhes,
1351 2316 62 75 and
1425 2316 70 75 give
1513 2316 24 75 it
1555 2316 54 75 the
1625 2316 56 75 laft
1698 2316 68 75 boil
1782 2316 79 75 with
1877 2316 87 75 foap;

1171 2365 25 75 “
1219 2365 113 75 There
1355 2365 53 75 are
1424 2365 216 75 innumerable
1664 2365 145 75 miftakes
1826 2365 32 75 in
1881 2365 56 75 the
1954 2365 53 75 ufe
2030 2365 39 75 of
2079 2365 76 75 lime

1124 2408 185 75 committed
1327 2408 43 75 by
1383 2408 55 75 the
1454 2408 224 75 vulgar,'who
1690 2408 53 75 are
1760 2408 148 75 ignorant
1920 2408 39 75 of
1971 2408 40 75 its
2031 2408 125 75 quality

1124 2456 60 75 arid
1205 2456 121 75 effeds.
1376 2456 98 75 They
1490 2456 94 75 know
1609 2456 76 75 only
1701 2456 67 75 this
1782 2456 31 75 in
1832 2456 140 75 general,
1999 2456 70 75 that
2085 2456 25 75 it
2128 2456 26 75 is

1125 2502 17 75 a
1154 2502 92 75 thing
1260 2502 103 75 which
1376 2502 134 75 whitens
1524 2502 87 75 cloth
1629 2502 113 75 cheap,
1760 2502 62 75 and
1834 2502 27 75 is
1874 2502 74 75 eafy
1958 2502 195 75 purchafed;

1126 2548 160 75 therefore
1303 2548 79 75 they
1397 2548 65 75 will
1480 2548 52 75 ufe
1549 2548 38 75 it.
1638 2548 96 75 Some
1758 2548 39 75 of
1810 2548 85 75 them
1914 2548 92 75 begin
2022 2548 133 75 whiten-

1123 2595 53 75 ing
1192 2595 40 75 of
1243 2595 84 75 their
1340 2595 87 75 cloth
1445 2595 76 75 with
1544 2595 36 75 it,
1607 2595 132 75 which.I
1757 2595 81 75 have
1855 2595 128 75 already
1999 2595 155 75 obferved

1122 2643 35 75 to
1173 2643 39 75 be
1229 2643 122 75 wrong,
1378 2643 61 75 and
1464 2643 92 75 given
1580 2643 124 75 reafons
1733 2643 52 75 for
1808 2643 39 75 it,
1873 2643 70 75 and.
1963 2643 148 75 continue
2129 2643 25 75 it

1122 2688 80 75 until
1219 2688 55 75 the
1291 2688 88 75 cloth
1395 2688 26 75 is
1429 2688 180 75 "bleached;
1637 2688 70 75 gite
1724 2688 24 75 It
1762 2688 18 75 a
1796 2688 65 75 boil
1880 2688 35 75 or
1933 2688 66 75 two
2016 2688 31 75 at
2060 2688 93 75 moft,

1124 2735 61 75 and
1201 2735 76 75 then
1291 2735 80 75 wafh
1388 2735 25 75 it
1429 2735 41 75 up
1487 2735 99 75 while
1600 2735 55 75 the
1671 2735 87 75 grofs
1775 2735 87 75 body
1874 2735 40 75 of
1926 2735 53 75 the
1992 2735 74 75 lime
2083 2735 25 75 is
2123 2735 32 75 in

1124 2782 53 75 the
1195 2782 158 75 fubftance
1366 2782 105 75 of^the
1488 2782 101 75 cloth.
1637 2782 87 75 This
1741 2782 107 75 makes
1873 2782 98 75 limed
1997 2782 88 75 cloth
2102 2782 54 75 ea-

1123 2828 55 75 fily
1191 2828 251 75 diftihguifhable
1459 2828 85 75 from
1556 2828 157 75 unKmed,-
1728 2828 37 75 as
1774 2828 55 75 the
1846 2828 121 75 former
1982 2828 58 75 has
2058 2828 18 75 a
2088 2828 69 75 ytl-

1124 2875 107 75 lowifh
1247 2875 121 75 colour,
1396 2875 61 75 and
1470 2875 26 75 is
1514 2875 58 75 full
1591 2875 39 75 of
1642 2875 18 75 a
1677 2875 143 75 powder.
1869 2875 141 75 Befides,
2029 2875 33 75 as
2081 2875 75 75 lime

1125 2921 25 75 is
1175 2921 39 75 of
1236 2921 111 75 a.very
1370 2921 59 75 hot
1457 2921 171 75 corroding
1653 2921 124 75 nature,
1803 2921 25 75 it
1853 2921 80 75 muft
1958 2921 42 75 by
2024 2921 140 75 degrees,

1124 2969 127 75 weaken
1268 2969 54 75 the
1340 2969 100 75 cloth.
1489 2969 77 75 The
1583 2969 64 75 bad
1669 2969 108 75 effeds
1795 2969 39 75 of
1857 2969 62 75 this
1937 2969 159 75 fubftance
2113 2969 44 75 do

1123 3017 56 75 not
1196 3017 61 75 end
1268 3017 90 75 here.
1409 3017 110 75 When
1538 3017 68 75 the.
1615 3017 88 75 cloth
1719 3017 27 75 is
1763 3017 58 75 put
1841 3017 41 75 on
1899 3017 111 75 board,
2036 3017 26 75 it
2071 3017 84 75 -con-

2058 3071 97 75 trada
