2477 3395
145 184 22 75 6
167 216 31 49 4
198 184 25 75 3

786 184 36 75 B
942 184 39 75 O
1096 184 40 75 T

187 251 76 75 The
275 251 88 75 ninth
382 251 61 75 and
458 251 56 75 laft
531 251 165 75 argument
708 251 26 75 is
747 251 127 75 intitled
891 251 150 75 Omnium
1051 251 121 75 florum

138 298 146 75 genuina
301 298 231 75 conjideratio;
560 298 105 75 which
683 298 26 75 is
726 298 133 75 nothing
875 298 89 75 more
981 298 74 75 than
1074 298 18 75 a
1108 298 63 75 col-

144 343 114 75 leftipn
275 343 42 75 of
327 343 101 75 vague
443 343 215 75 obfervations
673 343 85 75 upon
776 343 55 75 the
848 343 150 75 ftrudture
1016 343 60 75 and
1089 343 86 75 (Eco-

145 389 96 75 nomy
256 389 40 75 of
318 389 171 75 particular
516 389 117 75 plants,
669 389 84 75 lome
771 389 39 75 of
831 389 89 75 them
947 389 84 75 true,
1063 389 112 75 others

145 435 89 75 falfe,
261 435 56 75 but
334 435 40 75 all
392 435 40 75 of
443 435 88 75 them
549 435 162 75 evidently
728 435 100 75 thruft
846 435 31 75 in
895 435 34 75 as
945 435 144 75 fupports
1106 435 35 75 to
1159 435 18 75 a

146 482 157 75 favourite
319 482 195 75 hypothefis.

192 574 158 75 Having
369 574 75 75 thus
461 574 92 75 given
571 574 18 75 a
604 574 108 75 pretty
725 574 59 75 full
802 574 158 75 hiftorical
977 574 80 75 view
1070 574 39 75 of
1121 574 55 75 the

147 620 204 75 controverfy
368 620 190 75 concerning
575 620 55 75 the
641 620 92 75 fexes
750 620 40 75 of
801 620 115 75 plants,
942 620 49 75 we
1006 620 77 75 (hall
1103 620 73 75 now

147 666 52 75 lay
227 666 111 75 before
355 666 59 75 our
438 666 125 75 readers
581 666 17 75 a
615 666 62 75 few
693 666 218 75 obfervations
935 666 71 75 that
1025 666 80 75 have
1122 666 53 75 oc-

149 714 111 75 curred
279 714 83 75 from
380 714 54 75 the
452 714 122 75 perufal
586 714 88 75 ofit.

194 759 30 75 It
242 759 73 75 may
337 759 39 75 be
392 759 152 75 obferved
568 759 32 75 in
618 759 140 75 general,
783 759 70 75 that
879 759 56 75 the
951 759 79 75 fadts
1047 759 62 75 and
1126 759 49 75 ar-

148 805 144 75 guments
309 805 143 75 adduced
480 805 45 75 by
544 805 53 75 the
616 805 160 75 fexualilts
794 805 52 75 are
864 805 43 75 by
924 805 49 75 far
989 805 56 75 too
1062 805 63 75 few
1141 805 35 75 to

148 851 99 75 admit
264 851 39 75 of
314 851 61 75 any
394 851 127 75 general
536 851 173 75 indudtion.
758 851 89 75 Nay,
873 851 78 75 moft
968 851 39 75 of
1018 851 88 75 them
1123 851 54 75 are

147 895 120 75 merely
284 895 187 75 accidental,
498 895 94 75 many
604 895 39 75 of
656 895 87 75 them
760 895 55 75 not
833 895 94 75 being
941 895 141 75 uniform
1098 895 78 75 even

147 944 32 75 in
196 944 55 75 the
269 944 80 75 fame
366 944 136 75 fpecies;
522 944 61 75 and
599 944 55 75 the
671 944 73 75 final
762 944 105 75 caufes
883 944 41 75 of
935 944 56 75 the
1008 944 103 75 whole
1124 944 53 75 are

149 990 182 75 unnatural,
356 990 62 75 and
443 990 145 75 tortured
613 990 33 75 fo
664 990 34 75 as
724 990 65 75 bed:
813 990 35 75 to
873 990 120 75 anfwer
1019 990 55 75 the
1103 990 58 75 pur

149 1035 88 75 poles
254 1035 40 75 of
305 1035 19 75 a
335 1035 127 75 theory,
479 1035 119 75 which,
616 1035 52 75 for
684 1035 42 75 all
744 1035 70 75 that
838 1035 77 75 hath
933 1035 55 75 yet
1004 1035 79 75 been
1099 1035 78 75 (aid,

149 1083 109 75 merits
287 1083 41 75 no
355 1083 113 75 higher
494 1083 192 75 appellation
711 1083 77 75 than
817 1083 70 75 that
903 1083 41 75 of
966 1083 19 75 a
1009 1083 169 75 whimfical

151 1129 193 75 conjecture.

196 1176 93 75 Fird,
315 1176 89 75 then,
430 1176 179 75 Linnaeus’s
632 1176 165 75 reafoning
812 1176 26 75 is
856 1176 40 75 of
917 1176 17 75 a
950 1176 85 75 mixt
1051 1176 125 75 nature,

149 1220 108 75 partly
286 1220 187 75 analogical,
499 1220 106 75 partly
632 1220 151 75 founded*
798 1220 40 75 on
863 1220 214 75 obfervation.
1126 1220 52 75 He

149 1267 61 75 iets
227 1267 57 75 out
312 1267 79 75 with
420 1267 38 75 an
486 1267 135 75 attempt
639 1267 33 75 to
690 1267 110 75 prove,
826 1267 69 75 that
923 1267 102 75 plants
1054 1267 53 75 are
1124 1267 54 75 en-

150 1313 113 75 dowed
281 1313 78 75 with
378 1313 17 75 a
413 1313 117 75 certain
549 1313 115 75 degree
677 1313 40 75 of
727 1313 113 75 animal
857 1313 77 75 life;
962 1313 61 75 and
1039 1313 50 75 his
1105 1313 73 75 fun-

148 1359 160 75 damental
336 1359 108 75 reafnn
469 1359 39 75 is,
532 1359 145 75 becaufe,
707 1359 164 75 agreeable
888 1359 35 75 to
948 1359 53 75 Dr
1017 1359 159 75 Harvey’s

151 1406 162 75 definition
330 1406 40 75 of
392 1406 71 75 life,
487 1406 78 75 they
583 1406 237 75 fpmiancoujly
833 1406 112 75 propel
969 1406 210 75 humours.—

152 1452 149 75 Strange,
327 1452 70 75 that
414 1452 18 75 a
449 1452 71 75 man
544 1452 38 75 of
595 1452 177 75 Linnaeus’s
785 1452 155 75 capacity,
966 1452 37 75 or
1018 1452 116 75 indeed
1146 1452 40 75 of

153 1497 60 75 any
230 1497 143 75 capacity
390 1497 32 75 at
447 1497 53 75 all.
527 1497 111 75 (hould
655 1497 147 75 ferioufly
817 1497 128 75 employ
961 1497 38 75 an
1016 1497 164 75 argument

151 1543 154 75 pregnant
320 1543 79 75 with
416 1543 96 75 every
528 1543 115 75 degree
660 1543 39 75 of
711 1543 163 75 abfurdity
891 1543 212 75 !—Stranger
1121 1543 60 75 dill

151 1589 70 75 that
238 1589 40 75 he
294 1589 111 75 (hould
429 1589 74 75 take
526 1589 42 75 up
588 1589 75 75 near
687 1589 121 75 twenty
825 1589 93 75 pages
946 1589 30 75 in
993 1589 189 75 illudrating

153 1636 62 75 and
242 1636 143 75 drawing
409 1636 193 75 conclufions
631 1636 85 75 from
745 1636 74 75 fuch
848 1636 38 75 an
910 1636 276 75 argument!—If

152 1683 132 75 Harvey
300 1683 57 75 has
374 1683 92 75 given
483 1683 19 75 a
516 1683 101 75 vague
634 1683 61 75 and
712 1683 230 75 unintelligible
958 1683 163 75 definition
1147 1683 39 75 of

157 1730 68 75 life,
250 1730 58 75 can
336 1730 70 75 that
433 1730 40 75 be
490 1730 18 75 a
524 1730 153 75 fufficient
701 1730 115 75 excufe
833 1730 50 75 for
909 1730 109 75 laying
1044 1730 78 75 hold
1147 1730 39 75 of

155 1775 75 75 fuch
248 1775 17 75 a
281 1775 164 75 definition
466 1775 31 75 in
515 1775 94 75 order
624 1775 37 75 to
677 1775 114 75 fortify
813 1775 39 75 an
869 1775 138 75 undable
1023 1775 158 75 hypothe-

153 1823 37 75 fis
203 1823 12 75 ?
244 1823 78 75 But,
347 1823 94 75 were'
441 1823 163 75 Harvey’s
622 1823 161 75 definition
802 1823 88 75 more
901 1823 145 75 accurate
1063 1823 76 75 than
1155 1823 26 75 it

152 1868 40 75 is,
210 1868 63 75 and
286 1868 81 75 were
379 1868 182 75 vegetables
573 1868 134 75 adtually
719 1868 147 75 poflelfed
883 1868 40 75 of
933 1868 98 75 living
1043 1868 136 75 powers,

154 1915 25 75 it
196 1915 26 75 is
251 1915 72 75 eafy
346 1915 35 75 to
397 1915 148 75 conceive
572 1915 75 75 how
668 1915 55 75 the
747 1915 57 75 life
821 1915 40 75 of
878 1915 183 75 vegetables
1078 1915 103 75 might

153 1961 40 75 be
211 1961 17 75 a
244 1961 114 75 proper
375 1961 58 75 ted
449 1961 46 75 of,
521 1961 37 75 or
574 1961 227 75 contradiction
818 1961 47 75 to,
891 1961 56 75 the
963 1961 145 75 received
1124 1961 53 75 de-

155 2007 124 75 finition
290 2007 9 75 :
335 2007 79 75 But,
439 2007 75 75 how
538 2007 18 75 a
576 2007 176 75 definition,
778 2007 116 75 which,
920 2007 85 75 from
1021 2007 53 75 the
1092 2007 71 75 com

155 2053 76 75 plex
261 2053 61 75 and
349 2053 147 75 intricate
528 2053 110 75 nature
669 2053 40 75 of
737 2053 53 75 the
808 2053 119 75 fubjeCt
942 2053 138 75 defined,
1100 2053 81 75 mud

156 2100 181 75 neceflarily
353 2100 40 75 be
418 2100 99 75 vague
543 2100 60 75 and
621 2100 180 75 precarious
839 2100 57 75 can
913 2100 39 75 be
970 2100 167 75 employed
1149 2100 31 75 in

157 2146 219 75 confirmation
392 2146 39 75 of
455 2146 61 75 any
538 2146 126 75 general
683 2146 125 75 theory,
834 2146 137 75 exceeds
989 2146 55 75 the
1060 2146 121 75 powers

156 2194 40 75 of
208 2194 145 75 common
366 2194 235 75 apprehenfion.

205 2239 65 75 But
287 2239 44 75 let
347 2239 36 75 us
401 2239 145 75 examine
563 2239 63 75 this
649 2239 128 75 notable
792 2239 164 75 definition
973 2239 18 75 a
1007 2239 83 75 little
1114 2239 67 75 fur-

155 2285 92 75 ther:
274 2285 105 75 What
394 2285 71 75 idea
481 2285 107 75 of.life
606 2285 77 75 does
701 2285 18 75 a
725 2285 214 75 fpontaneous
952 2285 180 75 propulfion
1148 2285 43 75 of

159 2332 149 75 humours
334 2332 120 75 convey
466 2332 12 75 ?
529 2332 38 75 If
586 2332 131 75 Harvey
733 2332 106 75 means
863 2332 35 75 to
921 2332 67 75 fay,
1012 2332 71 75 that
1109 2332 72 75 men

158 2379 62 75 and
243 2379 93 75 other
365 2379 129 75 animals
523 2379 141 75 regulate
690 2379 54 75 the
768 2379 122 75 motion
907 2379 40 75 of
969 2379 84 75 their
1068 2379 112 75 blood,

159 2425 62 75 and
237 2425 53 75 the
306 2425 170 75 fecretions
500 2425 39 75 of
551 2425 81 75 their
649 2425 149 75 different
814 2425 166 75 humours,
1004 2425 43 75 by
1063 2425 119 75 certain

159 2470 162 75 exertions
349 2470 39 75 of
411 2470 55 75 the
494 2470 132 75 fentient
654 2470 164 75 principle,
849 2470 75 75 fuch
942 2470 17 75 a
984 2470 144 75 meaning
1155 2470 26 75 is

160 2517 215 75 contradicted
391 2517 43 75 by
452 2517 155 75 univer(al
623 2517 187 75 experience
824 2517 10 75 ;
861 2517 33 75 fo
911 2517 49 75 far
975 2517 26 75 is
1019 2517 63 75 this
1099 2517 84 75 from

161 2562 95 75 being
272 2562 55 75 the
351 2562 80 75 cafe,
456 2562 71 75 that
554 2562 55 75 the
635 2562 77 75 mod
740 2562 130 75 abdraCt
887 2562 154 75 attention
1069 2562 115 75 cannot

162 2609 113 75 render
301 2609 37 75 us
367 2609 161 75 confcious
556 2609 40 75 of
618 2609 87 75 thefe
733 2609 149 75 motions;
942 2609 119 75 Again,
1086 2609 32 75 if
1143 2609 41 75 he

163 2655 118 75 means,
307 2655 69 75 that
394 2655 96 75 every
506 2655 86 75 body
608 2655 26 75 is
650 2655 154 75 endowed
820 2655 78 75 with
918 2655 67 75 life,
1011 2655 105 75 whofe
1132 2655 51 75 or-

163 2702 76 75 gans
257 2702 52 75 are
333 2702 103 75 fuited
452 2702 35 75 to
514 2702 109 75 propel
640 2702 165 75 humours,
830 2702 75 75 then
923 2702 55 75 the
995 2702 80 75 term
1087 2702 91 75 fpon-

164 2748 131 75 taneous
311 2748 26 75 is
362 2748 124 75 abfurd,
511 2748 130 75 becaufe
658 2748 25 75 it
703 2748 133 75 afcribes
854 2748 190 75 intellectual
1062 2748 122 75 powers

163 2794 35 75 to
224 2794 55 75 the
306 2794 115 75 organs
444 2794 200 75 themfelves,
681 2794 76 75 than
782 2794 105 75 which
911 2794 134 75 nothing
1071 2794 57 75 can
1145 2794 39 75 be

165 2840 87 75 more
271 2840 183 75 ridiculous.
505 2840 139 75 Befides,
670 2840 147 75 allowing
834 2840 55 75 the
906 2840 114 75 organs
1037 2840 35 75 to
1089 2840 96 75 enjoy

164 2886 39 75 an
219 2886 211 75 independent
442 2886 122 75 faculty
576 2886 40 75 of
627 2886 189 75 propulfion,
841 2886 86 75 what
942 2886 76 75 does
1035 2886 62 75 this
1111 2886 72 75 pro-

162 2932 118 75 puKLn
309 2932 89 75 mean
415 2932 91 75 when
533 2932 125 75 applied
673 2932 35 75 to
735 2932 179 75 vegetables
928 2932 11 75 ?
984 2932 115 75 Surely
1128 2932 55 75 no-

162 2978 91 75 thing
281 2978 87 75 more
395 2978 75 75 than
488 2978 17 75 a
523 2978 105 75 power
651 2978 40 75 of
712 2978 175 75 conveying
915 2978 119 75 certain
1061 2978 123 75 liquors

163 3026 81 75 from
261 3026 55 75 the
334 3026 74 75 root
423 3026 35 75 to
475 3026 54 75 the
551 3026 142 75 fuperior
707 3026 86 75 parts
809 3026 39 75 of
860 3026 54 75 the
930 3026 100 75 plant.
1070 3026 35 75 A
1120 3026 64 75 wet

1251 182 364 75 ANY.

1220 249 100 75 cloth,
1346 249 78 75 with
1452 249 60 75 one
1540 249 62 75 end
1626 249 32 75 in
1686 249 124 75 contaCt
1837 249 79 75 with
1944 249 56 75 the
2016 249 101 75 water
2140 249 32 75 in
2186 249 65 75 any

1223 296 107 75 vefiel,
1355 296 60 75 and
1434 296 55 75 the
1512 296 94 75 other
1633 296 137 75 hanging
1787 296 74 75 over
1881 296 41 75 its
1946 296 76 75 fide,
2047 296 66 75 will
2129 296 42 75 do
2196 296 55 75 the

1222 342 104 75 fame;
1352 342 34 75 fo
1402 342 67 75 will
1487 342 17 75 a
1525 342 129 75 fpunge,
1686 342 35 75 fo
1737 342 68 75 will
1823 342 18 75 a
1858 342 59 75 bed
1943 342 40 75 of
2003 342 84 75 loofe
2104 342 87 75 fund,
2216 342 36 75 fo

1223 387 65 75 will
1307 387 17 75 a
1339 387 93 75 fugar
1447 387 79 75 loaf,
1545 387 62 75 ‘&c.
1623 387 10 75 ;
1660 387 57 75 but
1733 387 25 75 it
1774 387 28 75 is
1818 387 35 75 to
1869 387 39 75 be
1929 387 119 75 hoped,
2075 387 70 75 that
2163 387 88 75 man-

1222 434 78 75 kind
1319 434 80 75 have
1416 434 87 75 more
1520 434 85 75 fenfe
1621 434 77 75 than
1716 434 34 75 to
1775 434 121 75 believe
1910 434 70 75 that
1998 434 18 75 a
2032 434 47 75 bit
2096 434 40 75 of
2148 434 101 75 cloth;

1224 480 36 75 or
1275 480 20 75 a
1310 480 93 75 fugar
1420 480 77 75 loaf,
1522 480 54 75 are
1593 480 159 75 animated
1768 480 123 75 beings.

1270 526 47 75 As
1340 526 164 75 confcious
1521 526 40 75 of
1571 526 55 75 the
1642 526 151 75 lamenefs
1819 526 61 75 and
1908 526 122 75 futility
2054 526 40 75 of
2108 526 48 75 his
2183 526 69 75 rea-

1222 573 110 75 foning
1348 573 41 75 on
1412 573 65 75 this
1502 573 131 75 fubjeCt,
1666 573 151 75 Linnaeus
1841 573 199 75 endeavours
2065 573 125 75 further
2217 573 37 75 to

1223 619 205 75 corroborate
1452 619 55 75 the
1532 619 56 75 life
1616 619 41 75 of
1675 619 182 75 vegetables
1887 619 43 75 by
1957 619 159 75 analogies
2143 619 110 75 drawn

1224 665 84 75 from
1326 665 83 75 their
1425 665 168 75 nutrition,
1611 665 70 75 age,
1700 665 150 75 motions,
1875 665 145 75 difeafes,
2045 665 110 75 death,
2180 665 73 75 ana-

1224 711 101 75 tomy,
1351 711 63 75 and
1435 711 220 75 organization
1718 711 37 75 In
1780 711 87 75 thefe
1891 711 133 75 nothing
2045 711 69 75 new
2141 711 37 75 or
2204 711 48 75 re-

1224 758 161 75 markable
1410 758 124 75 occurs,
1560 758 171 75 excepting
1758 758 55 75 the
1840 758 191 75 uncommon
2060 758 130 75 method
2219 758 40 75 of

1225 804 174 75 reafoning,
1425 804 62 75 and
1504 804 54 75 the
1575 804 60 75 (till
1653 804 88 75 more
1757 804 169 75 whimfical
1940 804 146 75 purpofes
2099 804 35 75 to
2149 804 104 75 which

1225 850 63 75 this
1305 850 163 75 reaforring
1486 850 26 75 is
1532 850 138 75 applied.
1719 850 66 75 We
1807 850 77 75 (hall
1906 850 75 75 take
2009 850 104 75 notice
2141 850 31 75 oi
2203 850 51 75 his

1226 896 179 75 arguments
1422 896 100 75 under
1535 896 56 75 the
1608 896 127 75 articles
1753 896 40 75 of
1811 896 117 75 motion
1945 896 62 75 and
2023 896 106 75 death,
2148 896 106 75 which

1224 943 114 75 indeed
1355 943 54 75 are
1425 943 54 75 the
1496 943 90 75 chief
1604 943 40 75 of
1662 943 90 75 thofe
1768 943 107 75 which
1890 943 43 75 do
1948 943 59 75 not
2024 943 124 75 depend
2164 943 90 75 more

1226 988 37 75 or
1278 988 60 75 lefs
1357 988 84 75 upon
1458 988 55 75 the
1531 988 99 75 above
1653 988 178 75 definition.

1274 1035 114 75 Under
1404 1035 54 75 the
1475 1035 120 75 former
1614 1035 40 75 of
1665 1035 99 75 thefe,
1789 1035 152 75 Linnseus
1958 1035 134 75 informs
2106 1035 48 75 us,
2182 1035 71 75 that

1227 1082 117 75 plants,
1378 1082 93 75 when
1499 1082 145 75 confined
1666 1082 112 75 within
1802 1082 110 75 doors,
1945 1082 117 75 always
2090 1082 85 75 bend
2203 1082 51 75 to-

1228 1128 103 75 watds
1344 1128 55 75 the
1410 1128 105 75 light;
1535 1128 62 75 and
1609 1128 68 75 that
1690 1128 94 75 many
1796 1128 137 75 flowers,
1947 1128 204 75 particularly
2163 1128 91 75 thofe

1227 1173 39 75 of
1278 1173 53 75 the
1349 1173 176 75 fyngenefia
1536 1173 93 75 clafs,
1648 1173 93 75 purfu'
1741 1173 18 75 e
1778 1173 53 75 the
1851 1173 109 75 courfe
1976 1173 40 75 of
2027 1173 54 75 the
2097 1173 55 75 fun
2170 1173 85 75 from

1227 1220 62 75 ea(t
1313 1220 35 75 to
1364 1220 86 75 weft.
1499 1220 86 75 This
1609 1220 183 75 inclination
1817 1220 40 75 of
1873 1220 124 75 flowers
2026 1220 140 75 towards
2200 1220 54 75 the

1228 1266 94 75 light,
1348 1266 152 75 Linnseus
1524 1266 110 75 would
1649 1266 81 75 have
1748 1266 35 75 us
1800 1266 36 75 to
1853 1266 120 75 believe
1989 1266 54 75 are
2058 1266 65 75 real
2141 1266 111 75 inllan-

1228 1312 50 75 ces
1291 1312 39 75 of
1337 1312 55 75 the
1404 1312 99 75 living
1516 1312 122 75 powers
1651 1312 62 75 and
1724 1312 209 75 fpontaneous
1944 1312 122 75 motion
2083 1312 40 75 of
2133 1312 118 75 plants.

1225 1358 132 75 —This
1375 1358 231 75 phenomenon,
1632 1358 160 75 however,
1816 1358 71 75 may
1905 1358 38 75 be
1960 1358 93 75 eafily
2069 1358 182 75 accounted

1228 1403 63 75 for,
1309 1403 211 75 independent
1537 1403 43 75 of
1588 1403 60 75 any
1661 1403 71 75 idea
1751 1403 39 75 of
1802 1403 68 75 life.
1903 1403 109 75 Every
2028 1403 87 75 body
2126 1403 124 75 knows,

1229 1450 69 75 that
1310 1450 18 75 a
1343 1450 119 75 certain
1479 1450 116 75 degree
1621 1450 39 75 of
1673 1450 75 75 heat
1765 1450 123 75 relaxes
1905 1450 55 75 the
1977 1450 74 75 tone
2068 1450 39 75 of
2127 1450 54 75 the
2197 1450 56 75 ve-

1229 1497 125 75 getable
1371 1497 126 75 organs,
1523 1497 59 75 and
1600 1497 30 75 at
1650 1497 54 75 the
1721 1497 83 75 fame
1822 1497 78 75 time
1916 1497 251 75 proportionally
2179 1497 74 75 eva-

1228 1543 126 75 porates
1370 1543 56 75 the
1442 1543 93 75 fluids
1552 1543 104 75 which
1671 1543 86 75 thele
1777 1543 113 75 organs
1907 1543 139 75 contain.
2094 1543 100 75 Now,
2220 1543 35 75 to

1230 1588 160 75 whatever
1406 1588 61 75 fide
1484 1588 39 75 of
1534 1588 55 75 the
1601 1588 88 75 plant
1706 1588 69 75 that
1787 1588 76 75 heat
1873 1588 25 75 is
1912 1588 187 75 principally
2116 1588 137 75 applied,

1229 1636 90 75 there
1346 1636 41 75 of
1402 1636 147 75 neceflity
1573 1636 79 75 mult
1676 1636 65 75 alfo
1758 1636 39 75 be
1816 1636 55 75 the
1887 1636 133 75 greateft
2043 1636 156 75 flaccidity
2219 1636 41 75 of

1228 1681 55 75 the
1299 1681 106 75 fibres,
1430 1681 61 75 and
1508 1681 55 75 the
1580 1681 133 75 greateft
1737 1681 205 75 evaporation
1960 1681 39 75 of
2010 1681 55 75 the
2077 1681 114 75 fluids;
2219 1681 42 75 of

1230 1728 119 75 courfe,
1375 1728 84 75 from
1480 1728 54 75 the
1550 1728 62 75 law
1641 1728 40 75 of
1691 1728 203 75 gravitation,
1920 1728 56 75 the
1994 1728 120 75 flower,
2140 1728 116 75 indeed

1229 1774 54 75 the
1312 1774 102 75 whole
1441 1774 98 75 plant,
1564 1774 79 75 muft
1671 1774 115 75 incline
1814 1774 141 75 towards
1978 1774 71 75 that
2075 1774 63 75 fide
2171 1774 84 75 from

1229 1821 128 75 whence
1373 1821 55 75 the
1444 1821 82 75 light
1543 1821 36 75 or
1596 1821 75 75 heat
1689 1821 162 75 proceeds.
1900 1821 77 75 The
1993 1821 137 75 (lighted
2147 1821 107 75 obfer-

1226 1867 109 75 vation
1351 1867 25 75 is
1394 1867 155 75 fufficient
1564 1867 35 75 to
1615 1867 150 75 convince
1785 1867 35 75 us
1839 1867 40 75 of
1890 1867 54 75 the
1960 1867 163 75 propriety
2139 1867 38 75 of
2190 1867 64 75 this

1228 1913 130 75 method
1369 1913 41 75 of
1421 1913 187 75 accounting
1624 1913 52 75 for
1688 1913 53 75 the
1753 1913 186 75 inclination
1957 1913 39 75 of
2007 1913 102 75 heavy
2129 1913 125 75 flowers

1228 1959 169 75 fupported
1413 1959 43 75 by
1477 1959 90 75 weak
1594 1959 105 75 ftems,
1723 1959 139 75 towards
1880 1959 55 75 the
1951 1959 72 75 rays
2051 1959 41 75 of
2114 1959 54 75 the
2184 1959 69 75 fun.

1228 2005 35 75 If
1275 2005 18 75 a
1309 2005 55 75 pot
1380 2005 39 75 of
1430 2005 124 75 flowers
1577 2005 38 75 be
1639 2005 57 75 put
1719 2005 120 75 loofely
1862 2005 70 75 into
1957 2005 18 75 a
1999 2005 93 75 glafs,
2119 2005 61 75 and
2206 2005 46 75 al-

1228 2051 103 75 lowed
1343 2051 34 75 to
1393 2051 119 75 remain
1529 2051 18 75 a
1563 2051 83 75 little
1663 2051 74 75 time
1754 2051 31 75 in
1804 2051 36 75 an
1854 2051 175 75 apartment
2047 2051 106 75 where
2167 2051 17 75 a
2196 2051 56 75 fire

1230 2098 25 75 is
1272 2098 147 75 burning,
1445 2098 33 75 as
1502 2098 75 75 foon
1603 2098 34 75 as
1655 2098 54 75 the
1726 2098 206 75 fibres.begin
1955 2098 35 75 to
2007 2098 40 75 be
2068 2098 183 75 enervated,

1229 2144 78 75 they
1322 2144 54 75 all,
1401 2144 102 75 unlefs
1520 2144 178 75 obftrufted
1714 2144 43 75 by
1769 2144 84 75 fome
1865 2144 95 75 other
1975 2144 102 75 caufe,
2103 2144 83 75 bend
2202 2144 51 75 to-

1229 2191 103 75 wards
1358 2191 54 75 the
1437 2191 69 75 fire.
1554 2191 113 75 Hence
1690 2191 55 75 the
1770 2191 163 75 abfurdity
1955 2191 43 75 of
2018 2191 153 75 aferibing
2188 2191 66 75 this

1229 2237 219 75 phenomenon
1465 2237 33 75 to
1516 2237 18 75 a
1548 2237 132 75 fentient
1703 2237 63 75 and
1793 2237 98 75 living
1915 2237 164 75 principle,
2105 2237 103 75 which
2226 2237 29 75 is

1229 2284 86 75 more
1342 2284 93 75 eafily
1453 2284 60 75 and
1531 2284 76 75 with
1635 2284 88 75 more
1750 2284 156 75 certainty
1934 2284 169 75 explained
2130 2284 42 75 by
2200 2284 56 75 the

1229 2329 146 75 common
1391 2329 76 75 laws
1484 2329 39 75 of
1534 2329 202 75 mechanifm.

1276 2376 64 75 Let
1357 2376 36 75 us
1411 2376 77 75 next
1505 2376 111 75 attend
1642 2376 35 75 to
1702 2376 178 75 Linnaeus’s
1903 2376 165 75 argument
2084 2376 100 75 under
2200 2376 56 75 the

1229 2423 110 75 article
1355 2423 40 75 of
1406 2423 107 75 death.
1557 2423 94 75 After
1666 2423 111 75 telling
1794 2423 47 75 us,
1867 2423 78 75 with
1963 2423 94 75 much
2073 2423 182 75 folemr.ity,

1230 2468 68 75 that
1315 2468 95 75 death
1427 2468 26 75 is
1471 2468 76 75 only
1562 2468 18 75 a
1596 2468 153 75 privation
1768 2468 39 75 of
1817 2468 68 75 life,
1911 2468 62 75 arid
1990 2468 68 75 that
2074 2468 182 75 vegetables

1231 2516 52 75 die
1313 2516 40 75 of
1376 2516 94 75 many
1496 2516 146 75 grievous
1669 2516 196 75 diftempers,
1890 2516 41 75 he
1958 2516 75 75 thus
2061 2516 193 75 concludes;

1232 2559 23 75 “
1280 2559 96 75 With
1404 2559 85 75 what
1516 2559 200 75 propriety,”
1740 2559 68 75 fays
1832 2559 53 75 he,
1912 2559 24 75 “
1962 2559 96 75 could
2073 2559 182 75 vegetables

1230 2609 39 75 be
1286 2609 74 75 thus
1376 2609 65 75 faid
1457 2609 34 75 to
1508 2609 62 75 die.
1598 2609 100 75 unlefs
1715 2609 25 75 it
1758 2609 37 75 be
1813 2609 135 75 allowed
1972 2609 69 75 that
2057 2609 78 75 they
2151 2609 105 75 previ-

1232 2654 241 75 oufly//werfr”’
1521 2654 173 75 However,
1719 2654 30 75 if
1761 2654 55 75 the
1832 2654 57 75 life
1913 2654 40 75 of
1974 2654 177 75 vegetables
2176 2654 80 75 hath

1230 2700 42 75 no
1289 2700 94 75 other
1402 2700 128 75 fupport
1547 2700 77 75 than
1640 2700 65 75 this
1717 2700 122 75 trifling
1856 2700 141 75 quibble,
2026 2700 67 75 (for
2108 2700 26 75 it
2147 2700 110 75 merits

1231 2746 55 75 not
1302 2746 54 75 the
1372 2746 90 75 name
1478 2746 40 75 of
1531 2746 193 75 argument),
1742 2746 47 75 we
1801 2746 52 75 are
1871 2746 102 75 afraid
1989 2746 69 75 that
2071 2746 95 75 every
2185 2746 72 75 man

1231 2793 39 75 of
1281 2793 145 75 common
1444 2793 83 75 fenfe
1543 2793 65 75 will
1621 2793 165 75 conclude,
1811 2793 70 75 that
1898 2793 76 75 they
1990 2793 95 75 never
2102 2793 83 75 were
2201 2793 55 75 en-

1232 2839 113 75 dowed
1371 2839 77 75 with
1480 2839 72 75 life,
1578 2839 62 75 and
1668 2839 227 75 confequently
1923 2839 127 75 cannot,
2088 2839 75 75 with
2196 2839 62 75 any

1232 2886 88 75 more
1339 2886 163 75 propriety
1518 2886 77 75 than
1612 2886 39 75 an
1667 2886 149 75 ordinary
1833 2886 99 75 figure
1948 2886 40 75 of
1998 2886 112 75 fpeech
2128 2886 57 75 can
2202 2886 56 75 be-

1233 2932 87 75 ftow,
1345 2932 39 75 be
1405 2932 64 75 faid
1486 2932 34 75 to
1537 2932 63 75 die.

1278 2977 130 75 Having
1424 2977 32 75 in
1472 2977 64 75 this
1552 2977 129 75 manner
1697 2977 176 75 attributed
1890 2977 97 75 living
2005 2977 125 75 powers
2147 2977 35 75 to
2205 2977 53 75 ve-

1232 3025 152 75 getables,
1409 3025 162 75 Linnseus,
1596 3025 34 75 in
1645 3025 56 75 the
1717 3025 78 75 next
1808 3025 102 75 place,
1935 3025 107 75 makes
2060 3025 39 75 an
2115 3025 96 75 effort
2224 3025 35 75 to

2175 3063 84 75 (how
