2493 3387
709 140 495 75 ASTRO

148 201 129 75 ecliptic
289 201 11 75 :
335 201 68 75 We
418 201 74 75 now
508 201 138 75 proceed
662 201 35 75 to
714 201 129 75 explain
860 201 55 75 the
937 201 94 75 other
1047 201 91 75 caufe
1153 201 43 75 of

149 248 64 75 this
231 248 189 75 difference,
446 248 138 75 namely,
609 248 55 75 the
681 248 178 75 inequality
875 248 40 75 of
934 248 56 75 the
1017 248 83 75 fun’s
1130 248 55 75 ap-

147 294 116 75 parent
282 294 136 75 motion,
436 294 104 75 which
553 294 27 75 is
595 294 119 75 floweft
731 294 32 75 in
777 294 56 75 the
844 294 149 75 fummer,
1017 294 94 75 when
1128 294 57 75 the

148 341 57 75 the
222 341 56 75 fun
294 341 27 75 is
344 341 133 75 farthefl:
493 341 85 75 from
595 341 55 75 the
666 341 104 75 earth,
796 341 62 75 and
868 341 129 75 fwiftelt
1019 341 32 75 in
1069 341 114 75 winter

147 387 94 75 when
257 387 42 75 he
315 387 26 75 is
359 387 120 75 neareft
496 387 35 75 to
554 387 40 75 it.
650 387 67 75 But
734 387 55 75 the
806 387 45 75 er.
862 387 63 75 th’.s
943 387 122 75 motion
1083 387 42 75 on
1141 387 40 75 its

147 433 71 75 axis
246 433 27 75 is
291 433 136 75 equable
454 433 43 75 all
526 433 56 75 the
609 433 77 75 year
706 433 115 75 round,
854 433 63 75 and
943 433 27 75 is
997 433 184 75 performed

146 480 86 75 from
247 480 74 75 weft
337 480 35 75 to
389 480 84 75 eaft;
499 480 106 75 which
622 480 27 75 is
666 480 55 75 the
733 480 70 75 way
814 480 71 75 that
900 480 56 75 the
979 480 56 75 fun
1048 480 131 75 appears

146 527 36 75 to
199 527 120 75 change
337 527 49 75 his
411 527 90 75 place
525 527 31 75 in
573 527 56 75 the
652 527 139 75 ecliptic.

194 574 37 75 If
241 574 55 75 the
312 574 83 75 fun’s
412 574 122 75 motion
550 574 85 75 were
651 574 135 75 equable
812 574 34 75 in
869 574 56 75 the
950 574 138 75 ecliptic,
1123 574 57 75 the

144 620 108 75 whole
274 620 186 75 difference,
485 620 144 75 between
645 620 55 75 the
716 620 94 75 equal
826 620 77 75 time
930 620 34 75 as
981 620 102 75 fhewn
1100 620 43 75 by
1160 620 19 75 a

145 666 105 75 clock,
276 666 64 75 and
355 666 56 75 the
427 666 140 75 unequal
584 666 77 75 time
678 666 33 75 as
727 666 103 75 (hewn
847 666 44 75 by
910 666 55 75 the
976 666 74 75 fun,
1068 666 111 75 would

145 713 79 75 arife
240 713 85 75 from
341 713 56 75 the
417 713 161 75 obliquity
593 713 41 75 of
644 713 56 75 the
727 713 140 75 ecliptic.
916 713 67 75 But
1009 713 55 75 the
1093 713 84 75 fun’s

144 758 124 75 motion
286 758 180 75 fometimes
483 758 135 75 exceeds
630 758 25 75 a
671 758 116 75 degree
802 758 33 75 in
853 758 44 75 24
913 758 113 75 hours,
1051 758 124 75 though

144 806 164 75 generally
323 806 25 75 it
364 806 27 75 is
409 806 81 75 left:
517 806 79 75 And
613 806 93 75 when
722 806 51 75 his
785 806 121 75 motion
922 806 26 75 is
965 806 132 75 flowed,
1115 806 63 75 any

143 852 173 75 particular
337 852 154 75 njeridian
507 852 67 75 will
590 852 129 75 revolve
734 852 114 75 fooner
859 852 35 75 to
906 852 66 75 him
985 852 78 75 than
1080 852 95 75 when

143 898 50 75 his
215 898 122 75 motion
361 898 26 75 is
411 898 166 75 quickeft;
605 898 52 75 for
681 898 25 75 it
723 898 66 75 will
807 898 153 75 overtake
975 898 67 75 him
1058 898 33 75 in
1114 898 60 75 left

144 946 76 75 time
245 946 92 75 when
355 946 41 75 he
411 946 156 75 advances
583 946 20 75 a
619 946 167 75 leftffpace
802 946 77 75 than
895 946 94 75 when
1008 946 42 75 he
1065 946 109 75 moves

147 992 140 75 through
313 992 18 75 a
347 992 118 75 larger.

845 992 15 75 ^

190 1038 98 75 Now,
314 1038 31 75 if
367 1038 92 75 there
482 1038 84 75 were
589 1038 67 75 two
672 1038 73 75 funs
762 1038 128 75 moving
906 1038 32 75 in
955 1038 55 75 the
1028 1038 92 75 plane
1138 1038 39 75 of

145 1085 56 75 the
213 1085 140 75 ecliptic,
370 1085 34 75 fo
416 1085 34 75 as
461 1085 37 75 to
509 1085 43 75 go
564 1085 102 75 round
682 1085 26 75 it
724 1085 33 75 in
774 1085 19 75 a
804 1085 75 75 year
891 1085 10 75 ;
920 1085 55 75 the
987 1085 60 75 one
1058 1085 116 75 defcri-

144 1130 75 75 bing
235 1130 39 75 an
303 1130 94 75 equal
414 1130 54 75 arc
488 1130 95 75 every
600 1130 46 75 24
662 1130 110 75 hours,
798 1130 62 75 and
877 1130 54 75 the
948 1130 93 75 other
1057 1130 116 75 defcri-

142 1177 76 75 bing
233 1177 181 75 fometimes
432 1177 18 75 a
461 1177 60 75 left
538 1177 53 75 arc
609 1177 44 75 24
670 1177 110 75 hours,
805 1177 63 75 and
886 1177 33 75 at
936 1177 92 75 other
1046 1177 91 75 times
1157 1177 18 75 a

140 1224 117 75 larger,
282 1224 129 75 gaining
438 1224 34 75 at
500 1224 60 75 one
587 1224 77 75 time
687 1224 40 75 of
745 1224 56 75 the
830 1224 74 75 year
920 1224 87 75 what
1022 1224 26 75 it
1064 1224 60 75 loft
1140 1224 34 75 at

142 1270 54 75 the
213 1270 161 75 oppofl.te;
399 1270 27 75 it
437 1270 27 75 is
477 1270 127 75 evident
620 1270 71 75 that
707 1270 103 75 either
822 1270 40 75 of
873 1270 86 75 thefe
975 1270 74 75 funs
1066 1270 109 75 would

141 1317 91 75 come
253 1317 112 75 fooner
389 1317 37 75 or
450 1317 96 75 latter
570 1317 36 75 to
635 1317 55 75 the
713 1317 154 75 meridian
889 1317 78 75 than
993 1317 55 75 the
1065 1317 106 75 other,

143 1363 33 75 as
193 1363 26 75 it
235 1363 164 75 happened
423 1363 36 75 to
483 1363 41 75 be
545 1363 118 75 behind
689 1363 37 75 or
751 1363 110 75 befor,e
890 1363 55 75 the
970 1363 114 75 other:
1112 1363 62 75 and

142 1410 94 75 when
252 1410 78 75 they
345 1410 83 75 were
440 1410 81 75 both
537 1410 32 75 in
585 1410 215 75 conjunftion,
818 1410 77 75 they
908 1410 108 75 would
1032 1410 89 75 come
1139 1410 35 75 to

142 1456 56 75 the
215 1456 150 75 meridian
383 1456 31 75 at
432 1456 55 75 the
503 1456 83 75 fame
602 1456 154 75 moment.

188 1503 49 75 As
254 1503 55 75 the
327 1503 64 75 real
400 1503 57 75 fun
469 1503 107 75 moves
588 1503 229 75 unequably^n
835 1503 57 75 the
909 1503 139 75 ecliptic,
1065 1503 47 75 let
1133 1503 37 75 us

141 1550 130 75 fuppofe
288 1550 18 75 a
322 1550 148 75 fiAitious
486 1550 57 75 fun
558 1550 36 75 to
610 1550 93 75 move
719 1550 140 75 equably
874 1550 31 75 in
918 1550 18 75 a
949 1550 93 75 circle
1050 1550 121 75 coinci-

139 1596 77 75 dent
225 1596 77 75 with
315 1596 56 75 the
383 1596 90 75 plane
483 1596 41 75 of
535 1596 55 75 the
601 1596 139 75 ecliptic.
778 1596 38 75 In
825 1596 92 75 Plate
925 1596 134 75 XLIII.
1070 1596 55 75 fig.
1139 1596 30 75 1.

140 1643 46 75 let
210 1643 129 75 ABCD
360 1643 40 75 be
416 1643 56 75 the
489 1643 127 75 ecliptic
638 1643 37 75 or
692 1643 84 75 orbit
793 1643 32 75 in
842 1643 106 75 which
966 1643 55 75 the
1033 1643 64 75 real
1115 1643 57 75 fun

139 1690 122 75 moves,
275 1690 62 75 and
347 1690 54 75 the
413 1690 100 75 doted
524 1690 97 75 circle
634 1690 81 75 abed
724 1690 55 75 the
790 1690 176 75 imaginary
975 1690 84 75 orbit
1069 1690 39 75 of
1114 1690 58 75 the

140 1736 149 75 fi&itious
302 1736 55 75 fun
369 1736 10 75 ;
398 1736 77 75 each
494 1736 97 75 going
600 1736 102 75 round
718 1736 32 75 in
765 1736 17 75 a
795 1736 75 75 year
887 1736 172 75 according
1070 1736 34 75 to
1116 1736 55 75 the

141 1781 96 75 order
248 1781 40 75 of
299 1781 124 75 letters,
449 1781 38 75 or
498 1781 84 75 from
596 1781 73 75 weft
681 1781 36 75 to
733 1781 75 75 eaft.
843 1781 65 75 Let
921 1781 121 75 HIKL
1060 1781 39 75 be
1115 1781 56 75 the

139 1829 92 75 earth
242 1829 129 75 turning
383 1829 104 75 round
499 1829 41 75 its
553 1829 69 75 axis
638 1829 55 75 the
701 1829 84 75 fame
798 1829 80 75 way'
878 1829 96 75 every
988 1829 43 75 24
1047 1829 97 75 hours
1158 1829 10 75 ;

139 1875 63 75 and
222 1875 129 75 fuppofe
367 1875 80 75 both
464 1875 73 75 funs
554 1875 35 75 to
606 1875 76 75 ftart
699 1875 85 75 frbm
801 1875 37 75 A
860 1875 62 75 and
936 1875 34 75 a,
999 1875 31 75 in
1048 1875 19 75 a
1084 1875 86 75 right

137 1921 64 75 line
218 1921 76 75 with
310 1921 55 75 the
378 1921 90 75 plane
486 1921 40 75 of
541 1921 54 75 the
613 1921 151 75 meridian
780 1921 83 75 EH,
889 1921 32 75 at
934 1921 54 75 the
1004 1921 84 75 fame
1101 1921 67 75 mo-

137 1970 112 75 ment;
274 1970 55 75 the
346 1970 66 75 real
431 1970 56 75 fun
504 1970 31 75 at
554 1970 36 75 ^
603 1970 94 75 being
720 1970 78 75 then
825 1970 34 75 at
884 1970 50 75 his
959 1970 135 75 greateft
1120 1970 48 75 di-

137 2016 103 75 ftance
267 2016 85 75 from
380 2016 56 75 the
464 2016 105 75 earth,
606 2016 34 75 at
667 2016 107 75 which
804 2016 78 75 time
909 2016 49 75 his
987 2016 121 75 motion
1141 2016 27 75 is

137 2061 119 75 floweft
275 2061 10 75 ;
312 2061 61 75 and
389 2061 56 75 the
460 2061 148 75 fiAitiqus
625 2061 56 75 fun
698 2061 32 75 at
747 2061 34 75 a,
805 2061 107 75 whofe
912 2093 16 49 v
939 2061 122 75 motion
1078 2061 26 75 is
1121 2061 46 75 al-

136 2107 87 75 ways
241 2107 148 75 equable,
413 2107 131 75 becaufe
557 2107 51 75 "his
625 2107 136 75 diftance
778 2107 84 75 from
874 2107 55 75 the
946 2107 90 75 earth
1052 2107 26 75 is
1095 2107 70 75 fup-

137 2153 94 75 pofed
244 2153 35 75 to
291 2153 40 75 be
343 2153 117 75 always
473 2153 54 75 the
539 2153 97 75 fame.
659 2153 39 75 In
711 2153 55 75 the
778 2153 76 75 time
867 2153 70 75 that
948 2153 55 75 the
1015 2153 154 75 meridian

137 2200 143 75 revolves
297 2200 84 75 from
402 2200 39 75 H
454 2200 35 75 to
507 2200 38 75 H
559 2200 103 75 again,
688 2200 172 75 according
887 2200 35 75 to
950 2200 56 75 the
1021 2200 94 75 order
1133 2200 40 75 of

136 2247 57 75 the
208 2247 110 75 letters
335 2247 134 75 HIKL,
488 2247 54 75 the
558 2247 67 75 real
641 2247 55 75 fun
714 2247 57 75 has
783 2247 115 75 moved
914 2247 84 75 from
1017 2247 35 75 A
1065 2247 35 75 to
1119 2247 45 75 F;

135 2293 64 75 and
215 2293 55 75 the
292 2293 148 75 iiAitious
463 2293 80 75 with
571 2293 176 75 a^quicker
771 2293 122 75 motion
921 2293 84 75 from
1029 2293 22 75 a
1078 2293 35 75 to
1126 2293 38 75 f,

134 2340 142 75 through
295 2340 18 75 a
329 2340 105 75 larger
450 2340 53 75 arc
518 2340 8 75 .
552 2340 195 75 Therefore,
773 2340 55 75 the
844 2340 153 75 meridian
1014 2340 70 75 EH
1099 2340 65 75 will

135 2387 128 75 revolve
275 2387 112 75 fooner
399 2387 85 75 from
502 2387 37 75 H
554 2387 35 75 to
605 2387 19 75 h
642 2387 99 75 under
760 2387 57 75 the
833 2387 65 75 real
916 2387 55 75 fun
988 2387 32 75 at
1033 2387 37 75 F,
1087 2387 78 75 than

134 2433 87 75 from
234 2433 38 75 H
283 2433 35 75 to
329 2433 18 75 k
360 2433 100 75 under
475 2433 55 75 the
542 2433 147 75 fictitious
701 2433 55 75 fun
775 2433 32 75 at
813 2433 50 75 f;
883 2433 61 75 and
957 2433 209 75 confequent-

135 2479 34 75 ly
185 2479 25 75 it
235 2479 65 75 will
324 2479 75 75 then
415 2479 40 75 be
481 2479 96 75 noon,
592 2479 44 75 by
658 2479 56 75 the
734 2479 137 75 fun-dial
893 2479 111 75 fooner
1019 2479 76 75 than
1121 2479 44 75 by

135 2527 56 75 the
208 2527 105 75 clock.

181 2574 48 75 As
246 2574 55 75 the
318 2574 63 75 y;a!
398 2574 56 75 fun
470 2574 107 75 moves
593 2574 85 75 from
701 2574 37 75 A
758 2574 140 75 towards
922 2574 37 75 C,
984 2574 56 75 the
1063 2574 99 75 fwi£t-

134 2620 68 75 nefs
219 2620 41 75 of
270 2620 50 75 his
344 2620 121 75 motion
476 2620 152 75 increafes
641 2620 40 75 all
694 2620 56 75 the
767 2620 71 75 way
856 2620 34 75 to
907 2620 37 75 C,
969 2620 106 75 where
1095 2620 26 75 it
1135 2620 27 75 is

133 2666 32 75 at
181 2666 56 75 the
260 2666 154 75 quickeft.
463 2666 66 75 But
545 2666 279 75 notwithftanding
841 2666 75 75 this,
940 2666 55 75 the
1012 2666 148 75 fictitious

132 2712 56 75 fun
203 2712 89 75 gains
310 2712 33 75 fo
359 2712 95 75 much
471 2712 84 75 upon
571 2712 54 75 the
641 2712 80 75 real,
738 2712 75 75 foon
831 2712 82 75 after
928 2712 49 75 his
994 2712 167 75 departing

132 2759 83 75 from
234 2759 45 75 A,
304 2759 71 75 that
391 2759 55 75 the
462 2759 171 75 increafing
648 2759 140 75 velocity
804 2759 40 75 of
862 2759 65 75 the,
934 2759 66 75 real
1015 2759 55 75 fun
1081 2759 79 75 does

131 2804 57 75 not
203 2804 94 75 bring
315 2804 66 75 him
397 2804 42 75 up
464 2804 77 75 with
569 2804 56 75 the
644 2804 128 75 equally
795 2804 128 75 moving
939 2804 148 75 fictitious
1104 2804 55 75 fun

131 2851 50 75 till
192 2851 61 75 -the
269 2851 120 75 former
405 2851 105 75 comes
527 2851 35 75 to
574 2851 37 75 C,
629 2851 60 75 and
703 2851 54 75 the
769 2851 95 75 latter
880 2851 35 75 to
929 2851 29 75 c,
976 2851 91 75 when
1080 2851 78 75 each

131 2897 57 75 has
201 2897 82 75 gone
294 2897 74 75 half
377 2897 101 75 round
491 2897 40 75 its
544 2897 167 75 refpeCtive
723 2897 106 75 orbit;
849 2897 63 75 and
922 2897 75 75 then
1015 2897 94 75 being
1124 2897 33 75 in

130 2944 213 75 conjunction,
368 2944 55 75 the
447 2944 158 75 meridian
623 2944 72 75 EH
716 2944 175 75 relvolving
911 2944 35 75 to
967 2944 72 75 EK
1050 2944 106 75 comes

178 2991 99 75 Vol.
303 2991 29 75 I.
381 2991 71 75 No.
479 2991 75 75 20..

1088 2991 18 75 3

1285 141 42 75 N
1405 141 41 75 O
1524 141 50 75 M

2180 141 81 75 461

1237 200 36 75 to
1291 200 77 75 both
1395 200 71 75 funs
1483 200 32 75 at
1532 200 56 75 the
1602 200 85 75 fame
1704 200 88 75 time,
1818 200 64 75 and
1906 200 160 75 therefore
2089 200 26 75 it
2137 200 26 75 is
2181 200 85 75 noon

1234 247 43 75 by
1293 247 86 75 them
1398 247 78 75 both
1493 247 33 75 at
1543 247 155 75 the.fame
1714 247 153 75 moment.

1279 293 65 75 But
1362 293 56 75 the
1443 293 175 75 increafing
1641 293 139 75 velocity
1797 293 41 75 of
1862 293 54 75 the
1942 293 64 75 real
2024 293 68 75 fun,
2117 293 74 75 now
2207 293 56 75 be-

1231 338 53 75 ing
1300 338 32 75 at
1349 338 55 75 the
1420 338 153 75 quickeft,
1599 338 114 75 carries
1731 338 66 75 him
1813 338 111 75 before
1936 338 55 75 the
2008 338 147 75 fictitious
2176 338 60 75 one
2248 338 12 75 ;

1230 385 62 75 and
1307 385 176 75 therefore,
1512 385 56 75 the
1590 385 84 75 fame
1690 385 154 75 meridian
1867 385 67 75 will
1951 385 91 75 come
2060 385 34 75 to
2111 385 54 75 the
2182 385 79 75 ficti-

1229 432 83 75 tious
1328 432 58 75 fun
1399 432 114 75 fooner
1528 432 78 75 than
1629 432 34 75 to
1683 432 57 75 the
1763 432 66 75 real
1845 432 9 75 :
1888 432 78 75 For,
1990 432 103 75 whilft
2110 432 55 75 the
2180 432 79 75 ficti-

1228 478 83 75 tious
1327 478 55 75 fun
1399 478 110 75 moves
1524 478 85 75 from
1626 478 18 75 c
1660 478 34 75 to
1703 478 39 75 g,
1767 478 56 75 the
1840 478 63 75 real
1922 478 55 75 fun
1993 478 108 75 moves
2118 478 140 75 through

1228 524 18 75 a
1261 524 126 75 greater
1403 524 54 75 arc
1472 524 85 75 from
1574 524 29 75 C
1614 524 36 75 to
1661 524 31 75 G
1704 524 9 75 ;
1733 524 228 75 confequently
1973 524 56 75 the
2046 524 90 75 point
2152 524 39 75 K
2201 524 59 75 has

1226 572 41 75 its
1285 572 83 75 noon
1396 572 43 75 by
1466 572 55 75 the
1548 572 93 75 clock
1668 572 93 75 when
1777 572 27 75 it
1819 572 107 75 comes
1954 572 35 75 to
2013 572 31 75 I,
2070 572 57 75 but
2144 572 56 75 not
2216 572 43 75 its

1226 619 84 75 noon
1327 619 43 75 by
1385 619 56 75 the
1453 619 56 75 fun
1524 619 49 75 till
1586 619 26 75 it
1624 619 90 75 come
1727 619 35 75 to
1774 619 26 75 /.
1833 619 78 75 And
1924 619 154 75 although
2096 619 56 75 the
2170 619 87 75 velo-

1226 664 66 75 city
1308 664 40 75 of
1366 664 55 75 the
1444 664 66 75 real
1527 664 55 75 fun
1599 664 179 75 diminilhes
1796 664 42 75 all
1856 664 56 75 the
1928 664 73 75 way
2017 664 82 75 from
2117 664 29 75 C
2159 664 34 75 to
2211 664 46 75 A,

1225 711 62 75 and
1303 711 57 75 the
1373 711 151 75 fiCHtious
1539 711 56 75 fun
1612 711 43 75 by
1667 711 39 75 an
1719 711 136 75 equable
1871 711 122 75 motion
2010 711 26 75 is
2053 711 61 75 ftill
2131 711 128 75 coming

1224 758 111 75 nearer
1351 758 35 75 to
1403 758 56 75 the
1471 758 65 75 real
1553 758 68 75 fun,
1639 758 54 75 yet
1705 758 78 75 they
1795 758 53 75 are
1865 758 56 75 not
1938 758 32 75 in
1987 758 201 75 conjunction
2206 758 50 75 till

1224 805 55 75 the
1296 805 60 75 one
1372 805 106 75 comes
1495 805 35 75 to
1547 805 36 75 A
1606 805 63 75 and
1690 805 55 75 the
1770 805 94 75 other
1888 805 34 75 to
1946 805 43 75 a;
2015 805 62 75 and
2094 805 75 75 then
2187 805 25 75 it
2228 805 28 75 is

1222 851 83 75 noon
1322 851 43 75 by
1385 851 89 75 them
1493 851 80 75 both
1597 851 33 75 at
1646 851 55 75 the
1717 851 84 75 fame
1817 851 153 75 moment.

1268 898 95 75 Thus
1380 898 26 75 it
1423 898 144 75 appears,
1593 898 70 75 that
1681 898 54 75 the
1752 898 82 75 folar
1862 898 84 75 noon
1973 898 27 75 is
2029 898 117 75 always
2173 898 83 75 later

1221 943 76 75 than
1315 943 84 75 noon
1417 943 41 75 by
1475 943 55 75 the
1547 943 105 75 clock,
1671 943 101 75 whilft
1788 943 56 75 the
1860 943 55 75 fun
1928 943 74 75 goes
2021 943 82 75 from
2115 943 30 75 F
2158 943 34 75 to
2205 943 51 75 A%

1217 990 115 75 fooner
1348 990 103 75 whilft
1474 990 41 75 he
1534 990 79 75 goes
1630 990 84 75 from
1733 990 35 75 A
1788 990 35 75 to
1839 990 47 75 C;
1912 990 61 75 and
1991 990 32 75 at
2039 990 87 75 thefe
2148 990 108 75 points

1221 1036 55 75 the
1293 1036 54 75 fun
1365 1036 62 75 and
1443 1036 93 75 clock
1553 1036 93 75 being
1662 1036 108 75 equal,
1795 1036 26 75 it
1844 1036 26 75 is
1899 1036 84 75 noon
2010 1036 43 75 by
2070 1036 89 75 them
2174 1036 80 75 both

1220 1082 32 75 at
1266 1082 56 75 the
1338 1082 84 75 fame
1438 1082 151 75 moment.

1265 1130 76 75 The
1373 1130 90 75 point
1496 1130 36 75 A
1566 1130 26 75 is
1626 1130 110 75 called,
1758 1130 55 75 the
1840 1130 85 75 fun’s
1954 1130 124 75 apogee,
2118 1130 136 75 becaufe

1220 1176 92 75 when
1336 1176 42 75 he
1401 1176 27 75 is
1457 1176 95 75 there
1583 1176 42 75 he
1643 1176 28 75 is
1703 1176 34 75 at
1768 1176 49 75 his
1840 1176 135 75 greateft
2005 1176 136 75 diftance
2168 1176 86 75 from

1221 1222 54 75 the
1291 1222 113 75 earth;
1431 1222 56 75 the
1515 1222 89 75 point
1628 1222 29 75 C
1680 1222 51 75 \\\%
1746 1222 142 75 perigee,
1914 1222 131 75 becaufe
2070 1222 92 75 when
2179 1222 32 75 in
2228 1222 26 75 it

1220 1270 40 75 he
1275 1270 27 75 is
1320 1270 32 75 at
1379 1270 49 75 his
1457 1270 77 75 leaft
1561 1270 137 75 diftance
1726 1270 84 75 from
1838 1270 55 75 the
1909 1270 91 75 earth
2015 1270 10 75 ;
2053 1270 99 75 and'a
2167 1270 87 75 right

1222 1316 75 75 line,
1323 1316 34 75 as
1376 1316 101 75 AEG,
1501 1316 110 75 drawn
1640 1316 140 75 through
1809 1316 54 75 the
1886 1316 120 75 earth’s
2021 1316 121 75 centre,
2168 1316 85 75 from

1221 1362 60 75 one
1296 1362 41 75 of
1347 1362 87 75 thefe
1456 1362 105 75 points
1579 1362 35 75 to
1628 1362 56 75 the
1700 1362 105 75 other,
1834 1362 27 75 is
1879 1362 174 75 called//;*-
2068 1362 67 75 line
2151 1362 104 75 of-the

1219 1410 133 75 apfides.

1265 1456 77 75 The
1358 1456 137 75 diftance
1518 1456 71 75 that
1617 1456 55 75 the
1689 1456 54 75 fun
1761 1456 55 75 has
1834 1456 82 75 gone
1933 1456 31 75 in
1983 1456 62 75 any
2060 1456 78 75 time
2166 1456 86 75 from

1219 1502 50 75 his
1289 1502 119 75 apogee
1435 1502 73 75 (not
1524 1502 55 75 the
1595 1502 137 75 diftariee
1748 1502 40 75 he
1805 1502 57 75 has
1880 1502 35 75 to
1939 1502 42 75 go
2004 1502 35 75 to
2062 1502 38 75 it,
2126 1502 125 75 though

1219 1548 73 75 ever
1308 1548 33 75 fo
1359 1548 99 75 little)
1477 1548 26 75 is
1524 1548 103 75 called
1643 1548 49 75 his
1706 1548 96 75 mean
1818 1548 158 75 anomaly,
1994 1548 63 75 and
2073 1548 27 75 is
2117 1548 133 75 reckon-

1217 1595 41 75 ed
1273 1595 32 75 in
1329 1595 80 75 figns
1426 1595 64 75 and
1505 1595 145 75 degrees,
1675 1595 150 75 allowing
1843 1595 44 75 30
1907 1595 133 75 degrees
2068 1595 36 75 to
2131 1595 19 75 a
2171 1595 88 75 fign._

1216 1642 108 75 Thus,
1350 1642 92 75 when
1458 1642 56 75 the
1530 1642 56 75 fun
1602 1642 57 75 has
1675 1642 94 75 gone,
1788 1642 131 75 fuppofe
1940 1642 65 75 174
2021 1642 132 75 degrees
2165 1642 84 75 from

1216 1688 51 75 his
1284 1688 118 75 apogee
1418 1688 33 75 at
1470 1688 43 75 A,
1538 1688 41 75 he
1596 1688 26 75 is
1642 1688 66 75 faid
1725 1688 34 75 to
1771 1688 39 75 be
1825 1688 17 75 5
1858 1688 81 75 figns
1957 1688 45 75 24
2018 1688 130 75 degrees
2165 1688 85 75 from

1216 1733 38 75 it,
1280 1733 105 75 which
1402 1733 27 75 is
1446 1733 49 75 his
1514 1733 89 75 mean
1621 1733 165 75 anomaly:
1812 1733 78 75 And
1916 1733 93 75 when
2033 1733 41 75 he
2098 1733 27 75 is
2153 1733 95 75 gone,

1218 1782 129 75 fuppofe
1367 1782 63 75 35:5
1449 1782 132 75 degrees
1598 1782 83 75 from
1698 1782 49 75 his
1765 1782 131 75 apogee,
1920 1782 41 75 he
1977 1782 27 75 is
2020 1782 66 75 faid
2103 1782 35 75 to
2150 1782 39 75 be
2206 1782 36 75 11

1217 1827 79 75 figns
1315 1827 42 75 25
1376 1827 143 75 degrees*
1528 1827 83 75 from
1629 1827 37 75 it,
1692 1827 154 75 although
1863 1827 41 75 he
1922 1827 39 75 be
1983 1827 58 75 but
2066 1827 18 75 5
2114 1827 134 75 degrees

1217 1874 85 75 ftiort
1318 1874 40 75 of
1376 1874 36 75 A
1426 1874 32 75 in
1475 1874 127 75 coming
1621 1874 104 75 round
1740 1874 35 75 to
1794 1874 26 75 it
1837 1874 103 75 again.

1263 1921 97 75 From
1377 1921 87 75 what
1480 1921 64 75 was
1561 1921 64 75 faid
1642 1921 111 75 above,
1778 1921 25 75 it
1820 1921 143 75 appears,
1989 1921 75 75 than
2081 1921 93 75 when
2191 1921 56 75 the
2247 1903 5 49 1

1215 1968 84 75 fun’s
1316 1968 148 75 anomaly
1480 1968 26 75 is
1523 1968 59 75 left
1606 1968 78 75 than
1712 1968 21 75 6
1758 1968 92 75 figns,
1877 1968 70 75 that
1969 1968 39 75 is,
2033 1968 92 75 when
2149 1968 41 75 he
2218 1968 27 75 is

1216 2014 61 75 any
1294 2014 105 75 where
1416 2014 144 75 between
1577 2014 36 75 A
1627 2014 61 75 and
1717 2014 36 75 C,
1778 2014 32 75 in
1836 2014 54 75 the
1918 2014 73 75 half
2011 2014 95 75 ABC
2130 2014 41 75 of
2194 2014 51 75 his

1216 2060 97 75 orbit,
1338 2060 55 75 the
1409 2060 82 75 folar
1503 2060 83 75 noon
1603 2060 149 75 precedes
1770 2060 54 75 the
1841 2060 92 75 clock
1949 2060 103 75 noon;
2078 2060 58 75 but
2152 2060 93 75 when

1215 2107 48 75 his
1281 2107 147 75 anomaly
1444 2107 27 75 is
1489 2107 87 75 more
1600 2107 76 75 than
1695 2107 20 75 6
1733 2107 92 75 figns,
1850 2107 71 75 that
1936 2107 38 75 is,
2001 2107 92 75 when
2109 2107 41 75 he
2167 2107 24 75 is
2209 2107 34 75 a-

1215 2153 42 75 ny
1284 2153 107 75 where
1418 2153 144 75 between
1586 2153 29 75 C
1628 2153 62 75 and
1707 2153 45 75 A,
1777 2153 33 75 in
1839 2153 54 75 the
1920 2153 75 75 half
2015 2153 64 75 CD
2082 2153 36 75 A
2130 2153 41 75 of
2193 2153 50 75 his

1213 2199 97 75 orbit,
1328 2199 55 75 the
1400 2199 92 75 clock
1508 2199 83 75 noon
1608 2199 221 75 precedes.the
1844 2199 96 75 folar.
1974 2199 111 75 When
2098 2199 59 75 his.
2165 2199 74 75 ano-

1214 2246 84 75 maly
1315 2246 26 75 is
1359 2246 23 75 o
1397 2246 80 75 figns
1494 2246 22 75 o
1532 2246 145 75 degrees,
1703 2246 69 75 that
1788 2246 39 75 is,
1854 2246 91 75 when
1972 2246 42 75 he
2042 2246 25 75 is
2092 2246 31 75 in
2140 2246 49 75 his
2207 2246 34 75 a-

1212 2293 99 75 pogee
1331 2293 33 75 zt
1382 2293 36 75 A
1429 2293 10 75 \
1465 2293 37 75 or
1519 2293 21 75 6
1558 2293 79 75 figns
1653 2293 24 75 o
1695 2293 144 75 degrees,
1864 2293 105 75 which
1994 2293 27 75 is
2047 2293 92 75 when
2156 2293 41 75 he
2213 2293 27 75 is
2262 2293 5 75 .

1212 2339 32 75 in
1256 2339 50 75 his
1323 2339 127 75 perigee
1466 2339 32 75 at
1515 2339 49 75 C;
1584 2339 40 75 he
1637 2339 105 75 comes
1759 2339 35 75 to
1809 2339 56 75 the
1881 2339 152 75 meridian
2050 2339 32 75 at
2099 2339 61 75 the^
2170 2339 70 75 mo-

1213 2385 86 75 ment
1316 2385 71 75 that
1403 2385 55 75 the
1474 2385 147 75 fictitious
1644 2385 54 75 fun
1722 2385 91 75 dbes,
1838 2385 62 75 and
1916 2385 76 75 then
2008 2385 26 75 it
2050 2385 27 75 is
2094 2385 84 75 noon
2195 2385 44 75 by

1211 2431 86 75 them
1315 2431 78 75 both
1410 2431 33 75 at
1464 2431 56 75 the
1537 2431 82 75 fame
1641 2431 127 75 inftant.

1257 2477 75 75 The
1349 2477 161 75 obliquity
1525 2477 40 75 of
1575 2477 54 75 the
1646 2477 127 75 ecliptic
1788 2477 35 75 to
1839 2477 56 75 the
1911 2477 146 75 equator,
2083 2477 102 75 which
2210 2477 27 75 is

1210 2525 55 75 the
1281 2525 63 75 firft
1360 2525 184 75 mentioned
1559 2525 89 75 caufe
1664 2525 40 75 of
1715 2525 55 75 the
1786 2525 150 75 equation
1957 2525 40 75 of
2014 2525 90 75 time,
2126 2525 111 75 would

1209 2571 93 75 make
1318 2571 54 75 the
1389 2571 55 75 fun
1462 2571 61 75 and
1540 2571 106 75 clocks
1662 2571 93 75 agree
1775 2571 40 75 on
1833 2571 72 75 four
1922 2571 77 75 days
2016 2571 40 75 of
2068 2571 55 75 the
2138 2571 76 75 year
2222 2571 11 75 ;

1209 2617 105 75 which
1338 2617 65 75 are,
1427 2617 93 75 when
1544 2617 56 75 the
1616 2617 54 75 fun
1688 2617 105 75 enters
1822 2617 108 75 Aries,
1956 2617 136 75 Cancer,
2119 2617 114 75 Libra,

1209 2668 64 75 an4
1296 2668 195 75 Capricorn:
1525 2668 68 75 But
1620 2668 55 75 the
1703 2668 93 75 other
1823 2668 103 75 caufe,
1952 2668 72 75 now
2051 2668 182 75 explained,

1208 2710 111 75 wpuld-
1331 2710 91 75 make
1438 2710 55 75 the
1512 2710 56 75 fun
1585 2710 62 75 and
1664 2710 106 75 clocks
1788 2710 93 75 equal
1898 2710 77 75 only
1991 2710 92 75 twice
2100 2710 18 75 a.
2133 2710 98 75 year;

1207 2757 69 75 that
1293 2757 38 75 is,
1351 2757 92 75 when
1463 2757 56 75 the
1539 2757 55 75 fun
1612 2757 25 75 is
1655 2757 32 75 in
1702 2757 50 75 his
1765 2757 118 75 apogee
1900 2757 62 75 and
1978 2757 139 75 perigee.
2144 2757 88 75 Con-

1206 2803 177 75 fequently,
1409 2803 91 75 when
1517 2803 86 75 thefe
1620 2803 66 75 two
1699 2803 107 75 points
1827 2803 60 75 fall
1916 2803 31 75 in
1976 2803 54 75 the
2046 2803 186 75 beginnings

1205 2850 39 75 of
1256 2850 124 75 Cancer
1395 2850 62 75 and
1474 2850 188 75 Capricorn,
1688 2850 37 75 or
1752 2850 40 75 of
1810 2850 95 75 Aries
1930 2850 62 75 and
2016 2850 114 75 Libra,
2156 2850 77 75 they

1205 2896 115 75 concur
1332 2896 171 75 in^naking
1516 2896 53 75 the
1581 2896 56 75 fun
1651 2896 60 75 and
1725 2896 109 75 clocks
1851 2896 94 75 equal
1961 2896 32 75 in
2009 2896 87 75 thefe
2112 2896 119 75 points.

1203 2944 65 75 But
1289 2944 54 75 the
1364 2944 117 75 apogee
1498 2944 32 75 at
1547 2944 122 75 prefect
1685 2944 26 75 is
1724 2944 31 75 in
1772 2944 56 75 the
1845 2944 58 75 9th
1915 2944 116 75 degree
2046 2944 41 75 of
2095 2944 135 75 Cancer,

1694 2989 20 75 6
1737 2989 36 75 A

2170 2989 62 75 and
