2397 3387
551 180 41 75 A
651 180 39 75 V
747 180 35 75 E

1140 180 20 75 (
1216 180 86 75 5o<5
1358 180 18 75 )

1721 180 245 75 AUG

257 246 94 75 many
377 246 239 75 pater-nofters,
649 246 35 75 to
712 246 105 75 which
846 246 58 75 the
931 246 114 75 papifts
1071 246 119 75 afcribe
1223 246 19 75 a

257 293 178 75 wonderful
452 293 143 75 efficacy.

207 341 181 75 AVENA,
414 341 83 75 oats,
522 341 32 75 in
577 341 131 75 botany,
731 341 21 75 a
778 341 100 75 genus
895 341 41 75 of
947 341 56 75 the
1019 341 154 75 triandria
1189 341 48 75 di-

253 386 96 75 gynia
365 386 91 75 clafs.
504 386 77 75 The
598 386 85 75 calix
699 386 56 75 has
781 386 19 75 a
824 386 118 75 double
966 386 111 75 valve;
1104 386 62 75 and
1184 386 55 75 the

254 432 69 75 awn
340 432 41 75 on
399 432 54 75 the
476 432 81 75 back
579 432 26 75 is
631 432 181 75 contorted.
860 432 77 75 The
962 432 115 75 fpecies
1103 432 53 75 are
1184 432 55 75 13,

254 477 46 75 fix
317 477 40 75 of
368 477 87 75 them
471 477 123 75 natives
611 477 39 75 of
661 477 125 75 Britain
801 477 10 75 ;
838 477 70 75 viz.
940 477 29 75 1.
994 477 76 75 The
1087 477 96 75 nuda,
1201 477 38 75 or

252 526 105 75 mdced
384 526 83 75 oats.
534 526 32 75 2.
608 526 76 75 The
712 526 89 75 fatua
828 526 38 75 or
894 526 139 75 bearded
1067 526 170 75 oat-grafs.

255 572 31 75 3.
311 572 78 75 The
405 572 161 75 pratenfis,
592 572 37 75 or
646 572 145 75 meadow
808 572 170 75 oat-grafs.
1029 572 33 75 4.
1078 572 86 75 .The
1181 572 56 75 pu-

252 618 140 75 befcens,
418 618 38 75 or
473 618 101 75 rough
591 618 168 75 oat-gr&fs.
826 618 33 75 5.
884 618 76 75 The
977 618 125 75 elatior,
1128 618 37 75 or
1182 618 57 75 tall

251 665 169 75 oat-grafs.
471 665 35 75 6.
532 665 76 75 The
640 665 180 75 flavefcens,
854 665 38 75 or
923 665 117 75 yellow
1067 665 170 75 oat-grafs.

252 710 31 75 It
299 710 27 75 is
343 710 210 75 remarkable,
578 710 70 75 that
666 710 55 75 the
734 710 105 75 native
852 710 88 75 place
953 710 40 75 of
1005 710 56 75 the
1073 710 109 75 fativa,
1201 710 38 75 or

252 757 146 75 common
416 757 65 75 oat,
507 757 176 75 cultivated
699 757 31 75 in
748 757 60 75 our
823 757 104 75 fields,
952 757 26 75 is
996 757 110 75 almoft
1124 757 116 75 totally

252 804 171 75 unknown.
474 804 110 75 Anfon
609 804 82 75 fays,
717 804 71 75 that
815 804 41 75 he
883 804 154 75 obferved
1053 804 26 75 it
1094 804 146 75 growing

251 849 76 75 wild
355 849 37 75 or
421 849 240 75 fpontaneoufly
683 849 31 75 in
732 849 55 75 the
803 849 98 75 ifland
928 849 41 75 of
990 849 83 75 Juan
1098 849 140 75 Fernan-

250 896 75 75 dez.
374 896 67 75 But
459 896 18 75 a
493 896 100 75 vague
608 896 198 75 obfervation
823 896 84 75 from
925 896 38 75 an
985 896 114 75 author
1116 896 40 75 of
1167 896 72 75 that

250 942 74 75 kind
344 942 25 75 is
388 942 57 75 not
463 942 34 75 to
514 942 38 75 be
576 942 167 75 depended
759 942 53 75 on.

201 990 344 75 AVENACEOUS,
570 990 179 75 fomething
764 990 172 75 belonging
952 990 47 75 to,
1016 990 37 75 or
1069 990 170 75 partaking

249 1035 39 75 of
305 1035 53 75 the
376 1035 111 75 nature
504 1035 40 75 of
555 1035 83 75 oats.

200 1083 252 75 AVENAGE,
478 1083 32 75 in
528 1083 73 75 law,
627 1083 19 75 a
662 1083 119 75 certain
799 1083 150 75 quantity
965 1083 41 75 of
1017 1083 68 75 oats
1102 1083 76 75 paid
1194 1083 44 75 by

229 1128 5 75 .
250 1128 18 75 a
280 1128 110 75 tenant
406 1128 35 75 to
459 1128 18 75 a
491 1128 161 75 landlord,
678 1128 120 75 inftead
814 1128 40 75 of
865 1128 84 75 rent,
974 1128 37 75 or
1034 1128 86 75 fome
1142 1128 95 75 other

248 1175 117 75 duties.

198 1222 218 75 AVENOR,
450 1222 39 75 an
514 1222 109 75 officer
638 1222 173 75 belonging
836 1222 35 75 to
888 1222 56 75 the
970 1222 105 75 king’s
1107 1222 127 75 ftables,

246 1267 74 75 who
348 1267 147 75 provides
513 1267 68 75 oats
609 1267 52 75 for
678 1267 54 75 the
760 1267 122 75 horfes.
931 1267 54 75 He
1003 1267 63 75 ads
1094 1267 43 75 by
1156 1267 78 75 war-

246 1313 69 75 rant
333 1313 82 75 from
433 1313 55 75 the
505 1313 112 75 mafter
625 1313 8 75 '
633 1313 35 75 of
680 1313 54 75 the
750 1313 103 75 horfe.

200 1360 175 75 AVENS,
401 1360 31 75 in
450 1360 132 75 botany.
625 1360 61 75 See
705 1360 325 75 Caryophillus.

196 1407 286 75 AVENTURE,
507 1407 33 75 in
558 1407 61 75 law
635 1407 116 75 books,
778 1407 106 75 means
908 1407 18 75 a
943 1407 189 75 mifchance,
1158 1407 75 75 cau-

244 1451 62 75 fing
324 1451 54 75 the
393 1451 96 75 death
507 1451 40 75 of
558 1451 18 75 a
592 1451 112 75 perfon
721 1451 136 75 without
874 1451 120 75 felony.

195 1500 216 75 AVENUE,
436 1500 32 75 in
496 1500 187 75 gardening,
708 1500 19 75 a
742 1500 83 75 walk
850 1500 128 75 planted
995 1500 41 75 on
1060 1500 76 75 each
1167 1500 63 75 fide

243 1544 77 75 with
349 1544 96 75 trees,
483 1544 62 75 and
573 1544 127 75 leading
727 1544 36 75 to
791 1544 39 75 an
859 1544 109 75 houfe,
1006 1544 222 75 garden-gate,

243 1591 107 75 wood,
376 1591 64 75 &c.
466 1591 62 75 and
552 1591 165 75 generally
733 1591 191 75 terminated
953 1591 43 75 by
1012 1591 85 75 fome
1114 1591 115 75 diftant

241 1638 117 75 objed.
409 1638 61 75 See
486 1638 253 75 Gardening.

194 1685 248 75 AVERAGE,
468 1685 31 75 in
528 1685 189 75 commerce,
741 1685 133 75 fignifies
902 1685 56 75 the
983 1685 159 75 accidents
1167 1685 63 75 and

241 1730 204 75 misfortunes
462 1730 105 75 which
584 1730 124 75 happen
726 1730 34 75 to
777 1730 85 75 {hips
887 1730 63 75 and
971 1730 86 75 their
1084 1730 143 75 cargoes,

240 1777 85 75 from
342 1777 56 75 the
414 1777 77 75 time
507 1777 41 75 of
568 1777 83 75 their
673 1777 129 75 loading
819 1777 61 75 and
896 1777 113 75 failing
1025 1777 36 75 to
1078 1777 85 75 their
1178 1777 35 75 re

240 1823 73 75 turn
331 1823 62 75 and
419 1823 194 75 unloading;
640 1823 62 75 and
719 1823 26 75 is
762 1823 129 75 divided
916 1823 69 75 into
1012 1823 91 75 three
1119 1823 107 75 kinds.

244 1869 30 75 1.
298 1869 78 75 The
392 1869 107 75 fimple
516 1869 37 75 or
570 1869 174 75 particular
760 1869 146 75 average,
932 1869 107 75 which
1057 1869 125 75 confifts
1195 1869 34 75 in

238 1914 56 75 the
310 1914 248 75 extraordinary
573 1914 159 75 expences
748 1914 149 75 incurred
908 1914 51 75 for
970 1914 56 75 the
1042 1914 67 75 ffiip
1121 1914 105 75 alone,

238 1960 37 75 or
287 1960 51 75 for
355 1960 55 75 the
421 1960 240 75 merchandizes
678 1960 104 75 alone.
833 1960 85 75 Such
937 1960 25 75 is
980 1960 54 75 the
1047 1960 61 75 lofs
1121 1960 41 75 of
1172 1960 55 75 an-

238 2007 107 75 chors,
362 2007 105 75 mafts,
478 2007 61 75 and
550 2007 138 75 rigging,
698 2007 181 75 occafioned
894 2007 42 75 by
945 2007 55 75 the
1017 2007 145 75 common
1175 2007 52 75 ac-

239 2054 120 75 cidents
373 2054 31 75 at
416 2054 51 75 fea
479 2054 10 75 ;
507 2054 55 75 the
578 2054 147 75 damages
738 2054 106 75 which
857 2054 121 75 happen
995 2054 36 75 to
1047 2054 180 75 merchants

238 2099 44 75 by
299 2099 107 75 ftorm,
424 2099 101 75 prize,
544 2099 184 75 fhipwreck,
747 2099 75 75 wet,
847 2099 37 75 or
895 2099 121 75 rotting
1028 2099 9 75 ;
1064 2099 43 75 all
1122 2099 105 75 which

237 2145 82 75 muft
335 2145 39 75 be
391 2145 81 75 born
489 2145 63 75 and
568 2145 74 75 paid
657 2145 45 75 by
714 2145 55 75 the
785 2145 93 75 thing
894 2145 104 75 which
1016 2145 137 75 fuffered
1169 2145 57 75 the

239 2192 147 75 damage.
437 2192 34 75 2.
494 2192 77 75 The
588 2192 88 75 large
705 2192 61 75 and
795 2192 146 75 common
959 2192 146 75 average,
1131 2192 95 75 being

236 2238 91 75 thofe
340 2238 160 75 expences
511 2238 160 75 incurred,
689 2238 63 75 and
761 2238 148 75 damages
926 2238 167 75 fuftained,
1106 2238 52 75 for
1169 2238 56 75 the

236 2284 146 75 common
400 2284 86 75 good
502 2284 64 75 and
580 2284 138 75 fecurity
740 2284 81 75 both
846 2284 43 75 of
908 2284 56 75 the
981 2284 242 75 merchandizes

236 2330 65 75 and
316 2330 123 75 veffels,
465 2330 227 75 confequently
709 2330 35 75 to
767 2330 40 75 be
832 2330 100 75 borne
949 2330 43 75 by
1007 2330 56 75 the
1080 2330 143 75 {hip,and

236 2376 109 75 cargo,
371 2376 61 75 and
451 2376 34 75 to
501 2376 40 75 be
558 2376 165 75 regulated
739 2376 85 75 upon
842 2376 55 75 the
919 2376 117 75 whole.
1086 2376 54 75 Of
1158 2376 66 75 this

236 2422 136 75 number
388 2422 52 75 are
458 2422 55 75 the
531 2422 103 75 goods
652 2422 37 75 or
705 2422 117 75 money
839 2422 95 75 given
961 2422 51 75 for
1028 2422 55 75 the
1101 2422 122 75 ranfom

236 2469 39 75 of
287 2469 56 75 the
358 2469 65 75 {hip
440 2469 62 75 and
514 2469 108 75 cargo,
639 2469 109 75 things
760 2469 126 75 thrown
904 2469 178 75 overboard
1100 2469 51 75 for
1168 2469 55 75 the

235 2515 102 75 fafety
349 2515 41 75 of
395 2515 56 75 the
463 2515 77 75 {hip,
554 2515 54 75 the
620 2515 158 75 expences
786 2515 41 75 of
833 2515 171 75 unloading
1017 2515 51 75 for
1080 2515 143 75 entering

236 2561 68 75 into
321 2561 17 75 a
355 2561 83 75 river
455 2561 37 75 or
507 2561 152 75 harbour,
680 2561 61 75 and
758 2561 57 75 the
829 2561 172 75 provifions
1018 2561 62 75 and
1100 2561 68 75 hire
1188 2561 41 75 of

234 2609 56 75 the
307 2609 111 75 failors
440 2609 94 75 when
557 2609 56 75 the
643 2609 65 75 fhip
737 2609 25 75 is
784 2609 57 75 put
870 2609 100 75 under
994 2609 39 75 an
1057 2609 165 75 embargo.

239 2654 32 75 3.
296 2654 76 75 The
388 2654 89 75 fmall
503 2654 162 75 averages,
690 2654 105 75 which
825 2654 53 75 are
904 2654 55 75 the
986 2654 156 75 expences
1170 2654 52 75 for

235 2700 121 75 towing
372 2700 62 75 and
457 2700 135 75 piloting
613 2700 57 75 the
686 2700 66 75 fhip
769 2700 56 75 out
841 2700 47 75 of,
915 2700 37 75 or
968 2700 68 75 into
1051 2700 171 75 harbours,

235 2747 126 75 creeks,
383 2747 37 75 or
438 2747 111 75 rivers,
576 2747 61 75 one
661 2747 86 75 third
772 2747 40 75 of
833 2747 102 75 which
965 2747 79 75 mull
1068 2747 40 75 be
1130 2747 90 75 char-

234 2794 63 75 ged
314 2794 35 75 to
365 2794 56 75 the
437 2794 79 75 fhip,
540 2794 65 75 and
619 2794 67 75 two
701 2794 104 75 thirds
823 2794 35 75 to
883 2794 54 75 the
954 2794 108 75 cargo.

283 2840 148 75 Average
445 2840 25 75 is
488 2840 88 75 more
593 2840 206 75 particularly
814 2840 74 75 ufed
907 2840 51 75 for
974 2840 18 75 a
1008 2840 120 75 certain
1146 2840 74 75 con-

235 2886 153 75 Iribution
406 2886 72 75 that
494 2886 180 75 merchants
690 2886 92 75 make
799 2886 263 75 proportionably
1079 2886 35 75 to
1137 2886 85 75 their

232 2932 105 75 lolfes.
386 2932 32 75 It
435 2932 65 75 alfo
517 2932 132 75 fignifies
674 2932 18 75 a
708 2932 88 75 fmall
813 2932 81 75 duty
911 2932 106 75 which
1032 2932 89 75 thofe
1137 2932 84 75 mer-

234 2978 124 75 chants,
384 2978 74 75 who
474 2978 76 75 fend
565 2978 102 75 goods
690 2978 32 75 in
740 2978 135 75 another
892 2978 100 75 man’s
1005 2978 79 75 {hip,
1110 2978 61 75 pay
1187 2978 36 75 to

234 3029 57 75 the
306 3029 114 75 matter
443 3029 52 75 for
521 3029 49 75 his
589 3029 71 75 care
677 3029 40 75 of
730 3029 89 75 them
845 3029 78 75 over
950 3029 64 75 and
1043 3029 100 75 above
1168 3029 56 75 the

1332 252 132 75 freight.
1515 252 112 75 Hence
1643 252 26 75 it
1686 252 27 75 is
1730 252 164 75 exprefied
1919 252 31 75 in
1977 252 54 75 the
2049 252 72 75 bills
2139 252 41 75 of
2197 252 120 75 lading,

1331 298 116 75 paying
1459 298 137 75 fomuch
1613 298 121 75 freight
1747 298 50 75 for
1811 298 54 75 the
1879 298 65 75 faid
1958 298 116 75 goods,
2088 298 77 75 with
2179 298 139 75 primage

1334 344 59 75 and
1412 344 133 75 average
1566 344 210 75 accuftomed.

1286 392 280 75 AVERANCE,
1584 392 38 75 or
1635 392 231 75 Auranche,
1885 392 18 75 a
1919 392 141 75 fea-port
2078 392 85 75 town
2182 392 29 75 in
2229 392 89 75 Nor-

1334 437 129 75 mandy,
1489 437 30 75 in
1546 437 136 75 France,
1707 437 134 75 fituated
1869 437 32 75 in
1931 437 37 75 i°
1990 437 133 75 2c/W.
2140 437 89 75 long,
2256 437 62 75 and

1337 484 60 75 48°
1413 484 118 75 4c/'N.
1547 484 58 75 lat.

1284 531 300 75 AVER-CORN,
1613 531 69 75 that
1700 531 163 75 conveyed
1880 531 34 75 to
1931 531 55 75 the
2003 531 100 75 lord’s
2120 531 137 75 granary
2274 531 44 75 by

1333 575 48 75 his
1399 575 138 75 tenants.

1284 623 326 75 AVERDUPOIS,
1636 623 37 75 or
1699 623 474 75 Avoirdupois-weight,
2208 623 17 75 a
2251 623 66 75 fort

1332 668 40 75 of
1383 668 118 75 weight
1519 668 76 75 ufed
1610 668 31 75 in
1655 668 161 75 England,
1835 668 55 75 the
1902 668 107 75 pound
2027 668 146 75 whereof
2183 668 27 75 is
2223 668 93 75 made

1333 715 41 75 up
1387 715 41 75 of
1441 715 122 75 lixteen
1581 715 129 75 ounces.
1762 715 270 75 SeeWEiGHT.

1380 760 84 75 This
1478 760 25 75 is
1517 760 55 75 the
1585 760 119 75 weight
1716 760 52 75 for
1780 760 56 75 the
1848 760 105 75 larger
1965 760 62 75 and
2039 760 123 75 coarfer
2174 760 141 75 commo-

1332 806 107 75 dities,
1470 806 75 75 fuch
1577 806 33 75 as
1639 806 172 75 groceries,
1848 806 122 75 cheefe,
2004 806 97 75 wool,
2130 806 85 75 lead,
2250 806 64 75 oc.

1331 852 136 75 Bakers,
1480 852 74 75 who
1565 852 63 75 live
1641 852 55 75 not
1708 852 34 75 in
1754 852 335 75 corporation-towns,
2106 852 53 75 are
2171 852 35 75 to
2222 852 92 75 make

1333 898 83 75 their
1440 898 97 75 bread
1553 898 43 75 by
1619 898 354 75 avoirdupois-weight,
1999 898 89 75 thofe
2112 898 32 75 in
2160 898 153 75 corpora-

1332 945 84 75 tions
1432 945 44 75 by
1492 945 75 75 troy
1584 945 131 75 weight.
1765 945 232 75 Apothecaries
2019 945 63 75 buy
2099 945 43 75 by
2166 945 146 75 avoirdu-

1330 992 217 75 pois-weight,
1572 992 57 75 but
1656 992 54 75 fell
1729 992 43 75 by
1795 992 86 75 troy.
1929 992 76 75 The
2033 992 185 75 proportion
2236 992 40 75 of
2294 992 19 75 a

1332 1037 106 75 pound
1455 1037 202 75 avoirdupois
1676 1037 33 75 to
1722 1037 18 75 a
1758 1037 106 75 pound
1882 1037 73 75 troy
1970 1037 26 75 is
2013 1037 34 75 as
2068 1037 12 75 1
2091 1037 16 75 7
2122 1037 34 75 to
2179 1037 53 75 14.

1282 1084 198 75 AVERIA,
1506 1084 32 75 in
1551 1084 18 75 a
1585 1084 127 75 general
1729 1084 96 75 fenfe,
1851 1084 132 75 fignifies
2001 1084 60 75 any
2078 1084 110 75 cattle,
2213 1084 59 75 but
2284 1084 26 75 is

1330 1130 76 75 ufed
1422 1130 33 75 in
1471 1130 62 75 law
1549 1130 52 75 for
1617 1130 98 75 oxen,
1734 1130 37 75 or
1783 1130 107 75 horfes
1903 1130 40 75 of
1955 1130 54 75 the
2026 1130 132 75 plough.

1283 1176 192 75 Replegiare
1495 1176 38 75 de
1551 1176 207 75 AVERIIS.
1808 1176 62 75 See
1888 1176 267 75 Replegiare.

1279 1223 200 75 AVERNI,
1498 1223 114 75 among
1625 1223 124 75 ancient
1761 1223 190 75 naturalitts,
1969 1223 120 75 certain
2103 1223 99 75 lakes,
2219 1223 90 75 grot-

1327 1268 80 75 toes,
1433 1268 64 75 and
1521 1268 94 75 other
1631 1268 118 75 places,
1768 1268 104 75 which
1889 1268 96 75 infedt
2002 1268 55 75 the
2081 1268 48 75 air
2145 1268 76 75 with
2239 1268 68 75 poi-

1329 1314 113 75 fonous
1459 1314 111 75 fleams
1588 1314 36 75 or
1640 1314 149 75 vapours,
1815 1314 102 75 called
1934 1314 65 75 alfo
2016 1314 162 75 mephites.

1278 1360 284 75 AVERRHOA,
1580 1360 31 75 in
1625 1360 131 75 botany,
1775 1360 18 75 a
1810 1360 97 75 genus
1925 1360 40 75 of
1976 1360 56 75 the
2048 1360 171 75 decandria
2231 1360 78 75 pen-

1325 1406 127 75 tagynia
1482 1406 92 75 clafs.
1621 1406 78 75 The
1716 1406 85 75 calix
1824 1406 57 75 has
1897 1406 60 75 five
1980 1406 128 75 leaves;
2134 1406 54 75 the
2205 1406 101 75 petals

1324 1452 52 75 are
1395 1452 73 75 five,
1493 1452 81 75 open
1599 1452 32 75 at
1649 1452 55 75 top
1719 1452 10 75 ;
1765 1452 62 75 and
1848 1452 56 75 the
1921 1452 90 75 apple
2034 1452 38 75 or
2088 1452 78 75 fruit
2186 1452 26 75 is
2229 1452 76 75 pen-

1324 1498 140 75 tagonal,
1494 1498 62 75 and
1572 1498 131 75 divided
1718 1498 69 75 into
1811 1498 61 75 five
1884 1498 90 75 cells.
2022 1498 77 75 The
2118 1498 116 75 Ipecies
2252 1498 58 75 arc

1322 1544 102 75 three,
1450 1544 42 75 all
1509 1544 121 75 natives
1646 1544 43 75 of
1697 1544 104 75 India.

1274 1592 322 75 AVERHOISTS,
1621 1592 55 75 the
1693 1592 114 75 follow'
1807 1592 47 75 ers
1871 1592 41 75 of
1923 1592 180 75 Averhoes,
2129 1592 18 75 a
2163 1592 141 75 celebra-

1322 1636 54 75 ted
1393 1636 231 75 commentator
1642 1636 41 75 of
1694 1636 167 75 Ariftotle,
1886 1636 75 75 who
1983 1636 114 75 denied
2107 1636 55 75 the
2177 1636 127 75 natural

1320 1683 210 75 immortality
1541 1683 40 75 of
1592 1683 55 75 the
1663 1683 81 75 (bul,
1762 1683 62 75 and
1836 1683 54 75 yet
1902 1683 173 75 pretended
2088 1683 34 75 to
2139 1683 165 75 acquiefce

1321 1729 31 75 in
1367 1729 55 75 the
1436 1729 159 75 Chriftian
1613 1729 143 75 dodtrine
1773 1729 190 75 concerning
1979 1729 38 75 it.

1273 1777 301 75 AVERRUNCI,
1598 1777 33 75 in
1648 1777 55 75 the
1715 1777 124 75 ancient
1854 1777 137 75 heathen
2009 1777 165 75 theology,
2192 1777 39 75 an
2248 1777 54 75 or-

1320 1820 58 75 der
1390 1820 39 75 of
1440 1820 113 75 deities
1566 1820 115 75 among
1698 1820 55 75 the
1766 1820 156 75 Romans,
1940 1820 106 75 whofe
2055 1820 139 75 peculiar
2210 1820 91 75 office

1319 1866 27 75 it
1362 1866 64 75 was
1438 1866 35 75 to
1490 1866 89 75 avert
1595 1866 119 75 danger
1730 1866 62 75 and
1809 1866 97 75 exile.
1955 1866 123 75 Apollo
2095 1866 61 75 and
2172 1866 129 75 Hercu-

1319 1912 46 75 les
1377 1912 53 75 are
1447 1912 151 75 fuppofed
1616 1912 35 75 to
1668 1912 38 75 be
1719 1912 39 75 of
1769 1912 64 75 this
1849 1912 108 75 order.

1273 1960 158 75 AVERS
1436 1960 43 75 A,
1497 1960 17 75 a
1526 1960 87 75 town
1623 1960 40 75 of
1674 1960 136 75 Naples,
1826 1960 32 75 in
1874 1960 55 75 the
1941 1960 151 75 province
2103 1960 41 75 of
2155 1960 145 75 Lavoro,

1320 2005 133 75 fituated
1479 2005 99 75 about
1607 2005 40 75 17
1671 2005 91 75 miles
1786 2005 93 75 fouth
1903 2005 39 75 of
1955 2005 124 75 Capua,
2103 2005 32 75 in
2157 2005 41 75 14
2198 1987 19 49 0
2243 2005 58 75 45'

1319 2051 43 75 E.
1375 2051 89 75 long,
1481 2051 62 75 and
1561 2051 40 75 41
1601 2033 26 49 0
1647 2051 13 75 1
1669 2051 30 75 j'
1714 2051 47 75 N.
1779 2051 59 75 lat.

1271 2099 138 75 AYES,
1439 2099 85 75 fome
1536 2099 89 75 fmall
1641 2099 128 75 iflands,
1794 2099 171 75 belonging
1981 2099 34 75 to
2032 2099 54 75 the
2105 2099 126 75 Dutch,
2257 2099 42 75 on

1319 2144 54 75 the
1390 2144 83 75 coaft
1485 2144 39 75 of
1535 2144 107 75 Terra
1658 2144 121 75 Firma,
1804 2144 31 75 in
1854 2144 105 75 South
1977 2144 162 75 America.

1271 2192 234 75 AVESNES,
1531 2192 18 75 a
1564 2192 84 75 little
1669 2192 141 75 fortified
1838 2192 87 75 town
1941 2192 40 75 of
2002 2192 165 75 Hainault,
2194 2192 32 75 in
2243 2192 56 75 the

1319 2237 123 75 French
1455 2237 218 75 Netherlands
1685 2237 9 75 ;
1721 2237 134 75 fituated
1871 2237 98 75 about
1987 2237 39 75 21
2048 2237 90 75 miles
2154 2237 93 75 fouth
2264 2237 41 75 of

1319 2283 112 75 Mons,
1456 2283 31 75 in
1507 2283 20 75 3
1527 2265 22 49 0
1562 2283 57 75 4c/
1634 2283 43 75 E.
1695 2283 87 75 long,
1802 2283 61 75 and
1878 2283 65 75 50°
1962 2283 54 75 \o'
2030 2283 48 75 N.
2096 2283 58 75 lat.

1270 2330 264 75 AUGMENT,
1560 2330 32 75 in
1609 2330 169 75 grammar,
1805 2330 38 75 an
1856 2330 143 75 accident
2012 2330 40 75 of
2064 2330 119 75 certain
2196 2330 103 75 tenles

1319 2375 40 75 of
1369 2375 113 75 Greek
1503 2375 106 75 verbs,
1635 2375 94 75 being
1745 2375 104 75 either
1864 2375 55 75 the
1935 2375 159 75 prefixing
2117 2375 39 75 of
2168 2375 18 75 a
2203 2375 96 75 fylla-

1320 2422 63 75 ble,
1402 2422 37 75 or
1456 2422 37 75 an
1512 2422 137 75 increafe
1663 2422 39 75 of
1710 2422 56 75 the
1777 2422 148 75 quantity
1937 2422 40 75 of
1988 2422 54 75 the
2054 2422 100 75 initial
2164 2422 132 75 vowels.

1271 2467 238 75 Augments,
1534 2467 30 75 in
1583 2467 233 75 mathematics.
1866 2467 62 75 See
1944 2467 245 75 Fluctions.

1270 2515 420 75 AUGMENTATION,
1715 2515 32 75 in
1764 2515 18 75 a
1797 2515 128 75 general
1953 2515 97 75 fenfe,
2074 2515 28 75 is
2124 2515 56 75 the
2197 2515 47 75 adl
2262 2515 42 75 of

1317 2559 116 75 adding
1450 2559 37 75 or
1509 2559 124 75 joining
1649 2559 177 75 fomething
1843 2559 35 75 to
1903 2559 133 75 another
2060 2559 79 75 with
2155 2559 19 75 a
2189 2559 108 75 defign

1317 2606 33 75 to
1367 2606 112 75 render
1503 2606 24 75 it
1544 2606 99 75 large.

1268 2654 328 75 Augmentation
1624 2654 26 75 is
1678 2654 65 75 alfo
1771 2654 75 75 ufed
1874 2654 51 75 for
1953 2654 55 75 the
2033 2654 197 75 additament
2257 2654 38 75 or

1315 2698 91 75 thing
1422 2698 115 75 added.

1268 2745 329 75 Augmentation
1617 2745 64 75 was
1698 2745 64 75 alfo
1789 2745 57 75 the
1862 2745 91 75 name
1969 2745 41 75 of
2021 2745 18 75 a
2056 2745 92 75 court
2170 2745 126 75 eredled

1321 2794 41 75 27
1378 2794 87 75 Hen.
1477 2794 100 75 VIII.
1594 2794 34 75 fo
1645 2794 103 75 called
1763 2794 83 75 from
1864 2794 55 75 the
1937 2794 235 75 augmentation
2190 2794 36 75 of
2241 2794 56 75 the

1316 2838 152 75 revenues
1484 2838 40 75 of
1536 2838 55 75 the
1607 2838 121 75 crown,
1753 2838 44 75 by
1818 2838 55 75 the
1890 2838 186 75 fupprtffion
2092 2838 41 75 of
2144 2838 150 75 religious

1316 2883 111 75 houfes
1439 2883 10 75 ;
1476 2883 61 75 and
1554 2883 56 75 the
1621 2883 91 75 office
1729 2883 61 75 ftill
1807 2883 146 75 remains,
1977 2883 23 75 w
2008 2883 109 75 herein
2134 2883 91 75 there
2242 2883 53 75 are

1317 2929 94 75 many
1422 2929 127 75 curious
1563 2929 141 75 records,
1721 2929 69 75 tho’
1803 2929 55 75 the
1874 2929 91 75 court
1977 2929 58 75 has
2051 2929 79 75 been
2142 2929 158 75 diflblved

1315 2976 76 75 long
1406 2976 92 75 fince.

1269 3024 346 75 Augmentation,
1648 3024 34 75 in
1697 3024 163 75 heraldry,
1884 3024 54 75 are
1961 3024 174 75 additional
2163 3024 131 75 charges
