2397 3387
491 156 239 75 BAN

1084 156 22 75 {
1164 156 82 75 5*8
1306 156 19 75 )

1672 156 237 75 BAN

190 227 33 75 in
244 227 56 75 the
324 227 103 75 army,
453 227 38 75 or
521 227 33 75 at
579 227 118 75 court;
732 227 63 75 and
822 227 55 75 are
904 227 111 75 bound
1043 227 35 75 to
1108 227 74 75 take
1229 227 221 75 BANGUE,
1475 227 37 75 or
1529 227 107 75 Bend
1703 227 62 75 See
1782 227 122 75 Bend.

190 273 43 75 up
257 273 83 75 arms
369 273 52 75 for
449 273 55 75 the
528 273 139 75 catholic
690 273 83 75 faith
798 273 119 75 againft
939 273 56 75 the
1019 273 139 75 infidels.
1229 273 305 75 BANIALUCH,
1561 273 37 75 or
1618 273 262 75 Bagnaluch,
1906 273 19 75 a
1945 273 68 75 city
2032 273 40 75 of
2095 273 172 75 European

147 321 124 75 Band,
298 321 31 75 in
356 321 145 75 furgery,
533 321 19 75 a
579 321 93 75 fillet,
709 321 113 75 fwath,
860 321 37 75 or
920 321 88 75 piece
1035 321 40 75 of
1098 321 87 75 linen
1276 321 132 75 Turky,
1435 321 55 75 the
1514 321 116 75 capital
1655 321 40 75 of
1714 321 132 75 Bofnia,
1870 321 86 75 upon
1980 321 56 75 the
2063 321 153 75 frontiers
2233 321 41 75 of

193 367 101 75 cloth,
321 367 187 75 wherewith
525 367 104 75 either
650 367 35 75 to
713 367 96 75 cover
833 367 37 75 or
886 367 157 75 iurround
1060 367 122 75 certain
1278 367 280 75 Dalmatia,-near
1587 367 55 75 the
1668 367 83 75 river
1778 367 111 75 Setina
1903 367 9 75 :
1941 367 43 75 E.
2003 367 89 75 long.
2117 367 38 75 18
2155 349 23 49 0
2200 367 67 75 20,

192 414 87 75 parts
297 414 77 75 that'
374 414 99 75 Hand
489 414 34 75 in
539 414 81 75 need
636 414 40 75 of
688 414 154 75 afitftance
857 414 10 75 ;
906 414 63 75 and
993 414 40 75 is,
1058 414 32 75 in
1118 414 65 75 this

192 461 97 75 fenfe,
315 461 55 75 the
386 461 84 75 fame
470 493 5 49 i
487 461 79 75 with
582 461 88 75 what
685 461 27 75 is
730 461 170 75 otherwife
915 461 105 75 called
1040 461 18 75 a
1070 461 112 75 roller.

145 508 186 75 BANDA,
356 508 38 75 or
411 508 174 75 Lantor,
611 508 56 75 the
688 508 90 75 chief
803 508 40 75 of
864 508 54 75 the
935 508 114 75 Banda
1069 508 115 75 illands

193 555 31 75 in
250 555 55 75 the
332 555 45 75 E.
395 555 122 75 Indies,
542 555 107 75 where
669 555 146 75 nutmegs
840 555 102 75 grew,
969 555 32 75 in
1028 555 85 75 128°
1140 555 44 75 E.

193 602 88 75 long,
307 602 63 75 and
388 602 20 75 4
408 584 22 49 0
452 602 54 75 3c/
524 602 23 75 S
579 602 59 75 lat.

145 649 256 75 BANDAGE,
427 649 33 75 in
485 649 145 75 furgery,
655 649 20 75 a
699 649 91 75 fillet,
818 649 109 75 roller,
954 649 37 75 or
1007 649 114 75 fwath,
1146 649 37 75 u-

193 696 54 75 fed
272 696 31 75 in
335 696 134 75 dreffing
497 696 63 75 and
588 696 131 75 binding
752 696 41 75 up
820 696 146 75 wounds,
1000 696 184 75 reltraining

194 742 179 75 dangerous
389 742 253 75 haemorrhages^
666 742 63 75 and
750 742 32 75 in
804 742 126 75 joining
945 742 161 75 fradiured
1122 742 64 75 and

194 789 169 75 difiocated
383 789 111 75 bones.
546 789 61 75 See
626 789 202 75 Surgery.

146 837 319 75 BANDALEER,
499 837 37 75 or
561 837 251 75 Bandeleer,
843 837 31 75 in
900 837 142 75 military
1063 837 121 75 affairs,

195 883 17 75 a
227 883 89 75 large
332 883 144 75 leathern
495 883 78 75 belt,
600 883 127 75 thrown
744 883 78 75 over
843 883 55 75 the
914 883 88 75 right
1025 883 159 75 ihoulder,

195 930 62 75 and
274 930 140 75 hanging
430 930 101 75 under
549 930 56 75 the
625 930 60 75 left
702 930 67 75 arm
784 930 10 75 ;
821 930 91 75 worn
928 930 43 75 by
987 930 56 75 the
1060 930 127 75 ancient

193 978 231 75 mufqueteers,
451 978 78 75 both
547 978 52 75 for
611 978 55 75 the
679 978 168 75 fulfaining
859 978 39 75 of
912 978 83 75 their
1012 978 172 75 fire-arms,

195 1024 61 75 and
273 1024 52 75 for
341 1024 55 75 the
420 1024 145 75 carriage
582 1024 40 75 of
643 1024 84 75 their
743 1024 310 75 mufquet-charges,
1078 1024 108 75 which

193 1070 96 75 being
305 1070 57 75 put
380 1070 42 75 up
450 1070 32 75 in
498 1070 85 75 little
611 1070 134 75 wooden
762 1070 99 75 cafes,
887 1070 113 75 coated
1018 1070 79 75 with
1120 1070 65 75 lea-

195 1118 85 75 ther,
306 1118 84 75 were
414 1118 102 75 hung,
542 1118 34 75 to
599 1118 57 75 the
680 1118 135 75 number
839 1118 41 75 of
901 1118 128 75 twelve,
1055 1118 35 75 to
1105 1118 81 75 each

196 1165 182 75 bandeleer.

148 1212 285 75 BANDELET,
459 1212 38 75 or
513 1212 204 75 Bandlet,
743 1212 32 75 in
804 1212 224 75 architedfure,
1054 1212 61 75 any
1132 1212 53 75 lit-

198 1260 43 75 tle
258 1260 98 75 band,
373 1260 37 75 or
426 1260 56 75 flat
506 1260 177 75 moulding,
709 1260 34 75 as
768 1260 72 75 that
861 1260 105 75 which
989 1260 123 75 crowns
1131 1260 55 75 the

197 1306 105 75 Doric
320 1306 191 75 architrave.

150 1353 409 75 BANDER-ABASSI,
592 1353 33 75 in
653 1353 198 75 geography.
901 1353 62 75 See
990 1353 56 75 the
1074 1353 113 75 article

198 1399 210 75 Gombron.

149 1446 410 75 BANDER-CONGO,
591 1446 17 75 a
634 1446 140 75 fea-port
798 1446 89 75 town
916 1446 41 75 on
986 1446 56 75 the
1066 1446 121 75 eaftern

198 1494 64 75 fide
284 1494 41 75 of
345 1494 55 75 the
424 1494 126 75 Perfian
575 1494 94 75 gulf:
696 1494 45 75 E.
765 1494 89 75 long.
881 1494 65 75 54°
968 1494 66 75 5c/,
1059 1494 65 75 and
1140 1494 48 75 N.

197 1540 57 75 lat.
276 1540 79 75 27°.

150 1587 287 75 BANDERET,
464 1587 18 75 a
497 1587 143 75 general,
665 1587 37 75 or
719 1587 61 75 one
792 1587 41 75 of
844 1587 56 75 the
917 1587 220 75 commanders
1154 1587 33 75 in

200 1634 90 75 chief
301 1634 40 75 of
353 1634 55 75 the
426 1634 117 75 forces.

245 1681 85 75 This
349 1681 192 75 appellation
558 1681 26 75 is
603 1681 93 75 given
713 1681 38 75 to
759 1681 57 75 the
831 1681 156 75 principal
1005 1681 183 75 command-

200 1728 49 75 ers
267 1728 40 75 of
326 1728 56 75 the
405 1728 112 75 troops
542 1728 40 75 of
604 1728 55 75 the
677 1728 116 75 canton
809 1728 41 75 of
871 1728 87 75 Bern
983 1728 33 75 in
1034 1728 154 75 Switzer-

198 1774 88 75 land,
312 1774 107 75 where
436 1774 91 75 there
553 1774 52 75 are
623 1774 75 75 four
719 1774 185 75 banderets,
929 1774 75 75 who
1020 1774 170 75 command

201 1821 41 75 all
256 1821 53 75 the
327 1821 104 75 forces
448 1821 40 75 of
499 1821 71 75 that
582 1821 131 75 canton.

152 1868 320 75 BANDEROLE,
499 1868 18 75 a
532 1868 85 75 little
634 1868 74 75 flag,
734 1868 33 75 in
788 1868 84 75 form
885 1868 41 75 of
937 1868 19 75 a
972 1868 131 75 guidon,
1129 1868 59 75 ex-

201 1915 118 75 tended
340 1915 89 75 more
446 1915 33 75 in
495 1915 111 75 length
623 1915 77 75 than
718 1915 150 75 breadth,
893 1915 77 75 ufed
985 1915 36 75 to
1045 1915 41 75 be
1101 1915 89 75 hung

202 1961 56 75 out
276 1961 41 75 on
335 1961 54 75 the
403 1961 91 75 mails
512 1961 40 75 of
564 1961 122 75 veffels,
714 1961 64 75 <bc.

154 2007 259 75 BANDITTI,
439 2007 19 75 a
481 2007 83 75 term
586 2007 176 75 peculiarly
781 2007 155 75 denoting
952 2007 180 75 companies
1155 2007 41 75 of

202 2052 236 75 highwaymen,
463 2052 147 75 common
622 2052 32 75 in
667 2052 86 75 Italy
765 2052 63 75 and
844 2052 124 75 France
982 2052 11 75 ;
1019 2052 170 75 butfome-

203 2102 96 75 times
312 2102 70 75 alfb-
394 2102 86 75 ufed,
508 2102 33 75 in
558 2102 19 75 a
592 2102 89 75 more
698 2102 127 75 general
850 2102 100 75 fenfe,
974 2102 52 75 for
1043 2102 147 75 robbers,

203 2148 129 75 pirates,
357 2148 178 75 out-lawed
551 2148 141 75 perfons,
717 2148 143 75 ruffians,
887 2148 65 75 <fac.

156 2196 187 75 BANDO,
368 2196 55 75 the
440 2196 83 75 fame
541 2196 81 75 with
636 2196 128 75 Afmer.
816 2196 62 75 See
898 2196 151 75 Asmer.

155 2242 254 75 BANDORA,
434 2242 56 75 the
507 2242 115 75 capital
641 2242 39 75 of
691 2242 56 75 the
764 2242 97 75 ifland
874 2242 40 75 of
928 2242 115 75 Salfet,
1068 2242 39 75 or
1123 2242 68 75 Co-

204 2289 105 75 norin,
333 2289 42 75 on
391 2289 58 75 the
460 2289 74 75 weft
547 2289 82 75 coaft
642 2289 41 75 of
695 2289 54 75 the
766 2289 122 75 Hither
899 2289 95 75 India
1008 2289 9 75 :
1045 2289 44 75 E.
1102 2289 89 75 long.

208 2338 40 75 72
248 2320 25 49 0
295 2338 54 75 30'
349 2338 12 75 ,
380 2338 61 75 and
458 2338 48 75 N.
524 2338 58 75 lat.
607 2338 40 75 19
647 2320 23 49 0
670 2338 15 75 .

157 2382 190 75 Bandora
364 2382 27 75 is
409 2382 65 75 alfo
491 2382 55 75 the
561 2382 91 75 name
669 2382 41 75 of
731 2382 39 75 an
788 2382 127 75 ancient
937 2382 126 75 mufical
1080 2382 114 75 inflru-

207 2429 98 75 ment,
331 2429 78 75 with
426 2429 124 75 firings,
578 2429 188 75 refembling
783 2429 19 75 a
816 2429 81 75 lute.
948 2429 62 75 See
1026 2429 127 75 Lute.

156 2477 205 75 BANGLE
388 2477 86 75 ears,
500 2477 39 75 an
565 2477 218 75 imperfedtion
808 2477 32 75 in
858 2477 18 75 a
900 2477 105 75 horfe,
1031 2477 164 75 remedied

205 2524 32 75 in
262 2524 56 75 the
346 2524 167 75 following
541 2524 141 75 manner.
732 2524 98 75 Place
857 2524 50 75 his
934 2524 69 75 ears
1026 2524 31 75 in
1082 2524 77 75 fuch
1177 2524 20 75 a

205 2570 132 75 manner
348 2570 34 75 as
399 2570 64 75 you
475 2570 110 75 would
598 2570 80 75 have
691 2570 87 75 them
792 2570 108 75 Hand;
927 2570 77 75 bind
1016 2570 88 75 them
1117 2570 79 75 with

206 2617 66 75 two
299 2617 85 75 little
412 2617 118 75 boards
560 2617 35 75 fo
620 2617 60 75 faff
704 2617 70 75 that
803 2617 77 75 they
901 2617 116 75 cannot
1042 2617 65 75 ftir,
1133 2617 64 75 and

207 2664 78 75 then
309 2664 62 75 clip
389 2664 90 75 away
503 2664 42 75 all
569 2664 57 75 the
651 2664 110 75 empty
777 2664 157 75 wrinkled
957 2664 69 75 fkin
1053 2664 83 75 clofe
1152 2664 45 75 by

208 2711 55 75 the
279 2711 95 75 head.

161 2757 395 75 BANDY-LEGGED
580 2757 128 75 perfuns
737 2757 53 75 are
818 2757 76 75 fuch
922 2757 106 75 wbofe
1052 2757 67 75 feet
1142 2757 54 75 are

210 2805 166 75 difforted,
399 2805 131 75 turning
547 2805 104 75 either
667 2805 124 75 inward
808 2805 37 75 or
873 2805 148 75 outward
1036 2805 44 75 on
1095 2805 103 75 either

209 2852 75 75 fide.

162 2900 28 75 B
196 2900 185 75 ANGOR,
407 2900 19 75 a
441 2900 66 75 city
524 2900 40 75 of
575 2900 279 75 Carnarvonfhire,
879 2900 32 75 in
928 2900 112 75 North
1058 2900 113 75 Wales
1183 2900 10 75 :

210 2946 60 75 W.
288 2946 89 75 long.
396 2946 43 75 4°
463 2946 53 75 15'
516 2946 11 75 ,
553 2946 62 75 and
632 2946 45 75 N.
697 2946 59 75 lat,
777 2946 65 75 53®
862 2946 45 75 20
923 2946 6 75 .

258 2991 30 75 It
305 2991 25 75 is
348 2991 18 75 a
382 2991 137 75 biffiop’s
536 2991 61 75 fee,
623 2991 64 75 and
702 2991 136 75 fituated
853 2991 42 75 on
912 2991 55 75 the
991 2991 155 75 fea-fide,.
1160 2991 33 75 a-

210 3039 78 75 bout
307 3039 43 75 30
368 3039 94 75 miles
475 3039 129 75 well.of
614 3039 39 75 St
668 3039 123 75 Afaph.

1280 409 47 75 N.
1345 409 58 75 lat.
1423 409 67 75 44°
1511 409 44 75 20
1570 409 8 75 .

1231 457 238 75 BANIANA,
1495 457 18 75 a
1529 457 67 75 city
1612 457 40 75 of
1664 457 104 75 India,
1794 457 85 75 upon
1896 457 56 75 the
1969 457 79 75 road
2068 457 83 75 from
2172 457 98 75 Surat

1281 503 34 75 to
1333 503 104 75 Agra.

1232 550 230 75 BANIANS,
1487 550 18 75 a
1534 550 150 75 religious
1701 550 60 75 fedl
1791 550 31 75 in
1840 550 54 75 the
1911 550 119 75 empire
2047 550 41 75 of
2110 550 56 75 the
2189 550 79 75 Mo-

1279 596 67 75 gul,
1363 596 74 75 who
1456 596 121 75 believe
1593 596 18 75 a
1627 596 275 75 metempfychofis
1914 596 10 75 ;
1951 596 62 75 and
2026 596 65 75 will
2108 596 163 75 therefore

1280 643 52 75 eat
1350 643 41 75 no
1403 643 100 75 living
1520 643 157 75 creature,
1703 643 59 75 nor
1778 643 59 75 kill
1853 643 78 75 even
1948 643 137 75 noxious
2111 643 130 75 animals
2253 643 14 75 ;

1280 689 57 75 but
1353 689 182 75 endeavour
1552 689 35 75 to
1604 689 117 75 releafe
1737 689 101 75 them,
1866 689 92 75 when
1985 689 32 75 in
2036 689 55 75 the
2115 689 102 75 hands
2234 689 41 75 of

1281 737 122 75 others.

1233 785 205 75 BANJAR',
1463 785 19 75 a
1499 785 84 75 river
1594 785 32 75 in
1643 785 57 75 the
1716 785 98 75 ifland
1826 785 40 75 of
1878 785 142 75 Borneo,
2045 785 32 75 in
2090 785 55 75 the
2157 785 113 75 mouth

1281 831 40 75 of
1345 831 104 75 which
1476 831 26 75 is
1529 831 19 75 a
1571 831 133 75 floating
1731 831 110 75 ifland,
1867 831 106 75 where
2002 831 55 75 the
2084 831 188 75 Eafl-India

1282 877 156 75 company
1454 877 81 75 have
1553 877 17 75 a
1587 877 136 75 fadlory.

1234 924 232 75 BANILLA,
1493 924 37 75 or
1546 924 196 75 Vanilla,
1793 924 61 75 See
1871 924 195 75 Vanilla.

1234 972 341 75 BANISFIMENT,
1600 972 19 75 a
1643 972 78 75 kind
1745 972 39 75 of
1804 972 209 75 punifhment,
2041 972 151 75 whereby
2215 972 57 75 the

1283 1018 103 75 guilty
1404 1018 112 75 perfon
1533 1018 27 75 is
1577 1018 130 75 obliged
1723 1018 35 75 to
1776 1018 88 75 leave
1881 1018 55 75 the
1953 1018 111 75 realm.

1234 1067 148 75 BANK,
1419 1067 33 75 in
1480 1067 190 75 commerce,
1708 1067 19 75 a
1759 1067 147 75 common
1936 1067 184 75 repofitory,
2162 1067 110 75 where

1281 1112 95 75 many
1392 1112 130 75 perfons
1540 1112 96 75 agree
1649 1112 35 75 to
1701 1112 79 75 keep
1797 1112 85 75 their
1898 1112 129 75 money,
2051 1112 35 75 to
2100 1112 38 75 be
2151 1112 120 75 always

1283 1160 97 75 ready
1398 1160 32 75 at
1447 1160 84 75 their
1549 1160 63 75 call
1628 1160 36 75 or
1680 1160 175 75 direction;
1882 1160 38 75 or
1936 1160 120 75 certain
2073 1160 143 75 focieties
2234 1160 38 75 or

1283 1206 234 75 communities,
1544 1206 74 75 who
1642 1206 75 75 take
1743 1206 54 75 the
1821 1206 117 75 charge
1963 1206 40 75 of
2022 1206 95 75 other
2142 1206 129 75 peoples

1282 1253 128 75 money,
1435 1253 103 75 either
1555 1253 34 75 to
1601 1253 141 75 improve
1759 1253 38 75 it,
1823 1253 37 75 or
1878 1253 33 75 to
1928 1253 81 75 keep
2025 1253 25 75 it
2067 1253 120 75 fecure.

1329 1299 112 75 There
1466 1299 54 75 are
1540 1299 100 75 banks
1657 1299 40 75 of
1717 1299 126 75 various
1861 1299 106 75 kinds,
1993 1299 62 75 and
2072 1299 150 75 different
2238 1299 34 75 in

1283 1347 56 75 the
1364 1347 113 75 nature
1501 1347 39 75 of
1560 1347 84 75 their
1667 1347 220 75 conftitutions
1913 1347 61 75 and
1997 1347 271 75 eftablifhments;

1285 1393 97 75 Some
1398 1393 53 75 are
1466 1393 164 75 inffituted
1647 1393 121 75 wholly
1784 1393 43 75 on
1844 1393 55 75 the
1915 1393 108 75 public
2039 1393 147 75 account,
2209 1393 64 75 and

1284 1440 57 75 put
1360 1440 100 75 under
1479 1440 56 75 the
1551 1440 154 75 direftion
1722 1440 41 75 of
1781 1440 56 75 the
1861 1440 210 75 magirtrates,
2096 1440 34 75 as
2150 1440 55 75 the
2223 1440 49 75 fa-

1284 1488 90 75 mous
1392 1488 85 75 bank
1493 1488 40 75 of
1545 1488 214 75 Amfterdam,
1786 1488 106 75 where
1909 1488 55 75 the
1981 1488 115 75 money
2110 1488 164 75 depofited

1284 1535 125 75 therein
1427 1535 75 75 fhall
1516 1535 40 75 be
1572 1535 118 75 always
1703 1535 77 75 kept
1797 1535 51 75 for
1864 1535 56 75 the
1937 1535 53 75 ufe
2006 1535 40 75 of
2058 1535 55 75 the
2130 1535 143 75 proprie-

1284 1582 82 75 tors,
1392 1582 63 75 and
1471 1582 77 75 fhall
1572 1582 97 75 never
1693 1582 38 75 be
1753 1582 46 75 let
1822 1582 58 75 out
1900 1582 55 75 for
1976 1582 96 75 profit
2097 1582 37 75 or
2155 1582 118 75 advan-

1285 1629 86 75 tage.

1332 1677 173 75 Payments
1522 1677 92 75 made
1631 1677 43 75 by
1691 1677 196 75 affignments
1903 1677 85 75 upon
2014 1677 64 75 this
2094 1677 98 75 bank,
2219 1677 55 75 are

1285 1724 115 75 valued
1416 1724 84 75 from
1519 1724 17 75 3
1552 1724 35 75 to
1603 1724 21 75 6
1636 1724 61 75 per
1714 1724 72 75 cent
1824 1724 101 75 above
1938 1724 55 75 the
2006 1724 149 75 payment
2167 1724 39 75 of
2217 1724 57 75 the

1285 1771 116 75 money
1416 1771 32 75 in
1465 1771 115 75 fpecie,
1604 1771 215 75 arifing-from
1837 1771 38 75 an
1892 1771 129 75 opinion
2039 1771 69 75 that
2125 1771 56 75 the
2197 1771 76 75 pro-

1286 1818 136 75 prietors
1439 1818 157 75 entertain
1614 1818 40 75 of
1673 1818 55 75 the
1744 1818 113 75 equity
1876 1818 40 75 of
1935 1818 41 75 its
1998 1818 248 75 adminiffration
2261 1818 11 75 ;

1285 1863 51 75 for
1356 1863 140 75 judging
1521 1863 189 75 themfelves
1734 1863 121 75 fecure,
1879 1863 71 75 that
1975 1863 83 75 their
2083 1863 117 75 money
2216 1863 59 75 lies

1286 1911 118 75 always
1429 1911 99 75 ready
1548 1911 33 75 at
1605 1911 99 75 hand,
1734 1911 79 75 they
1838 1911 120 75 feldom
1986 1911 89 75 draw
2101 1911 57 75 out
2186 1911 90 75 large

1286 1957 96 75 Aims,
1408 1957 58 75 but
1482 1957 93 75 make
1591 1957 85 75 their
1693 1957 120 75 mutual
1832 1957 165 75 payments
2011 1957 42 75 by
2065 1957 212 75 transferring

1287 2004 55 75 the
1359 2004 83 75 fums
1460 2004 86 75 from
1559 2004 60 75 one
1637 2004 100 75 man’s
1754 2004 134 75 account
1906 2004 35 75 to
1957 2004 148 75 another.

1335 2053 33 75 A
1384 2053 117 75 fecond
1518 2053 65 75 fort
1599 2053 40 75 of
1650 2053 98 75 bank,
1773 2053 26 75 is
1816 2053 76 75 fuch
1909 2053 34 75 as
1960 2053 124 75 confiffs
2102 2053 40 75 of
2153 2053 18 75 a
2188 2053 88 75 com-

1287 2098 84 75 pany
1385 2098 40 75 of
1436 2098 130 75 monied
1582 2098 85 75 men,
1692 2098 75 75 who
1786 2098 95 75 being
1898 2098 76 75 duly
1993 2098 194 75 eftabliffied,
2214 2098 63 75 and

1287 2144 225 75 incorporated
1530 2144 42 75 by
1588 2144 55 75 the
1656 2144 77 75 laws
1746 2144 39 75 of
1796 2144 85 75 their
1893 2144 149 75 country,
2068 2144 93 75 agree
2173 2144 36 75 to
2220 2144 59 75 de-

1288 2192 99 75 pofite
1404 2192 19 75 a
1446 2192 215 75 confiderable
1684 2192 91 75 fund,
1801 2192 37 75 or
1857 2192 87 75 joint
1961 2192 100 75 ftock,
2086 2192 36 75 to
2146 2192 40 75 be
2210 2192 67 75 em-

1290 2239 117 75 ployed
1431 2239 52 75 for
1499 2239 55 75 the
1578 2239 55 75 ufe
1649 2239 40 75 of
1707 2239 56 75 the
1786 2239 146 75 fociety;
1959 2239 34 75 as
2017 2239 130 75 lending
2163 2239 117 75 money

1290 2285 84 75 upon
1398 2285 86 75 good
1499 2285 151 75 fecurity,
1675 2285 119 75 buying
1820 2285 62 75 and
1906 2285 113 75 felling
2041 2285 134 75 bullion,
2200 2285 79 75 gold

1290 2332 64 75 and
1370 2332 105 75 filver,
1499 2332 201 75 difcounting
1715 2332 75 75 bills
1806 2332 39 75 of
1857 2332 179 75 exchange,
2062 2332 64 75 ©c.

1338 2379 32 75 A
1387 2379 89 75 third
1493 2379 78 75 fort,
1597 2379 27 75 is
1641 2379 55 75 the
1709 2379 101 75 banks
1827 2379 40 75 of
1885 2379 122 75 private
2025 2379 85 75 men,
2136 2379 37 75 or
2190 2379 87 75 part-

1290 2426 151 75 nerfhips,
1467 2426 74 75 who
1557 2426 72 75 deal
1645 2426 32 75 in
1694 2426 55 75 the
1766 2426 83 75 fame
1862 2426 71 75 way
1946 2426 33 75 as
1997 2426 55 75 the
2069 2426 132 75 former,
2221 2426 57 75 up-

1291 2473 40 75 on
1350 2473 83 75 their
1449 2473 72 75 own
1538 2473 96 75 fingle
1651 2473 87 75 flock
1754 2473 37 75 or
1807 2473 117 75 credit.
1972 2473 112 75 There
2101 2473 53 75 are
2172 2473 108 75 public

1292 2519 99 75 banks
1408 2519 185 75 eftablifhed
1609 2519 32 75 in
1657 2519 80 75 moll
1760 2519 41 75 of
1812 2519 54 75 the
1890 2519 130 75 trading
2043 2519 89 75 cities
2151 2519 39 75 of
2209 2519 70 75 Eu-

1292 2566 89 75 rope,
1418 2566 33 75 as
1483 2566 32 75 in
1548 2566 137 75 Venice,
1721 2566 154 75 London,
1917 2566 105 75 Paris,
2061 2566 217 75 Amfterdam,

1292 2611 205 75 Hamburgh,
1523 2611 65 75 <bc.
1636 2611 77 75 The
1725 2611 84 75 bank
1825 2611 41 75 of
1877 2611 123 75 Venice
2016 2611 27 75 is
2059 2611 57 75 the
2127 2611 80 75 moft
2224 2611 56 75 an-

1292 2659 100 75 cient,
1438 2659 32 75 It
1486 2659 28 75 is
1531 2659 185 75 eftablifhed
1732 2659 44 75 by
1796 2659 18 75 a
1830 2659 119 75 folemn
1966 2659 83 75 edift
2065 2659 39 75 of
2119 2659 56 75 the
2191 2659 87 75 com-

1292 2706 208 75 monwealth,
1517 2706 107 75 which
1636 2706 117 75 enadls,
1771 2706 92 75 That
1875 2706 41 75 all
1930 2706 165 75 payments
2107 2706 40 75 of
2159 2706 120 75 whoie-

1293 2754 63 75 fale
1374 2754 233 75 merchandife,
1633 2754 63 75 and
1712 2754 111 75 letters
1844 2754 40 75 of
1895 2754 177 75 exchange,
2098 2754 76 75 fhall
2192 2754 38 75 be
2247 2754 33 75 in

1293 2800 193 75 bank-notes
1501 2800 10 75 ;
1537 2800 72 75 that
1624 2800 43 75 all
1685 2800 132 75 debtors
1834 2800 76 75 fhall
1935 2800 39 75 be
1991 2800 127 75 obliged
2135 2800 35 75 to
2188 2800 96 75 carry

1293 2848 84 75 their
1393 2848 115 75 money
1521 2848 36 75 to
1569 2848 55 75 the
1637 2848 95 75 bank,
1758 2848 63 75 and
1833 2848 42 75 all
1888 2848 157 75 creditors
2062 2848 121 75 receive
2195 2848 86 75 their

1292 2895 117 75 money
1423 2895 86 75 from
1525 2895 56 75 the
1597 2895 86 75 bank
1697 2895 9 75 ;
1733 2895 35 75 fo
1784 2895 71 75 that
1872 2895 165 75 payments
2054 2895 53 75 are
2123 2895 157 75 perform-

1293 2941 39 75 ed
1350 2941 43 75 by
1409 2941 20 75 a
1444 2941 107 75 fimple
1568 2941 138 75 transfer
1723 2941 86 75 from
1833 2941 56 75 the
1905 2941 60 75 one
1986 2941 110 75 perfon
2122 2941 34 75 to
2172 2941 56 75 the
2244 2941 36 75 o-

1294 2987 83 75 ther.
1439 2987 37 75 In
1505 2987 133 75 matters
1668 2987 40 75 of
1730 2987 105 75 retail,
1860 2987 145 75 effective
2033 2987 165 75 payments
2227 2987 59 75 are

1293 3035 180 75 fometimes
1497 3035 106 75 made,
1627 3035 108 75 which
1759 3035 44 75 do
1830 3035 58 75 not
1910 3035 157 75 diminifh,
2092 3035 57 75 but
2173 3035 114 75 rather

2131 3077 149 75 augment
