2443 3377
519 155 236 75 ARA

1078 155 19 75 (
1158 155 78 75 343
1299 155 19 75 )

1645 155 239 75 ARA

188 228 54 75 the
261 228 75 75 eaft,
364 228 157 75 Valencia
544 228 42 75 on
604 228 55 75 the
675 228 107 75 fouth,
809 228 62 75 and
883 228 55 75 the
956 228 66 75 two
1040 228 135 75 Caftiles

187 274 40 75 on
246 274 55 75 the
319 274 88 75 weft.

139 320 271 75 ARAIGNEE,
435 320 34 75 in
490 320 220 75 fortification,
741 320 134 75 fignifies
893 320 55 75 the
964 320 133 75 branch,
1124 320 52 75 re-

187 367 86 75 turn,
299 367 38 75 or
356 367 125 75 gallery
498 367 41 75 of
549 367 19 75 a
584 367 97 75 mine.
732 367 63 75 See
811 367 124 75 Mine.

140 413 199 75 ARALIA,
364 413 33 75 in
417 413 134 75 botany,
578 413 18 75 a
613 413 98 75 genus
737 413 40 75 of
789 413 54 75 the
860 413 187 75 pentandria
1066 413 109 75 penta-

186 459 97 75 gynia
299 459 91 75 clafs.
422 459 78 75 The
517 459 200 75 involucrum
733 459 27 75 is
777 459 40 75 an
830 459 160 75 umbella;
1019 459 55 75 the
1091 459 87 75 calix

185 506 57 75 has
259 506 61 75 five
336 506 102 75 teeth,
465 506 63 75 and
543 506 27 75 is
587 506 101 75 above
712 506 55 75 the
784 506 101 75 fruit;
911 506 56 75 the
979 506 123 75 corolla
1117 506 59 75 has

187 553 60 75 five
263 553 102 75 petals
381 553 10 75 ;
418 553 63 75 and
497 553 55 75 the
569 553 97 75 berry
681 553 56 75 has
755 553 60 75 five
831 553 103 75 feeds.
981 553 115 75 There
1124 553 53 75 are

187 599 60 75 five
263 599 118 75 fpecies
407 599 40 75 of
466 599 110 75 aralia,
602 599 43 75 all
662 599 121 75 natives
800 599 40 75 of
858 599 55 75 the
930 599 122 75 Indies.

140 646 375 75 ARALIASTRUM,
540 646 33 75 in
589 646 132 75 botany.
770 646 63 75 See
849 646 151 75 Panax.

141 692 210 75 ARANDA
372 692 39 75 de
435 692 126 75 Duero,
587 692 20 75 a
629 692 67 75 city
712 692 41 75 of
762 692 70 75 Old
849 692 132 75 Caftile,
1006 692 33 75 in
1062 692 112 75 Spain,

195 738 135 75 fituated
344 738 43 75 on
405 738 56 75 the
473 738 128 75 Duero,
618 738 144 75 between
777 738 101 75 Ofma
894 738 62 75 and
968 738 206 75 Valladolid;

187 784 34 75 fo
238 784 114 75 called,
369 784 36 75 to
420 784 181 75 diftinguifh
613 784 26 75 it
651 784 85 75 from
748 784 135 75 another
895 784 66 75 city
973 784 40 75 of
1025 784 54 75 the
1091 784 85 75 fame

189 831 102 75 name,
317 831 134 75 fituated
470 831 85 75 upon
573 831 55 75 the
644 831 104 75 Ebro.

142 877 216 75 ARANEA,
384 877 56 75 the
457 877 158 75 Spider,
640 877 19 75 a
682 877 98 75 genus
805 877 41 75 of
866 877 112 75 infeds
1003 877 173 75 belonging

190 924 34 75 to
241 924 55 75 the
315 924 96 75 order
426 924 40 75 of
478 924 121 75 aptera,
625 924 36 75 or
677 924 112 75 infefls
808 924 136 75 without
967 924 114 75 wings.
1118 924 58 75 All

189 969 54 75 the
255 969 117 75 fpecies
388 969 41 75 of
438 969 121 75 fpiders
575 969 80 75 have
671 969 89 75 eight
772 969 81 75 legs,
879 969 79 75 with
975 969 91 75 three
1075 969 101 75 joints

189 1017 31 75 in
238 1017 92 75 each,
347 1017 63 75 and
425 1017 205 75 terminating
642 1017 33 75 in
687 1017 91 75 three
790 1017 142 75 crooked
947 1017 98 75 claws
1058 1017 9 75 ;
1088 1017 89 75 eight

191 1063 87 75 eyes,
304 1063 68 75 two
396 1063 124 75 before,
546 1063 66 75 two
632 1063 133 75 behind,
791 1063 62 75 and
880 1063 56 75 the
964 1063 61 75 reft
1052 1063 42 75 on
1121 1063 56 75 the

192 1110 78 75 fides
287 1110 41 75 of
339 1110 55 75 the
411 1110 95 75 head.
555 1110 77 75 The
660 1110 114 75 mouth
798 1110 123 75 confifts
939 1110 39 75 of
997 1110 67 75 two
1081 1110 96 75 claws

189 1157 38 75 or
243 1157 118 75 talons,
379 1157 218 75 denticulated
612 1157 65 75 like
695 1157 18 75 a
730 1157 75 75 faw.
847 1157 34 75 A
898 1157 84 75 little
999 1157 105 75 below
1121 1157 56 75 the

159 1202 6 75 -
189 1202 91 75 point
296 1202 41 75 of
348 1202 56 75 the
421 1202 93 75 claw,
531 1202 91 75 there
635 1202 26 75 is
675 1202 19 75 a
705 1202 90 75 fmall
811 1202 88 75 hole,
917 1202 140 75 through
1070 1202 108 75 which

191 1250 55 75 the
261 1250 105 75 fpider
383 1250 92 75 emits
493 1250 19 75 a
528 1250 78 75 kind
618 1250 41 75 of
669 1250 123 75 poifon.
825 1250 108 75 Thefe
947 1250 94 75 claws
1055 1250 53 75 are
1121 1250 56 75 the

189 1295 149 75 weapons
354 1295 81 75 with
452 1295 105 75 which
574 1295 78 75 they
664 1295 57 75 kill
738 1295 81 75 flies,
837 1295 64 75 fcsc.
920 1295 52 75 for
988 1295 84 75 their
1082 1295 94 75 food.

190 1342 76 75 The
284 1342 88 75 belly
388 1342 37 75 or
441 1342 115 75 hinder
573 1342 71 75 part
671 1342 26 75 is
725 1342 164 75 feparated
913 1342 86 75 from
1022 1342 56 75 the
1095 1342 84 75 head

193 1388 62 75 and
272 1388 104 75 breaft
398 1388 45 75 by
460 1388 19 75 a
495 1388 90 75 final!
613 1388 197 75 thread-like
826 1388 89 75 tube.
962 1388 78 75 The
1057 1388 67 75 Ikin
1140 1388 38 75 or

193 1432 93 75 outer
302 1432 124 75 furface
449 1432 25 75 is
492 1432 20 75 a
528 1432 83 75 hard
629 1432 141 75 poliftied
787 1432 94 75 cruft.
948 1432 133 75 Spiders
1098 1432 82 75 have

193 1479 61 75 five
271 1479 159 75 tubercles
449 1479 37 75 or
502 1479 120 75 nipples
643 1479 32 75 at
691 1479 55 75 the
763 1479 176 75 extremity
955 1479 39 75 of
1006 1479 54 75 the
1077 1479 99 75 belly,

193 1526 106 75 whofe
324 1526 163 75 apertures
515 1526 79 75 they
610 1526 57 75 can
685 1526 129 75 enlarge
830 1526 37 75 or
884 1526 142 75 contract
1042 1526 32 75 at
1090 1526 86 75 plea-

193 1572 82 75 fure.
325 1572 32 75 It
386 1572 26 75 is
437 1572 143 75 through
607 1572 88 75 thefe
719 1572 162 75 apertures
907 1572 71 75 that
1005 1572 78 75 they
1110 1572 68 75 fpin

195 1617 18 75 a
237 1617 97 75 gluey
350 1617 160 75 fubftance
534 1617 80 75 with
641 1617 106 75 which
776 1617 84 75 their
888 1617 111 75 bellies
1025 1617 54 75 are
1102 1617 74 75 full.

193 1664 99 75 They
307 1664 46 75 fix
370 1664 56 75 the
447 1664 62 75 end
526 1664 40 75 of
588 1664 84 75 their
698 1664 129 75 threads
852 1664 44 75 by
923 1664 150 75 applying
1089 1664 89 75 thefe

194 1710 120 75 nipples
332 1710 35 75 to
384 1710 62 75 any
462 1710 173 75 fubftance,
660 1710 63 75 and
746 1710 56 75 the
829 1710 131 75 threads
977 1710 152 75 lengthen
1144 1710 33 75 in

196 1755 186 75 proportion
399 1755 34 75 as
453 1755 56 75 the
525 1755 115 75 animal
658 1755 129 75 recedes
813 1755 84 75 from
917 1755 39 75 it.
1004 1755 98 75 They
1120 1755 57 75 can

194 1802 68 75 ftop
279 1802 55 75 the
349 1802 111 75 iffuing
477 1802 40 75 of
534 1802 56 75 the
613 1802 131 75 threads
761 1802 44 75 by
822 1802 195 75 contracting
1033 1802 56 75 the
1108 1802 69 75 nip-

194 1849 81 75 ples,
300 1849 64 75 and
388 1849 164 75 re-afcend
581 1849 44 75 by
652 1849 107 75 means
787 1849 41 75 of
849 1849 57 75 the
921 1849 98 75 claws
1035 1849 42 75 on
1094 1849 84 75 their

193 1894 79 75 feet,
297 1894 96 75 much
410 1894 31 75 in
459 1894 56 75 the
534 1894 84 75 fame
634 1894 129 75 manner
783 1894 33 75 as
840 1894 86 75 fome
942 1894 73 75 men
1030 1894 88 75 warp
1134 1894 44 75 up

194 1941 20 75 a
229 1941 89 75 rope.
367 1941 112 75 When
496 1941 55 75 the
575 1941 148 75 common
740 1941 217 75 houfe-fpider
981 1941 109 75 begins
1118 1941 59 75 her

192 1988 83 75 web,
301 1988 51 75 fire
371 1988 164 75 generally
551 1988 110 75 chufes
678 1988 19 75 a
716 1988 93 75 place
821 1988 108 75 where
943 1988 95 75 there
1055 1988 26 75 is
1095 1988 18 75 a
1124 1988 52 75 ca-

194 2033 80 75 vity,
291 2033 76 75 fuch
385 2033 33 75 as
430 2033 55 75 the
497 2033 114 75 corner
622 2033 40 75 of
673 2033 19 75 a
709 2033 102 75 room,
829 2033 71 75 that
912 2033 51 75 fire
975 2033 75 75 may
1065 2033 82 75 have
1159 2033 19 75 a

194 2079 68 75 free
277 2079 124 75 palfage
417 2079 41 75 on
474 2079 78 75 each
568 2079 76 75 fide,
670 2079 35 75 to
720 2079 92 75 make
828 2079 59 75 her
914 2079 108 75 efcape
1048 2079 33 75 in
1107 2079 70 75 cafe

196 2124 40 75 of
248 2124 132 75 danger.
428 2124 98 75 Then
543 2124 51 75 fhe
611 2124 81 75 fixes
720 2124 60 75 one
796 2124 63 75 end
881 2124 40 75 of
938 2124 58 75 her
1012 2124 114 75 thread
1143 2124 34 75 to

194 2170 57 75 the
273 2170 87 75 wall,
386 2170 63 75 and
467 2170 98 75 pafles
593 2170 42 75 on
663 2170 35 75 to
725 2170 56 75 the
807 2170 95 75 other
920 2170 76 75 fide,
1021 2170 156 75 dragging

194 2216 56 75 the
271 2216 116 75 thread
409 2216 95 75 along
520 2216 79 75 with
615 2216 70 75 her,
713 2216 53 75 (or
782 2216 110 75 rather
908 2216 55 75 the
979 2216 116 75 thread
1111 2216 62 75 fol-

195 2262 80 75 lows
287 2262 58 75 her
361 2262 33 75 as
412 2262 51 75 fhe
483 2262 185 75 proceeds),
692 2262 50 75 till
758 2262 52 75 fhe
826 2262 118 75 arrives
963 2262 33 75 at
1011 2262 55 75 the
1082 2262 95 75 other

195 2309 76 75 fide,
296 2309 62 75 and
380 2309 93 75 there
489 2309 81 75 fixes
593 2309 56 75 the
677 2309 95 75 other
799 2309 62 75 end
876 2309 41 75 of
927 2309 39 75 it.
1013 2309 96 75 Thus
1125 2309 52 75 fire

196 2355 98 75 pafles
313 2355 64 75 and
401 2355 144 75 repaffes,
570 2355 50 75 till
632 2355 52 75 fhe
697 2355 58 75 has
773 2355 93 75 made
884 2355 35 75 as
934 2355 95 75 many
1044 2355 132 75 parallel

195 2401 130 75 threads
344 2401 33 75 as
394 2401 51 75 fhe
461 2401 107 75 thinks
585 2401 160 75 neceffary
762 2401 51 75 for
836 2401 60 75 her
919 2401 146 75 purpofe.
1113 2401 64 75 Af-

153 2446 5 75 ,
195 2446 51 75 ter
261 2446 80 75 this,
365 2446 52 75 fhe
433 2446 110 75 begins
558 2446 94 75 again
676 2446 62 75 and
766 2446 113 75 croffes
906 2446 88 75 thefe
1018 2446 43 75 by
1084 2446 94 75 other

196 2493 132 75 parallel
356 2493 143 75 threads,
534 2493 107 75 which
677 2493 74 75 may
777 2493 41 75 be
850 2493 114 75 named
991 2493 55 75 the
1073 2493 103 75 woof.

195 2539 108 75 Thefe
319 2539 54 75 are
389 2539 56 75 the
472 2539 76 75 toils
575 2539 39 75 or
634 2539 106 75 fnares
768 2539 106 75 which
890 2539 52 75 fhe
958 2539 150 75 prepares
1124 2539 54 75 for

196 2585 182 75 entangling
394 2585 80 75 flies,
499 2585 63 75 and
577 2585 93 75 other
686 2585 89 75 final!
791 2585 123 75 infedls,
931 2585 106 75 which
1054 2585 123 75 happen

195 2632 35 75 to
246 2632 84 75 light
351 2632 85 75 upon
452 2632 38 75 it.
539 2632 80 75 But,
637 2632 117 75 befides
766 2632 64 75 this
842 2632 88 75 large
946 2632 83 75 web,
1055 2632 51 75 fhe
1123 2632 55 75 ge-

195 2678 123 75 nerally
329 2678 123 75 weaves
468 2678 19 75 a
506 2678 89 75 fmall
612 2678 59 75 cell
696 2678 51 75 for
764 2678 130 75 herfelf,
918 2678 107 75 where
1049 2678 51 75 fhe
1119 2678 58 75 lies

195 2724 171 75 concealed
382 2724 159 75 watching
557 2724 52 75 for
624 2724 58 75 her
698 2724 89 75 prey.
848 2724 146 75 Betwixt
1022 2724 64 75 this
1115 2724 62 75 cell

196 2772 61 75 and
271 2772 58 75 the
345 2772 88 75 large
445 2772 84 75 web,
544 2772 52 75 fhe
611 2772 58 75 has
686 2772 18 75 a
719 2772 111 75 bridge
846 2772 41 75 of
897 2772 143 75 threads,
1056 2772 119 75 which,

195 2816 43 75 by
260 2816 269 75 communicating
544 2816 79 75 with
647 2816 56 75 the
725 2816 130 75 threads
873 2816 40 75 of
924 2816 55 75 the
997 2816 89 75 large
1102 2816 75 75 one,

197 2862 80 75 both
290 2862 70 75 give
373 2862 60 75 her
444 2862 88 75 early
544 2862 200 75 intelligence
760 2862 94 75 when
874 2862 63 75 any
958 2862 91 75 thing
1062 2862 114 75 touch-

195 2909 33 75 es
245 2909 56 75 the
317 2909 83 75 web,
425 2909 64 75 and
508 2909 126 75 enables
650 2909 60 75 her
725 2909 36 75 to
777 2909 68 75 pafs
870 2909 132 75 quickly
1025 2909 33 75 in
1081 2909 96 75 order

195 2955 35 75 to
246 2955 54 75 lay
306 2955 89 75 .hold
417 2955 40 75 of
467 2955 39 75 it.
554 2955 113 75 There
684 2955 55 75 are
754 2955 96 75 many
866 2955 93 75 other
976 2955 147 75 methods
1140 2955 41 75 of

194 3003 143 75 weaving
352 3003 140 75 peculiar
515 3003 35 75 to
570 3003 150 75 different
735 3003 117 75 fpecies
868 3003 40 75 of
926 3003 134 75 fpiders.
1093 3003 81 75 But,

1224 223 33 75 as
1276 223 78 75 they
1370 223 54 75 are
1440 223 42 75 all
1499 223 153 75 intended
1667 223 53 75 for
1736 223 56 75 the
1806 223 84 75 fame
1906 223 146 75 purpofe,
2076 223 27 75 it
2118 223 27 75 is
2162 223 98 75 need-

1223 270 60 75 lefs
1305 270 36 75 to
1357 270 71 75 give
1445 270 174 75 particular
1637 270 207 75 defcriptions
1861 270 40 75 of
1914 270 99 75 them.

1271 316 151 75 Linnseus
1440 316 198 75 enumerates
1652 316 42 75 47
1708 316 118 75 fpecies
1847 316 41 75 of
1902 316 133 75 fpiders,
2048 316 70 75 r/z.
2142 316 117 75 i.The

1224 362 159 75 diadema,
1400 362 56 75 has
1474 362 18 75 a
1503 362 148 75 globular
1663 362 124 75 reddifh
1806 362 99 75 belly,
1922 362 79 75 with
2015 362 18 75 a
2049 362 98 75 white
2160 362 98 75 crofs.

1226 409 32 75 It
1269 409 138 75 inhabits
1427 409 54 75 the
1498 409 189 75 birch-tree.
1738 409 34 75 2.
1797 409 76 75 The
1890 409 181 75 reticulata,
2097 409 58 75 has
2173 409 18 75 a
2208 409 50 75 re-

1224 456 155 75 ticulated
1396 456 103 75 round
1515 456 99 75 belly,
1632 456 63 75 and
1710 456 26 75 is
1749 456 101 75 dufky
1865 456 39 75 or
1915 456 110 75 purple
2038 456 42 75 on
2097 456 54 75 the
2165 456 94 75 back.

1224 501 32 75 It
1273 501 165 75 frequents
1456 501 148 75 gardens.
1656 501 33 75 3.
1714 501 77 75 The
1808 501 211 75 cucurbitina,
2036 501 57 75 has
2112 501 18 75 a
2146 501 115 75 globu-

1223 548 48 75 lar
1287 548 116 75 yellow
1420 548 99 75 belly,
1544 548 78 75 with
1641 548 17 75 a
1678 548 64 75 few
1756 548 96 75 black
1868 548 99 75 fpots,
2017 548 32 75 It
2065 548 77 75 lives
2156 548 30 75 in
2205 548 57 75 the

1224 596 105 75 leaves
1342 596 41 75 of
1390 596 96 75 trees,
1505 596 62 75 and
1579 596 133 75 inclofes
1725 596 41 75 its
1779 596 77 75 eggs
1868 596 31 75 in
1917 596 17 75 a
1950 596 63 75 foft
2031 596 66 75 net.
2132 596 32 75 4.
2183 596 79 75 The

1226 643 154 75 calycina,
1406 643 78 75 with
1503 643 18 75 a
1536 643 106 75 round
1656 643 70 75 pale
1743 643 117 75 yellow
1883 643 100 75 belly,
2008 643 63 75 and
2094 643 67 75 two
2188 643 79 75 hoi-,

1225 688 64 75 low
1305 688 120 75 points.
1475 688 31 75 It
1530 688 80 75 lives
1634 688 33 75 in
1690 688 56 75 the
1771 688 76 75 cups
1871 688 41 75 of
1933 688 138 75 flowers,
2097 688 84 75 afyer
2204 688 56 75 the

1224 736 232 75 flower-leaves
1480 736 80 75 have
1585 736 98 75 fallen
1706 736 58 75 off,
1790 736 62 75 and
1869 736 128 75 catches
2022 736 89 75 bees,
2144 736 63 75 and
2223 736 37 75 o-

1226 781 72 75 ther
1319 781 82 75 flies,
1428 781 92 75 when
1543 781 78 75 they
1645 781 54 75 are
1716 781 31 75 in
1764 781 107 75 fearch
1889 781 40 75 of
1939 781 119 75 honey.
2125 781 34 75 5.
2183 781 79 75 The

1225 829 234 75 oflopunflata,
1483 829 80 75 with
1592 829 17 75 a
1635 829 148 75 roundifh
1811 829 117 75 yellow
1951 829 100 75 belly,
2075 829 75 75 four
2165 829 98 75 black

1225 876 105 75 marks
1348 876 43 75 on
1408 876 78 75 eacli
1503 876 75 75 fide,
1604 876 62 75 and
1683 876 20 75 a
1718 876 58 75 red
1791 876 92 75 anus.
1932 876 32 75 It
1988 876 27 75 is
2044 876 19 75 a
2089 876 106 75 native
2225 876 46 75 of

1228 921 148 75 Sweden.
1427 921 34 75 6.
1485 921 77 75 The
1589 921 195 75 bipunflata,
1810 921 79 75 with
1913 921 19 75 a
1948 921 103 75 round
2078 921 57 75 red
2159 921 100 75 belly,

1226 968 62 75 and
1304 968 67 75 two
1386 968 122 75 hollow
1525 968 118 75 points.
1677 968 32 75 It
1724 968 167 75 frequents
1907 968 168 75 windows.
2127 968 33 75 7.
2182 968 83 75 The

1227 1014 213 75 arundinacia,
1466 1014 79 75 with
1562 1014 18 75 a
1599 1014 99 75 white
1721 1014 147 75 roundifh
1885 1014 101 75 belly,
2011 1014 62 75 and
2089 1014 174 75 dufky-co-

1226 1061 113 75 loured
1367 1061 98 75 fpots.
1515 1061 32 75 It
1575 1061 166 75 frequents
1769 1061 104 75 reeds.
1934 1061 36 75 8.
1994 1061 77 75 The
2098 1061 168 75 angulata,

1227 1107 78 75 with
1330 1107 39 75 an
1386 1107 74 75 oval
1480 1107 109 75 belly;
1616 1107 55 75 the
1697 1107 160 75 fore-part
1885 1107 41 75 of
1944 1107 55 75 the
2024 1107 79 75 fides
2119 1107 86 75 form
2222 1107 40 75 an

1227 1155 91 75 acute
1335 1155 105 75 angle.
1489 1155 33 75 It
1542 1155 167 75 frequents
1725 1155 97 75 trees.
1873 1155 34 75 9.
1931 1155 77 75 The
2023 1155 183 75 domeftica,
2223 1155 45 75 or

1227 1201 147 75 common
1390 1201 232 75 houfe-fpider,
1647 1201 57 75 has
1722 1201 18 75 a
1756 1201 101 75 dufky
1880 1201 74 75 oval
1976 1201 99 75 belly,
2101 1201 79 75 with
2201 1201 64 75 five

1227 1248 188 75 contiguous
1428 1248 94 75 black
1538 1248 98 75 fpots.
1691 1248 54 75 10.
1762 1248 77 75 The
1851 1248 173 75 trilineata,
2042 1248 79 75 with
2134 1248 19 75 a
2164 1248 100 75 white

1226 1294 99 75 belly,
1352 1294 63 75 and
1430 1294 91 75 three
1536 1294 213 75 longitudinal
1765 1294 81 75 lines
1862 1294 41 75 of
1924 1294 139 75 blackifh
2080 1294 99 75 fpots.
2228 1294 39 75 It

1225 1341 79 75 lives
1326 1341 33 75 in
1382 1341 124 75 woods.
1559 1341 55 75 11.
1639 1341 78 75 The
1745 1341 128 75 riparia,
1898 1341 58 75 has
1985 1341 39 75 an
2049 1341 73 75 oval
2145 1341 121 75 glazed

1226 1387 93 75 black
1335 1387 99 75 belly,
1461 1387 62 75 and
1539 1387 18 75 a
1572 1387 162 75 yellowifh
1751 1387 117 75 forked
1883 1387 96 75 hairy
1996 1387 90 75 anus.
2137 1387 32 75 It
2182 1387 82 75 lives

1226 1433 32 75 in
1285 1433 54 75 the
1366 1433 99 75 fandy
1493 1433 101 75 banks
1621 1433 42 75 of
1685 1433 111 75 rivers.
1850 1433 55 75 12.
1928 1433 79 75 The
2034 1433 232 75 labyrinthica,

1226 1480 79 75 with
1322 1480 18 75 a
1356 1480 100 75 dufky
1484 1480 72 75 oval
1581 1480 100 75 belly,
1708 1480 18 75 a
1742 1480 125 75 whitifh
1883 1480 155 75 indented
2060 1480 77 75 line,
2163 1480 63 75 and
2242 1480 21 75 a

1225 1527 116 75 forked
1357 1527 91 75 anus.
1496 1527 77 75 The
1586 1527 69 75 web
1668 1527 40 75 of
1719 1527 64 75 this
1795 1527 118 75 fpecies
1924 1527 27 75 is
1968 1527 195 75 horizontal,
2182 1527 82 75 with

1227 1573 17 75 a
1256 1573 186 75 cylindrical
1455 1573 72 75 well
1545 1573 37 75 or
1597 1573 76 75 tube
1690 1573 31 75 in
1738 1573 57 75 the
1812 1573 133 75 middle.
1976 1573 54 75 13.
2040 1573 77 75 The
2131 1573 133 75 quadri-

1226 1619 129 75 lineata,
1380 1619 57 75 has
1455 1619 18 75 a
1490 1619 147 75 roundifh
1654 1619 118 75 yellow
1788 1619 99 75 belly,
1914 1619 62 75 and
1999 1619 74 75 four
2095 1619 86 75 fpots
2198 1619 67 75 and

1226 1665 74 75 four
1317 1665 110 75 purple
1443 1665 80 75 lines
1540 1665 41 75 on
1598 1665 77 75 each
1695 1665 77 75 fide.
1821 1665 33 75 It
1870 1665 26 75 is
1910 1665 19 75 a
1941 1665 104 75 native
2057 1665 41 75 of
2110 1665 150 75 Sweden.

1231 1712 54 75 14.
1309 1712 76 75 The
1405 1712 159 75 redimita,
1590 1712 58 75 has
1676 1712 39 75 an
1742 1712 119 75 oblong
1885 1712 118 75 yellow
2029 1712 100 75 belly,
2155 1712 62 75 and
2243 1712 22 75 a

1226 1758 56 75 red
1295 1758 71 75 oval
1380 1758 70 75 ring
1462 1758 42 75 on
1515 1758 56 75 the
1581 1758 99 75 back.
1712 1758 33 75 It
1756 1758 168 75 frequents
1936 1758 149 75 gardens.
2123 1758 11 75 1
2144 1758 32 75 y.
2184 1758 81 75 The

1226 1805 168 75 coroMata,
1418 1805 57 75 has
1493 1805 19 75 a
1528 1805 94 75 black
1638 1805 73 75 oval
1727 1805 99 75 belly,
1851 1805 63 75 and
1930 1805 38 75 an
1986 1805 72 75 oval
2075 1805 98 75 white
2190 1805 75 75 ring

1226 1850 39 75 on
1283 1850 56 75 the
1355 1850 94 75 back.
1499 1850 32 75 It
1547 1850 114 75 dwells
1679 1850 86 75 upon
1780 1850 118 75 plants.
1951 1850 54 75 16.
2029 1850 77 75 The
2123 1850 138 75 fumiga-

1226 1896 45 75 ta,
1296 1896 58 75 has
1372 1896 18 75 a
1405 1896 100 75 dufky
1532 1896 73 75 oval
1629 1896 97 75 belly,
1752 1896 63 75 and
1831 1896 66 75 two
1913 1896 99 75 white
2029 1896 106 75 points
2154 1896 33 75 at
2205 1896 56 75 the

1227 1944 84 75 bafe.
1359 1944 32 75 It
1408 1944 78 75 fives
1503 1944 36 75 in
1559 1944 54 75 the
1637 1944 102 75 fields.
1797 1944 54 75 17.
1874 1944 79 75 The
1979 1944 163 75 montana,
2168 1944 55 75 has
2242 1944 19 75 a

1226 1991 98 75 white
1352 1991 75 75 oval
1449 1991 100 75 belly,
1574 1991 80 75 with
1682 1991 221 75 afh-coloured
1922 1991 99 75 fpots.
2071 1991 33 75 It
2130 1991 79 75 lives
2226 1991 36 75 in

1226 2037 98 75 trees.
1394 2037 53 75 18.
1471 2037 78 75 The
1580 2037 252 75 fanguinolenta,
1856 2037 59 75 has
1943 2037 19 75 a
1990 2037 271 75 blood-coloured

1225 2083 99 75 belly,
1349 2083 79 75 with
1447 2083 18 75 a
1480 2083 95 75 black
1590 2083 212 75 longitudinal
1818 2083 76 75 line.
1943 2083 33 75 It
2001 2083 26 75 is
2053 2083 19 75 a
2095 2083 106 75 native
2222 2083 49 75 of

1227 2129 110 75 Spain.
1402 2129 54 75 19.
1481 2129 78 75 The
1585 2129 124 75 notata,
1733 2129 58 75 has
1820 2129 40 75 an
1887 2129 74 75 oval
1988 2129 272 75 duflcy-coloured

1225 2176 99 75 belly,
1361 2176 79 75 with
1469 2176 42 75 W'
1511 2176 55 75 hite
1594 2176 173 75 tranfverfe
1794 2176 94 75 lines.
1939 2176 57 75 20.
2022 2176 77 75 The
2127 2176 133 75 rufipes,

1225 2223 57 75 has
1299 2223 20 75 a
1335 2223 101 75 dufky
1451 2223 99 75 belly,
1576 2223 63 75 and
1662 2223 124 75 reddifh
1803 2223 82 75 legs.
1933 2223 33 75 It
1982 2223 79 75 ixioft
2072 2223 192 75 frequently

1225 2269 80 75 lives
1322 2269 116 75 among
1454 2269 132 75 nettles.
1657 2269 56 75 21.
1738 2269 78 75 The
1842 2269 168 75 nodurna,
2031 2269 58 75 has
2118 2269 19 75 a
2163 2269 97 75 black

1226 2315 99 75 belly,
1350 2315 79 75 with
1458 2315 66 75 two
1553 2315 97 75 white
1677 2315 119 75 points,
1822 2315 63 75 and
1909 2315 18 75 a
1950 2315 86 75 little
2058 2315 97 75 white
2171 2315 90 75 half-

1225 2361 96 75 moon
1337 2361 34 75 at
1385 2361 57 75 the
1461 2361 73 75 bafe
1550 2361 40 75 of
1609 2361 57 75 the
1682 2361 90 75 anus.
1822 2361 57 75 22.
1903 2361 77 75 The
1995 2361 146 75 extenfa,
2163 2361 58 75 has
2238 2361 24 75 a

1225 2407 79 75 long
1320 2407 139 75 greenifh
1484 2407 121 75 fhining
1629 2407 100 75 belly,
1763 2407 61 75 and
1852 2407 41 75 its
1920 2407 69 75 legs
2018 2407 56 75 are
2095 2407 163 75 extended

1225 2454 256 75 longitudinally.
1532 2454 33 75 It
1582 2454 164 75 frequents
1758 2454 125 75 marfliy
1898 2454 154 75 grounds.
2103 2454 58 75 23.
2180 2454 82 75 The

1224 2500 169 75 fimbriata,
1410 2500 56 75 has
1479 2500 19 75 a
1512 2500 94 75 black
1622 2500 117 75 oblong
1756 2500 98 75 belly,
1872 2500 81 75 with
1975 2500 19 75 a
2010 2500 100 75 white
2127 2500 66 75 fine
2209 2500 44 75 on

1226 2546 78 75 each
1321 2546 76 75 fide,
1423 2546 63 75 and
1512 2546 268 75 dufky-coloured
1806 2546 81 75 legs.
1937 2546 34 75 It
1993 2546 81 75 lives
2088 2546 33 75 in
2138 2546 113 75 water,

1226 2593 84 75 upon
1326 2593 56 75 the
1409 2593 122 75 furface
1547 2593 40 75 of
1599 2593 103 75 which
1732 2593 26 75 it
1780 2593 76 75 runs
1873 2593 78 75 with
1969 2593 90 75 great
2085 2593 172 75 fwiftnefs.

1227 2641 57 75 24.
1314 2641 75 75 The
1417 2641 218 75 fexpundata,
1665 2641 58 75 has
1747 2641 40 75 an
1811 2641 120 75 oblong
1953 2641 102 75 belly,
2079 2641 63 75 and
2164 2641 97 75 three

1227 2685 67 75 pair
1321 2685 41 75 of
1381 2685 121 75 hollow
1530 2685 118 75 points.
1697 2685 32 75 It
1756 2685 80 75 lives
1860 2685 33 75 in
1921 2685 123 75 woods,
2095 2685 58 75 25.
2177 2685 78 75 The

1225 2732 168 75 flaviflima,
1418 2732 56 75 has
1498 2732 19 75 a
1532 2732 126 75 fmooth
1674 2732 119 75 oblong
1813 2732 88 75 belly
1922 2732 40 75 of
1985 2732 19 75 a
2030 2732 79 75 very
2135 2732 120 75 yellow

1226 2778 122 75 colour.
1398 2778 32 75 It
1446 2778 26 75 is
1491 2778 18 75 a
1528 2778 105 75 native
1649 2778 40 75 of
1700 2778 123 75 Egypt.
1874 2778 58 75 26.
1956 2778 77 75 The
2049 2778 205 75 bimaculata,

1225 2825 55 75 has
1298 2825 19 75 a
1333 2825 298 75 ehefnut-coloured
1658 2825 146 75 roundifh
1828 2825 98 75 belly,
1960 2825 78 75 with
2064 2825 66 75 two
2156 2825 106 75 white-

1225 2872 116 75 points.
1392 2872 57 75 27.
1473 2872 76 75 The
1566 2872 149 75 clavipes,
1733 2872 57 75 has
1807 2872 40 75 an
1865 2872 120 75 oblong
2001 2872 106 75 belly,,
2119 2872 61 75 and
2197 2872 64 75 the

1224 2918 56 75 laft
1292 2918 101 75 joints
1411 2918 40 75 of
1461 2918 54 75 the
1533 2918 80 75 legs,
1631 2918 172 75 excepting
1818 2918 55 75 the
1889 2918 90 75 third
1995 2918 80 75 pair,
2093 2918 53 75 are
2158 2918 102 75 hairy

1224 2965 61 75 and
1314 2965 157 75 clavated.
1520 2965 32 75 It
1579 2965 27 75 is
1635 2965 18 75 a
1680 2965 108 75 native
1814 2965 40 75 of
1875 2965 166 75 America.
2092 2965 60 75 28.
2175 2965 82 75 The

1223 3015 273 75 quadripundata,
1521 3015 58 75 has
1597 3015 18 75 a
1639 3015 96 75 black
1749 3015 120 75 oblong
1885 3015 100 75 belly,
2012 3015 62 75 and
2090 3015 73 75 four
2180 3015 78 75 hoh-
