2443 3377
567 121 41 75 A
668 121 33 75 P
758 121 20 75 I

190 182 24 75 "
241 182 34 75 fo
289 182 108 75 happy
412 182 32 75 in
455 182 118 75 having
588 182 175 75 recovered
778 182 64 75 this
855 182 65 75 foie
936 182 130 75 fupport
1082 182 41 75 of
1140 182 85 75 their

191 230 24 75 “
239 230 91 75 ftate,
347 230 71 75 that
431 230 79 75 they
518 230 66 75 will
596 230 76 75 long
681 230 120 75 remain
817 230 90 75 quiet
918 230 33 75 in
966 230 85 75 their
1068 230 160 75 fituation.

190 277 24 75 “
240 277 90 75 Nay,
355 277 56 75 the
433 277 87 75 fcent
540 277 41 75 of
598 277 59 75 her
673 277 88 75 body
777 277 26 75 is
826 277 34 75 fo
884 277 165 75 attractive
1069 277 40 75 of
1128 277 101 75 them,

190 322 25 75 “
240 322 72 75 that
329 322 57 75 the
397 322 140 75 flighted
549 322 99 75 touch
664 322 40 75 of
722 322 72 75 her,
820 322 97 75 along
927 322 63 75 any
1001 322 90 75 place
1102 322 38 75 or
1156 322 73 75 fub-

190 369 25 75 “
239 369 117 75 ftance,
381 369 68 75 will
466 369 109 75 attach
591 369 55 75 the
663 369 75 75 bees
756 369 35 75 to
808 369 39 75 it,
871 369 64 75 and
950 369 117 75 induce
1083 369 89 75 them
1196 369 35 75 to

190 417 24 75 “
239 417 116 75 purfue
367 417 63 75 any
447 417 76 75 path
541 417 51 75 Ihe
610 417 103 75 takes.

238 463 24 75 “
286 463 65 75 My
367 463 197 75 attachment
577 463 36 75 to
630 463 56 75 the
702 463 116 75 queen,
836 463 63 75 and
915 463 55 75 my
986 463 112 75 tender
1114 463 117 75 regard

190 509 24 75 “
240 509 51 75 for
303 509 58 75 her
377 509 146 75 precious
539 509 69 75 life,
625 509 109 75 makes
746 509 51 75 me
813 509 80 75 moft
909 509 149 75 ardently
1069 509 75 75 wifti
1158 509 72 75 that

191 556 22 75 “
239 556 18 75 I
269 556 103 75 might
388 556 77 75 here
482 556 83 75 clofe
583 556 56 75 the
656 556 97 75 detail
771 556 40 75 of
823 556 65 75 this
904 556 178 75 operation,
1107 556 121 75 which,

189 602 24 75 “
239 602 17 75 I
273 602 51 75 am
344 602 116 75 afraid,
486 602 93 75 when
595 602 182 75 attempted
792 602 45 75 by
852 602 151 75 unfkilful
1017 602 116 75 hands,
1158 602 70 75 will

189 649 24 75 “
238 649 65 75 coft
320 649 95 75 many
431 649 41 75 of
491 649 85 75 their
591 649 103 75 lives;
722 649 57 75 but
795 649 55 75 my
866 649 73 75 love
955 649 41 75 of
1013 649 90 75 truth
1123 649 106 75 forces

188 696 24 75 “
237 696 51 75 me
305 696 35 75 to
355 696 141 75 declare,
522 696 83 75 that,
631 696 44 75 by
691 696 150 75 practice,
866 696 17 75 I
908 696 52 75 am
984 696 128 75 arrived
1135 696 34 75 at
1192 696 36 75 fo

188 742 24 75 “
237 742 95 75 much
349 742 166 75 dexterity
531 742 33 75 in
580 742 56 75 the
652 742 223 75 management
888 742 43 75 of
942 742 70 75 her,
1038 742 72 75 that
1125 742 17 75 I
1156 742 71 75 can,

188 788 25 75 “
238 788 138 75 without
400 788 78 75 hurt
501 788 36 75 to
561 788 71 75 her,
657 788 45 75 tie
727 788 19 75 a
770 788 116 75 thread
902 788 41 75 of
960 788 59 75 filk
1042 788 103 75 round
1169 788 60 75 her

188 835 24 75 “
238 835 98 75 body,
360 835 65 75 and
447 835 76 75 thus
545 835 124 75 confine
685 835 58 75 her
758 835 37 75 to
819 835 62 75 any
899 835 71 75 part
992 835 32 75 in
1042 835 106 75 which
1175 835 53 75 flie

188 882 25 75 “
238 882 103 75 might
368 882 57 75 not
453 882 160 75 naturally
631 882 76 75 wifli
730 882 35 75 to
789 882 119 75 remain
923 882 10 75 ;
961 882 37 75 or
1015 882 16 75 I
1047 882 180 75 fometimes

237 929 54 75 ufe
316 929 55 75 the
397 929 60 75 lefs
482 929 179 75 dangerous
685 929 71 75 way
771 929 41 75 of
831 929 139 75 clipping
985 929 59 75 her
1061 929 100 75 wings
1184 929 42 75 on

187 976 25 75 “
238 976 61 75 one
315 976 77 75 fide.

234 1023 25 75 “
285 1023 16 75 I
318 1023 77 75 (hall
412 1023 155 75 conclude
584 1023 64 75 this
673 1023 137 75 account
833 1023 33 75 in
884 1023 56 75 the
963 1023 131 75 manner
1121 1023 41 75 of
1181 1023 45 75 C.

186 1070 25 75 “
238 1070 116 75 Furius
372 1070 163 75 Crefinus,
560 1070 75 75 who
660 1070 95 75 being
778 1070 87 75 cited
888 1070 112 75 before
1024 1070 57 75 the
1103 1070 123 75 Curule

185 1117 26 75 “
234 1117 101 75 Edils
352 1117 62 75 and
431 1117 39 75 an
487 1117 153 75 aflembly
655 1117 42 75 of
713 1117 57 75 the
792 1117 127 75 people,
944 1117 36 75 to
1005 1117 120 75 anfwer
1149 1117 35 75 to
1208 1117 18 75 a

186 1163 24 75 “
236 1163 117 75 charge
369 1163 40 75 of
420 1163 140 75 forcery,
585 1163 144 75 founded
745 1163 42 75 on
803 1163 49 75 his
864 1163 136 75 reaping
1011 1163 95 75 much
1120 1163 107 75 larger

186 1210 25 75 “
235 1210 94 75 crops
346 1210 84 75 from
448 1210 49 75 his
514 1210 89 75 fmall
621 1210 70 75 fpot
714 1210 40 75 of
773 1210 136 75 ground,
934 1210 78 75 than
1036 1210 49 75 his
1112 1210 111 75 neigh-

186 1256 23 75 “
234 1256 98 75 hours
358 1256 57 75 did
438 1256 86 75 from
548 1256 86 75 their
665 1256 160 75 extenfive
850 1256 105 75 fields,
986 1256 165 75 produced
1173 1256 50 75 his

186 1303 24 75 “
235 1303 109 75 ftrong
368 1303 202 75 implements
594 1303 40 75 of
652 1303 194 75 hufbandry,
879 1303 51 75 his
953 1303 147 75 well-fed
1123 1303 99 75 oxen,

186 1350 23 75 “
234 1350 65 75 and
315 1350 107 75 a/hale
438 1350 108 75 young
571 1350 138 75 woman,
734 1350 50 75 his
810 1350 180 75 daughter;
1017 1350 74 75 and,
1115 1350 105 75 point-

186 1397 24 75 “
235 1397 56 75 ihg
318 1397 35 75 to
378 1397 101 75 them,
505 1397 80 75 faid,
613 1397 121 75 Thefe,
768 1397 157 75 Romans,
951 1397 53 75 are
1029 1397 55 75 my
1108 1397 112 75 inftru-

186 1444 24 75 “
235 1444 105 75 ments
357 1444 41 75 of
409 1444 202 75 witchcraft;
638 1444 60 75 but
721 1444 18 75 I
763 1444 117 75 cannot
895 1444 86 75 fliew
997 1444 64 75 you
1077 1444 55 75 my
1148 1444 72 75 toil,

185 1490 25 75 *‘
235 1490 55 75 my
306 1490 126 75 fweats,
450 1490 61 75 and
528 1490 136 75 anxious
681 1490 102 75 cares.
825 1490 46 75 So
887 1490 75 75 may
978 1490 17 75 I
1007 1490 66 75 fay,
1098 1490 122 75 Thefe,

184 1537 24 75 “
233 1537 146 75 Britons,
412 1537 54 75 are
491 1537 54 75 my
569 1537 202 75 inftruments
800 1537 41 75 of
863 1537 184 75 witchcraft
1069 1537 10 75 ;
1117 1537 58 75 but
1205 1537 16 75 I

186 1582 23 75 “
235 1582 116 75 cannot
367 1582 83 75 ihew
466 1582 64 75 you
547 1582 55 75 my
617 1582 98 75 hours
733 1582 40 75 of
785 1582 156 75 attention
957 1582 36 75 to
1005 1582 65 75 this
1087 1582 133 75 fubjedt,

184 1631 24 75 “
234 1631 55 75 my
308 1631 133 75 apxiety
457 1631 63 75 and
544 1631 73 75 care
633 1631 53 75 for
702 1631 88 75 thefe
806 1631 102 75 ufeful
924 1631 134 75 infe&s;
1085 1631 59 75 nor
1162 1631 59 75 can

184 1677 24 75 “
234 1677 17 75 I
268 1677 232 75 communicate
517 1677 35 75 to
568 1677 65 75 you
649 1677 54 75 my
715 1677 202 75 experience,
935 1677 156 75 acquired
1105 1677 117 75 during

184 1723 25 75 “
235 1723 19 75 a
269 1723 111 75 courfe
395 1723 41 75 of
454 1723 130 75 years.”

229 1769 69 75 We
322 1769 77 75 Ihafl
423 1769 155 75 conclude
601 1769 65 75 this
693 1769 122 75 hiftory
839 1769 40 75 of
904 1769 56 75 the
985 1769 232 75 Honey-bee

181 1817 80 75 with
277 1817 56 75 the
354 1817 168 75 following
537 1817 216 75 experiments
769 1817 52 75 for
837 1817 55 75 pre
897 1817 127 75 renting
1040 1817 19 75 a
1076 1817 94 75 wafte
1184 1817 42 75 of

181 1864 120 75 honey,
327 1864 64 75 and
404 1864 183 75 pneferving
603 1864 56 75 the
681 1864 80 75 lives
785 1864 41 75 of
844 1864 74 75 bees
935 1864 116 75 during
1067 1864 57 75 the
1140 1864 80 75 win-

183 1909 62 75 ter,
270 1909 257 75 communicated
538 1909 43 75 by
598 1909 18 75 a
632 1909 179 75 gentleman
828 1909 76 75 near
920 1909 55 75 the
987 1909 101 75 banks
1105 1909 40 75 of
1164 1909 56 75 the

182 1957 141 75 Tweed.
373 1957 23 75 “
422 1957 17 75 I
457 1957 80 75 have
554 1957 83 75 tried
653 1957 118 75 feveral
787 1957 218 75 experiments
1025 1957 52 75 for
1100 1957 118 75 prefer-

233 2003 75 75 ving
324 2003 55 75 the
401 2003 79 75 lives
504 2003 40 75 of
562 2003 75 75 bees
666 2003 116 75 during
805 2003 56 75 the
884 2003 138 75 winter;
1060 2003 65 75 and
1149 2003 69 75 tho’

236 2050 29 75 in
284 2050 128 75 general
429 2050 78 75 with
525 2050 84 75 little
620 2050 135 75 fuccefs,
772 2050 54 75 yet
839 2050 16 75 I
869 2050 93 75 think
977 2050 17 75 I
1011 2050 81 75 have
1108 2050 112 75 reafon

236 2096 33 75 to
286 2096 160 75 continue,
471 2096 63 75 and
545 2096 105 75 advife
666 2096 110 75 others
788 2096 36 75 to
835 2096 124 75 follow,
984 2096 87 75 what
1090 2096 16 75 I
1127 2096 92 75 prac-

237 2144 78 75 tifed
327 2144 56 75 lall
399 2144 127 75 winter.
576 2144 77 75 The
669 2144 134 75 method
814 2144 26 75 is
857 2144 79 75 very
952 2144 118 75 Ample,
1089 2144 61 75 and
1163 2144 57 75 not

235 2189 176 75 expenfive,
437 2189 53 75 for
505 2189 25 75 it
542 2189 27 75 is
583 2189 42 75 no
637 2189 93 75 Other
742 2189 77 75 than
831 2189 135 75 keeping
982 2189 56 75 the
1055 2189 74 75 bees
1145 2189 33 75 in
1202 2189 19 75 a

235 2236 74 75 cold
320 2236 62 75 and
393 2236 81 75 dark
489 2236 104 75 place.

232 2282 24 75 “
282 2282 65 75 My
364 2282 108 75 reafon
488 2282 51 75 for
555 2282 190 75 trying'this
761 2282 213 75 experiment,
998 2282 67 75 was
1088 2282 56 75 my
1162 2282 57 75 ha-

238 2328 74 75 ving
327 2328 165 75 obferved,
518 2328 70 75 that
605 2328 19 75 a
646 2328 121 75 certain
790 2328 117 75 degree
931 2328 40 75 of
990 2328 74 75 cold
1080 2328 140 75 brought

238 2375 84 75 upon
345 2375 55 75 the
415 2375 75 75 bees
511 2375 18 75 a
551 2375 126 75 flupor;
705 2375 62 75 and
789 2375 70 75 that
875 2375 56 75 the
947 2375 83 75 fame
1046 2375 116 75 degree
1185 2375 40 75 of

237 2422 74 75 cold
327 2422 184 75 continued,
536 2422 77 75 kept
621 2422 98 75 .them
735 2422 32 75 in
783 2422 56 75 the
859 2422 84 75 fame
959 2422 91 75 ftate,
1075 2422 49 75 till
1142 2422 79 75 they

237 2468 84 75 were
337 2468 141 75 brought
500 2468 69 75 into
593 2468 18 75 a
635 2468 133 75 warmer
792 2468 160 75 fituation,
977 2468 108 75 which
1109 2468 110 75 imme-

237 2515 120 75 diately
373 2515 139 75 reftored
527 2515 85 75 their
623 2515 60 75 life
700 2515 63 75 and
778 2515 114 75 vigour
909 2515 36 75 *.

237 2617 19 75 *
280 2617 86 75 This
383 2617 199 75 obfervation
610 2617 27 75 is
668 2617 175 75 confirmed
866 2617 45 75 by
926 2617 88 75 what
1030 2617 60 75 Mr
1104 2617 118 75 White

189 2665 83 75 fays,
295 2665 88 75 7/W
401 2665 65 75 bees
483 2665 107 75 ’which
595 2665 37 75 ft
634 2665 67 75 and
716 2665 38 75 on
771 2665 54 75 the
839 2665 176 75 north-Jide
1033 2665 42 75 of
1077 2665 22 75 a
1115 2665 105 75 build-

188 2712 68 75 ing,
281 2712 104 75 vshofe
400 2712 108 75 height
525 2712 172 75 intercepts
711 2712 51 75 the
768 2712 96 75 fun's
873 2712 110 75 beams
999 2712 52 75 all
1063 2712 53 75 the
1131 2712 89 75 win-

188 2758 64 75 ter,
269 2758 78 75 will
360 2758 102 75 wojle
483 2758 59 75 lefs
563 2758 43 75 of
619 2758 87 75 their
720 2758 190 75 proviftons,
934 2758 112 75 alniojl
1073 2758 34 75 by
1136 2758 85 75 half,

190 2804 78 75 than
286 2804 104 75 others
406 2804 105 75 which
527 2804 104 75 Jland
644 2804 36 75 in
703 2804 53 75 the
761 2804 89 75 fun;
865 2804 76 75 for,
957 2804 124 75 feldom
1097 2804 124 75 coming

179 2851 111 75 forth,
315 2851 69 75 they
400 2851 54 75 eat
477 2851 103 75 little,
605 2851 70 75 and
689 2851 56 75 yet
762 2851 36 75 in
816 2851 50 75 the
881 2851 120 75 fpring
1015 2851 60 75 are
1090 2851 38 75 as
1141 2851 79 75 for-

188 2896 99 75 ward
301 2896 31 75 to
347 2896 91 75 work
461 2896 70 75 and
546 2896 132 75 fwarm
701 2896 38 75 as
761 2896 83 75 thofe
866 2896 107 75 which
989 2896 68 75 had
1069 2896 98 75 twice
1182 2896 38 75 a-t

190 2942 93 75 much
299 2942 93 75 honey
409 2942 36 75 in
461 2942 54 75 the
535 2942 138 75 autumn
698 2942 119 75 before.
873 2942 62 75 See
960 2942 55 75 the
1038 2942 72 75 Rev
1110 2924 17 49 d
1127 2942 14 75 .
1160 2942 60 75 Mr

189 2989 148 75 White’s
350 2989 134 75 method
499 2989 41 75 of
550 2989 180 75 preferving
749 2989 88 75 bees.
885 2989 112 75 Third
1011 2989 133 75 edition.

1143 143 20 75 (
1222 143 85 75 33«
1362 143 21 75 )

1733 129 212 75 API

1369 187 97 75 With
1479 187 65 75 this
1553 187 83 75 view
1643 187 18 75 I
1673 187 78 75 kept
1763 187 67 75 two
1840 187 90 75 hives
1942 187 71 75 (hut
2024 187 43 75 up
2078 187 31 75 in
2122 187 18 75 a
2152 187 80 75 dark
2240 187 75 75 cold

1279 233 23 75 ••
1328 233 184 75 out-houfe,
1530 233 85 75 from
1627 233 56 75 the
1696 233 120 75 middle
1828 233 39 75 of
1881 233 188 75 September
2082 233 34 75 to
2128 233 55 75 the
2196 233 119 75 middle

1279 283 23 75 “
1328 283 41 75 of
1380 283 110 75 April,
1514 283 140 75 without
1669 283 76 75 ever
1767 283 117 75 letting
1908 283 89 75 them
2020 283 50 75 fee
2085 283 103 75 light:
2216 283 99 75 Upon

1279 329 23 75 “
1328 329 84 75 their
1425 329 94 75 being
1531 329 45 75 fet
1585 329 57 75 out
1653 329 33 75 in
1699 329 55 75 the
1765 329 135 75 warmer
1912 329 59 75 air,
1982 329 78 75 they
2072 329 174 75 recovered
2256 329 57 75 im-

1278 374 23 75 “
1328 374 184 75 mediately,
1539 374 61 75 and
1617 374 126 75 (hewed
1754 374 39 75 an
1811 374 193 75 appearance
2016 374 40 75 of
2068 374 89 75 more
2173 374 142 75 ftrength

1278 423 25 75 “
1329 423 77 75 than
1423 423 56 75 the
1495 423 90 75 hives
1602 423 57 75 did
1675 423 105 75 which
1797 423 63 75 had
1877 423 79 75 been
1973 423 78 75 kept
2066 423 58 75 out
2143 423 34 75 in
2202 423 55 75 the
2276 423 38 75 u-

1278 469 23 75 “
1327 469 65 75 fual
1405 469 82 75 way.
1536 469 86 75 This
1640 469 192 75 appearance
1849 469 40 75 of
1907 469 140 75 ftrength
2065 469 173 75 continued
2253 469 61 75 du-

1276 514 25 75 “
1328 514 70 75 ring
1413 514 55 75 the
1485 514 150 75 fummer,
1652 514 63 75 and
1731 514 78 75 they
1825 514 179 75 multiplied
2016 514 94 75 fafter
2123 514 77 75 than
2218 514 16 75 I
2248 514 66 75 had

1276 560 24 75 “
1325 560 76 75 ever
1425 560 154 75 obferved
1603 560 89 75 them
1718 560 43 75 do
1789 560 125 75 before.
1970 560 99 75 They
2094 560 85 75 were
2204 560 109 75 rather

1276 607 23 75 “
1324 607 83 75 later
1422 607 32 75 in
1471 607 169 75 fwarming
1663 607 64 75 this
1743 607 77 75 year
1843 607 77 75 than
1943 607 33 75 in
1999 607 120 75 former
2135 607 175 75 fummers;

1274 657 26 75 “
1324 657 59 75 but
1409 657 56 75 the
1488 657 85 75 fame
1598 657 64 75 was
1691 657 56 75 the
1772 657 70 75 cafe
1866 657 81 75 with
1971 657 95 75 many
2082 657 89 75 hives
2197 657 31 75 in
2246 657 66 75 this

1274 701 25 75 “
1324 701 286 75 neighbourhood:
1638 701 64 75 and
1725 701 78 75 even
1828 701 124 75 though
1977 701 65 75 this
2066 701 112 75 ftiould
2193 701 119 75 always

1274 747 25 75 “
1323 747 138 75 happen,
1492 747 56 75 yet
1572 747 17 75 I
1614 747 94 75 think
1730 747 95 75 other
1848 747 195 75 advantages
2067 747 67 75 will
2153 747 48 75 do
2224 747 90 75 more

1273 794 25 75 “
1323 794 77 75 than
1418 794 209 75 overbalance
1644 794 39 75 it.
1718 794 109 75 Could
1844 794 16 75 I
1878 794 42 75 go
1935 794 71 75 into
2017 794 56 75 the
2087 794 139 75 country
2242 794 70 75 ear-

1273 842 25 75 “
1321 842 37 75 ly
1379 842 34 75 in
1437 842 56 75 the
1518 842 118 75 fpring,
1680 842 37 75 to
1738 842 80 75 look
1840 842 84 75 after
1946 842 57 75 the
2024 842 78 75 bees
2126 842 126 75 myfelf,
2293 842 20 75 I

1275 870 23 49 te
1323 888 110 75 would
1449 888 93 75 bring
1557 888 89 75 them
1661 888 70 75 into
1749 888 54 75 the
1815 888 82 75 open
1911 888 47 75 air
1969 888 86 75 fome
2068 888 105 75 weeks
2184 888 126 75 fooner,

1273 934 25 75 “
1323 934 157 75 carefully
1503 934 112 75 attend
1637 934 35 75 to
1697 934 56 75 the
1778 934 138 75 changes
1938 934 41 75 of
1998 934 55 75 the
2069 934 154 75 weather,
2248 934 64 75 and

1271 982 27 75 “
1323 982 71 75 fhut
1410 982 42 75 up
1469 982 55 75 the
1540 982 97 75 doors
1655 982 40 75 of
1714 982 55 75 the
1786 982 71 75 hive
1873 982 42 75 on
1940 982 19 75 a
1974 982 61 75 bad
2052 982 84 75 day:
2164 982 57 75 but
2245 982 65 75 this

1272 1028 27 75 “
1322 1028 118 75 degree
1456 1028 41 75 of
1516 1028 72 75 care
1605 1028 58 75 cart
1679 1028 139 75 fcarcely
1833 1028 41 75 be
1893 1028 155 75 expected
2064 1028 84 75 from
2168 1028 143 75 fervants

1274 1075 23 75 “
1324 1075 63 75 and
1403 1075 185 75 gardeners,
1613 1075 74 75 who
1699 1075 86 75 have
1800 1075 97 75 many
1912 1075 95 75 other
2023 1075 107 75 things
2148 1075 34 75 to
2199 1075 112 75 attend

1272 1120 25 75 “
1324 1120 48 75 to.

1319 1169 26 75 “
1370 1169 15 75 I
1402 1169 111 75 intend
1529 1169 35 75 to
1579 1169 82 75 have
1678 1169 74 75 four
1763 1169 89 75 hives
1865 1169 58 75 put
1935 1169 43 75 up
1991 1169 63 75 this
2067 1169 119 75 feafon,
2203 1169 32 75 in
2253 1169 57 75 the

1271 1214 26 75 “
1324 1214 117 75 coldeft
1456 1214 82 75 dark
1551 1214 89 75 place
1653 1214 16 75 I
1684 1214 57 75 can
1758 1214 66 75 find
1839 1214 9 75 ;
1865 1214 62 75 and
1940 1214 33 75 as
1986 1214 39 75 an
2038 1214 163 75 ice-hqufe
2213 1214 26 75 is
2252 1214 57 75 the

1323 1261 140 75 fteadieft
1479 1261 64 75 and
1558 1261 134 75 greateft
1709 1261 75 75 cold
1800 1261 48 75 we
1864 1261 94 75 have,
1983 1261 61 75 one
2056 1261 37 75 or
2111 1261 65 75 two
2193 1261 41 75 of
2252 1261 56 75 my

1271 1309 24 75 “
1321 1309 121 75 friends
1459 1309 74 75 who
1549 1309 80 75 have
1645 1309 191 75 ice-houfes,
1859 1309 83 75 have
1967 1309 157 75 promifed
2147 1309 36 75 to
2206 1309 58 75 put
2287 1309 19 75 a

1270 1355 24 75 “
1319 1355 74 75 hive
1409 1355 84 75 upon
1516 1355 56 75 the
1587 1355 61 75 ice.
1698 1355 53 75 By
1763 1355 42 75 all
1817 1355 163 75 accounts,
2006 1355 55 75 the
2077 1355 75 75 cold
2163 1355 32 75 in
2213 1355 93 75 Sibe-

1270 1401 25 75 “
1321 1401 46 75 ria
1384 1401 77 75 does
1478 1401 56 75 not
1550 1401 59 75 kill
1626 1401 55 75 the
1696 1401 76 75 bees
1789 1401 112 75 there;
1928 1401 63 75 and
2007 1401 32 75 in
2055 1401 120 75 Ruflia,
2199 1401 109 75 where

1271 1448 23 75 “
1321 1448 55 75 the
1395 1448 127 75 winters
1540 1448 53 75 are
1610 1448 180 75 extremely
1812 1448 119 75 fevere,
1958 1448 73 75 bees
2055 1448 138 75 produce
2211 1448 96 75 much

1269 1495 25 75 “
1319 1495 107 75 honey
1445 1495 8 75 :
1495 1495 34 75 fo
1552 1495 17 75 I
1594 1495 94 75 think
1720 1495 91 75 there
1836 1495 28 75 is
1891 1495 57 75 not
1968 1495 62 75 any
2056 1495 121 75 danger
2204 1495 36 75 to
2267 1495 41 75 be

1268 1542 24 75 “
1318 1542 110 75 feared
1451 1542 86 75 from
1560 1542 63 75 any
1647 1542 117 75 degree
1788 1542 41 75 of
1848 1542 75 75 cold
1947 1542 47 75 we
2019 1542 57 75 can
2105 1542 120 75 expofe
2250 1542 57 75 the

1271 1588 23 75 “
1319 1588 75 75 bees
1410 1588 49 75 to.

1315 1635 26 75 “
1367 1635 36 75 If
1422 1635 120 75 fuccefs
1567 1635 165 75 continues
1756 1635 35 75 to
1820 1635 111 75 attend
1956 1635 65 75 this
2042 1635 200 75 experiment
2269 1635 43 75 of

1270 1682 23 75 “
1318 1682 137 75 keeping
1470 1682 55 75 the
1541 1682 74 75 bees
1632 1682 101 75 afleep
1750 1682 41 75 all
1805 1682 56 75 the
1873 1682 114 75 winter
1998 1682 63 75 and
2072 1682 118 75 fpring,
2208 1682 95 75 with-

1267 1729 25 75 “
1317 1729 58 75 out
1392 1729 183 75 confirming
1591 1729 85 75 their
1691 1729 120 75 honey,
1836 1729 20 75 a
1866 1729 91 75 great
1969 1729 91 75 point
2077 1729 65 75 will
2159 1729 40 75 be
2215 1729 89 75 gain-

1267 1775 26 75 “
1317 1775 42 75 ed
1369 1775 10 75 ;
1406 1775 169 75 efpecially
1590 1775 35 75 as
1641 1775 60 75 Mr
1716 1775 170 75 Wildman
1903 1775 58 75 has
1984 1775 115 75 taught
2124 1775 37 75 us
2178 1775 36 75 to
2229 1775 76 75 take

1269 1821 23 75 “
1318 1821 55 75 the
1397 1821 107 75 honey
1520 1821 137 75 without
1681 1821 114 75 killing
1817 1821 56 75 the
1896 1821 97 75 bees:
2019 1821 64 75 for,
2109 1821 43 75 by
2176 1821 97 75 whatj
2283 1821 20 75 i

1267 1868 25 75 “
1316 1868 83 75 have
1414 1868 162 75 obferved.
1583 1868 33 75 in
1630 1868 64 75 this
1712 1868 149 75 country,
1876 1868 62 75 our
1954 1868 73 75 bees
2042 1868 54 75 are
2111 1868 60 75 loft
2188 1868 115 75 chiefly

1268 1914 24 75 “
1317 1914 44 75 by
1377 1914 94 75 bqing
1487 1914 145 75 tempted
1648 1914 34 75 to
1697 1914 43 75 go
1757 1914 57 75 out
1825 1914 32 75 in
1871 1914 19 75 a
1902 1914 84 75 clear
1997 1914 56 75 fun
2065 1914 32 75 in
2110 1914 56 75 the
2183 1914 119 75 fpring,

1268 1961 23 75 “
1318 1961 122 75 though
1457 1961 136 75 perhaps
1609 1961 18 75 a
1643 1961 100 75 frofty
1758 1961 86 75 wind
1859 1961 115 75 blows,
1999 1961 63 75 and
2081 1961 92 75 chills
2198 1961 101 75 them,

1266 2007 26 75 “
1317 2007 34 75 fo
1368 2007 33 75 as
1421 2007 34 75 to
1472 2007 132 75 prevent
1620 2007 84 75 their
1716 2007 96 75 being
1823 2007 71 75 able
1910 2007 36 75 to
1958 2007 109 75 return
2080 2007 35 75 to
2131 2007 56 75 the
2202 2007 95 75 hive;

1268 2054 23 75 “
1316 2054 38 75 or
1370 2054 39 75 an
1425 2054 90 75 early
1532 2054 133 75 warmth
1678 2054 131 75 induces
1825 2054 56 75 the
1897 2054 104 75 queen
2018 2054 36 75 to
2069 2054 54 75 lay
2131 2054 89 75 eggs,
2238 2054 63 75 and

1267 2101 24 75 “
1318 2101 17 75 a
1351 2101 134 75 number
1500 2101 41 75 of
1560 2101 109 75 young
1684 2101 75 75 bees
1776 2101 53 75 are
1841 2101 92 75 bred,
1957 2101 107 75 which
2082 2101 147 75 confume
2246 2101 56 75 the

1268 2146 23 75 “
1315 2146 86 75 little
1424 2146 157 75 provifion
1605 2146 73 75 left,
1703 2146 110 75 before
1837 2146 55 75 the
1916 2146 91 75 fields
2030 2146 59 75 can
2112 2146 106 75 afford
2238 2146 64 75 any

1267 2195 24 75 “
1317 2195 150 75 fupply.”

1385 2241 365 75 Explanation
1781 2241 46 75 rj/*
1851 2241 160 75 Plate
2044 2241 137 75 XXIII.

1265 2289 153 75 Figure
1443 2289 30 75 i.
1499 2289 33 75 Is
1550 2289 54 75 the
1621 2289 102 75 queen
1740 2289 70 75 bee.
1861 2289 34 75 2.
1920 2289 33 75 Is
1970 2289 55 75 the
2041 2289 114 75 drone.
2206 2289 33 75 3.
2266 2289 34 75 Is

1314 2336 55 75 the
1395 2336 145 75 working
1557 2336 71 75 bee.
1679 2336 33 75 4.
1737 2336 192 75 Reprefents
1945 2336 56 75 the
2018 2336 73 75 bees
2108 2336 139 75 hanging
2263 2336 36 75 to

1316 2383 78 75 each
1411 2383 94 75 other
1522 2383 43 75 by
1581 2383 56 75 the
1660 2383 78 75 feet,
1756 2383 104 75 which
1873 2383 27 75 is
1916 2383 56 75 the
1988 2383 132 75 method
2137 2383 40 75 of
2188 2383 113 75 taking

1316 2430 85 75 their
1413 2430 118 75 repofe.
1572 2430 33 75 y.
1621 2430 78 75 The
1717 2430 160 75 probofeik
1894 2430 38 75 or
1947 2430 110 75 trunk,
2074 2430 106 75 which
2198 2430 26 75 is
2237 2430 62 75 one

1315 2477 40 75 of
1366 2477 55 75 the
1438 2477 154 75 principal
1619 2477 114 75 organs
1756 2477 41 75 of
1814 2477 55 75 the
1894 2477 88 75 bees,
2008 2477 188 75 wherewith
2221 2477 89 75 they,

1314 2522 113 75 gather
1442 2522 56 75 the
1513 2522 107 75 honey
1635 2522 63 75 and
1713 2522 74 75 take
1803 2522 85 75 their
1903 2522 227 75 nouriihment.
2175 2522 32 75 6.
2225 2522 75 75 One

1315 2570 41 75 of
1373 2570 55 75 the
1443 2570 164 75 hind-legs
1623 2570 42 75 of
1675 2570 20 75 a
1710 2570 234 75 working-bee,
1969 2570 116 75 loaded
2106 2570 80 75 with
2211 2570 87 75 wax.

1319 2616 31 75 7.
1375 2616 36 75 A
1438 2616 109 75 comby
1569 2616 34 75 in
1631 2616 107 75 which
1764 2616 57 75 the
1849 2616 145 75 working
2020 2616 77 75 bees
2124 2616 186 75 are-bred.-

1314 2663 77 75 The
1418 2663 77 75 cells
1521 2663 57 75 are
1605 2663 56 75 the
1688 2663 137 75 fmalleft
1851 2663 41 75 of
1914 2663 73 75 any.
2034 2663 89 75 Two
2147 2663 40 75 of
2209 2663 91 75 them

1315 2710 80 75 have
1412 2710 56 75 the
1484 2710 109 75 young
1609 2710 74 75 bees
1699 2710 154 75 indofed.
1886 2710 32 75 A
1931 2710 90 75 royal
2036 2710 60 75 cell
2108 2710 26 75 is
2151 2710 159 75 fufpend--

1315 2756 41 75 ed
1379 2756 41 75 on
1437 2756 61 75 one
1517 2756 77 75 fide.
1641 2756 37 75 8.
1704 2756 34 75 A
1754 2756 94 75 cOmb
1869 2756 32 75 in
1918 2756 104 75 which
2037 2756 58 75 the
2111 2756 115 75 drones
2240 2756 59 75 are

1315 2803 91 75 bred,
1423 2803 95 75 being
1535 2803 105 75 larger
1656 2803 76 75 than
1751 2803 55 75 the
1823 2803 137 75 former;
1986 2803 56 75 the
2058 2803 107 75 young
2182 2803 116 75 drones

1315 2849 94 75 being
1427 2849 149 75 included
1591 2849 33 75 in
1635 2849 119 75 feveral
1768 2849 39 75 of
1821 2849 87 75 them
1920 2849 10 75 ;
1949 2849 79 75 with
2041 2849 65 75 two
2118 2849 91 75 royal
2221 2849 79 75 cells

1311 2896 176 75 fufpended
1503 2896 42 75 on
1562 2896 55 75 the
1633 2896 76 75 fide.
1759 2896 34 75 9.
1822 2896 164 75 A.fimilar
2003 2896 105 75 comb,
2134 2896 31 75 in
2192 2896 107 75 which

1314 2943 56 75 the
1387 2943 90 75 roykl
1493 2943 60 75 cell
1569 2943 28 75 is
1613 2943 88 75 fixed
1717 2943 32 75 in
1767 2943 55 75 the
1838 2943 120 75 middle
1974 2943 40 75 of
2025 2943 54 75 the
2096 2943 114 75 comb;
2237 2943 63 75 and

1313 2991 121 75 feveral
1451 2991 147 75 common
1615 2991 76 75 cells
1708 2991 53 75 are
1777 2991 162 75 facrificed
1953 2991 37 75 to
2012 2991 88 75 ferve
2124 2991 33 75 as
2180 2991 20 75 a
2220 2991 79 75 bafis
2236 3029 63 75 and
