2483 3387
160 207 79 75 3â€4

728 191 36 75 R
842 191 18 75 I

1070 190 45 75 H
1189 190 50 75 M

206 258 32 75 3.
262 258 38 75 If
312 258 82 75 your
409 258 175 75 multiplier
595 258 125 75 confifts
737 258 40 75 of
788 258 139 75 integers
940 258 62 75 and
1013 258 101 75 parts,
1131 258 57 75 the

157 304 166 75 operation
346 304 26 75 is
398 304 184 75 performed
607 304 40 75 by
666 304 18 75 a
705 304 85 75 crofs
814 304 245 75 multiplication
1076 304 40 75 of
1133 304 57 75 the

157 351 120 75 f$veral
288 351 85 75 parts
385 351 40 75 of
436 351 54 75 the
502 351 173 75 multiplier
685 351 70 75 into
767 351 44 75 all
822 351 55 75 the
889 351 87 75 parts
988 351 40 75 of
1039 351 55 75 the
1108 351 82 75 mul-

158 398 167 75 tiplicand.

207 444 76 75 The
295 444 146 75 contents
457 444 39 75 of
508 444 107 75 mafon
632 444 61 75 and
707 444 122 75 joiners
847 444 90 75 work
954 444 55 75 are
1026 444 165 75 frequent-

159 490 34 75 ly
205 490 63 75 call
283 490 44 75 up
344 490 41 75 by
402 490 64 75 this
484 490 79 75 kind
578 490 40 75 of
628 490 245 75 multiplication
885 490 11 75 ;
922 490 52 75 for
986 490 206 75 underftand-

161 537 54 75 ing
232 537 40 75 of
291 537 106 75 which
414 537 142 75 obferve,
583 537 70 75 that

207 586 77 75 The
300 586 175 75 fupierficial
492 586 130 75 content
646 586 40 75 of
705 586 61 75 any
787 586 158 75 redtangle
970 586 26 75 is
1020 586 101 75 found
1147 586 45 75 by

161 630 206 75 multiplying
378 630 54 75 the
444 630 112 75 length
568 630 70 75 into
654 630 55 75 the
726 630 136 75 breadth
874 630 10 75 ;
912 630 62 75 and
992 630 54 75 the
1062 630 131 75 content

163 676 40 75 of
215 676 16 75 a
248 676 219 75 right-angled
479 676 136 75 triangle
632 676 26 75 is
671 676 100 75 found
785 676 42 75 by
839 676 204 75 multiplying
1055 676 54 75 the
1120 676 73 75 bafe

161 722 70 75 into
248 722 74 75 half
339 722 56 75 the
412 722 241 75 perpendicular
671 722 36 75 or
724 722 125 75 height.

209 767 76 75 The
300 767 188 75 dimenfions
501 767 54 75 are
565 767 122 75 ufually
699 767 95 75 taken
806 767 31 75 in
856 767 94 75 lineal
969 767 78 75 feet,
1070 767 122 75 inches,

162 816 64 75 and
235 816 102 75 lines;
364 816 63 75 and
439 816 55 75 the
509 816 167 75 operation
691 816 28 75 is
737 816 183 75 performed
936 816 43 75 by
996 816 55 75 the
1068 816 125 75 follow-

160 864 56 75 ing
239 864 98 75 rules.

210 931 30 75 I.
266 931 77 75 Any
367 931 94 75 lineal
484 931 141 75 meafure
648 931 181 75 multiplied
861 931 69 75 into
953 931 56 75 the
1040 931 83 75 fame
1154 931 40 75 li-

160 976 72 75 neal
264 976 141 75 meafure
432 976 156 75 produces
615 976 129 75 fquares
766 976 40 75 of
825 976 71 75 that
923 976 105 75 name.
1083 976 109 75 Thus,

162 1023 96 75 lineal
285 1023 66 75 feet
379 1023 182 75 multiplied
586 1023 69 75 into
681 1023 94 75 lineal
808 1023 66 75 feet
907 1023 141 75 produce
1081 1023 112 75 fquare

162 1068 87 75 feet;
292 1068 95 75 lineal
415 1068 108 75 inches
551 1068 69 75 into
646 1068 97 75 lineal
771 1068 109 75 inches
913 1068 142 75 produce
1078 1068 115 75 fquare

162 1116 124 75 inches,
313 1116 64 75 i^r.

210 1163 48 75 II.
285 1163 115 75 Lineal
417 1163 66 75 feet
512 1163 69 75 into
604 1163 96 75 lineal
723 1163 108 75 inches
857 1163 142 75 produce
1022 1163 175 75 redangles

167 1209 14 75 1
201 1209 70 75 foot
287 1209 77 75 long
380 1209 63 75 and
463 1209 13 75 1
498 1209 74 75 inch
589 1209 113 75 broad,
719 1209 106 75 which
841 1209 130 75 divided
986 1209 44 75 by
1045 1209 35 75 12
1096 1209 100 75 quote

162 1254 113 75 fquare
292 1254 85 75 feet:
405 1254 62 75 and
483 1254 56 75 the
563 1254 177 75 remainder
765 1254 180 75 multiplied
968 1254 44 75 by
1040 1254 54 75 12,
1120 1254 73 75 pro-

163 1300 96 75 duces
276 1300 114 75 fquare
405 1300 128 75 inches..

210 1348 66 75 III.
302 1348 116 75 Lineal
435 1348 65 75 feet
516 1348 68 75 into
600 1348 94 75 lineal
710 1348 81 75 lines
821 1348 141 75 produce
980 1348 174 75 redangles
1176 1348 14 75 1

163 1395 70 75 foot
250 1395 77 75 long
343 1395 61 75 and
426 1395 13 75 1
459 1395 64 75 line
534 1395 113 75 broad,
672 1395 107 75 which
799 1395 131 75 divided
949 1395 43 75 by
1014 1395 65 75 144
1096 1395 100 75 quote

163 1442 113 75 fquare
293 1442 87 75 feet;
407 1442 63 75 and
488 1442 55 75 the
560 1442 195 75 remainders
772 1442 53 75 are
850 1442 174 75 redangles
1048 1442 97 75 equal
1159 1442 37 75 to

162 1488 114 75 fquare
293 1488 121 75 inches.

211 1534 64 75 IV.
300 1534 115 75 Lineal
435 1534 110 75 inches
562 1534 72 75 into
647 1534 94 75 lineal
758 1534 80 75 lines
854 1534 142 75 produce
1008 1534 89 75 fmall
1115 1534 80 75 red-

163 1580 110 75 angles
303 1580 14 75 1
348 1580 73 75 inch
443 1580 77 75 long
536 1580 62 75 and
620 1580 13 75 x
654 1580 62 75 line
740 1580 114 75 broad,
883 1580 106 75 4hich
1006 1580 130 75 divided
1152 1580 44 75 by

170 1630 38 75 12
226 1630 99 75 quote
347 1630 115 75 fquare
478 1630 130 75 inches;
636 1630 60 75 and
722 1630 56 75 the
801 1630 191 75 remainder,
1017 1630 181 75 multiplied

164 1675 44 75 by
229 1675 45 75 12'
274 1675 9 75 ,
308 1675 157 75 produces
482 1675 112 75 fquare
610 1675 93 75 lines.

212 1757 152 75 Examp.
381 1757 30 75 I.
461 1757 38 75 In
517 1757 38 75 an
573 1757 85 75 area,
684 1757 179 75 pavement,
889 1757 37 75 or
943 1757 87 75 piece
1055 1757 41 75 of
1115 1757 80 75 plai-

165 1803 182 75 fter-work,
371 1803 33 75 in
420 1803 112 75 length
549 1803 45 75 24
610 1803 66 75 feet
695 1803 18 75 7
727 1803 121 75 inches,
874 1803 63 75 and
947 1803 34 75 in
996 1803 137 75 breadth
1154 1803 40 75 18

164 1850 67 75 feet
250 1850 18 75 5
281 1850 122 75 inches,
428 1850 73 75 how
519 1850 94 75 many
631 1850 113 75 fquare
762 1850 65 75 feet
840 1850 12 75 ?

556 1920 201 75 18X7=126

552 1965 205 75 24X5=120

248 2202 65 75 452

633 2055 195 75 12)246(20

692 2114 43 75 24

667 2197 176 75 12X6=72

914 2053 43 75 by
974 2053 86 75 Rule
1076 2053 48 75 II.

215 2277 90 75 Here
321 2277 150 75 multiply
490 2277 41 75 18
555 2277 95 75 lineal
675 2277 66 75 feet
766 2277 69 75 into
853 2277 44 75 24
914 2277 98 75 lineal
1034 2277 78 75 feet,
1137 2277 63 75 and

169 2324 57 75 the
243 2324 132 75 produd
399 2324 27 75 is
445 2324 65 75 432
535 2324 113 75 fquare
672 2324 87 75 feet;
786 2324 77 75 then
886 2324 150 75 multiply
1062 2324 16 75 5
1105 2324 94 75 lineal

170 2370 110 75 inches
297 2370 68 75 into
383 2370 17 75 7
418 2370 96 75 lineal
530 2370 121 75 inches,
676 2370 62 75 and
755 2370 56 75 the
833 2370 131 75 produd
981 2370 25 75 is
1026 2370 41 75 35
1086 2370 113 75 fquare

169 2417 124 75 inches,
317 2417 45 75 by
377 2417 86 75 Rule
479 2417 55 75 I.;
560 2417 77 75 then
660 2417 148 75 multiply
830 2417 37 75 18
886 2417 94 75 lineal
1004 2417 65 75 feet
1092 2417 69 75 into
1179 2417 19 75 7

170 2461 95 75 lineal
281 2461 123 75 inches,
428 2461 63 75 and
506 2461 55 75 the
577 2461 135 75 produd
727 2461 26 75 is
775 2461 86 75 126;
887 2461 62 75 and
973 2461 92 75 again
1090 2461 109 75 multi-

170 2510 56 75 ply
246 2510 43 75 04
305 2510 96 75 lineal
418 2510 65 75 feet
498 2510 70 75 into
588 2510 15 75 5
622 2510 96 75 lineal
733 2510 122 75 inches,
880 2510 62 75 and
954 2510 56 75 the
1027 2510 133 75 produd
1170 2510 29 75 is

175 2558 90 75 J20;
296 2558 106 75 which
427 2558 105 75 added
556 2558 35 75 to
614 2558 57 75 the
695 2558 121 75 former
839 2558 146 75 produd,
1019 2558 88 75 gives
1132 2558 67 75 246

169 2602 192 75 Tedangles,
383 2602 77 75 each
476 2602 97 75 being
593 2602 15 75 1
629 2602 118 75 foot.in
768 2602 110 75 length
902 2602 62 75 and
985 2602 62 75 one
1073 2602 73 75 inch
1167 2602 34 75 in

172 2648 158 75 breadth;
356 2648 87 75 thefe
461 2648 131 75 divided
607 2648 42 75 by
668 2648 38 75 12
725 2648 98 75 quote
836 2648 44 75 20
897 2648 114 75 fquare
1026 2648 86 75 feet;
1139 2648 63 75 and

172 2696 57 75 the
246 2696 179 75 remainder
447 2696 21 75 6
486 2696 180 75 multiplied
689 2696 43 75 by
761 2696 54 75 12,
841 2696 156 75 produces
1022 2696 41 75 72
1088 2696 113 75 fquare

172 2741 124 75 inches,
320 2741 171 75 according
505 2741 36 75 to
557 2741 86 75 Rule
659 2741 49 75 H.
720 2741 14 75 ;
757 2741 87 75 thefc
856 2741 68 75 add
947 2741 34 75 to
1006 2741 55 75 the
1081 2741 121 75 former

174 2786 114 75 fquare
300 2786 72 75 feet
380 2786 62 75 and
453 2786 121 75 inches,
588 2786 62 75 and
662 2786 100 75 youâ€™ll
780 2786 64 75 find
860 2786 55 75 the
932 2786 119 75 anfwer
1068 2786 37 75 or
1121 2786 81 75 total

173 2834 135 75 produd
325 2834 35 75 to
376 2834 39 75 be
428 2834 65 75 452
511 2834 113 75 fquare
639 2834 81 75 feet,
744 2834 62 75 and
827 2834 62 75 107
908 2834 112 75 fquare
1031 2834 124 75 inches.

223 2914 151 75 Examp.
391 2914 49 75 II.
489 2914 39 75 In
545 2914 39 75 an
600 2914 73 75 area
688 2914 36 75 or
741 2914 93 75 floor,
858 2914 32 75 in
906 2914 111 75 length
1037 2914 42 75 38
1096 2914 67 75 feet
1179 2914 22 75 9

175 2962 108 75 foches
301 2962 21 75 6
339 2962 93 75 lines,
456 2962 62 75 and
534 2962 32 75 in
587 2962 136 75 breadth
742 2962 40 75 23
801 2962 66 75 feet
884 2962 21 75 8
927 2962 110 75 inches
1063 2962 20 75 6
1108 2962 92 75 lines,

176 3009 75 75 how.
267 3009 93 75 many
376 3009 115 75 fquare
505 3009 91 75 feeti

1429 191 379 75 TICK,

1486 454 56 75 3*j

1692 262 204 75 23X9=207

1688 306 207 75 38X8=304

1767 401 195 75 12)511(42

1852 447 43 75 48

1878 549 40 75 B-i

1878 594 43 75 24

1537 867 51 75 By
1598 867 85 75 Rule
1693 867 66 75 III.

2076 468 194 75 ByRuleH.

2063 870 208 75 ByRulelV.

1324 673 121 75 9x998

1244 727 204 75 38X6=228

1241 774 204 75 23X6=138

1292 869 193 75 144)366(2

1379 913 65 75 288

1406 1009 40 75 78

1834 1009 198 75 12X6=72.

1289 1067 140 75 Becaufe
1446 1067 55 75 the
1525 1067 67 75 fum
1626 1067 41 75 of
1686 1067 55 75 the
1768 1067 108 75 inches
1900 1067 138 75 exceeds
2065 1067 78 75 144,
2181 1067 96 75 carry

1247 1112 13 75 1
1277 1112 86 75 from
1379 1112 88 75 them
1484 1112 36 75 to
1536 1112 56 75 the
1609 1112 129 75 column
1753 1112 41 75 of
1810 1112 81 75 feet,
1916 1112 63 75 and
1995 1112 46 75 fet
2058 1112 94 75 down
2169 1112 104 75 theo-

1242 1159 141 75 verplus,
1408 1159 71 75 viz.
1498 1159 58 75 98.

1290 1204 76 75 The
1383 1204 165 75 operation
1564 1204 74 75 may
1654 1204 40 75 be
1710 1204 158 75 rendered
1888 1204 96 75 eafier
2006 1204 62 75 and
2092 1204 123 75 flxorter
2231 1204 45 75 by

1242 1250 177 75 previcufly
1446 1250 152 75 reducing
1625 1250 55 75 the
1708 1250 116 75 fadors
1850 1250 36 75 to
1912 1250 66 75 two
2006 1250 268 75 denominations,

1243 1296 68 75 viz.
1337 1296 110 75 inches
1464 1296 61 75 and
1541 1296 94 75 lines.
1674 1296 96 75 Thus
1787 1296 55 75 the
1859 1296 119 75 former
1990 1296 146 75 example
2148 1296 73 75 may
2233 1296 41 75 be

1242 1344 158 75 prop.ofed
1415 1344 62 75 and
1494 1344 149 75 wrought
1660 1344 33 75 as
1711 1344 140 75 follows.

1289 1389 37 75 In
1344 1389 38 75 an
1401 1389 72 75 area
1489 1389 37 75 or
1542 1389 95 75 floor,
1661 1389 34 75 in
1710 1389 111 75 length
1840 1389 67 75 465
1928 1389 109 75 inches
2055 1389 21 75 6
2092 1389 93 75 lines,
2211 1389 67 75 and

1241 1435 32 75 in
1290 1435 136 75 breadth
1445 1435 68 75 284
1536 1435 108 75 inches
1669 1435 23 75 6
1708 1435 93 75 fines,
1827 1435 74 75 how
1923 1435 94 75 many
2033 1435 113 75 fquare
2166 1435 110 75 inches

1243 1483 62 75 and
1321 1483 66 75 feet
1400 1483 13 75 ?

1580 1550 252 75 465X6=2790

1579 1596 251 75 284X6=1704

2045 1687 52 75 By
2108 1687 86 75 Rule
2208 1687 66 75 IV.

1288 1928 75 75 The
1387 1928 120 75 anfwer
1528 1928 77 75 here
1628 1928 28 75 is
1677 1928 140 75 1324314
1835 1928 114 75 fquare
1972 1928 124 75 inches,
2120 1928 62 75 and
2209 1928 64 75 xo8

1243 1976 113 75 fquare
1372 1976 103 75 lines;
1501 1976 61 75 and
1579 1976 31 75 if
1629 1976 55 75 the
1700 1976 110 75 inches
1826 1976 40 75 be
1881 1976 133 75 divided
2036 1976 43 75 by
2107 1976 77 75 144,
2213 1976 60 75 you

1244 2021 66 75 will
1327 2021 80 75 have
1425 2021 67 75 910
1509 2021 112 75 fquare
1638 2021 65 75 feet
1720 2021 66 75 and
1801 2021 19 75 a
1838 2021 179 75 remainder
2041 2021 40 75 of
2101 2021 42 75 98
2162 2021 114 75 fquare

1244 2067 121 75 inches,
1390 2067 34 75 as
1439 2067 125 75 before.

1293 2113 49 75 Or
1358 2113 56 75 the
1430 2113 118 75 fadors
1565 2113 74 75 may
1655 2113 39 75 be
1718 2113 140 75 reduced
1873 2113 36 75 to
1931 2113 55 75 the
2001 2113 109 75 lowed
2132 2113 143 75 denomi-

1245 2160 120 75 nation,
1391 2160 73 75 viz.
1489 2160 94 75 lines,
1609 2160 62 75 and
1695 2160 79 75 then
1797 2160 54 75 the
1875 2160 134 75 produd
2025 2160 68 75 will
2108 2160 39 75 be
2163 2160 114 75 fquare

1245 2208 93 75 fines,
1362 2208 119 75 which,
1506 2208 131 75 divided
1661 2208 46 75 by
1728 2208 73 75 144,
1826 2208 69 75 will
1910 2208 99 75 quote
2024 2208 113 75 fquare
2152 2208 123 75 inches,

1246 2253 62 75 and
1331 2253 55 75 the
1403 2253 179 75 remainder
1597 2253 66 75 will
1688 2253 38 75 be
1750 2253 113 75 fquare
1885 2253 102 75 lines;
2013 2253 62 75 and
2091 2253 56 75 the
2162 2253 116 75 fquare

1246 2300 124 75 inches,
1391 2300 129 75 divided
1538 2300 44 75 by
1601 2300 81 75 144,
1704 2300 67 75 will
1787 2300 98 75 quote
1900 2300 114 75 fquare
2039 2300 76 75 feet,
2142 2300 63 75 and
2220 2300 56 75 the

1248 2346 176 75 remainder
1451 2346 66 75 will
1543 2346 39 75 be
1609 2346 114 75 fquare
1748 2346 122 75 inches.
1927 2346 120 75 Again,
2080 2346 56 75 the
2163 2346 114 75 fquare

1247 2393 78 75 feet,
1350 2393 129 75 divided
1496 2393 44 75 by
1558 2393 34 75 9,
1616 2393 66 75 will
1699 2393 101 75 quote
1815 2393 112 75 fquare
1946 2393 109 75 yards,
2079 2393 62 75 and
2158 2393 55 75 the
2225 2393 50 75 re-

1247 2439 145 75 mainder
1406 2439 66 75 will
1489 2439 40 75 be
1545 2439 113 75 fquare
1674 2439 88 75 feet;
1788 2439 63 75 and
1866 2439 56 75 the
1936 2439 115 75 fquare
2066 2439 110 75 yards,
2194 2439 82 75 divi-

1246 2486 64 75 ded
1327 2486 42 75 by
1391 2486 57 75 36,
1472 2486 66 75 will
1556 2486 98 75 quote
1675 2486 118 75 fquare
1812 2486 111 75 roods,
1947 2486 65 75 and
2027 2486 56 75 the
2099 2486 178 75 remainder

1248 2533 68 75 will
1332 2533 39 75 be
1387 2533 113 75 fquare
1514 2533 109 75 yards.

1295 2578 37 75 If
1350 2578 64 75 this
1431 2578 84 75 crofs
1532 2578 243 75 multiplication
1791 2578 42 75 be
1849 2578 162 75 extended
2027 2578 37 75 to
2078 2578 57 75 the
2152 2578 123 75 menfii-

1248 2624 102 75 ration
1363 2624 41 75 of
1427 2624 108 75 folids,
1561 2624 55 75 the
1633 2624 127 75 content
1773 2624 41 75 of
1833 2624 106 75 which
1955 2624 28 75 is
2000 2624 100 75 found
2113 2624 43 75 by
2169 2624 107 75 multi-

1248 2670 108 75 plying
1373 2670 56 75 the
1440 2670 177 75 fuperficial
1633 2670 128 75 content
1778 2670 40 75 of
1838 2670 56 75 the
1909 2670 72 75 bafe
1997 2670 69 75 into
2079 2670 54 75 the
2149 2670 126 75 height,

1247 2717 112 75 depth,
1383 2717 124 75 length,
1532 2717 37 75 or
1585 2717 172 75 thicknefs,
1782 2717 55 75 the
1854 2717 164 75 operation
2034 2717 80 75 muft
2135 2717 40 75 be
2199 2717 76 75 con-

1249 2766 116 75 ducted
1380 2766 42 75 by
1434 2766 55 75 the
1505 2766 167 75 following
1689 2766 98 75 rules.

1302 2825 44 75 V.
1380 2825 78 75 Any
1473 2825 175 75 fuperficial
1672 2825 140 75 meafure
1830 2825 179 75 multiplied
2025 2825 68 75 into
2113 2825 55 75 the
2191 2825 85 75 fame

1249 2870 96 75 lineal
1356 2870 141 75 meafure
1509 2870 155 75 produces
1688 2870 19 75 a
1723 2870 79 75 folid
1814 2870 40 75 of
1865 2870 55 75 the
1933 2870 83 75 fame
2027 2870 103 75 name.
2177 2870 100 75 Thus

1249 2916 174 75 fuperficial
1438 2916 67 75 feet
1525 2916 180 75 multiplied
1727 2916 68 75 into
1818 2916 96 75 lineal
1938 2916 66 75 feet
2025 2916 141 75 produce
2194 2916 87 75 folicf

1248 2963 86 75 feet;
1361 2963 172 75 fuperficial
1550 2963 109 75 inches
1676 2963 180 75 multiplied
1871 2963 74 75 ixita
1956 2963 219 75 lineal.inches
2198 2963 76 75 pro-

1245 3012 80 75 duce
1340 3012 92 75 folid.
1436 3012 122 75 inches,
1583 3012 64 75 <&c.
