2431 3327
524 121 42 75 A
623 121 43 75 D
726 121 40 75 V

1109 121 22 75 (
1188 121 12 75 i

196 189 86 75 upon
305 189 19 75 a
339 189 80 75 very
435 189 160 75 extenfive
611 189 87 75 plan,
722 189 165 75 fuggefted
903 189 43 75 by
964 189 70 75 that
1048 189 132 75 learned

198 236 63 75 and
287 236 140 75 eminent
450 236 121 75 lawyer
596 236 54 75 Sir
666 236 133 75 George
815 236 182 75 M'Kenzie
1014 236 40 75 of
1076 236 103 75 Rofe-

196 281 120 75 haugh,
342 281 153 75 advocate
512 281 36 75 to
559 281 90 75 King
666 281 137 75 Charles
821 281 49 75 II.
895 281 63 75 and
969 281 90 75 King
1071 281 108 75 James

197 327 81 75 VII.
303 327 75 75 who
393 327 153 75 enriched
567 327 28 75 it
617 327 79 75 with
715 327 96 75 many
821 327 145 75 valuable
982 327 117 75 books.
1147 327 33 75 It

196 374 57 75 has
269 374 80 75 been
364 374 88 75 daily
466 374 173 75 increafing
650 374 81 75 finee
747 374 71 75 that
830 374 90 75 time,
938 374 63 75 and
1015 374 72 75 now
1103 374 76 75 con-

196 421 81 75 tains
295 421 57 75 not
371 421 78 75 only
471 421 57 75 the
544 421 66 75 belt
627 421 169 75 collection
812 421 40 75 of
862 421 182 75 law-books
1061 421 33 75 in
1109 421 71 75 Eu-

194 467 90 75 rope,
309 467 58 75 but
384 467 19 75 a
418 467 79 75 very
505 467 90 75 large
608 467 63 75 and
681 467 94 75 feleCt
792 467 167 75 collection
975 467 41 75 of
1023 467 100 75 books
1137 467 42 75 on

195 512 44 75 all
260 512 153 75 fubjeCts.
461 512 143 75 Befides,
629 512 65 75 this
721 512 122 75 library
870 512 144 75 contains
1042 512 20 75 a
1087 512 93 75 great

195 559 133 75 number
343 559 42 75 of
395 559 135 75 original
553 559 221 75 manufcripts,
800 559 64 75 and
879 559 19 75 a
913 559 66 75 vaft
993 559 125 75 variety
1144 559 42 75 of

194 605 130 75 Jewifh,
349 605 156 75 Grecian,
539 605 141 75 Roman,
716 605 108 75 Scots,
858 605 64 75 and
937 605 133 75 Englilh
1090 605 88 75 coins

195 652 64 75 and
277 652 135 75 medals.

743 652 15 75 \
830 652 4 75 ,

242 699 34 75 A
292 699 166 75 candidate
475 699 52 75 for
541 699 56 75 the
613 699 92 75 office
720 699 42 75 of
772 699 40 75 an
829 699 155 75 advocate
999 699 178 75 undergoes

194 744 92 75 three
297 744 122 75 feveral
431 744 111 75 trials:
569 744 77 75 The
661 744 65 75 firft
740 744 28 75 is
781 744 34 75 in
831 744 112 75 Latin,
968 744 85 75 upon
1065 744 56 75 the
1133 744 45 75 ci-

194 791 43 75 vil
254 791 62 75 law
332 791 64 75 and
411 791 114 75 Greek
541 791 63 75 and
615 791 127 75 Roman
755 791 184 75 antiquities
952 791 9 75 ;
980 791 56 75 the
1047 791 130 75 fecond,

193 836 34 75 in
244 836 144 75 Englilh,
414 836 86 75 upon
517 836 55 75 the
588 836 172 75 municipal
776 836 62 75 law
861 836 41 75 of
914 836 174 75 Scotland;
1116 836 63 75 and

193 882 34 75 in
244 882 54 75 the
315 882 100 75 third,
441 882 41 75 he
507 882 28 75 is
563 882 133 75 obliged
712 882 35 75 to
769 882 120 75 defend
911 882 18 75 a
953 882 100 75 Latin
1069 882 106 75 thefis,

193 929 106 75 which
323 929 26 75 is
378 929 173 75 impugned
564 929 46 75 by
626 929 92 75 three
734 929 157 75 members
908 929 41 75 of
959 929 56 75 the
1036 929 138 75 faculty.

192 976 225 75 Immediately
428 976 112 75 before
551 976 128 75 putting
690 976 43 75 on
744 976 56 75 the
816 976 106 75 gown,
939 976 56 75 the
1007 976 170 75 candidate

193 1022 108 75 makes
318 1022 20 75 a
353 1022 86 75 Ihort
451 1022 100 75 Latin
562 1022 113 75 Ipeech
688 1022 35 75 to
735 1022 56 75 the
801 1022 102 75 lords,
921 1022 63 75 and
995 1022 78 75 then
1085 1022 90 75 takes

192 1068 56 75 the
264 1068 94 75 oaths
374 1068 35 75 to
428 1068 55 75 the
498 1068 209 75 government
724 1068 62 75 and
802 1068 39 75 de
849 1068 68 75 fide
919 1068 38 75 It.

238 1115 78 75 The
331 1115 125 75 faculty
472 1115 33 75 at
523 1115 127 75 prefent
672 1115 129 75 confifts
819 1115 43 75 of
874 1115 100 75 above
992 1115 68 75 200
1075 1115 101 75 mem-

191 1161 86 75 bers.
324 1161 49 75 As
398 1161 40 75 an
454 1161 154 75 advocate
624 1161 38 75 or
676 1161 121 75 lawyer
812 1161 28 75 is
856 1161 156 75 elteemed
1026 1161 57 75 the
1098 1161 77 75 gen-

191 1207 109 75 teeleft
316 1207 166 75 profeffion
502 1207 32 75 in
551 1207 167 75 Scotland,
743 1207 96 75 many
854 1207 181 75 gentlemen
1051 1207 41 75 of
1109 1207 66 75 for-

192 1254 77 75 tune
285 1254 75 75 take
386 1254 56 75 the
464 1254 117 75 degree
596 1254 41 75 of
648 1254 166 75 advocate,
830 1254 138 75 without
978 1254 120 75 having
1113 1254 64 75 any

193 1301 159 75 intention
368 1301 40 75 of
418 1301 163 75 praCtiling
597 1301 33 75 at
646 1301 57 75 the
718 1301 71 75 bar.
836 1301 87 75 This
951 1301 223 75 circumftance

192 1346 127 75 greatly
341 1346 153 75 increafes
524 1346 84 75 their
635 1346 146 75 number,
814 1346 87 75 gives
925 1346 126 75 dignity
1067 1346 35 75 to
1119 1346 55 75 the

192 1394 178 75 profeffion,
395 1394 63 75 and
473 1394 142 75 enriches
638 1394 87 75 their
740 1394 121 75 library
877 1394 63 75 and
955 1394 108 75 public
1079 1394 93 75 fund.

191 1439 36 75 It
240 1439 26 75 is
283 1439 85 75 from
390 1439 64 75 this
471 1439 189 75 refpeCtable
680 1439 98 75 body,
803 1439 72 75 that
890 1439 43 75 all
949 1439 165 75 vacancies
1131 1439 42 75 on

193 1485 55 75 the
264 1485 102 75 bench
384 1485 53 75 are
454 1485 164 75 generally
633 1485 155 75 fupplied,

145 1532 109 75 Fifcal
269 1532 235 75 Advocate,
521 1532 75 75 fifci
615 1532 189 75 advocatus,
829 1532 33 75 in
887 1532 130 75 Roman
1033 1532 139 75 antiqui-

192 1577 48 75 ty,
257 1577 40 75 an
311 1577 111 75 officer
435 1577 42 75 of
487 1577 78 75 ftate
576 1577 101 75 under
688 1577 55 75 the
755 1577 127 75 Roman
891 1577 188 75 Emperors,
1097 1577 75 75 who

193 1625 135 75 pleaded
343 1625 32 75 in
388 1625 42 75 all
442 1625 105 75 caufes
560 1625 141 75 wherein
713 1625 55 75 the
775 1625 111 75 fifcus,
903 1625 39 75 or
953 1625 123 75 private
1088 1625 84 75 trea-

193 1669 84 75 fury,
296 1669 63 75 was
371 1669 191 75 concerned.

148 1715 203 75 Conjijlorial
376 1715 251 75 Advocates,
659 1715 125 75 officers
807 1715 42 75 of
866 1715 56 75 the
949 1715 168 75 confiftory
1140 1715 52 75 at.

195 1761 117 75 Rome,
336 1761 74 75 who
426 1761 94 75 plead
545 1761 33 75 in
596 1761 42 75 all
658 1761 191 75 oppofitions
866 1761 35 75 to
916 1761 56 75 the
987 1761 134 75 difpofal
1137 1761 41 75 of

194 1808 154 75 benefices
365 1808 32 75 in
413 1808 71 75 that
507 1808 114 75 court;
649 1808 77 75 they
742 1808 54 75 are
812 1808 53 75 ten
880 1808 33 75 in
930 1808 166 75 number.,
1194 1808 6 75 ,

146 1854 214 75 Advocate
378 1854 44 75 of
426 1854 23 75 a
471 1854 75 75 city,
571 1854 32 75 in
631 1854 55 75 the
713 1854 147 75 German
887 1854 114 75 polity,
1027 1854 20 75 a
1068 1854 101 75 magi-

192 1900 93 75 ftrate
301 1900 172 75 appointed
486 1900 33 75 in
537 1900 54 75 the
617 1900 190 75 Emperor’s
832 1900 90 75 name
938 1900 36 75 to
990 1900 180 75 adminifter

187 1947 124 75 juftice.

144 1993 75 75 Bill
232 1993 42 75 of
280 1993 340 75 ADVOCATION,
638 1993 32 75 in
683 1993 95 75 Scots
790 1993 75 75 law,
883 1993 19 75 a
913 1993 128 75 writing
1057 1993 110 75 drawn

188 2040 42 75 up
242 2040 32 75 in
290 2040 55 75 the
357 2040 84 75 form
453 2040 40 75 of
499 2040 24 75 a
538 2040 147 75 petition,
702 2040 153 75 whereby
866 2040 19 75 a
895 2040 105 75 party,
1014 2040 30 75 in
1062 2040 39 75 an
1112 2040 54 75 ac-

188 2086 68 75 tion
272 2086 111 75 before
399 2086 37 75 an
453 2086 134 75 inferior
609 2086 104 75 court,
741 2086 119 75 applies
884 2086 36 75 to
945 2086 56 75 the
1023 2086 143 75 fupreme

190 2132 104 75 court,
312 2132 37 75 or
366 2132 92 75 court
473 2132 41 75 of
526 2132 133 75 Seffion,
684 2132 52 75 for
752 2132 116 75 calling
884 2132 56 75 the
964 2132 102 75 action
1081 2132 85 75 from

189 2179 54 75 the
263 2179 131 75 inferior
410 2179 92 75 court
517 2179 110 75 before
645 2179 99 75 itfelf.
794 2179 61 75 See
873 2179 106 75 Law,
995 2179 84 75 title,
1098 2179 69 75 Ju-

189 2226 176 75 rifdiftion,
390 2226 69 75 and
463 2226 121 75 judges
600 2226 36 75 in
645 2226 151 75 general.

142 2272 129 75 Letters
288 2272 43 75 of
335 2272 277 75 Advocation,
637 2272 32 75 in
693 2272 94 75 Scots
811 2272 74 75 law,
911 2272 56 75 the
991 2272 113 75 decree
1127 2272 39 75 or

189 2318 135 75 warrant
341 2318 40 75 of
392 2318 55 75 the
460 2318 91 75 court
567 2318 41 75 of
620 2318 118 75 Seffion
755 2318 85 75 upon
852 2318 183 75 cognifance
1058 2318 42 75 of
1110 2318 56 75 the

188 2364 78 75 fafts
283 2364 47 75 fet
352 2364 89 75 forth
457 2364 32 75 in
513 2364 55 75 the
592 2364 71 75 bill,
687 2364 110 75 drawn
813 2364 42 75 up
872 2364 31 75 in
921 2364 55 75 the
993 2364 85 75 form
1093 2364 41 75 of
1145 2364 20 75 a

188 2412 170 75 fummons,
383 2412 62 75 and
456 2412 115 75 paffing
586 2412 102 75 under
699 2412 54 75 the
766 2412 111 75 fignet,
894 2412 200 75 difcharging
1109 2412 56 75 the

188 2459 132 75 inferior
331 2459 99 75 judge
446 2459 64 75 and
520 2459 44 75 all
575 2459 110 75 others
702 2459 84 75 from
801 2459 127 75 further
939 2459 176 75 procedure
1131 2459 33 75 in

188 2504 55 75 the
265 2504 103 75 caufe,
394 2504 63 75 and
481 2504 191 75 advocating
693 2504 27 75 it
743 2504 36 75 to
801 2504 98 75 itfelf.
950 2504 67 75 See-
1038 2504 75 75 Bill
1131 2504 45 75 of

186 2552 280 75 Advocation.

140 2600 360 75 ADVOCATIONE
524 2600 209 75 decimarum,
756 2600 24 75 a
804 2600 76 75 writ
905 2600 107 75 which
1037 2600 57 75 lies
1112 2600 52 75 for

188 2646 147 75 claiming
349 2646 20 75 a
384 2646 109 75 fourth
510 2646 71 75 part
596 2646 51 75 fqr
660 2646 114 75 tidres,
798 2646 38 75 or
847 2646 159 75 upwards,
1032 2646 130 75 belong-

187 2690 53 75 ing
256 2690 35 75 to
308 2690 62 75 any
385 2690 132 75 church.

142 2738 281 75 ADVOUSON,
447 2738 289 75 orAnvouzEN.
785 2738 318 75 SeeAnvowzoN.

141 2783 69 75 AD
213 2783 114 75 VOU,
352 2783 32 75 in
411 2783 74 75 law,
510 2783 132 75 fignifies
670 2783 56 75 the
753 2783 113 75 patron
882 2783 39 75 of
932 2783 20 75 a
966 2783 133 75 church,
1125 2783 38 75 or

188 2828 40 75 he
250 2828 74 75 who
340 2828 56 75 has
412 2828 20 75 a
451 2828 87 75 right
555 2828 35 75 to
605 2828 126 75 prefent
746 2828 35 75 to
801 2828 19 75 a
835 2828 151 75 benefice.

143 2876 201 75 Paramount
360 2876 265 75 ADVOWEE,
649 2876 28 75 is
693 2876 76 75 ufed
784 2876 52 75 for
856 2876 56 75 the
934 2876 89 75 king,
1048 2876 34 75 as
1106 2876 55 75 be-

189 2919 52 75 ing
257 2919 54 75 the
327 2919 122 75 higheft
464 2919 127 75 patron.

143 2969 289 75 ADVOWING.
481 2969 61 75 See
563 2969 210 75 Avowing,

190 3012 91 75 Vol.
298 3012 30 75 I,
352 3012 71 75 No,
442 3012 34 75 2.

1219 119 23 75 9
1300 119 19 75 )

1664 119 57 75 iE
1775 119 45 75 G
1877 119 18 75 I

1233 187 303 75 ADVOWTRY,
1562 187 19 75 a
1597 187 82 75 term
1694 187 78 75 ufed
1788 187 33 75 in
1839 187 87 75 fome
1941 187 58 75 old
2014 187 180 75 law-books
2211 187 53 75 for

1278 233 158 75 adultery.

1232 280 301 75 ADVOWZON,
1559 280 32 75 in
1615 280 74 75 law,
1714 280 28 75 is
1768 280 57 75 the
1848 280 87 75 right
1952 280 40 75 of
2010 280 187 75 patronage,
2224 280 38 75 or

1278 327 178 75 prefenting
1472 327 35 75 to
1528 327 18 75 a
1561 327 116 75 vacant
1692 327 154 75 benefice,

1230 374 181 75 ADUST,
1429 374 115 75 among
1555 374 188 75 phyficians,
1762 374 19 75 a
1791 374 82 75 term
1885 374 127 75 applied
2027 374 36 75 to
2079 374 55 75 the
2146 374 116 75 blood,

1279 420 64 75 &c.
1368 420 93 75 when
1476 420 57 75 too
1549 420 59 75 hot
1625 420 62 75 and
1703 420 92 75 fiery.

1230 469 269 75 ADUSTION,
1525 469 116 75 among
1656 469 188 75 phyficians,
1870 469 55 75 the
1941 469 84 75 fame
2040 469 80 75 with
2137 469 123 75 inflam-

1277 512 134 75 mation.

1230 559 228 75 ADYTUM,
1475 559 34 75 in
1524 559 103 75 pagan
1645 559 170 75 antiquity,
1833 559 56 75 the
1905 559 81 75 moft
2002 559 120 75 retired
2138 559 62 75 and
2211 559 48 75 fa-

1277 605 77 75 cred
1367 605 91 75 place
1485 605 41 75 of
1543 605 85 75 their
1653 605 147 75 temples,
1818 605 75 75 .into
1910 605 106 75 which
2032 605 82 75 none
2130 605 58 75 but
2204 605 56 75 the

1277 651 109 75 priefts
1404 651 84 75 were
1505 651 137 75 allowed
1657 651 35 75 to
1707 651 104 75 enter.

1229 698 180 75 ADZEL,
1428 698 17 75 a
1457 698 89 75 fmall
1558 698 88 75 town
1658 698 41 75 of
1711 698 151 75 Livonia,
1880 698 138 75 fituated
2028 698 42 75 on
2082 698 55 75 the
2149 698 110 75 fouth-

1277 744 63 75 fide
1351 744 41 75 of
1403 744 56 75 the
1475 744 84 75 river
1574 744 66 75 Aa,
1665 744 98 75 about
1779 744 55 75 ten
1849 744 146 75 German
2009 744 127 75 leagues
2149 744 109 75 fouth-

1276 791 75 75 weft
1367 791 41 75 of
1420 791 121 75 Dorpt.

1229 838 191 75 .ZEACEA,
1454 838 32 75 in
1512 838 145 75 Grecian
1684 838 173 75 antiquity,
1883 838 120 75 folemn
2030 838 138 75 feftivals
2197 838 64 75 and

1275 883 107 75 games
1395 883 180 75 celebrated
1587 883 33 75 at
1631 883 133 75 ZEgina,
1781 883 32 75 in
1825 883 127 75 honour
1963 883 40 75 of
2009 883 120 75 ZEacus
2141 883 10 75 ;
2171 883 86 75 who,

1275 930 42 75 on
1332 930 135 75 account
1483 930 41 75 of
1534 930 49 75 his
1597 930 112 75 juftice
1734 930 85 75 upon
1844 930 103 75 earth,
1973 930 64 75 was
2065 930 141 75 thought
2223 930 36 75 to

1275 976 34 75 to
1325 976 81 75 have
1422 976 80 75 been
1516 976 175 75 appointed
1705 976 62 75 one
1787 976 41 75 of
1838 976 56 75 the
1906 976 117 75 judges
2040 976 31 75 in
2083 976 79 75 hell.

1226 1024 477 75 ZECHMALOTARCHA,
1728 1024 32 75 in
1777 1024 115 75 Jewifh
1916 1024 173 75 antiquity,
2114 1024 55 75 the
2185 1024 72 75 title

1269 1073 96 75 given
1377 1073 34 75 to
1423 1073 56 75 the
1490 1073 153 75 principal
1659 1073 108 75 leader
1778 1073 37 75 or
1830 1073 160 75 governor
2001 1073 40 75 of
2043 1073 60 75 .the
2115 1073 144 75 Hebrew

1272 1116 139 75 captives
1441 1116 135 75 refiding
1592 1116 33 75 in
1641 1116 158 75 Chaldea,
1825 1116 141 75 Aflyria,
1990 1116 65 75 and
2074 1116 55 75 the
2146 1116 110 75 neigh-

1272 1163 138 75 bouring
1421 1163 174 75 countries.

1225 1209 156 75 iEDES,
1406 1209 34 75 in
1455 1209 127 75 Roman
1599 1209 175 75 antiquity,
1801 1209 121 75 befides
1938 1209 40 75 its
1995 1209 90 75 more
2104 1209 153 75 ordinary

1274 1256 208 75 fignification
1498 1256 41 75 of
1549 1256 20 75 a
1582 1256 111 75 houfe,
1718 1256 140 75 likewife
1881 1256 142 75 fignified
2052 1256 41 75 an
2115 1256 141 75 inferior

1273 1302 76 75 kind
1366 1302 41 75 of
1428 1302 129 75 temple,
1583 1302 206 75 confecrated
1804 1302 35 75 to
1858 1302 86 75 fome
1959 1302 104 75 deity.

1223 1349 250 75 AiDICULA,
1500 1349 18 75 a
1537 1349 82 75 term
1635 1349 78 75 ufed
1732 1349 36 75 to
1786 1349 118 75 denote
1928 1349 56 75 the
2012 1349 91 75 inner
2130 1349 72 75 part
2218 1349 42 75 of

1270 1394 55 75 the
1338 1394 130 75 temple,
1478 1394 108 75 where
1597 1394 56 75 the
1665 1394 81 75 attar
1758 1394 62 75 and
1829 1394 99 75 ftatue
1937 1394 40 75 of
1987 1394 55 75 the
2051 1394 90 75 deity
2149 1394 102 75 flood.

1223 1440 249 75 rEDILATE,
1497 1440 55 75 the
1571 1440 93 75 office
1680 1440 40 75 of
1730 1440 105 75 jedile,
1861 1440 180 75 fometimes
2057 1440 104 75 called
2177 1440 75 75 adt-

1269 1488 72 75 liiy.
1393 1488 61 75 See
1470 1488 55 75 the
1545 1488 79 75 next
1641 1488 121 75 article,

1221 1534 180 75 ZEDILE,
1426 1534 32 75 in
1475 1534 127 75 Roman
1630 1534 173 75 antiquity,
1829 1534 20 75 a
1875 1534 179 75 magiftrate
2069 1534 107 75 whofe
2187 1534 65 75 hu»

1269 1580 91 75 finefs
1377 1580 25 75 it
1418 1580 65 75 was
1500 1580 35 75 to
1556 1580 201 75 fuperintend
1766 1580 168 75 buildings
1952 1580 41 75 of
2003 1580 41 75 all
2061 1580 107 75 kinds,
2193 1580 60 75 but

1267 1626 89 75 more
1380 1626 168 75 efpecially
1570 1626 108 75 public
1702 1626 90 75 ones,
1817 1626 34 75 as
1883 1626 147 75 temples,
2056 1626 194 75 aqusedufis,

1267 1673 194 75 high-ways,
1486 1673 140 75 bridges,
1651 1673 66 75 fee..

1220 1720 248 75 ALDITUUS,
1494 1720 33 75 in
1542 1720 129 75 Roman
1687 1720 173 75 antiquity,
1887 1720 39 75 an
1953 1720 110 75 officer
2078 1720 174 75 belonging

1267 1764 36 75 to
1318 1764 55 75 the
1396 1764 147 75 temples.,
1567 1764 75 75 who
1665 1764 66 75 had
1746 1764 56 75 the
1818 1764 117 75 charge
1950 1764 41 75 of
2011 1764 56 75 the
2080 1764 169 75 offerings,

1265 1811 151 75 treafure,
1434 1811 64 75 and
1515 1811 109 75 facred
1643 1811 141 75 utenfils.
1831 1811 78 75 The
1921 1811 115 75 female
2052 1811 114 75 deities
2185 1811 66 75 had

1265 1857 19 75 a
1301 1857 250 75 woman-officer
1566 1857 41 75 of
1617 1857 65 75 this
1698 1857 78 75 kind
1792 1857 104 75 called
1914 1857 134 75 eeditua.

1217 1906 349 75 ZEGAGIfOPILA,
1585 1906 18 75 a
1613 1906 65 75 ball
1695 1906 170 75 compofed
1876 1906 41 75 of
1928 1906 19 75 a
1958 1906 159 75 fubftance
2133 1906 116 75 refem-

1265 1950 87 75 bling
1367 1950 82 75 hair,
1479 1950 173 75 generated
1667 1950 32 75 in
1716 1950 55 75 the
1787 1950 140 75 ftomach
1949 1950 41 75 of
2012 1950 55 75 the
2090 1950 158 75 chamois-

1264 1997 88 75 goat.
1385 1997 85 75 This
1482 1997 66 75 ball
1563 1997 27 75 is
1607 1997 41 75 of
1655 1997 55 75 the
1722 1997 83 75 fame
1817 1997 112 75 nature
1944 1997 79 75 with
2040 1997 91 75 thofe
2146 1997 103 75 found

1263 2043 32 75 in
1313 2043 98 75 cows,
1436 2043 94 75 hogs,
1558 2043 63 75 fee.

1215 2093 354 75 ZEGILETHRON,
1595 2093 33 75 in
1652 2093 131 75 botany,
1809 2093 40 75 an
1873 2093 143 75 obfolete
2032 2093 91 75 name
2138 2093 42 75 of
2191 2093 56 75 the

1262 2138 206 75 mercurialis.
1518 2138 62 75 See
1596 2138 242 75 Mercurial
1845 2138 48 75 is,

1214 2184 175 75 ZEGIAS,
1414 2184 117 75 among
1552 2184 187 75 phyficians,
1765 2184 19 75 a
1799 2184 98 75 white
1916 2184 95 75 fpeck
2027 2184 42 75 on
2085 2184 56 75 the
2158 2184 88 75 pupil

1262 2228 40 75 of
1313 2228 55 75 the
1384 2228 70 75 eye,
1480 2228 104 75 which
1600 2228 159 75 occafions
1778 2228 136 75 dimnefs
1931 2228 41 75 of
1983 2228 95 75 fight.

1214 2275 235 75 JEGILOPS,
1467 2275 116 75 among
1594 2275 188 75 phyficians,
1800 2275 19 75 a
1827 2275 120 75 lpecies
1963 2275 41 75 of
2014 2275 134 75 abfeefs.
2182 2275 63 75 See

1265 2322 201 75 Surgery,
1491 2322 84 75 title.
1602 2322 54 75 Of
1659 2322 154 75 abfeeffes,
1839 2322 39 75 oe
1892 2322 137 75 tumors.

1213 2368 200 75 AEgilqps,
1431 2368 33 75 in
1476 2368 132 75 botany,
1626 2368 19 75 a
1656 2368 98 75 genus
1767 2368 41 75 of
1818 2368 55 75 the
1889 2368 181 75 polygamia
2086 2368 157 75 monoecia

1261 2414 91 75 clafs.
1399 2414 115 75 There
1530 2414 53 75 are
1600 2414 61 75 five
1677 2414 118 75 fpecies
1810 2414 42 75 of
1858 2414 64 75 this
1934 2414 102 75 plant,
2061 2414 107 75 which
2184 2414 27 75 is
2223 2414 20 75 a

1260 2460 78 75 kind
1364 2460 41 75 of
1429 2460 98 75 grafs,
1560 2460 70 75 viz.
1663 2460 56 75 the
1746 2460 106 75 ovata,
1885 2460 147 75 caudata,
2062 2460 177 75 fquarrofa,

1260 2507 188 75 triuncialis,
1473 2507 63 75 and
1550 2507 176 75 incurvata,
1751 2507 79 75 only
1844 2507 56 75 the
1915 2507 58 75 laft
1994 2507 42 75 of
2049 2507 107 75 which
2176 2507 27 75 is
2221 2507 19 75 a

1259 2555 106 75 native
1377 2555 40 75 of
1423 2555 137 75 Britain,
1586 2555 64 75 and
1676 2555 105 75 grows
1805 2555 45 75 by
1871 2555 57 75 the
1943 2555 170 75 fea-fhore.
2161 2555 79 75 The

1259 2599 130 75 Englifh
1406 2599 90 75 name
1512 2599 27 75 is
1547 2599 282 75 fea-hard-grafs.

1211 2644 267 75 iEGINETIA,
1494 2644 34 75 in
1543 2644 132 75 botany,
1692 2644 20 75 a
1726 2644 162 75 fynonime
1903 2644 42 75 of
1955 2644 19 75 a
1988 2644 117 75 fpecies
2116 2644 42 75 of
2164 2644 74 75 oro-

1257 2693 134 75 banche.
1440 2693 61 75 See
1513 2693 253 75 Orobanchx.

1210 2741 210 75 AEGIPAN,
1439 2741 32 75 in
1485 2741 137 75 heathen
1638 2741 201 75 mythology,
1857 2741 18 75 a
1890 2741 236 75 denomination
2142 2741 94 75 given

1258 2785 36 75 to
1316 2785 56 75 the
1388 2785 67 75 god
1470 2785 82 75 Pan,
1568 2785 130 75 becaufe
1714 2785 42 75 he
1772 2785 64 75 was
1860 2785 202 75 reprefented
2082 2785 80 75 with
2177 2785 57 75 the

1257 2833 110 75 horns,
1391 2833 80 75 legs,
1496 2833 78 75 feet,
1600 2833 64 75 fee.
1689 2833 41 75 of
1741 2833 122 75 a.goat.

1209 2879 139 75 AEGIS,
1373 2879 32 75 in
1422 2879 137 75 heathen
1575 2879 203 75 piythology,
1803 2879 27 75 is
1848 2879 207 75 particularly
2076 2879 78 75 ufed
2179 2879 54 75 for

1256 2925 55 75 the
1327 2925 98 75 fliield
1446 2925 39 75 or
1501 2925 115 75 cuirafs
1639 2925 40 75 of
1689 2925 127 75 Jupiter
1827 2925 63 75 and
1900 2925 120 75 Pallas.

1208 2973 277 75 AEGIUCHUS,
1510 2973 33 75 in
1555 2973 136 75 heathen
1708 2973 202 75 mythology,
1936 2973 18 75 a
1972 2973 132 75 firname
2121 2973 41 75 of
2173 2973 59 75 Ju-

1707 3023 35 75 H

2140 3023 96 75 piter.

997 3031 18 75 3
