2428 3377
121 141 83 75 2oo

679 141 499 75 ANA!

160 209 100 75 With
278 209 54 75 the
356 209 118 75 uinaris
491 209 152 75 externus
671 209 27 75 it
722 209 121 75 inverts
860 209 56 75 the
932 209 99 75 hand,
1056 209 91 75 turn-

117 256 55 75 ing
187 256 55 75 the
259 256 126 75 convex
405 256 63 75 fide
486 256 39 75 of
545 256 56 75 the
620 256 200 75 metacarpus
835 256 126 75 toward
977 256 56 75 the
1051 256 97 75 lower

118 302 174 75 extremity
320 302 39 75 of
381 302 56 75 the
462 302 98 75 bones
589 302 40 75 of
652 302 56 75 the
731 302 168 75 fore-arm.
949 302 33 75 It
1008 302 140 75 likewife

118 349 108 75 moves
244 349 55 75 the
315 349 117 75 fecond
448 349 67 75 row
532 349 40 75 of
584 349 54 75 the
655 349 113 75 carpus
785 349 41 75 on
843 349 55 75 the
914 349 78 75 firfh

165 396 86 75 This
268 396 131 75 mutcle,
425 396 104 75 aSing
549 396 104 75 alone,
679 396 105 75 draws
806 396 178 75 obliquely,
1010 396 62 75 and
1099 396 50 75 to-

120 442 87 75 ward
227 442 56 75 the
306 442 148 75 external
471 442 91 75 angle
578 442 40 75 of
636 442 57 75 the
721 442 120 75 radius,
866 442 71 75 that
961 442 126 75 portion
1116 442 40 75 of

119 489 56 75 the
188 489 87 75 hand
287 489 105 75 which
411 489 134 75 anfwers
559 489 35 75 to
612 489 53 75 the
687 489 64 75 firft
768 489 193 75 metacarpal
978 489 95 75 bone,
1091 489 64 75 and

120 536 35 75 to
173 536 54 75 the
243 536 114 75 index.

166 583 76 75 The
255 583 117 75 ulnaris
385 583 138 75 gracilis,
542 583 183 75 commonly
737 583 104 75 called
852 583 162 75 palmaris
1027 583 124 75 longus,

119 629 99 75 feems
234 629 38 75 to
286 629 40 75 be
341 629 40 75 an
399 629 131 75 affiitant
548 629 34 75 to
598 629 56 75 the
670 629 119 75 ulnaris
807 629 62 75 and
885 629 128 75 tadialis
1037 629 117 75 interni

120 675 33 75 in
168 675 139 75 bending
326 675 54 75 the
398 675 103 75 wrid;
529 675 62 75 and
619 675 26 75 it
669 675 98 75 feems
791 675 140 75 likewife
949 675 205 75 particularly

120 724 35 75 to
172 724 77 75 affift
264 724 55 75 the
337 724 127 75 radialis
480 724 141 75 internus
639 724 33 75 in
688 724 56 75 the
764 724 125 75 motion
905 724 41 75 of
959 724 182 75 pronation.

168 769 78 75 The
263 769 209 75 metacarpius
490 769 104 75 ferves
611 769 36 75 to
663 769 76 75 turn
756 769 55 75 the
820 769 115 75 fourth
948 769 84 75 bone
1049 769 40 75 of
1100 769 56 75 the

120 815 200 75 metacarpus
348 815 125 75 toward
488 815 55 75 the
559 815 126 75 thumb,
712 815 62 75 and
791 815 32 75 at
840 815 56 75 the
918 815 83 75 fame
1026 815 77 75 time
1120 815 36 75 to

121 862 138 75 increafe
277 862 55 75 the
348 862 174 75 convexity
538 862 41 75 of
590 862 55 75 the
661 862 83 75 back
760 862 39 75 of
810 862 56 75 the
882 862 99 75 hand,
1005 862 105 75 which
1127 862 27 75 is

122 908 105 75 called
249 908 129 75 making
395 908 174 75 Diegener'
569 908 18 75 s
603 908 72 75 cup.
735 908 78 75 The
837 908 111 75 fourth
972 908 83 75 bone
1077 908 77 75 thus

122 954 117 75 moved
255 954 118 75 carries
390 954 56 75 the
469 954 90 75 third
574 954 96 75 along
686 954 79 75 with
784 954 25 75 it
825 954 44 75 by
884 954 110 75 reafon
1011 954 40 75 of
1070 954 87 75 their

123 1001 198 75 connexion,
346 1001 108 75 which
469 1001 62 75 ftill
549 1001 166 75 augments
727 1001 56 75 the
799 1001 122 75 hollow
943 1001 43 75 on
1003 1001 61 75 one
1079 1001 75 75 fide,

124 1048 63 75 and
204 1048 53 75 the
274 1048 176 75 convexity
467 1048 43 75 on
529 1048 56 75 the
606 1048 106 75 other.

126 1195 153 75 Sect.
310 1195 108 75 VIII.
472 1195 83 75 The
582 1195 213 75 Muscles
819 1195 132 75 which
971 1195 101 75 move
1092 1195 67 75 the

558 1250 170 75 Finpcrs.

212 1368 235 75 FLEXOR
487 1368 280 75 POLLICIS
815 1368 255 75 LONGUS.

170 1455 103 75 This
299 1455 26 75 is
353 1455 20 75 a
396 1455 77 75 long
496 1455 130 75 mufcle,
651 1455 89 75 fixed
764 1455 153 75 by'fliort
941 1455 63 75 and
1028 1455 131 75 oblique

126 1502 96 75 flefny
237 1502 95 75 fibres
355 1502 35 75 to
407 1502 55 75 the
478 1502 95 75 infide
593 1502 42 75 of
653 1502 55 75 the
725 1502 99 75 upper
840 1502 72 75 part
924 1502 44 75 of
986 1502 57 75 the
1054 1502 103 75 inter-

126 1548 122 75 offeous
272 1548 165 75 ligament,
462 1548 76 75 near
554 1548 56 75 the
630 1548 122 75 radius,
778 1548 63 75 and
864 1548 94 75 along
980 1548 72 75 that
1075 1548 84 75 bone

126 1597 44 75 all
186 1597 55 75 the
262 1597 74 75 way
353 1597 96 75 down
465 1597 36 75 to
517 1597 55 75 the
594 1597 152 75 pronator
769 1597 188 75 quadratus.
1004 1597 113 75 There
1132 1597 28 75 it

126 1642 185 75 terminates
328 1642 32 75 in
376 1642 19 75 a
410 1642 56 75 flat
477 1642 133 75 tendon.

173 1689 86 75 This
274 1689 120 75 tendon
410 1689 120 75 having
538 1689 106 75 paffed
659 1689 99 75 under
771 1689 18 75 a
807 1689 173 75 particular
992 1689 165 75 ligament,

127 1735 76 75 runs
219 1735 32 75 in
268 1735 144 75 between
429 1735 54 75 the
499 1735 65 75 two
580 1735 145 75 portions
737 1735 41 75 of
788 1735 55 75 the
852 1735 130 75 thenar,
1007 1735 63 75 and
1082 1735 76 75 then

126 1781 70 75 into
220 1781 19 75 a
260 1781 67 75 fort
349 1781 39 75 of
407 1781 119 75 groove
550 1781 61 75 left
637 1781 145 75 between
811 1781 56 75 the
894 1781 66 75 two
988 1781 171 75 fefamoide

127 1828 99 75 bones
251 1828 88 75 fixed
360 1828 35 75 to
418 1828 55 75 the
498 1828 79 75 bafis
606 1828 40 75 of
665 1828 57 75 the
743 1828 114 75 fecond
882 1828 141 75 phalanx
1045 1828 40 75 of
1104 1828 55 75 the

127 1874 126 75 thumb,
279 1874 42 75 on
337 1874 71 75 that
424 1874 62 75 fide
502 1874 107 75 which
626 1874 25 75 is
669 1874 115 75 turned
801 1874 35 75 to
859 1874 55 75 the
937 1874 82 75 palm
1044 1874 41 75 of
1103 1874 56 75 the

127 1922 99 75 hand.
274 1922 204 75 Afterwards
502 1922 56 75 the
583 1922 119 75 tendon
727 1922 78 75 ends
829 1922 33 75 in
887 1922 55 75 the
966 1922 55 75 flat
1045 1922 62 75 fide
1124 1922 41 75 of

127 1969 56 75 the
199 1969 90 75 third
304 1969 154 75 phalanx,
482 1969 75 75 near
574 1969 42 75 its
633 1969 91 75 bafis.
774 1969 32 75 It
821 1969 27 75 is
865 1969 141 75 inclofed
1027 1969 32 75 in
1085 1969 19 75 a
1118 1969 40 75 li-

128 2013 186 75 gamentary
330 2013 125 75 vagina,
481 2013 85 75 from
582 2013 55 75 the
655 2013 131 75 annular
809 2013 152 75 ligament
985 2013 35 75 to
1043 2013 43 75 its
1110 2013 48 75 in-

128 2060 131 75 iertion,
284 2060 62 75 and
368 2060 26 75 it
411 2060 26 75 is
454 2060 129 75 divided
598 2060 37 75 or
652 2060 60 75 flit,
739 2060 33 75 fo
789 2060 71 75 that
875 2060 26 75 it
918 2060 131 75 appears
1066 2060 35 75 to
1118 2060 41 75 be

127 2107 141 75 inferted
289 2107 45 75 by
357 2107 66 75 two
447 2107 198 75 extremities
670 2107 154 75 adhering
845 2107 149 75 together
1016 2107 43 75 by
1075 2107 86 75 their

129 2155 111 75 edges.

217 2259 463 75 EXTENSORES
728 2259 346 75 POLLICIS.

176 2336 132 75 These
327 2336 53 75 are
396 2336 66 75 two
473 2336 77 75 very
561 2336 123 75 dilKnft
699 2336 147 75 mufcles,
871 2336 55 75 the
942 2336 39 75 fir
983 2336 23 75 ft
1018 2336 37 75 or
1071 2336 91 75 long-

130 2384 44 75 eft
201 2384 41 75 of
260 2384 106 75 which
393 2384 28 75 is
447 2384 180 75 fometimes
655 2384 102 75 more,
787 2384 181 75 fometimes
995 2384 73 75 lefs,
1101 2384 62 75 and

132 2429 179 75 fometimes
340 2429 178 75 altogether
542 2429 131 75 divided
696 2429 69 75 into
789 2429 78 75 two,
901 2429 32 75 in
960 2429 107 75 which
1094 2429 69 75 cafe

132 2477 89 75 thefe
244 2477 132 75 mufcles
401 2477 53 75 are
478 2477 92 75 three
593 2477 33 75 in
650 2477 146 75 number.
843 2477 100 75 They
959 2477 53 75 are
1028 2477 136 75 fituated

133 2523 166 75 obliquely
314 2523 142 75 between
473 2523 55 75 the
540 2523 75 75 ulna
630 2523 64 75 and
709 2523 124 75 convex
845 2523 62 75 fide
919 2523 40 75 of
969 2523 56 75 the
1036 2523 127 75 thumb.

181 2570 75 75 The
281 2570 148 75 extenfor
453 2570 119 75 primus
597 2570 26 75 is
647 2570 18 75 a
688 2570 77 75 long
785 2570 131 75 mufcle,
940 2570 89 75 more
1051 2570 38 75 or
1104 2570 60 75 lefs

135 2617 130 75 double,
282 2617 31 75 in
331 2617 55 75 the
399 2617 128 75 manner
544 2617 129 75 already
689 2617 78 75 faid.
817 2617 32 75 It
860 2617 26 75 is
899 2617 88 75 fixed
1004 2617 100 75 above
1121 2617 43 75 by

135 2665 95 75 flefliy
243 2665 107 75 fibres,
375 2665 64 75 firft
451 2665 34 75 to
497 2665 55 75 the
569 2665 120 75 outfide
705 2665 40 75 of
765 2665 55 75 the
838 2665 85 75 ulna,
949 2665 75 75 near
1040 2665 41 75 its
1105 2665 58 75 up-

136 2710 57 75 per
209 2710 185 75 extremity,
420 2710 103 75 below
546 2710 55 75 the
626 2710 165 75 anconaeus
817 2710 103 75 minor
936 2710 63 75 and
1014 2710 150 75 infertion

138 2758 39 75 of
188 2758 55 75 the
258 2758 118 75 ulnaris
388 2758 151 75 externus
550 2758 9 75 ;
579 2758 90 75 next,
682 2758 36 75 to
729 2758 56 75 the
797 2758 202 75 interofleous
1012 2758 153 75 ligament

138 2804 101 75 under
263 2804 56 75 the
341 2804 160 75 fupinator
524 2804 126 75 brevis;
678 2804 73 75 and,
775 2804 103 75 laftly,
904 2804 35 75 to
965 2804 55 75 the
1044 2804 121 75 middle

138 2850 71 75 part
222 2850 39 75 of
280 2850 55 75 the
348 2850 118 75 outfide
483 2850 39 75 of
541 2850 55 75 the
612 2850 119 75 radius.

185 2894 98 75 From
298 2894 115 75 thence
428 2894 25 75 it
470 2894 75 75 runs
562 2894 95 75 down
682 2894 64 75 and
768 2894 98 75 paffes
890 2894 175 75 anteriorly
1089 2894 76 75 over

138 2943 55 75 the
209 2943 101 75 lower
325 2943 71 75 part
413 2943 39 75 of
471 2943 54 75 the
537 2943 118 75 radius,
683 2943 62 75 and
759 2943 135 75 tendons
912 2943 38 75 of
969 2943 56 75 the
1040 2943 124 75 fupina-

138 2990 52 75 tor
204 2990 113 75 longus
334 2990 62 75 and
412 2990 128 75 radialis
553 2990 167 75 externus,
744 2990 63 75 and
822 2990 95 75 being
933 2990 166 75 gradually
1114 2990 50 75 di-

1309 142 40 75 O
1466 142 49 75 M
1632 142 54 75 Y.

2074 142 98 75 Part
2190 142 46 75 II.

1197 204 110 75 vsded,
1333 204 25 75 it
1374 204 185 75 terminates
1585 204 33 75 in
1643 204 66 75 two
1733 204 77 75 long
1833 204 57 75 flat
1914 204 150 75 tendons,
2089 204 89 75 more
2200 204 38 75 or

1197 250 60 75 lefs
1273 250 202 75 fubdivided,
1500 250 107 75 which
1631 250 69 75 pals
1727 250 149 75 together
1902 250 101 75 under
2027 250 17 75 a
2066 250 171 75 particular

1198 296 132 75 annular
1347 296 164 75 ligament,
1528 296 97 75 being
1636 296 76 75 only
1725 296 114 75 parted
1854 296 44 75 by
1911 296 87 75 fepta
2014 296 37 75 or
2068 296 114 75 frsena'
2182 296 55 75 be-

1198 344 131 75 longing
1345 344 36 75 to
1397 344 71 75 that
1484 344 168 75 ligament.

1245 390 79 75 The
1347 390 64 75 firft
1427 390 40 75 of
1485 390 88 75 thefe
1594 390 67 75 two
1682 390 155 75 principal
1854 390 134 75 tendons
2005 390 28 75 is
2051 390 140 75 inferted
2204 390 33 75 in

1200 437 55 75 the
1272 437 81 75 edge
1370 437 40 75 of
1429 437 56 75 the
1501 437 78 75 bafis
1597 437 40 75 of
1655 437 138 75 theErft
1812 437 153 75 phalanx,
1990 437 76 75 near
2078 437 56 75 the
2149 437 105 75 large,

1202 484 172 75 tranfverfe
1391 484 153 75 ligament
1560 484 41 75 of
1620 484 55 75 the
1693 484 125 75 carpus.
1866 484 112 75 When
1996 484 65 75 this
2079 484 120 75 tendon
2209 484 29 75 is

1201 530 199 75 fubdivided,
1426 530 55 75 the
1497 530 95 75 other
1608 530 128 75 portion
1752 530 85 75 of'it
1861 530 25 75 is
1910 530 89 75 fixed
2019 530 32 75 in
2068 530 71 75 that
2155 530 84 75 bone

1203 577 39 75 of
1260 577 56 75 the
1337 577 117 75 carpus
1482 577 107 75 which
1616 577 129 75 fuftains
1774 577 55 75 the
1857 577 127 75 thumb.
2040 577 78 75 The
2145 577 95 75 other

1203 623 152 75 principal
1372 623 131 75 tendon,
1529 623 106 75 which
1653 623 90 75 often
1760 623 133 75 belongs
1910 623 36 75 to
1961 623 20 75 a
1991 623 120 75 mufcle
2121 623 117 75 entire-

1201 670 35 75 ly
1252 670 123 75 diftinA
1392 670 84 75 from
1490 670 55 75 the
1562 670 133 75 former,
1720 670 26 75 is
1763 670 88 75 fixed
1868 670 30 75 in
1913 670 55 75 the
1984 670 126 75 convex
2124 670 63 75 fide
2202 670 42 75 of

1203 716 55 75 the
1275 716 89 75 bafis.
1374 716 40 75 of
1433 716 55 75 the
1504 716 116 75 fecond
1639 716 154 75 phalanx,
1818 716 107 75 where
1941 716 27 75 it
1988 716 87 75 joins
2096 716 57 75 the
2168 716 71 75 ten-

1201 762 64 75 don
1279 762 40 75 of
1338 762 56 75 the
1407 762 151 75 extenfor
1574 762 169 75 fecundus.

1249 810 76 75 The
1342 810 150 75 extenfor
1511 810 154 75 fecundus
1682 810 27 75 is
1725 810 123 75 ftxorter
1864 810 78 75 than
1958 810 57 75 the
2037 810 78 75 firft.
2164 810 33 75 It
2212 810 26 75 is

1202 855 88 75 fixed
1306 855 35 75 to
1357 855 56 75 the
1429 855 88 75 ulna,
1542 855 107 75 below
1664 855 56 75 the
1735 855 134 75 former,
1894 855 65 75 and
1984 855 100 75 above
2109 855 56 75 the
2190 855 48 75 in-

1203 902 118 75 fertion
1342 902 40 75 of
1400 902 56 75 the
1476 902 149 75 extenfor
1641 902 113 75 indicis
1776 902 161 75 proprius,
1963 902 62 75 and
2042 902 139 75 likewife
2203 902 37 75 to

1203 948 55 75 the
1275 948 232 75 neighbouring
1518 948 72 75 part
1602 948 41 75 of
1652 948 59 75 the
1723 948 206 75 interofleous
1942 948 165 75 ligament.
2141 948 100 75 From

1205 996 112 75 thence
1341 996 26 75 it
1391 996 76 75 runs
1484 996 97 75 down
1597 996 165 75 obliquely
1777 996 42 75 on
1836 996 55 75 the
1903 996 119 75 middle
2038 996 72 75 part
2125 996 41 75 of
2184 996 56 75 the

1204 1041 119 75 radius,
1348 1041 109 75 where
1473 1041 27 75 it
1524 1041 58 75 has
1605 1041 140 75 likewife
1769 1041 19 75 a
1809 1041 88 75 fmall
1915 1041 162 75 adhefion.
2125 1041 115 75 After-

1204 1088 105 75 wards
1326 1088 25 75 it
1369 1088 96 75 palfes
1482 1088 142 75 through
1641 1088 56 75 the
1713 1088 90 75 fmall
1828 1088 134 75 channel
1986 1088 32 75 in
2046 1088 54 75 the
2125 1088 116 75 ftyloid

1206 1134 163 75 apophyfis
1392 1134 41 75 of
1452 1134 56 75 the
1532 1134 120 75 radius,
1684 1134 143 75 through
1852 1134 56 75 the
1934 1134 132 75 annular
2086 1134 155 75 ligament

1203 1180 176 75 belonging
1397 1180 39 75 to
1451 1180 57 75 the
1531 1180 137 75 tendons
1693 1180 40 75 of
1752 1180 55 75 the
1831 1180 126 75 radialis
1982 1180 166 75 externus,
2177 1180 64 75 and

1207 1227 74 75 over
1293 1227 87 75 thefe
1392 1227 149 75 tendons,
1566 1227 95 75 being
1672 1227 112 75 parted
1799 1227 85 75 from
1895 1227 88 75 them
1999 1227 44 75 by
2059 1227 19 75 a
2093 1227 89 75 fmall
2199 1227 39 75 li-

1205 1274 185 75 gamentary
1404 1274 136 75 feptum.
1589 1274 32 75 It
1637 1274 25 75 is
1679 1274 139 75 inferted
1831 1274 33 75 in
1888 1274 56 75 the
1967 1274 125 75 convex
2108 1274 72 75 patt
2204 1274 41 75 of

1207 1320 54 75 the
1279 1320 88 75 third
1383 1320 151 75 phalanx,
1560 1320 75 75 near
1650 1320 42 75 its
1705 1320 92 75 bafis.

1573 1435 300 75 THENAR.

1255 1513 103 75 This
1383 1513 27 75 is
1429 1513 18 75 a
1462 1513 79 75 very
1556 1513 91 75 thick
1669 1513 99 75 flefhy
1780 1513 130 75 mufcle,
1935 1513 32 75 in
1991 1513 85 75 fome
2100 1513 140 75 meafure

1207 1559 168 75 pyriform,
1401 1559 89 75 lying
1515 1559 42 75 on
1581 1559 55 75 the
1661 1559 63 75 firft
1748 1559 143 75 phalanx
1914 1559 40 75 of
1974 1559 54 75 the
2052 1559 114 75 thumb
2189 1559 51 75 to-

1207 1606 89 75 ward
1312 1606 55 75 the
1384 1606 85 75 palm
1486 1606 40 75 of
1537 1606 54 75 the
1607 1606 98 75 hand,
1732 1606 55 75 the
1801 1606 90 75 large
1907 1606 162 75 eminence
2085 1606 31 75 in
2136 1606 105 75 which

1206 1653 27 75 is
1246 1653 116 75 chiefly
1377 1653 125 75 formed
1519 1653 45 75 by
1575 1653 43 75 it.

1256 1699 30 75 It
1303 1699 26 75 is
1346 1699 87 75 fixed
1445 1699 34 75 to
1496 1699 56 75 the
1569 1699 82 75 bone
1667 1699 106 75 which
1789 1699 148 75 fupports
1953 1699 55 75 the
2026 1699 125 75 thumb,
2160 1699 4 75 ,
2177 1699 63 75 and

1207 1745 36 75 to
1266 1745 60 75 the
1346 1745 234 75 neighbouring
1604 1745 71 75 part
1701 1745 41 75 of
1760 1745 56 75 the
1840 1745 90 75 great
1954 1745 138 75 internal
2108 1745 132 75 annular

1207 1792 151 75 ligament
1376 1792 39 75 of
1434 1792 55 75 the
1507 1792 126 75 carpus.
1682 1792 33 75 It
1726 1792 26 75 is
1770 1792 32 75 in
1822 1792 87 75 fome
1925 1792 140 75 meafure
2082 1792 156 75 bicipita!],

1209 1839 65 75 two
1290 1839 122 75 diftinft
1435 1839 145 75 portions
1598 1839 173 75 anfwering
1795 1839 36 75 to
1847 1839 55 75 the
1927 1839 65 75 two
2008 1839 167 75 infertions
2193 1839 44 75 al-

1205 1885 100 75 ready
1328 1885 198 75 mentioned.
1582 1885 49 75 As
1654 1885 27 75 it
1705 1885 75 75 runs
1808 1885 95 75 along
1926 1885 55 75 the
2004 1885 64 75 firft
2084 1885 152 75 phalanx,

1206 1930 90 75 thefe
1312 1930 67 75 two
1403 1930 143 75 portions
1570 1930 102 75 unite,
1697 1930 74 75 and,
1798 1930 200 75 dimialfliing
2011 1930 36 75 in
2063 1930 173 75 thicknefs,

1209 1977 52 75 are
1277 1977 80 75 both
1379 1977 138 75 inferted
1539 1977 45 75 by
1607 1977 60 75 one
1692 1977 118 75 tendon
1834 1977 31 75 in
1888 1977 56 75 the
1967 1977 113 75 lateral
2102 1977 137 75 internal

1209 2023 71 75 part
1296 2023 40 75 of
1354 2023 56 75 the
1425 2023 84 75 head
1526 2023 38 75 of
1584 2023 55 75 the
1657 2023 63 75 firft
1732 2023 152 75 phalanx,
1910 2023 30 75 in
1957 2023 55 75 the
2030 2023 112 75 lateral
2166 2023 73 75 patt

1209 2069 39 75 of
1266 2069 56 75 the
1338 2069 79 75 bafis
1435 2069 40 75 of
1494 2069 55 75 the
1565 2069 128 75 fecond,
1718 2069 62 75 and
1795 2069 33 75 in
1845 2069 55 75 the
1910 2069 113 75 lateral
2035 2069 153 75 ligament
2204 2069 40 75 of

1204 2118 75 75 ihat
1291 2118 100 75 joint.

1477 2225 492 75 MESOTHENAR.

1257 2302 98 75 This
1372 2302 26 75 is
1417 2302 18 75 a
1450 2302 69 75 flat,
1547 2302 61 75 and
1623 2302 111 75 nearly
1744 2302 174 75 triangular
1930 2302 129 75 mufcle,
2085 2302 88 75 lying
2184 2302 54 75 be-

1212 2349 104 75 tween
1341 2349 55 75 the
1421 2349 63 75 firft
1509 2349 140 75 phalanx
1673 2349 40 75 of
1732 2349 55 75 the
1808 2349 126 75 thumb,
1948 2349 74 75 -and
2040 2349 55 75 the
2111 2349 127 75 bottom

1214 2394 38 75 of
1270 2394 56 75 the
1342 2394 84 75 palm
1439 2394 40 75 of
1498 2394 55 75 the
1569 2394 98 75 hand.

1261 2440 31 75 It
1308 2440 27 75 is
1352 2440 149 75 inferted,
1526 2440 44 75 by
1585 2440 19 75 a
1618 2440 78 75 very
1712 2440 102 75 broad
1838 2440 91 75 bafis,
1954 2440 31 75 in
2010 2440 55 75 the
2087 2440 152 75 ligament

1212 2486 105 75 which
1343 2486 145 75 connects
1513 2486 55 75 the
1592 2486 37 75 os
1654 2486 148 75 magnum
1830 2486 40 75 of
1888 2486 56 75 the
1971 2486 110 75 carpus
2110 2486 35 75 to
2169 2486 70 75 that

1214 2533 105 75 which
1335 2533 144 75 fupports
1496 2533 56 75 the
1567 2533 125 75 thumb.
1742 2533 32 75 It
1791 2533 25 75 is
1833 2533 139 75 likewife
1993 2533 137 75 inferted
2146 2533 95 75 along

1214 2581 55 75 the
1285 2581 134 75 internal
1432 2581 37 75 or
1485 2581 132 75 angular
1633 2581 71 75 pa*t
1718 2581 41 75 of
1778 2581 72 75 that
1863 2581 81 75 bone
1957 2581 39 75 of
2014 2581 58 75 the
2084 2581 155 75 metacar-

1213 2626 71 75 pus,
1308 2626 105 75 which
1430 2626 146 75 fupports
1589 2626 54 75 the
1659 2626 120 75 middle
1802 2626 113 75 finger,
1940 2626 63 75 and
2024 2626 30 75 in
2072 2626 56 75 the
2150 2626 89 75 fmall

1213 2673 174 75 extremity
1402 2673 40 75 of
1460 2673 71 75 that
1542 2673 106 75 which
1665 2673 134 75 anfwers
1811 2673 35 75 to
1864 2673 54 75 the
1934 2673 111 75 index.

1261 2720 97 75 From
1373 2720 114 75 thence
1503 2720 56 75 the
1574 2720 95 75 fibres
1687 2720 195 75 contradting
1894 2720 34 75 to
1946 2720 38 75 an
2001 2720 104 75 angle,
2131 2720 107 75 termi-

1213 2765 73 75 nate
1302 2765 32 75 in
1350 2765 19 75 a
1385 2765 54 75 flat
1456 2765 118 75 tendon
1599 2765 40 75 of
1649 2765 150 75 different
1822 2765 163 75 breadths,
2011 2765 106 75 which
2140 2765 25 75 is
2190 2765 49 75 in-

1213 2812 101 75 ferted
1332 2812 32 75 in
1381 2812 71 75 that
1467 2812 64 75 fide
1543 2812 40 75 of
1601 2812 56 75 the
1671 2812 85 75 head
1771 2812 41 75 of
1830 2812 56 75 the
1903 2812 62 75 firft
1978 2812 140 75 phalanx
2135 2812 40 75 of
2184 2812 56 75 the

1214 2859 112 75 thumb
1351 2859 104 75 which
1479 2859 26 75 is
1529 2859 116 75 turned
1665 2859 33 75 to
1714 2859 55 75 the
1785 2859 121 75 hollow
1920 2859 42 75 of
1982 2859 54 75 the
2054 2859 99 75 hand,
2178 2859 63 75 and

1213 2904 30 75 in
1262 2904 55 75 the
1333 2904 231 75 neighbouring
1579 2904 72 75 part
1668 2904 40 75 of
1726 2904 55 75 the
1801 2904 77 75 bafis
1894 2904 41 75 o^
1954 2904 54 75 the
2024 2904 116 75 fecond
2159 2904 81 75 pha-

1211 2951 91 75 lanx,
1326 2951 45 75 by
1386 2951 106 75 means
1510 2951 40 75 of
1568 2951 55 75 the
1646 2951 115 75 fecond
1786 2951 151 75 fefmioid
1961 2951 85 75 bone
2067 2951 173 75 belonging

1213 2998 69 75 that
1296 2998 100 75 joint.

1969 3050 267 75 Antithenar
