2498 3377
199 215 20 49 3
219 183 63 75 io

744 183 44 75 A
901 183 44 75 N
1061 183 42 75 A
1217 183 40 75 T

245 252 43 75 B,
305 252 77 75 The
394 252 66 75 two
473 252 101 75 tables
588 252 61 75 and
661 252 222 75 intermediate
894 252 119 75 diploe.
1050 252 29 75 B
1094 252 43 75 B,
1153 252 78 75 The

246 297 66 75 two
338 297 212 75 hemifpheres
574 297 40 75 of
637 297 55 75 the
715 297 178 75 cerebrum.
943 297 29 75 C
992 297 42 75 C,
1059 297 77 75 The
1152 297 79 75 inci-

245 343 71 75 fure
333 343 92 75 made
452 343 43 75 by
518 343 56 75 the
599 343 83 75 falx.
732 343 49 75 D,
806 343 80 75 Part
913 343 40 75 of
975 343 55 75 the
1058 343 174 75 tentorium

247 389 158 75 cerebello
437 389 92 75 fuper
561 389 186 75 e&panfum.
807 389 44 75 E,
883 389 79 75 Part
993 389 41 75 of
1061 389 56 75 the
1148 389 84 75 falx,

246 436 106 75 which
370 436 28 75 is
415 436 88 75 fixed
520 436 35 75 to
572 436 56 75 the
645 436 92 75 crifta
752 436 90 75 galli.

201 545 92 75 Fig.
328 545 35 75 7.
419 545 194 75 Reprefents
642 545 55 75 the
723 545 88 75 parts
837 545 40 75 of
899 545 57 75 the
985 545 147 75 external
1167 545 67 75 ear,

391 588 79 75 with
488 588 55 75 the
559 588 127 75 parotid
706 588 97 75 gland
819 588 62 75 and
897 588 41 75 its
960 588 86 75 dudl.

203 662 18 75 a
238 662 30 75 a,
292 662 77 75 The
389 662 104 75 helix,
541 662 33 75 b,
599 662 77 75 The
693 662 155 75 anthelix.
898 662 30 75 c,
952 662 78 75 The
1047 662 190 75 antitragus,

250 707 34 75 d,
309 707 77 75 The
416 707 123 75 tragus,
588 707 30 75 e,
643 707 78 75 The
748 707 74 75 lobe
847 707 41 75 of
909 707 56 75 the
993 707 65 75 ear.
1107 707 27 75 f.
1158 707 79 75 The

249 753 120 75 cavitas
385 753 207 75 innominata.
641 753 33 75 g,
690 753 78 75 The
784 753 127 75 fcapha.
959 753 36 75 h,
1012 753 77 75 The
1101 753 133 75 concha,

251 800 10 75 i
277 800 23 75 i,
317 800 78 75 The
414 800 128 75 parotid
557 800 108 75 gland,
706 800 35 75 k,
760 800 32 75 A
809 800 176 75 lymphatic
1002 800 108 75 gland,
1128 800 107 75 which

251 847 26 75 is
294 847 91 75 often
405 847 102 75 found
523 847 112 75 before
648 847 55 75 the
724 847 121 75 tragus.
895 847 24 75 1,
943 847 78 75 The
1036 847 75 75 dud
1129 847 40 75 of
1180 847 55 75 the

251 892 127 75 parotid
395 892 109 75 gland,
554 892 46 75 m,
626 892 47 75 Its
690 892 137 75 opening
844 892 69 75 into
930 892 55 75 the
1002 892 126 75 mouth.

205 1004 88 75 Fig.
320 1004 34 75 8.
403 1004 34 75 A
452 1004 83 75 view
551 1004 41 75 of
609 1004 57 75 the
688 1004 154 75 pofterior
859 1004 71 75 part
949 1004 41 75 of
1008 1004 56 75 the
1088 1004 146 75 external

253 1048 65 75 ear,
350 1048 123 75 meatus
506 1048 190 75 auditorius,
729 1048 200 75 tympanum,
965 1048 78 75 with
1076 1048 41 75 its
1146 1048 91 75 fmall

252 1095 113 75 bones,
391 1095 62 75 and
470 1095 192 75 Euftachian
678 1095 78 75 tube
772 1095 39 75 of
823 1095 56 75 the
895 1095 86 75 right
997 1095 74 75 fide.

206 1166 31 75 a,
261 1166 76 75 The
354 1166 85 75 back
463 1166 71 75 part
551 1166 41 75 of
611 1166 56 75 the
683 1166 135 75 meatus,
843 1166 79 75 with
950 1166 57 75 the
1034 1166 89 75 fmall
1148 1166 91 75 ceru-

254 1213 123 75 minous
394 1213 126 75 glands,
561 1213 33 75 b.
611 1213 77 75 The
700 1213 102 75 incus,
851 1213 31 75 c.
905 1213 156 75 Malleus,
1110 1213 36 75 d.
1163 1213 76 75 The

1375 177 41 75 O
1532 177 50 75 M
1697 177 54 75 Y.

2096 177 111 75 Part.
2238 177 69 75 VI.

1328 240 120 75 chorda
1478 240 155 75 tympani.
1687 240 30 75 e,
1750 240 193 75 Membrana
1971 240 153 75 tympani.
2186 240 26 75 f.
2235 240 76 75 The

1328 289 192 75 Eultachian
1535 289 90 75 tube,
1674 289 33 75 g,
1733 289 48 75 Its
1799 289 124 75 mouth,
1948 289 85 75 from
2050 289 55 75 the
2120 289 121 75 fauces.

1282 382 87 75 Fig.
1396 382 35 75 9.
1479 382 194 75 Reprefents
1690 382 54 75 the
1762 382 139 75 anterior
1918 382 70 75 part
2012 382 40 75 of
2066 382 55 75 the
2144 382 87 75 right
2254 382 58 75 ex-

1330 429 102 75 ternal
1464 429 66 75 ear,
1562 429 55 75 the
1645 429 105 75 cavity
1777 429 41 75 of
1845 429 55 75 the
1924 429 276 75 tympanum—its
2224 429 90 75 fmaU

1330 475 111 75 bones,
1466 475 143 75 cochlea,
1635 475 63 75 and
1714 475 229 75 femi-circular
1958 475 118 75 canals.

1283 547 31 75 a.
1338 547 77 75 The
1431 547 145 75 malleus,
1624 547 34 75 b,
1683 547 95 75 Incus
1795 547 79 75 with
1889 547 42 75 its
1947 547 76 75 long
2034 547 65 75 leg,
2125 547 115 75 refting
2256 547 58 75 up-

1332 592 41 75 on
1397 592 56 75 the
1477 592 113 75 ftapes.
1639 592 30 75 c,
1702 592 194 75 Membrana
1919 592 155 75 tympani.
2123 592 34 75 d,
2183 592 30 75 e.
2238 592 77 75 The

1333 639 191 75 Euftaehian
1547 639 89 75 tube,
1662 639 138 75 covered
1816 639 43 75 by
1875 639 71 75 part
1963 639 101 75 of—f
2077 639 25 75 f.
2125 639 78 75 The
2231 639 83 75 muf-

1334 686 89 75 culus
1441 686 223 75 circumflexus
1689 686 109 75 palati.
1862 686 29 75 i,
1911 686 34 75 2,
1965 686 34 75 3,
2023 686 77 75 The
2116 686 91 75 three
2224 686 90 75 femi-

1330 733 136 75 circular
1494 733 119 75 canals.
1659 733 34 75 4,
1717 733 78 75 The
1818 733 141 75 veftible.
2010 733 34 75 5,
2078 733 77 75 The
2172 733 141 75 cochlea.

1332 782 34 75 6,
1390 782 77 75 The
1483 782 107 75 portio
1609 782 106 75 mollis
1731 782 41 75 of
1790 782 57 75 the
1862 782 130 75 feventh
2008 782 69 75 pair
2092 782 40 75 of
2143 782 125 75 nerves.

1283 873 89 75 Fig.
1402 873 56 75 10.
1506 873 114 75 Shews
1636 873 55 75 the
1703 873 133 75 mufcles
1854 873 106 75 which
1981 873 146 75 compofe
2147 873 56 75 the
2219 873 96 75 flefhy

1574 917 160 75 fubftance
1754 917 40 75 of
1813 917 56 75 the
1893 917 130 75 tongue.

1284 982 17 75 a
1318 982 30 75 a,
1371 982 78 75 The
1469 982 47 75 tip
1539 982 39 75 of
1598 982 55 75 the
1677 982 133 75 tongue,
1834 982 79 75 with
1938 982 86 75 fome
2053 982 39 75 of
2111 982 55 75 the
2191 982 124 75 papillae

1330 1028 148 75 minimae.
1527 1028 35 75 b.
1586 1028 77 75 The
1689 1028 73 75 root
1785 1028 40 75 of
1843 1028 56 75 the
1926 1028 133 75 tongue.
2119 1028 30 75 c,
2174 1028 80 75 Part
2281 1028 41 75 of

1335 1073 54 75 the
1406 1073 182 75 membrane
1604 1073 41 75 of
1656 1073 55 75 the
1728 1073 130 75 tongue,
1884 1073 104 75 which
2013 1073 138 75 covered
2172 1073 55 75 the
2249 1073 66 75 epi-

1335 1120 125 75 glottis.
1484 1120 23 75 d
1518 1120 35 75 d,
1570 1120 79 75 Part
1665 1120 40 75 of
1715 1120 55 75 the
1783 1120 156 75 mufculus
1951 1120 210 75 hyo-gloffus.
2197 1120 30 75 ej
2239 1120 78 75 The

1334 1168 160 75 lingualis.
1541 1168 27 75 f,
1594 1168 254 75 Genio-gloifus.
1896 1168 22 75 g
1934 1168 34 75 g.
1992 1168 78 75 Part
2092 1168 40 75 of
2143 1168 56 75 the
2220 1168 101 75 ftylo-

1335 1214 128 75 gloffus.

621 1373 32 75 A
700 1373 35 75 N
786 1373 31 75 C

1711 1373 34 75 A
1793 1373 35 75 N
1876 1373 31 75 C

207 1477 249 75 ANATOMY
472 1477 27 75 is
517 1477 65 75 alfo
597 1477 88 75 ufed,
711 1477 31 75 in
760 1477 19 75 a
794 1477 60 75 lefs
870 1477 116 75 proper
1005 1477 98 75 fenfe,
1122 1477 51 75 for
1185 1477 55 75 the

257 1523 215 75 analyfing.of
487 1523 181 75 compound
684 1523 125 75 bodies.
859 1523 62 75 See
937 1523 216 75 Analysis.

210 1571 219 75 Anatomy,
455 1571 32 75 in
504 1571 86 75 feme
607 1571 55 75 old
679 1571 144 75 flatutes,
848 1571 26 75 is
891 1571 76 75 ufed
985 1571 36 75 to
1043 1571 117 75 denote
1185 1571 56 75 the

257 1618 118 75 fubjed
392 1618 34 75 to
443 1618 41 75 be
501 1618 217 75 anatomized.

209 1664 214 75 Anatomy,
439 1664 41 75 an
498 1664 18 75 a
531 1664 167 75 figurative
715 1664 98 75 fenfe,
838 1664 28 75 is
883 1664 180 75 fipmetimes
1087 1664 77 75 ufed
1190 1664 53 75 for

257 1711 19 75 a
300 1711 84 75 ftrid
409 1711 218 75 examination
650 1711 40 75 of
707 1711 45 75 an
778 1711 105 75 affair,
916 1711 171 75 difcourfe,
1111 1711 38 75 or
1171 1711 71 75 per-

257 1756 176 75 formance.

210 1803 200 75 Anatomy
430 1803 42 75 of
480 1803 126 75 plants.
657 1803 62 75 See
736 1803 307 75 Agriculture,
1069 1803 78 75 Part
1163 1803 29 75 I.

210 1849 276 75 ANATORIA,
512 1849 18 75 a
552 1849 90 75 fmall
662 1849 66 75 city
752 1849 36 75 of
807 1849 144 75 Greece,
975 1849 86 75 upon
1088 1849 55 75 the
1159 1849 84 75 river

259 1895 120 75 Afopa,
404 1895 61 75 five
481 1895 92 75 miles
595 1895 84 75 from
695 1895 56 75 the
768 1895 103 75 ftraits
888 1895 42 75 of
943 1895 202 75 Negropont.

212 1943 257 75 ANATRON,
493 1943 183 75 Natron,
694 1943 38 75 or
747 1943 191 75 Natrum,
955 1943 34 75 in
1006 1943 124 75 natural
1146 1943 95 75 hifto-

259 1989 50 75 ry.
361 1989 61 75 See
438 1989 190 75 Natrum.

212 2035 69 75 AN
285 2035 122 75 AUDI
410 2035 45 75 A,
481 2035 18 75 a
523 2035 81 75 term
621 2035 75 75 ufed
724 2035 44 75 by
795 2035 86 75 fome
909 2035 124 75 writers
1062 2035 34 75 to
1124 2035 117 75 denote

260 2080 180 75 dumbnefs,
465 2080 37 75 or
518 2080 56 75 the
590 2080 84 75 want
695 2080 40 75 of
746 2080 55 75 the
822 2080 51 75 ufe
890 2080 41 75 of
949 2080 124 75 fpeech.

213 2127 345 75 ANAXAGORIA,
581 2127 33 75 in
639 2127 142 75 Grecian
808 2127 133 75 hiftory,
975 2127 39 75 an
1042 2127 200 75 anniverfary

261 2175 135 75 feftiyal,
421 2175 89 75 kept,
527 2175 32 75 in
575 2175 126 75 honour
717 2175 41 75 of
767 2175 226 75 Anaxagoras,
1011 2175 47 75 by
1066 2175 54 75 the
1133 2175 111 75 people

262 2222 39 75 of
313 2222 207 75 Lampfacus.

214 2268 468 75 ANAXIMANDRIANS,
708 2268 32 75 in
762 2268 56 75 the
842 2268 120 75 hiftory
987 2268 40 75 of
1041 2268 200 75 philofophy,

262 2314 55 75 the
334 2314 162 75 followers
521 2314 39 75 of
578 2314 262 75 Anaximander;
866 2314 55 75 the
950 2314 78 75 moft
1056 2314 124 75 ancient
1207 2314 41 75 of

261 2361 57 75 the
335 2361 227 75 philofophical
588 2361 113 75 atheift'
701 2361 27 75 s,
753 2361 75 75 who
856 2361 156 75 admitted
1028 2361 42 75 of
1091 2361 42 75 no
1149 2361 94 75 other

262 2405 160 75 fubftance
445 2405 33 75 in
497 2405 112 75 nature
625 2405 58 75 but
700 2405 128 75 matter.

216 2453 211 75 ANAZZO,
461 2453 18 75 a
506 2453 87 75 town
616 2453 33 75 in
673 2453 55 75 the
756 2453 150 75 province
930 2453 40 75 of
995 2453 108 75 Barri,
1128 2453 32 75 in
1187 2453 56 75 the

265 2499 152 75 kingdom
433 2499 41 75 of
484 2499 134 75 Naples.

218 2547 181 75 ANBAR,
425 2547 18 75 a
461 2547 66 75 city
543 2547 41 75 of
596 2547 86 75 Afia,
705 2547 133 75 fituated
862 2547 83 75 upon
969 2547 55 75 the
1047 2547 198 75 Euphrates,

266 2592 121 75 twenty
404 2592 125 75 leagues
547 2592 84 75 from
647 2592 138 75 Bagdat.
835 2592 33 75 It
890 2592 27 75 is
934 2592 103 75 called
1052 2592 44 75 by
1112 2592 58 75 the
1188 2592 55 75 na-

266 2640 80 75 tives
364 2640 223 75 Hafchemiah.

219 2683 354 75 ANBURY,‘among
595 2683 141 75 farriers.
786 2683 62 75 See
864 2683 184 75 Ambury.

219 2731 316 75 ANCAMARES,
561 2731 18 75 a
594 2731 110 75 people
721 2731 40 75 of
774 2731 35 75 S.
829 2731 162 75 America,
1018 2731 94 75 along
1128 2731 55 75 the
1200 2731 43 75 ri-

267 2779 55 75 ver
338 2779 161 75 Madeira,
523 2779 107 75 which
652 2779 187 75 afterwards
854 2779 74 75 falls
944 2779 69 75 iato
1036 2779 55 75 the
1110 2779 83 75 river
1209 2779 44 75 of

267 2826 56 75 the
339 2826 175 75 Amazons.

220 2871 286 75 ANCARANO,
530 2871 19 75 a
563 2871 87 75 fmall
668 2871 66 75 city
750 2871 41 75 of
801 2871 55 75 the
873 2871 213 75 ecclefiaftical
1103 2871 90 75 ftate,
1210 2871 34 75 in

268 2918 55 75 the
346 2918 190 75 marquifate
553 2918 39 75 of
603 2918 148 75 Ancona.

222 2964 273 75 ANCASTER,
520 2964 19 75 a
562 2964 86 75 town
675 2964 41 75 of
737 2964 231 75 Lincolnlhire,
992 2964 76 75 near
1090 2964 151 75 Lincoln,

267 3012 61 75 W.
345 3012 88 75 long.
454 3012 67 75 30'.
553 3012 46 75 N.
618 3012 60 75 lat.
697 3012 41 75 52
738 2994 19 49 0
777 3012 68 75 50'.

1289 1481 226 75 ANCENIS,
1541 1481 19 75 a
1575 1481 88 75 town
1678 1481 41 75 of
1729 1481 135 75 Fiance,
1889 1481 32 75 in
1941 1481 55 75 the
2013 1481 149 75 province
2178 1481 40 75 of
2239 1481 74 75 Bri-

1337 1525 110 75 tanny,
1471 1525 61 75 W.
1550 1525 90 75 long.
1662 1525 38 75 i°
1718 1525 45 75 9'.
1788 1525 48 75 N.
1855 1525 57 75 lat.
1933 1525 64 75 47°
2010 1525 58 75 20.

1288 1573 305 75 ANCESTORS,
1617 1573 89 75 thofe
1724 1573 84 75 from
1823 1573 107 75 whom
1954 1573 18 75 a
1993 1573 111 75 perfon
2120 1573 27 75 is
2163 1573 154 75 defcend-

1338 1618 39 75 ed
1396 1618 33 75 in
1447 1618 18 75 a
1480 1618 132 75 {freight
1627 1618 77 75 line.

1291 1666 307 75 ANCESTREL,
1622 1666 35 75 in
1678 1666 75 75 law,
1778 1666 178 75 fomething
1981 1666 71 75 that
2076 1666 115 75 relates
2208 1666 52 75 to*
2280 1666 40 75 or

1338 1712 56 75 has
1414 1712 79 75 been
1509 1712 83 75 done
1616 1712 43 75 by
1675 1712 89 75 one’s
1785 1712 169 75 anceftors.

1290 1759 298 75 ANCHIALUS,
1614 1759 18 75 a
1648 1759 65 75 city
1732 1759 40 75 of
1782 1759 145 75 Thrace,
1944 1759 85 75 upon
2045 1759 55 75 the
2112 1759 128 75 Euxine
2252 1759 64 75 fea,

1339 1804 41 75 by
1398 1804 56 75 the
1470 1804 24 75 l
1505 1804 77 75 urks
1598 1804 104 75 called
1717 1804 132 75 Kipkis,
1874 1804 60 75 and
1960 1804 43 75 by
2026 1804 56 75 the
2097 1804 128 75 Greeks
2247 1804 71 75 An-

1338 1850 79 75 chio.

1289 1898 290 75 ANCHILOPS,
1603 1898 34 75 in
1659 1898 167 75 medicine,
1853 1898 19 75 a
1888 1898 88 75 fmall
1992 1898 105 75 tumor
2113 1898 31 75 in
2157 1898 55 75 the
2229 1898 90 75 great

1337 1943 91 75 angle
1444 1943 40 75 of
1501 1943 56 75 the
1581 1943 72 75 eye,
1677 1943 187 75 frequently
1878 1943 227 75 degenerating
2120 1943 69 75 into
2206 1943 39 75 an
2261 1943 56 75 ab-

1337 1988 64 75 cefs
1418 1988 38 75 or
1475 1988 101 75 fiftula
1590 1988 217 75 lachrymalis.

1289 2036 202 75 ANCHIO,
1508 2036 32 75 in
1557 2036 194 75 geography.
1803 2036 62 75 See
1880 2036 245 75 Anchialus.

1290 2083 218 75 ANCHOR,
1543 2083 32 75 in
1604 2083 157 75 maritime
1789 2083 121 75 affairs,
1944 2083 39 75 an
2010 2083 180 75 extremely
2217 2083 101 75 ufeful

1337 2128 197 75 inftrument,
1558 2128 124 75 ferving
1705 2128 36 75 to
1757 2128 101 75 retain
1874 2128 18 75 a
1912 2128 65 75 {hip
1993 2128 33 75 in
2042 2128 43 75 its
2101 2128 102 75 place.

1388 2175 32 75 It
1447 2175 26 75 is
1494 2175 19 75 a
1536 2175 78 75 very
1629 2175 88 75 large
1734 2175 61 75 and
1812 2175 102 75 heavy
1931 2175 70 75 iron
2017 2175 197 75 inftrument,
2240 2175 79 75 with

1341 2223 18 75 a
1370 2223 118 75 double
1504 2223 88 75 hook
1610 2223 32 75 at
1659 2223 60 75 one
1731 2223 74 75 end,
1824 2223 63 75 and
1903 2223 20 75 a
1941 2223 116 75 ring^at
2073 2223 56 75 the
2144 2223 106 75 other,
2276 2223 45 75 by

1339 2269 104 75 which
1460 2269 26 75 it
1502 2269 27 75 is
1547 2269 140 75 faftened
1701 2269 35 75 to
1754 2269 18 75 a
1787 2269 102 75 cable.
1939 2269 32 75 It
1984 2269 26 75 is
2023 2269 62 75 caft
2095 2269 69 75 into
2175 2269 55 75 the
2246 2269 75 75 bot-

1338 2316 69 75 tom
1423 2316 41 75 of
1481 2316 54 75 the
1560 2316 62 75 fea,
1648 2316 38 75 or
1710 2316 122 75 rivers;
1859 2316 105 75 when,
1979 2316 121 75 taking
2120 2316 43 75 its
2179 2316 91 75 hold,
2293 2316 26 75 it

1338 2363 95 75 keeps
1450 2363 81 75 fliips
1548 2363 88 75 from
1652 2363 94 75 being
1762 2363 109 75 drawn
1888 2363 89 75 away
1994 2363 43 75 by
2053 2363 56 75 the
2125 2363 98 75 wind,
2241 2363 77 75 tide,

1338 2410 39 75 or
1392 2410 156 75 currents.

1384 2455 76 75 The
1475 2455 86 75 parts
1578 2455 40 75 of
1633 2455 39 75 an
1689 2455 119 75 anchor
1827 2455 66 75 are,
1923 2455 31 75 1.
1978 2455 78 75 The
2075 2455 71 75 ring
2162 2455 35 75 to
2213 2455 106 75 which

1339 2503 54 75 the
1410 2503 89 75 cable
1515 2503 26 75 is
1560 2503 151 75 faftened.
1761 2503 34 75 2.
1819 2503 77 75 The
1918 2503 93 75 beam
2028 2503 36 75 or
2081 2503 109 75 {hank,
2215 2503 106 75 which

1339 2549 26 75 is
1383 2549 54 75 the
1453 2549 119 75 longeft
1584 2549 72 75 part
1667 2549 41 75 of
1717 2549 55 75 the
1787 2549 133 75 anchor.
1972 2549 33 75 3.
2029 2549 76 75 The
2118 2549 80 75 arm,
2214 2549 107 75 which

1339 2596 26 75 is
1383 2596 69 75 that
1469 2596 103 75 which
1600 2596 73 75 runs
1695 2596 68 75 into
1788 2596 56 75 the
1868 2596 138 75 ground.
2055 2596 33 75 4.
2113 2596 76 75 The
2214 2596 106 75 flouke

1340 2642 37 75 or
1400 2642 97 75 fluke,
1529 2642 43 75 by
1598 2642 86 75 fome
1711 2642 104 75 called
1842 2642 55 75 the
1918 2642 104 75 palm,
2055 2642 55 75 the
2135 2642 100 75 broad
2257 2642 64 75 and

1340 2687 120 75 peaked
1476 2687 84 75 part,
1578 2687 78 75 with
1668 2687 42 75 its
1726 2687 106 75 barbs,
1850 2687 65 75 Kke
1930 2687 56 75 the
2001 2687 82 75 head
2096 2687 39 75 of
2145 2687 39 75 an
2201 2687 116 75 arrow,

1338 2734 105 75 which
1460 2734 129 75 faftens'
1589 2734 69 75 into
1674 2734 54 75 the
1745 2734 136 75 ground.
1932 2734 36 75 5.
1989 2734 76 75 The
2083 2734 97 75 ftock,
2199 2734 18 75 a
2232 2734 88 75 piece

1338 2782 40 75 of
1389 2782 98 75 wood
1494 2782 141 75 faftened
1650 2782 36 75 to
1702 2782 55 75 the
1770 2782 90 75 beam
1877 2782 76 75 near
1968 2782 56 75 the
2041 2782 82 75 ring,
2147 2782 124 75 ferving
2283 2782 36 75 to

1340 2828 95 75 guide
1451 2828 55 75 the
1518 2828 98 75 fluke,
1637 2828 35 75 fo
1689 2828 71 75 that
1776 2828 26 75 it
1818 2828 73 75 may
1907 2828 58 75 fall
1981 2828 86 75 right
2084 2828 61 75 and
2157 2828 46 75 fix
2219 2828 34 75 in
2264 2828 55 75 the

1339 2875 136 75 ground.

1385 2920 110 75 There
1511 2920 53 75 are
1579 2920 120 75 feveral
1715 2920 92 75 kinds
1824 2920 41 75 of
1875 2920 135 75 anchors
2022 2920 8 75 :
2072 2920 29 75 1.
2126 2920 77 75 The
2219 2920 100 75 flieet-

1339 2966 130 75 anchor,
1494 2966 106 75 which
1615 2966 26 75 is
1659 2966 55 75 the
1730 2966 126 75 largeft,
1882 2966 62 75 and
1959 2966 26 75 is
2003 2966 95 75 never
2120 2966 76 75 ufed
2212 2966 57 75 but
2285 2966 34 75 in

1337 3014 120 75 violent
1472 3014 125 75 ftorms,
1622 3014 35 75 to
1673 3014 113 75 hinder
1810 3014 56 75 the
1888 3014 66 75 fttip
1978 3014 84 75 from
2087 3014 94 75 being
2209 3014 109 75 driven

2183 3056 133 75 a-fhore.
