2428 3377
118 156 103 75 Part
252 156 71 75 VI.

119 227 63 75 and
198 227 117 75 chiefly
329 227 46 75 by
395 227 56 75 the
471 227 106 75 means
602 227 40 75 of
663 227 57 75 the
741 227 120 75 middle
885 227 153 75 ligament
1065 227 85 75 pulls

117 274 58 75 the
198 274 189 75 diaphragm
404 274 94 75 along
515 274 79 75 with
611 274 39 75 it.
711 274 31 75 It
759 274 26 75 is
802 274 33 75 in
852 274 70 75 that
938 274 90 75 place
1044 274 106 75 there-

118 320 71 75 fore
206 320 72 75 that
294 320 49 75 we
365 320 81 75 have
462 320 65 75 this
552 320 116 75 uneafy
692 320 167 75 fenfation,
884 320 62 75 and
970 320 57 75 not
1045 320 34 75 at
1095 320 56 75 the

118 366 143 75 fuperior
276 366 108 75 orifice
400 366 40 75 of
458 366 55 75 the
529 366 152 75 ftomach,
707 366 33 75 as
752 366 34 75 iy
796 366 181 75 commonly
995 366 157 75 believed.

167 413 75 75 The
259 413 80 75 liver
354 413 27 75 is
399 413 170 75 compofed
591 413 41 75 of
652 413 120 75 feveral
788 413 94 75 kinds
898 413 41 75 of
951 413 120 75 veflels,
1097 413 56 75 the

119 458 226 75 ramifications
362 458 41 75 of
425 458 106 75 which
560 458 53 75 are
639 458 179 75 multiplied
841 458 32 75 in
899 458 38 75 an
967 458 187 75 aftonilhing

119 506 143 75 manner,
288 506 63 75 and
366 506 86 75 form
468 506 46 75 by
528 506 55 75 the
599 506 215 75 intertexture
829 506 42 75 of
893 506 84 75 their
1002 506 153 75 capillary

119 552 214 75 extremities,
358 552 40 75 an
421 552 219 75 innumerable
667 552 167 75 colledtion
860 552 41 75 of
924 552 89 75 fmall
1042 552 111 75 pulpy,

119 599 114 75 friable
250 599 192 75 corpufcles,
467 599 106 75 which
590 599 54 75 are
658 599 121 75 looked
794 599 87 75 upon
898 599 35 75 to
952 599 41 75 be
1009 599 34 75 fo
1059 599 97 75 many

122 645 115 75 organs
254 645 149 75 defigned
425 645 35 75 to
484 645 142 75 feparate
643 645 84 75 from
752 645 55 75 the
835 645 81 75 mafs
943 645 41 75 of
1010 645 99 75 blood
1137 645 19 75 a

122 690 175 75 particular
312 690 80 75 fluid
408 690 125 75 termed
548 690 57 75 the
622 690 74 75 bile.

169 738 76 75 The
263 738 134 75 greatefl:
414 738 72 75 part
501 738 41 75 of
553 738 87 75 thefe
657 738 109 75 veflels
782 738 85 75 from
886 738 61 75 one
964 738 63 75 end
1049 738 35 75 to
1100 738 56 75 the

121 784 96 75 other
233 784 27 75 is
282 784 151 75 included
447 784 33 75 in
500 784 20 75 a
535 784 223 75 membranous
774 784 114 75 vagina
904 784 104 75 called
1024 784 129 75 capfula

122 831 88 75 venx
221 831 116 75 portee,
364 831 36 75 or
423 831 130 75 capfula
570 831 151 75 Gliffoni.

166 878 77 75 The
258 878 97 75 trunk
370 878 41 75 of
429 878 55 75 the
500 878 81 75 vena
597 878 99 75 portas
724 878 27 75 is
779 878 136 75 fituated
943 878 209 75 tranfverfely

120 923 146 75 between
282 923 55 75 the
355 923 102 75 broad
472 923 140 75 anterior
623 923 162 75 eminence
797 923 41 75 of
849 923 55 75 the
919 923 92 75 great
1026 923 74 75 lobe
1117 923 41 75 of

122 971 57 75 the
194 971 94 75 fiver,
314 971 63 75 and
400 971 55 75 the
482 971 74 75 root
583 971 41 75 of
645 971 57 75 the
725 971 140 75 lobulus,
890 971 33 75 in
945 971 19 75 a
980 971 175 75 particular

121 1017 139 75 fciflure,
285 1017 63 75 and
364 1017 100 75 forms
481 1017 88 75 what
585 1017 149 75 is^called
750 1017 55 75 the
813 1017 100 75 Jinus
938 1017 42 75 of
997 1017 53 75 the
1071 1017 84 75 vena

120 1063 116 75 port#.
284 1063 99 75 From
406 1063 63 75 this
490 1063 81 75 linus
587 1063 62 75 five
665 1063 152 75 principal
835 1063 153 75 branches
1017 1063 41 75 go
1085 1063 69 75 out,

125 1109 106 75 which
255 1109 54 75 are
331 1109 188 75 afterwards
543 1109 131 75 divided
696 1109 69 75 into
782 1109 138 75 millions
940 1109 42 75 of
1000 1109 156 75 ramifica-

125 1156 85 75 tions
227 1156 142 75 through
386 1156 55 75 the
457 1156 105 75 whole
574 1156 160 75 fubftance
750 1156 41 75 of
803 1156 54 75 the
873 1156 93 75 liver.

171 1202 47 75 At
235 1202 64 75 this
327 1202 90 75 place
438 1202 58 75 the
512 1202 81 75 vena
608 1202 98 75 portas
730 1202 69 75 lays
816 1202 95 75 down
928 1202 56 75 the
1008 1202 147 75 common

123 1249 91 75 office
231 1249 40 75 of
283 1249 18 75 a
317 1249 82 75 vein,
426 1249 63 75 and
505 1249 146 75 becomes
670 1249 18 75 a
703 1249 79 75 kind
798 1249 41 75 of
857 1249 109 75 artery
989 1249 33 75 as
1046 1249 26 75 it
1100 1249 55 75 en-

123 1295 78 75 ters,
227 1295 61 75 and
305 1295 27 75 is
349 1295 92 75 again
457 1295 144 75 ramified
627 1295 34 75 in
690 1295 57 75 the
763 1295 93 75 liver.
904 1295 78 75 The
1002 1295 153 75 extremi-

125 1341 58 75 ties
204 1341 40 75 of
264 1341 42 75 all
329 1341 87 75 thefe
434 1341 224 75 ramifications
687 1341 41 75 of
748 1341 55 75 the
831 1341 98 75 trunk
944 1341 41 75 of
1004 1341 56 75 the
1076 1341 80 75 vena

125 1387 98 75 portae
239 1387 147 75 hepatica
402 1387 63 75 end
481 1387 32 75 in
536 1387 56 75 the
608 1387 100 75 pulpy
723 1387 115 75 friable
855 1387 177 75 corpufcles
1050 1387 104 75 which

127 1433 82 75 ieem
225 1433 37 75 to
280 1433 38 75 be
334 1433 90 75 thick
441 1433 114 75 villous
576 1433 151 75 folliculi.

178 1479 47 75 Its
243 1479 32 75 in
291 1479 88 75 thefe
396 1479 135 75 folliculi
548 1479 72 75 that
632 1479 62 75 the-
704 1479 62 75 bile
788 1479 26 75 is
830 1479 154 75 fecreted,
1010 1479 63 75 and
1088 1479 25 75 it
1130 1479 33 75 ia

125 1525 216 75 immediately
358 1525 154 75 collected
527 1525 33 75 in
576 1525 55 75 the
647 1525 83 75 fame
743 1525 140 75 ‘number
905 1525 40 75 of
956 1525 199 75 extremities

128 1572 39 75 of
182 1572 134 75 another
332 1572 79 75 kind
427 1572 41 75 of
485 1572 123 75 veflels,
626 1572 106 75 which
755 1572 88 75 unite
859 1572 44 75 by
920 1572 168 75 numerous
1107 1572 49 75 ra-

126 1618 187 75 mifications
328 1618 70 75 into
413 1618 60 75 one
489 1618 273 75 commonjtrunk.
806 1618 108 75 Thefe
931 1618 225 75 ramifications

126 1665 54 75 are
198 1665 123 75 termed
331 1665 76 75 port
422 1665 127 75 hilarii,
574 1665 64 75 and
654 1665 56 75 the
729 1665 96 75 trunk
837 1665 113 75 duttus
966 1665 164 75 kepaticus
1142 1665 11 75 ;

125 1711 64 75 and
204 1711 55 75 the
276 1711 224 75 ramifications
517 1711 40 75 of
567 1711 88 75 thefe
674 1711 64 75 two
753 1711 93 75 kinds
859 1711 8 75 '
867 1711 37 75 of
914 1711 109 75 veflels
1036 1711 53 75 are
1105 1711 49 75 in-

126 1757 106 75 velted
247 1757 149 75 together
411 1757 44 75 by
470 1757 55 75 the
542 1757 126 75 capfula
684 1757 41 75 of
735 1757 56 75 the
806 1757 80 75 vena
901 1757 112 75 portae.

173 1803 77 75 The
267 1803 109 75 blood,
388 1803 153 75 deprived
552 1803 41 75 of
602 1803 64 75 this
679 1803 115 75 bilious
810 1803 91 75 fluid,
913 1803 26 75 is
956 1803 200 75 reconveyed

126 1850 35 75 to
177 1850 56 75 the
248 1850 93 75 heart
365 1850 43 75 by
429 1850 18 75 a
467 1850 90 75 great
579 1850 134 75 number
740 1850 40 75 of
796 1850 92 75 venal
915 1850 239 75 ramifications,

126 1896 106 75 which
251 1896 186 75 afterwards
453 1896 89 75 unite
556 1896 70 75 into
643 1896 89 75 three
746 1896 152 75 principal
915 1896 168 75 branches,
1100 1896 55 75 be-

126 1943 79 75 fides
225 1943 109 75 others
354 1943 71 75 that
442 1943 53 75 are
511 1943 60 75 lefs
588 1943 226 75 confiderable,
840 1943 70 75 that
918 1943 11 75 *
937 1943 169 75 terminate
1123 1943 32 75 in

126 1990 54 75 the
196 1990 81 75 vena
295 1990 89 75 cava,
410 1990 62 75 and
494 1990 53 75 are
568 1990 43 75 all
636 1990 105 75 called
764 1990 43 75 by
824 1990 55 75 the
895 1990 92 75 name
1011 1990 41 75 of
1071 1990 83 75 vena

125 2037 160 75 hepatica.

171 2083 77 75 The
264 2083 153 75 capillary
443 2083 196 75 extremities
655 2083 41 75 of
717 2083 56 75 the
800 2083 224 75 ramifications
1041 2083 41 75 of
1099 2083 57 75 the

125 2129 82 75 vena
221 2129 89 75 cava,
332 2129 70 75 join
418 2129 90 75 thofe
524 2129 41 75 of
576 2129 54 75 the
650 2129 80 75 vena
745 2129 113 75 ports,
884 2129 63 75 and
962 2129 194 75 accompany

126 2175 88 75 them
230 2175 140 75 through
387 2175 55 75 the
459 2175 100 75 liver;
586 2175 63 75 and
672 2175 54 75 yet
751 2175 55 75 the
828 2175 91 75 great
942 2175 154 75 branches
1118 2175 41 75 of

126 2221 80 75 both
223 2221 87 75 veins
329 2221 146 75 interfeft
491 2221 78 75 each
585 2221 94 75 other
693 2221 32 75 in
741 2221 118 75 feverpl
877 2221 119 75 places.

173 2268 76 75 The
266 2268 111 75 dudus
392 2268 175 75 hepaticus,
585 2268 38 75 or
639 2268 96 75 trunk
752 2268 40 75 of
803 2268 55 75 the
874 2268 70 75 pori
961 2268 118 75 bilarii,
1096 2268 58 75 ha-

126 2315 75 75 ving
217 2315 60 75 run
294 2315 17 75 a
326 2315 86 75 little
432 2315 83 75 way,
536 2315 86 75 joins
647 2315 135 75 another
805 2315 88 75 canal
920 2315 104 75 called
1040 2315 115 75 duftus

127 2361 130 75 cyfiieus
274 2361 39 75 or
328 2361 199 75 veficularis,
552 2361 131 75 becaufe
699 2361 26 75 it
746 2361 105 75 comes
864 2361 84 75 from
964 2361 57 75 the
1038 2361 118 75 veficu-

126 2408 32 75 la
173 2408 97 75 fellis.
319 2408 108 75 Thefe
446 2408 66 75 two
530 2408 110 75 united
651 2408 89 75 duds
761 2408 84 75 form
863 2408 18 75 a
900 2408 147 75 common
1059 2408 98 75 trunk

126 2453 115 75 named
256 2453 112 75 duftus
385 2453 209 75 cholidocbus,
618 2453 132 75 becaufe
776 2453 27 75 it
830 2453 137 75 conveys
995 2453 55 75 the
1078 2453 77 75 bile.

126 2500 85 75 This
234 2500 75 75 dud
335 2500 117 75 having
467 2500 135 75 reached
618 2500 55 75 the
689 2500 199 75 incurvation
905 2500 40 75 of
961 2500 55 75 the
1033 2500 123 75 duode-

128 2546 89 75 num,
243 2546 33 75 ii'
276 2546 154 75 ifiruates'
430 2546 87 75 itfelf
527 2546 141 75 through
683 2546 56 75 the
754 2546 90 75 coats
859 2546 40 75 of
911 2546 72 75 that
999 2546 156 75 inteftine,

127 2593 63 75 and
206 2593 97 75 opens
319 2593 69 75 into
409 2593 55 75 the
480 2593 107 75 cavity
606 2593 138 75 thereof,
768 2593 57 75 not
841 2593 45 75 by
902 2593 20 75 a
937 2593 103 75 round
1055 2593 101 75 papil-

126 2639 44 75 la,
196 2639 57 75 but
269 2639 44 75 by
330 2639 40 75 an
386 2639 119 75 oblong
521 2639 120 75 orifice,
665 2639 145 75 rounded
826 2639 33 75 at
875 2639 55 75 the
947 2639 99 75 upper
1070 2639 85 75 part,

127 2686 63 75 and
207 2686 180 75 contraded
405 2686 33 75 at
454 2686 54 75 the
527 2686 112 75 lower,
663 2686 65 75 like
752 2686 55 75 the
822 2686 94 75 fpout
944 2686 41 75 of
1001 2686 40 75 an
1057 2686 98 75 ewer,

128 2733 118 75 or-like
269 2733 20 75 a
311 2733 147 75 common
475 2733 244 75 tooth-picker.'

172 2779 77 75 The
267 2779 216 75 gall-bladder
499 2779 26 75 is
546 2779 19 75 a
581 2779 79 75 kind
676 2779 41 75 of
735 2779 89 75 finall
841 2779 63 75 bag
927 2779 116 75 ffiaped
1058 2779 65 75 like
1140 2779 18 75 a

127 2825 88 75 pear,
240 2825 72 75 that
327 2825 40 75 is,
392 2825 126 75 narrow
534 2825 34 75 at
584 2825 60 75 one
663 2825 63 75 end
742 2825 62 75 and
820 2825 83 75 wide
926 2825 32 75 at
976 2825 56 75 the
1048 2825 105 75 othef.

125 2872 77 75 The
226 2872 85 75 wide
332 2872 174 75 extremity
529 2872 27 75 is
581 2872 124 75 termed
729 2872 60 75 the.
801 2872 131 75 fundus
962 2872 37 75 or
1027 2872 128 75 bottom,

125 2918 56 75 the
205 2918 125 75 narrow
350 2918 175 75 extremity
541 2918 54 75 the
611 2918 87 75 neck,
726 2918 62 75 and
813 2918 55 75 the
891 2918 121 75 middle
1028 2918 128 75 portion

123 2965 56 75 the
196 2965 88 75 body.
333 2965 114 75 About
472 2965 60 75 one
548 2965 88 75 third
652 2965 107 75 of*the
776 2965 89 75 body
881 2965 41 75 of
943 2965 56 75 the
1022 2965 135 75 veficuJa

124 3011 58 75 lies
195 3011 32 75 in
245 3011 17 75 a
277 3011 172 75 depreflion
466 3011 41 75 on
523 3011 56 75 the
596 3011 137 75 concave
744 3011 66 75 fide
828 3011 40 75 of
880 3011 55 75 the
952 3011 93 75 liver,
1069 3011 86 75 from

172 3057 95 75 Von.
294 3057 31 75 I.
373 3057 70 75 No.
475 3057 53 75 ii.

1099 3057 18 75 3

2156 143 19 49 2
2183 161 49 75 ^5

1196 222 56 75 the
1269 222 97 75 trunk
1382 222 37 75 or
1435 222 81 75 finus
1539 222 42 75 of
1599 222 55 75 the
1681 222 81 75 vena
1777 222 113 75 ports,
1915 222 107 75 where
2039 222 54 75 the
2110 222 79 75 neck
2205 222 28 75 is

1199 268 135 75 fituated
1356 268 34 75 to
1417 268 56 75 the
1496 268 141 75 anterior
1660 268 80 75 edge
1757 268 41 75 of
1821 268 54 75 the
1895 268 90 75 great
2001 268 87 75 lobe,
2114 268 19 75 a
2148 268 86 75 little

1200 314 125 75 toward
1340 314 59 75 the"
1415 314 87 75 right
1518 314 76 75 fide,
1619 314 106 75 where
1740 314 57 75 the
1814 314 127 75 bottom
1957 314 26 75 is
2001 314 125 75 placed.

1247 362 77 75 The
1347 362 215 75 gall-bladder
1590 362 27 75 is
1647 362 171 75 compofed
1842 362 40 75 of
1899 362 118 75 feveral
2043 362 111 75 coats;
2178 362 57 75 the

1202 408 174 75 outermoit
1392 408 41 75 of
1451 408 107 75 which
1575 408 26 75 is
1619 408 18 75 a
1653 408 221 75 continuation
1900 408 40 75 of
1960 408 71 75 that
2055 408 106 75 which
2185 408 48 75 in-

1202 455 79 75 vefts
1299 455 56 75 the
1373 455 93 75 liver,
1491 455 63 75 and
1570 455 228 75 confecjuently
1815 455 40 75 of
1869 455 56 75 the
1940 455 222 75 peritonaeum.

1248 501 78 75 The
1341 501 117 75 fecond
1473 501 73 75 coat
1561 501 27 75 is
1605 501 108 75 fleffiy,
1732 501 61 75 aiid
1815 501 93 75 made
1924 501 42 75 up
1984 501 41 75 of
2043 501 66 75 two
2125 501 108 75 flxata,

1202 548 61 75 one
1292 548 222 75 longitudinal,
1553 548 55 75 the
1636 548 94 75 other
1765 548 186 75 tranfverfe,
1993 548 55 75 the
2076 548 95 75 fibres
2198 548 43 75 of

1203 594 105 75 which
1324 594 81 75 have
1421 594 112 75 nearly
1548 594 56 75 the
1616 594 82 75 fame
1715 594 151 75 irregular
1881 594 155 75 direftion
2052 594 78 75 with
2144 594 91 75 thole

1204 641 39 75 of
1254 641 54 75 the
1325 641 138 75 ftomach
1475 641 11 75 ;
1505 641 63 75 and
1583 641 66 75 this
1668 641 181 75 difpofition
1862 641 40 75 of
1913 641 56 75 the
1986 641 94 75 fibres
2097 641 33 75 in
2146 641 88 75 thefe

1202 687 120 75 vifeera
1336 687 27 75 is
1388 687 111 75 owin£
1517 687 35 75 to
1569 687 55 75 the
1640 687 151 75 different
1808 687 169 75 diameters
1994 687 34 75 in
2044 687 54 75 the
2114 687 120 75 feveral

1203 734 143 75 portions
1367 734 41 75 of
1426 734 101 75 them,
1554 734 62 75 and
1632 734 36 75 to
1685 734 84 75 their
1784 734 212 75 incurvation.

1248 781 109 75 Thefe
1377 781 67 75 two
1459 781 89 75 coats
1565 781 53 75 are
1635 781 174 75 connedted
1830 781 44 75 by
1890 781 19 75 a
1925 781 131 75 cellular
2072 781 162 75 fubftance

1204 828 171 75 continued
1390 828 145 75 between
1547 828 55 75 the
1614 828 89 75 body
1718 828 40 75 of
1770 828 55 75 the
1842 828 132 75 veficula
1990 828 63 75 and
2069 828 55 75 the
2138 828 94 75 liver,

1202 874 42 75 all
1261 874 56 75 the
1333 874 83 75 way,
1442 874 36 75 to
1494 874 19 75 a
1528 874 125 75 whitiffi
1668 874 143 75 ftratum,
1836 874 107 75 which
1962 874 27 75 is
2013 874 119 75 looked
2147 874 87 75 upon

1205 921 34 75 as
1263 921 57 75 the
1345 921 89 75 third
1451 921 73 75 coat
1542 921 8 75 '
1550 921 37 75 of
1604 921 57 75 the
1685 921 214 75 gall-bladder
1923 921 175 75 anfwering
2119 921 35 75 to
2179 921 55 75 the

1202 967 108 75 tunica
1325 967 132 75 nervofa
1476 967 42 75 of
1529 967 56 75 the
1602 967 172 75 inteftines.

1249 1015 76 75 The
1341 1015 169 75 innermoft
1528 1015 37 75 or
1576 1015 109 75 fourth
1703 1015 74 75 coat
1792 1015 57 75 has
1866 1015 42 75 on
1924 1015 56 75 the
1996 1015 96 75 infide
2109 1015 19 75 a
2142 1015 92 75 great

1202 1061 133 75 number
1357 1061 41 75 of
1414 1061 150 75 reticular
1580 1061 99 75 folds,
1705 1061 89 75 filled
1810 1061 79 75 with
1906 1061 90 75 fmall
2010 1061 134 75 lacunas,
2168 1061 67 75 like

1201 1108 183 75 perforated
1410 1108 138 75 papillae,
1573 1108 169 75 efpecially
1758 1108 75 75 near
1849 1108 56 75 the
1921 1108 81 75 neck
2025 1108 40 75 of
2077 1108 56 75 the
2155 1108 78 75 vefi-

1202 1155 71 75 cula
1291 1155 108 75 where
1417 1155 85 75 thefe
1518 1155 86 75 folds
1632 1155 54 75 are
1708 1155 225 75 longitudinal,
1959 1155 63 75 and
2044 1155 189 75 afterwards

1202 1201 84 75 form
1303 1201 18 75 a
1332 1201 79 75 kind
1427 1201 40 75 of
1477 1201 89 75 fmall
1579 1201 130 75 pylorus
1727 1201 76 75 with
1829 1201 93 75 plaits
1946 1201 41 75 of
1998 1201 56 75 the
2077 1201 83 75 fame
2176 1201 56 75 na-

1203 1248 71 75 ture
1297 1248 80 75 with
1401 1248 90 75 thofe
1518 1248 33 75 in
1573 1248 55 75 the
1650 1248 93 75 great
1770 1248 73 75 one.
1897 1248 111 75 Thefe
2034 1248 122 75 lacunae
2178 1248 55 75 are

1203 1294 119 75 looked
1338 1294 86 75 upon
1442 1294 33 75 to
1496 1294 39 75 be
1552 1294 125 75 glands.

1250 1341 92 75 That
1359 1341 62 75 fide
1437 1341 41 75 of
1488 1341 55 75 the
1561 1341 86 75 body
1674 1341 41 75 of
1732 1341 56 75 the
1804 1341 136 75 veficula
1956 1341 105 75 which
2078 1341 58 75 lies
2153 1341 80 75 next

1203 1387 56 75 the
1275 1387 80 75 liver
1371 1387 26 75 is
1415 1387 175 75 connected
1613 1387 34 75 to
1668 1387 70 75 that
1755 1387 100 75 vifeus
1873 1387 43 75 by
1932 1387 19 75 a
1966 1387 66 75 vaft
2049 1387 132 75 number
2198 1387 43 75 of

1203 1435 170 75 filaments,
1399 1435 106 75 which
1529 1435 59 75 run
1613 1435 19 75 a
1653 1435 90 75 great
1763 1435 70 75 way
1849 1435 69 75 into
1942 1435 55 75 the
2020 1435 160 75 fubftance
2198 1435 44 75 of

1203 1481 56 75 the
1283 1481 101 75 liver;
1412 1481 64 75 and
1502 1481 116 75 among
1644 1481 88 75 thefe
1760 1481 158 75 filaments
1947 1481 90 75 there
2066 1481 54 75 are
2145 1481 89 75 fome

1203 1528 89 75 duds
1309 1528 106 75 which
1434 1528 87 75 form
1538 1528 20 75 a
1577 1528 266 75 communication
1863 1528 144 75 between
2024 1528 57 75 the
2096 1528 72 75 pori
2183 1528 50 75 bi-

1203 1573 71 75 larii
1291 1573 61 75 and
1368 1573 147 75 veficula.
1563 1573 99 75 They
1687 1573 53 75 are
1767 1573 80 75 moft
1874 1573 171 75 numerous
2074 1573 75 75 near
2175 1573 58 75 tire

1203 1621 81 75 neck
1300 1621 40 75 of
1351 1621 56 75 the
1422 1621 147 75 veficula,
1595 1621 62 75 and
1673 1621 78 75 they
1768 1621 53 75 are
1842 1621 114 75 named
1971 1621 115 75 duftus
2102 1621 130 75 cyjl~he~

1199 1668 119 75 patici,
1343 1668 38 75 or
1398 1668 275 75 hepatico-cyjlici.

1248 1714 76 75 The
1347 1714 81 75 neck
1445 1714 40 75 of
1496 1714 55 75 the
1567 1714 135 75 veficula
1716 1714 26 75 is
1750 1714 136 75 ‘formed
1901 1714 43 75 by
1961 1714 55 75 the
2035 1714 198 75 contradion

1202 1760 39 75 of
1252 1760 56 75 the
1323 1760 89 75 fmall
1429 1760 196 75 extremity;
1651 1760 65 75 and
1725 1760 63 75 this
1801 1760 80 75 neck
1894 1760 138 75 bending
2044 1760 188 75 afterwards

1202 1806 31 75 in
1250 1806 19 75 a
1284 1806 172 75 particular
1484 1806 143 75 manner,
1651 1806 157 75 produces
1825 1806 19 75 a
1865 1806 128 75 narrow
2010 1806 90 75 canal
2116 1806 117 75 named

1202 1854 111 75 duftus
1333 1854 142 75 eyfietts.

1247 1901 76 75 The
1341 1901 80 75 neck
1437 1901 39 75 of
1487 1901 56 75 the
1558 1901 135 75 veficula
1704 1901 26 75 is
1745 1901 109 75 nearly
1866 1901 40 75 of
1917 1901 55 75 the
1984 1901 83 75 fame
2079 1901 153 75 ftrudure

1200 1947 79 75 with
1302 1947 58 75 the
1385 1947 96 75 other
1507 1947 101 75 parts.
1656 1947 33 75 It
1705 1947 57 75 has
1778 1947 42 75 on
1837 1947 54 75 the
1907 1947 96 75 infide
2018 1947 119 75 feveral
2153 1947 77 75 reti-

1201 1994 87 75 cular
1305 1994 84 75 rugee
1406 1994 64 75 and
1485 1994 86 75 fome
1587 1994 85 75 folds
1690 1994 104 75 which
1818 1994 115 75 appear
1960 1994 66 75 like
2054 1994 177 75 fragments

1201 2040 40 75 of
1262 2040 134 75 valvulae
1424 2040 217 75 conniventes,
1666 2040 136 75 fituated
1827 2040 78 75 very
1928 2040 76 75 near
2028 2040 79 75 each
2124 2040 107 75 other,

1200 2092 85 75 from
1300 2092 55 75 the
1371 2092 81 75 neck
1464 2092 35 75 to
1511 2092 55 75 the
1579 2092 195 75 contradion
1786 2092 41 75 of
1834 2092 55 75 the
1907 2092 94 75 cyftic
2017 2092 88 75 dud.
2152 2092 80 75 The

1200 2133 64 75 firft
1280 2133 40 75 of
1330 2133 88 75 thefe
1434 2133 86 75 folds
1536 2133 27 75 is
1579 2133 108 75 pretty
1703 2133 102 75 broad
1827 2133 63 75 and
1912 2133 101 75 large,
2040 2133 62 75 and
2119 2133 113 75 almoft

1201 2180 156 75 circular;
1382 2180 61 75 fhe
1459 2180 80 75 next
1554 2180 26 75 is
1597 2180 89 75 more
1703 2180 143 75 oblique,
1875 2180 62 75 and
1951 2180 128 75 fmaller
2094 2180 33 75 in
2141 2180 87 75 fize;

1201 2227 62 75 and
1274 2227 56 75 the
1347 2227 61 75 reft
1423 2227 143 75 diminiffi
1583 2227 32 75 in
1632 2227 57 75 the
1704 2227 84 75 fame
1804 2227 142 75 manner.

1247 2274 76 75 The
1340 2274 64 75 bile
1420 2274 104 75 which
1541 2274 98 75 pafles
1650 2274 143 75 through
1811 2274 54 75 the
1882 2274 111 75 dudus
2005 2274 164 75 hepaticus
2181 2274 49 75 in-

1202 2319 36 75 to
1266 2319 56 75 the
1351 2319 222 75 cholidochus,
1599 2319 74 75 may
1699 2319 41 75 be
1768 2319 105 75 called
1898 2319 133 75 hepatic'
2031 2319 11 75 ,
2070 2319 62 75 and
2159 2319 73 75 that

1202 2366 106 75 which
1324 2366 27 75 is
1368 2366 156 75 colieded
1539 2366 33 75 in
1588 2366 56 75 the
1670 2366 135 75 veficula
1827 2366 98 75 fellis,
1950 2366 73 75 may
2041 2366 38 75 be
2105 2366 128 75 termed

1203 2414 105 75 cyftic.
1355 2414 79 75 The
1449 2414 128 75 hepatic
1600 2414 64 75 bile
1692 2414 90 75 flows
1806 2414 196 75 continually
2018 2414 140 75 through
2175 2414 57 75 the

1203 2459 110 75 dudus
1326 2459 209 75 cholidochus
1551 2459 68 75 into
1632 2459 55 75 the
1700 2459 196 75 duodenum,
1915 2459 140 75 whereas
2068 2459 56 75 the
2136 2459 96 75 cyftic

1203 2505 64 75 bile
1282 2505 89 75 flows
1388 2505 77 75 only
1481 2505 44 75 by
1536 2505 110 75 reafon
1662 2505 41 75 of
1717 2505 176 75 plentitude
1906 2505 37 75 or
1959 2505 43 75 by
2014 2505 215 75 compreflion.

1250 2552 76 75 The
1342 2552 69 75 ufes
1436 2552 40 75 of
1493 2552 56 75 the
1570 2552 80 75 liver
1667 2552 76 75 ffiall
1759 2552 40 75 be
1815 2552 170 75 explained
2002 2552 84 75 after
2102 2552 55 75 the
2172 2552 58 75 de-

1203 2598 149 75 feription
1379 2598 41 75 of
1441 2598 166 75 pancreas,'
1637 2598 118 75 fpleen,
1781 2598 62 75 and
1868 2598 178 75 omentum,
2073 2598 43 75 all
2142 2598 88 75 thefe

1202 2645 119 75 vifeera
1336 2645 116 75 having
1469 2645 18 75 a
1503 2645 91 75 great
1609 2645 136 75 relation
1765 2645 37 75 to
1819 2645 54 75 the
1890 2645 112 75 liver.,

1526 2749 379 75 PANCREAS.

1250 2827 84 75 The
1354 2827 149 75 pancreas
1524 2827 25 75 is
1567 2827 19 75 a
1601 2827 76 75 long
1693 2827 56 75 flat
1765 2827 108 75 gland,
1898 2827 40 75 of
1951 2827 69 75 that
2036 2827 77 75 kind
2125 2827 106 75 which

1204 2875 181 75 anatomifts
1402 2875 61 75 call
1479 2875 244 75 conglomerate,
1741 2875 133 75 fituated
1890 2875 101 75 under
2006 2875 56 75 the
2077 2875 153 75 ftomach,

1204 2921 143 75 between
1363 2921 57 75 the
1438 2921 82 75 liver
1536 2921 62 75 and
1614 2921 56 75 the
1687 2921 118 75 fpleen.
1864 2921 48 75 Its
1937 2921 111 75 figure'
2063 2921 168 75 refembles

1203 2967 69 75 that
1289 2967 41 75 of
1344 2967 17 75 a
1384 2967 92 75 dog’s
1493 2967 118 75 tongue
1626 2967 10 75 ;
1664 2967 63 75 and
1742 2967 26 75 it
1786 2967 26 75 is
1829 2967 128 75 divided
1973 2967 68 75 into
2058 2967 64 75 two
2138 2967 92 75 fides,

1201 3017 61 75 one
1278 3017 153 75 fuperior,
1457 3017 55 75 the
1535 3017 93 75 other
1650 3017 152 75 inferior;
1841 3017 66 75 two
1931 3017 109 75 edges,
2064 3017 62 75 one
2141 3017 91 75 ante-

676 149 1003 75 ANATOMY.
