2397 3387
531 119 36 75 B
626 119 41 75 A
726 119 34 75 L

1093 119 19 75 (
1171 119 80 75 5^5
1312 119 19 75 )

1675 119 34 75 B
1769 119 42 75 A
1869 119 35 75 L

207 192 89 75 often
317 192 66 75 100
399 192 64 75 feet
480 192 97 75 long:
603 192 56 75 the
676 192 83 75 head
771 192 27 75 is
814 192 78 75 very
908 192 88 75 large
1008 192 31 75 in
1057 192 132 75 propor-

207 239 69 75 tion
291 239 36 75 to
351 239 55 75 the
423 239 108 75 body;
556 239 63 75 and
642 239 56 75 the
714 239 100 75 lower
836 239 67 75 jaw
927 239 26 75 is
970 239 95 75 much
1090 239 100 75 wider

204 284 78 75 than
299 284 57 75 the
370 284 98 75 upper
485 284 60 75 one
557 284 8 75 :
604 284 56 75 the
684 284 70 75 ears
779 284 53 75 are
850 284 135 75 fituated
1012 284 104 75 below
1134 284 55 75 the

205 331 89 75 eyes.
335 331 38 75 In
390 331 56 75 the
462 331 100 75 belly,
587 331 25 75 it
628 331 58 75 has
703 331 66 75 two
780 331 81 75 dugs
878 331 19 75 a
911 331 85 75 little
1012 331 110 75 before
1135 331 54 75 the

204 377 96 75 vulva
313 377 11 75 ;
350 377 91 75 there
457 377 54 75 are
527 377 66 75 two
603 377 89 75 large
708 377 58 75 fins
779 377 42 75 on
837 377 56 75 the
908 377 122 75 brealt;
1054 377 63 75 and
1133 377 56 75 the

205 424 57 75 tail
288 424 27 75 is
333 424 127 75 forked.
510 424 78 75 The
609 424 181 75 myfticetus
807 424 142 75 contains
973 424 74 75 fuch
1065 424 19 75 a
1100 424 88 75 large

204 469 150 75 quantity
376 469 41 75 of
433 469 60 75 fat,
525 469 71 75 that
612 469 19 75 a
652 469 66 75 (hip
741 469 26 75 is
785 469 89 75 often
896 469 115 75 loaded
1028 469 79 75 with
1133 469 55 75 the

203 516 135 75 blubber
355 516 150 75 obtained
530 516 85 75 from
637 516 18 75 a
671 516 95 75 fingle
782 516 67 75 filh.
899 516 31 75 It
952 516 26 75 is
996 516 18 75 a
1030 516 106 75 native
1152 516 42 75 of

203 563 56 75 the
271 563 189 75 Greenland
483 563 123 75 Ocean.
656 563 32 75 It
705 563 89 75 feeds
810 563 116 75 chiefly
942 563 85 75 upon
1047 563 55 75 the
1119 563 67 75 me-

203 609 89 75 dufa,
318 609 18 75 a
352 609 91 75 fmall
469 609 172 75 fea-infeft.
693 609 61 75 See
779 609 185 75 Medusa.
1013 609 76 75 The
1112 609 71 75 fub-

201 655 104 75 ftance
322 655 103 75 called
436 655 201 75 whale-bone
648 655 28 75 is
693 655 56 75 got
764 655 85 75 from
867 655 55 75 the
933 655 99 75 upper
1047 655 57 75 lip,
1123 655 63 75 and

201 702 141 75 towards
358 702 56 75 the
431 702 108 75 throat
560 702 41 75 of
611 702 64 75 this
700 702 62 75 and
778 702 42 75 all
837 702 55 75 the
909 702 94 75 other
1013 702 177 75 fpecies-of

200 748 134 75 whales.
361 748 62 75 See
435 748 92 75 Plate
535 748 63 75 LI.
608 748 56 75 fig.
681 748 32 75 1.
739 748 66 75 For
817 748 55 75 the
884 748 130 75 manner
1026 748 40 75 of
1074 748 112 75 taking

201 795 130 75 whales,
351 795 49 75 fee
413 795 355 75 Whale-fishery.
803 795 34 75 2.
853 795 78 75 The
947 795 161 75 phyfalus,
1125 795 58 75 has

199 841 20 75 a
234 841 117 75 double
368 841 70 75 pipe
458 841 32 75 in
515 841 57 75 the
588 841 120 75 middle
724 841 41 75 of
784 841 55 75 the
858 841 96 75 head,
981 841 62 75 and
1060 841 19 75 a
1095 841 90 75 thick

198 886 48 75 fat
264 886 40 75 fin
321 886 42 75 oh
380 886 55 75 the
454 886 100 75 lower
571 886 70 75 part
660 886 40 75 of
717 886 56 75 the
788 886 94 75 back,
910 886 119 75 befides
1046 886 55 75 the
1118 886 66 75 two

195 933 60 75 fins
283 933 42 75 on
349 933 56 75 the
430 933 100 75 bread
543 933 9 75 ;
579 933 26 75 it
621 933 57 75 has
695 933 42 75 no
753 933 87 75 teeth
852 933 10 75 ;
889 933 64 75 and
980 933 55 75 the
1053 933 86 75 belly
1154 933 28 75 is

194 980 141 75 fmooth.
394 980 78 75 The
500 980 149 75 phyfalus
676 980 138 75 inhabits
842 980 56 75 the
920 980 172 75 European
1120 980 63 75 and

193 1026 176 75 American
395 1026 136 75 oceans:
569 1026 26 75 it
612 1026 89 75 feeds
728 1026 83 75 upon
835 1026 146 75 herrings
1008 1026 63 75 and
1087 1026 94 75 other

196 1072 89 75 fmall
309 1072 66 75 fifh.
437 1072 32 75 3.
494 1072 78 75 The
598 1072 101 75 boops
721 1072 58 75 has
796 1072 18 75 a
837 1072 119 75 double
982 1072 73 75 pipe
1082 1072 32 75 in
1137 1072 43 75 its

194 1118 107 75 fnout,
326 1118 91 75 three
441 1118 58 75 fins
516 1118 64 75 like
602 1118 57 75 the
683 1118 133 75 former,
850 1118 63 75 and
936 1118 19 75 a
970 1118 82 75 hard
1075 1118 105 75 horny

195 1166 91 75 ridge
302 1166 42 75 on
360 1166 42 75 its
419 1166 93 75 back.
560 1166 77 75 The
665 1166 86 75 belly
775 1166 26 75 is
823 1166 61 75 full
905 1166 40 75 of
965 1166 214 75 longitudinal

193 1212 87 75 folds
297 1212 37 75 or
351 1212 97 75 rugse.
498 1212 31 75 It
547 1212 164 75 frequents
729 1212 54 75 the
800 1212 154 75 northern
981 1212 111 75 ocean.
1142 1212 35 75 4.

191 1257 77 75 The
293 1257 156 75 mufculus
474 1257 57 75 has
556 1257 19 75 a
602 1257 117 75 double
747 1257 72 75 pipe
843 1257 33 75 in
909 1257 42 75 its
978 1257 102 75 front,
1111 1257 65 75 and

191 1305 93 75 three
301 1305 79 75 fins;
408 1305 56 75 the
482 1305 102 75 under
596 1305 66 75 jaw
678 1305 27 75 is
722 1305 95 75 much
833 1305 100 75 wider
949 1305 78 75 than
1044 1305 56 75 the
1115 1305 59 75 up-

191 1349 58 75 per
264 1349 73 75 one.
386 1349 33 75 It
443 1349 166 75 frequents
634 1349 56 75 the
716 1349 120 75 Scotch
861 1349 114 75 coafts,
999 1349 63 75 and
1086 1349 89 75 feeds

190 1396 86 75 upon
293 1396 144 75 herrings
452 1396 200 75 —Linnaeus
669 1396 108 75 makes
794 1396 55 75 the
864 1396 149 75 phyfeter
1029 1396 62 75 and
1107 1396 70 75 del-

189 1443 128 75 phinus,
342 1443 107 75 which
473 1443 53 75 are
542 1443 122 75 ranked
680 1443 116 75 among
820 1443 55 75 the
896 1443 119 75 whales
1031 1443 43 75 by
1090 1443 87 75 fome

189 1489 139 75 writers,
361 1489 66 75 two
443 1489 123 75 diftinft
594 1489 129 75 genera.
790 1489 61 75 See
875 1489 210 75 Physeter
1113 1489 64 75 and

191 1537 230 75 Delphinus

141 1583 252 75 BALAGNA,
420 1583 19 75 a
460 1583 87 75 town
571 1583 40 75 of
629 1583 173 75 Mufcovy,
827 1583 32 75 in
884 1583 56 75 the
964 1583 151 75 province
1140 1583 40 75 of

188 1628 215 75 Novogorod,
428 1628 136 75 fituated
588 1628 41 75 on
654 1628 56 75 the
731 1628 83 75 river
833 1628 137 75 Wolga,
995 1628 32 75 in
1044 1628 43 75 45
1087 1610 20 49 0
1129 1628 44 75 E.

189 1674 88 75 long,
295 1674 63 75 and
376 1674 60 75 56°
457 1674 55 75 30'
528 1674 47 75 N.
594 1674 56 75 lat.

141 1721 325 75 BALAMBUAN,
493 1721 18 75 a
522 1721 140 75 fea-port
678 1721 87 75 town
782 1721 40 75 of
833 1721 56 75 the
904 1721 54 75 ifle
970 1721 41 75 of
1022 1721 93 75 Java,
1140 1721 32 75 in

188 1766 88 75 Afi.a,
313 1766 104 75 which
442 1766 87 75 gives
556 1766 93 75 name
671 1766 36 75 to
735 1766 55 75 the
817 1766 135 75 channel
984 1766 103 75 called
1115 1766 57 75 the

190 1813 163 75 Streigbts
370 1813 43 75 of
419 1813 219 75 Balamhuan.

138 1859 353 75 BALAM-PULLI,
516 1859 31 75 in
564 1859 133 75 botany.
748 1859 352 75 SeeTamarindus.

139 1906 244 75 BALANCE,
409 1906 37 75 or
463 1906 181 75 Balance
711 1906 62 75 See
790 1906 223 75 Ballance.

136 1953 304 75 BALANGIAR,
463 1953 57 75 the
536 1953 117 75 capital
680 1953 67 75 city
769 1953 40 75 of
828 1953 156 75 Tartary,
1009 1953 96 75 north
1133 1953 43 75 of

185 1998 54 75 the
256 1998 137 75 Cafpian
410 1998 62 75 fea.

134 2045 244 75 BALANUS,
403 2045 32 75 in
453 2045 150 75 zoology,
620 2045 55 75 the
687 2045 105 75 trivial
809 2045 91 75 name
912 2045 40 75 of
964 2045 18 75 a
997 2045 118 75 fpecies
1132 2045 41 75 of

183 2089 100 75 lepas.
334 2089 214 75 SccLepas.

135 2135 201 75 Balanus,
364 2135 33 75 in
414 2135 162 75 anatomy,
606 2135 19 75 a
640 2135 82 75 term
747 2135 179 75 fometimes
942 2135 78 75 ufed
1035 2135 53 75 for
1110 2135 57 75 the

184 2180 89 75 glans
291 2180 100 75 penis,
417 2180 34 75 as
468 2180 70 75 well
557 2180 33 75 as
607 2180 52 75 for
674 2180 55 75 the
746 2180 134 75 clitoris.

135 2227 197 75 Balanus,
366 2227 32 75 in
425 2227 186 75 pharmacy,
646 2227 132 75 denotes
801 2227 20 75 a
841 2227 210 75 fuppofitory.
1103 2227 63 75 See

183 2275 289 75 Suppository.

132 2320 196 75 BALASS.
357 2320 37 75 or
418 2320 169 75 Ballas,
611 2320 57 75 the
692 2320 91 75 name
807 2320 41 75 of
870 2320 19 75 a
911 2320 79 75 kind
1005 2320 41 75 of
1068 2320 95 75 ruby.

182 2365 60 75 See
259 2365 126 75 Ruby.

132 2413 295 75 BALAUSTIA,
452 2413 32 75 in
501 2413 132 75 botany.
685 2413 62 75 See
763 2413 167 75 Punica.

131 2460 305 75 BALBASTRO,
462 2460 17 75 a
502 2460 68 75 city
592 2460 40 75 of
646 2460 159 75 Arragon,
831 2460 32 75 in
890 2460 109 75 Spain,
1028 2460 137 75 fituated

178 2503 84 75 upon
283 2503 55 75 the
362 2503 83 75 river
465 2503 108 75 Sinca,
602 2503 73 75 fifty
692 2503 90 75 miles
798 2503 177 75 north-eafi:
999 2503 40 75 of
1068 2503 98 75 Sara-

178 2549 98 75 gofia.

129 2596 206 75 BALBEC,
354 2596 17 75 a
388 2596 86 75 town
487 2596 39 75 of
537 2596 264 75 AfiaticTurky,
816 2596 135 75 fituated
968 2596 32 75 at
1017 2596 56 75 the
1089 2596 72 75 foot

177 2642 40 75 of
223 2642 111 75 mount
347 2642 157 75 Libanus,
522 2642 33 75 in
574 2642 41 75 37
615 2624 20 49 0
655 2642 54 75 30'
723 2642 44 75 E.
785 2642 89 75 long,
889 2642 63 75 and
965 2642 40 75 33
1005 2624 21 49 0
1038 2642 47 75 N.
1099 2642 59 75 lat.

128 2689 212 75 BALCHA,
365 2689 18 75 a
404 2689 65 75 city
492 2689 40 75 of
551 2689 128 75 UIbbec
696 2689 158 75 Tartary,
881 2689 134 75 fituated
1039 2689 41 75 on
1104 2689 58 75 the

175 2736 152 75 frontiers
336 2736 40 75 of
387 2736 117 75 Perfia,
521 2736 32 75 in
566 2736 62 75 65°
643 2736 55 75 20'
711 2736 143 75 E.long.
872 2736 62 75 and
950 2736 39 75 37
989 2718 20 49 0
1022 2736 48 75 N.
1081 2736 60 75 lat.

126 2783 245 75 BALCONY,
388 2783 32 75 in
432 2783 222 75 architecture,
672 2783 19 75 a
706 2783 178 75 projedture
901 2783 36 75 in
949 2783 55 75 the
1019 2783 87 75 front
1123 2783 41 75 of

174 2825 19 75 a
213 2825 110 75 houfe,
348 2825 38 75 or
407 2825 95 75 other
536 2825 157 75 building,
718 2825 173 75 fupported
919 2825 32 75 b'
987 2825 107 75 pillars
1120 2825 38 75 or

174 2874 152 75 confoles,
352 2874 62 75 and
430 2874 218 75 encompafled
667 2874 77 75 with
761 2874 19 75 a
796 2874 189 75 baluftrade.

126 2924 302 75 BALDACHIN,
438 2924 38 75 or
485 2924 248 75 Baldaquin,
746 2924 32 75 in
790 2924 221 75 architecture,
1023 2924 17 75 a
1052 2924 105 75 build-

123 2978 31 75 L
170 2960 33 49 in
203 2978 23 75 2
241 2960 33 49 in
290 2978 86 75 form
384 2978 40 75 of
434 2978 20 75 a
469 2978 138 75 canopy,
630 2978 171 75 lupported
818 2978 44 75 by
876 2978 123 75 pillars,
1017 2978 63 75 and
1091 2978 65 75 fre-

1288 186 135 75 quently
1440 186 75 75 ufed
1530 186 34 75 as
1582 186 19 75 a
1617 186 149 75 covering
1788 186 36 75 to
1841 186 158 75 infulated
2014 186 110 75 altars.
2174 186 102 75 Some

1288 233 65 75 alfo
1371 233 52 75 ufe
1437 233 55 75 the
1509 233 84 75 ternt
1608 233 168 75 baldachin
1792 233 53 75 for
1861 233 55 75 the
1933 233 77 75 fhell
2019 233 76 75 over
2112 233 19 75 a
2146 233 94 75 door.

1241 280 253 75 BALDIVIA,
1520 280 37 75 or
1573 280 216 75 Valdivia,
1814 280 20 75 a
1850 280 141 75 fea-port
2013 280 86 75 town
2118 280 40 75 of
2169 280 103 75 Chili,

1285 325 31 75 in
1335 325 105 75 South
1453 325 163 75 America,
1648 325 134 75 fituated
1798 325 42 75 on
1857 325 56 75 the
1931 325 104 75 South
2053 325 76 75 Sea,
2155 325 33 75 in
2201 325 68 75 80®

1290 372 61 75 W.
1366 372 88 75 long,
1473 372 63 75 and
1553 372 65 75 40°
1638 372 38 75 S.
1693 372 60 75 lat.

1238 419 269 75 BALDNESS,
1531 419 20 75 a
1567 419 105 75 defect
1691 419 40 75 of
1741 419 83 75 hair,
1850 419 106 75 owing
1972 419 36 75 to
2025 419 56 75 the
2097 419 87 75 want
2200 419 42 75 of
2251 419 22 75 a

1283 465 156 75 fufficient
1455 465 112 75 fupply
1580 465 40 75 of
1631 465 175 75 nutricious
1820 465 100 75 juice.

1236 512 214 75 BALDOC,
1476 512 18 75 a
1511 512 228 75 market-town
1765 512 31 75 in
1821 512 254 75 Hertfordfliire,
2107 512 98 75 about
2225 512 43 75 38

1282 559 89 75 miles
1389 559 96 75 north
1502 559 40 75 of
1552 559 154 75 London,
1730 559 32 75 in
1789 559 53 75 15'
1862 559 62 75 W.
1941 559 90 75 long,
2049 559 63 75 and
2131 559 61 75 51°
2213 559 55 75 55'

1281 605 47 75 N.
1346 605 59 75 lat.

1234 651 142 75 BALE,
1390 651 32 75 in
1435 651 198 75 commerce:
1653 651 78 75 Any
1738 651 103 75 goods
1851 651 122 75 packed
1989 651 42 75 up
2048 651 33 75 in
2094 651 102 75 cloth,
2205 651 64 75 and

1280 698 119 75 corded
1416 698 102 75 round
1535 698 79 75 very
1628 698 98 75 tight,
1751 698 31 75 in
1800 698 96 75 order
1911 698 35 75 to
1972 698 82 75 keep
2071 698 89 75 them
2182 698 86 75 from

1277 744 165 75 breaking,
1459 744 38 75 or
1512 744 145 75 preferve
1672 744 90 75 them
1778 744 85 75 from
1880 744 55 75 the
1953 744 152 75 weather,
2122 744 27 75 is
2163 744 105 75 called

1277 791 22 75 a
1315 791 83 75 bale.

1325 838 34 75 A
1374 838 72 75 bale
1459 838 40 75 of
1510 838 111 75 cotton
1640 838 80 75 yarn
1736 838 28 75 is
1773 838 85 75 from
1869 838 92 75 three
1977 838 36 75 to
2029 838 74 75 four
2118 838 150 75 hundred

1278 884 139 75 weight;
1445 884 40 75 of
1496 884 66 75 raw
1578 884 70 75 filk,
1665 884 26 75 is
1709 884 84 75 from
1812 884 61 75 one
1888 884 36 75 to
1941 884 74 75 four
2031 884 145 75 hundred
2192 884 10 75 ;
2229 884 43 75 of

1277 931 144 75 lockram
1437 931 38 75 or
1485 931 149 75 dowlafs,
1650 931 103 75 either
1769 931 102 75 three,
1898 931 91 75 three
2005 931 63 75 and
2085 931 19 75 a
2118 931 82 75 half,
2226 931 39 75 or

1278 976 74 75 four
1368 976 117 75 pieces.

1230 1026 271 75 Bale-goods,
1528 1026 116 75 among
1667 1026 56 75 the
1750 1026 133 75 Englifh
1910 1026 194 75 merchants,
2139 1026 54 75 are
2218 1026 44 75 all

1275 1069 77 75 fuch
1377 1069 34 75 as
1433 1069 55 75 are
1512 1069 161 75 imported
1689 1069 38 75 or
1753 1069 158 75 exported
1935 1069 32 75 in
1996 1069 108 75 bales;
2131 1069 57 75 but
2205 1069 61 75 the

1275 1117 124 75 French
1423 1117 73 75 give
1523 1117 72 75 that
1619 1117 91 75 name
1736 1117 35 75 to
1803 1117 121 75 certain
1948 1117 211 75 hard-wares,
2197 1117 64 75 and

1275 1163 94 75 other
1383 1163 66 75 fort
1471 1163 41 75 of
1522 1163 238 75 merchandize,
1784 1163 107 75 which
1907 1163 90 75 come
2013 1163 36 75 to
2067 1163 103 75 Paris,
2197 1163 65 75 and

1275 1209 55 75 are
1346 1209 188 75 commonly
1556 1209 92 75 made
1666 1209 42 75 by
1725 1209 63 75 bad
1804 1209 179 75 workmen,
2006 1209 41 75 of
2073 1209 187 75 indifferent

1273 1257 173 75 materials.

1224 1303 128 75 BALI,
1379 1303 39 75 an
1431 1303 97 75 ifland
1545 1303 31 75 in
1594 1303 55 75 the
1665 1303 77 75 Eaft
1759 1303 121 75 Indies,
1904 1303 134 75 fituated
2055 1303 30 75 in
2109 1303 12 75 1
2134 1303 40 75 i4
2174 1285 24 49 <i
2210 1303 46 75 E.

1271 1349 88 75 long,
1378 1349 64 75 and
1467 1349 18 75 7
1485 1331 23 49 0
1609 1349 37 75 S.
1671 1349 59 75 lat.
1778 1349 86 75 This
1892 1349 110 75 ifland,
2028 1349 63 75 and
2115 1349 55 75 the
2195 1349 68 75 eaft

1220 1395 6 75 -
1272 1395 62 75 end
1351 1395 40 75 of
1402 1395 56 75 the
1474 1395 99 75 ifland
1584 1395 41 75 of
1636 1395 92 75 Java,
1755 1395 82 75 form
1855 1395 19 75 a
1889 1395 132 75 flreight
2037 1395 98 75 about
2153 1395 17 75 a
2182 1395 77 75 mile

1271 1441 88 75 over,
1385 1441 41 75 of
1436 1441 180 75 extremely
1632 1441 136 75 difficult
1784 1441 133 75 paflage.

1224 1489 257 75 BALISORE,
1506 1489 18 75 a
1540 1489 89 75 fmall
1645 1489 141 75 fea-port
1802 1489 40 75 of
1854 1489 54 75 the
1921 1489 120 75 Hither
2057 1489 105 75 India,
2181 1489 74 75 fitu-

1271 1535 76 75 ated
1371 1535 41 75 on
1429 1535 55 75 the
1509 1535 187 75 north-weft
1720 1535 72 75 part
1815 1535 40 75 of
1882 1535 55 75 the
1969 1535 63 75 bay
2055 1535 40 75 of
2114 1535 138 75 Bengal,

1266 1581 31 75 in
1322 1581 67 75 85°
1408 1581 8 75 1
1428 1581 30 75 f
1470 1581 43 75 E.
1531 1581 89 75 long,
1638 1581 60 75 and
1714 1581 39 75 21
1753 1563 27 49 0
1798 1581 54 75 30'
1869 1581 46 75 N.
1935 1581 45 75 lat

1223 1628 223 75 BALISTA,
1472 1628 264 75 orBALLisxA.
1787 1628 288 75 SeeBALLisrA.

1221 1675 253 75 BALISTES,
1495 1675 32 75 in
1551 1675 223 75 ichthyology,
1800 1675 19 75 a
1842 1675 99 75 genus
1957 1675 40 75 of
2015 1675 89 75 fifties
2121 1675 135 75 belong-

1267 1719 54 75 ing
1339 1719 35 75 to
1390 1719 55 75 the
1465 1719 95 75 order
1583 1719 40 75 of
1634 1719 159 75 amphibia
1809 1719 127 75 names.
1982 1719 77 75 The
2076 1719 178 75 characters

1269 1767 53 75 are
1339 1767 107 75 thefe:
1474 1767 78 75 The
1569 1767 83 75 head
1668 1767 26 75 is
1717 1767 80 75 flat;
1819 1767 92 75 there
1933 1767 53 75 are
2010 1767 89 75 eight
2115 1767 88 75 teeth
2220 1767 34 75 in

1267 1813 77 75 each
1361 1813 75 75 fide,
1461 1813 62 75 and
1547 1813 54 75 the
1618 1813 67 75 two
1708 1813 141 75 anterior
1865 1813 76 75 ones
1969 1813 53 75 are
2038 1813 121 75 longeft
2174 1813 10 75 ;
2218 1813 34 75 in

1266 1861 55 75 the
1337 1861 89 75 place
1443 1861 41 75 of
1505 1861 87 75 gills,
1623 1861 56 75 the
1695 1861 124 75 baliftes
1835 1861 58 75 has
1910 1861 38 75 an
1977 1861 148 75 aperture
2141 1861 112 75 imme-

1265 1907 121 75 diately
1401 1907 101 75 above
1526 1907 55 75 the
1598 1907 138 75 peCtoral
1752 1907 82 75 fins;
1871 1907 55 75 the
1943 1907 88 75 body
2050 1907 28 75 is
2102 1907 68 75 flat,
2196 1907 57 75 the

1264 1954 98 75 fcales
1379 1954 54 75 are
1445 1954 114 75 joined
1575 1954 148 75 together
1739 1954 43 75 by
1799 1954 55 75 the
1870 1954 79 75 fkin,
1975 1954 61 75 and
2054 1954 54 75 the
2126 1954 86 75 belly
2223 1954 30 75 is

1263 2000 127 75 keeled.
1439 2000 77 75 The
1528 2000 117 75 fpecies
1658 2000 40 75 of
1709 2000 65 75 this
1791 2000 99 75 genus
1902 2000 55 75 are
1973 2000 110 75 eight;
2109 2000 66 75 viz.
2194 2000 56 75 the

1262 2047 125 75 baliftes
1404 2047 201 75 monoceros,
1629 2047 107 75 whofe
1752 2047 142 75 head-fin
1919 2047 124 75 confifts
2060 2047 41 75 of
2112 2047 57 75 but
2189 2047 63 75 one

1263 2091 68 75 ray,
1356 2091 64 75 and
1436 2091 55 75 the
1517 2091 58 75 tail
1594 2091 71 75 rays
1689 2091 54 75 are
1760 2091 176 75 carinated.
1982 2091 31 75 It
2030 2091 27 75 is
2074 2091 102 75 called
2193 2091 57 75 the

1264 2139 221 75 Unicorn-fijh
1510 2139 45 75 by
1578 2139 150 75 Caiefby,
1760 2139 61 75 and
1837 2139 26 75 is
1881 2139 101 75 found
2002 2139 32 75 in
2051 2139 57 75 the
2128 2139 121 75 Afiatic

1261 2184 62 75 and
1335 2184 173 75 American
1523 2184 79 75 feas.
1654 2184 34 75 2.
1713 2184 76 75 The
1805 2184 153 75 hifpidus,
1982 2184 108 75 whofe
2105 2184 148 75 head-fia

1259 2231 28 75 is
1304 2231 199 75 uniradiated
1517 2231 11 75 ;
1555 2231 62 75 and
1633 2231 93 75 there
1742 2231 27 75 is
1782 2231 19 75 a
1816 2231 102 75 round
1935 2231 94 75 black
2044 2231 71 75 fpot
2138 2231 32 75 in
2191 2231 57 75 the

1259 2277 128 75 tail-fin.
1436 2277 77 75 The
1530 2277 86 75 body
1639 2277 27 75 is
1690 2277 103 75 rough
1820 2277 62 75 and
1906 2277 110 75 briftly
2032 2277 140 75 towards
2190 2277 59 75 the

1260 2324 70 75 tail.
1379 2324 77 75 The
1473 2324 85 75 fpine
1574 2324 38 75 or
1627 2324 82 75 horn
1726 2324 26 75 is
1765 2324 132 75 fituated
1914 2324 145 75 between
2077 2324 55 75 the
2148 2324 96 75 eyes;

1260 2369 55 75 the
1331 2369 92 75 fnout
1446 2369 27 75 is
1498 2369 189 75 fubulated;
1720 2369 61 75 and
1798 2369 118 75 inftead
1939 2369 41 75 of
1999 2369 19 75 a
2033 2369 159 75 belly-fin,
2217 2369 29 75 it

1258 2416 57 75 has
1340 2416 19 75 a
1371 2416 120 75 jagged
1508 2416 90 75 fharp
1613 2416 101 75 fpine.
1760 2416 86 75 This
1874 2416 118 75 fpecies
2009 2416 26 75 is
2053 2416 18 75 a
2087 2416 105 75 native
2209 2416 41 75 of

1259 2463 170 75 Carolina.
1476 2463 32 75 3.
1533 2463 78 75 The
1627 2463 209 75 tomentofus,
1861 2463 107 75 whofe
1995 2463 142 75 head-fin
2150 2463 27 75 is
2193 2463 50 75 bi-

1258 2509 156 75 radiated,
1440 2509 63 75 and
1520 2509 55 75 the
1600 2509 88 75 body
1704 2509 39 75 of
1760 2509 26 75 it
1804 2509 140 75 towards
1961 2509 55 75 the
2032 2509 167 75 hind-part
2215 2509 27 75 is

1257 2555 105 75 hairy.
1404 2555 31 75 It
1451 2555 26 75 is
1490 2555 19 75 a
1520 2555 104 75 native
1640 2555 41 75 of
1692 2555 165 75 America.
1907 2555 34 75 4.
1965 2555 78 75 The
2056 2555 187 75 papillofus,

1256 2602 57 75 has
1331 2602 19 75 a
1365 2602 175 75 biradiated
1565 2602 153 75 back-fin,
1744 2602 63 75 and
1829 2602 18 75 a
1869 2602 157 75 papillous
2054 2602 99 75 body.
2206 2602 38 75 5.,

1255 2648 77 75 The
1357 2648 200 75 verrucofus,
1579 2648 57 75 has
1661 2648 19 75 a
1696 2648 189 75 triradiated
1908 2648 163 75 back-fin;
2107 2648 62 75 and
2185 2648 56 75 the

1256 2694 56 75 tail
1330 2694 26 75 is
1374 2694 61 75 full
1446 2694 40 75 of
1507 2694 83 75 little
1606 2694 111 75 warts.
1765 2694 39 75 In
1821 2694 89 75 place
1927 2694 41 75 of
1978 2694 19 75 a
2013 2694 145 75 belly-fin
2175 2694 65 75 this

1255 2741 117 75 fpecies
1389 2741 56 75 has
1462 2741 19 75 a
1496 2741 100 75 large,
1615 2741 102 75 thick,
1735 2741 103 75 warty
1850 2741 70 75 ray.
1968 2741 32 75 It
2016 2741 57 75 has
2092 2741 42 75 25
2149 2741 91 75 fmall

1256 2788 144 75 reverfed
1413 2788 90 75 fharp
1512 2788 102 75 fpines
1632 2788 32 75 at
1681 2788 55 75 the
1757 2788 62 75 fide
1836 2788 40 75 of
1887 2788 55 75 the
1960 2788 68 75 tail,
2045 2788 145 75 difpofed
2205 2788 36 75 in

1254 2835 73 75 four
1338 2835 94 75 rows.
1458 2835 32 75 It
1502 2835 27 75 is
1542 2835 18 75 a
1572 2835 105 75 native
1684 2835 40 75 of
1735 2835 106 75 India.
1867 2835 34 75 6.
1919 2835 76 75 The
2007 2835 162 75 aculeatus
2182 2835 57 75 has

1253 2881 17 75 a
1286 2881 189 75 triradiated
1489 2881 158 75 back-fin;
1675 2881 63 75 and
1761 2881 55 75 the
1832 2881 101 75 fpines
1957 2881 41 75 of
2016 2881 56 75 the
2091 2881 58 75 tail
2165 2881 71 75 lean

1252 2927 84 75 upon
1352 2927 77 75 each
1440 2927 105 75 other.
1579 2927 33 75 It
1628 2927 27 75 is
1673 2927 64 75 alfo
1754 2927 19 75 a
1789 2927 106 75 native
1912 2927 40 75 of
1966 2927 106 75 India.
2107 2927 34 75 7.
2159 2927 81 75 The

1249 2977 119 75 vetula,
1384 2977 58 75 has
1456 2977 21 75 a
1485 2977 191 75 triradiated
1690 2977 165 75 back-fin;
1880 2977 54 75 the
1946 2977 145 75 belly-fin
2101 2977 139 75 islongi-

2099 3032 142 75 tudinal.
