<?xml version="1.0" encoding="UTF-8"?>
<alto xmlns="http://www.loc.gov/standards/alto/v3/alto.xsd"><Description><MeasurementUnit>pixel</MeasurementUnit><sourceImageInformation><fileName>./data/pdfs/c_188936619/i_144133901/188082693.23.pdf</fileName></sourceImageInformation><OCRProcessing ID="IdOcr"><ocrProcessingStep><processingDateTime>Fri Jul 12 10:36:53 2019
</processingDateTime><processingSoftware><softwareCreator>CONTRIBUTORS</softwareCreator><softwareName>pdfalto</softwareName><softwareVersion>0.1</softwareVersion></processingSoftware></ocrProcessingStep></OCRProcessing></Description><Styles><TextStyle ID="font0" FONTFAMILY="times" FONTSIZE="10.000" FONTTYPE="serif" FONTWIDTH="proportional" FONTCOLOR="#WWWWWW" FONTSTYLE=""/></Styles><Layout><Page ID="Page202" PHYSICAL_IMG_NR="202" WIDTH="2428" HEIGHT="3377"><PrintSpace><TextLine WIDTH="75" HEIGHT="75" ID="p202_t1" HPOS="164" VPOS="128"><String ID="p202_w1" CONTENT="162" HPOS="164" VPOS="128" WIDTH="75" HEIGHT="75" STYLEREFS="font0"/></TextLine><TextLine WIDTH="513" HEIGHT="75" ID="p202_t2" HPOS="704" VPOS="128"><String ID="p202_w2" CONTENT="A" HPOS="704" VPOS="128" WIDTH="41" HEIGHT="75" STYLEREFS="font0"/><SP WIDTH="117" VPOS="128" HPOS="745"/><String ID="p202_w3" CONTENT="N." HPOS="862" VPOS="128" WIDTH="67" HEIGHT="75" STYLEREFS="font0"/><SP WIDTH="91" VPOS="128" HPOS="929"/><String ID="p202_w4" CONTENT="A" HPOS="1020" VPOS="128" WIDTH="42" HEIGHT="75" STYLEREFS="font0"/><SP WIDTH="115" VPOS="128" HPOS="1062"/><String ID="p202_w5" CONTENT="T" HPOS="1177" VPOS="128" WIDTH="40" HEIGHT="75" STYLEREFS="font0"/></TextLine><TextLine WIDTH="1029" HEIGHT="75" ID="p202_t3" HPOS="157" VPOS="190"><String ID="p202_w6" CONTENT="they" HPOS="157" VPOS="190" WIDTH="78" HEIGHT="75" STYLEREFS="font0"/><SP WIDTH="17" VPOS="190" HPOS="235"/><String ID="p202_w7" CONTENT="are" HPOS="252" VPOS="190" WIDTH="53" HEIGHT="75" STYLEREFS="font0"/><SP WIDTH="12" VPOS="190" HPOS="305"/><String ID="p202_w8" CONTENT="joined;" HPOS="317" VPOS="190" WIDTH="133" HEIGHT="75" STYLEREFS="font0"/><SP WIDTH="28" VPOS="190" HPOS="450"/><String ID="p202_w9" CONTENT="but," HPOS="478" VPOS="190" WIDTH="69" HEIGHT="75" STYLEREFS="font0"/><SP WIDTH="26" VPOS="190" HPOS="547"/><String ID="p202_w10" CONTENT="as" HPOS="573" VPOS="190" WIDTH="34" HEIGHT="75" STYLEREFS="font0"/><SP WIDTH="24" VPOS="190" HPOS="607"/><String ID="p202_w11" CONTENT="it" HPOS="631" VPOS="190" WIDTH="26" HEIGHT="75" STYLEREFS="font0"/><SP WIDTH="28" VPOS="190" HPOS="657"/><String ID="p202_w12" CONTENT="afcends," HPOS="685" VPOS="190" WIDTH="141" HEIGHT="75" STYLEREFS="font0"/><SP WIDTH="25" VPOS="190" HPOS="826"/><String ID="p202_w13" CONTENT="Toon" HPOS="851" VPOS="190" WIDTH="77" HEIGHT="75" STYLEREFS="font0"/><SP WIDTH="32" VPOS="190" HPOS="928"/><String ID="p202_w14" CONTENT="divides" HPOS="960" VPOS="190" WIDTH="124" HEIGHT="75" STYLEREFS="font0"/><SP WIDTH="33" VPOS="190" HPOS="1084"/><String ID="p202_w15" CONTENT="into" HPOS="1117" VPOS="190" WIDTH="69" HEIGHT="75" STYLEREFS="font0"/></TextLine><TextLine WIDTH="1032" HEIGHT="75" ID="p202_t4" HPOS="156" VPOS="237"><String ID="p202_w16" CONTENT="two," HPOS="156" VPOS="237" WIDTH="79" HEIGHT="75" STYLEREFS="font0"/><SP WIDTH="26" VPOS="237" HPOS="235"/><String ID="p202_w17" CONTENT="three," HPOS="261" VPOS="237" WIDTH="104" HEIGHT="75" STYLEREFS="font0"/><SP WIDTH="26" VPOS="237" HPOS="365"/><String ID="p202_w18" CONTENT="or" HPOS="391" VPOS="237" WIDTH="37" HEIGHT="75" STYLEREFS="font0"/><SP WIDTH="26" VPOS="237" HPOS="428"/><String ID="p202_w19" CONTENT="fometimes" HPOS="454" VPOS="237" WIDTH="180" HEIGHT="75" STYLEREFS="font0"/><SP WIDTH="25" VPOS="237" HPOS="634"/><String ID="p202_w20" CONTENT="more" HPOS="659" VPOS="237" WIDTH="88" HEIGHT="75" STYLEREFS="font0"/><SP WIDTH="25" VPOS="237" HPOS="747"/><String ID="p202_w21" CONTENT="holes;" HPOS="772" VPOS="237" WIDTH="110" HEIGHT="75" STYLEREFS="font0"/><SP WIDTH="26" VPOS="237" HPOS="882"/><String ID="p202_w22" CONTENT="Tome" HPOS="908" VPOS="237" WIDTH="85" HEIGHT="75" STYLEREFS="font0"/><SP WIDTH="23" VPOS="237" HPOS="993"/><String ID="p202_w23" CONTENT="of" HPOS="1016" VPOS="237" WIDTH="41" HEIGHT="75" STYLEREFS="font0"/><SP WIDTH="22" VPOS="237" HPOS="1057"/><String ID="p202_w24" CONTENT="which" HPOS="1079" VPOS="237" WIDTH="109" HEIGHT="75" STYLEREFS="font0"/></TextLine><TextLine WIDTH="1030" HEIGHT="75" ID="p202_t5" HPOS="156" VPOS="283"><String ID="p202_w25" CONTENT="open" HPOS="156" VPOS="283" WIDTH="81" HEIGHT="75" STYLEREFS="font0"/><SP WIDTH="16" VPOS="283" HPOS="237"/><String ID="p202_w26" CONTENT="into" HPOS="253" VPOS="283" WIDTH="69" HEIGHT="75" STYLEREFS="font0"/><SP WIDTH="11" VPOS="283" HPOS="322"/><String ID="p202_w27" CONTENT="each" HPOS="333" VPOS="283" WIDTH="79" HEIGHT="75" STYLEREFS="font0"/><SP WIDTH="16" VPOS="283" HPOS="412"/><String ID="p202_w28" CONTENT="noftril." HPOS="428" VPOS="283" WIDTH="120" HEIGHT="75" STYLEREFS="font0"/><SP WIDTH="33" VPOS="283" HPOS="548"/><String ID="p202_w29" CONTENT="Through" HPOS="581" VPOS="283" WIDTH="163" HEIGHT="75" STYLEREFS="font0"/><SP WIDTH="15" VPOS="283" HPOS="744"/><String ID="p202_w30" CONTENT="them" HPOS="759" VPOS="283" WIDTH="87" HEIGHT="75" STYLEREFS="font0"/><SP WIDTH="23" VPOS="283" HPOS="846"/><String ID="p202_w31" CONTENT="fmall" HPOS="869" VPOS="283" WIDTH="91" HEIGHT="75" STYLEREFS="font0"/><SP WIDTH="16" VPOS="283" HPOS="960"/><String ID="p202_w32" CONTENT="arteries" HPOS="976" VPOS="283" WIDTH="130" HEIGHT="75" STYLEREFS="font0"/><SP WIDTH="16" VPOS="283" HPOS="1106"/><String ID="p202_w33" CONTENT="and" HPOS="1122" VPOS="283" WIDTH="64" HEIGHT="75" STYLEREFS="font0"/></TextLine><TextLine WIDTH="1036" HEIGHT="75" ID="p202_t6" HPOS="154" VPOS="330"><String ID="p202_w34" CONTENT="veins," HPOS="154" VPOS="330" WIDTH="101" HEIGHT="75" STYLEREFS="font0"/><SP WIDTH="18" VPOS="330" HPOS="255"/><String ID="p202_w35" CONTENT="and" HPOS="273" VPOS="330" WIDTH="62" HEIGHT="75" STYLEREFS="font0"/><SP WIDTH="17" VPOS="330" HPOS="335"/><String ID="p202_w36" CONTENT="a" HPOS="352" VPOS="330" WIDTH="18" HEIGHT="75" STYLEREFS="font0"/><SP WIDTH="16" VPOS="330" HPOS="370"/><String ID="p202_w37" CONTENT="twig" HPOS="386" VPOS="330" WIDTH="78" HEIGHT="75" STYLEREFS="font0"/><SP WIDTH="16" VPOS="330" HPOS="464"/><String ID="p202_w38" CONTENT="of" HPOS="480" VPOS="330" WIDTH="40" HEIGHT="75" STYLEREFS="font0"/><SP WIDTH="12" VPOS="330" HPOS="520"/><String ID="p202_w39" CONTENT="the" HPOS="532" VPOS="330" WIDTH="54" HEIGHT="75" STYLEREFS="font0"/><SP WIDTH="17" VPOS="330" HPOS="586"/><String ID="p202_w40" CONTENT="fecond" HPOS="603" VPOS="330" WIDTH="116" HEIGHT="75" STYLEREFS="font0"/><SP WIDTH="12" VPOS="330" HPOS="719"/><String ID="p202_w41" CONTENT="branch" HPOS="731" VPOS="330" WIDTH="119" HEIGHT="75" STYLEREFS="font0"/><SP WIDTH="13" VPOS="330" HPOS="850"/><String ID="p202_w42" CONTENT="of" HPOS="863" VPOS="330" WIDTH="40" HEIGHT="75" STYLEREFS="font0"/><SP WIDTH="15" VPOS="330" HPOS="903"/><String ID="p202_w43" CONTENT="the" HPOS="918" VPOS="330" WIDTH="54" HEIGHT="75" STYLEREFS="font0"/><SP WIDTH="13" VPOS="330" HPOS="972"/><String ID="p202_w44" CONTENT="fifth" HPOS="985" VPOS="330" WIDTH="72" HEIGHT="75" STYLEREFS="font0"/><SP WIDTH="14" VPOS="330" HPOS="1057"/><String ID="p202_w45" CONTENT="pair" HPOS="1071" VPOS="330" WIDTH="67" HEIGHT="75" STYLEREFS="font0"/><SP WIDTH="12" VPOS="330" HPOS="1138"/><String ID="p202_w46" CONTENT="of" HPOS="1150" VPOS="330" WIDTH="40" HEIGHT="75" STYLEREFS="font0"/></TextLine><TextLine WIDTH="1031" HEIGHT="75" ID="p202_t7" HPOS="154" VPOS="377"><String ID="p202_w47" CONTENT="nerves" HPOS="154" VPOS="377" WIDTH="112" HEIGHT="75" STYLEREFS="font0"/><SP WIDTH="18" VPOS="377" HPOS="266"/><String ID="p202_w48" CONTENT="pafs," HPOS="284" VPOS="377" WIDTH="81" HEIGHT="75" STYLEREFS="font0"/><SP WIDTH="25" VPOS="377" HPOS="365"/><String ID="p202_w49" CONTENT="and" HPOS="390" VPOS="377" WIDTH="62" HEIGHT="75" STYLEREFS="font0"/><SP WIDTH="17" VPOS="377" HPOS="452"/><String ID="p202_w50" CONTENT="make" HPOS="469" VPOS="377" WIDTH="92" HEIGHT="75" STYLEREFS="font0"/><SP WIDTH="17" VPOS="377" HPOS="561"/><String ID="p202_w51" CONTENT="a" HPOS="578" VPOS="377" WIDTH="17" HEIGHT="75" STYLEREFS="font0"/><SP WIDTH="17" VPOS="377" HPOS="595"/><String ID="p202_w52" CONTENT="communication" HPOS="612" VPOS="377" WIDTH="266" HEIGHT="75" STYLEREFS="font0"/><SP WIDTH="17" VPOS="377" HPOS="878"/><String ID="p202_w53" CONTENT="between," HPOS="895" VPOS="377" WIDTH="156" HEIGHT="75" STYLEREFS="font0"/><SP WIDTH="18" VPOS="377" HPOS="1051"/><String ID="p202_w54" CONTENT="or" HPOS="1069" VPOS="377" WIDTH="38" HEIGHT="75" STYLEREFS="font0"/><SP WIDTH="7" VPOS="377" HPOS="1107"/><String ID="p202_w55" CONTENT="join" HPOS="1114" VPOS="377" WIDTH="71" HEIGHT="75" STYLEREFS="font0"/></TextLine><TextLine WIDTH="731" HEIGHT="75" ID="p202_t8" HPOS="154" VPOS="423"><String ID="p202_w56" CONTENT="the" HPOS="154" VPOS="423" WIDTH="56" HEIGHT="75" STYLEREFS="font0"/><SP WIDTH="16" VPOS="423" HPOS="210"/><String ID="p202_w57" CONTENT="lining" HPOS="226" VPOS="423" WIDTH="100" HEIGHT="75" STYLEREFS="font0"/><SP WIDTH="28" VPOS="423" HPOS="326"/><String ID="p202_w58" CONTENT="coats" HPOS="354" VPOS="423" WIDTH="88" HEIGHT="75" STYLEREFS="font0"/><SP WIDTH="17" VPOS="423" HPOS="442"/><String ID="p202_w59" CONTENT="of" HPOS="459" VPOS="423" WIDTH="41" HEIGHT="75" STYLEREFS="font0"/><SP WIDTH="18" VPOS="423" HPOS="500"/><String ID="p202_w60" CONTENT="the" HPOS="518" VPOS="423" WIDTH="55" HEIGHT="75" STYLEREFS="font0"/><SP WIDTH="17" VPOS="423" HPOS="573"/><String ID="p202_w61" CONTENT="nofe" HPOS="590" VPOS="423" WIDTH="73" HEIGHT="75" STYLEREFS="font0"/><SP WIDTH="17" VPOS="423" HPOS="663"/><String ID="p202_w62" CONTENT="and" HPOS="680" VPOS="423" WIDTH="63" HEIGHT="75" STYLEREFS="font0"/><SP WIDTH="15" VPOS="423" HPOS="743"/><String ID="p202_w63" CONTENT="mouth." HPOS="758" VPOS="423" WIDTH="127" HEIGHT="75" STYLEREFS="font0"/></TextLine><TextLine WIDTH="984" HEIGHT="75" ID="p202_t9" HPOS="201" VPOS="468"><String ID="p202_w64" CONTENT="The" HPOS="201" VPOS="468" WIDTH="76" HEIGHT="75" STYLEREFS="font0"/><SP WIDTH="16" VPOS="468" HPOS="277"/><String ID="p202_w65" CONTENT="firft" HPOS="293" VPOS="468" WIDTH="64" HEIGHT="75" STYLEREFS="font0"/><SP WIDTH="17" VPOS="468" HPOS="357"/><String ID="p202_w66" CONTENT="common" HPOS="374" VPOS="468" WIDTH="146" HEIGHT="75" STYLEREFS="font0"/><SP WIDTH="16" VPOS="468" HPOS="520"/><String ID="p202_w67" CONTENT="hole" HPOS="536" VPOS="468" WIDTH="75" HEIGHT="75" STYLEREFS="font0"/><SP WIDTH="23" VPOS="468" HPOS="611"/><String ID="p202_w68" CONTENT="is" HPOS="634" VPOS="468" WIDTH="27" HEIGHT="75" STYLEREFS="font0"/><SP WIDTH="28" VPOS="468" HPOS="661"/><String ID="p202_w69" CONTENT="that" HPOS="689" VPOS="468" WIDTH="72" HEIGHT="75" STYLEREFS="font0"/><SP WIDTH="10" VPOS="468" HPOS="761"/><String ID="p202_w70" CONTENT="," HPOS="771" VPOS="468" WIDTH="5" HEIGHT="75" STYLEREFS="font0"/><SP WIDTH="7" VPOS="468" HPOS="776"/><String ID="p202_w71" CONTENT="which" HPOS="783" VPOS="468" WIDTH="106" HEIGHT="75" STYLEREFS="font0"/><SP WIDTH="26" VPOS="468" HPOS="889"/><String ID="p202_w72" CONTENT="appears" HPOS="915" VPOS="468" WIDTH="130" HEIGHT="75" STYLEREFS="font0"/><SP WIDTH="25" VPOS="468" HPOS="1045"/><String ID="p202_w73" CONTENT="at" HPOS="1070" VPOS="468" WIDTH="34" HEIGHT="75" STYLEREFS="font0"/><SP WIDTH="25" VPOS="468" HPOS="1104"/><String ID="p202_w74" CONTENT="the" HPOS="1129" VPOS="468" WIDTH="56" HEIGHT="75" STYLEREFS="font0"/></TextLine><TextLine WIDTH="1032" HEIGHT="75" ID="p202_t10" HPOS="153" VPOS="516"><String ID="p202_w75" CONTENT="inner" HPOS="153" VPOS="516" WIDTH="91" HEIGHT="75" STYLEREFS="font0"/><SP WIDTH="15" VPOS="516" HPOS="244"/><String ID="p202_w76" CONTENT="fide" HPOS="259" VPOS="516" WIDTH="64" HEIGHT="75" STYLEREFS="font0"/><SP WIDTH="16" VPOS="516" HPOS="323"/><String ID="p202_w77" CONTENT="of" HPOS="339" VPOS="516" WIDTH="40" HEIGHT="75" STYLEREFS="font0"/><SP WIDTH="14" VPOS="516" HPOS="379"/><String ID="p202_w78" CONTENT="the" HPOS="393" VPOS="516" WIDTH="56" HEIGHT="75" STYLEREFS="font0"/><SP WIDTH="16" VPOS="516" HPOS="449"/><String ID="p202_w79" CONTENT="back-part" HPOS="465" VPOS="516" WIDTH="169" HEIGHT="75" STYLEREFS="font0"/><SP WIDTH="23" VPOS="516" HPOS="634"/><String ID="p202_w80" CONTENT="of" HPOS="657" VPOS="516" WIDTH="40" HEIGHT="75" STYLEREFS="font0"/><SP WIDTH="14" VPOS="516" HPOS="697"/><String ID="p202_w81" CONTENT="the" HPOS="711" VPOS="516" WIDTH="56" HEIGHT="75" STYLEREFS="font0"/><SP WIDTH="20" VPOS="516" HPOS="767"/><String ID="p202_w82" CONTENT="tuberofity" HPOS="787" VPOS="516" WIDTH="174" HEIGHT="75" STYLEREFS="font0"/><SP WIDTH="28" VPOS="516" HPOS="961"/><String ID="p202_w83" CONTENT="and" HPOS="989" VPOS="516" WIDTH="63" HEIGHT="75" STYLEREFS="font0"/><SP WIDTH="15" VPOS="516" HPOS="1052"/><String ID="p202_w84" CONTENT="of" HPOS="1067" VPOS="516" WIDTH="40" HEIGHT="75" STYLEREFS="font0"/><SP WIDTH="23" VPOS="516" HPOS="1107"/><String ID="p202_w85" CONTENT="the" HPOS="1130" VPOS="516" WIDTH="55" HEIGHT="75" STYLEREFS="font0"/></TextLine><TextLine WIDTH="1034" HEIGHT="75" ID="p202_t11" HPOS="150" VPOS="561"><String ID="p202_w86" CONTENT="fockets" HPOS="150" VPOS="561" WIDTH="128" HEIGHT="75" STYLEREFS="font0"/><SP WIDTH="17" VPOS="561" HPOS="278"/><String ID="p202_w87" CONTENT="of" HPOS="295" VPOS="561" WIDTH="41" HEIGHT="75" STYLEREFS="font0"/><SP WIDTH="10" VPOS="561" HPOS="336"/><String ID="p202_w88" CONTENT="the" HPOS="346" VPOS="561" WIDTH="56" HEIGHT="75" STYLEREFS="font0"/><SP WIDTH="18" VPOS="561" HPOS="402"/><String ID="p202_w89" CONTENT="teeth," HPOS="420" VPOS="561" WIDTH="101" HEIGHT="75" STYLEREFS="font0"/><SP WIDTH="26" VPOS="561" HPOS="521"/><String ID="p202_w90" CONTENT="and" HPOS="547" VPOS="561" WIDTH="62" HEIGHT="75" STYLEREFS="font0"/><SP WIDTH="26" VPOS="561" HPOS="609"/><String ID="p202_w91" CONTENT="is" HPOS="635" VPOS="561" WIDTH="28" HEIGHT="75" STYLEREFS="font0"/><SP WIDTH="19" VPOS="561" HPOS="663"/><String ID="p202_w92" CONTENT="formed" HPOS="682" VPOS="561" WIDTH="127" HEIGHT="75" STYLEREFS="font0"/><SP WIDTH="29" VPOS="561" HPOS="809"/><String ID="p202_w93" CONTENT="by" HPOS="838" VPOS="561" WIDTH="42" HEIGHT="75" STYLEREFS="font0"/><SP WIDTH="28" VPOS="561" HPOS="880"/><String ID="p202_w94" CONTENT="a" HPOS="908" VPOS="561" WIDTH="18" HEIGHT="75" STYLEREFS="font0"/><SP WIDTH="27" VPOS="561" HPOS="926"/><String ID="p202_w95" CONTENT="fplfa" HPOS="953" VPOS="561" WIDTH="78" HEIGHT="75" STYLEREFS="font0"/><SP WIDTH="27" VPOS="561" HPOS="1031"/><String ID="p202_w96" CONTENT="in" HPOS="1058" VPOS="561" WIDTH="32" HEIGHT="75" STYLEREFS="font0"/><SP WIDTH="28" VPOS="561" HPOS="1090"/><String ID="p202_w97" CONTENT="this" HPOS="1118" VPOS="561" WIDTH="66" HEIGHT="75" STYLEREFS="font0"/></TextLine><TextLine WIDTH="1031" HEIGHT="75" ID="p202_t12" HPOS="153" VPOS="607"><String ID="p202_w98" CONTENT="bone," HPOS="153" VPOS="607" WIDTH="96" HEIGHT="75" STYLEREFS="font0"/><SP WIDTH="29" VPOS="607" HPOS="249"/><String ID="p202_w99" CONTENT="and" HPOS="278" VPOS="607" WIDTH="61" HEIGHT="75" STYLEREFS="font0"/><SP WIDTH="17" VPOS="607" HPOS="339"/><String ID="p202_w100" CONTENT="a" HPOS="356" VPOS="607" WIDTH="18" HEIGHT="75" STYLEREFS="font0"/><SP WIDTH="16" VPOS="607" HPOS="374"/><String ID="p202_w101" CONTENT="correfponding" HPOS="390" VPOS="607" WIDTH="244" HEIGHT="75" STYLEREFS="font0"/><SP WIDTH="15" VPOS="607" HPOS="634"/><String ID="p202_w102" CONTENT="one" HPOS="649" VPOS="607" WIDTH="63" HEIGHT="75" STYLEREFS="font0"/><SP WIDTH="14" VPOS="607" HPOS="712"/><String ID="p202_w103" CONTENT="in" HPOS="726" VPOS="607" WIDTH="32" HEIGHT="75" STYLEREFS="font0"/><SP WIDTH="17" VPOS="607" HPOS="758"/><String ID="p202_w104" CONTENT="the" HPOS="775" VPOS="607" WIDTH="56" HEIGHT="75" STYLEREFS="font0"/><SP WIDTH="16" VPOS="607" HPOS="831"/><String ID="p202_w105" CONTENT="os" HPOS="847" VPOS="607" WIDTH="35" HEIGHT="75" STYLEREFS="font0"/><SP WIDTH="18" VPOS="607" HPOS="882"/><String ID="p202_w106" CONTENT="palati:" HPOS="900" VPOS="607" WIDTH="116" HEIGHT="75" STYLEREFS="font0"/><SP WIDTH="28" VPOS="607" HPOS="1016"/><String ID="p202_w107" CONTENT="through" HPOS="1044" VPOS="607" WIDTH="140" HEIGHT="75" STYLEREFS="font0"/></TextLine><TextLine WIDTH="1039" HEIGHT="75" ID="p202_t13" HPOS="150" VPOS="654"><String ID="p202_w108" CONTENT="it" HPOS="150" VPOS="654" WIDTH="29" HEIGHT="75" STYLEREFS="font0"/><SP WIDTH="17" VPOS="654" HPOS="179"/><String ID="p202_w109" CONTENT="a" HPOS="196" VPOS="654" WIDTH="19" HEIGHT="75" STYLEREFS="font0"/><SP WIDTH="16" VPOS="654" HPOS="215"/><String ID="p202_w110" CONTENT="nerve," HPOS="231" VPOS="654" WIDTH="107" HEIGHT="75" STYLEREFS="font0"/><SP WIDTH="25" VPOS="654" HPOS="338"/><String ID="p202_w111" CONTENT="which" HPOS="363" VPOS="654" WIDTH="104" HEIGHT="75" STYLEREFS="font0"/><SP WIDTH="26" VPOS="654" HPOS="467"/><String ID="p202_w112" CONTENT="is" HPOS="493" VPOS="654" WIDTH="26" HEIGHT="75" STYLEREFS="font0"/><SP WIDTH="18" VPOS="654" HPOS="519"/><String ID="p202_w113" CONTENT="a" HPOS="537" VPOS="654" WIDTH="18" HEIGHT="75" STYLEREFS="font0"/><SP WIDTH="16" VPOS="654" HPOS="555"/><String ID="p202_w114" CONTENT="branch" HPOS="571" VPOS="654" WIDTH="120" HEIGHT="75" STYLEREFS="font0"/><SP WIDTH="28" VPOS="654" HPOS="691"/><String ID="p202_w115" CONTENT="of" HPOS="719" VPOS="654" WIDTH="41" HEIGHT="75" STYLEREFS="font0"/><SP WIDTH="20" VPOS="654" HPOS="760"/><String ID="p202_w116" CONTENT="the" HPOS="780" VPOS="654" WIDTH="54" HEIGHT="75" STYLEREFS="font0"/><SP WIDTH="27" VPOS="654" HPOS="834"/><String ID="p202_w117" CONTENT="fecond" HPOS="861" VPOS="654" WIDTH="117" HEIGHT="75" STYLEREFS="font0"/><SP WIDTH="22" VPOS="654" HPOS="978"/><String ID="p202_w118" CONTENT="branch" HPOS="1000" VPOS="654" WIDTH="120" HEIGHT="75" STYLEREFS="font0"/><SP WIDTH="28" VPOS="654" HPOS="1120"/><String ID="p202_w119" CONTENT="of" HPOS="1148" VPOS="654" WIDTH="41" HEIGHT="75" STYLEREFS="font0"/></TextLine><TextLine WIDTH="1029" HEIGHT="75" ID="p202_t14" HPOS="152" VPOS="701"><String ID="p202_w120" CONTENT="the" HPOS="152" VPOS="701" WIDTH="57" HEIGHT="75" STYLEREFS="font0"/><SP WIDTH="16" VPOS="701" HPOS="209"/><String ID="p202_w121" CONTENT="fifth" HPOS="225" VPOS="701" WIDTH="74" HEIGHT="75" STYLEREFS="font0"/><SP WIDTH="23" VPOS="701" HPOS="299"/><String ID="p202_w122" CONTENT="pair," HPOS="322" VPOS="701" WIDTH="80" HEIGHT="75" STYLEREFS="font0"/><SP WIDTH="27" VPOS="701" HPOS="402"/><String ID="p202_w123" CONTENT="runs" HPOS="429" VPOS="701" WIDTH="74" HEIGHT="75" STYLEREFS="font0"/><SP WIDTH="25" VPOS="701" HPOS="503"/><String ID="p202_w124" CONTENT="to" HPOS="528" VPOS="701" WIDTH="35" HEIGHT="75" STYLEREFS="font0"/><SP WIDTH="23" VPOS="701" HPOS="563"/><String ID="p202_w125" CONTENT="the" HPOS="586" VPOS="701" WIDTH="55" HEIGHT="75" STYLEREFS="font0"/><SP WIDTH="22" VPOS="701" HPOS="641"/><String ID="p202_w126" CONTENT="palate." HPOS="663" VPOS="701" WIDTH="117" HEIGHT="75" STYLEREFS="font0"/><SP WIDTH="96" VPOS="701" HPOS="780"/><String ID="p202_w127" CONTENT="The" HPOS="876" VPOS="701" WIDTH="76" HEIGHT="75" STYLEREFS="font0"/><SP WIDTH="24" VPOS="701" HPOS="952"/><String ID="p202_w128" CONTENT="other" HPOS="976" VPOS="701" WIDTH="94" HEIGHT="75" STYLEREFS="font0"/><SP WIDTH="24" VPOS="701" HPOS="1070"/><String ID="p202_w129" CONTENT="com-" HPOS="1094" VPOS="701" WIDTH="87" HEIGHT="75" STYLEREFS="font0"/></TextLine><TextLine WIDTH="1032" HEIGHT="75" ID="p202_t15" HPOS="151" VPOS="747"><String ID="p202_w130" CONTENT="mon" HPOS="151" VPOS="747" WIDTH="76" HEIGHT="75" STYLEREFS="font0"/><SP WIDTH="16" VPOS="747" HPOS="227"/><String ID="p202_w131" CONTENT="hole" HPOS="243" VPOS="747" WIDTH="74" HEIGHT="75" STYLEREFS="font0"/><SP WIDTH="15" VPOS="747" HPOS="317"/><String ID="p202_w132" CONTENT="is" HPOS="332" VPOS="747" WIDTH="28" HEIGHT="75" STYLEREFS="font0"/><SP WIDTH="17" VPOS="747" HPOS="360"/><String ID="p202_w133" CONTENT="the" HPOS="377" VPOS="747" WIDTH="56" HEIGHT="75" STYLEREFS="font0"/><SP WIDTH="16" VPOS="747" HPOS="433"/><String ID="p202_w134" CONTENT="great" HPOS="449" VPOS="747" WIDTH="90" HEIGHT="75" STYLEREFS="font0"/><SP WIDTH="25" VPOS="747" HPOS="539"/><String ID="p202_w135" CONTENT="flit" HPOS="564" VPOS="747" WIDTH="48" HEIGHT="75" STYLEREFS="font0"/><SP WIDTH="16" VPOS="747" HPOS="612"/><String ID="p202_w136" CONTENT="in" HPOS="628" VPOS="747" WIDTH="32" HEIGHT="75" STYLEREFS="font0"/><SP WIDTH="18" VPOS="747" HPOS="660"/><String ID="p202_w137" CONTENT="the" HPOS="678" VPOS="747" WIDTH="54" HEIGHT="75" STYLEREFS="font0"/><SP WIDTH="17" VPOS="747" HPOS="732"/><String ID="p202_w138" CONTENT="outfide" HPOS="749" VPOS="747" WIDTH="120" HEIGHT="75" STYLEREFS="font0"/><SP WIDTH="23" VPOS="747" HPOS="869"/><String ID="p202_w139" CONTENT="of" HPOS="892" VPOS="747" WIDTH="41" HEIGHT="75" STYLEREFS="font0"/><SP WIDTH="19" VPOS="747" HPOS="933"/><String ID="p202_w140" CONTENT="the" HPOS="952" VPOS="747" WIDTH="56" HEIGHT="75" STYLEREFS="font0"/><SP WIDTH="15" VPOS="747" HPOS="1008"/><String ID="p202_w141" CONTENT="orbit" HPOS="1023" VPOS="747" WIDTH="86" HEIGHT="75" STYLEREFS="font0"/><SP WIDTH="16" VPOS="747" HPOS="1109"/><String ID="p202_w142" CONTENT="de-" HPOS="1125" VPOS="747" WIDTH="58" HEIGHT="75" STYLEREFS="font0"/></TextLine><TextLine WIDTH="1034" HEIGHT="75" ID="p202_t16" HPOS="147" VPOS="793"><String ID="p202_w143" CONTENT="fcribed" HPOS="147" VPOS="793" WIDTH="129" HEIGHT="75" STYLEREFS="font0"/><SP WIDTH="17" VPOS="793" HPOS="276"/><String ID="p202_w144" CONTENT="already," HPOS="293" VPOS="793" WIDTH="141" HEIGHT="75" STYLEREFS="font0"/><SP WIDTH="18" VPOS="793" HPOS="434"/><String ID="p202_w145" CONTENT="as" HPOS="452" VPOS="793" WIDTH="34" HEIGHT="75" STYLEREFS="font0"/><SP WIDTH="20" VPOS="793" HPOS="486"/><String ID="p202_w146" CONTENT="the" HPOS="506" VPOS="793" WIDTH="55" HEIGHT="75" STYLEREFS="font0"/><SP WIDTH="16" VPOS="793" HPOS="561"/><String ID="p202_w147" CONTENT="fecond" HPOS="577" VPOS="793" WIDTH="116" HEIGHT="75" STYLEREFS="font0"/><SP WIDTH="16" VPOS="793" HPOS="693"/><String ID="p202_w148" CONTENT="common" HPOS="709" VPOS="793" WIDTH="147" HEIGHT="75" STYLEREFS="font0"/><SP WIDTH="17" VPOS="793" HPOS="856"/><String ID="p202_w149" CONTENT="hole" HPOS="873" VPOS="793" WIDTH="75" HEIGHT="75" STYLEREFS="font0"/><SP WIDTH="17" VPOS="793" HPOS="948"/><String ID="p202_w150" CONTENT="of" HPOS="965" VPOS="793" WIDTH="40" HEIGHT="75" STYLEREFS="font0"/><SP WIDTH="14" VPOS="793" HPOS="1005"/><String ID="p202_w151" CONTENT="the" HPOS="1019" VPOS="793" WIDTH="56" HEIGHT="75" STYLEREFS="font0"/><SP WIDTH="14" VPOS="793" HPOS="1075"/><String ID="p202_w152" CONTENT="fphe-" HPOS="1089" VPOS="793" WIDTH="92" HEIGHT="75" STYLEREFS="font0"/></TextLine><TextLine WIDTH="188" HEIGHT="75" ID="p202_t17" HPOS="150" VPOS="839"><String ID="p202_w153" CONTENT="noid" HPOS="150" VPOS="839" WIDTH="77" HEIGHT="75" STYLEREFS="font0"/><SP WIDTH="17" VPOS="839" HPOS="227"/><String ID="p202_w154" CONTENT="bone." HPOS="244" VPOS="839" WIDTH="94" HEIGHT="75" STYLEREFS="font0"/></TextLine><TextLine WIDTH="983" HEIGHT="75" ID="p202_t18" HPOS="199" VPOS="886"><String ID="p202_w155" CONTENT="All" HPOS="199" VPOS="886" WIDTH="58" HEIGHT="75" STYLEREFS="font0"/><SP WIDTH="17" VPOS="886" HPOS="257"/><String ID="p202_w156" CONTENT="the" HPOS="274" VPOS="886" WIDTH="55" HEIGHT="75" STYLEREFS="font0"/><SP WIDTH="23" VPOS="886" HPOS="329"/><String ID="p202_w157" CONTENT="body" HPOS="352" VPOS="886" WIDTH="87" HEIGHT="75" STYLEREFS="font0"/><SP WIDTH="27" VPOS="886" HPOS="439"/><String ID="p202_w158" CONTENT="of" HPOS="466" VPOS="886" WIDTH="40" HEIGHT="75" STYLEREFS="font0"/><SP WIDTH="21" VPOS="886" HPOS="506"/><String ID="p202_w159" CONTENT="the" HPOS="527" VPOS="886" WIDTH="56" HEIGHT="75" STYLEREFS="font0"/><SP WIDTH="27" VPOS="886" HPOS="583"/><String ID="p202_w160" CONTENT="maxillary" HPOS="610" VPOS="886" WIDTH="171" HEIGHT="75" STYLEREFS="font0"/><SP WIDTH="16" VPOS="886" HPOS="781"/><String ID="p202_w161" CONTENT="bone" HPOS="797" VPOS="886" WIDTH="81" HEIGHT="75" STYLEREFS="font0"/><SP WIDTH="27" VPOS="886" HPOS="878"/><String ID="p202_w162" CONTENT="is" HPOS="905" VPOS="886" WIDTH="27" HEIGHT="75" STYLEREFS="font0"/><SP WIDTH="28" VPOS="886" HPOS="932"/><String ID="p202_w163" CONTENT="hollow," HPOS="960" VPOS="886" WIDTH="133" HEIGHT="75" STYLEREFS="font0"/><SP WIDTH="26" VPOS="886" HPOS="1093"/><String ID="p202_w164" CONTENT="and" HPOS="1119" VPOS="886" WIDTH="63" HEIGHT="75" STYLEREFS="font0"/></TextLine><TextLine WIDTH="1028" HEIGHT="75" ID="p202_t19" HPOS="151" VPOS="932"><String ID="p202_w165" CONTENT="leaves" HPOS="151" VPOS="932" WIDTH="105" HEIGHT="75" STYLEREFS="font0"/><SP WIDTH="26" VPOS="932" HPOS="256"/><String ID="p202_w166" CONTENT="a" HPOS="282" VPOS="932" WIDTH="18" HEIGHT="75" STYLEREFS="font0"/><SP WIDTH="16" VPOS="932" HPOS="300"/><String ID="p202_w167" CONTENT="large" HPOS="316" VPOS="932" WIDTH="88" HEIGHT="75" STYLEREFS="font0"/><SP WIDTH="24" VPOS="932" HPOS="404"/><String ID="p202_w168" CONTENT="finus" HPOS="428" VPOS="932" WIDTH="81" HEIGHT="75" STYLEREFS="font0"/><SP WIDTH="26" VPOS="932" HPOS="509"/><String ID="p202_w169" CONTENT="akin" HPOS="535" VPOS="932" WIDTH="74" HEIGHT="75" STYLEREFS="font0"/><SP WIDTH="27" VPOS="932" HPOS="609"/><String ID="p202_w170" CONTENT="to" HPOS="636" VPOS="932" WIDTH="35" HEIGHT="75" STYLEREFS="font0"/><SP WIDTH="24" VPOS="932" HPOS="671"/><String ID="p202_w171" CONTENT="the" HPOS="695" VPOS="932" WIDTH="55" HEIGHT="75" STYLEREFS="font0"/><SP WIDTH="28" VPOS="932" HPOS="750"/><String ID="p202_w172" CONTENT="frontal" HPOS="778" VPOS="932" WIDTH="119" HEIGHT="75" STYLEREFS="font0"/><SP WIDTH="28" VPOS="932" HPOS="897"/><String ID="p202_w173" CONTENT="and" HPOS="925" VPOS="932" WIDTH="62" HEIGHT="75" STYLEREFS="font0"/><SP WIDTH="26" VPOS="932" HPOS="987"/><String ID="p202_w174" CONTENT="fphenoid," HPOS="1013" VPOS="932" WIDTH="166" HEIGHT="75" STYLEREFS="font0"/></TextLine><TextLine WIDTH="1029" HEIGHT="75" ID="p202_t20" HPOS="150" VPOS="978"><String ID="p202_w175" CONTENT="which" HPOS="150" VPOS="978" WIDTH="107" HEIGHT="75" STYLEREFS="font0"/><SP WIDTH="17" VPOS="978" HPOS="257"/><String ID="p202_w176" CONTENT="is" HPOS="274" VPOS="978" WIDTH="27" HEIGHT="75" STYLEREFS="font0"/><SP WIDTH="16" VPOS="978" HPOS="301"/><String ID="p202_w177" CONTENT="commonly," HPOS="317" VPOS="978" WIDTH="195" HEIGHT="75" STYLEREFS="font0"/><SP WIDTH="25" VPOS="978" HPOS="512"/><String ID="p202_w178" CONTENT="but" HPOS="537" VPOS="978" WIDTH="58" HEIGHT="75" STYLEREFS="font0"/><SP WIDTH="23" VPOS="978" HPOS="595"/><String ID="p202_w179" CONTENT="unjuflly," HPOS="618" VPOS="978" WIDTH="152" HEIGHT="75" STYLEREFS="font0"/><SP WIDTH="24" VPOS="978" HPOS="770"/><String ID="p202_w180" CONTENT="called" HPOS="794" VPOS="978" WIDTH="104" HEIGHT="75" STYLEREFS="font0"/><SP WIDTH="21" VPOS="978" HPOS="898"/><String ID="p202_w181" CONTENT="antrum" HPOS="919" VPOS="978" WIDTH="136" HEIGHT="75" STYLEREFS="font0"/><SP WIDTH="20" VPOS="978" HPOS="1055"/><String ID="p202_w182" CONTENT="High-" HPOS="1075" VPOS="978" WIDTH="104" HEIGHT="75" STYLEREFS="font0"/></TextLine><TextLine WIDTH="1030" HEIGHT="75" ID="p202_t21" HPOS="150" VPOS="1024"><String ID="p202_w183" CONTENT="morianum.—At" HPOS="150" VPOS="1024" WIDTH="293" HEIGHT="75" STYLEREFS="font0"/><SP WIDTH="16" VPOS="1024" HPOS="443"/><String ID="p202_w184" CONTENT="the" HPOS="459" VPOS="1024" WIDTH="55" HEIGHT="75" STYLEREFS="font0"/><SP WIDTH="17" VPOS="1024" HPOS="514"/><String ID="p202_w185" CONTENT="bottom" HPOS="531" VPOS="1024" WIDTH="125" HEIGHT="75" STYLEREFS="font0"/><SP WIDTH="24" VPOS="1024" HPOS="656"/><String ID="p202_w186" CONTENT="of" HPOS="680" VPOS="1024" WIDTH="40" HEIGHT="75" STYLEREFS="font0"/><SP WIDTH="15" VPOS="1024" HPOS="720"/><String ID="p202_w187" CONTENT="this" HPOS="735" VPOS="1024" WIDTH="64" HEIGHT="75" STYLEREFS="font0"/><SP WIDTH="17" VPOS="1024" HPOS="799"/><String ID="p202_w188" CONTENT="cavity," HPOS="816" VPOS="1024" WIDTH="118" HEIGHT="75" STYLEREFS="font0"/><SP WIDTH="25" VPOS="1024" HPOS="934"/><String ID="p202_w189" CONTENT="we" HPOS="959" VPOS="1024" WIDTH="49" HEIGHT="75" STYLEREFS="font0"/><SP WIDTH="16" VPOS="1024" HPOS="1008"/><String ID="p202_w190" CONTENT="may" HPOS="1024" VPOS="1024" WIDTH="75" HEIGHT="75" STYLEREFS="font0"/><SP WIDTH="16" VPOS="1024" HPOS="1099"/><String ID="p202_w191" CONTENT="oft-" HPOS="1115" VPOS="1024" WIDTH="65" HEIGHT="75" STYLEREFS="font0"/></TextLine><TextLine WIDTH="1031" HEIGHT="75" ID="p202_t22" HPOS="151" VPOS="1071"><String ID="p202_w192" CONTENT="en" HPOS="151" VPOS="1071" WIDTH="40" HEIGHT="75" STYLEREFS="font0"/><SP WIDTH="15" VPOS="1071" HPOS="191"/><String ID="p202_w193" CONTENT="obferve" HPOS="206" VPOS="1071" WIDTH="130" HEIGHT="75" STYLEREFS="font0"/><SP WIDTH="16" VPOS="1071" HPOS="336"/><String ID="p202_w194" CONTENT="feme" HPOS="352" VPOS="1071" WIDTH="85" HEIGHT="75" STYLEREFS="font0"/><SP WIDTH="17" VPOS="1071" HPOS="437"/><String ID="p202_w195" CONTENT="protuberances," HPOS="454" VPOS="1071" WIDTH="258" HEIGHT="75" STYLEREFS="font0"/><SP WIDTH="16" VPOS="1071" HPOS="712"/><String ID="p202_w196" CONTENT="in" HPOS="728" VPOS="1071" WIDTH="33" HEIGHT="75" STYLEREFS="font0"/><SP WIDTH="15" VPOS="1071" HPOS="761"/><String ID="p202_w197" CONTENT="which" HPOS="776" VPOS="1071" WIDTH="105" HEIGHT="75" STYLEREFS="font0"/><SP WIDTH="17" VPOS="1071" HPOS="881"/><String ID="p202_w198" CONTENT="the" HPOS="898" VPOS="1071" WIDTH="54" HEIGHT="75" STYLEREFS="font0"/><SP WIDTH="17" VPOS="1071" HPOS="952"/><String ID="p202_w199" CONTENT="fmajl" HPOS="969" VPOS="1071" WIDTH="88" HEIGHT="75" STYLEREFS="font0"/><SP WIDTH="18" VPOS="1071" HPOS="1057"/><String ID="p202_w200" CONTENT="points" HPOS="1075" VPOS="1071" WIDTH="107" HEIGHT="75" STYLEREFS="font0"/></TextLine><TextLine WIDTH="1029" HEIGHT="75" ID="p202_t23" HPOS="151" VPOS="1119"><String ID="p202_w201" CONTENT="of" HPOS="151" VPOS="1119" WIDTH="41" HEIGHT="75" STYLEREFS="font0"/><SP WIDTH="21" VPOS="1119" HPOS="192"/><String ID="p202_w202" CONTENT="the" HPOS="213" VPOS="1119" WIDTH="56" HEIGHT="75" STYLEREFS="font0"/><SP WIDTH="28" VPOS="1119" HPOS="269"/><String ID="p202_w203" CONTENT="roots" HPOS="297" VPOS="1119" WIDTH="89" HEIGHT="75" STYLEREFS="font0"/><SP WIDTH="29" VPOS="1119" HPOS="386"/><String ID="p202_w204" CONTENT="of" HPOS="415" VPOS="1119" WIDTH="41" HEIGHT="75" STYLEREFS="font0"/><SP WIDTH="21" VPOS="1119" HPOS="456"/><String ID="p202_w205" CONTENT="the" HPOS="477" VPOS="1119" WIDTH="55" HEIGHT="75" STYLEREFS="font0"/><SP WIDTH="24" VPOS="1119" HPOS="532"/><String ID="p202_w206" CONTENT="teeth" HPOS="556" VPOS="1119" WIDTH="88" HEIGHT="75" STYLEREFS="font0"/><SP WIDTH="18" VPOS="1119" HPOS="644"/><String ID="p202_w207" CONTENT="are" HPOS="662" VPOS="1119" WIDTH="54" HEIGHT="75" STYLEREFS="font0"/><SP WIDTH="13" VPOS="1119" HPOS="716"/><String ID="p202_w208" CONTENT="contained.—This" HPOS="729" VPOS="1119" WIDTH="318" HEIGHT="75" STYLEREFS="font0"/><SP WIDTH="18" VPOS="1119" HPOS="1047"/><String ID="p202_w209" CONTENT="cavern" HPOS="1065" VPOS="1119" WIDTH="115" HEIGHT="75" STYLEREFS="font0"/></TextLine><TextLine WIDTH="1028" HEIGHT="75" ID="p202_t24" HPOS="150" VPOS="1164"><String ID="p202_w210" CONTENT="and" HPOS="150" VPOS="1164" WIDTH="63" HEIGHT="75" STYLEREFS="font0"/><SP WIDTH="17" VPOS="1164" HPOS="213"/><String ID="p202_w211" CONTENT="the" HPOS="230" VPOS="1164" WIDTH="55" HEIGHT="75" STYLEREFS="font0"/><SP WIDTH="16" VPOS="1164" HPOS="285"/><String ID="p202_w212" CONTENT="fockets" HPOS="301" VPOS="1164" WIDTH="124" HEIGHT="75" STYLEREFS="font0"/><SP WIDTH="16" VPOS="1164" HPOS="425"/><String ID="p202_w213" CONTENT="of" HPOS="441" VPOS="1164" WIDTH="40" HEIGHT="75" STYLEREFS="font0"/><SP WIDTH="12" VPOS="1164" HPOS="481"/><String ID="p202_w214" CONTENT="the" HPOS="493" VPOS="1164" WIDTH="54" HEIGHT="75" STYLEREFS="font0"/><SP WIDTH="17" VPOS="1164" HPOS="547"/><String ID="p202_w215" CONTENT="teeth" HPOS="564" VPOS="1164" WIDTH="89" HEIGHT="75" STYLEREFS="font0"/><SP WIDTH="17" VPOS="1164" HPOS="653"/><String ID="p202_w216" CONTENT="are" HPOS="670" VPOS="1164" WIDTH="54" HEIGHT="75" STYLEREFS="font0"/><SP WIDTH="22" VPOS="1164" HPOS="724"/><String ID="p202_w217" CONTENT="often" HPOS="746" VPOS="1164" WIDTH="90" HEIGHT="75" STYLEREFS="font0"/><SP WIDTH="17" VPOS="1164" HPOS="836"/><String ID="p202_w218" CONTENT="divided" HPOS="853" VPOS="1164" WIDTH="130" HEIGHT="75" STYLEREFS="font0"/><SP WIDTH="17" VPOS="1164" HPOS="983"/><String ID="p202_w219" CONTENT="by" HPOS="1000" VPOS="1164" WIDTH="43" HEIGHT="75" STYLEREFS="font0"/><SP WIDTH="15" VPOS="1164" HPOS="1043"/><String ID="p202_w220" CONTENT="the" HPOS="1058" VPOS="1164" WIDTH="56" HEIGHT="75" STYLEREFS="font0"/><SP WIDTH="16" VPOS="1164" HPOS="1114"/><String ID="p202_w221" CONTENT="in-" HPOS="1130" VPOS="1164" WIDTH="48" HEIGHT="75" STYLEREFS="font0"/></TextLine><TextLine WIDTH="1029" HEIGHT="75" ID="p202_t25" HPOS="149" VPOS="1209"><String ID="p202_w222" CONTENT="terpofition" HPOS="149" VPOS="1209" WIDTH="187" HEIGHT="75" STYLEREFS="font0"/><SP WIDTH="15" VPOS="1209" HPOS="336"/><String ID="p202_w223" CONTENT="only" HPOS="351" VPOS="1209" WIDTH="76" HEIGHT="75" STYLEREFS="font0"/><SP WIDTH="16" VPOS="1209" HPOS="427"/><String ID="p202_w224" CONTENT="of" HPOS="443" VPOS="1209" WIDTH="40" HEIGHT="75" STYLEREFS="font0"/><SP WIDTH="22" VPOS="1209" HPOS="483"/><String ID="p202_w225" CONTENT="a" HPOS="505" VPOS="1209" WIDTH="19" HEIGHT="75" STYLEREFS="font0"/><SP WIDTH="23" VPOS="1209" HPOS="524"/><String ID="p202_w226" CONTENT="very" HPOS="547" VPOS="1209" WIDTH="77" HEIGHT="75" STYLEREFS="font0"/><SP WIDTH="17" VPOS="1209" HPOS="624"/><String ID="p202_w227" CONTENT="thin" HPOS="641" VPOS="1209" WIDTH="69" HEIGHT="75" STYLEREFS="font0"/><SP WIDTH="17" VPOS="1209" HPOS="710"/><String ID="p202_w228" CONTENT="bony" HPOS="727" VPOS="1209" WIDTH="86" HEIGHT="75" STYLEREFS="font0"/><SP WIDTH="18" VPOS="1209" HPOS="813"/><String ID="p202_w229" CONTENT="plate," HPOS="831" VPOS="1209" WIDTH="97" HEIGHT="75" STYLEREFS="font0"/><SP WIDTH="26" VPOS="1209" HPOS="928"/><String ID="p202_w230" CONTENT="which" HPOS="954" VPOS="1209" WIDTH="106" HEIGHT="75" STYLEREFS="font0"/><SP WIDTH="16" VPOS="1209" HPOS="1060"/><String ID="p202_w231" CONTENT="is" HPOS="1076" VPOS="1209" WIDTH="26" HEIGHT="75" STYLEREFS="font0"/><SP WIDTH="18" VPOS="1209" HPOS="1102"/><String ID="p202_w232" CONTENT="lia-" HPOS="1120" VPOS="1209" WIDTH="58" HEIGHT="75" STYLEREFS="font0"/></TextLine><TextLine WIDTH="1028" HEIGHT="75" ID="p202_t26" HPOS="149" VPOS="1257"><String ID="p202_w233" CONTENT="ble" HPOS="149" VPOS="1257" WIDTH="53" HEIGHT="75" STYLEREFS="font0"/><SP WIDTH="17" VPOS="1257" HPOS="202"/><String ID="p202_w234" CONTENT="to" HPOS="219" VPOS="1257" WIDTH="35" HEIGHT="75" STYLEREFS="font0"/><SP WIDTH="11" VPOS="1257" HPOS="254"/><String ID="p202_w235" CONTENT="be" HPOS="265" VPOS="1257" WIDTH="40" HEIGHT="75" STYLEREFS="font0"/><SP WIDTH="12" VPOS="1257" HPOS="305"/><String ID="p202_w236" CONTENT="eroded" HPOS="317" VPOS="1257" WIDTH="120" HEIGHT="75" STYLEREFS="font0"/><SP WIDTH="16" VPOS="1257" HPOS="437"/><String ID="p202_w237" CONTENT="by" HPOS="453" VPOS="1257" WIDTH="43" HEIGHT="75" STYLEREFS="font0"/><SP WIDTH="16" VPOS="1257" HPOS="496"/><String ID="p202_w238" CONTENT="acrid" HPOS="512" VPOS="1257" WIDTH="88" HEIGHT="75" STYLEREFS="font0"/><SP WIDTH="16" VPOS="1257" HPOS="600"/><String ID="p202_w239" CONTENT="matter" HPOS="616" VPOS="1257" WIDTH="116" HEIGHT="75" STYLEREFS="font0"/><SP WIDTH="16" VPOS="1257" HPOS="732"/><String ID="p202_w240" CONTENT="colledled" HPOS="748" VPOS="1257" WIDTH="155" HEIGHT="75" STYLEREFS="font0"/><SP WIDTH="15" VPOS="1257" HPOS="903"/><String ID="p202_w241" CONTENT="in" HPOS="918" VPOS="1257" WIDTH="32" HEIGHT="75" STYLEREFS="font0"/><SP WIDTH="17" VPOS="1257" HPOS="950"/><String ID="p202_w242" CONTENT="the" HPOS="967" VPOS="1257" WIDTH="54" HEIGHT="75" STYLEREFS="font0"/><SP WIDTH="18" VPOS="1257" HPOS="1021"/><String ID="p202_w243" CONTENT="antrum," HPOS="1039" VPOS="1257" WIDTH="138" HEIGHT="75" STYLEREFS="font0"/></TextLine><TextLine WIDTH="1028" HEIGHT="75" ID="p202_t27" HPOS="151" VPOS="1303"><String ID="p202_w244" CONTENT="or" HPOS="151" VPOS="1303" WIDTH="37" HEIGHT="75" STYLEREFS="font0"/><SP WIDTH="16" VPOS="1303" HPOS="188"/><String ID="p202_w245" CONTENT="to" HPOS="204" VPOS="1303" WIDTH="35" HEIGHT="75" STYLEREFS="font0"/><SP WIDTH="17" VPOS="1303" HPOS="239"/><String ID="p202_w246" CONTENT="be" HPOS="256" VPOS="1303" WIDTH="39" HEIGHT="75" STYLEREFS="font0"/><SP WIDTH="21" VPOS="1303" HPOS="295"/><String ID="p202_w247" CONTENT="broke" HPOS="316" VPOS="1303" WIDTH="99" HEIGHT="75" STYLEREFS="font0"/><SP WIDTH="17" VPOS="1303" HPOS="415"/><String ID="p202_w248" CONTENT="in" HPOS="432" VPOS="1303" WIDTH="32" HEIGHT="75" STYLEREFS="font0"/><SP WIDTH="20" VPOS="1303" HPOS="464"/><String ID="p202_w249" CONTENT="drawing" HPOS="484" VPOS="1303" WIDTH="143" HEIGHT="75" STYLEREFS="font0"/><SP WIDTH="17" VPOS="1303" HPOS="627"/><String ID="p202_w250" CONTENT="a" HPOS="644" VPOS="1303" WIDTH="18" HEIGHT="75" STYLEREFS="font0"/><SP WIDTH="16" VPOS="1303" HPOS="662"/><String ID="p202_w251" CONTENT="tooth." HPOS="678" VPOS="1303" WIDTH="105" HEIGHT="75" STYLEREFS="font0"/><SP WIDTH="48" VPOS="1303" HPOS="783"/><String ID="p202_w252" CONTENT="The" HPOS="831" VPOS="1303" WIDTH="77" HEIGHT="75" STYLEREFS="font0"/><SP WIDTH="12" VPOS="1303" HPOS="908"/><String ID="p202_w253" CONTENT="fymptdms" HPOS="920" VPOS="1303" WIDTH="171" HEIGHT="75" STYLEREFS="font0"/><SP WIDTH="18" VPOS="1303" HPOS="1091"/><String ID="p202_w254" CONTENT="of" HPOS="1109" VPOS="1303" WIDTH="40" HEIGHT="75" STYLEREFS="font0"/><SP WIDTH="12" VPOS="1303" HPOS="1149"/><String ID="p202_w255" CONTENT="a" HPOS="1161" VPOS="1303" WIDTH="18" HEIGHT="75" STYLEREFS="font0"/></TextLine><TextLine WIDTH="1027" HEIGHT="75" ID="p202_t28" HPOS="150" VPOS="1349"><String ID="p202_w256" CONTENT="colle&amp;ion" HPOS="150" VPOS="1349" WIDTH="169" HEIGHT="75" STYLEREFS="font0"/><SP WIDTH="16" VPOS="1349" HPOS="319"/><String ID="p202_w257" CONTENT="of" HPOS="335" VPOS="1349" WIDTH="40" HEIGHT="75" STYLEREFS="font0"/><SP WIDTH="12" VPOS="1349" HPOS="375"/><String ID="p202_w258" CONTENT="a" HPOS="387" VPOS="1349" WIDTH="18" HEIGHT="75" STYLEREFS="font0"/><SP WIDTH="16" VPOS="1349" HPOS="405"/><String ID="p202_w259" CONTENT="matter" HPOS="421" VPOS="1349" WIDTH="115" HEIGHT="75" STYLEREFS="font0"/><SP WIDTH="16" VPOS="1349" HPOS="536"/><String ID="p202_w260" CONTENT="here" HPOS="552" VPOS="1349" WIDTH="77" HEIGHT="75" STYLEREFS="font0"/><SP WIDTH="16" VPOS="1349" HPOS="629"/><String ID="p202_w261" CONTENT="naturally" HPOS="645" VPOS="1349" WIDTH="159" HEIGHT="75" STYLEREFS="font0"/><SP WIDTH="16" VPOS="1349" HPOS="804"/><String ID="p202_w262" CONTENT="lead" HPOS="820" VPOS="1349" WIDTH="73" HEIGHT="75" STYLEREFS="font0"/><SP WIDTH="16" VPOS="1349" HPOS="893"/><String ID="p202_w263" CONTENT="us" HPOS="909" VPOS="1349" WIDTH="37" HEIGHT="75" STYLEREFS="font0"/><SP WIDTH="17" VPOS="1349" HPOS="946"/><String ID="p202_w264" CONTENT="to" HPOS="963" VPOS="1349" WIDTH="35" HEIGHT="75" STYLEREFS="font0"/><SP WIDTH="18" VPOS="1349" HPOS="998"/><String ID="p202_w265" CONTENT="the" HPOS="1016" VPOS="1349" WIDTH="55" HEIGHT="75" STYLEREFS="font0"/><SP WIDTH="17" VPOS="1349" HPOS="1071"/><String ID="p202_w266" CONTENT="prac-" HPOS="1088" VPOS="1349" WIDTH="89" HEIGHT="75" STYLEREFS="font0"/></TextLine><TextLine WIDTH="1029" HEIGHT="75" ID="p202_t29" HPOS="149" VPOS="1397"><String ID="p202_w267" CONTENT="tice" HPOS="149" VPOS="1397" WIDTH="64" HEIGHT="75" STYLEREFS="font0"/><SP WIDTH="15" VPOS="1397" HPOS="213"/><String ID="p202_w268" CONTENT="of" HPOS="228" VPOS="1397" WIDTH="42" HEIGHT="75" STYLEREFS="font0"/><SP WIDTH="11" VPOS="1397" HPOS="270"/><String ID="p202_w269" CONTENT="pulling" HPOS="281" VPOS="1397" WIDTH="122" HEIGHT="75" STYLEREFS="font0"/><SP WIDTH="14" VPOS="1397" HPOS="403"/><String ID="p202_w270" CONTENT="out" HPOS="417" VPOS="1397" WIDTH="58" HEIGHT="75" STYLEREFS="font0"/><SP WIDTH="16" VPOS="1397" HPOS="475"/><String ID="p202_w271" CONTENT="the" HPOS="491" VPOS="1397" WIDTH="55" HEIGHT="75" STYLEREFS="font0"/><SP WIDTH="16" VPOS="1397" HPOS="546"/><String ID="p202_w272" CONTENT="teeth," HPOS="562" VPOS="1397" WIDTH="102" HEIGHT="75" STYLEREFS="font0"/><SP WIDTH="26" VPOS="1397" HPOS="664"/><String ID="p202_w273" CONTENT="and" HPOS="690" VPOS="1397" WIDTH="63" HEIGHT="75" STYLEREFS="font0"/><SP WIDTH="26" VPOS="1397" HPOS="753"/><String ID="p202_w274" CONTENT="piercing" HPOS="779" VPOS="1397" WIDTH="142" HEIGHT="75" STYLEREFS="font0"/><SP WIDTH="26" VPOS="1397" HPOS="921"/><String ID="p202_w275" CONTENT="through" HPOS="947" VPOS="1397" WIDTH="140" HEIGHT="75" STYLEREFS="font0"/><SP WIDTH="26" VPOS="1397" HPOS="1087"/><String ID="p202_w276" CONTENT="this" HPOS="1113" VPOS="1397" WIDTH="65" HEIGHT="75" STYLEREFS="font0"/></TextLine><TextLine WIDTH="1031" HEIGHT="75" ID="p202_t30" HPOS="150" VPOS="1443"><String ID="p202_w277" CONTENT="plate" HPOS="150" VPOS="1443" WIDTH="85" HEIGHT="75" STYLEREFS="font0"/><SP WIDTH="17" VPOS="1443" HPOS="235"/><String ID="p202_w278" CONTENT="into" HPOS="252" VPOS="1443" WIDTH="69" HEIGHT="75" STYLEREFS="font0"/><SP WIDTH="17" VPOS="1443" HPOS="321"/><String ID="p202_w279" CONTENT="the" HPOS="338" VPOS="1443" WIDTH="54" HEIGHT="75" STYLEREFS="font0"/><SP WIDTH="24" VPOS="1443" HPOS="392"/><String ID="p202_w280" CONTENT="antrum," HPOS="416" VPOS="1443" WIDTH="139" HEIGHT="75" STYLEREFS="font0"/><SP WIDTH="25" VPOS="1443" HPOS="555"/><String ID="p202_w281" CONTENT="to" HPOS="580" VPOS="1443" WIDTH="35" HEIGHT="75" STYLEREFS="font0"/><SP WIDTH="23" VPOS="1443" HPOS="615"/><String ID="p202_w282" CONTENT="procure" HPOS="638" VPOS="1443" WIDTH="135" HEIGHT="75" STYLEREFS="font0"/><SP WIDTH="25" VPOS="1443" HPOS="773"/><String ID="p202_w283" CONTENT="an" HPOS="798" VPOS="1443" WIDTH="39" HEIGHT="75" STYLEREFS="font0"/><SP WIDTH="26" VPOS="1443" HPOS="837"/><String ID="p202_w284" CONTENT="evacuation" HPOS="863" VPOS="1443" WIDTH="185" HEIGHT="75" STYLEREFS="font0"/><SP WIDTH="17" VPOS="1443" HPOS="1048"/><String ID="p202_w285" CONTENT="of" HPOS="1065" VPOS="1443" WIDTH="40" HEIGHT="75" STYLEREFS="font0"/><SP WIDTH="20" VPOS="1443" HPOS="1105"/><String ID="p202_w286" CONTENT="the" HPOS="1125" VPOS="1443" WIDTH="56" HEIGHT="75" STYLEREFS="font0"/></TextLine><TextLine WIDTH="299" HEIGHT="75" ID="p202_t31" HPOS="150" VPOS="1488"><String ID="p202_w287" CONTENT="collefted" HPOS="150" VPOS="1488" WIDTH="154" HEIGHT="75" STYLEREFS="font0"/><SP WIDTH="16" VPOS="1488" HPOS="304"/><String ID="p202_w288" CONTENT="matter." HPOS="320" VPOS="1488" WIDTH="129" HEIGHT="75" STYLEREFS="font0"/></TextLine><TextLine WIDTH="980" HEIGHT="75" ID="p202_t32" HPOS="198" VPOS="1536"><String ID="p202_w289" CONTENT="The" HPOS="198" VPOS="1536" WIDTH="76" HEIGHT="75" STYLEREFS="font0"/><SP WIDTH="16" VPOS="1536" HPOS="274"/><String ID="p202_w290" CONTENT="maxillary" HPOS="290" VPOS="1536" WIDTH="171" HEIGHT="75" STYLEREFS="font0"/><SP WIDTH="16" VPOS="1536" HPOS="461"/><String ID="p202_w291" CONTENT="finufes" HPOS="477" VPOS="1536" WIDTH="114" HEIGHT="75" STYLEREFS="font0"/><SP WIDTH="15" VPOS="1536" HPOS="591"/><String ID="p202_w292" CONTENT="have" HPOS="606" VPOS="1536" WIDTH="82" HEIGHT="75" STYLEREFS="font0"/><SP WIDTH="16" VPOS="1536" HPOS="688"/><String ID="p202_w293" CONTENT="the" HPOS="704" VPOS="1536" WIDTH="56" HEIGHT="75" STYLEREFS="font0"/><SP WIDTH="16" VPOS="1536" HPOS="760"/><String ID="p202_w294" CONTENT="fame" HPOS="776" VPOS="1536" WIDTH="83" HEIGHT="75" STYLEREFS="font0"/><SP WIDTH="23" VPOS="1536" HPOS="859"/><String ID="p202_w295" CONTENT="ufes" HPOS="882" VPOS="1536" WIDTH="68" HEIGHT="75" STYLEREFS="font0"/><SP WIDTH="19" VPOS="1536" HPOS="950"/><String ID="p202_w296" CONTENT="as" HPOS="969" VPOS="1536" WIDTH="32" HEIGHT="75" STYLEREFS="font0"/><SP WIDTH="17" VPOS="1536" HPOS="1001"/><String ID="p202_w297" CONTENT="the" HPOS="1018" VPOS="1536" WIDTH="55" HEIGHT="75" STYLEREFS="font0"/><SP WIDTH="17" VPOS="1536" HPOS="1073"/><String ID="p202_w298" CONTENT="fron-" HPOS="1090" VPOS="1536" WIDTH="88" HEIGHT="75" STYLEREFS="font0"/></TextLine><TextLine WIDTH="1027" HEIGHT="75" ID="p202_t33" HPOS="151" VPOS="1582"><String ID="p202_w299" CONTENT="tal" HPOS="151" VPOS="1582" WIDTH="45" HEIGHT="75" STYLEREFS="font0"/><SP WIDTH="17" VPOS="1582" HPOS="196"/><String ID="p202_w300" CONTENT="and" HPOS="213" VPOS="1582" WIDTH="63" HEIGHT="75" STYLEREFS="font0"/><SP WIDTH="14" VPOS="1582" HPOS="276"/><String ID="p202_w301" CONTENT="fphenoidal;" HPOS="290" VPOS="1582" WIDTH="210" HEIGHT="75" STYLEREFS="font0"/><SP WIDTH="27" VPOS="1582" HPOS="500"/><String ID="p202_w302" CONTENT="and" HPOS="527" VPOS="1582" WIDTH="61" HEIGHT="75" STYLEREFS="font0"/><SP WIDTH="28" VPOS="1582" HPOS="588"/><String ID="p202_w303" CONTENT="the" HPOS="616" VPOS="1582" WIDTH="56" HEIGHT="75" STYLEREFS="font0"/><SP WIDTH="27" VPOS="1582" HPOS="672"/><String ID="p202_w304" CONTENT="fituation" HPOS="699" VPOS="1582" WIDTH="148" HEIGHT="75" STYLEREFS="font0"/><SP WIDTH="28" VPOS="1582" HPOS="847"/><String ID="p202_w305" CONTENT="of" HPOS="875" VPOS="1582" WIDTH="40" HEIGHT="75" STYLEREFS="font0"/><SP WIDTH="19" VPOS="1582" HPOS="915"/><String ID="p202_w306" CONTENT="the." HPOS="934" VPOS="1582" WIDTH="66" HEIGHT="75" STYLEREFS="font0"/><SP WIDTH="17" VPOS="1582" HPOS="1000"/><String ID="p202_w307" CONTENT="finufes" HPOS="1017" VPOS="1582" WIDTH="114" HEIGHT="75" STYLEREFS="font0"/><SP WIDTH="19" VPOS="1582" HPOS="1131"/><String ID="p202_w308" CONTENT="is" HPOS="1150" VPOS="1582" WIDTH="28" HEIGHT="75" STYLEREFS="font0"/></TextLine><TextLine WIDTH="1027" HEIGHT="75" ID="p202_t34" HPOS="150" VPOS="1629"><String ID="p202_w309" CONTENT="fuch," HPOS="150" VPOS="1629" WIDTH="90" HEIGHT="75" STYLEREFS="font0"/><SP WIDTH="25" VPOS="1629" HPOS="240"/><String ID="p202_w310" CONTENT="that" HPOS="265" VPOS="1629" WIDTH="74" HEIGHT="75" STYLEREFS="font0"/><SP WIDTH="13" VPOS="1629" HPOS="339"/><String ID="p202_w311" CONTENT="the" HPOS="352" VPOS="1629" WIDTH="56" HEIGHT="75" STYLEREFS="font0"/><SP WIDTH="20" VPOS="1629" HPOS="408"/><String ID="p202_w312" CONTENT="liquor" HPOS="428" VPOS="1629" WIDTH="106" HEIGHT="75" STYLEREFS="font0"/><SP WIDTH="16" VPOS="1629" HPOS="534"/><String ID="p202_w313" CONTENT="drilling" HPOS="550" VPOS="1629" WIDTH="130" HEIGHT="75" STYLEREFS="font0"/><SP WIDTH="21" VPOS="1629" HPOS="680"/><String ID="p202_w314" CONTENT="from" HPOS="701" VPOS="1629" WIDTH="85" HEIGHT="75" STYLEREFS="font0"/><SP WIDTH="16" VPOS="1629" HPOS="786"/><String ID="p202_w315" CONTENT="them," HPOS="802" VPOS="1629" WIDTH="100" HEIGHT="75" STYLEREFS="font0"/><SP WIDTH="25" VPOS="1629" HPOS="902"/><String ID="p202_w316" CONTENT="from" HPOS="927" VPOS="1629" WIDTH="85" HEIGHT="75" STYLEREFS="font0"/><SP WIDTH="16" VPOS="1629" HPOS="1012"/><String ID="p202_w317" CONTENT="the" HPOS="1028" VPOS="1629" WIDTH="56" HEIGHT="75" STYLEREFS="font0"/><SP WIDTH="16" VPOS="1629" HPOS="1084"/><String ID="p202_w318" CONTENT="cells" HPOS="1100" VPOS="1629" WIDTH="77" HEIGHT="75" STYLEREFS="font0"/></TextLine><TextLine WIDTH="1027" HEIGHT="75" ID="p202_t35" HPOS="153" VPOS="1675"><String ID="p202_w319" CONTENT="of" HPOS="153" VPOS="1675" WIDTH="39" HEIGHT="75" STYLEREFS="font0"/><SP WIDTH="15" VPOS="1675" HPOS="192"/><String ID="p202_w320" CONTENT="the" HPOS="207" VPOS="1675" WIDTH="55" HEIGHT="75" STYLEREFS="font0"/><SP WIDTH="18" VPOS="1675" HPOS="262"/><String ID="p202_w321" CONTENT="?&gt;.hmoid" HPOS="280" VPOS="1675" WIDTH="142" HEIGHT="75" STYLEREFS="font0"/><SP WIDTH="17" VPOS="1675" HPOS="422"/><String ID="p202_w322" CONTENT="and" HPOS="439" VPOS="1675" WIDTH="62" HEIGHT="75" STYLEREFS="font0"/><SP WIDTH="16" VPOS="1675" HPOS="501"/><String ID="p202_w323" CONTENT="palate-bones," HPOS="517" VPOS="1675" WIDTH="231" HEIGHT="75" STYLEREFS="font0"/><SP WIDTH="26" VPOS="1675" HPOS="748"/><String ID="p202_w324" CONTENT="and" HPOS="774" VPOS="1675" WIDTH="62" HEIGHT="75" STYLEREFS="font0"/><SP WIDTH="15" VPOS="1675" HPOS="836"/><String ID="p202_w325" CONTENT="from" HPOS="851" VPOS="1675" WIDTH="85" HEIGHT="75" STYLEREFS="font0"/><SP WIDTH="17" VPOS="1675" HPOS="936"/><String ID="p202_w326" CONTENT="the" HPOS="953" VPOS="1675" WIDTH="55" HEIGHT="75" STYLEREFS="font0"/><SP WIDTH="17" VPOS="1675" HPOS="1008"/><String ID="p202_w327" CONTENT="lacrymal" HPOS="1025" VPOS="1675" WIDTH="155" HEIGHT="75" STYLEREFS="font0"/></TextLine><TextLine WIDTH="1028" HEIGHT="75" ID="p202_t36" HPOS="152" VPOS="1721"><String ID="p202_w328" CONTENT="tiudls," HPOS="152" VPOS="1721" WIDTH="104" HEIGHT="75" STYLEREFS="font0"/><SP WIDTH="18" VPOS="1721" HPOS="256"/><String ID="p202_w329" CONTENT="may" HPOS="274" VPOS="1721" WIDTH="72" HEIGHT="75" STYLEREFS="font0"/><SP WIDTH="18" VPOS="1721" HPOS="346"/><String ID="p202_w330" CONTENT="always" HPOS="364" VPOS="1721" WIDTH="118" HEIGHT="75" STYLEREFS="font0"/><SP WIDTH="16" VPOS="1721" HPOS="482"/><String ID="p202_w331" CONTENT="moiften" HPOS="498" VPOS="1721" WIDTH="131" HEIGHT="75" STYLEREFS="font0"/><SP WIDTH="17" VPOS="1721" HPOS="629"/><String ID="p202_w332" CONTENT="all" HPOS="646" VPOS="1721" WIDTH="42" HEIGHT="75" STYLEREFS="font0"/><SP WIDTH="18" VPOS="1721" HPOS="688"/><String ID="p202_w333" CONTENT="the" HPOS="706" VPOS="1721" WIDTH="55" HEIGHT="75" STYLEREFS="font0"/><SP WIDTH="16" VPOS="1721" HPOS="761"/><String ID="p202_w334" CONTENT="parts" HPOS="777" VPOS="1721" WIDTH="87" HEIGHT="75" STYLEREFS="font0"/><SP WIDTH="18" VPOS="1721" HPOS="864"/><String ID="p202_w335" CONTENT="of" HPOS="882" VPOS="1721" WIDTH="40" HEIGHT="75" STYLEREFS="font0"/><SP WIDTH="10" VPOS="1721" HPOS="922"/><String ID="p202_w336" CONTENT="the" HPOS="932" VPOS="1721" WIDTH="56" HEIGHT="75" STYLEREFS="font0"/><SP WIDTH="12" VPOS="1721" HPOS="988"/><String ID="p202_w337" CONTENT="membrane" HPOS="1000" VPOS="1721" WIDTH="180" HEIGHT="75" STYLEREFS="font0"/></TextLine><TextLine WIDTH="1027" HEIGHT="75" ID="p202_t37" HPOS="153" VPOS="1768"><String ID="p202_w338" CONTENT="of" HPOS="153" VPOS="1768" WIDTH="39" HEIGHT="75" STYLEREFS="font0"/><SP WIDTH="22" VPOS="1768" HPOS="192"/><String ID="p202_w339" CONTENT="the" HPOS="214" VPOS="1768" WIDTH="55" HEIGHT="75" STYLEREFS="font0"/><SP WIDTH="28" VPOS="1768" HPOS="269"/><String ID="p202_w340" CONTENT="nares" HPOS="297" VPOS="1768" WIDTH="90" HEIGHT="75" STYLEREFS="font0"/><SP WIDTH="22" VPOS="1768" HPOS="387"/><String ID="p202_w341" CONTENT="in" HPOS="409" VPOS="1768" WIDTH="32" HEIGHT="75" STYLEREFS="font0"/><SP WIDTH="28" VPOS="1768" HPOS="441"/><String ID="p202_w342" CONTENT="the" HPOS="469" VPOS="1768" WIDTH="55" HEIGHT="75" STYLEREFS="font0"/><SP WIDTH="28" VPOS="1768" HPOS="524"/><String ID="p202_w343" CONTENT="different" HPOS="552" VPOS="1768" WIDTH="149" HEIGHT="75" STYLEREFS="font0"/><SP WIDTH="16" VPOS="1768" HPOS="701"/><String ID="p202_w344" CONTENT="fituations" HPOS="717" VPOS="1768" WIDTH="162" HEIGHT="75" STYLEREFS="font0"/><SP WIDTH="18" VPOS="1768" HPOS="879"/><String ID="p202_w345" CONTENT="which" HPOS="897" VPOS="1768" WIDTH="105" HEIGHT="75" STYLEREFS="font0"/><SP WIDTH="21" VPOS="1768" HPOS="1002"/><String ID="p202_w346" CONTENT="the" HPOS="1023" VPOS="1768" WIDTH="56" HEIGHT="75" STYLEREFS="font0"/><SP WIDTH="16" VPOS="1768" HPOS="1079"/><String ID="p202_w347" CONTENT="head" HPOS="1095" VPOS="1768" WIDTH="85" HEIGHT="75" STYLEREFS="font0"/></TextLine><TextLine WIDTH="89" HEIGHT="75" ID="p202_t38" HPOS="151" VPOS="1815"><String ID="p202_w348" CONTENT="is" HPOS="151" VPOS="1815" WIDTH="27" HEIGHT="75" STYLEREFS="font0"/><SP WIDTH="17" VPOS="1815" HPOS="178"/><String ID="p202_w349" CONTENT="in." HPOS="195" VPOS="1815" WIDTH="45" HEIGHT="75" STYLEREFS="font0"/></TextLine><TextLine WIDTH="983" HEIGHT="75" ID="p202_t39" HPOS="198" VPOS="1860"><String ID="p202_w350" CONTENT="The" HPOS="198" VPOS="1860" WIDTH="76" HEIGHT="75" STYLEREFS="font0"/><SP WIDTH="17" VPOS="1860" HPOS="274"/><String ID="p202_w351" CONTENT="fubflance" HPOS="291" VPOS="1860" WIDTH="160" HEIGHT="75" STYLEREFS="font0"/><SP WIDTH="27" VPOS="1860" HPOS="451"/><String ID="p202_w352" CONTENT="of" HPOS="478" VPOS="1860" WIDTH="39" HEIGHT="75" STYLEREFS="font0"/><SP WIDTH="19" VPOS="1860" HPOS="517"/><String ID="p202_w353" CONTENT="the" HPOS="536" VPOS="1860" WIDTH="54" HEIGHT="75" STYLEREFS="font0"/><SP WIDTH="28" VPOS="1860" HPOS="590"/><String ID="p202_w354" CONTENT="ofla" HPOS="618" VPOS="1860" WIDTH="61" HEIGHT="75" STYLEREFS="font0"/><SP WIDTH="29" VPOS="1860" HPOS="679"/><String ID="p202_w355" CONTENT="maxillaria" HPOS="708" VPOS="1860" WIDTH="181" HEIGHT="75" STYLEREFS="font0"/><SP WIDTH="11" VPOS="1860" HPOS="889"/><String ID="p202_w356" CONTENT="is" HPOS="900" VPOS="1860" WIDTH="32" HEIGHT="75" STYLEREFS="font0"/><SP WIDTH="17" VPOS="1860" HPOS="932"/><String ID="p202_w357" CONTENT="compaft" HPOS="949" VPOS="1860" WIDTH="142" HEIGHT="75" STYLEREFS="font0"/><SP WIDTH="27" VPOS="1860" HPOS="1091"/><String ID="p202_w358" CONTENT="and" HPOS="1118" VPOS="1860" WIDTH="63" HEIGHT="75" STYLEREFS="font0"/></TextLine><TextLine WIDTH="1033" HEIGHT="75" ID="p202_t40" HPOS="150" VPOS="1907"><String ID="p202_w359" CONTENT="firm," HPOS="150" VPOS="1907" WIDTH="87" HEIGHT="75" STYLEREFS="font0"/><SP WIDTH="25" VPOS="1907" HPOS="237"/><String ID="p202_w360" CONTENT="except" HPOS="262" VPOS="1907" WIDTH="115" HEIGHT="75" STYLEREFS="font0"/><SP WIDTH="17" VPOS="1907" HPOS="377"/><String ID="p202_w361" CONTENT="at" HPOS="394" VPOS="1907" WIDTH="33" HEIGHT="75" STYLEREFS="font0"/><SP WIDTH="16" VPOS="1907" HPOS="427"/><String ID="p202_w362" CONTENT="the" HPOS="443" VPOS="1907" WIDTH="55" HEIGHT="75" STYLEREFS="font0"/><SP WIDTH="19" VPOS="1907" HPOS="498"/><String ID="p202_w363" CONTENT="inferior" HPOS="517" VPOS="1907" WIDTH="133" HEIGHT="75" STYLEREFS="font0"/><SP WIDTH="16" VPOS="1907" HPOS="650"/><String ID="p202_w364" CONTENT="proceffes," HPOS="666" VPOS="1907" WIDTH="167" HEIGHT="75" STYLEREFS="font0"/><SP WIDTH="24" VPOS="1907" HPOS="833"/><String ID="p202_w365" CONTENT="in" HPOS="857" VPOS="1907" WIDTH="33" HEIGHT="75" STYLEREFS="font0"/><SP WIDTH="12" VPOS="1907" HPOS="890"/><String ID="p202_w366" CONTENT="which" HPOS="902" VPOS="1907" WIDTH="107" HEIGHT="75" STYLEREFS="font0"/><SP WIDTH="11" VPOS="1907" HPOS="1009"/><String ID="p202_w367" CONTENT="the" HPOS="1020" VPOS="1907" WIDTH="54" HEIGHT="75" STYLEREFS="font0"/><SP WIDTH="17" VPOS="1907" HPOS="1074"/><String ID="p202_w368" CONTENT="teeth" HPOS="1091" VPOS="1907" WIDTH="92" HEIGHT="75" STYLEREFS="font0"/></TextLine><TextLine WIDTH="666" HEIGHT="75" ID="p202_t41" HPOS="152" VPOS="1953"><String ID="p202_w369" CONTENT="are" HPOS="152" VPOS="1953" WIDTH="53" HEIGHT="75" STYLEREFS="font0"/><SP WIDTH="17" VPOS="1953" HPOS="205"/><String ID="p202_w370" CONTENT="lodged," HPOS="222" VPOS="1953" WIDTH="130" HEIGHT="75" STYLEREFS="font0"/><SP WIDTH="26" VPOS="1953" HPOS="352"/><String ID="p202_w371" CONTENT="where" HPOS="378" VPOS="1953" WIDTH="106" HEIGHT="75" STYLEREFS="font0"/><SP WIDTH="20" VPOS="1953" HPOS="484"/><String ID="p202_w372" CONTENT="it" HPOS="504" VPOS="1953" WIDTH="25" HEIGHT="75" STYLEREFS="font0"/><SP WIDTH="17" VPOS="1953" HPOS="529"/><String ID="p202_w373" CONTENT="is" HPOS="546" VPOS="1953" WIDTH="26" HEIGHT="75" STYLEREFS="font0"/><SP WIDTH="19" VPOS="1953" HPOS="572"/><String ID="p202_w374" CONTENT="very" HPOS="591" VPOS="1953" WIDTH="76" HEIGHT="75" STYLEREFS="font0"/><SP WIDTH="19" VPOS="1953" HPOS="667"/><String ID="p202_w375" CONTENT="fpcngy." HPOS="686" VPOS="1953" WIDTH="132" HEIGHT="75" STYLEREFS="font0"/></TextLine><TextLine WIDTH="981" HEIGHT="75" ID="p202_t42" HPOS="199" VPOS="1998"><String ID="p202_w376" CONTENT="The" HPOS="199" VPOS="1998" WIDTH="77" HEIGHT="75" STYLEREFS="font0"/><SP WIDTH="16" VPOS="1998" HPOS="276"/><String ID="p202_w377" CONTENT="maxillary" HPOS="292" VPOS="1998" WIDTH="171" HEIGHT="75" STYLEREFS="font0"/><SP WIDTH="16" VPOS="1998" HPOS="463"/><String ID="p202_w378" CONTENT="bones" HPOS="479" VPOS="1998" WIDTH="99" HEIGHT="75" STYLEREFS="font0"/><SP WIDTH="23" VPOS="1998" HPOS="578"/><String ID="p202_w379" CONTENT="are" HPOS="601" VPOS="1998" WIDTH="53" HEIGHT="75" STYLEREFS="font0"/><SP WIDTH="24" VPOS="1998" HPOS="654"/><String ID="p202_w380" CONTENT="joined" HPOS="678" VPOS="1998" WIDTH="113" HEIGHT="75" STYLEREFS="font0"/><SP WIDTH="27" VPOS="1998" HPOS="791"/><String ID="p202_w381" CONTENT="above" HPOS="818" VPOS="1998" WIDTH="99" HEIGHT="75" STYLEREFS="font0"/><SP WIDTH="23" VPOS="1998" HPOS="917"/><String ID="p202_w382" CONTENT="by" HPOS="940" VPOS="1998" WIDTH="46" HEIGHT="75" STYLEREFS="font0"/><SP WIDTH="23" VPOS="1998" HPOS="986"/><String ID="p202_w383" CONTENT="the" HPOS="1009" VPOS="1998" WIDTH="55" HEIGHT="75" STYLEREFS="font0"/><SP WIDTH="16" VPOS="1998" HPOS="1064"/><String ID="p202_w384" CONTENT="upper" HPOS="1080" VPOS="1998" WIDTH="100" HEIGHT="75" STYLEREFS="font0"/></TextLine><TextLine WIDTH="1028" HEIGHT="75" ID="p202_t43" HPOS="153" VPOS="2045"><String ID="p202_w385" CONTENT="ends" HPOS="153" VPOS="2045" WIDTH="77" HEIGHT="75" STYLEREFS="font0"/><SP WIDTH="18" VPOS="2045" HPOS="230"/><String ID="p202_w386" CONTENT="of" HPOS="248" VPOS="2045" WIDTH="39" HEIGHT="75" STYLEREFS="font0"/><SP WIDTH="11" VPOS="2045" HPOS="287"/><String ID="p202_w387" CONTENT="their" HPOS="298" VPOS="2045" WIDTH="85" HEIGHT="75" STYLEREFS="font0"/><SP WIDTH="23" VPOS="2045" HPOS="383"/><String ID="p202_w388" CONTENT="nafal" HPOS="406" VPOS="2045" WIDTH="84" HEIGHT="75" STYLEREFS="font0"/><SP WIDTH="27" VPOS="2045" HPOS="490"/><String ID="p202_w389" CONTENT="procefles" HPOS="517" VPOS="2045" WIDTH="153" HEIGHT="75" STYLEREFS="font0"/><SP WIDTH="28" VPOS="2045" HPOS="670"/><String ID="p202_w390" CONTENT="to" HPOS="698" VPOS="2045" WIDTH="35" HEIGHT="75" STYLEREFS="font0"/><SP WIDTH="27" VPOS="2045" HPOS="733"/><String ID="p202_w391" CONTENT="the" HPOS="760" VPOS="2045" WIDTH="55" HEIGHT="75" STYLEREFS="font0"/><SP WIDTH="23" VPOS="2045" HPOS="815"/><String ID="p202_w392" CONTENT="os" HPOS="838" VPOS="2045" WIDTH="36" HEIGHT="75" STYLEREFS="font0"/><SP WIDTH="25" VPOS="2045" HPOS="874"/><String ID="p202_w393" CONTENT="fronds," HPOS="899" VPOS="2045" WIDTH="130" HEIGHT="75" STYLEREFS="font0"/><SP WIDTH="24" VPOS="2045" HPOS="1029"/><String ID="p202_w394" CONTENT="by" HPOS="1053" VPOS="2045" WIDTH="44" HEIGHT="75" STYLEREFS="font0"/><SP WIDTH="27" VPOS="2045" HPOS="1097"/><String ID="p202_w395" CONTENT="the" HPOS="1124" VPOS="2045" WIDTH="57" HEIGHT="75" STYLEREFS="font0"/></TextLine><TextLine WIDTH="1028" HEIGHT="75" ID="p202_t44" HPOS="153" VPOS="2090"><String ID="p202_w396" CONTENT="tranfverfe" HPOS="153" VPOS="2090" WIDTH="172" HEIGHT="75" STYLEREFS="font0"/><SP WIDTH="16" VPOS="2090" HPOS="325"/><String ID="p202_w397" CONTENT="future;—at" HPOS="341" VPOS="2090" WIDTH="212" HEIGHT="75" STYLEREFS="font0"/><SP WIDTH="16" VPOS="2090" HPOS="553"/><String ID="p202_w398" CONTENT="the" HPOS="569" VPOS="2090" WIDTH="56" HEIGHT="75" STYLEREFS="font0"/><SP WIDTH="17" VPOS="2090" HPOS="625"/><String ID="p202_w399" CONTENT="fides" HPOS="642" VPOS="2090" WIDTH="79" HEIGHT="75" STYLEREFS="font0"/><SP WIDTH="17" VPOS="2090" HPOS="721"/><String ID="p202_w400" CONTENT="of" HPOS="738" VPOS="2090" WIDTH="40" HEIGHT="75" STYLEREFS="font0"/><SP WIDTH="10" VPOS="2090" HPOS="778"/><String ID="p202_w401" CONTENT="thefe" HPOS="788" VPOS="2090" WIDTH="88" HEIGHT="75" STYLEREFS="font0"/><SP WIDTH="12" VPOS="2090" HPOS="876"/><String ID="p202_w402" CONTENT="procefl’es," HPOS="888" VPOS="2090" WIDTH="168" HEIGHT="75" STYLEREFS="font0"/><SP WIDTH="17" VPOS="2090" HPOS="1056"/><String ID="p202_w403" CONTENT="to" HPOS="1073" VPOS="2090" WIDTH="35" HEIGHT="75" STYLEREFS="font0"/><SP WIDTH="16" VPOS="2090" HPOS="1108"/><String ID="p202_w404" CONTENT="the" HPOS="1124" VPOS="2090" WIDTH="57" HEIGHT="75" STYLEREFS="font0"/></TextLine><TextLine WIDTH="1026" HEIGHT="75" ID="p202_t45" HPOS="154" VPOS="2138"><String ID="p202_w405" CONTENT="ofla" HPOS="154" VPOS="2138" WIDTH="63" HEIGHT="75" STYLEREFS="font0"/><SP WIDTH="15" VPOS="2138" HPOS="217"/><String ID="p202_w406" CONTENT="unguis," HPOS="232" VPOS="2138" WIDTH="129" HEIGHT="75" STYLEREFS="font0"/><SP WIDTH="15" VPOS="2138" HPOS="361"/><String ID="p202_w407" CONTENT="by" HPOS="376" VPOS="2138" WIDTH="44" HEIGHT="75" STYLEREFS="font0"/><SP WIDTH="11" VPOS="2138" HPOS="420"/><String ID="p202_w408" CONTENT="the" HPOS="431" VPOS="2138" WIDTH="56" HEIGHT="75" STYLEREFS="font0"/><SP WIDTH="15" VPOS="2138" HPOS="487"/><String ID="p202_w409" CONTENT="lacrymal" HPOS="502" VPOS="2138" WIDTH="153" HEIGHT="75" STYLEREFS="font0"/><SP WIDTH="16" VPOS="2138" HPOS="655"/><String ID="p202_w410" CONTENT="futuresto" HPOS="671" VPOS="2138" WIDTH="219" HEIGHT="75" STYLEREFS="font0"/><SP WIDTH="12" VPOS="2138" HPOS="890"/><String ID="p202_w411" CONTENT="the" HPOS="902" VPOS="2138" WIDTH="55" HEIGHT="75" STYLEREFS="font0"/><SP WIDTH="17" VPOS="2138" HPOS="957"/><String ID="p202_w412" CONTENT="nafal" HPOS="974" VPOS="2138" WIDTH="83" HEIGHT="75" STYLEREFS="font0"/><SP WIDTH="13" VPOS="2138" HPOS="1057"/><String ID="p202_w413" CONTENT="bones," HPOS="1070" VPOS="2138" WIDTH="110" HEIGHT="75" STYLEREFS="font0"/></TextLine><TextLine WIDTH="1026" HEIGHT="75" ID="p202_t46" HPOS="153" VPOS="2186"><String ID="p202_w414" CONTENT="by" HPOS="153" VPOS="2186" WIDTH="43" HEIGHT="75" STYLEREFS="font0"/><SP WIDTH="17" VPOS="2186" HPOS="196"/><String ID="p202_w415" CONTENT="the" HPOS="213" VPOS="2186" WIDTH="55" HEIGHT="75" STYLEREFS="font0"/><SP WIDTH="14" VPOS="2186" HPOS="268"/><String ID="p202_w416" CONTENT="lateral" HPOS="282" VPOS="2186" WIDTH="113" HEIGHT="75" STYLEREFS="font0"/><SP WIDTH="17" VPOS="2186" HPOS="395"/><String ID="p202_w417" CONTENT="nafal" HPOS="412" VPOS="2186" WIDTH="85" HEIGHT="75" STYLEREFS="font0"/><SP WIDTH="16" VPOS="2186" HPOS="497"/><String ID="p202_w418" CONTENT="futures;—by" HPOS="513" VPOS="2186" WIDTH="237" HEIGHT="75" STYLEREFS="font0"/><SP WIDTH="23" VPOS="2186" HPOS="750"/><String ID="p202_w419" CONTENT="their" HPOS="773" VPOS="2186" WIDTH="85" HEIGHT="75" STYLEREFS="font0"/><SP WIDTH="16" VPOS="2186" HPOS="858"/><String ID="p202_w420" CONTENT="orbitar" HPOS="874" VPOS="2186" WIDTH="121" HEIGHT="75" STYLEREFS="font0"/><SP WIDTH="17" VPOS="2186" HPOS="995"/><String ID="p202_w421" CONTENT="procefies," HPOS="1012" VPOS="2186" WIDTH="167" HEIGHT="75" STYLEREFS="font0"/></TextLine><TextLine WIDTH="1028" HEIGHT="75" ID="p202_t47" HPOS="153" VPOS="2232"><String ID="p202_w422" CONTENT="to" HPOS="153" VPOS="2232" WIDTH="36" HEIGHT="75" STYLEREFS="font0"/><SP WIDTH="16" VPOS="2232" HPOS="189"/><String ID="p202_w423" CONTENT="the" HPOS="205" VPOS="2232" WIDTH="55" HEIGHT="75" STYLEREFS="font0"/><SP WIDTH="18" VPOS="2232" HPOS="260"/><String ID="p202_w424" CONTENT="cheek-bones," HPOS="278" VPOS="2232" WIDTH="227" HEIGHT="75" STYLEREFS="font0"/><SP WIDTH="24" VPOS="2232" HPOS="505"/><String ID="p202_w425" CONTENT="by" HPOS="529" VPOS="2232" WIDTH="44" HEIGHT="75" STYLEREFS="font0"/><SP WIDTH="16" VPOS="2232" HPOS="573"/><String ID="p202_w426" CONTENT="the" HPOS="589" VPOS="2232" WIDTH="55" HEIGHT="75" STYLEREFS="font0"/><SP WIDTH="25" VPOS="2232" HPOS="644"/><String ID="p202_w427" CONTENT="external" HPOS="669" VPOS="2232" WIDTH="144" HEIGHT="75" STYLEREFS="font0"/><SP WIDTH="26" VPOS="2232" HPOS="813"/><String ID="p202_w428" CONTENT="orbitar" HPOS="839" VPOS="2232" WIDTH="122" HEIGHT="75" STYLEREFS="font0"/><SP WIDTH="22" VPOS="2232" HPOS="961"/><String ID="p202_w429" CONTENT="futures;—" HPOS="983" VPOS="2232" WIDTH="198" HEIGHT="75" STYLEREFS="font0"/></TextLine><TextLine WIDTH="1028" HEIGHT="75" ID="p202_t48" HPOS="153" VPOS="2279"><String ID="p202_w430" CONTENT="by" HPOS="153" VPOS="2279" WIDTH="44" HEIGHT="75" STYLEREFS="font0"/><SP WIDTH="15" VPOS="2279" HPOS="197"/><String ID="p202_w431" CONTENT="the" HPOS="212" VPOS="2279" WIDTH="56" HEIGHT="75" STYLEREFS="font0"/><SP WIDTH="16" VPOS="2279" HPOS="268"/><String ID="p202_w432" CONTENT="internal" HPOS="284" VPOS="2279" WIDTH="136" HEIGHT="75" STYLEREFS="font0"/><SP WIDTH="18" VPOS="2279" HPOS="420"/><String ID="p202_w433" CONTENT="fides" HPOS="438" VPOS="2279" WIDTH="78" HEIGHT="75" STYLEREFS="font0"/><SP WIDTH="16" VPOS="2279" HPOS="516"/><String ID="p202_w434" CONTENT="of" HPOS="532" VPOS="2279" WIDTH="42" HEIGHT="75" STYLEREFS="font0"/><SP WIDTH="18" VPOS="2279" HPOS="574"/><String ID="p202_w435" CONTENT="the" HPOS="592" VPOS="2279" WIDTH="55" HEIGHT="75" STYLEREFS="font0"/><SP WIDTH="16" VPOS="2279" HPOS="647"/><String ID="p202_w436" CONTENT="internal" HPOS="663" VPOS="2279" WIDTH="134" HEIGHT="75" STYLEREFS="font0"/><SP WIDTH="17" VPOS="2279" HPOS="797"/><String ID="p202_w437" CONTENT="orbitar" HPOS="814" VPOS="2279" WIDTH="121" HEIGHT="75" STYLEREFS="font0"/><SP WIDTH="16" VPOS="2279" HPOS="935"/><String ID="p202_w438" CONTENT="proceffes," HPOS="951" VPOS="2279" WIDTH="169" HEIGHT="75" STYLEREFS="font0"/><SP WIDTH="25" VPOS="2279" HPOS="1120"/><String ID="p202_w439" CONTENT="to" HPOS="1145" VPOS="2279" WIDTH="36" HEIGHT="75" STYLEREFS="font0"/></TextLine><TextLine WIDTH="1026" HEIGHT="75" ID="p202_t49" HPOS="154" VPOS="2324"><String ID="p202_w440" CONTENT="the" HPOS="154" VPOS="2324" WIDTH="55" HEIGHT="75" STYLEREFS="font0"/><SP WIDTH="24" VPOS="2324" HPOS="209"/><String ID="p202_w441" CONTENT="ofla" HPOS="233" VPOS="2324" WIDTH="64" HEIGHT="75" STYLEREFS="font0"/><SP WIDTH="25" VPOS="2324" HPOS="297"/><String ID="p202_w442" CONTENT="plana," HPOS="322" VPOS="2324" WIDTH="108" HEIGHT="75" STYLEREFS="font0"/><SP WIDTH="23" VPOS="2324" HPOS="430"/><String ID="p202_w443" CONTENT="by" HPOS="453" VPOS="2324" WIDTH="45" HEIGHT="75" STYLEREFS="font0"/><SP WIDTH="26" VPOS="2324" HPOS="498"/><String ID="p202_w444" CONTENT="part" HPOS="524" VPOS="2324" WIDTH="72" HEIGHT="75" STYLEREFS="font0"/><SP WIDTH="27" VPOS="2324" HPOS="596"/><String ID="p202_w445" CONTENT="of" HPOS="623" VPOS="2324" WIDTH="40" HEIGHT="75" STYLEREFS="font0"/><SP WIDTH="17" VPOS="2324" HPOS="663"/><String ID="p202_w446" CONTENT="the" HPOS="680" VPOS="2324" WIDTH="56" HEIGHT="75" STYLEREFS="font0"/><SP WIDTH="24" VPOS="2324" HPOS="736"/><String ID="p202_w447" CONTENT="ethmoidal" HPOS="760" VPOS="2324" WIDTH="174" HEIGHT="75" STYLEREFS="font0"/><SP WIDTH="23" VPOS="2324" HPOS="934"/><String ID="p202_w448" CONTENT="future;—by" HPOS="957" VPOS="2324" WIDTH="223" HEIGHT="75" STYLEREFS="font0"/></TextLine><TextLine WIDTH="1024" HEIGHT="75" ID="p202_t50" HPOS="155" VPOS="2370"><String ID="p202_w449" CONTENT="the" HPOS="155" VPOS="2370" WIDTH="56" HEIGHT="75" STYLEREFS="font0"/><SP WIDTH="23" VPOS="2370" HPOS="211"/><String ID="p202_w450" CONTENT="back-part" HPOS="234" VPOS="2370" WIDTH="169" HEIGHT="75" STYLEREFS="font0"/><SP WIDTH="25" VPOS="2370" HPOS="403"/><String ID="p202_w451" CONTENT="of" HPOS="428" VPOS="2370" WIDTH="40" HEIGHT="75" STYLEREFS="font0"/><SP WIDTH="25" VPOS="2370" HPOS="468"/><String ID="p202_w452" CONTENT="the" HPOS="493" VPOS="2370" WIDTH="56" HEIGHT="75" STYLEREFS="font0"/><SP WIDTH="24" VPOS="2370" HPOS="549"/><String ID="p202_w453" CONTENT="tuberofities," HPOS="573" VPOS="2370" WIDTH="209" HEIGHT="75" STYLEREFS="font0"/><SP WIDTH="27" VPOS="2370" HPOS="782"/><String ID="p202_w454" CONTENT="to" HPOS="809" VPOS="2370" WIDTH="34" HEIGHT="75" STYLEREFS="font0"/><SP WIDTH="17" VPOS="2370" HPOS="843"/><String ID="p202_w455" CONTENT="the" HPOS="860" VPOS="2370" WIDTH="55" HEIGHT="75" STYLEREFS="font0"/><SP WIDTH="23" VPOS="2370" HPOS="915"/><String ID="p202_w456" CONTENT="palate" HPOS="938" VPOS="2370" WIDTH="104" HEIGHT="75" STYLEREFS="font0"/><SP WIDTH="24" VPOS="2370" HPOS="1042"/><String ID="p202_w457" CONTENT="bones," HPOS="1066" VPOS="2370" WIDTH="113" HEIGHT="75" STYLEREFS="font0"/></TextLine><TextLine WIDTH="1026" HEIGHT="75" ID="p202_t51" HPOS="154" VPOS="2417"><String ID="p202_w458" CONTENT="by" HPOS="154" VPOS="2417" WIDTH="44" HEIGHT="75" STYLEREFS="font0"/><SP WIDTH="16" VPOS="2417" HPOS="198"/><String ID="p202_w459" CONTENT="the" HPOS="214" VPOS="2417" WIDTH="55" HEIGHT="75" STYLEREFS="font0"/><SP WIDTH="16" VPOS="2417" HPOS="269"/><String ID="p202_w460" CONTENT="futuras" HPOS="285" VPOS="2417" WIDTH="114" HEIGHT="75" STYLEREFS="font0"/><SP WIDTH="16" VPOS="2417" HPOS="399"/><String ID="p202_w461" CONTENT="palato-maxillares;—by" HPOS="415" VPOS="2417" WIDTH="422" HEIGHT="75" STYLEREFS="font0"/><SP WIDTH="9" VPOS="2417" HPOS="837"/><String ID="p202_w462" CONTENT="the" HPOS="846" VPOS="2417" WIDTH="55" HEIGHT="75" STYLEREFS="font0"/><SP WIDTH="15" VPOS="2417" HPOS="901"/><String ID="p202_w463" CONTENT="pofferior" HPOS="916" VPOS="2417" WIDTH="152" HEIGHT="75" STYLEREFS="font0"/><SP WIDTH="16" VPOS="2417" HPOS="1068"/><String ID="p202_w464" CONTENT="edges" HPOS="1084" VPOS="2417" WIDTH="96" HEIGHT="75" STYLEREFS="font0"/></TextLine><TextLine WIDTH="1024" HEIGHT="75" ID="p202_t52" HPOS="156" VPOS="2463"><String ID="p202_w465" CONTENT="of" HPOS="156" VPOS="2463" WIDTH="39" HEIGHT="75" STYLEREFS="font0"/><SP WIDTH="15" VPOS="2463" HPOS="195"/><String ID="p202_w466" CONTENT="their" HPOS="210" VPOS="2463" WIDTH="86" HEIGHT="75" STYLEREFS="font0"/><SP WIDTH="24" VPOS="2463" HPOS="296"/><String ID="p202_w467" CONTENT="palatine" HPOS="320" VPOS="2463" WIDTH="138" HEIGHT="75" STYLEREFS="font0"/><SP WIDTH="28" VPOS="2463" HPOS="458"/><String ID="p202_w468" CONTENT="lamella;," HPOS="486" VPOS="2463" WIDTH="147" HEIGHT="75" STYLEREFS="font0"/><SP WIDTH="37" VPOS="2463" HPOS="633"/><String ID="p202_w469" CONTENT="to" HPOS="670" VPOS="2463" WIDTH="35" HEIGHT="75" STYLEREFS="font0"/><SP WIDTH="27" VPOS="2463" HPOS="705"/><String ID="p202_w470" CONTENT="the" HPOS="732" VPOS="2463" WIDTH="56" HEIGHT="75" STYLEREFS="font0"/><SP WIDTH="31" VPOS="2463" HPOS="788"/><String ID="p202_w471" CONTENT="offa" HPOS="819" VPOS="2463" WIDTH="65" HEIGHT="75" STYLEREFS="font0"/><SP WIDTH="25" VPOS="2463" HPOS="884"/><String ID="p202_w472" CONTENT="palati," HPOS="909" VPOS="2463" WIDTH="110" HEIGHT="75" STYLEREFS="font0"/><SP WIDTH="33" VPOS="2463" HPOS="1019"/><String ID="p202_w473" CONTENT="by" HPOS="1052" VPOS="2463" WIDTH="43" HEIGHT="75" STYLEREFS="font0"/><SP WIDTH="27" VPOS="2463" HPOS="1095"/><String ID="p202_w474" CONTENT="the" HPOS="1122" VPOS="2463" WIDTH="58" HEIGHT="75" STYLEREFS="font0"/></TextLine><TextLine WIDTH="1024" HEIGHT="75" ID="p202_t53" HPOS="154" VPOS="2508"><String ID="p202_w475" CONTENT="tranfverfe" HPOS="154" VPOS="2508" WIDTH="172" HEIGHT="75" STYLEREFS="font0"/><SP WIDTH="27" VPOS="2508" HPOS="326"/><String ID="p202_w476" CONTENT="palate-future;—by" HPOS="353" VPOS="2508" WIDTH="343" HEIGHT="75" STYLEREFS="font0"/><SP WIDTH="16" VPOS="2508" HPOS="696"/><String ID="p202_w477" CONTENT="their" HPOS="712" VPOS="2508" WIDTH="85" HEIGHT="75" STYLEREFS="font0"/><SP WIDTH="25" VPOS="2508" HPOS="797"/><String ID="p202_w478" CONTENT="nafal" HPOS="822" VPOS="2508" WIDTH="83" HEIGHT="75" STYLEREFS="font0"/><SP WIDTH="17" VPOS="2508" HPOS="905"/><String ID="p202_w479" CONTENT="fpines," HPOS="922" VPOS="2508" WIDTH="113" HEIGHT="75" STYLEREFS="font0"/><SP WIDTH="25" VPOS="2508" HPOS="1035"/><String ID="p202_w480" CONTENT="to" HPOS="1060" VPOS="2508" WIDTH="35" HEIGHT="75" STYLEREFS="font0"/><SP WIDTH="28" VPOS="2508" HPOS="1095"/><String ID="p202_w481" CONTENT="the" HPOS="1123" VPOS="2508" WIDTH="55" HEIGHT="75" STYLEREFS="font0"/></TextLine><TextLine WIDTH="1026" HEIGHT="75" ID="p202_t54" HPOS="154" VPOS="2554"><String ID="p202_w482" CONTENT="vomer," HPOS="154" VPOS="2554" WIDTH="123" HEIGHT="75" STYLEREFS="font0"/><SP WIDTH="24" VPOS="2554" HPOS="277"/><String ID="p202_w483" CONTENT="by" HPOS="301" VPOS="2554" WIDTH="44" HEIGHT="75" STYLEREFS="font0"/><SP WIDTH="17" VPOS="2554" HPOS="345"/><String ID="p202_w484" CONTENT="the" HPOS="362" VPOS="2554" WIDTH="55" HEIGHT="75" STYLEREFS="font0"/><SP WIDTH="15" VPOS="2554" HPOS="417"/><String ID="p202_w485" CONTENT="fpinous" HPOS="432" VPOS="2554" WIDTH="126" HEIGHT="75" STYLEREFS="font0"/><SP WIDTH="15" VPOS="2554" HPOS="558"/><String ID="p202_w486" CONTENT="future;—by" HPOS="573" VPOS="2554" WIDTH="220" HEIGHT="75" STYLEREFS="font0"/><SP WIDTH="18" VPOS="2554" HPOS="793"/><String ID="p202_w487" CONTENT="their" HPOS="811" VPOS="2554" WIDTH="83" HEIGHT="75" STYLEREFS="font0"/><SP WIDTH="16" VPOS="2554" HPOS="894"/><String ID="p202_w488" CONTENT="fockets," HPOS="910" VPOS="2554" WIDTH="137" HEIGHT="75" STYLEREFS="font0"/><SP WIDTH="25" VPOS="2554" HPOS="1047"/><String ID="p202_w489" CONTENT="to" HPOS="1072" VPOS="2554" WIDTH="35" HEIGHT="75" STYLEREFS="font0"/><SP WIDTH="17" VPOS="2554" HPOS="1107"/><String ID="p202_w490" CONTENT="the" HPOS="1124" VPOS="2554" WIDTH="56" HEIGHT="75" STYLEREFS="font0"/></TextLine><TextLine WIDTH="1023" HEIGHT="75" ID="p202_t55" HPOS="155" VPOS="2601"><String ID="p202_w491" CONTENT="teeth" HPOS="155" VPOS="2601" WIDTH="88" HEIGHT="75" STYLEREFS="font0"/><SP WIDTH="16" VPOS="2601" HPOS="243"/><String ID="p202_w492" CONTENT="by" HPOS="259" VPOS="2601" WIDTH="44" HEIGHT="75" STYLEREFS="font0"/><SP WIDTH="15" VPOS="2601" HPOS="303"/><String ID="p202_w493" CONTENT="gomphofis" HPOS="318" VPOS="2601" WIDTH="178" HEIGHT="75" STYLEREFS="font0"/><SP WIDTH="12" VPOS="2601" HPOS="496"/><String ID="p202_w494" CONTENT=";—by" HPOS="508" VPOS="2601" WIDTH="103" HEIGHT="75" STYLEREFS="font0"/><SP WIDTH="17" VPOS="2601" HPOS="611"/><String ID="p202_w495" CONTENT="the" HPOS="628" VPOS="2601" WIDTH="55" HEIGHT="75" STYLEREFS="font0"/><SP WIDTH="15" VPOS="2601" HPOS="683"/><String ID="p202_w496" CONTENT="internal" HPOS="698" VPOS="2601" WIDTH="137" HEIGHT="75" STYLEREFS="font0"/><SP WIDTH="10" VPOS="2601" HPOS="835"/><String ID="p202_w497" CONTENT="edge" HPOS="845" VPOS="2601" WIDTH="81" HEIGHT="75" STYLEREFS="font0"/><SP WIDTH="12" VPOS="2601" HPOS="926"/><String ID="p202_w498" CONTENT="of" HPOS="938" VPOS="2601" WIDTH="40" HEIGHT="75" STYLEREFS="font0"/><SP WIDTH="11" VPOS="2601" HPOS="978"/><String ID="p202_w499" CONTENT="the" HPOS="989" VPOS="2601" WIDTH="55" HEIGHT="75" STYLEREFS="font0"/><SP WIDTH="12" VPOS="2601" HPOS="1044"/><String ID="p202_w500" CONTENT="palate-" HPOS="1056" VPOS="2601" WIDTH="122" HEIGHT="75" STYLEREFS="font0"/></TextLine><TextLine WIDTH="1023" HEIGHT="75" ID="p202_t56" HPOS="154" VPOS="2648"><String ID="p202_w501" CONTENT="plate," HPOS="154" VPOS="2648" WIDTH="98" HEIGHT="75" STYLEREFS="font0"/><SP WIDTH="24" VPOS="2648" HPOS="252"/><String ID="p202_w502" CONTENT="to" HPOS="276" VPOS="2648" WIDTH="35" HEIGHT="75" STYLEREFS="font0"/><SP WIDTH="16" VPOS="2648" HPOS="311"/><String ID="p202_w503" CONTENT="one" HPOS="327" VPOS="2648" WIDTH="60" HEIGHT="75" STYLEREFS="font0"/><SP WIDTH="15" VPOS="2648" HPOS="387"/><String ID="p202_w504" CONTENT="another," HPOS="402" VPOS="2648" WIDTH="148" HEIGHT="75" STYLEREFS="font0"/><SP WIDTH="23" VPOS="2648" HPOS="550"/><String ID="p202_w505" CONTENT="by" HPOS="573" VPOS="2648" WIDTH="45" HEIGHT="75" STYLEREFS="font0"/><SP WIDTH="15" VPOS="2648" HPOS="618"/><String ID="p202_w506" CONTENT="the" HPOS="633" VPOS="2648" WIDTH="55" HEIGHT="75" STYLEREFS="font0"/><SP WIDTH="12" VPOS="2648" HPOS="688"/><String ID="p202_w507" CONTENT="longitudinal" HPOS="700" VPOS="2648" WIDTH="211" HEIGHT="75" STYLEREFS="font0"/><SP WIDTH="16" VPOS="2648" HPOS="911"/><String ID="p202_w508" CONTENT="palate-future" HPOS="927" VPOS="2648" WIDTH="227" HEIGHT="75" STYLEREFS="font0"/><SP WIDTH="13" VPOS="2648" HPOS="1154"/><String ID="p202_w509" CONTENT=";" HPOS="1167" VPOS="2648" WIDTH="10" HEIGHT="75" STYLEREFS="font0"/></TextLine><TextLine WIDTH="1023" HEIGHT="75" ID="p202_t57" HPOS="157" VPOS="2695"><String ID="p202_w510" CONTENT="on" HPOS="157" VPOS="2695" WIDTH="41" HEIGHT="75" STYLEREFS="font0"/><SP WIDTH="16" VPOS="2695" HPOS="198"/><String ID="p202_w511" CONTENT="the" HPOS="214" VPOS="2695" WIDTH="55" HEIGHT="75" STYLEREFS="font0"/><SP WIDTH="15" VPOS="2695" HPOS="269"/><String ID="p202_w512" CONTENT="upper" HPOS="284" VPOS="2695" WIDTH="100" HEIGHT="75" STYLEREFS="font0"/><SP WIDTH="20" VPOS="2695" HPOS="384"/><String ID="p202_w513" CONTENT="and" HPOS="404" VPOS="2695" WIDTH="62" HEIGHT="75" STYLEREFS="font0"/><SP WIDTH="15" VPOS="2695" HPOS="466"/><String ID="p202_w514" CONTENT="fore-part" HPOS="481" VPOS="2695" WIDTH="157" HEIGHT="75" STYLEREFS="font0"/><SP WIDTH="21" VPOS="2695" HPOS="638"/><String ID="p202_w515" CONTENT="of" HPOS="659" VPOS="2695" WIDTH="39" HEIGHT="75" STYLEREFS="font0"/><SP WIDTH="16" VPOS="2695" HPOS="698"/><String ID="p202_w516" CONTENT="which" HPOS="714" VPOS="2695" WIDTH="106" HEIGHT="75" STYLEREFS="font0"/><SP WIDTH="17" VPOS="2695" HPOS="820"/><String ID="p202_w517" CONTENT="a" HPOS="837" VPOS="2695" WIDTH="19" HEIGHT="75" STYLEREFS="font0"/><SP WIDTH="15" VPOS="2695" HPOS="856"/><String ID="p202_w518" CONTENT="furrow" HPOS="871" VPOS="2695" WIDTH="121" HEIGHT="75" STYLEREFS="font0"/><SP WIDTH="17" VPOS="2695" HPOS="992"/><String ID="p202_w519" CONTENT="is" HPOS="1009" VPOS="2695" WIDTH="28" HEIGHT="75" STYLEREFS="font0"/><SP WIDTH="14" VPOS="2695" HPOS="1037"/><String ID="p202_w520" CONTENT="left" HPOS="1051" VPOS="2695" WIDTH="61" HEIGHT="75" STYLEREFS="font0"/><SP WIDTH="15" VPOS="2695" HPOS="1112"/><String ID="p202_w521" CONTENT="for" HPOS="1127" VPOS="2695" WIDTH="53" HEIGHT="75" STYLEREFS="font0"/></TextLine><TextLine WIDTH="1026" HEIGHT="75" ID="p202_t58" HPOS="156" VPOS="2738"><String ID="p202_w522" CONTENT="receiving" HPOS="156" VPOS="2738" WIDTH="159" HEIGHT="75" STYLEREFS="font0"/><SP WIDTH="15" VPOS="2738" HPOS="315"/><String ID="p202_w523" CONTENT="the" HPOS="330" VPOS="2738" WIDTH="56" HEIGHT="75" STYLEREFS="font0"/><SP WIDTH="16" VPOS="2738" HPOS="386"/><String ID="p202_w524" CONTENT="cartilage" HPOS="402" VPOS="2738" WIDTH="152" HEIGHT="75" STYLEREFS="font0"/><SP WIDTH="16" VPOS="2738" HPOS="554"/><String ID="p202_w525" CONTENT="which" HPOS="570" VPOS="2738" WIDTH="106" HEIGHT="75" STYLEREFS="font0"/><SP WIDTH="17" VPOS="2738" HPOS="676"/><String ID="p202_w526" CONTENT="forms" HPOS="693" VPOS="2738" WIDTH="100" HEIGHT="75" STYLEREFS="font0"/><SP WIDTH="16" VPOS="2738" HPOS="793"/><String ID="p202_w527" CONTENT="the" HPOS="809" VPOS="2738" WIDTH="55" HEIGHT="75" STYLEREFS="font0"/><SP WIDTH="24" VPOS="2738" HPOS="864"/><String ID="p202_w528" CONTENT="partition" HPOS="888" VPOS="2738" WIDTH="153" HEIGHT="75" STYLEREFS="font0"/><SP WIDTH="23" VPOS="2738" HPOS="1041"/><String ID="p202_w529" CONTENT="of" HPOS="1064" VPOS="2738" WIDTH="40" HEIGHT="75" STYLEREFS="font0"/><SP WIDTH="21" VPOS="2738" HPOS="1104"/><String ID="p202_w530" CONTENT="the" HPOS="1125" VPOS="2738" WIDTH="57" HEIGHT="75" STYLEREFS="font0"/></TextLine><TextLine WIDTH="1025" HEIGHT="75" ID="p202_t59" HPOS="156" VPOS="2787"><String ID="p202_w531" CONTENT="noftrils;" HPOS="156" VPOS="2787" WIDTH="145" HEIGHT="75" STYLEREFS="font0"/><SP WIDTH="11" VPOS="2787" HPOS="301"/><String ID="p202_w532" CONTENT="-—" HPOS="312" VPOS="2787" WIDTH="47" HEIGHT="75" STYLEREFS="font0"/><SP WIDTH="10" VPOS="2787" HPOS="359"/><String ID="p202_w533" CONTENT="between" HPOS="369" VPOS="2787" WIDTH="144" HEIGHT="75" STYLEREFS="font0"/><SP WIDTH="27" VPOS="2787" HPOS="513"/><String ID="p202_w534" CONTENT="the" HPOS="540" VPOS="2787" WIDTH="57" HEIGHT="75" STYLEREFS="font0"/><SP WIDTH="24" VPOS="2787" HPOS="597"/><String ID="p202_w535" CONTENT="fore-part" HPOS="621" VPOS="2787" WIDTH="159" HEIGHT="75" STYLEREFS="font0"/><SP WIDTH="27" VPOS="2787" HPOS="780"/><String ID="p202_w536" CONTENT="of" HPOS="807" VPOS="2787" WIDTH="41" HEIGHT="75" STYLEREFS="font0"/><SP WIDTH="26" VPOS="2787" HPOS="848"/><String ID="p202_w537" CONTENT="the" HPOS="874" VPOS="2787" WIDTH="55" HEIGHT="75" STYLEREFS="font0"/><SP WIDTH="31" VPOS="2787" HPOS="929"/><String ID="p202_w538" CONTENT="noftrils" HPOS="960" VPOS="2787" WIDTH="124" HEIGHT="75" STYLEREFS="font0"/><SP WIDTH="34" VPOS="2787" HPOS="1084"/><String ID="p202_w539" CONTENT="and" HPOS="1118" VPOS="2787" WIDTH="63" HEIGHT="75" STYLEREFS="font0"/></TextLine><TextLine WIDTH="1024" HEIGHT="75" ID="p202_t60" HPOS="158" VPOS="2833"><String ID="p202_w540" CONTENT="mouth," HPOS="158" VPOS="2833" WIDTH="124" HEIGHT="75" STYLEREFS="font0"/><SP WIDTH="34" VPOS="2833" HPOS="282"/><String ID="p202_w541" CONTENT="to" HPOS="316" VPOS="2833" WIDTH="35" HEIGHT="75" STYLEREFS="font0"/><SP WIDTH="27" VPOS="2833" HPOS="351"/><String ID="p202_w542" CONTENT="each" HPOS="378" VPOS="2833" WIDTH="77" HEIGHT="75" STYLEREFS="font0"/><SP WIDTH="34" VPOS="2833" HPOS="455"/><String ID="p202_w543" CONTENT="other," HPOS="489" VPOS="2833" WIDTH="107" HEIGHT="75" STYLEREFS="font0"/><SP WIDTH="36" VPOS="2833" HPOS="596"/><String ID="p202_w544" CONTENT="by" HPOS="632" VPOS="2833" WIDTH="44" HEIGHT="75" STYLEREFS="font0"/><SP WIDTH="27" VPOS="2833" HPOS="676"/><String ID="p202_w545" CONTENT="the" HPOS="703" VPOS="2833" WIDTH="56" HEIGHT="75" STYLEREFS="font0"/><SP WIDTH="28" VPOS="2833" HPOS="759"/><String ID="p202_w546" CONTENT="myftachial" HPOS="787" VPOS="2833" WIDTH="185" HEIGHT="75" STYLEREFS="font0"/><SP WIDTH="27" VPOS="2833" HPOS="972"/><String ID="p202_w547" CONTENT="future;" HPOS="999" VPOS="2833" WIDTH="126" HEIGHT="75" STYLEREFS="font0"/><SP WIDTH="8" VPOS="2833" HPOS="1125"/><String ID="p202_w548" CONTENT="—" HPOS="1133" VPOS="2833" WIDTH="49" HEIGHT="75" STYLEREFS="font0"/></TextLine><TextLine WIDTH="1022" HEIGHT="75" ID="p202_t61" HPOS="158" VPOS="2877"><String ID="p202_w549" CONTENT="fametimes" HPOS="158" VPOS="2877" WIDTH="177" HEIGHT="75" STYLEREFS="font0"/><SP WIDTH="17" VPOS="2877" HPOS="335"/><String ID="p202_w550" CONTENT="they" HPOS="352" VPOS="2877" WIDTH="77" HEIGHT="75" STYLEREFS="font0"/><SP WIDTH="16" VPOS="2877" HPOS="429"/><String ID="p202_w551" CONTENT="are" HPOS="445" VPOS="2877" WIDTH="53" HEIGHT="75" STYLEREFS="font0"/><SP WIDTH="17" VPOS="2877" HPOS="498"/><String ID="p202_w552" CONTENT="connected" HPOS="515" VPOS="2877" WIDTH="170" HEIGHT="75" STYLEREFS="font0"/><SP WIDTH="16" VPOS="2877" HPOS="685"/><String ID="p202_w553" CONTENT="to" HPOS="701" VPOS="2877" WIDTH="34" HEIGHT="75" STYLEREFS="font0"/><SP WIDTH="17" VPOS="2877" HPOS="735"/><String ID="p202_w554" CONTENT="the" HPOS="752" VPOS="2877" WIDTH="55" HEIGHT="75" STYLEREFS="font0"/><SP WIDTH="24" VPOS="2877" HPOS="807"/><String ID="p202_w555" CONTENT="offa" HPOS="831" VPOS="2877" WIDTH="64" HEIGHT="75" STYLEREFS="font0"/><SP WIDTH="20" VPOS="2877" HPOS="895"/><String ID="p202_w556" CONTENT="fpongicfa" HPOS="915" VPOS="2877" WIDTH="165" HEIGHT="75" STYLEREFS="font0"/><SP WIDTH="20" VPOS="2877" HPOS="1080"/><String ID="p202_w557" CONTENT="infe-" HPOS="1100" VPOS="2877" WIDTH="80" HEIGHT="75" STYLEREFS="font0"/></TextLine><TextLine WIDTH="903" HEIGHT="75" ID="p202_t62" HPOS="158" VPOS="2924"><String ID="p202_w558" CONTENT="riora," HPOS="158" VPOS="2924" WIDTH="95" HEIGHT="75" STYLEREFS="font0"/><SP WIDTH="25" VPOS="2924" HPOS="253"/><String ID="p202_w559" CONTENT="by" HPOS="278" VPOS="2924" WIDTH="44" HEIGHT="75" STYLEREFS="font0"/><SP WIDTH="16" VPOS="2924" HPOS="322"/><String ID="p202_w560" CONTENT="a" HPOS="338" VPOS="2924" WIDTH="18" HEIGHT="75" STYLEREFS="font0"/><SP WIDTH="16" VPOS="2924" HPOS="356"/><String ID="p202_w561" CONTENT="plain" HPOS="372" VPOS="2924" WIDTH="84" HEIGHT="75" STYLEREFS="font0"/><SP WIDTH="18" VPOS="2924" HPOS="456"/><String ID="p202_w562" CONTENT="concretion" HPOS="474" VPOS="2924" WIDTH="182" HEIGHT="75" STYLEREFS="font0"/><SP WIDTH="16" VPOS="2924" HPOS="656"/><String ID="p202_w563" CONTENT="or" HPOS="672" VPOS="2924" WIDTH="38" HEIGHT="75" STYLEREFS="font0"/><SP WIDTH="16" VPOS="2924" HPOS="710"/><String ID="p202_w564" CONTENT="union" HPOS="726" VPOS="2924" WIDTH="97" HEIGHT="75" STYLEREFS="font0"/><SP WIDTH="17" VPOS="2924" HPOS="823"/><String ID="p202_w565" CONTENT="of" HPOS="840" VPOS="2924" WIDTH="39" HEIGHT="75" STYLEREFS="font0"/><SP WIDTH="11" VPOS="2924" HPOS="879"/><String ID="p202_w566" CONTENT="fubffance." HPOS="890" VPOS="2924" WIDTH="171" HEIGHT="75" STYLEREFS="font0"/></TextLine><TextLine WIDTH="378" HEIGHT="75" ID="p202_t63" HPOS="1335" VPOS="129"><String ID="p202_w567" CONTENT="O" HPOS="1335" VPOS="129" WIDTH="39" HEIGHT="75" STYLEREFS="font0"/><SP WIDTH="119" VPOS="129" HPOS="1374"/><String ID="p202_w568" CONTENT="M" HPOS="1493" VPOS="129" WIDTH="49" HEIGHT="75" STYLEREFS="font0"/><SP WIDTH="116" VPOS="129" HPOS="1542"/><String ID="p202_w569" CONTENT="Y." HPOS="1658" VPOS="129" WIDTH="55" HEIGHT="75" STYLEREFS="font0"/></TextLine><TextLine WIDTH="149" HEIGHT="75" ID="p202_t64" HPOS="2114" VPOS="129"><String ID="p202_w570" CONTENT="Part" HPOS="2114" VPOS="129" WIDTH="102" HEIGHT="75" STYLEREFS="font0"/><SP WIDTH="16" VPOS="129" HPOS="2216"/><String ID="p202_w571" CONTENT="I." HPOS="2232" VPOS="129" WIDTH="31" HEIGHT="75" STYLEREFS="font0"/></TextLine><TextLine WIDTH="988" HEIGHT="75" ID="p202_t65" HPOS="1284" VPOS="192"><String ID="p202_w572" CONTENT="Thefe" HPOS="1284" VPOS="192" WIDTH="109" HEIGHT="75" STYLEREFS="font0"/><SP WIDTH="17" VPOS="192" HPOS="1393"/><String ID="p202_w573" CONTENT="bones" HPOS="1410" VPOS="192" WIDTH="97" HEIGHT="75" STYLEREFS="font0"/><SP WIDTH="18" VPOS="192" HPOS="1507"/><String ID="p202_w574" CONTENT="form" HPOS="1525" VPOS="192" WIDTH="85" HEIGHT="75" STYLEREFS="font0"/><SP WIDTH="15" VPOS="192" HPOS="1610"/><String ID="p202_w575" CONTENT="the" HPOS="1625" VPOS="192" WIDTH="56" HEIGHT="75" STYLEREFS="font0"/><SP WIDTH="17" VPOS="192" HPOS="1681"/><String ID="p202_w576" CONTENT="greater" HPOS="1698" VPOS="192" WIDTH="127" HEIGHT="75" STYLEREFS="font0"/><SP WIDTH="15" VPOS="192" HPOS="1825"/><String ID="p202_w577" CONTENT="part" HPOS="1840" VPOS="192" WIDTH="73" HEIGHT="75" STYLEREFS="font0"/><SP WIDTH="16" VPOS="192" HPOS="1913"/><String ID="p202_w578" CONTENT="of" HPOS="1929" VPOS="192" WIDTH="41" HEIGHT="75" STYLEREFS="font0"/><SP WIDTH="20" VPOS="192" HPOS="1970"/><String ID="p202_w579" CONTENT="the" HPOS="1990" VPOS="192" WIDTH="54" HEIGHT="75" STYLEREFS="font0"/><SP WIDTH="17" VPOS="192" HPOS="2044"/><String ID="p202_w580" CONTENT="nofe" HPOS="2061" VPOS="192" WIDTH="72" HEIGHT="75" STYLEREFS="font0"/><SP WIDTH="19" VPOS="192" HPOS="2133"/><String ID="p202_w581" CONTENT="and" HPOS="2152" VPOS="192" WIDTH="63" HEIGHT="75" STYLEREFS="font0"/><SP WIDTH="15" VPOS="192" HPOS="2215"/><String ID="p202_w582" CONTENT="of" HPOS="2230" VPOS="192" WIDTH="42" HEIGHT="75" STYLEREFS="font0"/></TextLine><TextLine WIDTH="1029" HEIGHT="75" ID="p202_t66" HPOS="1236" VPOS="238"><String ID="p202_w583" CONTENT="the" HPOS="1236" VPOS="238" WIDTH="54" HEIGHT="75" STYLEREFS="font0"/><SP WIDTH="9" VPOS="238" HPOS="1290"/><String ID="p202_w584" CONTENT=".roof" HPOS="1299" VPOS="238" WIDTH="87" HEIGHT="75" STYLEREFS="font0"/><SP WIDTH="11" VPOS="238" HPOS="1386"/><String ID="p202_w585" CONTENT="of" HPOS="1397" VPOS="238" WIDTH="40" HEIGHT="75" STYLEREFS="font0"/><SP WIDTH="20" VPOS="238" HPOS="1437"/><String ID="p202_w586" CONTENT="the" HPOS="1457" VPOS="238" WIDTH="55" HEIGHT="75" STYLEREFS="font0"/><SP WIDTH="20" VPOS="238" HPOS="1512"/><String ID="p202_w587" CONTENT="mouth," HPOS="1532" VPOS="238" WIDTH="126" HEIGHT="75" STYLEREFS="font0"/><SP WIDTH="27" VPOS="238" HPOS="1658"/><String ID="p202_w588" CONTENT="and" HPOS="1685" VPOS="238" WIDTH="62" HEIGHT="75" STYLEREFS="font0"/><SP WIDTH="17" VPOS="238" HPOS="1747"/><String ID="p202_w589" CONTENT="a" HPOS="1764" VPOS="238" WIDTH="18" HEIGHT="75" STYLEREFS="font0"/><SP WIDTH="16" VPOS="238" HPOS="1782"/><String ID="p202_w590" CONTENT="conliderable" HPOS="1798" VPOS="238" WIDTH="211" HEIGHT="75" STYLEREFS="font0"/><SP WIDTH="28" VPOS="238" HPOS="2009"/><String ID="p202_w591" CONTENT="fliare" HPOS="2037" VPOS="238" WIDTH="87" HEIGHT="75" STYLEREFS="font0"/><SP WIDTH="27" VPOS="238" HPOS="2124"/><String ID="p202_w592" CONTENT="of" HPOS="2151" VPOS="238" WIDTH="41" HEIGHT="75" STYLEREFS="font0"/><SP WIDTH="19" VPOS="238" HPOS="2192"/><String ID="p202_w593" CONTENT="the" HPOS="2211" VPOS="238" WIDTH="54" HEIGHT="75" STYLEREFS="font0"/></TextLine><TextLine WIDTH="1029" HEIGHT="75" ID="p202_t67" HPOS="1236" VPOS="281"><String ID="p202_w594" CONTENT="prbit." HPOS="1236" VPOS="281" WIDTH="97" HEIGHT="75" STYLEREFS="font0"/><SP WIDTH="50" VPOS="281" HPOS="1333"/><String ID="p202_w595" CONTENT="They" HPOS="1383" VPOS="281" WIDTH="100" HEIGHT="75" STYLEREFS="font0"/><SP WIDTH="13" VPOS="281" HPOS="1483"/><String ID="p202_w596" CONTENT="contain" HPOS="1496" VPOS="281" WIDTH="128" HEIGHT="75" STYLEREFS="font0"/><SP WIDTH="16" VPOS="281" HPOS="1624"/><String ID="p202_w597" CONTENT="fixteen" HPOS="1640" VPOS="281" WIDTH="120" HEIGHT="75" STYLEREFS="font0"/><SP WIDTH="16" VPOS="281" HPOS="1760"/><String ID="p202_w598" CONTENT="teeth," HPOS="1776" VPOS="281" WIDTH="101" HEIGHT="75" STYLEREFS="font0"/><SP WIDTH="26" VPOS="281" HPOS="1877"/><String ID="p202_w599" CONTENT="give" HPOS="1903" VPOS="281" WIDTH="72" HEIGHT="75" STYLEREFS="font0"/><SP WIDTH="17" VPOS="281" HPOS="1975"/><String ID="p202_w600" CONTENT="rife" HPOS="1992" VPOS="281" WIDTH="60" HEIGHT="75" STYLEREFS="font0"/><SP WIDTH="15" VPOS="281" HPOS="2052"/><String ID="p202_w601" CONTENT="to" HPOS="2067" VPOS="281" WIDTH="35" HEIGHT="75" STYLEREFS="font0"/><SP WIDTH="16" VPOS="281" HPOS="2102"/><String ID="p202_w602" CONTENT="mufcles," HPOS="2118" VPOS="281" WIDTH="147" HEIGHT="75" STYLEREFS="font0"/></TextLine><TextLine WIDTH="1029" HEIGHT="75" ID="p202_t68" HPOS="1235" VPOS="331"><String ID="p202_w603" CONTENT="tranfmillion" HPOS="1235" VPOS="331" WIDTH="205" HEIGHT="75" STYLEREFS="font0"/><SP WIDTH="16" VPOS="331" HPOS="1440"/><String ID="p202_w604" CONTENT="to" HPOS="1456" VPOS="331" WIDTH="35" HEIGHT="75" STYLEREFS="font0"/><SP WIDTH="17" VPOS="331" HPOS="1491"/><String ID="p202_w605" CONTENT="nerves," HPOS="1508" VPOS="331" WIDTH="125" HEIGHT="75" STYLEREFS="font0"/><SP WIDTH="26" VPOS="331" HPOS="1633"/><String ID="p202_w606" CONTENT="isc." HPOS="1659" VPOS="331" WIDTH="65" HEIGHT="75" STYLEREFS="font0"/><SP WIDTH="26" VPOS="331" HPOS="1724"/><String ID="p202_w607" CONTENT="as" HPOS="1750" VPOS="331" WIDTH="33" HEIGHT="75" STYLEREFS="font0"/><SP WIDTH="26" VPOS="331" HPOS="1783"/><String ID="p202_w608" CONTENT="mentioned" HPOS="1809" VPOS="331" WIDTH="183" HEIGHT="75" STYLEREFS="font0"/><SP WIDTH="14" VPOS="331" HPOS="1992"/><String ID="p202_w609" CONTENT="in" HPOS="2006" VPOS="331" WIDTH="33" HEIGHT="75" STYLEREFS="font0"/><SP WIDTH="18" VPOS="331" HPOS="2039"/><String ID="p202_w610" CONTENT="the" HPOS="2057" VPOS="331" WIDTH="54" HEIGHT="75" STYLEREFS="font0"/><SP WIDTH="16" VPOS="331" HPOS="2111"/><String ID="p202_w611" CONTENT="defcrip-" HPOS="2127" VPOS="331" WIDTH="137" HEIGHT="75" STYLEREFS="font0"/></TextLine><TextLine WIDTH="472" HEIGHT="75" ID="p202_t69" HPOS="1237" VPOS="376"><String ID="p202_w612" CONTENT="tion" HPOS="1237" VPOS="376" WIDTH="67" HEIGHT="75" STYLEREFS="font0"/><SP WIDTH="16" VPOS="376" HPOS="1304"/><String ID="p202_w613" CONTENT="of" HPOS="1320" VPOS="376" WIDTH="41" HEIGHT="75" STYLEREFS="font0"/><SP WIDTH="15" VPOS="376" HPOS="1361"/><String ID="p202_w614" CONTENT="their" HPOS="1376" VPOS="376" WIDTH="83" HEIGHT="75" STYLEREFS="font0"/><SP WIDTH="15" VPOS="376" HPOS="1459"/><String ID="p202_w615" CONTENT="feveral" HPOS="1474" VPOS="376" WIDTH="120" HEIGHT="75" STYLEREFS="font0"/><SP WIDTH="16" VPOS="376" HPOS="1594"/><String ID="p202_w616" CONTENT="parts." HPOS="1610" VPOS="376" WIDTH="99" HEIGHT="75" STYLEREFS="font0"/></TextLine><TextLine WIDTH="979" HEIGHT="75" ID="p202_t70" HPOS="1284" VPOS="423"><String ID="p202_w617" CONTENT="Ossa" HPOS="1284" VPOS="423" WIDTH="97" HEIGHT="75" STYLEREFS="font0"/><SP WIDTH="19" VPOS="423" HPOS="1381"/><String ID="p202_w618" CONTENT="Palati" HPOS="1400" VPOS="423" WIDTH="150" HEIGHT="75" STYLEREFS="font0"/><SP WIDTH="31" VPOS="423" HPOS="1550"/><String ID="p202_w619" CONTENT="are" HPOS="1581" VPOS="423" WIDTH="54" HEIGHT="75" STYLEREFS="font0"/><SP WIDTH="25" VPOS="423" HPOS="1635"/><String ID="p202_w620" CONTENT="commonly" HPOS="1660" VPOS="423" WIDTH="182" HEIGHT="75" STYLEREFS="font0"/><SP WIDTH="19" VPOS="423" HPOS="1842"/><String ID="p202_w621" CONTENT="defcribed" HPOS="1861" VPOS="423" WIDTH="164" HEIGHT="75" STYLEREFS="font0"/><SP WIDTH="16" VPOS="423" HPOS="2025"/><String ID="p202_w622" CONTENT="as" HPOS="2041" VPOS="423" WIDTH="33" HEIGHT="75" STYLEREFS="font0"/><SP WIDTH="18" VPOS="423" HPOS="2074"/><String ID="p202_w623" CONTENT="two" HPOS="2092" VPOS="423" WIDTH="66" HEIGHT="75" STYLEREFS="font0"/><SP WIDTH="17" VPOS="423" HPOS="2158"/><String ID="p202_w624" CONTENT="fmai!" HPOS="2175" VPOS="423" WIDTH="88" HEIGHT="75" STYLEREFS="font0"/></TextLine><TextLine WIDTH="1036" HEIGHT="75" ID="p202_t71" HPOS="1235" VPOS="469"><String ID="p202_w625" CONTENT="fquare" HPOS="1235" VPOS="469" WIDTH="112" HEIGHT="75" STYLEREFS="font0"/><SP WIDTH="17" VPOS="469" HPOS="1347"/><String ID="p202_w626" CONTENT="bones," HPOS="1364" VPOS="469" WIDTH="111" HEIGHT="75" STYLEREFS="font0"/><SP WIDTH="26" VPOS="469" HPOS="1475"/><String ID="p202_w627" CONTENT="at" HPOS="1501" VPOS="469" WIDTH="32" HEIGHT="75" STYLEREFS="font0"/><SP WIDTH="17" VPOS="469" HPOS="1533"/><String ID="p202_w628" CONTENT="the" HPOS="1550" VPOS="469" WIDTH="55" HEIGHT="75" STYLEREFS="font0"/><SP WIDTH="14" VPOS="469" HPOS="1605"/><String ID="p202_w629" CONTENT="back-part" HPOS="1619" VPOS="469" WIDTH="170" HEIGHT="75" STYLEREFS="font0"/><SP WIDTH="22" VPOS="469" HPOS="1789"/><String ID="p202_w630" CONTENT="of" HPOS="1811" VPOS="469" WIDTH="40" HEIGHT="75" STYLEREFS="font0"/><SP WIDTH="23" VPOS="469" HPOS="1851"/><String ID="p202_w631" CONTENT="the" HPOS="1874" VPOS="469" WIDTH="55" HEIGHT="75" STYLEREFS="font0"/><SP WIDTH="23" VPOS="469" HPOS="1929"/><String ID="p202_w632" CONTENT="palate" HPOS="1952" VPOS="469" WIDTH="104" HEIGHT="75" STYLEREFS="font0"/><SP WIDTH="22" VPOS="469" HPOS="2056"/><String ID="p202_w633" CONTENT="or" HPOS="2078" VPOS="469" WIDTH="38" HEIGHT="75" STYLEREFS="font0"/><SP WIDTH="24" VPOS="469" HPOS="2116"/><String ID="p202_w634" CONTENT="roof" HPOS="2140" VPOS="469" WIDTH="78" HEIGHT="75" STYLEREFS="font0"/><SP WIDTH="12" VPOS="469" HPOS="2218"/><String ID="p202_w635" CONTENT="of" HPOS="2230" VPOS="469" WIDTH="41" HEIGHT="75" STYLEREFS="font0"/></TextLine><TextLine WIDTH="1029" HEIGHT="75" ID="p202_t72" HPOS="1235" VPOS="514"><String ID="p202_w636" CONTENT="the" HPOS="1235" VPOS="514" WIDTH="54" HEIGHT="75" STYLEREFS="font0"/><SP WIDTH="26" VPOS="514" HPOS="1289"/><String ID="p202_w637" CONTENT="mouth," HPOS="1315" VPOS="514" WIDTH="124" HEIGHT="75" STYLEREFS="font0"/><SP WIDTH="26" VPOS="514" HPOS="1439"/><String ID="p202_w638" CONTENT="though" HPOS="1465" VPOS="514" WIDTH="123" HEIGHT="75" STYLEREFS="font0"/><SP WIDTH="29" VPOS="514" HPOS="1588"/><String ID="p202_w639" CONTENT="they" HPOS="1617" VPOS="514" WIDTH="79" HEIGHT="75" STYLEREFS="font0"/><SP WIDTH="28" VPOS="514" HPOS="1696"/><String ID="p202_w640" CONTENT="are" HPOS="1724" VPOS="514" WIDTH="52" HEIGHT="75" STYLEREFS="font0"/><SP WIDTH="29" VPOS="514" HPOS="1776"/><String ID="p202_w641" CONTENT="of" HPOS="1805" VPOS="514" WIDTH="40" HEIGHT="75" STYLEREFS="font0"/><SP WIDTH="18" VPOS="514" HPOS="1845"/><String ID="p202_w642" CONTENT="much" HPOS="1863" VPOS="514" WIDTH="94" HEIGHT="75" STYLEREFS="font0"/><SP WIDTH="27" VPOS="514" HPOS="1957"/><String ID="p202_w643" CONTENT="greater" HPOS="1984" VPOS="514" WIDTH="127" HEIGHT="75" STYLEREFS="font0"/><SP WIDTH="26" VPOS="514" HPOS="2111"/><String ID="p202_w644" CONTENT="extent," HPOS="2137" VPOS="514" WIDTH="127" HEIGHT="75" STYLEREFS="font0"/></TextLine><TextLine WIDTH="1031" HEIGHT="75" ID="p202_t73" HPOS="1234" VPOS="560"><String ID="p202_w645" CONTENT="jjeing" HPOS="1234" VPOS="560" WIDTH="94" HEIGHT="75" STYLEREFS="font0"/><SP WIDTH="26" VPOS="560" HPOS="1328"/><String ID="p202_w646" CONTENT="continued" HPOS="1354" VPOS="560" WIDTH="173" HEIGHT="75" STYLEREFS="font0"/><SP WIDTH="17" VPOS="560" HPOS="1527"/><String ID="p202_w647" CONTENT="up" HPOS="1544" VPOS="560" WIDTH="42" HEIGHT="75" STYLEREFS="font0"/><SP WIDTH="16" VPOS="560" HPOS="1586"/><String ID="p202_w648" CONTENT="the" HPOS="1602" VPOS="560" WIDTH="55" HEIGHT="75" STYLEREFS="font0"/><SP WIDTH="18" VPOS="560" HPOS="1657"/><String ID="p202_w649" CONTENT="back-part" HPOS="1675" VPOS="560" WIDTH="168" HEIGHT="75" STYLEREFS="font0"/><SP WIDTH="26" VPOS="560" HPOS="1843"/><String ID="p202_w650" CONTENT="of" HPOS="1869" VPOS="560" WIDTH="41" HEIGHT="75" STYLEREFS="font0"/><SP WIDTH="21" VPOS="560" HPOS="1910"/><String ID="p202_w651" CONTENT="the" HPOS="1931" VPOS="560" WIDTH="56" HEIGHT="75" STYLEREFS="font0"/><SP WIDTH="21" VPOS="560" HPOS="1987"/><String ID="p202_w652" CONTENT="noffrils" HPOS="2008" VPOS="560" WIDTH="125" HEIGHT="75" STYLEREFS="font0"/><SP WIDTH="25" VPOS="560" HPOS="2133"/><String ID="p202_w653" CONTENT="to" HPOS="2158" VPOS="560" WIDTH="37" HEIGHT="75" STYLEREFS="font0"/><SP WIDTH="13" VPOS="560" HPOS="2195"/><String ID="p202_w654" CONTENT="the" HPOS="2208" VPOS="560" WIDTH="57" HEIGHT="75" STYLEREFS="font0"/></TextLine><TextLine WIDTH="1031" HEIGHT="75" ID="p202_t74" HPOS="1234" VPOS="607"><String ID="p202_w655" CONTENT="orbit." HPOS="1234" VPOS="607" WIDTH="97" HEIGHT="75" STYLEREFS="font0"/><SP WIDTH="50" VPOS="607" HPOS="1331"/><String ID="p202_w656" CONTENT="Each" HPOS="1381" VPOS="607" WIDTH="92" HEIGHT="75" STYLEREFS="font0"/><SP WIDTH="17" VPOS="607" HPOS="1473"/><String ID="p202_w657" CONTENT="palate-bone" HPOS="1490" VPOS="607" WIDTH="205" HEIGHT="75" STYLEREFS="font0"/><SP WIDTH="24" VPOS="607" HPOS="1695"/><String ID="p202_w658" CONTENT="may" HPOS="1719" VPOS="607" WIDTH="74" HEIGHT="75" STYLEREFS="font0"/><SP WIDTH="24" VPOS="607" HPOS="1793"/><String ID="p202_w659" CONTENT="therefore" HPOS="1817" VPOS="607" WIDTH="161" HEIGHT="75" STYLEREFS="font0"/><SP WIDTH="18" VPOS="607" HPOS="1978"/><String ID="p202_w660" CONTENT="be" HPOS="1996" VPOS="607" WIDTH="38" HEIGHT="75" STYLEREFS="font0"/><SP WIDTH="16" VPOS="607" HPOS="2034"/><String ID="p202_w661" CONTENT="divided" HPOS="2050" VPOS="607" WIDTH="130" HEIGHT="75" STYLEREFS="font0"/><SP WIDTH="16" VPOS="607" HPOS="2180"/><String ID="p202_w662" CONTENT="into" HPOS="2196" VPOS="607" WIDTH="69" HEIGHT="75" STYLEREFS="font0"/></TextLine><TextLine WIDTH="1030" HEIGHT="75" ID="p202_t75" HPOS="1233" VPOS="653"><String ID="p202_w663" CONTENT="four" HPOS="1233" VPOS="653" WIDTH="73" HEIGHT="75" STYLEREFS="font0"/><SP WIDTH="16" VPOS="653" HPOS="1306"/><String ID="p202_w664" CONTENT="parts," HPOS="1322" VPOS="653" WIDTH="101" HEIGHT="75" STYLEREFS="font0"/><SP WIDTH="27" VPOS="653" HPOS="1423"/><String ID="p202_w665" CONTENT="the" HPOS="1450" VPOS="653" WIDTH="54" HEIGHT="75" STYLEREFS="font0"/><SP WIDTH="25" VPOS="653" HPOS="1504"/><String ID="p202_w666" CONTENT="palate" HPOS="1529" VPOS="653" WIDTH="105" HEIGHT="75" STYLEREFS="font0"/><SP WIDTH="23" VPOS="653" HPOS="1634"/><String ID="p202_w667" CONTENT="fquare" HPOS="1657" VPOS="653" WIDTH="113" HEIGHT="75" STYLEREFS="font0"/><SP WIDTH="24" VPOS="653" HPOS="1770"/><String ID="p202_w668" CONTENT="bone," HPOS="1794" VPOS="653" WIDTH="94" HEIGHT="75" STYLEREFS="font0"/><SP WIDTH="28" VPOS="653" HPOS="1888"/><String ID="p202_w669" CONTENT="the" HPOS="1916" VPOS="653" WIDTH="54" HEIGHT="75" STYLEREFS="font0"/><SP WIDTH="23" VPOS="653" HPOS="1970"/><String ID="p202_w670" CONTENT="pterygoid" HPOS="1993" VPOS="653" WIDTH="173" HEIGHT="75" STYLEREFS="font0"/><SP WIDTH="23" VPOS="653" HPOS="2166"/><String ID="p202_w671" CONTENT="pro?" HPOS="2189" VPOS="653" WIDTH="74" HEIGHT="75" STYLEREFS="font0"/></TextLine><TextLine WIDTH="723" HEIGHT="75" ID="p202_t76" HPOS="1234" VPOS="700"><String ID="p202_w672" CONTENT="cefs," HPOS="1234" VPOS="700" WIDTH="76" HEIGHT="75" STYLEREFS="font0"/><SP WIDTH="27" VPOS="700" HPOS="1310"/><String ID="p202_w673" CONTENT="nafal" HPOS="1337" VPOS="700" WIDTH="83" HEIGHT="75" STYLEREFS="font0"/><SP WIDTH="17" VPOS="700" HPOS="1420"/><String ID="p202_w674" CONTENT="lamella," HPOS="1437" VPOS="700" WIDTH="140" HEIGHT="75" STYLEREFS="font0"/><SP WIDTH="25" VPOS="700" HPOS="1577"/><String ID="p202_w675" CONTENT="and" HPOS="1602" VPOS="700" WIDTH="63" HEIGHT="75" STYLEREFS="font0"/><SP WIDTH="16" VPOS="700" HPOS="1665"/><String ID="p202_w676" CONTENT="orbitar" HPOS="1681" VPOS="700" WIDTH="122" HEIGHT="75" STYLEREFS="font0"/><SP WIDTH="15" VPOS="700" HPOS="1803"/><String ID="p202_w677" CONTENT="procefs." HPOS="1818" VPOS="700" WIDTH="139" HEIGHT="75" STYLEREFS="font0"/></TextLine><TextLine WIDTH="986" HEIGHT="75" ID="p202_t77" HPOS="1279" VPOS="747"><String ID="p202_w678" CONTENT="The" HPOS="1279" VPOS="747" WIDTH="75" HEIGHT="75" STYLEREFS="font0"/><SP WIDTH="17" VPOS="747" HPOS="1354"/><String ID="p202_w679" CONTENT="fquare" HPOS="1371" VPOS="747" WIDTH="113" HEIGHT="75" STYLEREFS="font0"/><SP WIDTH="17" VPOS="747" HPOS="1484"/><String ID="p202_w680" CONTENT="bone" HPOS="1501" VPOS="747" WIDTH="81" HEIGHT="75" STYLEREFS="font0"/><SP WIDTH="22" VPOS="747" HPOS="1582"/><String ID="p202_w681" CONTENT="is" HPOS="1604" VPOS="747" WIDTH="27" HEIGHT="75" STYLEREFS="font0"/><SP WIDTH="25" VPOS="747" HPOS="1631"/><String ID="p202_w682" CONTENT="unequally" HPOS="1656" VPOS="747" WIDTH="173" HEIGHT="75" STYLEREFS="font0"/><SP WIDTH="23" VPOS="747" HPOS="1829"/><String ID="p202_w683" CONTENT="concave," HPOS="1852" VPOS="747" WIDTH="148" HEIGHT="75" STYLEREFS="font0"/><SP WIDTH="26" VPOS="747" HPOS="2000"/><String ID="p202_w684" CONTENT="for" HPOS="2026" VPOS="747" WIDTH="51" HEIGHT="75" STYLEREFS="font0"/><SP WIDTH="22" VPOS="747" HPOS="2077"/><String ID="p202_w685" CONTENT="enlarging" HPOS="2099" VPOS="747" WIDTH="166" HEIGHT="75" STYLEREFS="font0"/></TextLine><TextLine WIDTH="1031" HEIGHT="75" ID="p202_t78" HPOS="1232" VPOS="792"><String ID="p202_w686" CONTENT="both" HPOS="1232" VPOS="792" WIDTH="80" HEIGHT="75" STYLEREFS="font0"/><SP WIDTH="12" VPOS="792" HPOS="1312"/><String ID="p202_w687" CONTENT="the" HPOS="1324" VPOS="792" WIDTH="55" HEIGHT="75" STYLEREFS="font0"/><SP WIDTH="15" VPOS="792" HPOS="1379"/><String ID="p202_w688" CONTENT="mouth" HPOS="1394" VPOS="792" WIDTH="114" HEIGHT="75" STYLEREFS="font0"/><SP WIDTH="17" VPOS="792" HPOS="1508"/><String ID="p202_w689" CONTENT="and" HPOS="1525" VPOS="792" WIDTH="62" HEIGHT="75" STYLEREFS="font0"/><SP WIDTH="11" VPOS="792" HPOS="1587"/><String ID="p202_w690" CONTENT="cavity" HPOS="1598" VPOS="792" WIDTH="106" HEIGHT="75" STYLEREFS="font0"/><SP WIDTH="17" VPOS="792" HPOS="1704"/><String ID="p202_w691" CONTENT="of" HPOS="1721" VPOS="792" WIDTH="41" HEIGHT="75" STYLEREFS="font0"/><SP WIDTH="18" VPOS="792" HPOS="1762"/><String ID="p202_w692" CONTENT="the" HPOS="1780" VPOS="792" WIDTH="55" HEIGHT="75" STYLEREFS="font0"/><SP WIDTH="17" VPOS="792" HPOS="1835"/><String ID="p202_w693" CONTENT="nofe." HPOS="1852" VPOS="792" WIDTH="85" HEIGHT="75" STYLEREFS="font0"/><SP WIDTH="48" VPOS="792" HPOS="1937"/><String ID="p202_w694" CONTENT="The" HPOS="1985" VPOS="792" WIDTH="77" HEIGHT="75" STYLEREFS="font0"/><SP WIDTH="17" VPOS="792" HPOS="2062"/><String ID="p202_w695" CONTENT="upper" HPOS="2079" VPOS="792" WIDTH="97" HEIGHT="75" STYLEREFS="font0"/><SP WIDTH="17" VPOS="792" HPOS="2176"/><String ID="p202_w696" CONTENT="part" HPOS="2193" VPOS="792" WIDTH="70" HEIGHT="75" STYLEREFS="font0"/></TextLine><TextLine WIDTH="1031" HEIGHT="75" ID="p202_t79" HPOS="1231" VPOS="838"><String ID="p202_w697" CONTENT="of" HPOS="1231" VPOS="838" WIDTH="39" HEIGHT="75" STYLEREFS="font0"/><SP WIDTH="18" VPOS="838" HPOS="1270"/><String ID="p202_w698" CONTENT="its" HPOS="1288" VPOS="838" WIDTH="41" HEIGHT="75" STYLEREFS="font0"/><SP WIDTH="17" VPOS="838" HPOS="1329"/><String ID="p202_w699" CONTENT="internal" HPOS="1346" VPOS="838" WIDTH="134" HEIGHT="75" STYLEREFS="font0"/><SP WIDTH="16" VPOS="838" HPOS="1480"/><String ID="p202_w700" CONTENT="edge" HPOS="1496" VPOS="838" WIDTH="81" HEIGHT="75" STYLEREFS="font0"/><SP WIDTH="17" VPOS="838" HPOS="1577"/><String ID="p202_w701" CONTENT="rifes" HPOS="1594" VPOS="838" WIDTH="74" HEIGHT="75" STYLEREFS="font0"/><SP WIDTH="13" VPOS="838" HPOS="1668"/><String ID="p202_w702" CONTENT="in" HPOS="1681" VPOS="838" WIDTH="36" HEIGHT="75" STYLEREFS="font0"/><SP WIDTH="20" VPOS="838" HPOS="1717"/><String ID="p202_w703" CONTENT="a" HPOS="1737" VPOS="838" WIDTH="19" HEIGHT="75" STYLEREFS="font0"/><SP WIDTH="15" VPOS="838" HPOS="1756"/><String ID="p202_w704" CONTENT="fpine,." HPOS="1771" VPOS="838" WIDTH="105" HEIGHT="75" STYLEREFS="font0"/><SP WIDTH="19" VPOS="838" HPOS="1876"/><String ID="p202_w705" CONTENT="after" HPOS="1895" VPOS="838" WIDTH="84" HEIGHT="75" STYLEREFS="font0"/><SP WIDTH="15" VPOS="838" HPOS="1979"/><String ID="p202_w706" CONTENT="the" HPOS="1994" VPOS="838" WIDTH="55" HEIGHT="75" STYLEREFS="font0"/><SP WIDTH="22" VPOS="838" HPOS="2049"/><String ID="p202_w707" CONTENT="fame" HPOS="2071" VPOS="838" WIDTH="83" HEIGHT="75" STYLEREFS="font0"/><SP WIDTH="21" VPOS="838" HPOS="2154"/><String ID="p202_w708" CONTENT="man-" HPOS="2175" VPOS="838" WIDTH="87" HEIGHT="75" STYLEREFS="font0"/></TextLine><TextLine WIDTH="1033" HEIGHT="75" ID="p202_t80" HPOS="1229" VPOS="885"><String ID="p202_w709" CONTENT="ner" HPOS="1229" VPOS="885" WIDTH="56" HEIGHT="75" STYLEREFS="font0"/><SP WIDTH="16" VPOS="885" HPOS="1285"/><String ID="p202_w710" CONTENT="as" HPOS="1301" VPOS="885" WIDTH="33" HEIGHT="75" STYLEREFS="font0"/><SP WIDTH="19" VPOS="885" HPOS="1334"/><String ID="p202_w711" CONTENT="the.palate-plate" HPOS="1353" VPOS="885" WIDTH="276" HEIGHT="75" STYLEREFS="font0"/><SP WIDTH="15" VPOS="885" HPOS="1629"/><String ID="p202_w712" CONTENT="of" HPOS="1644" VPOS="885" WIDTH="40" HEIGHT="75" STYLEREFS="font0"/><SP WIDTH="19" VPOS="885" HPOS="1684"/><String ID="p202_w713" CONTENT="the" HPOS="1703" VPOS="885" WIDTH="55" HEIGHT="75" STYLEREFS="font0"/><SP WIDTH="10" VPOS="885" HPOS="1758"/><String ID="p202_w714" CONTENT="maxillary" HPOS="1768" VPOS="885" WIDTH="171" HEIGHT="75" STYLEREFS="font0"/><SP WIDTH="19" VPOS="885" HPOS="1939"/><String ID="p202_w715" CONTENT="bone" HPOS="1958" VPOS="885" WIDTH="82" HEIGHT="75" STYLEREFS="font0"/><SP WIDTH="16" VPOS="885" HPOS="2040"/><String ID="p202_w716" CONTENT="does," HPOS="2056" VPOS="885" WIDTH="91" HEIGHT="75" STYLEREFS="font0"/><SP WIDTH="24" VPOS="885" HPOS="2147"/><String ID="p202_w717" CONTENT="to" HPOS="2171" VPOS="885" WIDTH="36" HEIGHT="75" STYLEREFS="font0"/><SP WIDTH="16" VPOS="885" HPOS="2207"/><String ID="p202_w718" CONTENT="be" HPOS="2223" VPOS="885" WIDTH="39" HEIGHT="75" STYLEREFS="font0"/></TextLine><TextLine WIDTH="1037" HEIGHT="75" ID="p202_t81" HPOS="1225" VPOS="932"><String ID="p202_w719" CONTENT="joined" HPOS="1225" VPOS="932" WIDTH="113" HEIGHT="75" STYLEREFS="font0"/><SP WIDTH="15" VPOS="932" HPOS="1338"/><String ID="p202_w720" CONTENT="with" HPOS="1353" VPOS="932" WIDTH="79" HEIGHT="75" STYLEREFS="font0"/><SP WIDTH="17" VPOS="932" HPOS="1432"/><String ID="p202_w721" CONTENT="the" HPOS="1449" VPOS="932" WIDTH="54" HEIGHT="75" STYLEREFS="font0"/><SP WIDTH="17" VPOS="932" HPOS="1503"/><String ID="p202_w722" CONTENT="vomer." HPOS="1520" VPOS="932" WIDTH="120" HEIGHT="75" STYLEREFS="font0"/><SP WIDTH="97" VPOS="932" HPOS="1640"/><String ID="p202_w723" CONTENT="Its" HPOS="1737" VPOS="932" WIDTH="46" HEIGHT="75" STYLEREFS="font0"/><SP WIDTH="14" VPOS="932" HPOS="1783"/><String ID="p202_w724" CONTENT="anterior" HPOS="1797" VPOS="932" WIDTH="139" HEIGHT="75" STYLEREFS="font0"/><SP WIDTH="16" VPOS="932" HPOS="1936"/><String ID="p202_w725" CONTENT="edge" HPOS="1952" VPOS="932" WIDTH="81" HEIGHT="75" STYLEREFS="font0"/><SP WIDTH="11" VPOS="932" HPOS="2033"/><String ID="p202_w726" CONTENT="is" HPOS="2044" VPOS="932" WIDTH="26" HEIGHT="75" STYLEREFS="font0"/><SP WIDTH="18" VPOS="932" HPOS="2070"/><String ID="p202_w727" CONTENT="unequally" HPOS="2088" VPOS="932" WIDTH="174" HEIGHT="75" STYLEREFS="font0"/></TextLine><TextLine WIDTH="1032" HEIGHT="75" ID="p202_t82" HPOS="1230" VPOS="978"><String ID="p202_w728" CONTENT="ragged," HPOS="1230" VPOS="978" WIDTH="132" HEIGHT="75" STYLEREFS="font0"/><SP WIDTH="28" VPOS="978" HPOS="1362"/><String ID="p202_w729" CONTENT="for" HPOS="1390" VPOS="978" WIDTH="52" HEIGHT="75" STYLEREFS="font0"/><SP WIDTH="15" VPOS="978" HPOS="1442"/><String ID="p202_w730" CONTENT="its" HPOS="1457" VPOS="978" WIDTH="41" HEIGHT="75" STYLEREFS="font0"/><SP WIDTH="25" VPOS="978" HPOS="1498"/><String ID="p202_w731" CONTENT="firmer" HPOS="1523" VPOS="978" WIDTH="108" HEIGHT="75" STYLEREFS="font0"/><SP WIDTH="16" VPOS="978" HPOS="1631"/><String ID="p202_w732" CONTENT="connexion" HPOS="1647" VPOS="978" WIDTH="183" HEIGHT="75" STYLEREFS="font0"/><SP WIDTH="18" VPOS="978" HPOS="1830"/><String ID="p202_w733" CONTENT="with" HPOS="1848" VPOS="978" WIDTH="79" HEIGHT="75" STYLEREFS="font0"/><SP WIDTH="16" VPOS="978" HPOS="1927"/><String ID="p202_w734" CONTENT="the" HPOS="1943" VPOS="978" WIDTH="55" HEIGHT="75" STYLEREFS="font0"/><SP WIDTH="17" VPOS="978" HPOS="1998"/><String ID="p202_w735" CONTENT="palate-procefs" HPOS="2015" VPOS="978" WIDTH="247" HEIGHT="75" STYLEREFS="font0"/></TextLine><TextLine WIDTH="1031" HEIGHT="75" ID="p202_t83" HPOS="1231" VPOS="1024"><String ID="p202_w736" CONTENT="of" HPOS="1231" VPOS="1024" WIDTH="38" HEIGHT="75" STYLEREFS="font0"/><SP WIDTH="20" VPOS="1024" HPOS="1269"/><String ID="p202_w737" CONTENT="the" HPOS="1289" VPOS="1024" WIDTH="54" HEIGHT="75" STYLEREFS="font0"/><SP WIDTH="17" VPOS="1024" HPOS="1343"/><String ID="p202_w738" CONTENT="os" HPOS="1360" VPOS="1024" WIDTH="36" HEIGHT="75" STYLEREFS="font0"/><SP WIDTH="16" VPOS="1024" HPOS="1396"/><String ID="p202_w739" CONTENT="maxillare.-—The" HPOS="1412" VPOS="1024" WIDTH="304" HEIGHT="75" STYLEREFS="font0"/><SP WIDTH="17" VPOS="1024" HPOS="1716"/><String ID="p202_w740" CONTENT="internal" HPOS="1733" VPOS="1024" WIDTH="134" HEIGHT="75" STYLEREFS="font0"/><SP WIDTH="17" VPOS="1024" HPOS="1867"/><String ID="p202_w741" CONTENT="edge" HPOS="1884" VPOS="1024" WIDTH="80" HEIGHT="75" STYLEREFS="font0"/><SP WIDTH="23" VPOS="1024" HPOS="1964"/><String ID="p202_w742" CONTENT="is" HPOS="1987" VPOS="1024" WIDTH="26" HEIGHT="75" STYLEREFS="font0"/><SP WIDTH="24" VPOS="1024" HPOS="2013"/><String ID="p202_w743" CONTENT="thicker" HPOS="2037" VPOS="1024" WIDTH="125" HEIGHT="75" STYLEREFS="font0"/><SP WIDTH="22" VPOS="1024" HPOS="2162"/><String ID="p202_w744" CONTENT="than" HPOS="2184" VPOS="1024" WIDTH="78" HEIGHT="75" STYLEREFS="font0"/></TextLine><TextLine WIDTH="1029" HEIGHT="75" ID="p202_t84" HPOS="1231" VPOS="1070"><String ID="p202_w745" CONTENT="the" HPOS="1231" VPOS="1070" WIDTH="54" HEIGHT="75" STYLEREFS="font0"/><SP WIDTH="13" VPOS="1070" HPOS="1285"/><String ID="p202_w746" CONTENT="reft," HPOS="1298" VPOS="1070" WIDTH="76" HEIGHT="75" STYLEREFS="font0"/><SP WIDTH="24" VPOS="1070" HPOS="1374"/><String ID="p202_w747" CONTENT="and" HPOS="1398" VPOS="1070" WIDTH="62" HEIGHT="75" STYLEREFS="font0"/><SP WIDTH="12" VPOS="1070" HPOS="1460"/><String ID="p202_w748" CONTENT="of" HPOS="1472" VPOS="1070" WIDTH="40" HEIGHT="75" STYLEREFS="font0"/><SP WIDTH="12" VPOS="1070" HPOS="1512"/><String ID="p202_w749" CONTENT="an" HPOS="1524" VPOS="1070" WIDTH="39" HEIGHT="75" STYLEREFS="font0"/><SP WIDTH="16" VPOS="1070" HPOS="1563"/><String ID="p202_w750" CONTENT="equal" HPOS="1579" VPOS="1070" WIDTH="93" HEIGHT="75" STYLEREFS="font0"/><SP WIDTH="16" VPOS="1070" HPOS="1672"/><String ID="p202_w751" CONTENT="furface," HPOS="1688" VPOS="1070" WIDTH="135" HEIGHT="75" STYLEREFS="font0"/><SP WIDTH="18" VPOS="1070" HPOS="1823"/><String ID="p202_w752" CONTENT="for" HPOS="1841" VPOS="1070" WIDTH="52" HEIGHT="75" STYLEREFS="font0"/><SP WIDTH="15" VPOS="1070" HPOS="1893"/><String ID="p202_w753" CONTENT="its" HPOS="1908" VPOS="1070" WIDTH="40" HEIGHT="75" STYLEREFS="font0"/><SP WIDTH="18" VPOS="1070" HPOS="1948"/><String ID="p202_w754" CONTENT="conjunction" HPOS="1966" VPOS="1070" WIDTH="199" HEIGHT="75" STYLEREFS="font0"/><SP WIDTH="17" VPOS="1070" HPOS="2165"/><String ID="p202_w755" CONTENT="with" HPOS="2182" VPOS="1070" WIDTH="78" HEIGHT="75" STYLEREFS="font0"/></TextLine><TextLine WIDTH="1034" HEIGHT="75" ID="p202_t85" HPOS="1227" VPOS="1116"><String ID="p202_w756" CONTENT="its" HPOS="1227" VPOS="1116" WIDTH="43" HEIGHT="75" STYLEREFS="font0"/><SP WIDTH="25" VPOS="1116" HPOS="1270"/><String ID="p202_w757" CONTENT="fellow" HPOS="1295" VPOS="1116" WIDTH="111" HEIGHT="75" STYLEREFS="font0"/><SP WIDTH="27" VPOS="1116" HPOS="1406"/><String ID="p202_w758" CONTENT="of" HPOS="1433" VPOS="1116" WIDTH="39" HEIGHT="75" STYLEREFS="font0"/><SP WIDTH="20" VPOS="1116" HPOS="1472"/><String ID="p202_w759" CONTENT="the" HPOS="1492" VPOS="1116" WIDTH="55" HEIGHT="75" STYLEREFS="font0"/><SP WIDTH="25" VPOS="1116" HPOS="1547"/><String ID="p202_w760" CONTENT="other" HPOS="1572" VPOS="1116" WIDTH="92" HEIGHT="75" STYLEREFS="font0"/><SP WIDTH="22" VPOS="1116" HPOS="1664"/><String ID="p202_w761" CONTENT="fide." HPOS="1686" VPOS="1116" WIDTH="77" HEIGHT="75" STYLEREFS="font0"/><SP WIDTH="96" VPOS="1116" HPOS="1763"/><String ID="p202_w762" CONTENT="Behind," HPOS="1859" VPOS="1116" WIDTH="140" HEIGHT="75" STYLEREFS="font0"/><SP WIDTH="32" VPOS="1116" HPOS="1999"/><String ID="p202_w763" CONTENT="this" HPOS="2031" VPOS="1116" WIDTH="66" HEIGHT="75" STYLEREFS="font0"/><SP WIDTH="26" VPOS="1116" HPOS="2097"/><String ID="p202_w764" CONTENT="bone" HPOS="2123" VPOS="1116" WIDTH="83" HEIGHT="75" STYLEREFS="font0"/><SP WIDTH="27" VPOS="1116" HPOS="2206"/><String ID="p202_w765" CONTENT="is" HPOS="2233" VPOS="1116" WIDTH="28" HEIGHT="75" STYLEREFS="font0"/></TextLine><TextLine WIDTH="1032" HEIGHT="75" ID="p202_t86" HPOS="1229" VPOS="1163"><String ID="p202_w766" CONTENT="fomewhat" HPOS="1229" VPOS="1163" WIDTH="172" HEIGHT="75" STYLEREFS="font0"/><SP WIDTH="16" VPOS="1163" HPOS="1401"/><String ID="p202_w767" CONTENT="in" HPOS="1417" VPOS="1163" WIDTH="32" HEIGHT="75" STYLEREFS="font0"/><SP WIDTH="17" VPOS="1163" HPOS="1449"/><String ID="p202_w768" CONTENT="form" HPOS="1466" VPOS="1163" WIDTH="82" HEIGHT="75" STYLEREFS="font0"/><SP WIDTH="18" VPOS="1163" HPOS="1548"/><String ID="p202_w769" CONTENT="of" HPOS="1566" VPOS="1163" WIDTH="40" HEIGHT="75" STYLEREFS="font0"/><SP WIDTH="20" VPOS="1163" HPOS="1606"/><String ID="p202_w770" CONTENT="a" HPOS="1626" VPOS="1163" WIDTH="18" HEIGHT="75" STYLEREFS="font0"/><SP WIDTH="16" VPOS="1163" HPOS="1644"/><String ID="p202_w771" CONTENT="crefcent," HPOS="1660" VPOS="1163" WIDTH="152" HEIGHT="75" STYLEREFS="font0"/><SP WIDTH="27" VPOS="1163" HPOS="1812"/><String ID="p202_w772" CONTENT="and" HPOS="1839" VPOS="1163" WIDTH="63" HEIGHT="75" STYLEREFS="font0"/><SP WIDTH="16" VPOS="1163" HPOS="1902"/><String ID="p202_w773" CONTENT="thick," HPOS="1918" VPOS="1163" WIDTH="101" HEIGHT="75" STYLEREFS="font0"/><SP WIDTH="24" VPOS="1163" HPOS="2019"/><String ID="p202_w774" CONTENT="for" HPOS="2043" VPOS="1163" WIDTH="53" HEIGHT="75" STYLEREFS="font0"/><SP WIDTH="22" VPOS="1163" HPOS="2096"/><String ID="p202_w775" CONTENT="the" HPOS="2118" VPOS="1163" WIDTH="54" HEIGHT="75" STYLEREFS="font0"/><SP WIDTH="17" VPOS="1163" HPOS="2172"/><String ID="p202_w776" CONTENT="firm" HPOS="2189" VPOS="1163" WIDTH="72" HEIGHT="75" STYLEREFS="font0"/></TextLine><TextLine WIDTH="1033" HEIGHT="75" ID="p202_t87" HPOS="1229" VPOS="1210"><String ID="p202_w777" CONTENT="connedtion" HPOS="1229" VPOS="1210" WIDTH="183" HEIGHT="75" STYLEREFS="font0"/><SP WIDTH="25" VPOS="1210" HPOS="1412"/><String ID="p202_w778" CONTENT="of" HPOS="1437" VPOS="1210" WIDTH="41" HEIGHT="75" STYLEREFS="font0"/><SP WIDTH="18" VPOS="1210" HPOS="1478"/><String ID="p202_w779" CONTENT="the" HPOS="1496" VPOS="1210" WIDTH="55" HEIGHT="75" STYLEREFS="font0"/><SP WIDTH="22" VPOS="1210" HPOS="1551"/><String ID="p202_w780" CONTENT="velum" HPOS="1573" VPOS="1210" WIDTH="107" HEIGHT="75" STYLEREFS="font0"/><SP WIDTH="25" VPOS="1210" HPOS="1680"/><String ID="p202_w781" CONTENT="pendulum" HPOS="1705" VPOS="1210" WIDTH="172" HEIGHT="75" STYLEREFS="font0"/><SP WIDTH="25" VPOS="1210" HPOS="1877"/><String ID="p202_w782" CONTENT="palati;" HPOS="1902" VPOS="1210" WIDTH="117" HEIGHT="75" STYLEREFS="font0"/><SP WIDTH="31" VPOS="1210" HPOS="2019"/><String ID="p202_w783" CONTENT="the" HPOS="2050" VPOS="1210" WIDTH="54" HEIGHT="75" STYLEREFS="font0"/><SP WIDTH="21" VPOS="1210" HPOS="2104"/><String ID="p202_w784" CONTENT="internal" HPOS="2125" VPOS="1210" WIDTH="137" HEIGHT="75" STYLEREFS="font0"/></TextLine><TextLine WIDTH="1033" HEIGHT="75" ID="p202_t88" HPOS="1229" VPOS="1255"><String ID="p202_w785" CONTENT="point" HPOS="1229" VPOS="1255" WIDTH="88" HEIGHT="75" STYLEREFS="font0"/><SP WIDTH="16" VPOS="1255" HPOS="1317"/><String ID="p202_w786" CONTENT="being" HPOS="1333" VPOS="1255" WIDTH="94" HEIGHT="75" STYLEREFS="font0"/><SP WIDTH="16" VPOS="1255" HPOS="1427"/><String ID="p202_w787" CONTENT="produced" HPOS="1443" VPOS="1255" WIDTH="164" HEIGHT="75" STYLEREFS="font0"/><SP WIDTH="18" VPOS="1255" HPOS="1607"/><String ID="p202_w788" CONTENT="backwards," HPOS="1625" VPOS="1255" WIDTH="199" HEIGHT="75" STYLEREFS="font0"/><SP WIDTH="26" VPOS="1255" HPOS="1824"/><String ID="p202_w789" CONTENT="to" HPOS="1850" VPOS="1255" WIDTH="36" HEIGHT="75" STYLEREFS="font0"/><SP WIDTH="22" VPOS="1255" HPOS="1886"/><String ID="p202_w790" CONTENT="afford" HPOS="1908" VPOS="1255" WIDTH="105" HEIGHT="75" STYLEREFS="font0"/><SP WIDTH="15" VPOS="1255" HPOS="2013"/><String ID="p202_w791" CONTENT="origin" HPOS="2028" VPOS="1255" WIDTH="103" HEIGHT="75" STYLEREFS="font0"/><SP WIDTH="17" VPOS="1255" HPOS="2131"/><String ID="p202_w792" CONTENT="to" HPOS="2148" VPOS="1255" WIDTH="35" HEIGHT="75" STYLEREFS="font0"/><SP WIDTH="23" VPOS="1255" HPOS="2183"/><String ID="p202_w793" CONTENT="the" HPOS="2206" VPOS="1255" WIDTH="56" HEIGHT="75" STYLEREFS="font0"/></TextLine><TextLine WIDTH="1033" HEIGHT="75" ID="p202_t89" HPOS="1228" VPOS="1303"><String ID="p202_w794" CONTENT="palato-ftaphyiinus," HPOS="1228" VPOS="1303" WIDTH="329" HEIGHT="75" STYLEREFS="font0"/><SP WIDTH="36" VPOS="1303" HPOS="1557"/><String ID="p202_w795" CONTENT="or" HPOS="1593" VPOS="1303" WIDTH="38" HEIGHT="75" STYLEREFS="font0"/><SP WIDTH="28" VPOS="1303" HPOS="1631"/><String ID="p202_w796" CONTENT="azygos-mufcle." HPOS="1659" VPOS="1303" WIDTH="265" HEIGHT="75" STYLEREFS="font0"/><SP WIDTH="104" VPOS="1303" HPOS="1924"/><String ID="p202_w797" CONTENT="This" HPOS="2028" VPOS="1303" WIDTH="93" HEIGHT="75" STYLEREFS="font0"/><SP WIDTH="27" VPOS="1303" HPOS="2121"/><String ID="p202_w798" CONTENT="fquare" HPOS="2148" VPOS="1303" WIDTH="113" HEIGHT="75" STYLEREFS="font0"/></TextLine><TextLine WIDTH="1035" HEIGHT="75" ID="p202_t90" HPOS="1227" VPOS="1348"><String ID="p202_w799" CONTENT="bone" HPOS="1227" VPOS="1348" WIDTH="83" HEIGHT="75" STYLEREFS="font0"/><SP WIDTH="15" VPOS="1348" HPOS="1310"/><String ID="p202_w800" CONTENT="is" HPOS="1325" VPOS="1348" WIDTH="27" HEIGHT="75" STYLEREFS="font0"/><SP WIDTH="17" VPOS="1348" HPOS="1352"/><String ID="p202_w801" CONTENT="well" HPOS="1369" VPOS="1348" WIDTH="73" HEIGHT="75" STYLEREFS="font0"/><SP WIDTH="17" VPOS="1348" HPOS="1442"/><String ID="p202_w802" CONTENT="diftinguiftied" HPOS="1459" VPOS="1348" WIDTH="221" HEIGHT="75" STYLEREFS="font0"/><SP WIDTH="11" VPOS="1348" HPOS="1680"/><String ID="p202_w803" CONTENT="from" HPOS="1691" VPOS="1348" WIDTH="84" HEIGHT="75" STYLEREFS="font0"/><SP WIDTH="16" VPOS="1348" HPOS="1775"/><String ID="p202_w804" CONTENT="the" HPOS="1791" VPOS="1348" WIDTH="55" HEIGHT="75" STYLEREFS="font0"/><SP WIDTH="16" VPOS="1348" HPOS="1846"/><String ID="p202_w805" CONTENT="pterygoid" HPOS="1862" VPOS="1348" WIDTH="169" HEIGHT="75" STYLEREFS="font0"/><SP WIDTH="16" VPOS="1348" HPOS="2031"/><String ID="p202_w806" CONTENT="procefs" HPOS="2047" VPOS="1348" WIDTH="124" HEIGHT="75" STYLEREFS="font0"/><SP WIDTH="17" VPOS="1348" HPOS="2171"/><String ID="p202_w807" CONTENT="by" HPOS="2188" VPOS="1348" WIDTH="43" HEIGHT="75" STYLEREFS="font0"/><SP WIDTH="12" VPOS="1348" HPOS="2231"/><String ID="p202_w808" CONTENT="a" HPOS="2243" VPOS="1348" WIDTH="19" HEIGHT="75" STYLEREFS="font0"/></TextLine><TextLine WIDTH="1033" HEIGHT="75" ID="p202_t91" HPOS="1228" VPOS="1395"><String ID="p202_w809" CONTENT="perpendicular" HPOS="1228" VPOS="1395" WIDTH="241" HEIGHT="75" STYLEREFS="font0"/><SP WIDTH="26" VPOS="1395" HPOS="1469"/><String ID="p202_w810" CONTENT="foffa," HPOS="1495" VPOS="1395" WIDTH="92" HEIGHT="75" STYLEREFS="font0"/><SP WIDTH="30" VPOS="1395" HPOS="1587"/><String ID="p202_w811" CONTENT="which," HPOS="1617" VPOS="1395" WIDTH="118" HEIGHT="75" STYLEREFS="font0"/><SP WIDTH="25" VPOS="1395" HPOS="1735"/><String ID="p202_w812" CONTENT="applied" HPOS="1760" VPOS="1395" WIDTH="126" HEIGHT="75" STYLEREFS="font0"/><SP WIDTH="23" VPOS="1395" HPOS="1886"/><String ID="p202_w813" CONTENT="to" HPOS="1909" VPOS="1395" WIDTH="36" HEIGHT="75" STYLEREFS="font0"/><SP WIDTH="23" VPOS="1395" HPOS="1945"/><String ID="p202_w814" CONTENT="fuch" HPOS="1968" VPOS="1395" WIDTH="76" HEIGHT="75" STYLEREFS="font0"/><SP WIDTH="28" VPOS="1395" HPOS="2044"/><String ID="p202_w815" CONTENT="another" HPOS="2072" VPOS="1395" WIDTH="133" HEIGHT="75" STYLEREFS="font0"/><SP WIDTH="24" VPOS="1395" HPOS="2205"/><String ID="p202_w816" CONTENT="in" HPOS="2229" VPOS="1395" WIDTH="32" HEIGHT="75" STYLEREFS="font0"/></TextLine><TextLine WIDTH="1031" HEIGHT="75" ID="p202_t92" HPOS="1229" VPOS="1441"><String ID="p202_w817" CONTENT="the" HPOS="1229" VPOS="1441" WIDTH="55" HEIGHT="75" STYLEREFS="font0"/><SP WIDTH="25" VPOS="1441" HPOS="1284"/><String ID="p202_w818" CONTENT="maxillary" HPOS="1309" VPOS="1441" WIDTH="171" HEIGHT="75" STYLEREFS="font0"/><SP WIDTH="23" VPOS="1441" HPOS="1480"/><String ID="p202_w819" CONTENT="bone," HPOS="1503" VPOS="1441" WIDTH="94" HEIGHT="75" STYLEREFS="font0"/><SP WIDTH="36" VPOS="1441" HPOS="1597"/><String ID="p202_w820" CONTENT="forms" HPOS="1633" VPOS="1441" WIDTH="102" HEIGHT="75" STYLEREFS="font0"/><SP WIDTH="28" VPOS="1441" HPOS="1735"/><String ID="p202_w821" CONTENT="a" HPOS="1763" VPOS="1441" WIDTH="18" HEIGHT="75" STYLEREFS="font0"/><SP WIDTH="27" VPOS="1441" HPOS="1781"/><String ID="p202_w822" CONTENT="pafiage" HPOS="1808" VPOS="1441" WIDTH="121" HEIGHT="75" STYLEREFS="font0"/><SP WIDTH="29" VPOS="1441" HPOS="1929"/><String ID="p202_w823" CONTENT="for" HPOS="1958" VPOS="1441" WIDTH="52" HEIGHT="75" STYLEREFS="font0"/><SP WIDTH="26" VPOS="1441" HPOS="2010"/><String ID="p202_w824" CONTENT="the" HPOS="2036" VPOS="1441" WIDTH="55" HEIGHT="75" STYLEREFS="font0"/><SP WIDTH="31" VPOS="1441" HPOS="2091"/><String ID="p202_w825" CONTENT="palatine" HPOS="2122" VPOS="1441" WIDTH="138" HEIGHT="75" STYLEREFS="font0"/></TextLine><TextLine WIDTH="1033" HEIGHT="75" ID="p202_t93" HPOS="1228" VPOS="1487"><String ID="p202_w826" CONTENT="branch" HPOS="1228" VPOS="1487" WIDTH="118" HEIGHT="75" STYLEREFS="font0"/><SP WIDTH="17" VPOS="1487" HPOS="1346"/><String ID="p202_w827" CONTENT="of" HPOS="1363" VPOS="1487" WIDTH="39" HEIGHT="75" STYLEREFS="font0"/><SP WIDTH="19" VPOS="1487" HPOS="1402"/><String ID="p202_w828" CONTENT="the" HPOS="1421" VPOS="1487" WIDTH="55" HEIGHT="75" STYLEREFS="font0"/><SP WIDTH="16" VPOS="1487" HPOS="1476"/><String ID="p202_w829" CONTENT="fifth" HPOS="1492" VPOS="1487" WIDTH="73" HEIGHT="75" STYLEREFS="font0"/><SP WIDTH="17" VPOS="1487" HPOS="1565"/><String ID="p202_w830" CONTENT="pair" HPOS="1582" VPOS="1487" WIDTH="69" HEIGHT="75" STYLEREFS="font0"/><SP WIDTH="16" VPOS="1487" HPOS="1651"/><String ID="p202_w831" CONTENT="of" HPOS="1667" VPOS="1487" WIDTH="39" HEIGHT="75" STYLEREFS="font0"/><SP WIDTH="18" VPOS="1487" HPOS="1706"/><String ID="p202_w832" CONTENT="nerves;" HPOS="1724" VPOS="1487" WIDTH="133" HEIGHT="75" STYLEREFS="font0"/><SP WIDTH="26" VPOS="1487" HPOS="1857"/><String ID="p202_w833" CONTENT="and" HPOS="1883" VPOS="1487" WIDTH="62" HEIGHT="75" STYLEREFS="font0"/><SP WIDTH="17" VPOS="1487" HPOS="1945"/><String ID="p202_w834" CONTENT="by" HPOS="1962" VPOS="1487" WIDTH="42" HEIGHT="75" STYLEREFS="font0"/><SP WIDTH="16" VPOS="1487" HPOS="2004"/><String ID="p202_w835" CONTENT="another" HPOS="2020" VPOS="1487" WIDTH="134" HEIGHT="75" STYLEREFS="font0"/><SP WIDTH="15" VPOS="1487" HPOS="2154"/><String ID="p202_w836" CONTENT="fmall" HPOS="2169" VPOS="1487" WIDTH="92" HEIGHT="75" STYLEREFS="font0"/></TextLine><TextLine WIDTH="1032" HEIGHT="75" ID="p202_t94" HPOS="1227" VPOS="1534"><String ID="p202_w837" CONTENT="hole" HPOS="1227" VPOS="1534" WIDTH="73" HEIGHT="75" STYLEREFS="font0"/><SP WIDTH="17" VPOS="1534" HPOS="1300"/><String ID="p202_w838" CONTENT="behind" HPOS="1317" VPOS="1534" WIDTH="119" HEIGHT="75" STYLEREFS="font0"/><SP WIDTH="16" VPOS="1534" HPOS="1436"/><String ID="p202_w839" CONTENT="this," HPOS="1452" VPOS="1534" WIDTH="76" HEIGHT="75" STYLEREFS="font0"/><SP WIDTH="26" VPOS="1534" HPOS="1528"/><String ID="p202_w840" CONTENT="through" HPOS="1554" VPOS="1534" WIDTH="140" HEIGHT="75" STYLEREFS="font0"/><SP WIDTH="17" VPOS="1534" HPOS="1694"/><String ID="p202_w841" CONTENT="which" HPOS="1711" VPOS="1534" WIDTH="105" HEIGHT="75" STYLEREFS="font0"/><SP WIDTH="13" VPOS="1534" HPOS="1816"/><String ID="p202_w842" CONTENT="a" HPOS="1829" VPOS="1534" WIDTH="19" HEIGHT="75" STYLEREFS="font0"/><SP WIDTH="11" VPOS="1534" HPOS="1848"/><String ID="p202_w843" CONTENT="twig" HPOS="1859" VPOS="1534" WIDTH="77" HEIGHT="75" STYLEREFS="font0"/><SP WIDTH="11" VPOS="1534" HPOS="1936"/><String ID="p202_w844" CONTENT="of" HPOS="1947" VPOS="1534" WIDTH="40" HEIGHT="75" STYLEREFS="font0"/><SP WIDTH="11" VPOS="1534" HPOS="1987"/><String ID="p202_w845" CONTENT="the" HPOS="1998" VPOS="1534" WIDTH="54" HEIGHT="75" STYLEREFS="font0"/><SP WIDTH="16" VPOS="1534" HPOS="2052"/><String ID="p202_w846" CONTENT="fame" HPOS="2068" VPOS="1534" WIDTH="83" HEIGHT="75" STYLEREFS="font0"/><SP WIDTH="12" VPOS="1534" HPOS="2151"/><String ID="p202_w847" CONTENT="nerve" HPOS="2163" VPOS="1534" WIDTH="96" HEIGHT="75" STYLEREFS="font0"/></TextLine><TextLine WIDTH="111" HEIGHT="75" ID="p202_t95" HPOS="1226" VPOS="1580"><String ID="p202_w848" CONTENT="paffesi" HPOS="1226" VPOS="1580" WIDTH="111" HEIGHT="75" STYLEREFS="font0"/></TextLine><TextLine WIDTH="986" HEIGHT="75" ID="p202_t96" HPOS="1274" VPOS="1628"><String ID="p202_w849" CONTENT="The" HPOS="1274" VPOS="1628" WIDTH="76" HEIGHT="75" STYLEREFS="font0"/><SP WIDTH="17" VPOS="1628" HPOS="1350"/><String ID="p202_w850" CONTENT="pterygoid" HPOS="1367" VPOS="1628" WIDTH="168" HEIGHT="75" STYLEREFS="font0"/><SP WIDTH="15" VPOS="1628" HPOS="1535"/><String ID="p202_w851" CONTENT="procefs" HPOS="1550" VPOS="1628" WIDTH="126" HEIGHT="75" STYLEREFS="font0"/><SP WIDTH="16" VPOS="1628" HPOS="1676"/><String ID="p202_w852" CONTENT="is" HPOS="1692" VPOS="1628" WIDTH="27" HEIGHT="75" STYLEREFS="font0"/><SP WIDTH="20" VPOS="1628" HPOS="1719"/><String ID="p202_w853" CONTENT="fomewhat" HPOS="1739" VPOS="1628" WIDTH="173" HEIGHT="75" STYLEREFS="font0"/><SP WIDTH="16" VPOS="1628" HPOS="1912"/><String ID="p202_w854" CONTENT="triangular," HPOS="1928" VPOS="1628" WIDTH="188" HEIGHT="75" STYLEREFS="font0"/><SP WIDTH="25" VPOS="1628" HPOS="2116"/><String ID="p202_w855" CONTENT="having" HPOS="2141" VPOS="1628" WIDTH="119" HEIGHT="75" STYLEREFS="font0"/></TextLine><TextLine WIDTH="1030" HEIGHT="75" ID="p202_t97" HPOS="1229" VPOS="1675"><String ID="p202_w856" CONTENT="a" HPOS="1229" VPOS="1675" WIDTH="17" HEIGHT="75" STYLEREFS="font0"/><SP WIDTH="11" VPOS="1675" HPOS="1246"/><String ID="p202_w857" CONTENT="broachbafe," HPOS="1257" VPOS="1675" WIDTH="202" HEIGHT="75" STYLEREFS="font0"/><SP WIDTH="26" VPOS="1675" HPOS="1459"/><String ID="p202_w858" CONTENT="and" HPOS="1485" VPOS="1675" WIDTH="63" HEIGHT="75" STYLEREFS="font0"/><SP WIDTH="15" VPOS="1675" HPOS="1548"/><String ID="p202_w859" CONTENT="ending" HPOS="1563" VPOS="1675" WIDTH="116" HEIGHT="75" STYLEREFS="font0"/><SP WIDTH="17" VPOS="1675" HPOS="1679"/><String ID="p202_w860" CONTENT="fmaller" HPOS="1696" VPOS="1675" WIDTH="126" HEIGHT="75" STYLEREFS="font0"/><SP WIDTH="15" VPOS="1675" HPOS="1822"/><String ID="p202_w861" CONTENT="above." HPOS="1837" VPOS="1675" WIDTH="112" HEIGHT="75" STYLEREFS="font0"/><SP WIDTH="48" VPOS="1675" HPOS="1949"/><String ID="p202_w862" CONTENT="The" HPOS="1997" VPOS="1675" WIDTH="76" HEIGHT="75" STYLEREFS="font0"/><SP WIDTH="17" VPOS="1675" HPOS="2073"/><String ID="p202_w863" CONTENT="back-part" HPOS="2090" VPOS="1675" WIDTH="169" HEIGHT="75" STYLEREFS="font0"/></TextLine><TextLine WIDTH="1028" HEIGHT="75" ID="p202_t98" HPOS="1229" VPOS="1720"><String ID="p202_w864" CONTENT="of" HPOS="1229" VPOS="1720" WIDTH="39" HEIGHT="75" STYLEREFS="font0"/><SP WIDTH="19" VPOS="1720" HPOS="1268"/><String ID="p202_w865" CONTENT="this" HPOS="1287" VPOS="1720" WIDTH="62" HEIGHT="75" STYLEREFS="font0"/><SP WIDTH="17" VPOS="1720" HPOS="1349"/><String ID="p202_w866" CONTENT="procefs" HPOS="1366" VPOS="1720" WIDTH="125" HEIGHT="75" STYLEREFS="font0"/><SP WIDTH="16" VPOS="1720" HPOS="1491"/><String ID="p202_w867" CONTENT="has" HPOS="1507" VPOS="1720" WIDTH="57" HEIGHT="75" STYLEREFS="font0"/><SP WIDTH="19" VPOS="1720" HPOS="1564"/><String ID="p202_w868" CONTENT="three" HPOS="1583" VPOS="1720" WIDTH="89" HEIGHT="75" STYLEREFS="font0"/><SP WIDTH="17" VPOS="1720" HPOS="1672"/><String ID="p202_w869" CONTENT="foffae" HPOS="1689" VPOS="1720" WIDTH="86" HEIGHT="75" STYLEREFS="font0"/><SP WIDTH="16" VPOS="1720" HPOS="1775"/><String ID="p202_w870" CONTENT="formed" HPOS="1791" VPOS="1720" WIDTH="128" HEIGHT="75" STYLEREFS="font0"/><SP WIDTH="19" VPOS="1720" HPOS="1919"/><String ID="p202_w871" CONTENT="in" HPOS="1938" VPOS="1720" WIDTH="32" HEIGHT="75" STYLEREFS="font0"/><SP WIDTH="16" VPOS="1720" HPOS="1970"/><String ID="p202_w872" CONTENT="it;" HPOS="1986" VPOS="1720" WIDTH="47" HEIGHT="75" STYLEREFS="font0"/><SP WIDTH="27" VPOS="1720" HPOS="2033"/><String ID="p202_w873" CONTENT="the" HPOS="2060" VPOS="1720" WIDTH="56" HEIGHT="75" STYLEREFS="font0"/><SP WIDTH="17" VPOS="1720" HPOS="2116"/><String ID="p202_w874" CONTENT="two" HPOS="2133" VPOS="1720" WIDTH="66" HEIGHT="75" STYLEREFS="font0"/><SP WIDTH="11" VPOS="1720" HPOS="2199"/><String ID="p202_w875" CONTENT="la-" HPOS="2210" VPOS="1720" WIDTH="47" HEIGHT="75" STYLEREFS="font0"/></TextLine><TextLine WIDTH="1032" HEIGHT="75" ID="p202_t99" HPOS="1228" VPOS="1765"><String ID="p202_w876" CONTENT="teral" HPOS="1228" VPOS="1765" WIDTH="79" HEIGHT="75" STYLEREFS="font0"/><SP WIDTH="17" VPOS="1765" HPOS="1307"/><String ID="p202_w877" CONTENT="receive" HPOS="1324" VPOS="1765" WIDTH="123" HEIGHT="75" STYLEREFS="font0"/><SP WIDTH="16" VPOS="1765" HPOS="1447"/><String ID="p202_w878" CONTENT="the" HPOS="1463" VPOS="1765" WIDTH="55" HEIGHT="75" STYLEREFS="font0"/><SP WIDTH="13" VPOS="1765" HPOS="1518"/><String ID="p202_w879" CONTENT="ends" HPOS="1531" VPOS="1765" WIDTH="77" HEIGHT="75" STYLEREFS="font0"/><SP WIDTH="21" VPOS="1765" HPOS="1608"/><String ID="p202_w880" CONTENT="pf" HPOS="1629" VPOS="1765" WIDTH="40" HEIGHT="75" STYLEREFS="font0"/><SP WIDTH="17" VPOS="1765" HPOS="1669"/><String ID="p202_w881" CONTENT="the" HPOS="1686" VPOS="1765" WIDTH="56" HEIGHT="75" STYLEREFS="font0"/><SP WIDTH="19" VPOS="1765" HPOS="1742"/><String ID="p202_w882" CONTENT="two" HPOS="1761" VPOS="1765" WIDTH="67" HEIGHT="75" STYLEREFS="font0"/><SP WIDTH="22" VPOS="1765" HPOS="1828"/><String ID="p202_w883" CONTENT="plates" HPOS="1850" VPOS="1765" WIDTH="102" HEIGHT="75" STYLEREFS="font0"/><SP WIDTH="17" VPOS="1765" HPOS="1952"/><String ID="p202_w884" CONTENT="of" HPOS="1969" VPOS="1765" WIDTH="39" HEIGHT="75" STYLEREFS="font0"/><SP WIDTH="18" VPOS="1765" HPOS="2008"/><String ID="p202_w885" CONTENT="the" HPOS="2026" VPOS="1765" WIDTH="56" HEIGHT="75" STYLEREFS="font0"/><SP WIDTH="22" VPOS="1765" HPOS="2082"/><String ID="p202_w886" CONTENT="fphenoid" HPOS="2104" VPOS="1765" WIDTH="156" HEIGHT="75" STYLEREFS="font0"/></TextLine><TextLine WIDTH="1030" HEIGHT="75" ID="p202_t100" HPOS="1228" VPOS="1812"><String ID="p202_w887" CONTENT="bone," HPOS="1228" VPOS="1812" WIDTH="93" HEIGHT="75" STYLEREFS="font0"/><SP WIDTH="26" VPOS="1812" HPOS="1321"/><String ID="p202_w888" CONTENT="that" HPOS="1347" VPOS="1812" WIDTH="69" HEIGHT="75" STYLEREFS="font0"/><SP WIDTH="18" VPOS="1812" HPOS="1416"/><String ID="p202_w889" CONTENT="are" HPOS="1434" VPOS="1812" WIDTH="53" HEIGHT="75" STYLEREFS="font0"/><SP WIDTH="17" VPOS="1812" HPOS="1487"/><String ID="p202_w890" CONTENT="commonly" HPOS="1504" VPOS="1812" WIDTH="180" HEIGHT="75" STYLEREFS="font0"/><SP WIDTH="17" VPOS="1812" HPOS="1684"/><String ID="p202_w891" CONTENT="compared" HPOS="1701" VPOS="1812" WIDTH="169" HEIGHT="75" STYLEREFS="font0"/><SP WIDTH="16" VPOS="1812" HPOS="1870"/><String ID="p202_w892" CONTENT="to" HPOS="1886" VPOS="1812" WIDTH="35" HEIGHT="75" STYLEREFS="font0"/><SP WIDTH="17" VPOS="1812" HPOS="1921"/><String ID="p202_w893" CONTENT="a" HPOS="1938" VPOS="1812" WIDTH="17" HEIGHT="75" STYLEREFS="font0"/><SP WIDTH="16" VPOS="1812" HPOS="1955"/><String ID="p202_w894" CONTENT="bat’s" HPOS="1971" VPOS="1812" WIDTH="82" HEIGHT="75" STYLEREFS="font0"/><SP WIDTH="18" VPOS="1812" HPOS="2053"/><String ID="p202_w895" CONTENT="wing;" HPOS="2071" VPOS="1812" WIDTH="104" HEIGHT="75" STYLEREFS="font0"/><SP WIDTH="28" VPOS="1812" HPOS="2175"/><String ID="p202_w896" CONTENT="the" HPOS="2203" VPOS="1812" WIDTH="55" HEIGHT="75" STYLEREFS="font0"/></TextLine><TextLine WIDTH="1032" HEIGHT="75" ID="p202_t101" HPOS="1227" VPOS="1858"><String ID="p202_w897" CONTENT="middle" HPOS="1227" VPOS="1858" WIDTH="119" HEIGHT="75" STYLEREFS="font0"/><SP WIDTH="16" VPOS="1858" HPOS="1346"/><String ID="p202_w898" CONTENT="fofia" HPOS="1362" VPOS="1858" WIDTH="78" HEIGHT="75" STYLEREFS="font0"/><SP WIDTH="15" VPOS="1858" HPOS="1440"/><String ID="p202_w899" CONTENT="makes" HPOS="1455" VPOS="1858" WIDTH="108" HEIGHT="75" STYLEREFS="font0"/><SP WIDTH="18" VPOS="1858" HPOS="1563"/><String ID="p202_w900" CONTENT="up" HPOS="1581" VPOS="1858" WIDTH="41" HEIGHT="75" STYLEREFS="font0"/><SP WIDTH="16" VPOS="1858" HPOS="1622"/><String ID="p202_w901" CONTENT="a" HPOS="1638" VPOS="1858" WIDTH="19" HEIGHT="75" STYLEREFS="font0"/><SP WIDTH="16" VPOS="1858" HPOS="1657"/><String ID="p202_w902" CONTENT="part" HPOS="1673" VPOS="1858" WIDTH="70" HEIGHT="75" STYLEREFS="font0"/><SP WIDTH="17" VPOS="1858" HPOS="1743"/><String ID="p202_w903" CONTENT="of" HPOS="1760" VPOS="1858" WIDTH="40" HEIGHT="75" STYLEREFS="font0"/><SP WIDTH="12" VPOS="1858" HPOS="1800"/><String ID="p202_w904" CONTENT="what" HPOS="1812" VPOS="1858" WIDTH="86" HEIGHT="75" STYLEREFS="font0"/><SP WIDTH="16" VPOS="1858" HPOS="1898"/><String ID="p202_w905" CONTENT="is" HPOS="1914" VPOS="1858" WIDTH="27" HEIGHT="75" STYLEREFS="font0"/><SP WIDTH="17" VPOS="1858" HPOS="1941"/><String ID="p202_w906" CONTENT="commonly" HPOS="1958" VPOS="1858" WIDTH="182" HEIGHT="75" STYLEREFS="font0"/><SP WIDTH="16" VPOS="1858" HPOS="2140"/><String ID="p202_w907" CONTENT="called" HPOS="2156" VPOS="1858" WIDTH="103" HEIGHT="75" STYLEREFS="font0"/></TextLine><TextLine WIDTH="1028" HEIGHT="75" ID="p202_t102" HPOS="1228" VPOS="1903"><String ID="p202_w908" CONTENT="the" HPOS="1228" VPOS="1903" WIDTH="53" HEIGHT="75" STYLEREFS="font0"/><SP WIDTH="13" VPOS="1903" HPOS="1281"/><String ID="p202_w909" CONTENT="foJ)'" HPOS="1294" VPOS="1903" WIDTH="68" HEIGHT="75" STYLEREFS="font0"/><String ID="p202_w910" CONTENT="a" HPOS="1362" VPOS="1903" WIDTH="17" HEIGHT="75" STYLEREFS="font0"/><SP WIDTH="18" VPOS="1903" HPOS="1379"/><String ID="p202_w911" CONTENT="pterygoidea" HPOS="1397" VPOS="1903" WIDTH="205" HEIGHT="75" STYLEREFS="font0"/><SP WIDTH="12" VPOS="1903" HPOS="1602"/><String ID="p202_w912" CONTENT=";" HPOS="1614" VPOS="1903" WIDTH="11" HEIGHT="75" STYLEREFS="font0"/><SP WIDTH="28" VPOS="1903" HPOS="1625"/><String ID="p202_w913" CONTENT="the" HPOS="1653" VPOS="1903" WIDTH="55" HEIGHT="75" STYLEREFS="font0"/><SP WIDTH="21" VPOS="1903" HPOS="1708"/><String ID="p202_w914" CONTENT="fore-lide" HPOS="1729" VPOS="1903" WIDTH="151" HEIGHT="75" STYLEREFS="font0"/><SP WIDTH="16" VPOS="1903" HPOS="1880"/><String ID="p202_w915" CONTENT="of" HPOS="1896" VPOS="1903" WIDTH="40" HEIGHT="75" STYLEREFS="font0"/><SP WIDTH="17" VPOS="1903" HPOS="1936"/><String ID="p202_w916" CONTENT="this" HPOS="1953" VPOS="1903" WIDTH="64" HEIGHT="75" STYLEREFS="font0"/><SP WIDTH="17" VPOS="1903" HPOS="2017"/><String ID="p202_w917" CONTENT="palatine" HPOS="2034" VPOS="1903" WIDTH="137" HEIGHT="75" STYLEREFS="font0"/><SP WIDTH="16" VPOS="1903" HPOS="2171"/><String ID="p202_w918" CONTENT="pte-" HPOS="2187" VPOS="1903" WIDTH="69" HEIGHT="75" STYLEREFS="font0"/></TextLine><TextLine WIDTH="1032" HEIGHT="75" ID="p202_t103" HPOS="1226" VPOS="1948"><String ID="p202_w919" CONTENT="rygoid" HPOS="1226" VPOS="1948" WIDTH="115" HEIGHT="75" STYLEREFS="font0"/><SP WIDTH="15" VPOS="1948" HPOS="1341"/><String ID="p202_w920" CONTENT="procefs" HPOS="1356" VPOS="1948" WIDTH="124" HEIGHT="75" STYLEREFS="font0"/><SP WIDTH="17" VPOS="1948" HPOS="1480"/><String ID="p202_w921" CONTENT="is" HPOS="1497" VPOS="1948" WIDTH="28" HEIGHT="75" STYLEREFS="font0"/><SP WIDTH="16" VPOS="1948" HPOS="1525"/><String ID="p202_w922" CONTENT="an" HPOS="1541" VPOS="1948" WIDTH="39" HEIGHT="75" STYLEREFS="font0"/><SP WIDTH="16" VPOS="1948" HPOS="1580"/><String ID="p202_w923" CONTENT="irregular" HPOS="1596" VPOS="1948" WIDTH="154" HEIGHT="75" STYLEREFS="font0"/><SP WIDTH="16" VPOS="1948" HPOS="1750"/><String ID="p202_w924" CONTENT="concave," HPOS="1766" VPOS="1948" WIDTH="149" HEIGHT="75" STYLEREFS="font0"/><SP WIDTH="24" VPOS="1948" HPOS="1915"/><String ID="p202_w925" CONTENT="where" HPOS="1939" VPOS="1948" WIDTH="107" HEIGHT="75" STYLEREFS="font0"/><SP WIDTH="21" VPOS="1948" HPOS="2046"/><String ID="p202_w926" CONTENT="it" HPOS="2067" VPOS="1948" WIDTH="28" HEIGHT="75" STYLEREFS="font0"/><SP WIDTH="24" VPOS="1948" HPOS="2095"/><String ID="p202_w927" CONTENT="receives" HPOS="2119" VPOS="1948" WIDTH="139" HEIGHT="75" STYLEREFS="font0"/></TextLine><TextLine WIDTH="1033" HEIGHT="75" ID="p202_t104" HPOS="1226" VPOS="1994"><String ID="p202_w928" CONTENT="the" HPOS="1226" VPOS="1994" WIDTH="54" HEIGHT="75" STYLEREFS="font0"/><SP WIDTH="25" VPOS="1994" HPOS="1280"/><String ID="p202_w929" CONTENT="back-part" HPOS="1305" VPOS="1994" WIDTH="170" HEIGHT="75" STYLEREFS="font0"/><SP WIDTH="24" VPOS="1994" HPOS="1475"/><String ID="p202_w930" CONTENT="of" HPOS="1499" VPOS="1994" WIDTH="41" HEIGHT="75" STYLEREFS="font0"/><SP WIDTH="18" VPOS="1994" HPOS="1540"/><String ID="p202_w931" CONTENT="the" HPOS="1558" VPOS="1994" WIDTH="56" HEIGHT="75" STYLEREFS="font0"/><SP WIDTH="23" VPOS="1994" HPOS="1614"/><String ID="p202_w932" CONTENT="great" HPOS="1637" VPOS="1994" WIDTH="90" HEIGHT="75" STYLEREFS="font0"/><SP WIDTH="25" VPOS="1994" HPOS="1727"/><String ID="p202_w933" CONTENT="tuberofity" HPOS="1752" VPOS="1994" WIDTH="174" HEIGHT="75" STYLEREFS="font0"/><SP WIDTH="23" VPOS="1994" HPOS="1926"/><String ID="p202_w934" CONTENT="of" HPOS="1949" VPOS="1994" WIDTH="41" HEIGHT="75" STYLEREFS="font0"/><SP WIDTH="19" VPOS="1994" HPOS="1990"/><String ID="p202_w935" CONTENT="the" HPOS="2009" VPOS="1994" WIDTH="54" HEIGHT="75" STYLEREFS="font0"/><SP WIDTH="23" VPOS="1994" HPOS="2063"/><String ID="p202_w936" CONTENT="maxillary" HPOS="2086" VPOS="1994" WIDTH="173" HEIGHT="75" STYLEREFS="font0"/></TextLine><TextLine WIDTH="1032" HEIGHT="75" ID="p202_t105" HPOS="1226" VPOS="2041"><String ID="p202_w937" CONTENT="bone." HPOS="1226" VPOS="2041" WIDTH="94" HEIGHT="75" STYLEREFS="font0"/><SP WIDTH="85" VPOS="2041" HPOS="1320"/><String ID="p202_w938" CONTENT="-frequently" HPOS="1405" VPOS="2041" WIDTH="208" HEIGHT="75" STYLEREFS="font0"/><SP WIDTH="12" VPOS="2041" HPOS="1613"/><String ID="p202_w939" CONTENT="feveral" HPOS="1625" VPOS="2041" WIDTH="119" HEIGHT="75" STYLEREFS="font0"/><SP WIDTH="15" VPOS="2041" HPOS="1744"/><String ID="p202_w940" CONTENT="fmall" HPOS="1759" VPOS="2041" WIDTH="89" HEIGHT="75" STYLEREFS="font0"/><SP WIDTH="13" VPOS="2041" HPOS="1848"/><String ID="p202_w941" CONTENT="holes" HPOS="1861" VPOS="2041" WIDTH="89" HEIGHT="75" STYLEREFS="font0"/><SP WIDTH="14" VPOS="2041" HPOS="1950"/><String ID="p202_w942" CONTENT="may" HPOS="1964" VPOS="2041" WIDTH="73" HEIGHT="75" STYLEREFS="font0"/><SP WIDTH="12" VPOS="2041" HPOS="2037"/><String ID="p202_w943" CONTENT="be" HPOS="2049" VPOS="2041" WIDTH="39" HEIGHT="75" STYLEREFS="font0"/><SP WIDTH="16" VPOS="2041" HPOS="2088"/><String ID="p202_w944" CONTENT="obferved" HPOS="2104" VPOS="2041" WIDTH="154" HEIGHT="75" STYLEREFS="font0"/></TextLine><TextLine WIDTH="1049" HEIGHT="75" ID="p202_t106" HPOS="1226" VPOS="2087"><String ID="p202_w945" CONTENT="in" HPOS="1226" VPOS="2087" WIDTH="30" HEIGHT="75" STYLEREFS="font0"/><SP WIDTH="19" VPOS="2087" HPOS="1256"/><String ID="p202_w946" CONTENT="this" HPOS="1275" VPOS="2087" WIDTH="62" HEIGHT="75" STYLEREFS="font0"/><SP WIDTH="33" VPOS="2087" HPOS="1337"/><String ID="p202_w947" CONTENT="triangular" HPOS="1370" VPOS="2087" WIDTH="174" HEIGHT="75" STYLEREFS="font0"/><SP WIDTH="15" VPOS="2087" HPOS="1544"/><String ID="p202_w948" CONTENT="procefs," HPOS="1559" VPOS="2087" WIDTH="137" HEIGHT="75" STYLEREFS="font0"/><SP WIDTH="26" VPOS="2087" HPOS="1696"/><String ID="p202_w949" CONTENT="particularly" HPOS="1722" VPOS="2087" WIDTH="207" HEIGHT="75" STYLEREFS="font0"/><SP WIDTH="16" VPOS="2087" HPOS="1929"/><String ID="p202_w950" CONTENT="one" HPOS="1945" VPOS="2087" WIDTH="59" HEIGHT="75" STYLEREFS="font0"/><SP WIDTH="13" VPOS="2087" HPOS="2004"/><String ID="p202_w951" CONTENT="near" HPOS="2017" VPOS="2087" WIDTH="73" HEIGHT="75" STYLEREFS="font0"/><SP WIDTH="13" VPOS="2087" HPOS="2090"/><String ID="p202_w952" CONTENT="the" HPOS="2103" VPOS="2087" WIDTH="55" HEIGHT="75" STYLEREFS="font0"/><SP WIDTH="16" VPOS="2087" HPOS="2158"/><String ID="p202_w953" CONTENT="mid-" HPOS="2174" VPOS="2087" WIDTH="82" HEIGHT="75" STYLEREFS="font0"/><SP WIDTH="13" VPOS="2087" HPOS="2256"/><String ID="p202_w954" CONTENT="•" HPOS="2269" VPOS="2087" WIDTH="6" HEIGHT="75" STYLEREFS="font0"/></TextLine><TextLine WIDTH="1031" HEIGHT="75" ID="p202_t107" HPOS="1225" VPOS="2133"><String ID="p202_w955" CONTENT="die" HPOS="1225" VPOS="2133" WIDTH="52" HEIGHT="75" STYLEREFS="font0"/><SP WIDTH="12" VPOS="2133" HPOS="1277"/><String ID="p202_w956" CONTENT="of" HPOS="1289" VPOS="2133" WIDTH="41" HEIGHT="75" STYLEREFS="font0"/><SP WIDTH="17" VPOS="2133" HPOS="1330"/><String ID="p202_w957" CONTENT="its" HPOS="1347" VPOS="2133" WIDTH="42" HEIGHT="75" STYLEREFS="font0"/><SP WIDTH="13" VPOS="2133" HPOS="1389"/><String ID="p202_w958" CONTENT="bafe," HPOS="1402" VPOS="2133" WIDTH="83" HEIGHT="75" STYLEREFS="font0"/><SP WIDTH="26" VPOS="2133" HPOS="1485"/><String ID="p202_w959" CONTENT="which," HPOS="1511" VPOS="2133" WIDTH="118" HEIGHT="75" STYLEREFS="font0"/><SP WIDTH="25" VPOS="2133" HPOS="1629"/><String ID="p202_w960" CONTENT="a" HPOS="1654" VPOS="2133" WIDTH="20" HEIGHT="75" STYLEREFS="font0"/><SP WIDTH="9" VPOS="2133" HPOS="1674"/><String ID="p202_w961" CONTENT="little" HPOS="1683" VPOS="2133" WIDTH="85" HEIGHT="75" STYLEREFS="font0"/><SP WIDTH="12" VPOS="2133" HPOS="1768"/><String ID="p202_w962" CONTENT="above," HPOS="1780" VPOS="2133" WIDTH="113" HEIGHT="75" STYLEREFS="font0"/><SP WIDTH="25" VPOS="2133" HPOS="1893"/><String ID="p202_w963" CONTENT="communicates" HPOS="1918" VPOS="2133" WIDTH="246" HEIGHT="75" STYLEREFS="font0"/><SP WIDTH="14" VPOS="2133" HPOS="2164"/><String ID="p202_w964" CONTENT="with" HPOS="2178" VPOS="2133" WIDTH="78" HEIGHT="75" STYLEREFS="font0"/></TextLine><TextLine WIDTH="1031" HEIGHT="75" ID="p202_t108" HPOS="1225" VPOS="2181"><String ID="p202_w965" CONTENT="the" HPOS="1225" VPOS="2181" WIDTH="54" HEIGHT="75" STYLEREFS="font0"/><SP WIDTH="17" VPOS="2181" HPOS="1279"/><String ID="p202_w966" CONTENT="common" HPOS="1296" VPOS="2181" WIDTH="148" HEIGHT="75" STYLEREFS="font0"/><SP WIDTH="17" VPOS="2181" HPOS="1444"/><String ID="p202_w967" CONTENT="and" HPOS="1461" VPOS="2181" WIDTH="60" HEIGHT="75" STYLEREFS="font0"/><SP WIDTH="13" VPOS="2181" HPOS="1521"/><String ID="p202_w968" CONTENT="proper" HPOS="1534" VPOS="2181" WIDTH="115" HEIGHT="75" STYLEREFS="font0"/><SP WIDTH="14" VPOS="2181" HPOS="1649"/><String ID="p202_w969" CONTENT="holes" HPOS="1663" VPOS="2181" WIDTH="92" HEIGHT="75" STYLEREFS="font0"/><SP WIDTH="17" VPOS="2181" HPOS="1755"/><String ID="p202_w970" CONTENT="of" HPOS="1772" VPOS="2181" WIDTH="39" HEIGHT="75" STYLEREFS="font0"/><SP WIDTH="18" VPOS="2181" HPOS="1811"/><String ID="p202_w971" CONTENT="this" HPOS="1829" VPOS="2181" WIDTH="65" HEIGHT="75" STYLEREFS="font0"/><SP WIDTH="16" VPOS="2181" HPOS="1894"/><String ID="p202_w972" CONTENT="bone" HPOS="1910" VPOS="2181" WIDTH="81" HEIGHT="75" STYLEREFS="font0"/><SP WIDTH="18" VPOS="2181" HPOS="1991"/><String ID="p202_w973" CONTENT="already" HPOS="2009" VPOS="2181" WIDTH="129" HEIGHT="75" STYLEREFS="font0"/><SP WIDTH="23" VPOS="2181" HPOS="2138"/><String ID="p202_w974" CONTENT="taken" HPOS="2161" VPOS="2181" WIDTH="95" HEIGHT="75" STYLEREFS="font0"/></TextLine><TextLine WIDTH="167" HEIGHT="75" ID="p202_t109" HPOS="1225" VPOS="2227"><String ID="p202_w975" CONTENT="notice" HPOS="1225" VPOS="2227" WIDTH="104" HEIGHT="75" STYLEREFS="font0"/><SP WIDTH="17" VPOS="2227" HPOS="1329"/><String ID="p202_w976" CONTENT="of." HPOS="1346" VPOS="2227" WIDTH="46" HEIGHT="75" STYLEREFS="font0"/></TextLine><TextLine WIDTH="985" HEIGHT="75" ID="p202_t110" HPOS="1272" VPOS="2274"><String ID="p202_w977" CONTENT="The" HPOS="1272" VPOS="2274" WIDTH="75" HEIGHT="75" STYLEREFS="font0"/><SP WIDTH="17" VPOS="2274" HPOS="1347"/><String ID="p202_w978" CONTENT="nafal" HPOS="1364" VPOS="2274" WIDTH="84" HEIGHT="75" STYLEREFS="font0"/><SP WIDTH="23" VPOS="2274" HPOS="1448"/><String ID="p202_w979" CONTENT="lamella" HPOS="1471" VPOS="2274" WIDTH="127" HEIGHT="75" STYLEREFS="font0"/><SP WIDTH="24" VPOS="2274" HPOS="1598"/><String ID="p202_w980" CONTENT="of" HPOS="1622" VPOS="2274" WIDTH="40" HEIGHT="75" STYLEREFS="font0"/><SP WIDTH="18" VPOS="2274" HPOS="1662"/><String ID="p202_w981" CONTENT="this" HPOS="1680" VPOS="2274" WIDTH="64" HEIGHT="75" STYLEREFS="font0"/><SP WIDTH="22" VPOS="2274" HPOS="1744"/><String ID="p202_w982" CONTENT="bone.is" HPOS="1766" VPOS="2274" WIDTH="126" HEIGHT="75" STYLEREFS="font0"/><SP WIDTH="16" VPOS="2274" HPOS="1892"/><String ID="p202_w983" CONTENT="extremely" HPOS="1908" VPOS="2274" WIDTH="178" HEIGHT="75" STYLEREFS="font0"/><SP WIDTH="15" VPOS="2274" HPOS="2086"/><String ID="p202_w984" CONTENT="thin" HPOS="2101" VPOS="2274" WIDTH="70" HEIGHT="75" STYLEREFS="font0"/><SP WIDTH="23" VPOS="2274" HPOS="2171"/><String ID="p202_w985" CONTENT="and" HPOS="2194" VPOS="2274" WIDTH="63" HEIGHT="75" STYLEREFS="font0"/></TextLine><TextLine WIDTH="1031" HEIGHT="75" ID="p202_t111" HPOS="1225" VPOS="2320"><String ID="p202_w986" CONTENT="brittle," HPOS="1225" VPOS="2320" WIDTH="122" HEIGHT="75" STYLEREFS="font0"/><SP WIDTH="26" VPOS="2320" HPOS="1347"/><String ID="p202_w987" CONTENT="and" HPOS="1373" VPOS="2320" WIDTH="62" HEIGHT="75" STYLEREFS="font0"/><SP WIDTH="18" VPOS="2320" HPOS="1435"/><String ID="p202_w988" CONTENT="rifes" HPOS="1453" VPOS="2320" WIDTH="74" HEIGHT="75" STYLEREFS="font0"/><SP WIDTH="17" VPOS="2320" HPOS="1527"/><String ID="p202_w989" CONTENT="upwards" HPOS="1544" VPOS="2320" WIDTH="145" HEIGHT="75" STYLEREFS="font0"/><SP WIDTH="17" VPOS="2320" HPOS="1689"/><String ID="p202_w990" CONTENT="from" HPOS="1706" VPOS="2320" WIDTH="83" HEIGHT="75" STYLEREFS="font0"/><SP WIDTH="18" VPOS="2320" HPOS="1789"/><String ID="p202_w991" CONTENT="the" HPOS="1807" VPOS="2320" WIDTH="55" HEIGHT="75" STYLEREFS="font0"/><SP WIDTH="17" VPOS="2320" HPOS="1862"/><String ID="p202_w992" CONTENT="upper" HPOS="1879" VPOS="2320" WIDTH="98" HEIGHT="75" STYLEREFS="font0"/><SP WIDTH="11" VPOS="2320" HPOS="1977"/><String ID="p202_w993" CONTENT="fide" HPOS="1988" VPOS="2320" WIDTH="64" HEIGHT="75" STYLEREFS="font0"/><SP WIDTH="16" VPOS="2320" HPOS="2052"/><String ID="p202_w994" CONTENT="of" HPOS="2068" VPOS="2320" WIDTH="39" HEIGHT="75" STYLEREFS="font0"/><SP WIDTH="19" VPOS="2320" HPOS="2107"/><String ID="p202_w995" CONTENT="the" HPOS="2126" VPOS="2320" WIDTH="55" HEIGHT="75" STYLEREFS="font0"/><SP WIDTH="16" VPOS="2320" HPOS="2181"/><String ID="p202_w996" CONTENT="ex-" HPOS="2197" VPOS="2320" WIDTH="59" HEIGHT="75" STYLEREFS="font0"/></TextLine><TextLine WIDTH="1030" HEIGHT="75" ID="p202_t112" HPOS="1226" VPOS="2366"><String ID="p202_w997" CONTENT="ternal" HPOS="1226" VPOS="2366" WIDTH="101" HEIGHT="75" STYLEREFS="font0"/><SP WIDTH="17" VPOS="2366" HPOS="1327"/><String ID="p202_w998" CONTENT="edge" HPOS="1344" VPOS="2366" WIDTH="78" HEIGHT="75" STYLEREFS="font0"/><SP WIDTH="17" VPOS="2366" HPOS="1422"/><String ID="p202_w999" CONTENT="of" HPOS="1439" VPOS="2366" WIDTH="41" HEIGHT="75" STYLEREFS="font0"/><SP WIDTH="11" VPOS="2366" HPOS="1480"/><String ID="p202_w1000" CONTENT="the" HPOS="1491" VPOS="2366" WIDTH="54" HEIGHT="75" STYLEREFS="font0"/><SP WIDTH="16" VPOS="2366" HPOS="1545"/><String ID="p202_w1001" CONTENT="fquare" HPOS="1561" VPOS="2366" WIDTH="112" HEIGHT="75" STYLEREFS="font0"/><SP WIDTH="17" VPOS="2366" HPOS="1673"/><String ID="p202_w1002" CONTENT="bone," HPOS="1690" VPOS="2366" WIDTH="95" HEIGHT="75" STYLEREFS="font0"/><SP WIDTH="26" VPOS="2366" HPOS="1785"/><String ID="p202_w1003" CONTENT="and" HPOS="1811" VPOS="2366" WIDTH="61" HEIGHT="75" STYLEREFS="font0"/><SP WIDTH="14" VPOS="2366" HPOS="1872"/><String ID="p202_w1004" CONTENT="from" HPOS="1886" VPOS="2366" WIDTH="86" HEIGHT="75" STYLEREFS="font0"/><SP WIDTH="17" VPOS="2366" HPOS="1972"/><String ID="p202_w1005" CONTENT="the" HPOS="1989" VPOS="2366" WIDTH="54" HEIGHT="75" STYLEREFS="font0"/><SP WIDTH="12" VPOS="2366" HPOS="2043"/><String ID="p202_w1006" CONTENT="narrow" HPOS="2055" VPOS="2366" WIDTH="126" HEIGHT="75" STYLEREFS="font0"/><SP WIDTH="16" VPOS="2366" HPOS="2181"/><String ID="p202_w1007" CONTENT="ex-" HPOS="2197" VPOS="2366" WIDTH="59" HEIGHT="75" STYLEREFS="font0"/></TextLine><TextLine WIDTH="1029" HEIGHT="75" ID="p202_t113" HPOS="1226" VPOS="2412"><String ID="p202_w1008" CONTENT="tremity" HPOS="1226" VPOS="2412" WIDTH="130" HEIGHT="75" STYLEREFS="font0"/><SP WIDTH="16" VPOS="2412" HPOS="1356"/><String ID="p202_w1009" CONTENT="of" HPOS="1372" VPOS="2412" WIDTH="39" HEIGHT="75" STYLEREFS="font0"/><SP WIDTH="19" VPOS="2412" HPOS="1411"/><String ID="p202_w1010" CONTENT="the" HPOS="1430" VPOS="2412" WIDTH="56" HEIGHT="75" STYLEREFS="font0"/><SP WIDTH="22" VPOS="2412" HPOS="1486"/><String ID="p202_w1011" CONTENT="pterygoid" HPOS="1508" VPOS="2412" WIDTH="169" HEIGHT="75" STYLEREFS="font0"/><SP WIDTH="21" VPOS="2412" HPOS="1677"/><String ID="p202_w1012" CONTENT="procefs;" HPOS="1698" VPOS="2412" WIDTH="145" HEIGHT="75" STYLEREFS="font0"/><SP WIDTH="28" VPOS="2412" HPOS="1843"/><String ID="p202_w1013" CONTENT="where" HPOS="1871" VPOS="2412" WIDTH="106" HEIGHT="75" STYLEREFS="font0"/><SP WIDTH="25" VPOS="2412" HPOS="1977"/><String ID="p202_w1014" CONTENT="it" HPOS="2002" VPOS="2412" WIDTH="25" HEIGHT="75" STYLEREFS="font0"/><SP WIDTH="24" VPOS="2412" HPOS="2027"/><String ID="p202_w1015" CONTENT="is" HPOS="2051" VPOS="2412" WIDTH="26" HEIGHT="75" STYLEREFS="font0"/><SP WIDTH="17" VPOS="2412" HPOS="2077"/><String ID="p202_w1016" CONTENT="fo" HPOS="2094" VPOS="2412" WIDTH="35" HEIGHT="75" STYLEREFS="font0"/><SP WIDTH="24" VPOS="2412" HPOS="2129"/><String ID="p202_w1017" CONTENT="weak," HPOS="2153" VPOS="2412" WIDTH="102" HEIGHT="75" STYLEREFS="font0"/></TextLine><TextLine WIDTH="1031" HEIGHT="75" ID="p202_t114" HPOS="1225" VPOS="2458"><String ID="p202_w1018" CONTENT="and" HPOS="1225" VPOS="2458" WIDTH="60" HEIGHT="75" STYLEREFS="font0"/><SP WIDTH="25" VPOS="2458" HPOS="1285"/><String ID="p202_w1019" CONTENT="at" HPOS="1310" VPOS="2458" WIDTH="33" HEIGHT="75" STYLEREFS="font0"/><SP WIDTH="25" VPOS="2458" HPOS="1343"/><String ID="p202_w1020" CONTENT="the" HPOS="1368" VPOS="2458" WIDTH="54" HEIGHT="75" STYLEREFS="font0"/><SP WIDTH="28" VPOS="2458" HPOS="1422"/><String ID="p202_w1021" CONTENT="fame" HPOS="1450" VPOS="2458" WIDTH="83" HEIGHT="75" STYLEREFS="font0"/><SP WIDTH="24" VPOS="2458" HPOS="1533"/><String ID="p202_w1022" CONTENT="time" HPOS="1557" VPOS="2458" WIDTH="76" HEIGHT="75" STYLEREFS="font0"/><SP WIDTH="25" VPOS="2458" HPOS="1633"/><String ID="p202_w1023" CONTENT="fo" HPOS="1658" VPOS="2458" WIDTH="32" HEIGHT="75" STYLEREFS="font0"/><SP WIDTH="24" VPOS="2458" HPOS="1690"/><String ID="p202_w1024" CONTENT="firmly" HPOS="1714" VPOS="2458" WIDTH="105" HEIGHT="75" STYLEREFS="font0"/><SP WIDTH="26" VPOS="2458" HPOS="1819"/><String ID="p202_w1025" CONTENT="fixed" HPOS="1845" VPOS="2458" WIDTH="88" HEIGHT="75" STYLEREFS="font0"/><SP WIDTH="23" VPOS="2458" HPOS="1933"/><String ID="p202_w1026" CONTENT="to" HPOS="1956" VPOS="2458" WIDTH="34" HEIGHT="75" STYLEREFS="font0"/><SP WIDTH="24" VPOS="2458" HPOS="1990"/><String ID="p202_w1027" CONTENT="the" HPOS="2014" VPOS="2458" WIDTH="54" HEIGHT="75" STYLEREFS="font0"/><SP WIDTH="17" VPOS="2458" HPOS="2068"/><String ID="p202_w1028" CONTENT="maxillary" HPOS="2085" VPOS="2458" WIDTH="171" HEIGHT="75" STYLEREFS="font0"/></TextLine><TextLine WIDTH="1031" HEIGHT="75" ID="p202_t115" HPOS="1225" VPOS="2503"><String ID="p202_w1029" CONTENT="bone,-" HPOS="1225" VPOS="2503" WIDTH="108" HEIGHT="75" STYLEREFS="font0"/><SP WIDTH="12" VPOS="2503" HPOS="1333"/><String ID="p202_w1030" CONTENT="as" HPOS="1345" VPOS="2503" WIDTH="35" HEIGHT="75" STYLEREFS="font0"/><SP WIDTH="13" VPOS="2503" HPOS="1380"/><String ID="p202_w1031" CONTENT="to" HPOS="1393" VPOS="2503" WIDTH="35" HEIGHT="75" STYLEREFS="font0"/><SP WIDTH="15" VPOS="2503" HPOS="1428"/><String ID="p202_w1032" CONTENT="be" HPOS="1443" VPOS="2503" WIDTH="40" HEIGHT="75" STYLEREFS="font0"/><SP WIDTH="16" VPOS="2503" HPOS="1483"/><String ID="p202_w1033" CONTENT="very" HPOS="1499" VPOS="2503" WIDTH="78" HEIGHT="75" STYLEREFS="font0"/><SP WIDTH="10" VPOS="2503" HPOS="1577"/><String ID="p202_w1034" CONTENT="liable" HPOS="1587" VPOS="2503" WIDTH="96" HEIGHT="75" STYLEREFS="font0"/><SP WIDTH="16" VPOS="2503" HPOS="1683"/><String ID="p202_w1035" CONTENT="to" HPOS="1699" VPOS="2503" WIDTH="35" HEIGHT="75" STYLEREFS="font0"/><SP WIDTH="20" VPOS="2503" HPOS="1734"/><String ID="p202_w1036" CONTENT="be" HPOS="1754" VPOS="2503" WIDTH="40" HEIGHT="75" STYLEREFS="font0"/><SP WIDTH="22" VPOS="2503" HPOS="1794"/><String ID="p202_w1037" CONTENT="broken" HPOS="1816" VPOS="2503" WIDTH="122" HEIGHT="75" STYLEREFS="font0"/><SP WIDTH="16" VPOS="2503" HPOS="1938"/><String ID="p202_w1038" CONTENT="in" HPOS="1954" VPOS="2503" WIDTH="33" HEIGHT="75" STYLEREFS="font0"/><SP WIDTH="22" VPOS="2503" HPOS="1987"/><String ID="p202_w1039" CONTENT="feparating" HPOS="2009" VPOS="2503" WIDTH="176" HEIGHT="75" STYLEREFS="font0"/><SP WIDTH="15" VPOS="2503" HPOS="2185"/><String ID="p202_w1040" CONTENT="the" HPOS="2200" VPOS="2503" WIDTH="56" HEIGHT="75" STYLEREFS="font0"/></TextLine><TextLine WIDTH="1032" HEIGHT="75" ID="p202_t116" HPOS="1224" VPOS="2550"><String ID="p202_w1041" CONTENT="bones." HPOS="1224" VPOS="2550" WIDTH="110" HEIGHT="75" STYLEREFS="font0"/><SP WIDTH="96" VPOS="2550" HPOS="1334"/><String ID="p202_w1042" CONTENT="From" HPOS="1430" VPOS="2550" WIDTH="98" HEIGHT="75" STYLEREFS="font0"/><SP WIDTH="25" VPOS="2550" HPOS="1528"/><String ID="p202_w1043" CONTENT="the" HPOS="1553" VPOS="2550" WIDTH="56" HEIGHT="75" STYLEREFS="font0"/><SP WIDTH="23" VPOS="2550" HPOS="1609"/><String ID="p202_w1044" CONTENT="part" HPOS="1632" VPOS="2550" WIDTH="70" HEIGHT="75" STYLEREFS="font0"/><SP WIDTH="25" VPOS="2550" HPOS="1702"/><String ID="p202_w1045" CONTENT="where" HPOS="1727" VPOS="2550" WIDTH="107" HEIGHT="75" STYLEREFS="font0"/><SP WIDTH="21" VPOS="2550" HPOS="1834"/><String ID="p202_w1046" CONTENT="the" HPOS="1855" VPOS="2550" WIDTH="55" HEIGHT="75" STYLEREFS="font0"/><SP WIDTH="16" VPOS="2550" HPOS="1910"/><String ID="p202_w1047" CONTENT="plate" HPOS="1926" VPOS="2550" WIDTH="85" HEIGHT="75" STYLEREFS="font0"/><SP WIDTH="15" VPOS="2550" HPOS="2011"/><String ID="p202_w1048" CONTENT="rifes," HPOS="2026" VPOS="2550" WIDTH="89" HEIGHT="75" STYLEREFS="font0"/><SP WIDTH="23" VPOS="2550" HPOS="2115"/><String ID="p202_w1049" CONTENT="it" HPOS="2138" VPOS="2550" WIDTH="24" HEIGHT="75" STYLEREFS="font0"/><SP WIDTH="19" VPOS="2550" HPOS="2162"/><String ID="p202_w1050" CONTENT="runs" HPOS="2181" VPOS="2550" WIDTH="75" HEIGHT="75" STYLEREFS="font0"/></TextLine><TextLine WIDTH="1030" HEIGHT="75" ID="p202_t117" HPOS="1227" VPOS="2596"><String ID="p202_w1051" CONTENT="up" HPOS="1227" VPOS="2596" WIDTH="40" HEIGHT="75" STYLEREFS="font0"/><SP WIDTH="17" VPOS="2596" HPOS="1267"/><String ID="p202_w1052" CONTENT="broad" HPOS="1284" VPOS="2596" WIDTH="101" HEIGHT="75" STYLEREFS="font0"/><SP WIDTH="15" VPOS="2596" HPOS="1385"/><String ID="p202_w1053" CONTENT="on" HPOS="1400" VPOS="2596" WIDTH="42" HEIGHT="75" STYLEREFS="font0"/><SP WIDTH="11" VPOS="2596" HPOS="1442"/><String ID="p202_w1054" CONTENT="the" HPOS="1453" VPOS="2596" WIDTH="54" HEIGHT="75" STYLEREFS="font0"/><SP WIDTH="16" VPOS="2596" HPOS="1507"/><String ID="p202_w1055" CONTENT="infide" HPOS="1523" VPOS="2596" WIDTH="96" HEIGHT="75" STYLEREFS="font0"/><SP WIDTH="16" VPOS="2596" HPOS="1619"/><String ID="p202_w1056" CONTENT="of" HPOS="1635" VPOS="2596" WIDTH="40" HEIGHT="75" STYLEREFS="font0"/><SP WIDTH="20" VPOS="2596" HPOS="1675"/><String ID="p202_w1057" CONTENT="the" HPOS="1695" VPOS="2596" WIDTH="54" HEIGHT="75" STYLEREFS="font0"/><SP WIDTH="16" VPOS="2596" HPOS="1749"/><String ID="p202_w1058" CONTENT="tuberofity" HPOS="1765" VPOS="2596" WIDTH="174" HEIGHT="75" STYLEREFS="font0"/><SP WIDTH="16" VPOS="2596" HPOS="1939"/><String ID="p202_w1059" CONTENT="of" HPOS="1955" VPOS="2596" WIDTH="40" HEIGHT="75" STYLEREFS="font0"/><SP WIDTH="18" VPOS="2596" HPOS="1995"/><String ID="p202_w1060" CONTENT="the" HPOS="2013" VPOS="2596" WIDTH="55" HEIGHT="75" STYLEREFS="font0"/><SP WIDTH="16" VPOS="2596" HPOS="2068"/><String ID="p202_w1061" CONTENT="maxillary" HPOS="2084" VPOS="2596" WIDTH="173" HEIGHT="75" STYLEREFS="font0"/></TextLine><TextLine WIDTH="1032" HEIGHT="75" ID="p202_t118" HPOS="1224" VPOS="2642"><String ID="p202_w1062" CONTENT="bone," HPOS="1224" VPOS="2642" WIDTH="96" HEIGHT="75" STYLEREFS="font0"/><SP WIDTH="25" VPOS="2642" HPOS="1320"/><String ID="p202_w1063" CONTENT="to" HPOS="1345" VPOS="2642" WIDTH="35" HEIGHT="75" STYLEREFS="font0"/><SP WIDTH="24" VPOS="2642" HPOS="1380"/><String ID="p202_w1064" CONTENT="form" HPOS="1404" VPOS="2642" WIDTH="83" HEIGHT="75" STYLEREFS="font0"/><SP WIDTH="26" VPOS="2642" HPOS="1487"/><String ID="p202_w1065" CONTENT="a" HPOS="1513" VPOS="2642" WIDTH="18" HEIGHT="75" STYLEREFS="font0"/><SP WIDTH="25" VPOS="2642" HPOS="1531"/><String ID="p202_w1066" CONTENT="confiderable" HPOS="1556" VPOS="2642" WIDTH="213" HEIGHT="75" STYLEREFS="font0"/><SP WIDTH="23" VPOS="2642" HPOS="1769"/><String ID="p202_w1067" CONTENT="fhare" HPOS="1792" VPOS="2642" WIDTH="88" HEIGHT="75" STYLEREFS="font0"/><SP WIDTH="22" VPOS="2642" HPOS="1880"/><String ID="p202_w1068" CONTENT="of" HPOS="1902" VPOS="2642" WIDTH="41" HEIGHT="75" STYLEREFS="font0"/><SP WIDTH="17" VPOS="2642" HPOS="1943"/><String ID="p202_w1069" CONTENT="the" HPOS="1960" VPOS="2642" WIDTH="55" HEIGHT="75" STYLEREFS="font0"/><SP WIDTH="24" VPOS="2642" HPOS="2015"/><String ID="p202_w1070" CONTENT="fides" HPOS="2039" VPOS="2642" WIDTH="79" HEIGHT="75" STYLEREFS="font0"/><SP WIDTH="24" VPOS="2642" HPOS="2118"/><String ID="p202_w1071" CONTENT="of" HPOS="2142" VPOS="2642" WIDTH="41" HEIGHT="75" STYLEREFS="font0"/><SP WIDTH="17" VPOS="2642" HPOS="2183"/><String ID="p202_w1072" CONTENT="the" HPOS="2200" VPOS="2642" WIDTH="56" HEIGHT="75" STYLEREFS="font0"/></TextLine><TextLine WIDTH="1031" HEIGHT="75" ID="p202_t119" HPOS="1226" VPOS="2688"><String ID="p202_w1073" CONTENT="maxillary" HPOS="1226" VPOS="2688" WIDTH="170" HEIGHT="75" STYLEREFS="font0"/><SP WIDTH="23" VPOS="2688" HPOS="1396"/><String ID="p202_w1074" CONTENT="finus," HPOS="1419" VPOS="2688" WIDTH="92" HEIGHT="75" STYLEREFS="font0"/><SP WIDTH="26" VPOS="2688" HPOS="1511"/><String ID="p202_w1075" CONTENT="and" HPOS="1537" VPOS="2688" WIDTH="62" HEIGHT="75" STYLEREFS="font0"/><SP WIDTH="25" VPOS="2688" HPOS="1599"/><String ID="p202_w1076" CONTENT="to" HPOS="1624" VPOS="2688" WIDTH="35" HEIGHT="75" STYLEREFS="font0"/><SP WIDTH="24" VPOS="2688" HPOS="1659"/><String ID="p202_w1077" CONTENT="clofe" HPOS="1683" VPOS="2688" WIDTH="84" HEIGHT="75" STYLEREFS="font0"/><SP WIDTH="23" VPOS="2688" HPOS="1767"/><String ID="p202_w1078" CONTENT="up" HPOS="1790" VPOS="2688" WIDTH="43" HEIGHT="75" STYLEREFS="font0"/><SP WIDTH="23" VPOS="2688" HPOS="1833"/><String ID="p202_w1079" CONTENT="the" HPOS="1856" VPOS="2688" WIDTH="57" HEIGHT="75" STYLEREFS="font0"/><SP WIDTH="21" VPOS="2688" HPOS="1913"/><String ID="p202_w1080" CONTENT="fpace" HPOS="1934" VPOS="2688" WIDTH="90" HEIGHT="75" STYLEREFS="font0"/><SP WIDTH="16" VPOS="2688" HPOS="2024"/><String ID="p202_w1081" CONTENT="between" HPOS="2040" VPOS="2688" WIDTH="143" HEIGHT="75" STYLEREFS="font0"/><SP WIDTH="18" VPOS="2688" HPOS="2183"/><String ID="p202_w1082" CONTENT="the" HPOS="2201" VPOS="2688" WIDTH="56" HEIGHT="75" STYLEREFS="font0"/></TextLine><TextLine WIDTH="1029" HEIGHT="75" ID="p202_t120" HPOS="1226" VPOS="2734"><String ID="p202_w1083" CONTENT="fphenoid" HPOS="1226" VPOS="2734" WIDTH="152" HEIGHT="75" STYLEREFS="font0"/><SP WIDTH="28" VPOS="2734" HPOS="1378"/><String ID="p202_w1084" CONTENT="and" HPOS="1406" VPOS="2734" WIDTH="62" HEIGHT="75" STYLEREFS="font0"/><SP WIDTH="27" VPOS="2734" HPOS="1468"/><String ID="p202_w1085" CONTENT="the" HPOS="1495" VPOS="2734" WIDTH="56" HEIGHT="75" STYLEREFS="font0"/><SP WIDTH="24" VPOS="2734" HPOS="1551"/><String ID="p202_w1086" CONTENT="great" HPOS="1575" VPOS="2734" WIDTH="91" HEIGHT="75" STYLEREFS="font0"/><SP WIDTH="26" VPOS="2734" HPOS="1666"/><String ID="p202_w1087" CONTENT="bulge" HPOS="1692" VPOS="2734" WIDTH="96" HEIGHT="75" STYLEREFS="font0"/><SP WIDTH="27" VPOS="2734" HPOS="1788"/><String ID="p202_w1088" CONTENT="of" HPOS="1815" VPOS="2734" WIDTH="40" HEIGHT="75" STYLEREFS="font0"/><SP WIDTH="25" VPOS="2734" HPOS="1855"/><String ID="p202_w1089" CONTENT="the" HPOS="1880" VPOS="2734" WIDTH="55" HEIGHT="75" STYLEREFS="font0"/><SP WIDTH="27" VPOS="2734" HPOS="1935"/><String ID="p202_w1090" CONTENT="maxillary" HPOS="1962" VPOS="2734" WIDTH="170" HEIGHT="75" STYLEREFS="font0"/><SP WIDTH="27" VPOS="2734" HPOS="2132"/><String ID="p202_w1091" CONTENT="bone," HPOS="2159" VPOS="2734" WIDTH="96" HEIGHT="75" STYLEREFS="font0"/></TextLine><TextLine WIDTH="1030" HEIGHT="75" ID="p202_t121" HPOS="1227" VPOS="2781"><String ID="p202_w1092" CONTENT="where" HPOS="1227" VPOS="2781" WIDTH="106" HEIGHT="75" STYLEREFS="font0"/><SP WIDTH="16" VPOS="2781" HPOS="1333"/><String ID="p202_w1093" CONTENT="there" HPOS="1349" VPOS="2781" WIDTH="91" HEIGHT="75" STYLEREFS="font0"/><SP WIDTH="16" VPOS="2781" HPOS="1440"/><String ID="p202_w1094" CONTENT="would" HPOS="1456" VPOS="2781" WIDTH="110" HEIGHT="75" STYLEREFS="font0"/><SP WIDTH="16" VPOS="2781" HPOS="1566"/><String ID="p202_w1095" CONTENT="otherwife" HPOS="1582" VPOS="2781" WIDTH="166" HEIGHT="75" STYLEREFS="font0"/><SP WIDTH="16" VPOS="2781" HPOS="1748"/><String ID="p202_w1096" CONTENT="be" HPOS="1764" VPOS="2781" WIDTH="40" HEIGHT="75" STYLEREFS="font0"/><SP WIDTH="17" VPOS="2781" HPOS="1804"/><String ID="p202_w1097" CONTENT="a" HPOS="1821" VPOS="2781" WIDTH="18" HEIGHT="75" STYLEREFS="font0"/><SP WIDTH="15" VPOS="2781" HPOS="1839"/><String ID="p202_w1098" CONTENT="large" HPOS="1854" VPOS="2781" WIDTH="89" HEIGHT="75" STYLEREFS="font0"/><SP WIDTH="22" VPOS="2781" HPOS="1943"/><String ID="p202_w1099" CONTENT="flit" HPOS="1965" VPOS="2781" WIDTH="49" HEIGHT="75" STYLEREFS="font0"/><SP WIDTH="22" VPOS="2781" HPOS="2014"/><String ID="p202_w1100" CONTENT="opening" HPOS="2036" VPOS="2781" WIDTH="135" HEIGHT="75" STYLEREFS="font0"/><SP WIDTH="16" VPOS="2781" HPOS="2171"/><String ID="p202_w1101" CONTENT="into" HPOS="2187" VPOS="2781" WIDTH="70" HEIGHT="75" STYLEREFS="font0"/></TextLine><TextLine WIDTH="1030" HEIGHT="75" ID="p202_t122" HPOS="1226" VPOS="2828"><String ID="p202_w1102" CONTENT="the" HPOS="1226" VPOS="2828" WIDTH="55" HEIGHT="75" STYLEREFS="font0"/><SP WIDTH="17" VPOS="2828" HPOS="1281"/><String ID="p202_w1103" CONTENT="noftrils." HPOS="1298" VPOS="2828" WIDTH="136" HEIGHT="75" STYLEREFS="font0"/><SP WIDTH="49" VPOS="2828" HPOS="1434"/><String ID="p202_w1104" CONTENT="From" HPOS="1483" VPOS="2828" WIDTH="98" HEIGHT="75" STYLEREFS="font0"/><SP WIDTH="16" VPOS="2828" HPOS="1581"/><String ID="p202_w1105" CONTENT="the" HPOS="1597" VPOS="2828" WIDTH="56" HEIGHT="75" STYLEREFS="font0"/><SP WIDTH="16" VPOS="2828" HPOS="1653"/><String ID="p202_w1106" CONTENT="middle" HPOS="1669" VPOS="2828" WIDTH="118" HEIGHT="75" STYLEREFS="font0"/><SP WIDTH="15" VPOS="2828" HPOS="1787"/><String ID="p202_w1107" CONTENT="internal" HPOS="1802" VPOS="2828" WIDTH="137" HEIGHT="75" STYLEREFS="font0"/><SP WIDTH="21" VPOS="2828" HPOS="1939"/><String ID="p202_w1108" CONTENT="fide" HPOS="1960" VPOS="2828" WIDTH="63" HEIGHT="75" STYLEREFS="font0"/><SP WIDTH="24" VPOS="2828" HPOS="2023"/><String ID="p202_w1109" CONTENT="of" HPOS="2047" VPOS="2828" WIDTH="40" HEIGHT="75" STYLEREFS="font0"/><SP WIDTH="17" VPOS="2828" HPOS="2087"/><String ID="p202_w1110" CONTENT="this" HPOS="2104" VPOS="2828" WIDTH="65" HEIGHT="75" STYLEREFS="font0"/><SP WIDTH="17" VPOS="2828" HPOS="2169"/><String ID="p202_w1111" CONTENT="thin" HPOS="2186" VPOS="2828" WIDTH="70" HEIGHT="75" STYLEREFS="font0"/></TextLine><TextLine WIDTH="1030" HEIGHT="75" ID="p202_t123" HPOS="1226" VPOS="2874"><String ID="p202_w1112" CONTENT="plate," HPOS="1226" VPOS="2874" WIDTH="97" HEIGHT="75" STYLEREFS="font0"/><SP WIDTH="19" VPOS="2874" HPOS="1323"/><String ID="p202_w1113" CONTENT="a" HPOS="1342" VPOS="2874" WIDTH="19" HEIGHT="75" STYLEREFS="font0"/><SP WIDTH="16" VPOS="2874" HPOS="1361"/><String ID="p202_w1114" CONTENT="crofs" HPOS="1377" VPOS="2874" WIDTH="83" HEIGHT="75" STYLEREFS="font0"/><SP WIDTH="17" VPOS="2874" HPOS="1460"/><String ID="p202_w1115" CONTENT="ridge," HPOS="1477" VPOS="2874" WIDTH="103" HEIGHT="75" STYLEREFS="font0"/><SP WIDTH="15" VPOS="2874" HPOS="1580"/><String ID="p202_w1116" CONTENT="placed" HPOS="1595" VPOS="2874" WIDTH="114" HEIGHT="75" STYLEREFS="font0"/><SP WIDTH="14" VPOS="2874" HPOS="1709"/><String ID="p202_w1117" CONTENT="on" HPOS="1723" VPOS="2874" WIDTH="43" HEIGHT="75" STYLEREFS="font0"/><SP WIDTH="15" VPOS="2874" HPOS="1766"/><String ID="p202_w1118" CONTENT="fuch" HPOS="1781" VPOS="2874" WIDTH="78" HEIGHT="75" STYLEREFS="font0"/><SP WIDTH="17" VPOS="2874" HPOS="1859"/><String ID="p202_w1119" CONTENT="another" HPOS="1876" VPOS="2874" WIDTH="133" HEIGHT="75" STYLEREFS="font0"/><SP WIDTH="11" VPOS="2874" HPOS="2009"/><String ID="p202_w1120" CONTENT="of" HPOS="2020" VPOS="2874" WIDTH="40" HEIGHT="75" STYLEREFS="font0"/><SP WIDTH="10" VPOS="2874" HPOS="2060"/><String ID="p202_w1121" CONTENT="the" HPOS="2070" VPOS="2874" WIDTH="54" HEIGHT="75" STYLEREFS="font0"/><SP WIDTH="16" VPOS="2874" HPOS="2124"/><String ID="p202_w1122" CONTENT="maxil-" HPOS="2140" VPOS="2874" WIDTH="116" HEIGHT="75" STYLEREFS="font0"/></TextLine><TextLine WIDTH="1029" HEIGHT="75" ID="p202_t124" HPOS="1226" VPOS="2919"><String ID="p202_w1123" CONTENT="lary" HPOS="1226" VPOS="2919" WIDTH="69" HEIGHT="75" STYLEREFS="font0"/><SP WIDTH="24" VPOS="2919" HPOS="1295"/><String ID="p202_w1124" CONTENT="bone," HPOS="1319" VPOS="2919" WIDTH="96" HEIGHT="75" STYLEREFS="font0"/><SP WIDTH="23" VPOS="2919" HPOS="1415"/><String ID="p202_w1125" CONTENT="is" HPOS="1438" VPOS="2919" WIDTH="27" HEIGHT="75" STYLEREFS="font0"/><SP WIDTH="22" VPOS="2919" HPOS="1465"/><String ID="p202_w1126" CONTENT="extended;" HPOS="1487" VPOS="2919" WIDTH="182" HEIGHT="75" STYLEREFS="font0"/><SP WIDTH="27" VPOS="2919" HPOS="1669"/><String ID="p202_w1127" CONTENT="on" HPOS="1696" VPOS="2919" WIDTH="41" HEIGHT="75" STYLEREFS="font0"/><SP WIDTH="22" VPOS="2919" HPOS="1737"/><String ID="p202_w1128" CONTENT="it" HPOS="1759" VPOS="2919" WIDTH="27" HEIGHT="75" STYLEREFS="font0"/><SP WIDTH="24" VPOS="2919" HPOS="1786"/><String ID="p202_w1129" CONTENT="the" HPOS="1810" VPOS="2919" WIDTH="54" HEIGHT="75" STYLEREFS="font0"/><SP WIDTH="25" VPOS="2919" HPOS="1864"/><String ID="p202_w1130" CONTENT="back-part" HPOS="1889" VPOS="2919" WIDTH="167" HEIGHT="75" STYLEREFS="font0"/><SP WIDTH="24" VPOS="2919" HPOS="2056"/><String ID="p202_w1131" CONTENT="of" HPOS="2080" VPOS="2919" WIDTH="41" HEIGHT="75" STYLEREFS="font0"/><SP WIDTH="19" VPOS="2919" HPOS="2121"/><String ID="p202_w1132" CONTENT="the" HPOS="2140" VPOS="2919" WIDTH="53" HEIGHT="75" STYLEREFS="font0"/><SP WIDTH="25" VPOS="2919" HPOS="2193"/><String ID="p202_w1133" CONTENT="os" HPOS="2218" VPOS="2919" WIDTH="37" HEIGHT="75" STYLEREFS="font0"/></TextLine><TextLine WIDTH="197" HEIGHT="75" ID="p202_t125" HPOS="2058" VPOS="2959"><String ID="p202_w1134" CONTENT="fpongiofum" HPOS="2058" VPOS="2959" WIDTH="197" HEIGHT="75" STYLEREFS="font0"/></TextLine></PrintSpace></Page></Layout></alto>