2483 3387
650 157 1181 75 arithmetics:.

2211 157 82 75 379

183 248 56 75 the
255 248 86 75 right
351 248 85 75 hand
449 248 34 75 as
495 248 89 75 there
599 248 53 75 are
664 248 125 75 ciphers
804 248 33 75 in
853 248 55 75 the
920 248 67 75 faid
1000 248 136 75 divifor;
1156 248 56 75 the

183 291 117 75 figures
316 291 74 75 thus
406 291 132 75 pointed
552 291 52 75 off
623 291 54 75 are
693 291 36 75 to
746 291 40 75 be
814 291 153 75 efteemed
987 291 18 75 a
1021 291 190 75 remainder,

184 338 63 75 and
263 338 54 75 the
333 338 94 75 other
443 338 114 75 figures
570 338 42 75 on
623 338 56 75 the
695 338 60 75 left
770 338 87 75 hand
874 338 53 75 are
939 338 35 75 to
987 338 39 75 be
1039 338 176 75 accounted

183 382 21 75 a
220 382 164 75 quotient;
410 382 77 75 then
510 382 150 75 multiply
687 382 64 75 this
779 382 148 75 quotient
942 382 44 75 by
1003 382 54 75 the
1074 382 140 75 comple-

185 430 98 75 ment,
308 430 125 75 placing
449 430 56 75 the
521 430 85 75 units
622 430 41 75 of
674 430 55 75 the
746 430 134 75 produft
895 430 101 75 under
1012 430 56 75 the
1083 430 86 75 units
1181 430 41 75 of

184 478 56 75 the
257 478 117 75 former
390 478 197 75 remainder;
615 478 104 75 again,
737 478 107 75 divide
860 478 63 75 this
951 478 133 75 product
1100 478 43 75 by
1157 478 58 75 the

184 522 71 75 new
271 522 129 75 divifor,
416 522 45 75 by
477 522 144 75 pointing
637 522 50 75 off
692 522 92 75 from
795 522 55 75 the
863 522 85 75 right
960 522 86 75 hand
1061 522 54 75 the
1132 522 85 75 fame

186 568 132 75 number
334 568 39 75 of
386 568 116 75 figures
518 568 34 75 as
570 568 32 75 in
620 568 56 75 the
692 568 121 75 former
829 568 188 75 remainder,
1035 568 62 75 and
1113 568 54 75 the
1179 568 37 75 fi-

184 615 94 75 gures
295 615 35 75 to
346 615 55 75 the
417 615 61 75 left
504 615 56 75 are
588 615 35 75 to
651 615 39 75 be
706 615 168 75 eftemmed
891 615 133 75 another
1040 615 174 75 quotient;

185 661 106 75 which
310 661 149 75 quotient
470 661 70 75 you-
552 661 53 75 are
623 661 91 75 again
730 661 36 75 to
782 661 149 75 multiply
947 661 43 75 by
1006 661 55 75 the
1078 661 139 75 comple-

185 707 100 75 ment,
303 707 63 75 and
376 707 110 75 divide
500 707 34 75 as
547 707 122 75 before.
718 707 78 75 And
811 707 32 75 in
854 707 66 75 this
935 707 130 75 manner
1080 707 139 75 proceed

186 754 51 75 till
254 754 55 75 the
325 754 57 75 laft
398 754 147 75 quotient
562 754 27 75 is
605 754 156 75 nothing;
788 754 77 75 then
882 754 63 75 add
967 754 34 75 as
1024 754 32 75 in
1074 754 145 75 addition

187 801 40 75 of
237 801 153 75 integers,
415 801 167 75 obferving
593 801 55 75 the
665 801 143 75 carriage
823 801 84 75 from
923 801 56 75 the
996 801 58 75 left
1066 801 86 75 lund
1164 801 55 75 co-

186 846 88 75 lumn
291 846 40 75 of
342 846 55 75 the
414 846 215 75 remainders;
655 846 36 75 to
712 846 54 75 the
786 846 193 75 remainders
995 846 62 75 add
1073 846 56 75 the
1145 846 73 75 pro-

187 893 74 75 dudt
276 893 41 75 of
328 893 55 75 the
399 893 66 75 faid
480 893 143 75 carriage
651 893 62 75 and
740 893 225 75 complement,
992 893 62 75 and
1079 893 55 75 the
1151 893 68 75 fum

186 939 28 75 is
231 939 55 75 the
304 939 80 75 total
401 939 195 75 remainder;
623 939 64 75 and
709 939 56 75 the
789 939 67 75 fum
876 939 41 75 of
928 939 55 75 the
1002 939 120 75 feveral
1138 939 83 75 quo-

187 986 97 75 tients
301 986 26 75 is
346 986 54 75 the
417 986 82 75 total
515 986 149 75 quotient
679 986 163 75 required.

614 1039 274 75 Example.

236 1087 122 75 Divide
373 1087 113 75 74678
499 1087 44 75 by
558 1087 59 75 98.

189 1134 85 75 New
290 1134 117 75 divifor
447 1134 65 75 xoo

642 1134 218 75 100)746.98

190 1180 108 75 Given
311 1180 118 75 divifor
464 1180 44 75 98

755 1180 261 75 14.92=746X2

460 1227 49 75 —

801 1227 193 75 .28=14X2

192 1274 226 75 Complement
482 1274 19 75 2
514 1319 82 75 Tot.
611 1319 93 75 quot.
732 1319 273 75 762.18+4=22
1028 1319 81 75 total
1127 1319 84 75 rem.

238 1366 154 75 Carriage
410 1366 75 75 2X2
504 1366 211 75 complement
722 1366 66 75 —4

507 1419 403 75 Explication.

240 1472 93 75 Firft,
352 1472 33 75 to
399 1472 91 75 unity
503 1472 104 75 annex
618 1472 67 75 two
697 1472 137 75 ciphers,
851 1472 132 75 becaufe
994 1472 56 75 the
1065 1472 93 75 given
1175 1472 49 75 di-

193 1518 83 75 vifor
293 1518 123 75 confifts
445 1518 40 75 of
506 1518 66 75 two
600 1518 129 75 figures,
754 1518 63 75 and
831 1518 36 75 lb
892 1518 56 75 the
974 1518 72 75 new
1063 1518 117 75 divifor
1195 1518 27 75 is

199 1567 85 75 1O0:
304 1567 83 75 from
400 1567 106 75 which
523 1567 136 75 fubtraft
675 1567 54 75 the
741 1567 93 75 given
850 1567 117 75 divifor
979 1567 61 75 98,
1054 1567 61 75 and
1132 1567 93 75 there

198 1612 134 75 remains
353 1612 17 75 2
389 1612 50 75 for
456 1612 56 75 the
529 1612 225 75 complement.

241 1657 92 75 Next
350 1657 109 75 divide
480 1657 67 75 the,
564 1657 93 75 given
683 1657 153 75 dividend
857 1657 44 75 by
928 1657 58 75 the
1005 1657 70 75 new
1091 1657 133 75 divifbr,

195 1705 70 75 viz.
290 1705 90 75 point
396 1705 52 75 off
461 1705 57 75 98,
544 1705 56 75 the
616 1705 66 75 two
698 1705 116 75 figures
830 1705 79 75 next
934 1705 56 75 the
1015 1705 86 75 right
1125 1705 100 75 hand,

195 1750 53 75 for
263 1750 56 75 the
335 1750 64 75 firft
415 1750 198 75 remainder;
633 1750 61 75 and
706 1750 55 75 the
773 1750 115 75 figures
905 1750 40 75 on
962 1750 54 75 the
1028 1750 72 75 left,
1117 1750 117 75 name-

196 1798 46 75 ly,
272 1798 79 75 746,
376 1798 27 75 is
419 1798 55 75 the
492 1798 161 75 quotient.

243 1843 101 75 Then
360 1843 148 75 multiply
524 1843 54 75 the
595 1843 65 75 faid
676 1843 64 75 firft
757 1843 148 75 quotient
924 1843 66 75 746
1007 1843 43 75 by
1066 1843 55 75 the
1134 1843 92 75 com-

196 1888 140 75 plement
355 1888 19 75 2
388 1888 10 75 ;
425 1888 64 75 and
504 1888 44 75 by
565 1888 55 75 the
637 1888 71 75 new
735 1888 118 75 divilor
876 1888 106 75 divide
1010 1888 56 75 the
1093 1888 141 75 product

201 1938 102 75 1492,
328 1938 70 75 viz.
423 1938 89 75 point
528 1938 52 75 off
599 1938 42 75 92
660 1938 52 75 for
736 1938 55 75 the
812 1938 118 75 fecond
953 1938 189 75 remainder,
1168 1938 71 75 andi

203 1981 40 75 14
259 1981 26 75 is
303 1981 55 75 the
374 1981 123 75 feconcf
506 1981 159 75 quotient.

246 2027 117 75 Again,
387 2027 151 75 multiply
559 2027 56 75 the
637 2027 117 75 fecond
770 2027 146 75 quotient
943 2027 41 75 14
1008 2027 45 75 by
1066 2027 59 75 the
1142 2027 86 75 com-

198 2073 139 75 plement
355 2073 33 75 2,
414 2073 64 75 and
498 2073 55 75 the
581 2073 134 75 product
739 2073 58 75 28,
822 2073 129 75 divided
975 2073 43 75 by
1039 2073 77 75 100,
1142 2073 88 75 gives

201 2121 43 75 28
263 2121 51 75 for
331 2121 55 75 the
401 2121 90 75 third
506 2121 189 75 remainder,
719 2121 58 75 but
794 2121 134 75 nothing
943 2121 36 75 to
995 2121 55 75 the
1068 2121 170 75 quotients

246 2165 98 75 Then
369 2165 61 75 add
455 2165 56 75 the
538 2165 119 75 feveral
681 2165 193 75 remainders
890 2165 61 75 and
969 2165 174 75 quotients,
1168 2165 63 75 and

199 2211 67 75 find
281 2211 55 75 the
353 2211 86 75 total
451 2211 147 75 quotient
618 2211 146 75 amounts
781 2211 34 75 to
835 2211 80 75 762,
941 2211 63 75 and
1021 2211 56 75 the
1091 2211 138 75 remain-

200 2258 74 75 ders
292 2258 33 75 to
346 2258 53 75 18.

247 2304 124 75 Laftly,
396 2304 149 75 multiply
570 2304 33 75 2,
629 2304 56 75 the
710 2304 143 75 carriage
876 2304 84 75 from
985 2304 64 75 the'
1068 2304 173 75 left-hand-

200 2351 125 75 column
351 2351 40 75 of
408 2351 56 75 the
483 2351 208 75 remainders,
716 2351 44 75 by
786 2351 57 75 the
870 2351 210 75 complement
1098 2351 18 75 2
1131 2351 11 75 ;
1169 2351 63 75 and

200 2398 54 75 the
271 2398 132 75 product
419 2398 23 75 4
458 2398 63 75 add
537 2398 36 75 to
588 2398 57 75 the
661 2398 196 75 remainders
876 2398 58 75 18,
957 2398 63 75 and
1036 2398 54 75 the
1105 2398 68 75 fum
1186 2398 55 75 22.

199 2445 27 75 is
243 2445 55 75 the
315 2445 80 75 total
412 2445 190 75 remainder.

340 2544 49 75 II.
440 2544 151 75 Divi/ion
615 2544 43 75 of
672 2544 53 75 the
742 2544 98 75 parts
865 2544 43 75 if
923 2544 163 75 Integers.

248 2623 109 75 Here
376 2623 91 75 there
484 2623 54 75 are
554 2623 91 75 three
662 2623 97 75 cafes.

254 2668 30 75 x.
309 2668 38 75 If
357 2668 56 75 the
430 2668 117 75 divifor
573 2668 39 75 be
630 2668 18 75 a
671 2668 93 75 digit,
790 2668 44 75 by
850 2668 26 75 it
892 2668 107 75 divide
1024 2668 55 75 the
1096 2668 137 75 integers

199 2715 43 75 of
253 2715 55 75 the
324 2715 31 75 di
362 2715 9 75 v
378 2715 108 75 idend,
512 2715 116 75 reduce
655 2715 56 75 the
739 2715 178 75 remainder
944 2715 35 75 to
1002 2715 55 75 the
1083 2715 87 75 parts
1198 2715 41 75 of

198 2762 57 75 the
283 2762 78 75 next
386 2762 133 75 inferior
547 2762 251 75 denomination,
814 2762 8 75 '
822 2762 63 75 and
903 2762 64 75 add
983 2762 38 75 it,
1046 2762 93 75 when
1157 2762 76 75 thus

203 2808 149 75 ,vuuev.,l,
444 2808 9 75 ’
504 2808 7 75 '
584 2840 17 49 r
601 2808 70 75 ..rts
685 2808 8 75 ;
722 2808 76 75 then
814 2808 106 75 divide
948 2808 56 75 the
1031 2808 81 75 fum,
1137 2808 96 75 redu-

201 2853 72 75 cing
289 2853 60 75 and
369 2853 118 75 adding
504 2853 53 75 the
577 2853 9 75 1
594 2853 162 75 etnainder
767 2853 36 75 to
814 2853 57 75 the
883 2853 87 75 parts
987 2853 41 75 of
1039 2853 54 75 the
1106 2853 126 75 follow-

201 2901 55 75 ing
274 2901 249 75 denomination,
549 2901 64 75 £sc.

263 2944 16 75 \
341 2944 7 75 ,
376 2944 27 75 It
425 2944 54 75 the
494 2944 134 75 integral
650 2944 67 75 part
734 2944 41 75 of
792 2944 56 75 the
860 2944 151 75 dividend
1023 2944 39 75 be
1079 2944 59 75 lefs
1155 2944 79 75 than

204 2994 32 75 «b
340 2994 63 75 for,
430 2994 62 75 you
517 2994 91 75 mull,
634 2994 20 75 j.
682 2994 55 75 the
760 2994 64 75 firft
841 2994 102 75 place,
961 2994 115 75 reduce
1092 2994 25 75 it
1135 2994 34 75 to
1180 2994 56 75 the

202 3041 88 75 parts
307 3041 39 75 of
357 3041 56 75 the
434 3041 79 75 next
529 3041 250 75 denomination.

1308 229 152 75 Examp.
1485 229 31 75 I.
1564 229 38 75 If
1613 229 44 75 L.
1668 229 92 75 274!
1780 229 38 75 13
1836 229 9 75 :
1861 229 20 75 8
1900 229 9 75 :
1926 229 17 75 3
1961 229 41 75 be
2018 229 132 75 equally
2165 229 131 75 divided

1265 276 114 75 among
1403 276 20 75 8
1444 276 86 75 men,
1554 276 87 75 what
1665 276 66 75 will
1748 276 79 75 each
1843 276 101 75 man’s
1968 276 88 75 fhare
2072 276 40 75 be
2128 276 12 75 t

1310 322 88 75 Here
1413 322 65 75 firft
1502 322 107 75 divide
1634 322 56 75 the
1717 322 48 75 in-

1263 367 105 75 tegers
1385 367 45 75 L.
1441 367 66 75 274
1521 367 43 75 by
1576 367 35 75 8,
1629 367 62 75 and
1707 367 55 75 the
1867 367 41 75 L.
1956 367 29 75 s.
2018 367 34 75 d.
2067 367 39 75 f.

1262 416 149 75 quotient
1427 416 26 75 is
1471 416 46 75 L.
1533 416 56 75 34,
1608 416 63 75 and
1683 416 45 75 L.
1741 416 18 75 2
1811 416 111 75 8)274
2025 416 20 75 8
2082 416 17 75 3
2133 416 165 75 dividend,

1266 461 158 75 remains;
1451 461 105 75 which
1573 461 138 75 reduced
1728 461 35 75 to
1876 461 44 75 34
1976 461 22 75 6
2024 461 20 75 8
2079 461 48 75 2-^
2139 461 160 75 quotient,

1265 508 54 75 the
1327 508 79 75 next
1414 508 237 75 denomination
1658 508 107 75 makes

1267 556 47 75 40
1330 556 163 75 fhillings;
1519 556 61 75 and
1603 556 88 75 thefe
1716 556 106 75 added
1848 556 36 75 to
1912 556 39 75 13
1978 556 140 75 {hillings
2135 556 92 75 make
2257 556 41 75 53

1266 600 139 75 {hillings
1417 600 11 75 ;
1447 600 104 75 which
1565 600 130 75 divided
1710 600 42 75 by
1770 600 20 75 8
1808 600 87 75 gives
1909 600 22 75 6
1944 600 139 75 {hillings
2099 600 35 75 to
2150 600 56 75 the
2219 600 82 75 quo-

1267 648 92 75 tient,
1377 648 63 75 and
1459 648 15 75 5
1494 648 139 75 {hillings
1650 648 136 75 remains
1798 648 10 75 ;
1839 648 105 75 which
1969 648 17 75 5
2005 648 140 75 {hillings
2163 648 140 75 reduced

1268 694 92 75 make
1370 694 69 75 6od
1465 694 62 75 and
1541 694 86 75 6od.
1641 694 105 75 added
1757 694 35 75 to
1806 694 57 75 8d.
1873 694 93 75 make
1979 694 43 75 68
2031 694 57 75 d.;
2103 694 104 75 which
2220 694 84 75 divi-

1268 741 62 75 ded
1343 741 43 75 by
1399 741 19 75 8
1432 741 87 75 gives
1533 741 19 75 8
1563 741 35 75 d.
1616 741 34 75 to
1662 741 55 75 the
1729 741 161 75 quotient,
1907 741 63 75 and
1986 741 64 75 4d.
2069 741 149 75 remains,
2237 741 64 75 fee.

1315 786 76 75 The
1416 786 164 75 operation
1604 786 87 75 may,
1715 786 31 75 if
1765 786 64 75 you
1853 786 116 75 pleafe,
2002 786 40 75 be
2069 786 111 75 drawn
2197 786 57 75 out
2270 786 35 75 at

1270 833 110 75 large;
1407 833 34 75 as
1458 833 32 75 in
1507 833 54 75 the
1579 833 165 75 following

1318 879 153 75 Examp.
1496 879 48 75 II.
1594 879 36 75 If
1642 879 43 75 C.
1701 879 44 75 42
1764 879 50 75 :-2
1836 879 9 75 :
1865 879 21 75 8
1902 879 43 75 of
1955 879 136 75 tobacco
2104 879 41 75 be
2158 879 91 75 made
2262 879 42 75 up

1272 926 67 75 into
1348 926 28 75 .5
1397 926 95 75 equal
1509 926 98 75 hhds,
1633 926 87 75 what
1736 926 66 75 will
1818 926 40 75 be
1875 926 55 75 the
1947 926 74 75 neat
2037 926 121 75 weight
2174 926 41 75 of
2226 926 80 75 each

1271 972 69 75 hhd
1355 972 11 75 ?

1320 1018 89 75 Here
1426 1018 107 75 divide
1549 1018 56 75 the
1620 1018 44 75 C.
1677 1018 41 75 43
1737 1018 45 75 by
1876 1018 38 75 C.
2022 1018 44 75 lb.
2108 1018 38 75 C.
2258 1018 45 75 lb.

1277 1065 31 75 5,
1333 1065 63 75 and
1412 1065 56 75 the
1484 1065 148 75 quotient
1647 1065 26 75 is
1691 1065 42 75 C.
1746 1065 34 75 8,
1832 1065 83 75 5)43
1962 1065 19 75 2
2032 1065 20 75 8
2079 1065 15 75 (
2118 1065 20 75 8
2190 1065 20 75 2
2261 1065 54 75 24,

1274 1112 63 75 and
1364 1112 44 75 C.
1428 1112 17 75 3
1472 1112 159 75 remains;
1673 1112 105 75 which
1868 1112 45 75 40

1274 1157 151 75 reduced,
1451 1157 63 75 and
1531 1157 104 75 added
1662 1157 34 75 to
1723 1157 56 75 the
1863 1157 50 75 —

1275 1206 19 75 2
1394 1206 108 75 makes
1532 1206 41 75 14
1589 1206 64 75 C^_
1673 1206 108 75 which
1892 1206 18 75 3
1938 1206 80 75 rem,

1273 1252 107 75 divide
1396 1252 43 75 by
1458 1252 33 75 5,
1517 1252 68 75 fee.

1893 1252 21 75 4

1894 1485 21 75 4
1940 1485 90 75 rem,.

1872 1532 42 75 28

1855 1623 76 75 120-

1854 1669 43 75 10

1875 1762 46 75 20

1875 1808 45 75 20

1329 1950 32 75 2.
1387 1950 38 75 If
1436 1950 55 75 the
1508 1950 120 75 divifor
1642 1950 124 75 confifis
1784 1950 42 75 of
1834 1950 67 75 two
1926 1950 38 75 qr
1985 1950 89 75 more
2096 1950 137 75 figures,,
2250 1950 75 75 andi

1269 1993 93 75 'be-a
1385 1993 170 75 compofite
1578 1993 145 75 number,
1748 1993 123 75 refolve
1894 1993 26 75 it
1943 1993 69 75 into
2043 1993 42 75 its
2119 1993 192 75 component

1280 2040 101 75 parts,
1406 2040 62 75 and
1496 2040 107 75 divide
1630 2040 56 75 the
1714 2040 91 75 given
1832 2040 153 75 dividend
2013 2040 44 75 by
2079 2040 61 75 one
2163 2040 40 75 of
2224 2040 101 75 thefe-

1281 2086 98 75 parts,
1405 2086 54 75 the
1477 2086 147 75 quotient
1646 2086 44 75 by
1717 2086 146 75 another,
1890 2086 65 75 fee.
1980 2086 63 75 and
2071 2086 54 75 the
2152 2086 57 75 laft
2229 2086 82 75 quo-

1279 2132 81 75 tient
1381 2132 27 75 is
1425 2132 56 75 the
1498 2132 142 75 anfwer..

1331 2177 32 75 3.
1387 2177 38 75 If
1436 2177 56 75 the
1508 2177 119 75 divifor
1643 2177 124 75 confifts
1785 2177 40 75 of
1835 2177 139 75 integers
1992 2177 59 75 and
2070 2177 99 75 parts,
2195 2177 117 75 reduce

1281 2224 80 75 both
1377 2224 117 75 divifor
1512 2224 60 75 and
1587 2224 154 75 dividend
1759 2224 35 75 to
1806 2224 55 75 the
1877 2224 83 75 fame
1973 2224 249 75 denomination,
2249 2224 74 75 and:

1281 2274 77 75 then
1374 2274 138 75 proceed
1534 2274 33 75 as
1584 2274 33 75 in
1634 2274 130 75 divifion
1781 2274 40 75 of
1830 2274 152 75 integers.

1518 2364 65 75 III.
1634 2364 66 75 The
1724 2364 114 75 Proof
1848 2364 46 75 of
1909 2364 165 75 Ditsifon.

1331 2445 284 75 Division.may
1630 2445 41 75 he
1685 2445 118 75 proved
1820 2445 117 75 feveral
1955 2445 101 75 ways,
2080 2445 70 75 viz.
2175 2445 45 75 by
2232 2445 80 75 mul-

1283 2489 191 75 tiplication,
1498 2489 44 75 by
1557 2489 143 75 divifiqn,
1724 2489 62 75 and
1803 2489 47 75 by
1863 2489 117 75 calling
1996 2489 57 75 out
2076 2489 55 75 the
2155 2489 64 75 9’s.

1337 2541 30 75 1-
1393 2541 52 75 By
1473 2541 262 75 multiplication:
1763 2541 162 75 Multiply
1950 2541 55 75 the
2034 2541 147 75 quotient
2198 2541 44 75 by
2257 2541 56 75 the

1285 2581 128 75 divifor,
1439 2581 38 75 or
1492 2581 54 75 the
1564 2581 178 75 divifor-by
1753 2581 57 75 the
1832 2581 168 75 quotient;
2028 2581 63 75 and
2107 2581 207 75 the.product

1283 2629 78 75 with
1380 2629 54 75 the
1453 2629 176 75 remainder
1646 2629 101 75 added
1765 2629 35 75 to
1816 2629 39 75 it,
1879 2629 67 75 wall
1960 2629 46 75 be
2018 2629 96 75 equal
2130 2629 36 75 to
2194 2629 54 75 the
2263 2629 51 75 di-

1283 2675 116 75 vidend
1412 2675 8 75 :
1440 2675 63 75 Or,
1520 2675 74 75 take
1606 2675 53 75 the
1674 2675 150 75 produdls
1836 2675 42 75 of
1888 2675 55 75 the
1955 2675 278 75 quotient-figures
2245 2675 69 75 in^o

1284 2721 55 75 the
1356 2721 140 75 divifor,.
1510 2721 65 75 add
1590 2721 87 75 them
1703 2721 33 75 jn
1759 2721 55 75 the
1830 2721 97 75 order
1942 2721 77 75 they
2036 2721 88 75 Hand
2140 2721 102 75 under
2259 2721 55 75 the

1284 2767 177 75 dividuals;
1488 2767 62 75 and
1566 2767 85 75 their
1666 2767 80 75 fum,
1773 2767 80 75 with
1881 2767 55 75 the
1961 2767 206 75 remainder,.
2177 2767 67 75 will
2272 2767 43 75 be

1284 2814 94 75 equal
1398 2814 35 75 to
1450 2814 54 75 the
1521 2814 163 75 dividend.

1334 2861 32 75 2.
1392 2861 53 75 By
1461 2861 151 75 divifion;
1640 2861 121 75 Divide
1778 2861 56 75 the
1851 2861 173 75 difference
2040 2861 41 75 of
2092 2861 54 75 the
2163 2861 152 75 dividend

1284 2906 60 75 and
1363 2906 177 75 remainder
1564 2906 43 75 by
1631 2906 55 75 the
1710 2906 160 75 quotient,
1896 2906 62 75 and
1973 2906 83 75 your
2072 2906 79 75 next
2167 2906 148 75 quotient

1284 2953 65 75 will
1362 2953 39 75 be
1418 2953 94 75 equal
1523 2953 38 75 to
1572 2953 82 75 your
1665 2953 65 75 firft
1746 2953 129 75 divifor,
1899 2953 138 75 without
2050 2953 60 75 any
2124 2953 188 75 remainder.

1284 3000 66 75 But
1367 3000 64 75 this
1449 3000 130 75 method
1598 3000 25 75 is
1641 3000 139 75 tedious.

1335 3048 31 75 3.
1390 3048 54 75 By
1460 3048 123 75 calling
1591 3048 57 75 out
1664 3048 55 75 the
1737 3048 69 75 9’s:
1833 3048 75 75 Caft
1925 3048 53 75 the
1997 3048 121 75 9’s.out
2135 3048 43 75 of
2194 3048 54 75 the
2265 3048 51 75 dU

2230 3104 95 75 vifoK
