2483 3387
534 168 41 75 A
634 168 37 75 R
728 168 49 75 M

944 168 15 75 '

1095 168 18 75 (
1172 168 81 75 425
1315 168 17 75 )

1652 168 246 75 ARM

210 243 148 75 fpecially
370 243 88 75 thofe
475 243 40 75 of
527 243 54 75 the
592 243 160 75 unknown
766 243 86 75 parts
865 243 41 75 of
918 243 54 75 the
988 243 111 75 earth;
1119 243 79 75 add-

210 290 65 75 ing,
300 290 72 75 that
396 290 55 75 the
467 290 80 75 moil
569 290 115 75 expert
700 290 257 75 mathematician
986 290 32 75 at
1041 290 64 75 this
1133 290 65 75 day

210 337 97 75 could
324 337 55 75 not
397 337 93 75 aflign
506 337 56 75 the
587 337 252 75 proportion’of
858 337 18 75 a
897 337 92 75 veifel
1015 337 105 75 better
1145 337 53 75 ac-

211 382 226 75 commodated
454 382 35 75 to
505 382 57 75 the
578 382 134 75 purpose
729 382 75 75 than
834 382 27 75 is
892 382 76 75 here
996 382 105 75 done;
1136 382 64 75 and

211 430 100 75 hence
334 430 110 75 finally
466 430 186 75 concludes,
678 430 71 75 that
765 430 56 75 the
838 430 146 75 capacity
1000 430 40 75 of
1051 430 55 75 the
1126 430 70 75 ark,

211 477 106 75 which
335 477 63 75 had
415 477 79 75 been
512 477 92 75 make
633 477 39 75 an
701 477 157 75 objection
886 477 117 75 againil
1030 477 166 75 fcripture,

214 523 101 75 ought
327 523 35 75 to
376 523 39 75 be
427 523 156 75 eileemed
596 523 18 75 a
625 523 222 75 confirmation
859 523 41 75 of
910 523 42 75 its
963 523 107 75 divine
1082 523 115 75 autho-

211 571 78 75 rity,
301 571 93 75 fince,
407 571 32 75 in
455 571 90 75 thofe
558 571 97 75 ruder
667 571 86 75 ages,
767 571 85 75 men,
866 571 93 75 being
970 571 59 75 lefs
1043 571 108 75 verfed
1164 571 33 75 in

212 617 71 75 arts,
302 617 63 75 and
383 617 203 75 philofophy,
611 617 85 75 were
720 617 88 75 more
828 617 180 75 obnoxious
1026 617 34 75 to
1085 617 114 75 vulgar

210 664 179 75 prejudices
406 664 75 75 than
500 664 92 75 now;
612 664 33 75 fo
661 664 70 75 that
746 664 64 75 had
827 664 25 75 it
866 664 77 75 been
957 664 38 75 an
1013 664 118 75 human
1149 664 48 75 in-

211 709 140 75 vention,
377 709 40 75 it,
432 709 108 75 would
563 709 80 75 have
670 709 79 75 been
766 709 176 75 contrived,
968 709 171 75 according
1163 709 35 75 to

212 757 90 75 thofe
317 757 77 75 wild
411 757 239 75 apprehqnfions
669 757 104 75 which
790 757 78 75 arife
892 757 85 75 from
1002 757 19 75 a
1046 757 152 75 confufed

213 803 61 75 and
291 803 127 75 general
435 803 81 75 view
531 803 41 75 of
582 803 121 75 things,
721 803 33 75 as
771 803 96 75 much
885 803 55 75 too
957 803 65 75 big,
1041 803 33 75 as
1091 803 27 75 it
1133 803 66 75 had

176 850 4 75 .
210 850 80 75 been
309 850 202 75 reprelented
528 850 56 75 too
600 850 97 75 little.

259 896 65 75 But
341 896 24 75 it
382 896 79 75 mull
477 896 39 75 be
532 896 163 75 obferved,
722 896 72 75 that
808 896 120 75 befides
949 896 55 75 the
1025 896 104 75 places
1147 896 51 75 re-

211 942 111 75 quifite
339 942 52 75 for
406 942 57 75 the
480 942 98 75 beads
595 942 64 75 and
683 942 101 75 birds,
808 942 64 75 and
899 942 85 75 their
1011 942 188 75 provifions,

211 990 89 75 there
324 990 64 75 was
405 990 92 75 room
514 990 151 75 required
681 990 51 75 for
755 990 97 75 Noah
877 990 35 75 to
935 990 74 75 lock
1027 990 41 75 up
1085 990 112 75 houfe-

210 1036 78 75 hold
304 1036 140 75 utenfils,
462 1036 55 75 the
533 1036 201 75 inilruments
746 1036 41 75 of
797 1036 195 75 hulbandry,
1017 1036 105 75 grains
1136 1036 63 75 and

172 1083 6 75 ,
208 1083 104 75 feeds,
338 1083 34 75 to
389 1083 65 75 fow
478 1083 63 75 the'
561 1083 92 75 earth
683 1083 80 75 with
788 1083 85 75 after
898 1083 54 75 the
979 1083 140 75 deluge;
1147 1083 52 75 for

210 1128 106 75 which
333 1128 135 75 purpofe
484 1128 25 75 it
531 1128 26 75 is
581 1128 140 75 thought
737 1128 71 75 that
824 1128 40 75 he
881 1128 103 75 might
1000 1128 88 75 fpare
1106 1128 91 75 room

213 1175 30 75 in
266 1175 56 75 the
348 1175 87 75 third
454 1175 85 75 dory
563 1175 52 75 for
639 1175 47 75 fix
713 1175 62 75 and
791 1175 104 75 thirty
910 1175 142 75 cabbins,
1078 1175 119 75 befides

211 1222 18 75 a
244 1222 141 75 kitchen,
411 1222 19 75 a
453 1222 79 75 hall,
557 1222 74 75 four
647 1222 179 75 chambers,
853 1222 62 75 and
939 1222 18 75 a
981 1222 91 75 fpace
1099 1222 99 75 about

209 1269 89 75 eight
314 1269 63 75 and
397 1269 90 75 forty
503 1269 104 75 cubits
623 1269 32 75 in
672 1269 110 75 length
799 1269 35 75 to
853 1269 85 75 walk
960 1269 46 75 in.

163 1315 30 75 A.
193 1315 55 75 PvK
276 1315 43 75 of
325 1315 52 75 ihe
393 1315 168 75 covenant,
587 1315 20 75 a
622 1315 88 75 final!
727 1315 86 75 ched
829 1315 38 75 or
883 1315 113 75 coffer,
1022 1315 92 75 three
1131 1315 68 75 feet

210 1363 73 75 nine
299 1363 109 75 inches
427 1363 33 75 in
472 1363 124 75 length,
615 1363 66 75 two
693 1363 67 75 feet
775 1363 92 75 three
878 1363 108 75 inches
1003 1363 32 75 in
1048 1363 149 75 breadth,

212 1408 62 75 and
289 1408 66 75 two
366 1408 67 75 feet
445 1408 91 75 three
548 1408 108 75 inches
672 1408 31 75 in
720 1408 124 75 height,
862 1408 33 75 in
908 1408 104 75 which
1026 1408 86 75 were
1123 1408 76 75 con-

212 1454 108 75 tained
343 1454 55 75 the
414 1454 116 75 golden
553 1454 56 75 pot
637 1454 71 75 that
739 1454 65 75 had
828 1454 124 75 manna,
978 1454 63 75 and
1058 1454 139 75 Aaron’s

214 1499 70 75 rod,
309 1499 62 75 and
387 1499 55 75 the
458 1499 103 75 tables
577 1499 40 75 of
627 1499 56 75 the
696 1499 172 75 covenant.
915 1499 86 75 This
1018 1499 101 75 coffer
1132 1499 66 75 was

214 1547 92 75 made
320 1547 41 75 of
371 1547 243 75 fhitrim-wood,
640 1547 64 75 and
715 1547 63 75 was
790 1547 138 75 covered
947 1547 78 75 with
1042 1547 55 75 the
1114 1547 84 75 mer-

214 1593 133 75 cy-feat,
372 1593 107 75 which
503 1593 65 75 was
592 1593 43 75 of
648 1593 81 75 folid
755 1593 78 75 gold
847 1593 10 75 ;
884 1593 32 75 at
944 1593 55 75 the
1024 1593 66 75 two
1120 1593 79 75 ends

212 1641 148 75 whereof
387 1641 84 75 were
495 1641 66 75 tu’o
584 1641 193 75 cherubims,
814 1641 131 75 looking
969 1641 124 75 toward
1120 1641 79 75 each

213 1686 106 75 other,
350 1686 79 75 with
452 1686 171 75 expanded
646 1686 115 75 wings,
794 1686 118 75 which,
934 1686 185 75 embracing
1143 1686 55 75 the

212 1733 104 75 whole
336 1707 6 104 ■
352 1733 228 75 ircumference
596 1733 41 75 of
649 1733 54 75 the
703 1715 9 49 1
731 1733 204 75 mercy-feat,
960 1733 66 75 met
1050 1733 42 75 on
1120 1733 78 75 each

213 1780 63 75 fide
305 1780 31 75 in
364 1780 56 75 the
447 1780 133 75 middle.
628 1780 77 75 The
736 1780 119 75 whole,
881 1780 170 75 according
1080 1780 34 75 to
1142 1780 55 75 the

212 1827 139 75 rabbins,
382 1827 66 75 was
473 1827 93 75 made
596 1827 58 75 out
685 1827 41 75 of
747 1827 56 75 the
827 1827 83 75 fame
932 1827 93 75 mafs,
1059 1827 138 75 without

207 1872 126 75 joining
350 1872 60 75 any
427 1872 107 75 oftthe
550 1872 86 75 parts
655 1872 42 75 by
712 1872 118 75 folder.
878 1872 90 75 Here
984 1872 26 75 it
1034 1872 65 75 was
1124 1872 72 75 that

212 1919 54 75 the
283 1919 201 75 Schechinah
503 1919 37 75 or
557 1919 122 75 Divine
693 1919 153 75 Prefence
863 1919 113 75 reded,
995 1919 77 75 both
1090 1919 31 75 in
1140 1919 56 75 the

212 1968 181 75 tabernacle
416 1968 62 75 and
497 1968 31 75 in
553 1968 55 75 the
625 1968 130 75 temple,
779 1968 64 75 and
866 1968 63 75 was
947 1968 111 75 vifibly
1073 1968 72 75 feen
1162 1968 32 75 in

210 2013 55 75 the
281 2013 192 75 appearance
490 2013 40 75 of
542 2013 18 75 a
576 2013 95 75 cloud
688 2013 77 75 over
781 2013 47 75 it;
848 2013 62 75 and
925 2013 84 75 from
1026 2013 101 75 hence
1139 2013 56 75 the

213 2059 120 75 Divine
348 2059 122 75 oracles
491 2059 84 75 were
594 2059 91 75 men
702 2059 57 75 out
776 2059 42 75 by
835 2059 41 75 an
892 2059 127 75 audible
1034 2059 104 75 voice,
1163 2059 33 75 as

213 2105 89 75 often
318 2105 34 75 as
370 2105 80 75 God
466 2105 65 75 was
548 2105 164 75 confulted
728 2105 34 75 in
788 2105 56 75 the
860 2105 114 75 behalf
993 2105 41 75 of
1055 2105 49 75 his
1122 2105 74 75 peo-

212 2150 64 75 ple.
324 2150 93 75 Plate
431 2150 210 75 XXXVIII*
655 2150 56 75 fig.
730 2150 44 75 2.-

167 2197 228 75 ARKLOW,
421 2197 18 75 a
455 2197 139 75 fea-port
611 2197 87 75 town
715 2197 41 75 of
766 2197 140 75 Ireland,
931 2197 133 75 fituated
1084 2197 32 75 in
1141 2197 55 75 the

213 2244 118 75 county
347 2244 40 75 of
396 2244 178 75 Wicklow,
599 2244 98 75 about
713 2244 138 75 thirteen
870 2244 91 75 miles
978 2244 93 75 fouth
1088 2244 41 75 of
1140 2244 55 75 the

212 2288 66 75 city
304 2288 41 75 of
364 2288 177 75 Wicklow,
576 2288 31 75 in
637 2288 39 75 6°
702 2288 45 75 IQ
777 2288 62 75 W.
856 2288 89 75 long,
971 2288 63 75 and
1053 2288 40 75 52
1093 2270 22 49 0
1138 2288 55 75 55'

213 2337 48 75 N.
279 2337 58 75 lat.
389 2337 15 75 *

167 2383 168 75 ARLES,
361 2383 20 75 a
395 2383 66 75 city
477 2383 39 75 of
535 2383 162 75 Provence
713 2383 31 75 in
761 2383 136 75 France,
921 2383 135 75 fituated
1075 2383 41 75 on
1138 2383 55 75 the

213 2429 119 75 eadern
348 2429 89 75 fhore
466 2429 39 75 of
527 2429 55 75 the
598 2429 84 75 river
698 2429 129 75 Rhone,
853 2429 33 75 in
903 2429 22 75 4
925 2411 19 49 0
961 2429 57 75 45'
1041 2429 44 75 E.
1103 2429 89 75 long,

214 2475 61 75 and
293 2475 41 75 43
334 2457 22 49 0
376 2475 40 75 32
416 2457 14 49 /
446 2475 48 75 N.
512 2475 58 75 lat.

167 2523 214 75 ARLEUX,
406 2523 19 75 a
442 2523 85 75 town
544 2523 40 75 of
595 2523 167 75 Hainault,
787 2523 31 75 in
835 2523 55 75 the
907 2523 124 75 French
1050 2523 143 75 Nether-

212 2568 104 75 lands,
351 2568 135 75 fituated
513 2568 97 75 about
637 2568 45 75 fix
710 2568 92 75 miles
818 2568 95 75 fouth
932 2568 49 75 .of
1003 2568 132 75 Douay,
1160 2568 34 75 in

215 2615 15 75 3
230 2597 22 49 0
269 2615 43 75 E.
331 2615 89 75 long,
443 2615 62 75 and
524 2615 60 75 50°
604 2615 45 75 10
675 2615 48 75 N.
742 2615 57 75 lat.

166 2662 181 75 ARLON,
375 2662 5 75 .
380 2662 11 75 1
409 2662 85 75 town
513 2662 39 75 of
570 2662 54 75 the
641 2662 107 75 duchy
764 2662 40 75 of
827 2662 224 75 Luxemburg,
1076 2662 42 75 on
1136 2662 56 75 the

211 2709 149 75 Andrian
373 2709 231 75 Netherlands,
622 2709 131 75 fituated
768 2709 33 75 in
820 2709 17 75 5
837 2691 24 49 0
883 2709 53 75 30'
960 2709 44 75 E.
1016 2709 89 75 long,
1131 2709 63 75 and

213 2755 42 75 4Q
255 2737 24 49 0
294 2755 49 75 45'
343 2755 7 75 '
374 2755 48 75 N.
439 2755 58 75 lat.

165 2803 121 75 ARM,
312 2803 31 75 in
361 2803 116 75 riding,
504 2803 25 75 is
547 2803 123 75 applied
688 2803 36 75 to
750 2803 18 75 a
789 2803 105 75 horde,
919 2803 105 75 when,
1048 2803 44 75 by
1110 2803 83 75 pref-

210 2848 65 75 ling
293 2848 95 75 down
405 2848 49 75 his
472 2848 93 75 head,
589 2848 43 75 he
646 2848 196 75 endeavours
870 2848 35 75 to
925 2848 120 75 defend
1066 2848 134 75 hiirifelf

211 2895 114 75 againll
343 2895 54 75 the
421 2895 59 75 bit,
505 2895 35 75 to
563 2895 131 75 prevent
714 2895 149 75 obeying,
888 2895 38 75 or
942 2895 94 75 being
1052 2895 142 75 checked

211 2941 148 75 thereby.

163 2993 226 75 ARMADA,
415 2993 18 75 a
458 2993 129 75 Spanilh
610 2993 94 75 term,
729 2993 167 75 fignifying
921 2993 19 75 a
965 2993 74 75 fleet
1063 2993 41 75 of
1119 2993 73 75 men

210 3035 39 75 of
263 3035 76 75 war,
365 3035 17 75 a
392 3035 4 75 :
417 3035 180 75 arviadiUa
613 3035 131 75 fignifies
766 3035 18 75 a
801 3035 171 75 fquadrcn.

259 3082 97 75 You.
385 3082 28 75 I,
462 3082 71 75 No.
556 3082 52 75 i3^

1250 243 329 75 ARMAPABAT,
1606 243 18 75 a
1643 243 78 75 very
1737 243 90 75 large
1849 243 66 75 city
1932 243 40 75 of
1983 243 87 75 Afia,
2096 243 55 75 the
2168 243 117 75 metro-

1290 287 82 75 polis
1389 287 39 75 of
1441 287 56 75 the
1516 287 161 75 kingdom,
1688 287 39 75 of
1747 287 163 75 Guzarat,

1246 335 314 75 ARMADILLO,
1585 335 34 75 in
1634 335 153 75 zoology,
1805 335 18 75 a
1839 335 214 75 fynonimeof
2063 335 54 75 the
2133 335 149 75 dafypus.

1296 382 60 75 See
1377 382 205 75 Dasyp.us.

1247 429 229 75 ARMAGH,
1501 429 87 75 pnce'
1610 429 18 75 a
1653 429 215 75 confiderable
1896 429 68 75 city
1991 429 41 75 of
2055 429 140 75 Ireland,
2227 429 58 75 but

1294 474 71 75 now
1382 474 95 75 much
1494 474 151 75 reduced,
1671 474 137 75 fituated
1837 474 99 75 about
1964 474 103 75 thirty
2083 474 90 75 miles
2190 474 94 75 fouth

1293 522 40 75 of
1346 522 249 75 Londonderry,
1620 522 30 75 in
1670 522 44 75 6°
1730 522 56 75 45'
1813 522 60 75 W.
1891 522 77 75 long
2007 522 63 75 and
2089 522 42 75 54
2131 504 23 49 0
2171 522 112 75 30’’N,

1293 568 56 75 lat.
1400 568 32 75 It
1449 568 27 75 is
1492 568 62 75 dill
1571 568 55 75 the
1641 568 49 75 fee
1708 568 39 75 of
1759 568 55 75 the
1831 568 150 75 primate,
1991 568 40 75 of
2053 568 143 75 Ireland,
2222 568 63 75 and

1293 615 88 75 gives
1398 615 92 75 name
1510 615 35 75 to
1562 615 54 75 the
1633 615 120 75 county
1769 615 40 75 of
1822 615 160 75 Armagh.

1245 662 299 75 ARMAGNAC,
1569 662 18 75 a
1609 662 118 75 didrifi
1745 662 37 75 or
1806 662 153 75 territory
1982 662 31 75 in
2031 662 55 75 the
2107 662 177 75 north-ead

1294 708 69 75 pan
1381 708 41 75 of
1436 708 153 75 Gafcony
1606 708 31 75 in
1655 708 135 75 France.

1246 756 193 75 ARMAN,
1465 756 31 75 in
1514 756 149 75 farriery.
1713 756 62 75 See
1792 756 182 75 Drench.

1246 802 192 75 ARMED,
1463 802 33 75 in
1524 802 56 75 the
1608 802 236 75 fea-language.
1893 802 35 75 A
1957 802 161 75 crofs-bar
2145 802 82 75 fhot,
2255 802 28 75 is

1256 848 3 75 .
1291 848 65 75 faid
1374 848 36 75 to
1425 848 40 75 be
1482 848 121 75 armed,
1629 848 93 75 when
1738 848 86 75 fome
1842 848 171 75 rope-yarn
2030 848 39 75 or
2093 848 54 75 the
2170 848 66 75 like
2255 848 29 75 js

1294 895 103 75 rolled
1414 895 98 75 about
1528 895 56 75 the
1604 895 63 75 end
1691 895 40 75 of
1749 895 56 75 the
1833 895 70 75 iron
1926 895 69 75 bar,
2020 895 107 75 which
2145 895 138 75 runneth

1222 941 8 75 •
1292 941 141 75 through
1458 941 55 75 the
1536 941 83 75 fhot.

1246 989 157 75 Armed,
1436 989 33 75 in
1494 989 164 75 heraldry,
1691 989 26 75 is
1745 989 76 75 ufed
1848 989 93 75 when
1969 989 57 75 the
2052 989 113 75 horns,
2199 989 80 75 feet,

1293 1036 92 75 beak,
1411 1036 37 75 or
1465 1036 104 75 talons
1590 1036 40 75 of
1642 1036 63 75 any
1721 1036 84 75 bead
1822 1036 37 75 or
1879 1036 71 75 bird
1967 1036 40 75 of
2025 1036 91 75 prey,
2143 1036 53 75 are
2212 1036 40 75 of
2264 1036 19 75 a

1293 1082 284 75 difFerenttffokmr
1595 1082 83 75 from
1697 1082 54 75 the
1764 1082 60 75 red
1840 1082 42 75 of
1897 1082 84 75 their
1992 1082 101 75 body.

1246 1130 243 75 ARMENIA,
1515 1130 18 75 a
1559 1130 88 75 large
1671 1130 142 75 country
1840 1130 42 75 of
1899 1130 88 75 Afia,
2013 1130 270 75 comprehending

1291 1175 218 75 Turcomania
1529 1175 61 75 and
1614 1175 70 75 part
1701 1175 40 75 of
1752 1175 118 75 Perfia.

1244 1223 310 75 ARMENIACA,
1580 1223 31 75 in
1629 1223 133 75 botany.
1812 1223 61 75 See
1890 1223 172 75 Prunus.

1243 1270 307 75 ARMENIANS,
1588 1270 33 75 in
1650 1270 269 75 church-hidory,
1953 1270 19 75 a
1998 1270 62 75 fedl
2083 1270 116 75 among
2226 1270 56 75 the

1293 1315 118 75 eadern
1443 1315 177 75 Chridians
1634 1315 11 75 ;
1688 1315 75 75 thus
1791 1315 104 75 called
1921 1315 85 75 from
2034 1315 166 75 Armenia,
2226 1315 56 75 the

1290 1361 137 75 country
1444 1361 161 75 anciently
1627 1361 165 75 inhabit*!
1808 1361 43 75 by
1868 1361 102 75 them.
2013 1361 113 75 There
2143 1361 53 75 are
2213 1361 67 75 two
2298 1361 6 75 .

1294 1410 92 75 kinds
1403 1410 41 75 of
1453 1410 205 75 Armenians,
1684 1410 56 75 the
1768 1410 61 75 one
1857 1410 138 75 catholic
2022 1410 62 75 and
2111 1410 119 75 fubjedt
2246 1410 36 75 to

1294 1454 54 75 the
1364 1454 95 75 pope,
1485 1454 116 75 having
1619 1454 18 75 a
1653 1454 160 75 patriarch
1829 1454 32 75 in
1879 1454 117 75 Perfia,
2022 1454 63 75 and
2101 1454 134 75 another
2248 1454 33 75 in

1293 1501 125 75 Poland
1432 1501 9 75 ;
1469 1501 55 75 the
1541 1501 96 75 other
1652 1501 109 75 makes
1783 1501 18 75 a
1816 1501 140 75 pecnliar
1971 1501 75 75 fedl,
2071 1501 117 75 having
2215 1501 67 75 two

1294 1550 175 75 patriarchs
1486 1550 31 75 in
1535 1550 147 75 Natolia.
1730 1550 100 75 They
1847 1550 54 75 are
1917 1550 163 75 generally
2098 1550 132 75 accufed
2245 1550 42 75 of

1293 1594 93 75 being
1408 1594 247 75 manophyfites,
1679 1594 79 75 only
1782 1594 150 75 allowing
1956 1594 40 75 of
2020 1594 60 75 one
2108 1594 111 75 nature
2247 1594 33 75 in

1235 1641 4 75 .
1291 1641 92 75 Jefus
1401 1641 120 75 Chrid.
1570 1641 49 75 As
1637 1641 35 75 to
1689 1641 54 75 the
1761 1641 168 75 eucharid,
1954 1641 79 75 they
2049 1641 51 75 for
2124 1641 55 75 the
2197 1641 84 75 mod

1292 1687 72 75 part
1380 1687 94 75 agree
1495 1687 77 75 with
1590 1687 54 75 the
1661 1687 128 75 Greeks
1804 1687 11 75 ;
1850 1687 78 75 they
1956 1687 118 75 abdain
2104 1687 176 75 rigoroudy

1292 1735 84 75 from
1400 1735 106 75 eating
1530 1735 41 75 of
1593 1735 98 75 blood
1715 1735 61 75 and
1805 1735 100 75 meats
1932 1735 171 75 drangled,
2136 1735 63 75 and
2226 1735 53 75 are

1290 1781 94 75 much
1404 1781 146 75 addi&ed
1567 1781 35 75 to
1619 1781 126 75 fading.

1243 1829 337 75 ARMENTIERS,
1606 1829 18 75 a
1650 1829 144 75 fortified
1811 1829 87 75 town
1915 1829 32 75 in
1964 1829 126 75 French
2107 1829 169 75 Flanders,

1289 1875 132 75 fituated
1438 1875 97 75 about
1551 1875 92 75 feven
1661 1875 90 75 miles
1769 1875 75 75 wed
1859 1875 41 75 of
1909 1875 100 75 Lide,
2034 1875 32 75 in
2090 1875 19 75 2
2109 1857 24 49 0
2154 1875 54 75 50'
2232 1875 44 75 E.

1218 1921 15 75 r
1288 1921 90 75 long,
1404 1921 63 75 and
1488 1921 66 75 50°
1574 1921 56 75 42'
1648 1921 47 75 N.
1712 1921 59 75 lat.

1241 1970 233 75 ARMIERS,
1500 1970 19 75 a
1535 1970 87 75 town
1638 1970 43 75 of.
1689 1970 168 75 Hainault,
1875 1970 32 75 in
1924 1970 55 75 the
1996 1970 125 75 French
2134 1970 143 75 Nether-

1289 2016 104 75 lands,
1419 2016 134 75 fituated
1580 2016 42 75 on
1650 2016 56 75 the
1737 2016 85 75 river
1851 2016 146 75 Sambrc,
2028 2016 98 75 about
2155 2016 123 75 twenty

1288 2062 190 75 milesfouth
1490 2062 39 75 of
1536 2062 152 75 Mons,in
1702 2062 93 75 3°40
1795 2044 9 49 ,
1804 2062 131 75 E.long
1959 2062 62 75 and
2032 2062 62 75 50°
2108 2062 165 75 15'N.lat.

1241 2109 244 75 ARMIGER,
1511 2109 39 75 an
1574 2109 137 75 efquire,
1736 2109 38 75 or
1801 2109 269 75 armour-bearer.
2120 2109 61 75 See
2206 2109 90 75 Es-

1291 2155 133 75 quire.

1245 2201 305 75 ARMILLARY,
1591 2201 32 75 in
1657 2201 19 75 a
1707 2201 128 75 general
1866 2201 98 75 fenfe,
1991 2201 177 75 fomething
2197 2201 76 75 con-

1288 2247 103 75 fiding
1408 2247 40 75 of
1460 2247 97 75 rings,
1581 2247 38 75 or
1638 2247 126 75 circles.

1241 2295 294 75 ARMILLARY
1542 2295 128 75 fphere,
1695 2295 37 75 an
1750 2295 144 75 artificial
1910 2295 125 75 fphere,
2054 2295 169 75 compofed
2239 2295 56 75 of-

1289 2339 19 75 a
1331 2339 134 75 number
1480 2339 40 75 of
1531 2339 125 75 circles,
1680 2339 214 75 reprefenting
1910 2339 58 75 the
1983 2339 119 75 feveral
2115 2339 111 75 circles
2238 2339 41 75 of

1288 2387 56 75 the
1359 2387 157 75 mundane
1532 2387 124 75 fphere,
1681 2387 57 75 put
1766 2387 148 75 together
1930 2387 31 75 in
1979 2387 85 75 their
2079 2387 123 75 natural
2219 2387 75 75 or-.

1288 2433 69 75 der;
1383 2433 34 75 to
1433 2433 69 75 eafe
1518 2433 63 75 and
1597 2433 76 75 afiid
1697 2433 55 75 the
1780 2433 218 75 imagination,
2024 2433 32 75 in
2084 2433 188 75 conceiving

1288 2479 55 75 the
1360 2479 204 75 conditution
1591 2479 40 75 of
1653 2479 55 75 the
1735 2479 149 75 heavens,
1910 2479 61 75 and
1997 2479 55 75 the
2076 2479 139 75 motions
2235 2479 58 75 of-

1288 2526 54 75 the
1358 2526 137 75 celedial
1516 2526 122 75 bodies.
1687 2526 62 75 See
1768 2526 266 75 Geography.

1239 2574 400 75 ARMILUSTRIUM,
1664 2574 32 75 in
1713 2574 126 75 Roman
1856 2574 172 75 antiquity,
2055 2574 19 75 a
2098 2574 75 75 fead
2193 2574 78 75 held

1287 2618 114 75 among
1418 2618 55 75 the
1485 2618 156 75 Romans,
1659 2618 31 75 in
1704 2618 104 75 which
1824 2618 77 75 they
1915 2618 163 75 facrificed
2094 2618 122 75 armed,
2234 2618 37 75 to
2287 2618 6 75 .

1287 2666 55 75 the
1359 2666 98 75 found
1473 2666 40 75 of
1524 2666 156 75 trumpets

1240 2713 239 75 ARMINGS,
1505 2713 31 75 in
1559 2713 54 75 the
1630 2713 234 75 fea-language.
1915 2713 61 75 See
1987 2713 162 75 Armed.

1240 2760 290 75 ARMINIANS,
1556 2760 30 75 in
1612 2760 268 75 church-hidory,
1907 2760 19 75 a
1952 2760 63 75 fed
2031 2760 40 75 of
2093 2760 176 75 Chridians

1290 2803 102 75 which
1409 2803 87 75 arofe
1512 2803 31 75 in
1561 2803 156 75 Holland,
1735 2803 43 75 by
1795 2803 17 75 a
1829 2803 176 75 reparation
2021 2803 86 75 from
2124 2803 55 75 the
2192 2803 77 75 Cal-

1287 2852 119 75 vinids.
1453 2852 98 75 They
1567 2852 53 75 are
1634 2852 89 75 great
1740 2852 143 75 afiertors
1901 2852 41 75 of
1958 2852 163 75 free-will.
2169 2852 101 75 They
2287 2852 7 75 .

1287 2899 92 75 fpeak
1395 2899 79 75 very
1488 2899 216 75 ambiguoufly
1722 2899 40 75 of
1768 2899 54 75 the
1839 2899 146 75 prefence
2002 2899 40 75 of
2052 2899 93 75 God.
2169 2899 102 75 They

1256 2946 14 75 -
1285 2946 75 75 look
1377 2946 84 75 upon
1489 2946 56 75 the
1563 2946 150 75 -doftrine
1741 2946 40 75 of
1801 2946 57 75 the
1872 2946 135 75 Trinity
2017 2946 39 75 as
2073 2946 18 75 a
2107 2946 89 75 point
2211 2946 58 75 net
2285 2946 10 75 .

1285 2992 157 75 neceffary
1464 2992 40 75 .to
1532 2992 174 75 falvation;
1732 2992 62 75 and
1811 2992 95 75 many
1922 2992 40 75 of
1979 2992 88 75 them
2083 2992 79 75 hold
2179 2992 91 75 there

1286 3041 25 75 is
1329 3041 42 75 no
1386 3041 181 75 precepfin
1593 3041 154 75 faipture
1770 3041 50 75 by.
1841 3041 115 75 which,
1972 3041 50 75 we
2044 3041 54 75 are
2119 3041 151 75 enjoined

1713 3092 16 75 5
1755 3092 27 75 P

2235 3092 35 75 to

1119 3098 8 75 .
1127 3098 15 75 3
