2477 3395
791 166 36 75 B
943 166 41 75 O
1101 166 39 75 T

163 238 53 75 are
232 238 128 75 obliged
383 238 34 75 to
433 238 79 75 have
530 238 144 75 recourfe
690 238 35 75 to
740 238 55 75 the
816 238 238 75 unpardonable
1070 238 118 75 impro-

163 282 101 75 priety
281 282 39 75 of
342 282 182 75 employing
540 282 19 75 a
574 282 117 75 double
718 282 148 75 analogy,
892 282 56 75 the
964 282 60 75 one
1052 282 137 75 betwixt

162 329 54 75 the
244 329 115 75 animal
376 329 62 75 and
461 329 176 75 vegetable,
662 329 55 75 the
734 329 93 75 other
844 329 134 75 betwixt
996 329 65 75 two
1077 329 110 75 differ-

162 375 53 75 ent
243 375 97 75 tribes
360 375 40 75 of
421 375 191 75 vegetables.
663 375 37 75 In
726 375 94 75 order
845 375 35 75 to
897 375 135 75 account
1056 375 53 75 for
1132 375 55 75 the

162 422 207 75 propagation
391 422 40 75 of
453 422 55 75 the
524 422 110 75 mufci,
668 422 102 75 fungi,
803 422 74 75 and,
902 422 31 75 in
958 422 18 75 a
992 422 102 75 word,
1131 422 55 75 the

160 469 104 75 whole
292 469 216 75 cryptogamia
531 469 92 75 clafs,
648 469 105 75 whofe
770 469 86 75 parts
873 469 41 75 of
930 469 185 75 generation
1131 469 55 75 are

160 514 102 75 either
285 514 139 75 wanting
452 514 191 75 altogether,
668 514 38 75 or
721 514 139 75 invilible
875 514 37 75 to
942 514 59 75 our
1017 514 168 75 eye-fight,

160 562 151 75 Linnreus
328 562 178 75 maintains,
524 562 82 75 that,
630 562 65 75 this
707 562 222 75 circumftance
945 562 241 75 notwithftand-

159 607 70 75 ing*
251 607 77 75 they
337 607 171 75 propagate
520 607 85 75 their
616 607 164 75 fpeciesby
796 607 19 75 a
831 607 125 75 regular
967 607 61 75 and
1045 607 140 75 uniform

160 653 175 75 commerce
347 653 40 75 of
394 653 103 75 fexes.
515 653 23 75 “
558 653 48 75 As
623 653 25 75 it
658 653 57 75 has
728 653 79 75 been
819 653 118 75 proven
949 653 86 75 (fays
1045 653 57 75 he)
1115 653 71 75 that

160 699 41 75 all
226 699 89 75 thofe
339 699 104 75 plants
460 699 105 75 whofe
582 699 114 75 organs
709 699 40 75 of
765 699 200 75 generations
982 699 53 75 are
1063 699 120 75 vifible,

159 746 173 75 propagate
356 746 84 75 their
462 746 116 75 fpecies
596 746 49 75 by,
655 746 82 75 male
765 746 62 75 and
854 746 116 75 female
996 746 160 75 embraces
1172 746 10 75 ;

159 792 161 75 therefore
344 792 42 75 all
410 792 89 75 thofe
516 792 103 75 whofe
643 792 113 75 organs
774 792 52 75 are
843 792 59 75 lefs
930 792 120 75 fubjedt
1066 792 36 75 to
1125 792 60 75 our

159 838 209 75 obfervation,
393 838 80 75 muft
486 838 139 75 likewife
648 838 171 75 propagate
836 838 31 75 in
884 838 56 75 the
967 838 84 75 fame
1075 838 109 75 way.”

159 884 117 75 Before
292 884 73 75 fuch
381 884 161 75 reafoning
558 884 33 75 as
608 884 63 75 this
688 884 58 75 can
763 884 100 75 admit
879 884 79 75 even
975 884 40 75 of
1037 884 19 75 a
1071 884 115 75 decent

159 930 148 75 apology,
326 930 110 75 before
459 930 54 75 the
529 930 163 75 fexualifis
705 930 136 75 attempt
857 930 35 75 to
908 930 83 75 Ihew
1015 930 70 75 that
1108 930 76 75 fuch

158 977 102 75 plants
284 977 96 75 enjoy
403 977 54 75 the
474 977 122 75 faculty
619 977 39 75 of
669 977 197 75 generation,
892 977 25 75 it
949 977 26 75 is
1002 977 183 75 incumbent

156 1023 41 75 on
215 1023 86 75 them
327 1023 34 75 to
377 1023 98 75 prove
498 1023 70 75 that
595 1023 77 75 they
695 1023 53 75 are
765 1023 70 75 pofl'
835 1023 80 75 effed
941 1023 41 75 of
999 1023 186 75 generating

157 1069 127 75 organs.

204 1115 185 75 According
411 1115 34 75 to
462 1115 55 75 the
532 1115 142 75 dodtrine
697 1115 39 75 of
754 1115 89 75 fexes
860 1115 32 75 in
909 1115 193 75 vegetables,
1127 1115 56 75 an*

157 1161 92 75 other
264 1161 116 75 capital
397 1161 116 75 defedl,
537 1161 38 75 or
591 1161 107 75 rather
714 1161 211 75 redundance,
951 1161 111 75 occurs
1079 1161 32 75 in
1129 1161 54 75 the

157 1208 135 75 analogy
307 1208 143 75 between
468 1208 55 75 the
539 1208 114 75 animal
676 1208 62 75 and
755 1208 177 75 vegetable.
981 1208 32 75 It
1030 1208 26 75 is
1073 1208 59 75 one
1149 1208 41 75 of

156 1254 55 75 the
238 1254 79 75 mofl:
347 1254 189 75 benevolent
563 1254 62 75 and
655 1254 101 75 ufeful
786 1254 77 75 laws
892 1254 31 75 in
953 1254 123 75 nature,
1114 1254 70 75 that

155 1300 112 75 mules,
286 1300 36 75 or
338 1300 76 75 fuch
432 1300 131 75 animals
584 1300 32 75 as
634 1300 52 75 are
704 1300 161 75 produced
882 1300 43 75 by
942 1300 55 75 the
1014 1300 167 75 unnatural

156 1348 227 75 commixtures
400 1348 41 75 of
451 1348 66 75 two
532 1348 150 75 different
693 1348 105 75 kinds,
824 1348 53 75 are
894 1348 152 75 deprived
1065 1348 43 75 of
1128 1348 55 75 the

157 1392 145 75 capacity
325 1392 40 75 of
389 1392 207 75 propagating
620 1392 84 75 their
732 1392 172 75 monjlrout
931 1392 130 75 fpecies.
1110 1392 31 75 It
1158 1392 26 75 is

156 1439 83 75 true,
265 1439 177 75 Linnaeus’s
471 1439 98 75 mules
597 1439 53 75 are
674 1439 56 75 not
753 1439 129 75 obliged
898 1439 35 75 to
960 1439 127 75 comply
1104 1439 78 75 with

157 1484 62 75 this
236 1484 82 75 law;
345 1484 77 75 they
439 1484 52 75 are
509 1484 57 75 not
583 1484 114 75 animal
714 1484 56 75 but
795 1484 161 75 vegetable
971 1484 100 75 mutes
1083 1484 10 75 ;
1119 1484 64 75 and

156 1531 227 75 confeijuently
409 1531 73 75 may
502 1531 103 75 freely
631 1531 143 75 tranfmit
803 1531 82 75 their
909 1531 172 75 monjirous
1109 1531 74 75 iffue

154 1577 35 75 to
205 1577 169 75 pofterity!
413 1577 48 75 As
479 1577 77 75 they
572 1577 53 75 are
641 1577 57 75 not
714 1577 120 75 objedts
857 1577 40 75 of
911 1577 138 75 rewards
1069 1577 37 75 or
1123 1577 58 75 pu-

153 1625 182 75 niihments,
361 1625 78 75 they
454 1625 116 75 cannot
586 1625 39 75 be
637 1625 190 75 anfwefable
844 1625 51 75 for
911 1625 55 75 the
983 1625 111 75 horrid
1106 1625 74 75 con-

154 1670 169 75 fequences
336 1670 39 75 of
388 1670 127 75 turning
531 1670 55 75 the
604 1670 104 75 whole
725 1670 163 75 vegetable
901 1670 102 75 world
1021 1670 66 75 into
1104 1670 77 75 con-

155 1714 113 75 fulion,
293 1714 62 75 and
371 1714 149 75 covering
536 1714 56 75 the
611 1714 70 75 face
693 1714 40 75 of
755 1714 55 75 the
826 1714 90 75 earth
934 1714 78 75 with
1028 1714 153 75 monfters

155 1762 142 75 horrible
311 1762 34 75 to
362 1762 140 75 behold!

204 1807 30 75 It
251 1807 26 75 is
294 1807 19 75 a
324 1807 76 75 trite
415 1807 211 75 obfervation,
651 1807 70 75 that
737 1807 41 75 no
791 1807 82 75 fault
889 1807 26 75 is
933 1807 87 75 more
1034 1807 147 75 common

153 1854 116 75 among
296 1854 64 75 bad
376 1854 123 75 writers
515 1854 76 75 than
609 1854 33 75 to
670 1854 113 75 render
799 1854 84 75 their
907 1854 180 75 arguments
1104 1854 74 75 ridi-

156 1901 109 75 culous
283 1901 43 75 by
337 1901 136 75 hunting
488 1901 94 75 down
599 1901 181 75 metaphors
797 1901 37 75 or
847 1901 158 75 analogies
1023 1901 49 75 till
1084 1901 96 75 every

153 1947 127 75 jfhadow
295 1947 41 75 of
358 1947 210 75 refemblahce
585 1947 39 75 be
640 1947 71 75 loft.
759 1947 33 75 It
808 1947 26 75 is
856 1947 129 75 equally
1001 1947 83 75 true,
1110 1947 71 75 that

152 1995 64 75 this
239 1995 138 75 blunder
399 1995 112 75 occurs
526 1995 32 75 in
586 1995 111 75 almoft
713 1995 96 75 every
832 1995 79 75 page
936 1995 40 75 of
999 1995 180 75 Linnseus’s

153 2041 119 75 works.
321 2041 67 75 But
402 2041 26 75 it
455 2041 28 75 is
512 2041 175 75 peculiarly
702 2041 140 75 unlucky
866 2041 92 75 when
976 2041 38 75 an
1042 2041 136 75 analogy

154 2086 25 75 is
202 2086 40 75 of
253 2086 75 75 fuch
345 2086 18 75 a
375 2086 111 75 nature
504 2086 69 75 that
589 2086 27 75 it
633 2086 181 75 neceffarily
831 2086 74 75 runs
922 2086 67 75 into
1014 2086 164 75 obfeenity

154 2131 92 75 when
263 2131 123 75 treated
409 2131 32 75 in
457 2131 63 75 this
537 2131 141 75 manner.
727 2131 38 75 In
782 2131 147 75 purfuing
946 2131 18 75 a
979 2131 109 75 fexual
1105 2131 72 75 ana-

153 2177 87 75 logy,
257 2177 56 75 the
329 2177 115 75 utmoft
458 2177 145 75 delicacy
614 2177 40 75 of
664 2177 174 75 exprellion
854 2177 26 75 is
894 2177 161 75 required.
1092 2177 86 75 This

154 2223 148 75 however
318 2223 26 75 is
362 2223 210 75 exceedingly
583 2223 152 75 difficult,-
747 2223 166 75 efpecially
929 2223 93 75 when
1038 2223 55 75 the
1105 2223 74 75 ana-

154 2270 78 75 logy
247 2270 25 75 is
299 2270 117 75 puffied
444 2270 125 75 beyond
585 2270 41 75 its
644 2270 121 75 natural
794 2270 112 75 limits.
954 2270 79 75 But,
1058 2270 32 75 in
1109 2270 70 75 per-

152 2316 87 75 ufing
255 2316 54 75 the
321 2316 167 75 Sponfalia
503 2316 211 75 Plantarum,
739 2316 60 75 one
811 2316 107 75 would
935 2316 38 75 be
989 2316 143 75 tempted
1145 2316 34 75 to

152 2363 105 75 think,
274 2363 71 75 that
362 2363 53 75 the
432 2363 115 75 author
569 2363 65 75 had
649 2363 88 75 more
753 2363 125 75 reafons
895 2363 76 75 than
988 2363 59 75 one
1061 2363 51 75 for
1130 2363 48 75 re-

152 2409 110 75 liffiing
289 2409 64 75 this
379 2409 134 75 analogy
536 2409 34 75 fo
598 2409 126 75 highly.
774 2409 37 75 In
836 2409 93 75 many
945 2409 85 75 parts
1055 2409 39 75 of
1114 2409 63 75 this

154 2455 137 75 treatife,
316 2455 91 75 there
436 2455 25 75 is
483 2455 74 75 fuch
574 2455 18 75 a
608 2455 116 75 degree
747 2455 40 75 of
807 2455 176 75 indelicacy
998 2455 32 75 in
1047 2455 55 75 the
1119 2455 58 75 ex-

153 2501 128 75 preffion
299 2501 33 75 as
355 2501 115 75 cannot
494 2501 39 75 be
549 2501 163 75 exceeded
737 2501 43 75 by
799 2501 55 75 the
877 2501 80 75 moft
976 2501 132 75 obfeene
1125 2501 52 75 ro-

155 2547 246 75 mance-writer.
439 2547 66 75 For
521 2547 158 75 example,
696 2547 32 75 in
746 2547 33 75 p.
798 2547 75 75 103.
890 2547 41 75 he
949 2547 82 75 fays,
1061 2547 23 75 “
1101 2547 77 75 The

155 2594 22 75 “
203 2594 87 75 calix
316 2594 27 75 is
367 2594 55 75 the
438 2594 251 75 bride-chamber
704 2594 31 75 in
760 2594 105 75 which
882 2594 55 75 the
962 2594 130 75 ftamina
1115 2594 63 75 and

153 2640 22 75 “
202 2640 112 75 piftilla
339 2640 171 75 folemnize
537 2640 83 75 their
648 2640 181 75 nuptials;”
865 2640 25 75 “
916 2640 76 75 Vel,
1028 2640 20 75 fi
1077 2640 99 75 mavis

153 2689 23 75 “
203 2689 240 75 CUNNUS,
468 2689 53 75 feu
537 2689 125 75 Labia
680 2689 153 75 ejufdem,
857 2689 83 75 inter
957 2689 78 75 .quae
1060 2689 119 75 organa

152 2734 24 75 “
201 2734 149 75 genitalia
362 2734 169 75 mafeulina
542 2734 29 75 &
583 2734 161 75 feminina,
755 2734 218 75 delicatiffima:
987 2734 60 75 iftae
1057 2734 118 75 partes,

150 2779 25 75 “
200 2779 150 75 foventur
365 2779 30 75 &
423 2779 39 75 ab
478 2779 140 75 externis
647 2779 123 75 injuriis
791 2779 183 75 muniuntur
988 2779 187 75 !—Corolla

152 2829 22 75 “
200 2829 43 75 eft
259 2829 150 75 aulxum,
433 2829 51 75 vel
497 2829 104 75 potius
614 2829 387 75 nympho:!—Filamenta
1014 2829 69 75 funt
1100 2829 78 75 vafa

151 2872 22 75 “
189 2872 214 75 fpermatica,
428 2872 116 75 quibus
568 2872 109 75 fuccus
694 2872 43 75 ex
765 2872 107 75 planta
896 2872 139 75 fecretus
1059 2872 32 75 in
1121 2872 53 75 an-

150 2918 23 75 “
199 2918 107 75 theras
338 2918 190 75 transfertur
545 2918 216 75 !—Antherx
791 2918 70 75 funt
889 2918 288 75 Testiculi.,—

150 2965 23 75 “
200 2965 127 75 Pollen,
345 2965 53 75 feu
414 2965 103 75 pulvis
533 2965 215 75 amherarum,
764 2965 164 75 genitura
943 2965 31 75 &
989 2965 187 75 verrniculis

146 3012 26 75 **
187 3012 215 75 feminaiibus
439 3012 356 75 refpondet.—Stigma
829 3012 43 75 eft
900 3012 115 75 vulva,,
1051 3012 32 75 in
1113 3012 63 75 qua

196 3059 96 75 Vol.
312 3059 31 75 I.
391 3059 71 75 No.
482 3059 58 75 28.

1107 3059 19 75 3

1256 163 362 75 ANY.

2179 163 80 75 655

1241 233 23 75 “
1290 233 65 75 agit

1535 233 108 75 marls,
1668 233 135 75 quaeque
1819 233 82 75 hanc
1917 233 291 75 excipit.—Stylus
2218 233 45 75 A

1236 278 25 75 “
1286 278 135 75 vagina,
1446 278 50 75 vel
1513 278 104 75 potius
1645 278 71 75 pars
1732 278 57 75 ilia
1805 278 70 75 qua;
1892 278 83 75 tuba:
1990 278 198 75 Fallopian#
2209 278 52 75 re-

1236 325 23 75 “
1285 325 334 75 fpondet.r—Germen
1633 325 43 75 eft
1686 325 168 75 ovarium;
1881 325 139 75 continet
2033 325 96 75 etiam
2145 325 95 75 femin
2249 325 12 75 t

1237 375 25 75 “
1286 375 210 75 fubventanea
1512 375 52 75 feu
1589 375 63 75 non
1670 375 183 75 fcecundata
1869 375 72 75 ante
1957 375 304 75 copulam—Peri-

1236 419 22 75 “
1284 419 148 75 carpium
1444 419 43 75 &
1496 419 150 75 ovarium
1652 419 353 75 Jxcundatusn."—In
2020 419 32 75 p.
2065 419 57 75 90,
2134 419 64 75 fee,
2211 419 50 75 we

1233 465 84 75 meet
1339 465 79 75 with
1446 465 149 75 virginea
1621 465 100 75 vulva
1745 465 117 75 lafeive
1878 465 231 75 hians—eejlra
2125 465 136 75 venerea

1234 510 23 75 “
1283 510 143 75 agitata,
1448 510 161 75 pi/lillum
1626 510 157 75 jligmate
1811 510 82 75 hiat,
1924 510 160 75 rapacis
2115 510 141 75 instar

1234 559 23 75 “
1285 559 209 75 draconis,
1520 559 42 75 nil
1581 559 54 75 nifi
1658 559 204 75 mafeulinum
1892 559 164 75 pulverem
2072 559 188 75 affedlatis.”

1234 603 63 75 fee.
1346 603 33 75 It
1395 603 26 75 is
1438 603 170 75 impoffible
1624 603 35 75 to
1675 603 42 75 do
1730 603 113 75 juftice
1859 603 34 75 to
1910 603 88 75 thefe
2021 603 189 75 expreffions
2227 603 32 75 in

1232 649 61 75 any
1310 649 192 75 tranflation.

1283 697 126 75 Befides
1422 697 54 75 the
1493 697 162 75 obfeenity
1667 697 39 75 of
1717 697 88 75 thefe
1820 697 151 75 paffages,
1996 697 27 75 it
2038 697 108 75 would
2161 697 41 75 be
2218 697 42 75 no

1231 742 135 75 difficult
1382 742 68 75 talk
1467 742 34 75 to
1517 742 86 75 ffiow
1619 742 68 75 that
1700 742 56 75 the
1773 742 161 75 analogies
1951 742 53 75 are
2015 742 137 75 entirely
2164 742 95 75 with-

1232 788 55 75 out
1305 788 199 75 foundation.
1552 788 77 75 The
1641 788 91 75 calix
1748 788 26 75 is
1792 788 92 75 made
1912 788 35 75 to
1964 788 159 75 reprefent
2141 788 40 75 no
2198 788 60 75 lefs

1232 835 75 75 than
1336 835 90 75 three
1454 835 106 75 things
1584 835 41 75 of
1648 835 76 75 very
1740 835 139 75 oppofite
1906 835 149 75 natures;
2089 835 75 75 firll,
2188 835 28 75 it
2233 835 26 75 is

1233 883 170 75 analogous
1420 883 35 75 to
1479 883 56 75 the
1563 883 146 75 chamber
1725 883 44 75 of
1785 883 53 75 the
1853 883 103 75 bride,
1982 883 76 75 then
2074 883 38 75 to.
2124 883 56 75 the
2200 883 61 75 fe-

1233 929 83 75 male
1331 929 114 75 organ,
1463 929 61 75 and
1540 929 56 75 laft
1609 929 39 75 of
1659 929 43 75 alt
1717 929 35 75 to
1768 929 55 75 the
1835 929 139 75 Labia.
2008 929 104 75 What
2123 929 137 75 analogy

1231 974 26 75 is
1275 974 89 75 there
1381 974 136 75 betwixt
1533 974 55 75 the
1605 974 119 75 corolla
1741 974 39 75 of
1803 974 19 75 a
1845 974 87 75 plant
1960 974 62 75 and
2038 974 56 75 the
2122 974 138 75 nymph#

1231 1020 39 75 of
1282 1020 38 75 an
1338 1020 113 75 animal
1468 1020 11 75 ?
1507 1020 124 75 Where
1648 1020 26 75 is
1701 1020 55 75 the
1773 1020 136 75 analogy
1924 1020 145 75 between
2085 1020 55 75 the
2151 1020 108 75 pollep

1232 1067 60 75 and
1310 1067 53 75 the
1380 1067 205 75 animalcules
1603 1067 35 75 in
1645 1067 125 75 femine
1786 1067 175 75 mafeulino
1972 1067 20 75 ?
2016 1067 60 75 &c.

1277 1114 111 75 There
1404 1114 26 75 is
1447 1114 55 75 not
1519 1114 62 75 any
1596 1114 120 75 fcience
1733 1114 104 75 which
1855 1114 57 75 has
1929 1114 34 75 fo
1974 1114 84 75 little
2074 1114 185 75 cenneftion

1231 1161 77 75 with
1327 1161 115 75 theory
1458 1161 34 75 as
1517 1161 131 75 botany.
1696 1161 227 75 Theorjirmay
1949 1161 133 75 perplex
2106 1161 60 75 and
2184 1161 77 75 coo-

1230 1207 112 75 found,
1368 1207 57 75 but
1442 1207 95 75 never
1554 1207 57 75 can
1628 1207 80 75 have
1725 1207 54 75 the
1796 1207 75 75 lead
1888 1207 157 75 tendency
2061 1207 35 75 to
2113 1207 77 75 aflift
2206 1207 55 75 the

1231 1253 128 75 botanic
1376 1253 135 75 ftudent.
1561 1253 32 75 A
1611 1253 71 75 man
1701 1253 105 75 would
1823 1253 55 75 not
1903 1253 159 75 naturally
2086 1253 112 75 expert
2225 1253 36 75 to

1230 1300 84 75 meet
1341 1300 79 75 with
1447 1300 170 75 difgufting
1641 1300 120 75 ftrokes
1794 1300 49 75 of
1857 1300 162 75 obfeenity
2047 1300 30 75 in
2102 1300 19 75 a
2146 1300 114 75 fyftem

1230 1346 39 75 of
1282 1346 132 75 botany.
1463 1346 67 75 But
1557 1346 27 75 it
1611 1346 26 75 is
1667 1346 19 75 a
1709 1346 118 75 certain
1844 1346 76 75 fart,
1947 1346 70 75 that
2045 1346 162 75 obfeenity
2233 1346 27 75 is

1230 1392 55 75 the
1301 1392 77 75 very
1391 1392 76 75 bafis
1485 1392 39 75 of
1536 1392 54 75 the
1608 1392 151 75 Linnaean
1776 1392 124 75 fyftem.
1948 1392 76 75 The
2037 1392 107 75 names
2160 1392 39 75 of
2211 1392 50 75 his

1230 1439 118 75 claffes,
1374 1439 123 75 orders,
1521 1439 64 75 fee-,
1611 1439 120 75 convey
1749 1439 87 75 often
1854 1439 54 75 the
1924 1439 89 75 vileft
2030 1439 60 75 and
2107 1439 79 75 moft
2203 1439 58 75 un.-

1230 1485 123 75 natural
1369 1485 100 75 ideas.
1520 1485 64 75 For
1600 1485 159 75 example,
1785 1485 167 75 diandria,
1977 1485 57 75 the
2051 1485 90 75 name
2157 1485 40 75 of
2210 1485 50 75 his

1230 1532 114 75 fecond
1371 1532 92 75 clafs,
1490 1532 26 75 is
1545 1532 74 75 thus
1648 1532 170 75 explained
1843 1532 42 75 by
1915 1532 162 75 Linnaeus,
2104 1532 24 75 “
2154 1532 106 75 mariti

1232 1581 22 75 “
1279 1581 65 75 duo
1360 1581 33 75 in
1410 1581 111 75 eodem
1539 1581 171 75 conjugio;
1737 1581 52 75 feu
1813 1581 131 75 ftamina
1959 1581 65 75 duo
2039 1581 33 75 in
2089 1581 78 75 flore
2185 1581 73 75 her-

1229 1626 247 75 maphrodite;”
1494 1626 24 75 /.
1532 1626 28 75 e.
1578 1626 57 75 one
1642 1626 127 75 female
1787 1626 146 75 married
1950 1626 33 75 to
1998 1626 66 75 tixio
2081 1626 99 75 mates
2194 1626 9 75 ;
2224 1626 36 75 or

1229 1671 65 75 tun
1300 1671 149 75 Jlamina
1474 1671 36 75 in
1536 1671 21 75 a
1584 1671 255 75 hermaphrodite
1855 1671 129 75 flower.
2033 1671 76 75 The
2122 1671 137 75 number

1230 1717 40 75 of
1281 1717 96 75 males
1394 1717 76 75 goes
1486 1717 41 75 on
1544 1717 171 75 increafing
1736 1717 48 75 till
1801 1717 56 75 the
1874 1717 78 75 13th
1967 1717 90 75 clafs,
2084 1717 54 75 the
2156 1717 104 75 plants

1230 1764 171 75 belonging
1429 1764 34 75 to
1480 1764 106 75 which
1615 1764 54 75 are
1695 1764 67 75 faid
1790 1764 34 75 to
1851 1764 80 75 have
1950 1764 84 75 from
2053 1764 44 75 20
2115 1764 35 75 to
2174 1764 86 75 1000

1229 1810 156 75 hulbands
1402 1810 34 75 to
1453 1810 61 75 one
1537 1810 74 75 wife
1625 1810 132 75 !—-We
1774 1810 103 75 might
1892 1810 51 75 afk
1964 1810 154 75 Linnaeus'
2118 1810 10 75 ,
2153 1810 108 75 where

1229 1857 25 75 is
1274 1857 54 75 the
1345 1857 136 75 analogy
1496 1857 32 75 in
1546 1857 63 75 this
1626 1857 190 75 fuppofition
1831 1857 11 75 ?
1876 1857 78 75 The
1976 1857 179 75 fyngenefia
2181 1857 78 75 clafs

1228 1903 25 75 is
1268 1903 74 75 thus
1358 1903 127 75 defined
1503 1903 46 75 by
1565 1903 149 75 Linnaeus
1730 1903 9 75 :
1767 1903 24 75 “
1817 1903 114 75 Mariti
1949 1903 187 75 genitalibus
2155 1903 105 75 foeclus

1228 1950 25 75 “
1278 1950 228 75 conftituerunc
1554 1950 53 75 feu
1624 1950 129 75 ftamina
1770 1950 139 75 antheris
1933 1950 32 75 in
1991 1950 176 75 cylindrum
2184 1950 74 75 coa-

1230 1999 23 75 “
1279 1999 106 75 hta;”
1473 1999 28 75 e.
1527 1999 53 75 the
1604 1999 97 75 males
1727 1999 81 75 have
1830 1999 93 75 made
1948 1999 23 75 a
1998 1999 154 75 covenant
2175 1999 85 75 with

1227 2043 86 75 their
1328 2043 91 75 tejles
1430 2043 13 75 ;
1469 2043 36 75 or
1521 2043 52 75 the
1578 2043 150 75 ftamina
1747 2043 59 75 are
1823 2043 113 75 united
1949 2043 34 75 by
2000 2043 53 75 the
2068 2043 142 75 anther#
2222 2043 36 75 in

1225 2089 53 75 the
1280 2089 93 75 form
1390 2089 42 75 of
1438 2089 20 75 a
1471 2089 153 75 cylinder.
1672 2089 76 75 The
1760 2089 176 75 chararters
1953 2089 40 75 of
2008 2089 51 75 die
2075 2089 110 75 orders
2203 2089 55 75 are

1226 2134 59 75 ftill
1304 2134 111 75 worfe.
1453 2134 189 75 Polygamia
1648 2134 210 75 frufranea,
1876 2134 55 75 the
1944 2134 89 75 name
2061 2134 39 75 of
2111 2134 39 75 an
2163 2134 96 75 order

1229 2181 39 75 of
1284 2181 54 75 the
1354 2181 178 75 fyngenefia
1549 2181 90 75 clafs,
1658 2181 25 75 is
1701 2181 73 75 thus
1791 2181 145 75 defined:
1966 2181 22 75 “
2007 2181 185 75 Fruftranea
2208 2181 49 75 di-

1227 2227 24 75 “
1277 2227 94 75 citur,
1397 2227 71 75 cum
1486 2227 123 75 feminse
1626 2227 167 75 maritatoe,
1813 2227 120 75 fertiles
1952 2227 82 75 funt,
2063 2227 32 75 et
2122 2227 133 75 fpsciem

1228 2274 23 75 “
1276 2274 175 75 propagate
1477 2274 140 75 queunt;
1653 2274 152 75 caftratae,
1840 2274 191 75 impregnari
2056 2274 199 75 nequettnt.”

1227 2320 79 75 Men
1324 2320 36 75 or
1379 2320 215 75 philofophers
1612 2320 56 75 can
1682 2320 87 75 fmile
1786 2320 32 75 at
1832 2320 55 75 the
1905 2320 146 75 nonfepfe
2071 2320 60 75 and
2148 2320 108 75 abfur-

1226 2366 199 75 dityoffuch
1438 2366 132 75 obfeene
1582 2366 155 75 gibberilh
1751 2366 9 75 ;
1779 2366 58 75 but
1854 2366 25 75 it
1889 2366 29 75 is
1931 2366 72 75 eafy
2017 2366 33 75 to
2067 2366 90 75 gUefs
2173 2366 84 75 what

1226 2413 108 75 efferts
1351 2413 25 75 it
1390 2413 71 75 may
1475 2413 81 75 have
1573 2413 84 75 upon
1674 2413 55 75 the
1747 2413 107 75 young
1871 2413 62 75 and
1950 2413 210 75 thoughdefs.

1274 2459 66 75 But
1356 2459 55 75 the
1428 2459 61 75 bad
1506 2459 157 75 tendency
1678 2459 85 75 upon
1781 2459 117 75 morals
1916 2459 25 75 is
1957 2459 55 75 not
2030 2459 55 75 the
2102 2459 76 75 only
2194 2459 63 75 evil

1227 2506 162 75 produced
1412 2506 43 75 by
1482 2506 56 75 the
1565 2506 108 75 fexual
1691 2506 127 75 theory.
1868 2506 31 75 It
1914 2506 58 75 has
1989 2506 114 75 loaded
2122 2506 53 75 the
2192 2506 65 75 beft

1224 2553 111 75 fyftem
1352 2553 39 75 of
1402 2553 120 75 botany
1546 2553 70 75 that
1643 2553 56 75 has
1728 2553 143 75 hitherto
1887 2553 80 75 been
1994 2553 161 75 invented,
2175 2553 78 75 with

1228 2597 17 75 a
1277 2597 158 75 profufion
1464 2597 41 75 of
1530 2597 109 75 foolifh
1673 2597 62 75 and
1770 2597 89 75 often
1887 2597 230 75 unintelligible
2144 2597 113 75 terms,

1226 2645 105 75 which
1347 2645 107 75 throw
1470 2645 38 75 an
1526 2645 161 75 obfeurity
1710 2645 83 75 upon
1811 2645 55 75 the
1889 2645 132 75 fcience,
2046 2645 137 75 obftrurt
2199 2645 58 75 the

1224 2691 143 75 progrefs
1384 2691 39 75 qf
1434 2691 54 75 the
1505 2691 136 75 learner,
1663 2691 61 75 and
1742 2691 90 75 deter
1849 2691 94 75 many
1959 2691 84 75 from
2060 2691 73 75 ever
2151 2691 104 75 enter-

1223 2737 55 75 ing
1294 2737 83 75 upon
1395 2737 55 75 the
1467 2737 104 75 ftudy.

1274 2784 96 75 Upon
1387 2784 56 75 the
1459 2784 118 75 whole,
1602 2784 47 75 we
1667 2784 78 75 muft:
1762 2784 166 75 conclude,
1953 2784 70 75 that
2050 2784 54 75 the
2129 2784 126 75 diftinc-

1225 2830 67 75 tion
1310 2830 40 75 of
1363 2830 91 75 fexes
1471 2830 116 75 among
1602 2830 183 75 vegetables
1802 2830 57 75 has
1875 2830 42 75 no
1932 2830 188 75 foundation
2144 2830 32 75 in
2201 2830 56 75 na-

1225 2877 72 75 ture
1309 2877 9 75 ;
1345 2877 51 75 or,
1422 2877 33 75 at
1471 2877 88 75 lead,
1586 2877 70 75 that
1673 2877 54 75 the
1745 2877 77 75 farts
1839 2877 61 75 and
1916 2877 181 75 arguments
2114 2877 143 75 employ-

1225 2922 39 75 ed
1281 2922 32 75 in
1331 2922 132 75 fupport
1480 2922 40 75 of
1532 2922 62 75 this
1611 2922 154 75 dortrine,
1791 2922 92 75 when
1910 2922 169 75 examined
2101 2922 77 75 with
2196 2922 62 75 any

1224 2970 117 75 degree
1360 2970 40 75 of
1414 2970 229 75 philofophical
1659 2970 168 75 accuracy,
1854 2970 52 75 are
1930 2970 119 75 totally
2071 2970 188 75 infufficient

1224 3016 34 75 to
1275 3016 141 75 eftabliih
1437 3016 39 75 it.

1753 3064 19 75 8
1797 3064 31 75 C

2081 3069 180 75 BOTAR-
