2477 3395
745 222 35 75 B
897 222 35 75 R
1048 222 34 75 E

178 294 72 75 Ji-ole
266 294 52 75 for
331 294 19 75 a
365 294 89 75 night
471 294 157 75 together,
656 294 69 75 that
748 294 55 75 the
825 294 95 75 (leant
940 294 40 75 of
1000 294 53 75 the
1078 294 122 75 boiling

178 339 96 75 water
291 339 37 75 or
345 339 78 75 wort
435 339 73 75 may
523 339 163 75 penetrate
703 339 67 75 into
789 339 55 75 the
862 339 94 75 wood
970 339 10 75 ;
1003 339 62 75 this
1087 339 70 75 way
1174 339 25 75 is

176 385 71 75 fuch
266 385 18 75 a
299 385 122 75 furious
438 385 154 75 fearcher,
617 385 69 75 that
703 385 101 75 unlefs
816 385 55 75 the
883 385 72 75 cade
968 385 25 75 is
1009 385 189 75 new-hopp-

176 433 40 75 ed
228 433 63 75 juft
303 433 121 75 before,
449 433 26 75 it
491 433 65 75 will
572 433 39 75 be
624 433 53 75 apt
689 433 35 75 to
736 433 58 75 fall
810 433 35 75 to
861 433 117 75 pieces.

561 506 141 75 Another
724 506 87 75 Way.

220 565 110 75 Take
350 565 18 75 a
384 565 112 75 pottle,
516 565 36 75 or
569 565 100 75 more,
687 565 40 75 of
735 565 189 75 ftone-lime,
944 565 60 75 and
1021 565 56 75 put
1089 565 24 75 it
1131 565 68 75 into

174 611 55 75 the
252 611 92 75 calk^
370 611 41 75 on
428 611 64 75 this
514 611 81 75 pour
616 611 85 75 fome
725 611 110 75 water,
860 611 62 75 and
946 611 66 75 ftop
1037 611 25 75 it
1086 611 40 75 up
1149 611 48 75 di-

173 657 112 75 redtly,
308 657 129 75 (baking
452 657 25 75 it
491 657 72 75 well
575 657 110 75 about.

559 723 144 75 Another
725 723 87 75 Way.

218 780 109 75 Take
347 780 108 75 along
478 780 85 75 linen
585 780 68 75 rag,
679 780 60 75 and
763 780 54 75 dip
843 780 26 75 it
898 780 32 75 in
957 780 119 75 melted
1101 780 96 75 brim-

175 826 106 75 ftone;
309 826 81 75 light
407 826 25 75 it
448 826 33 75 at
504 826 54 75 the
574 826 73 75 end,
672 826 60 75 and
748 826 45 75 let
809 826 26 75 it
857 826 84 75 hang
958 826 138 75 pendant
1121 826 77 75 with

174 872 55 75 the
246 872 97 75 upper
359 872 70 75 part
446 872 41 75 of
504 872 55 75 the
583 872 54 75 rag
654 872 137 75 faftened
808 872 34 75 to
866 872 55 75 the
938 872 134 75 wooden
1089 872 107 75 bung;

174 918 62 75 this
263 918 26 75 is
314 918 17 75 a
356 918 78 75 moft
458 918 95 75 quick
578 918 62 75 and
662 918 76 75 fure'
749 918 84 75 way,
865 918 62 75 and
949 918 66 75 will
1042 918 56 75 not
1122 918 77 75 only

174 965 144 75 (weeten,
343 965 56 75 but
415 965 73 75 help
504 965 35 75 to
551 965 61 75 fine
624 965 56 75 the
700 965 106 75 drink.

605 1035 158 75 Another.

216 1094 72 75 Or,
313 1094 35 75 to
364 1094 92 75 make
478 1094 80 75 your
582 1094 71 75 calk
674 1094 97 75 more,
784 1094 151 75 pleafant,
960 1094 64 75 you
1048 1094 72 75 may
1143 1094 52 75 ufe

171 1140 55 75 the
241 1140 139 75 vintners
397 1140 69 75 way
482 1140 94 75 thus:
603 1140 95 75 Take
714 1140 73 75 four
802 1140 116 75 ounces
936 1140 38 75 of
993 1140 87 75 (lone
1098 1140 96 75 brim-

172 1186 96 75 ftone,
299 1186 59 75 one
385 1186 101 75 ounce
512 1186 40 75 of
575 1186 96 75 burnt
694 1186 109 75 allum,
835 1186 62 75 and
924 1186 65 75 two
1018 1186 115 75 ounces
1161 1186 40 75 of

171 1232 143 75 brandy;
340 1232 79 75 melt
433 1232 41 75 all
492 1232 86 75 thele
600 1232 32 75 in
649 1232 38 75 an
710 1232 129 75 earthen
856 1232 60 75 pan
932 1232 75 75 over
1022 1232 58 75 hot
1096 1232 100 75 coals,

171 1278 63 75 and
257 1278 55 75 dip
332 1278 123 75 therein
482 1278 18 75 a
523 1278 88 75 piece
635 1278 40 75 of
702 1278 70 75 new
797 1278 125 75 canvas,
957 1278 63 75 and
1047 1278 149 75 inftantly

171 1324 137 75 fprinkle
329 1324 130 75 thereon
481 1324 55 75 the
559 1324 144 75 powders
727 1324 41 75 of
786 1324 157 75 nutmegs,
969 1324 118 75 cloves,
1113 1324 81 75 cori-

170 1369 107 75 ander,
304 1369 62 75 and
381 1369 82 75 anife
479 1369 88 75 feeds
579 1369 10 75 :
614 1369 64 75 this
695 1369 112 75 canvas
824 1369 46 75 fet
887 1369 41 75 on
940 1369 68 75 fire,
1034 1369 62 75 and
1108 1369 44 75 let
1168 1369 26 75 it

170 1415 80 75 burn
271 1415 138 75 hanging
431 1415 32 75 in
488 1415 55 75 the
571 1415 70 75 calk
663 1415 138 75 faftened
825 1415 32 75 at
880 1415 55 75 the
958 1415 62 75 end
1036 1415 78 75 with
1138 1415 56 75 the

171 1462 133 75 wooden
320 1462 99 75 bung,
443 1462 33 75 fo
493 1462 68 75 that
578 1462 41 75 no
636 1462 105 75 fmoke
759 1462 105 75 comes
880 1462 70 75 out.

521 1536 62 75 For
597 1536 21 75 a
635 1536 97 75 mujly
748 1536 89 75 Cafk.

217 1596 105 75 Boil
340 1596 84 75 fome
439 1596 117 75 pepper
571 1596 32 75 in
620 1596 110 75 water,
756 1596 61 75 and
834 1596 45 75 fill
902 1596 55 75 the
981 1596 73 75 calk
1074 1596 79 75 with
1169 1596 26 75 it

172 1641 138 75 fealding
326 1641 71 75 hot.

234 1713 45 75 To
297 1713 140 75 prepare
452 1713 21 75 a
489 1713 73 75 new
578 1713 73 75 VefJ'
651 1713 26 75 el
690 1713 32 75 to
737 1713 73 75 keep
826 1713 235 75 Flail-liquors
1078 1713 48 75 in.

219 1773 33 75 A
271 1773 77 75 new
363 1773 93 75 vefiel
471 1773 27 75 is
514 1773 79 75 rnoft
603 1773 192 75 improperly
812 1773 76 75 ufed
898 1773 140 75 byTome
1051 1773 148 75 ignorant

572 1916 28 75 B
648 1916 32 75 R
727 1916 30 75 E

173 2005 138 75 BREY,
336 2005 18 75 a
366 2005 86 75 town
469 2005 44 75 of
527 2005 56 75 the
596 2005 155 75 bilhopric
767 2005 41 75 of
826 2005 113 75 Liege,
965 2005 31 75 in
1014 2005 179 75 Germany,

218 2051 97 75 about
329 2051 121 75 fixteen
467 2051 88 75 miles
571 2051 95 75 north
684 2051 40 75 of
741 2051 211 75 Maeftricht;
978 2051 44 75 E.
1043 2051 87 75 long.
1152 2051 16 75 5
1168 2033 27 49 0

222 2096 54 75 40'
276 2096 11 75 ,
313 2096 61 75 and
390 2096 34 75 N
456 2096 57 75 lat.
530 2096 38 75 51
568 2078 27 49 0
620 2096 50 75 15'
670 2096 11 75 .

172 2142 227 75 BREYNIA,
431 2142 31 75 in
490 2142 131 75 botany,
655 2142 18 75 a
698 2142 161 75 fynonime
884 2142 42 75 of
956 2142 54 75 the
1038 2142 156 75 capparis.

223 2186 59 75 See
300 2186 205 75 Capparis.

174 2233 78 75 BRI
259 2233 177 75 ANCON,
461 2233 18 75 a
494 2233 86 75 town
597 2233 39 75 of
647 2233 188 75 I>auphiny,
860 2233 31 75 in
904 2233 134 75 France,
1064 2233 132 75 fituated

219 2280 98 75 about
340 2280 89 75 forty
447 2280 58 75 live
532 2280 90 75 miles
649 2280 170 75 fouth-eaft
846 2280 41 75 of
917 2280 186 75 Grenoble;
1148 2280 44 75 E.

218 2323 87 75 long.
324 2323 38 75 6°
381 2323 54 75 20'
435 2323 12 75 ,
473 2323 62 75 and
551 2323 48 75 N.
616 2323 57 75 lat.
693 2323 43 75 44
736 2305 19 49 0
778 2323 54 75 50'
832 2323 11 75 .

173 2370 161 75 BRIAR,
360 2370 31 75 in
416 2370 130 75 botany,
571 2370 55 75 the
650 2370 129 75 Englifn
804 2370 90 75 name
919 2370 42 75 of
977 2370 19 75 a
1020 2370 118 75 fpecies
1161 2370 40 75 of

220 2415 80 75 rofa.
351 2415 61 75 See
427 2415 117 75 Rosa.

173 2462 78 75 BRI
257 2462 106 75 ARE,
390 2462 18 75 a
424 2462 86 75 town
526 2462 40 75 of
584 2462 54 75 the
655 2462 58 75 Me
726 2462 39 75 of
776 2462 132 75 France,
933 2462 132 75 fituated
1082 2462 40 75 on
1139 2462 55 75 the

218 2507 84 75 river
317 2507 111 75 Loire,
453 2507 96 75 about
565 2507 203 75 feventy-five
792 2507 90 75 miles
907 2507 92 75 fouth
1023 2507 39 75 of
1080 2507 112 75 Paris;

218 2553 43 75 E.
279 2553 86 75 long.
387 2553 16 75 2
403 2535 21 49 0
442 2553 68 75 4$',
535 2553 120 75 andN.
672 2553 57 75 lat.
750 2553 66 75 47°
831 2553 66 75 4c/.

172 2599 156 75 BRIBE,
354 2599 17 75 a
388 2599 61 75 gift
461 2599 91 75 given
568 2599 35 75 to
621 2599 17 75 a
653 2599 112 75 perfon
780 2599 51 75 for
848 2599 96 75 doing
960 2599 37 75 or
1014 2599 180 75 forbearing

217 2644 61 75 any
290 2644 101 75 action
404 2644 68 75 that
489 2644 40 75 he
545 2644 100 75 ought
662 2644 34 75 to
712 2644 42 75 do
766 2644 42 75 -or
824 2644 139 75 forbear.

173 2691 220 75 BRIBERY.
444 2691 62 75 See
525 2691 99 75 Law.

170 2738 230 75 BRICIANI,
424 2738 92 75 thofe
539 2738 40 75 of
603 2738 54 75 the
681 2738 95 75 order
802 2738 40 75 of
866 2738 69 75 that
957 2738 102 75 name.
1107 2738 86 75 This

216 2783 63 75 was
297 2783 17 75 a
331 2783 138 75 military
484 2783 106 75 order,
616 2783 160 75 inftituted
793 2783 44 75 by
853 2783 38 75 St
915 2783 147 75 Bridget,
1088 2783 102 75 queen

215 2829 40 75 of
267 2829 147 75 Sweden,
440 2829 73 75 wlro
528 2829 78 75 gave
624 2829 87 75 them
727 2829 55 75 the
799 2829 82 75 rules
899 2829 61 75 and
972 2829 47 75 co'
1019 2829 69 75 tftit'
1088 2829 102 75 .nions

215 2875 40 75 of
273 2875 89 75 thofe
375 2875 40 75 of
432 2875 106 75 Malta
555 2875 61 75 and
633 2875 38 75 St
691 2875 165 75 Auguftin.
904 2875 84 75 This
1013 2875 94 75 order
1124 2875 64 75 was

213 2922 159 75 approved
389 2922 42 75 by
447 2922 80 75 pope
543 2922 112 75 Urban
672 2922 45 75 V.
765 2922 97 75 They
878 2922 83 75 were
984 2922 35 75 to
1042 2922 80 75 fight
1139 2922 51 75 for

214 2966 54 75 the
285 2966 135 75 burying
436 2966 41 75 of
494 2966 54 75 the
565 2966 93 75 dead,
684 2966 35 75 to
739 2966 115 75 relieve
876 2966 61 75 and
953 2966 76 75 aflift
1045 2966 143 75 widows,

213 3015 148 75 orphans,
387 3015 53 75 the
452 3015 111 75 lame,.
570 3015 75 75 fick,

1201 221 516 75 WING.

2196 221 78 75 <575

1248 287 112 75 people
1376 287 51 75 for
1443 287 105 75 ftrong
1565 287 105 75 drink,
1688 287 83 75 after
1788 287 74 75 only
1880 287 78 75 once
1973 287 38 75 or
2026 287 94 75 twice
2134 287 142 75 fealding

1248 332 77 75 with
1342 332 119 75 water;
1489 332 103 75 which
1616 332 26 75 is
1666 332 32 75 fq
1724 332 121 75 wrong,
1870 332 71 75 that
1966 332 73 75 fuch
2064 332 76 75 beer
2164 332 38 75 or.
2224 332 48 75 ale

1248 380 67 75 will
1332 380 56 75 not
1402 380 57 75 fail
1476 380 39 75 of
1534 380 112 75 tailing
1668 380 131 75 thereof
1817 380 52 75 for
1890 380 79 75 half,
1994 380 31 75 if
2044 380 57 75 not
2122 380 20 75 a
2168 380 104 75 whole

1244 425 74 75 year
1334 425 201 75 afterwards.
1582 425 56 75 To
1655 425 130 75 prevent
1808 425 64 75 this
1898 425 256 75 inconvenience,
2179 425 92 75 when

1244 472 80 75 your
1340 472 141 75 brewing
1504 472 26 75 is
1555 472 88 75 over,
1669 472 57 75 put
1749 472 45 75 up'
1805 472 94 75 Lome
1922 472 99 75 water
2038 472 137 75 fealding
2198 472 70 75 hot,

1246 518 61 75 and
1323 518 44 75 let
1384 518 25 75 it
1426 518 57 75 run
1501 518 140 75 through
1658 518 55 75 the
1728 518 127 75 grains;
1881 518 76 75 then
1973 518 67 75 boil
2057 518 24 75 it
2093 518 63 75 and
2171 518 44 75 fill
2229 518 48 75 up-

1245 565 55 75 the
1317 565 82 75 calk,
1424 565 68 75 ftop
1508 565 25 75 it
1550 565 85 75 well,
1659 565 62 75 and
1736 565 45 75 let
1797 565 25 75 it
1846 565 88 75 liand
1957 565 49 75 till
2022 565 25 75 it
2063 565 27 75 is
2107 565 93 75 cold;
2227 565 44 75 do

1246 611 63 75 this
1326 611 93 75 twice
1429 611 12 75 ;
1467 611 77 75 then
1568 611 74 75 take
1666 611 55 75 the
1744 611 140 75 grounds
1907 611 40 75 of
1966 611 106 75 ftroag
2092 611 95 75 drink
2209 611 63 75 and

1246 657 64 75 boil
1335 657 31 75 in
1391 657 24 75 it
1440 657 95 75 green
1561 657 239 75 walnut-leaves
1824 657 63 75 and
1913 657 69 75 new
2005 657 62 75 hay
2091 657 36 75 or
2151 657 121 75 wheat-

1245 703 102 75 ftraw,
1373 703 61 75 and
1451 703 57 75 put
1525 703 41 75 ail
1583 703 68 75 into
1668 703 55 75 the
1739 703 83 75 calk,
1845 703 71 75 that
1930 703 25 75 it
1971 703 129 75 be.full,
2125 703 63 75 and
2203 703 68 75 ftop

1245 750 26 75 it
1288 750 81 75 clofe
1381 750 9 75 :
1415 750 99 75 After
1531 750 76 75 this,
1632 750 52 75 ufe
1698 750 27 75 it
1736 750 52 75 for
1803 750 89 75 fmall
1909 750 73 75 beer
1999 750 74 75 half
2092 750 19 75 a
2126 750 75 75 year
2219 750 51 75 to-

1244 797 125 75 gether,
1394 797 62 75 and
1477 797 75 75 then
1568 797 26 75 it
1617 797 67 75 will
1700 797 39 75 be
1762 797 192 75 thoroughly
1973 797 93 75 fweet
2081 797 72 75 and:
2165 797 38 75 fit
2220 797 52 75 for

1246 845 105 75 ftrong
1366 845 122 75 drinks.

1654 920 203 75 Wine-cafks.

1293 991 133 75 These
1444 991 53 75 are
1512 991 55 75 the
1584 991 142 75 cbeapeft
1738 991 40 75 of
1797 991 41 75 ail
1855 991 108 75 others
1979 991 35 75 to
2029 991 119 75 furnifh
2165 991 17 75 a
2199 991 73 75 per-

1247 1036 53 75 fon
1324 1036 120 75 readily
1462 1036 91 75 with,
1579 1036 34 75 as
1632 1036 92 75 being
1735 1036 95 75 many
1847 1036 39 75 of
1905 1036 87 75 them
2010 1036 83 75 good
2111 1036 84 75 calks
2219 1036 53 75 for

1248 1085 228 75 malt-liquors,
1498 1085 132 75 becaufe
1646 1085 55 75 the
1717 1085 72 75 fack
1813 1085 62 75 and
1898 1085 194 75 white-wine
2114 1085 80 75 forts
2218 1085 54 75 are

1244 1129 128 75 already
1384 1129 146 75 feafoned
1550 1129 42 75 to.
1601 1129 97 75 hand,
1724 1129 61 75 and
1800 1129 65 75 will
1883 1129 123 75 greatly
2021 1129 142 75 improve
2180 1129 90 75 beers

1244 1176 62 75 and
1328 1176 63 75 ales
1417 1176 69 75 that
1504 1176 52 75 are
1572 1176 55 75 put
1644 1176 30 75 in
1693 1176 86 75 them
1793 1176 9 75 :
1841 1176 66 75 But
1925 1176 122 75 beware
2064 1176 39 75 of
2115 1176 55 75 the
2182 1176 89 75 Rhe-

1243 1221 64 75 niih
1324 1221 80 75 wine
1422 1221 85 75 calks
1525 1221 49 75 for
1587 1221 104 75 ftrong
1703 1221 109 75 drinks
1824 1221 10 75 ;
1861 1221 50 75 for
1927 1221 40 75 its
1985 1221 92 75 wood
2094 1221 27 75 is
2138 1221 34 75 fo
2188 1221 82 75 tinc-

1241 1269 95 75 tured
1352 1269 77 75 with
1449 1269 62 75 this
1527 1269 90 75 lharp
1640 1269 93 75 wine,
1761 1269 82 75 that"
1857 1269 26 75 it
1907 1269 67 75 will
1995 1269 117 75 hardly
2134 1269 74 75 ever
2232 1269 40 75 be

1243 1315 67 75 free
1329 1315 40 75 of
1386 1315 48 75 it;
1462 1315 62 75 and
1539 1315 162 75 therefore
1717 1315 74 75 fuch
1810 1315 70 75 calk
1896 1315 26 75 is
1939 1315 65 75 beft
2020 1315 75 75 ufed
2111 1315 52 75 for
2182 1315 89 75 fmall

1244 1361 91 75 beer:
1362 1361 56 75 the
1434 1361 106 75 claret
1550 1361 69 75 calk
1636 1361 66 75 will
1720 1361 18 75 a
1757 1361 90 75 great
1863 1361 69 75 deal
1949 1361 112 75 fooner
2077 1361 38 75 be
2133 1361 140 75 brought

1241 1407 68 75 into
1326 1407 19 75 a
1360 1407 189 75 ferviceable
1566 1407 76 75 ftate
1666 1407 50 75 for
1738 1407 133 75 holding
1895 1407 104 75 ftrong
2021 1407 106 75 drink,
2153 1407 29 75 if
2201 1407 25 75 it
2244 1407 27 75 is

1242 1453 65 75 two
1324 1453 38 75 or
1374 1453 93 75 three
1483 1453 90 75 times
1591 1453 126 75 fealded
1735 1453 79 75 with
1830 1453 140 75 grounds
1994 1453 37 75 of
2053 1453 131 75 barrels,
2209 1453 63 75 and

1243 1501 184 75 afterwards
1453 1501 74 75 ufed
1553 1501 50 75 for
1628 1501 87 75 fmall
1742 1501 74 75 beer
1839 1501 51 75 for
1906 1501 86 75 fome
2015 1501 92 75 time.
2153 1501 67 75 But
2237 1501 35 75 to

1244 1546 73 75 cure
1333 1546 18 75 a
1367 1546 187 75 claret-calk
1575 1546 41 75 of
1634 1546 40 75 its
1691 1546 110 75 colour
1826 1546 62 75 and
1912 1546 88 75 tafte,
2025 1546 57 75 put
2106 1546 18 75 a
2141 1546 78 75 peck
2236 1546 41 75 of

1243 1594 176 75 ftone-liroe
1434 1594 67 75 into
1517 1594 19 75 a
1551 1594 168 75 hoglhead,
1744 1594 61 75 and
1822 1594 79 75 pour
1925 1594 84 75 upon
2034 1594 26 75 it
2077 1594 89 75 three
2191 1594 79 75 pails

1243 1638 39 75 of
1301 1638 121 75 water;
1450 1638 84 75 bung
1549 1638 215 75 immediately
1780 1638 79 75 with
1877 1638 17 75 a
1910 1638 94 75 wood
2020 1638 37 75 or
2076 1638 191 75 cork-bung,

1243 1684 59 75 and
1321 1684 92 75 lhake
1430 1684 23 75 it
1471 1684 71 75 well
1559 1684 96 75 about
1672 1684 18 75 a
1706 1684 130 75 quarter
1852 1684 40 75 of
1910 1684 38 75 an
1971 1684 93 75 hour,
2090 1684 62 75 and
2174 1684 44 75 let
2233 1684 38 75 ,it

1244 1731 87 75 Hand
1349 1731 18 75 a
1382 1731 62 75 day
1461 1731 60 75 and
1539 1731 103 75 night,
1668 1731 62 75 and
1745 1731 25 75 it
1788 1731 67 75 will
1871 1731 92 75 bring
1986 1731 52 75 off
2057 1731 54 75 the
2136 1731 57 75 red
2216 1731 55 75 co-

1244 1778 84 75 lour,
1353 1778 62 75 and
1428 1778 79 75 alter
1521 1778 55 75 the
1593 1778 76 75 tafte
1685 1778 40 75 of
1744 1778 55 75 the
1816 1778 69 75 calk
1900 1778 78 75 very
1994 1778 108 75 much.

1672 1920 28 75 B
1748 1920 33 75 R
1830 1920 17 75 I

1243 2011 159 75 BRICK,
1427 2011 28 75 a.
1469 2011 48 75 fat
1541 2011 124 75 reddilh
1682 2011 103 75 earth,
1810 2011 124 75 formed
1951 2011 67 75 into
2035 2011 83 75 long,
2127 2011 139 75 fquares,
2279 2011 5 75 .

1290 2056 73 75 four
1379 2056 106 75 inches
1503 2056 110 75 broad,
1639 2056 62 75 and
1724 2056 88 75 eight
1836 2056 38 75 or
1897 2056 70 75 nine
1989 2056 87 75 long;
2103 2056 41 75 by
2161 2056 106 75 means

1290 2102 38 75 of
1347 2102 18 75 a
1387 2102 134 75 wooden
1548 2102 120 75 mould,
1699 2102 65 75 and
1784 2102 76 75 then
1884 2102 104 75 baked
2010 2102 38 75 or
2075 2102 95 75 burnt
2193 2102 30 75 in
2250 2102 19 75 a

1289 2148 139 75 kiln,-to
1445 2148 86 75 lerve
1544 2148 54 75 the
1616 2148 148 75 purpofes
1780 2148 41 75 of
1840 2148 153 75 building.

1338 2195 112 75 Bricks
1464 2195 51 75 are
1528 2195 39 75 of
1586 2195 90 75 great
1692 2195 171 75 antiquity,
1888 2195 33 75 as
1938 2195 130 75 appears
2085 2195 44 75 by
2149 2195 118 75 the-fa-

1290 2240 73 75 cred
1387 2240 153 75 writings,
1565 2240 55 75 the
1644 2240 101 75 tower
1767 2240 62 75 and
1845 2240 88 75 walls
1951 2240 39 75 of
2008 2240 149 75 Babylon
2173 2240 95 75 being

1290 2286 76 75 with
1383 2286 100 75 them.

1336 2334 37 75 In
1385 2334 55 75 the
1456 2334 73 75 eaft,
1554 2334 76 75 they
1646 2334 103 75 baked
1765 2334 85 75 their
1865 2334 105 75 bricks
1988 2334 31 75 in
2037 2334 55 75 the
2108 2334 75 75 fun;
2210 2334 55 75 the

1290 2379 140 75 Romans
1445 2379 77 75 tiled
1539 2379 86 75 them
1643 2379 149 75 unburnt,
1818 2379 74 75 only
1909 2379 125 75 leaving
2050 2379 87 75 them
2153 2379 35 75 to
2204 2379 62 75 dry

1290 2423 50 75 for
1356 2423 73 75 four
1444 2423 37 75 or
1496 2423 61 75 five
1574 2423 90 75 years
1680 2423 32 75 in
1728 2423 55 75 the
1800 2423 58 75 air.

1334 2471 75 75 The
1427 2471 126 75 Greeks
1579 2471 115 75 chiefly
1711 2471 77 75 tiled
1801 2471 90 75 three
1903 2471 92 75 kinds
2013 2471 40 75 of
2058 2471 107 75 bricks
2180 2471 10 75 ;
2208 2471 57 75 the

1288 2516 63 75 firft
1363 2516 145 75 whereof
1518 2516 62 75 was
1597 2516 101 75 called
1718 2516 189 75 \dtd(lron,~\
1928 2516 21 75 i.
1964 2516 28 75 e.
2012 2516 39 75 of
2062 2516 66 75 two
2140 2516 99 75 palms
2252 2516 10 75 ;

1289 2564 57 75 the
1360 2564 125 75 fecond,
1514 2564 244 75 \tetrad6ron\,
1784 2564 40 75 of
1835 2564 72 75 four
1924 2564 98 75 palms
2038 2564 9 75 ;
2080 2564 55 75 the
2164 2564 98 75 third,

1292 2611 253 75 X_pentad6ren~\,
1571 2611 39 75 of
1621 2611 59 75 five
1697 2611 113 75 palms.
1869 2611 98 75 They
1993 2611 80 75 had-
2084 2611 64 75 alfo
2170 2611 94 75 other

1288 2655 117 75 bricks,
1426 2655 63 75 juft
1506 2655 72 75 half
1588 2655 77 75 each
1682 2655 40 75 of
1734 2655 102 75 thofe,
1861 2655 37 75 to
1914 2655 112 75 render
2055 2655 84 75 their
2156 2655 106 75 works

1288 2701 87 75 more
1394 2701 91 75 folid,
1511 2701 62 75 and
1599 2701 65 75 alfo
1689 2701 87 75 more
1800 2701 164 75 agreeable
1979 2701 35 75 to
2031 2701 54 75 the
2103 2701 161 75 fight,'by

1287 2748 55 75 the
1358 2748 171 75 diverfities
1546 2748 40 75 of
1600 2748 55 75 the
1671 2748 114 75 figures
1802 2748 62 75 and
1880 2748 76 75 fizes
1974 2748 40 75 of
2025 2748 55 75 the
2096 2748 119 75 bricks.

1332 2794 93 75 Pliny
1442 2794 79 75 fays,
1540 2794 70 75 that
1626 2794 35 75 to
1678 2794 91 75 make
1789 2794 85 75 good
1889 2794 104 75 bricks
2011 2794 76 75 they
2103 2794 79 75 muft
2206 2794 56 75 hot

1284 2840 106 75 confift
1406 2840 39 75 of
1453 2840 61 75 any
1533 2840 89 75 earth
1640 2840 70 75 that
1733 2840 36 75 is-
1776 2840 61 75 fuil
1856 2840 41 75 of
1899 2840 85 75 Land
2000 2840 37 75 or
2057 2840 119 75 gravel,
2203 2840 60 75 nor

1284 2886 39 75 of
1337 2886 74 75 fuch
1429 2886 33 75 as
1478 2886 27 75 is
1529 2886 100 75 gritty
1644 2886 38 75 or
1698 2886 108 75 ftony;
1842 2886 56 75 but
1926 2886 40 75 of
1985 2886 18 75 a
2023 2886 121 75 greyish
2166 2886 93 75 mail,

1284 2932 36 75 or
1335 2932 124 75 whitilh
1477 2932 116 75 chalky
1609 2932 83 75 clay,
1718 2932 36 75 or
1772 2932 31 75 at
1819 2932 74 75 leaft
1910 2932 39 75 of
1971 2932 18 75 a
2006 2932 123 75 reddilh
2145 2932 90 75 earth
2249 2932 8 75 :

1284 2979 53 75 He
1354 2979 64 75 alfo
1434 2979 90 75 adds,
1551 2979 70 75 that
1645 2979 54 75 the
1727 2979 66 75 beft
1820 2979 105 75 feafon
1945 2979 49 75 for
2010 2979 127 75 making
2154 2979 106 75 bricks

1282 3026 28 75 is
1334 3026 54 75 the
1404 3026 124 75 fpring;
1555 3026 142 75 becaufe,
1723 3026 31 75 if
1765 3026 92 75 mitde
1880 3026 32 75 in
1927 3026 148 75 fummer,
2100 3026 76 75 they
2193 3026 66 75 will

2222 3084 58 75 ba..
