2477 3395
594 128 233 75 BUR

1154 128 18 75 (
1233 128 76 75 <>93
1373 128 18 75 )

1702 128 236 75 BUR

255 199 138 75 parture,
419 199 61 75 and
496 199 161 75 therefore
673 199 83 75 were
779 199 135 75 purified
937 199 79 75 with
1042 199 68 75 fire.
1160 199 77 75 The

254 245 113 75 fecond
380 245 106 75 reafon
498 245 40 75 is,
556 245 69 75 that
638 245 54 75 the
709 245 80 75 foul,
807 245 93 75 being
911 245 164 75 feparated
1086 245 85 75 from
1183 245 55 75 the

254 292 85 75 grofs
357 292 59 75 and
434 292 142 75 unadtive
592 292 126 75 matter,
745 292 102 75 might
864 292 40 75 be
921 292 32 75 at
969 292 119 75 liberty
1105 292 35 75 to
1164 292 74 75 take

252 338 41 75 its
318 338 91 75 flight
434 338 68 75 into
524 338 133 75 heaven.
710 338 78 75 The
814 338 87 75 body
925 338 73 75 was,
1016 338 103 75 rarely
1142 338 97 75 burnt

254 383 135 75 without
407 383 166 75 company,
598 383 51 75 for
665 383 120 75 befides
802 383 55 75 the
869 383 127 75 various
1013 383 130 75 anir..als
1160 383 79 75 they

253 430 103 75 threw
372 430 81 75 upon
472 430 55 75 the
544 430 74 75 pile,
643 430 48 75 we
709 430 120 75 feldom
845 430 67 75 find
929 430 17 75 a
967 430 72 75 man
1056 430 39 75 of
1114 430 125 75 quality

254 475 166 75 copfumed
448 475 137 75 without
602 475 19 75 a
648 475 131 75 number
806 475 42 75 of
869 475 98 75 flaves
995 475 62 75 and
1085 475 152 75 captives,

254 522 116 75 which,
395 522 30 75 in
454 522 174 75 barbarous
653 522 105 75 times,
785 522 77 75 they
881 522 76 75 ufed
982 522 35 75 to
1043 522 128 75 murder
1187 522 51 75 for

253 569 70 75 that
341 569 132 75 purpofe
486 569 10 75 :
523 569 62 75 and
600 569 33 75 in
649 569 85 75 fome
750 569 85 75 parts
853 569 40 75 of
912 569 56 75 the
995 569 76 75 Eaft
1086 569 109 75 Indies
1211 569 27 75 it

254 616 25 75 is
296 616 189 75 cuftomary,
511 616 32 75 at
560 616 63 75 this
640 616 75 75 day,
745 616 52 75 for
825 616 96 75 wives
950 616 35 75 to
1012 616 106 75 throw
1133 616 104 75 them-

255 662 97 75 felves
378 662 69 75 into
464 662 55 75 the
546 662 124 75 funeral
698 662 63 75 pile
778 662 78 75 with
884 662 86 75 their
994 662 151 75 deceafed
1165 662 73 75 huf-

253 708 112 75 bands.
417 708 45 75 At
487 708 55 75 the
567 708 140 75 funerals
733 708 38 75 of
791 708 174 75 emperors,
990 708 155 75 generals,
1172 708 66 75 <bc.

253 754 74 75 who
354 754 65 75 had
447 754 84 75 their
560 754 84 75 arms
672 754 96 75 burnt
795 754 77 75 with
898 754 101 75 them,
1025 754 55 75 the
1107 754 131 75 foldiers

254 800 93 75 made
374 800 170 75 proceffion
572 800 91 75 three
688 800 92 75 times
805 800 104 75 round
936 800 55 75 the
1019 800 125 75 funeral
1176 800 64 75 pile

255 846 77 75 with
362 846 105 75 (bouts
485 846 61 75 and
572 846 168 75 trumpets,
767 846 34 75 to
818 846 128 75 exprefs
970 846 84 75 their
1071 846 116 75 refpedt
1204 846 34 75 to

256 893 53 75 the
325 893 94 75 dead.
468 893 130 75 During
609 893 55 75 the
680 893 136 75 burning
828 893 77 75 alfo,
933 893 54 75 the
999 893 83 75 dead
1099 893 138 75 perfon’s

254 938 120 75 friends
390 938 89 75 flood
502 938 57 75 by,
584 938 103 75 called
703 938 41 75 on
767 938 55 75 the
839 938 164 75 deceafed,
1028 938 62 75 and
1116 938 124 75 poured

253 984 56 75 out
325 984 147 75 libations
489 984 39 75 of
552 984 94 75 wine,
673 984 75 75 with
767 984 118 75 which,
910 984 91 75 when
1019 984 55 75 the
1091 984 62 75 pile
1170 984 65 75 was

252 1030 97 75 burnt
364 1030 107 75 down,
497 1030 78 75 they
588 1030 220 75 extinguifhed
821 1030 53 75 the
885 1030 134 75 remains
1033 1030 39 75 of
1083 1030 55 75 the
1154 1030 79 75 fire;

253 1077 62 75 and
330 1077 117 75 having
463 1077 155 75 colledted
632 1077 55 75 the
703 1077 98 75 bones
818 1077 41 75 of
877 1077 55 75 the
948 1077 164 75 deceafed,
1138 1077 97 75 walk-

254 1122 41 75 ed
326 1122 87 75 them
440 1122 80 75 with
551 1122 95 75 wine,
686 1122 63 75 and
780 1122 149 75 anointed
959 1122 89 75 them
1075 1122 78 75 with
1178 1122 57 75 oil.

254 1168 110 75 When
387 1168 55 75 the
463 1168 98 75 bones
588 1168 83 75 were
695 1168 197 75 difcovered,
921 1168 77 75 they
1013 1168 154 75 gathered
1183 1168 54 75 the

255 1215 83 75 allies
355 1215 70 75 that
450 1215 53 75 lay
517 1215 83 75 clofe
617 1215 35 75 to
669 1215 99 75 them,
794 1215 61 75 and
880 1215 78 75 both
986 1215 81 75 were
1084 1215 154 75 repofited

254 1261 31 75 in
302 1261 86 75 urns,
414 1261 102 75 either
531 1261 40 75 of
582 1261 106 75 wood,
714 1261 98 75 ftone,
837 1261 103 75 earth,
965 1261 103 75 filver,
1094 1261 37 75 or
1148 1261 88 75 gold,

253 1306 169 75 according
439 1306 34 75 to
490 1306 54 75 the
561 1306 124 75 quality
697 1306 38 75 of
747 1306 54 75 the
818 1306 165 75 deceafed.
1033 1306 62 75 See
1111 1306 101 75 Urn.

205 1352 196 75 Burning,
428 1352 114 75 among
560 1352 162 75 furgeons.
774 1352 60 75 See
852 1352 352 75 Cauterization.

301 1397 142 75 Burning
459 1397 26 75 is
502 1397 94 75 much
614 1397 151 75 pra&ifed
782 1397 43 75 by
840 1397 54 75 the
911 1397 113 75 people
1040 1397 39 75 of
1091 1397 54 75 the
1162 1397 76 75 Eaft

253 1444 121 75 Indies,
399 1444 204 75 particularly
619 1444 89 75 thofe
725 1444 39 75 of
775 1444 116 75 Japan,
916 1444 72 75 who
1002 1444 52 75 ufe
1069 1444 56 75 the
1141 1444 98 75 moxa

256 1489 50 75 for
322 1489 63 75 this
404 1489 145 75 purpofe.
600 1489 61 75 See
677 1489 134 75 Moxa.

207 1536 298 75 Burning-^/c?/},
530 1536 18 75 a
564 1536 124 75 Convex
715 1536 34 75 or
772 1536 137 75 concave
934 1536 92 75 glafs,
1053 1536 184 75 commonly

254 1582 165 75 fpherical,
453 1582 105 75 which
588 1582 93 75 being
707 1582 139 75 expofed
873 1582 134 75 diredly
1025 1582 33 75 to
1086 1582 55 75 the
1166 1582 67 75 fun,

254 1629 47 75 col
307 1629 74 75 lefts
400 1629 40 75 all
458 1629 54 75 the
537 1629 70 75 rays
632 1629 111 75 falling
766 1629 132 75 thereon
925 1629 68 75 into
1018 1629 18 75 a
1053 1629 76 75 very
1146 1629 89 75 fmall

252 1675 102 75 fpace,
380 1675 103 75 called
509 1675 55 75 the
592 1675 91 75 focus
697 1675 10 75 ;
734 1675 107 75 where
867 1675 107 75 wood,
1004 1675 38 75 or
1066 1675 61 75 any
1143 1675 93 75 other

255 1721 203 75 combuftible
470 1721 111 75 mattei
601 1721 95 75 being
712 1721 68 75 put,
807 1721 65 75 will
890 1721 37 75 be
944 1721 46 75 fet
1006 1721 42 75 on
1064 1721 69 75 fire.
1175 1721 61 75 See

255 1767 145 75 Optics
411 1767 7 75 .

208 1814 398 75 BuRNiNG-WMKW/a/w/.
656 1814 61 75 See
735 1814 205 75 Volcano.

208 1860 181 75 Burning
408 1860 42 75 of
466 1860 135 75 colours,
627 1860 114 75 among
770 1860 149 75 painters.
967 1860 112 75 There
1107 1860 53 75 are
1188 1860 46 75 fe-

254 1905 86 75 veral
371 1905 125 75 colours
523 1905 71 75 that
622 1905 125 75 require
778 1905 157 75 burning;
962 1905 33 75 as
1023 1905 76 75 firft,
1135 1905 101 75 lamp-

255 1951 104 75 black,
385 1951 104 75 udiich
514 1951 26 75 is
558 1951 18 75 a
592 1951 111 75 colour
719 1951 40 75 of
780 1951 34 75 fo
839 1951 109 75 greafy
965 1951 17 75 a
1000 1951 123 75 nature,
1152 1951 82 75 that,

254 1997 117 75 except
387 1997 26 75 it
429 1997 26 75 is
473 1997 106 75 burnt,
605 1997 25 75 it
647 1997 64 75 will
731 1997 125 75 require
873 1997 17 75 a
906 1997 75 75 long
999 1997 75 75 time
1086 1997 35 75 to
1137 1997 72 75 dry.

296 2042 77 75 The
389 2042 132 75 method
544 2042 39 75 of
605 2042 149 75 burning,
785 2042 35 75 or
844 2042 108 75 rather
980 2042 127 75 drying,
1133 2042 99 75 lamp-

252 2085 106 75 black,
383 2085 28 75 is
438 2085 34 75 as
501 2085 125 75 follows
641 2085 9 75 :
684 2085 65 75 Put
775 2085 26 75 it
828 2085 68 75 into
916 2085 18 75 a
960 2085 140 75 crucible
1123 2085 77 75 over
1217 2085 17 75 a

254 2131 85 75 clear
365 2131 69 75 fire,
458 2131 115 75 letting
600 2131 25 75 it
644 2131 118 75 remain
779 2131 49 75 till
856 2131 26 75 it
908 2131 39 75 be
965 2131 56 75 red
1049 2131 69 75 hot,
1147 2131 37 75 or
1200 2131 34 75 fo

254 2176 75 75 near
345 2176 25 75 it
394 2176 70 75 that
476 2176 90 75 there
583 2176 26 75 is
626 2176 45 75 no'
683 2176 129 75 manner
824 2176 39 75 of
874 2176 107 75 fmoke
994 2176 93 75 arifes
1101 2176 83 75 from
1195 2176 39 75 it.

302 2224 172 75 Secondly,
499 2224 136 75 Umber,
660 2224 106 75 which
782 2224 32 75 if
835 2224 25 75 it
889 2224 38 75 be
943 2224 152 75 intended
1112 2224 50 75 for
1179 2224 53 75 co-

256 2269 71 75 lour
342 2269 52 75 fgr
411 2269 17 75 a
455 2269 104 75 horfe,
585 2269 36 75 or
647 2269 34 75 to
706 2269 38 75 be
772 2269 19 75 a
814 2269 129 75 lhadow
967 2269 51 75 for
1046 2269 89 75 gold,
1159 2269 77 75 then

254 2315 135 75 burning
405 2315 51 75 fits
473 2315 25 75 it
515 2315 50 75 for
582 2315 77 75 both
672 2315 87 75 thefe
775 2315 163 75 purpofes.

301 2361 37 75 In
355 2361 95 75 order
465 2361 36 75 to
525 2361 78 75 burn
621 2361 122 75 umber,
767 2361 65 75 you
856 2361 80 75 muft
962 2361 57 75 put
1047 2361 25 75 it
1096 2361 68 75 into
1180 2361 56 75 the

255 2408 102 75 naked
373 2408 68 75 fire,
465 2408 31 75 in
514 2408 87 75 large
617 2408 116 75 lumps,
757 2408 62 75 and
845 2408 56 75 not
923 2408 74 75 take
1021 2408 25 75 it
1070 2408 56 75 ojjt
1143 2408 48 75 till
1209 2408 26 75 it

253 2454 27 75 is
296 2454 196 75 thoroughly
508 2454 57 75 red
580 2454 82 75 hot;
689 2454 31 75 if
730 2454 63 75 you
810 2454 81 75 have
903 2454 18 75 a
937 2454 87 75 mind
1039 2454 35 75 to
1091 2454 39 75 be
1146 2454 89 75 more

253 2500 138 75 curious,
418 2500 54 75 put
501 2500 25 75 it
543 2500 67 75 into
626 2500 18 75 a
660 2500 150 75 crucible,
836 2500 62 75 and
925 2500 80 75 keep
1032 2500 29 75 it
1086 2500 76 75 over
1178 2500 55 75 the

255 2547 55 75 fire
327 2547 48 75 till
393 2547 25 75 it
435 2547 39 75 be
491 2547 57 75 red
564 2547 70 75 hot.

302 2592 95 75 Ivory
414 2592 64 75 alfo
494 2592 80 75 muft
591 2592 38 75 be
653 2592 94 75 burnt
763 2592 35 75 to
814 2592 92 75 make
922 2592 104 75 black,
1053 2592 74 75 thus
1142 2592 9 75 :
1186 2592 46 75 fill

253 2637 65 75 two
335 2637 154 75 crucibles
513 2637 79 75 with
617 2637 141 75 lhavings
775 2637 40 75 of
833 2637 103 75 ivory,
962 2637 74 75 then
1061 2637 70 75 clap
1148 2637 85 75 their

252 2685 65 75 two
333 2685 127 75 mouths
477 2685 159 75 together,
662 2685 62 75 and
740 2685 76 75 bind
832 2685 88 75 them
937 2685 57 75 fall
1011 2685 78 75 with
1108 2685 38 75 an
1162 2685 70 75 iron

251 2732 89 75 wire,
365 2732 62 75 and
454 2732 67 75 lute
544 2732 55 75 the
623 2732 100 75 joints
746 2732 84 75 clofe
852 2732 80 75 with
955 2732 82 75 clay,
1074 2732 71 75 fait,
1171 2732 62 75 and

251 2778 206 75 horfe-dung,
485 2778 72 75 well
581 2778 112 75 beaten
720 2778 147 75 together
881 2778 10 75 ;
925 2778 76 75 then
1026 2778 46 75 fet
1102 2778 25 75 it
1156 2778 77 75 over

251 2824 54 75 the
321 2824 70 75 fire,
416 2824 148 75 covering
580 2824 25 75 it
622 2824 41 75 all
681 2824 78 75 over
775 2824 78 75 with
872 2824 85 75 coals
970 2824 8 75 :
1010 2824 45 75 let
1072 2824 24 75 it
1114 2824 118 75 remain

251 2870 29 75 in
299 2870 55 75 the
370 2870 68 75 fire,
464 2870 49 75 till
532 2870 63 75 you
614 2870 53 75 are
690 2870 71 75 fure
782 2870 71 75 that
875 2870 55 75 the
953 2870 116 75 matter
1093 2870 140 75 inclofed

249 2919 26 75 is
292 2919 194 75 thoroughly
504 2919 56 75 red
575 2919 81 75 hot:
691 2919 77 75 then
792 2919 73 75 take
888 2919 25 75 it
938 2919 56 75 out
1018 2919 40 75 of
1079 2919 53 75 the
1150 2919 55 75 fire
1218 2919 11 75 ;

249 2962 57 75 but
322 2962 43 75 do
382 2962 57 75 not
462 2962 82 75 open
566 2962 55 75 the
648 2962 155 75 crucibles
831 2962 49 75 till
908 2962 77 75 they
1002 2962 53 75 a^e
1079 2962 154 75 perfeftly

300 3010 94 75 Vol.
421 3010 30 75 I.
500 3010 122 75 Numb.
643 3010 56 75 29.

1162 3010 19 75 3

1334 185 74 75 cold
1422 185 10 75 ;
1470 185 53 75 for
1550 185 84 75 were
1662 185 78 75 they
1756 185 124 75 opened
1906 185 97 75 while
2030 185 71 75 hot,
2127 185 54 75 the
2204 185 118 75 matfer

1337 232 108 75 would
1461 232 74 75 turn
1553 232 33 75 to
1611 232 86 75 alhes
1711 232 10 75 ;
1760 232 63 75 and
1846 232 34 75 fo
1908 232 26 75 it
1952 232 64 75 will
2033 232 52 75 be,
2111 232 31 75 if
2153 232 54 75 the
2220 232 101 75 joints

1336 279 53 75 are
1407 279 56 75 not
1480 279 89 75 luted
1582 279 95 75 clofe.

1290 326 294 75 BURNISHER,
1611 326 144 75 around,
1775 326 142 75 polilhed
1932 326 87 75 piece
2036 326 39 75 of
2087 326 86 75 flee!,
2198 326 125 75 ferving

1337 371 171 75 tofmooth
1526 371 61 75 and
1605 371 71 75 give
1689 371 18 75 a
1722 371 95 75 luftre
1833 371 35 75 to
1886 371 124 75 metals.

1385 419 52 75 Of
1456 419 91 75 thefe
1571 419 90 75 there
1683 419 55 75 are
1766 419 150 75 different
1943 419 92 75 kinds
2061 419 40 75 of
2122 419 150 75 different
2289 419 36 75 fi-

1337 464 105 75 gures,
1468 464 100 75 ftrait,
1594 464 152 75 crooked,
1773 464 64 75 &c.
1887 464 274 75 Plalfburnilhers
2179 464 52 75 are
2248 464 76 75 ufed

1337 511 35 75 to
1387 511 105 75 folder
1507 511 102 75 filver,
1636 511 32 75 as
1685 511 73 75 well
1776 511 33 75 as
1822 511 35 75 to
1872 511 72 75 give
1961 511 18 75 a
1994 511 107 75 luftre.
2152 511 59 75 See
2231 511 91 75 Sol-

1340 557 161 75 dering.

1290 604 318 75 BURNISHING,
1647 604 55 75 the
1726 604 49 75 art
1803 604 39 75 of
1863 604 182 75 fmoothing
2068 604 38 75 or
2132 604 154 75 polilhfng
2303 604 18 75 a

1336 650 160 75 metalline
1521 650 98 75 body,
1646 650 43 75 by
1707 650 17 75 a
1748 650 84 75 brifk
1856 650 135 75 rubbing
2008 650 41 75 of
2058 650 26 75 it
2101 650 79 75 with
2203 650 19 75 a
2245 650 76 75 bur-

1336 696 114 75 nilher.

1385 743 238 75 Book-binders
1639 743 126 75 burniffi
1782 743 55 75 the
1865 743 96 75 edges
1978 743 41 75 of
2040 743 84 75 their
2139 743 114 75 books,
2278 743 44 75 by

1338 789 136 75 rubbing
1486 789 88 75 them
1586 789 78 75 with
1676 789 19 75 a
1710 789 92 75 dog’s
1820 789 106 75 tooth.
1974 789 93 75 Gold
2083 789 62 75 and
2161 789 91 75 filver
2268 789 54 75 are

1337 836 179 75 burnifhed,
1534 836 43 75 by
1589 836 135 75 rubbing
1742 836 85 75 them
1840 836 79 75 with
1932 836 20 75 a
1966 836 110 75 wolf’s
2093 836 105 75 tooth,
2224 836 37 75 or
2278 836 41 75 by

1337 883 54 75 the
1407 883 122 75 bloody
1540 883 98 75 ftone,
1664 883 37 75 or
1718 883 44 75 by
1775 883 120 75 tripoli,
1922 883 18 75 a
1952 883 86 75 piece
2051 883 39 75 of
2102 883 97 75 white
2212 883 105 75 wood,

1336 929 120 75 emery,
1481 929 63 75 and
1561 929 54 75 the
1638 929 76 75 like.
1766 929 92 75 Deer
1870 929 57 75 are
1951 929 67 75 faid
2041 929 36 75 to
2093 929 124 75 burnilh
2235 929 84 75 their

1335 976 110 75 heads,
1471 976 43 75 by
1533 976 137 75 rubbing
1685 976 52 75 off
1757 976 18 75 a
1790 976 118 75 downy
1925 976 97 75 white
2045 976 65 75 fkin
2133 976 85 75 from
2235 976 84 75 their

1335 1022 109 75 horns,
1463 1022 117 75 againft
1597 1022 19 75 a
1626 1022 81 75 tree.

1286 1069 245 75 BURNLEY,
1565 1069 18 75 a
1610 1069 228 75 market-town
1862 1069 40 75 of
1921 1069 202 75 Lancalhire,
2149 1069 96 75 about
2275 1069 42 75 27

1335 1115 90 75 miles
1449 1115 173 75 fouth-eaft
1644 1115 40 75 of
1703 1115 173 75 Lancafter
1890 1115 9 75 :
1934 1115 59 75 W.
2012 1115 88 75 long.
2120 1115 19 75 2
2139 1097 24 49 0
2182 1115 44 75 f,
2255 1115 63 75 and

1334 1161 47 75 N.
1399 1161 57 75 lat.
1478 1161 65 75 J3°
1562 1161 68 75 4c/.

1286 1207 144 75 BURR,
1458 1207 55 75 the
1530 1207 103 75 round
1649 1207 86 75 knob
1751 1207 41 75 of
1803 1207 19 75 a
1839 1207 81 75 horn
1936 1207 79 75 next
2032 1207 17 75 a
2065 1207 103 75 deer’s
2184 1207 96 75 head.

1287 1254 178 75 BURRE,
1492 1254 172 75 Bouree,
1690 1254 37 75 or
1752 1254 147 75 Boree,
1934 1254 18 75 a
1972 1254 78 75 kind
2066 1254 40 75 of
2116 1254 99 75 dance
2232 1254 86 75 com-

1334 1300 98 75 pofed
1448 1300 40 75 of
1506 1300 91 75 three
1613 1300 82 75 fteps
1719 1300 113 75 joined
1856 1300 148 75 together
2030 1300 33 75 in
2080 1300 66 75 two
2166 1300 150 75 motions,

1335 1346 103 75 begun
1462 1346 77 75 with
1557 1346 18 75 a
1599 1346 144 75 crotchet
1760 1346 104 75 riling.
1912 1346 77 75 The
2013 1346 62 75 firft
2100 1346 126 75 couplet
2242 1346 76 75 con-

1334 1392 80 75 tains
1431 1392 93 75 twice
1541 1392 72 75 four
1629 1392 169 75 meafures,
1824 1392 55 75 the
1895 1392 116 75 fecond
2028 1392 93 75 twice
2138 1392 99 75 eight.
2286 1392 32 75 It

1334 1439 124 75 confifts
1471 1439 40 75 of
1522 1439 19 75 a
1557 1439 130 75 balance
1700 1439 61 75 and
1774 1439 132 75 coupee.

1287 1486 318 75 BURREGREG,
1631 1486 19 75 a
1666 1486 212 75 confiderable
1895 1486 84 75 river
1994 1486 40 75 of
2045 1486 54 75 the
2114 1486 153 75 kingdom
2284 1486 40 75 of

1334 1531 78 75 Fez,
1438 1531 31 75 in
1498 1531 137 75 Africa;
1677 1531 238 75 which-taking
1941 1531 41 75 its
2007 1531 59 75 rife
2093 1531 32 75 in
2143 1531 56 75 the
2222 1531 95 75 Atlas

1332 1579 191 75 mountains,
1548 1579 73 75 falls
1637 1579 68 75 into
1723 1579 54 75 the
1793 1579 97 75 ocean
1909 1579 56 75 not
1977 1579 49 75 far
2043 1579 84 75 from
2143 1579 56 75 the
2215 1579 103 75 ftraits

1333 1623 39 75 of
1383 1623 180 75 Gibraltar.

1285 1672 296 75 BURR-PUMP,
1618 1672 37 75 or
1682 1672 288 75 Bildge-pump,
2006 1672 110 75 differs
2150 1672 82 75 from
2260 1672 56 75 the

1332 1718 146 75 common
1496 1718 108 75 pump,
1629 1718 32 75 in
1678 1718 117 75 having
1811 1718 19 75 a
1845 1718 75 75 ftaff
1933 1718 33 75 6,
1993 1718 34 75 7,
2052 1718 37 75 or
2108 1718 18 75 8
2145 1718 65 75 feet
2226 1718 88 75 long,

1332 1764 78 75 with
1427 1764 18 75 a
1473 1764 55 75 bar
1552 1764 41 75 of
1616 1764 104 75 wood,
1746 1764 142 75 whereto
1911 1764 55 75 the
1994 1764 121 75 leather
2142 1764 25 75 is
2196 1764 117 75 nailed,

1333 1810 61 75 and
1411 1810 62 75 this
1489 1810 103 75 ferves
1608 1810 118 75 inftead
1743 1810 39 75 of
1796 1810 16 75 a
1830 1810 78 75 box;
1959 1810 45 75 So
2021 1810 65 75 two
2103 1810 83 75 men,
2213 1810 101 75 Hand-

1331 1856 53 75 ing
1400 1856 77 75 over
1493 1856 55 75 the
1565 1856 107 75 pump,
1699 1856 101 75 thruft
1815 1856 94 75 down
1927 1856 62 75 this
2007 1856 81 75 ftaff,
2115 1856 33 75 to
2161 1856 54 75 the
2231 1856 84 75 mid-

1331 1904 53 75 dle
1396 1904 147 75 whereof
1554 1904 24 75 is
1597 1904 140 75 faftened
1753 1904 17 75 a
1783 1904 88 75 rope,
1896 1904 52 75 for
1961 1904 34 75 6,
2022 1904 33 75 8,
2082 1904 36 75 or
2140 1904 40 75 10
2196 1904 35 75 to
2244 1904 72 75 hale

1332 1949 52 75 by,
1410 1949 75 75 thus
1505 1949 119 75 pulling
1641 1949 24 75 it
1682 1949 41 75 up
1737 1949 61 75 and
1814 1949 108 75 down.

1283 1998 245 75 BURROCK,
1555 1998 17 75 a
1587 1998 88 75 fmall
1689 1998 76 75 wier
1777 1998 37 75 or
1826 1998 84 75 dam,
1937 1998 105 75 where
2054 1998 117 75 wheels
2185 1998 53 75 are
2251 1998 64 75 laid

1330 2042 30 75 in
1379 2042 17 75 a
1413 2042 96 75 river,
1535 2042 51 75 for
1603 2042 54 75 the
1674 2042 111 75 taking
1796 2042 40 75 of
1847 2042 66 75 filh.

1283 2089 228 75 BURROW,
1538 2089 257 75 orBoRouGH.
1847 2089 61 75 See
1925 2089 207 75 Borough.

1283 2135 255 75 BURROWS,
1563 2135 90 75 holes
1678 2135 73 75 in.a
1770 2135 134 75 warren,
1933 2135 105 75 which
2062 2135 87 75 ferve
2175 2135 31 75 as
2224 2135 18 75 a
2259 2135 53 75 co-

1331 2179 68 75 vert
1415 2179 50 75 for
1481 2179 104 75 hares,
1610 2179 134 75 rabbits,
1770 2179 64 75 <&c.

1283 2227 171 75 BURSA,
1480 2227 198 75 orPausA,
1703 2227 33 75 in
1763 2227 196 75 geography,
1985 2227 55 75 the
2068 2227 113 75 capital
2200 2227 40 75 of
2255 2227 55 75 Bi-

1331 2273 111 75 thinia,
1467 2273 31 75 in
1516 2273 75 75 Alia
1607 2273 124 75 Minor,
1757 2273 134 75 fituated
1908 2273 30 75 in
1956 2273 19 75 a
1991 2273 61 75 fine
2068 2273 127 75 fruitful
2212 2273 97 75 plain,

1329 2318 33 75 at
1379 2318 55 75 the
1446 2318 69 75 foot
1528 2318 39 75 of
1579 2318 111 75 mount
1707 2318 170 75 Olympus,
1904 2318 97 75 about
2013 2318 38 75 a-n
2065 2318 145 75 hundred
2223 2318 88 75 miles

1329 2366 91 75 fouth
1446 2366 41 75 of
1509 2366 260 75 Conftantinople
1783 2366 8 75 :
1828 2366 44 75 E.
1889 2366 89 75 long.
1998 2366 80 75 29°,
2106 2366 63 75 and
2186 2366 46 75 N.
2250 2366 59 75 lat.

1331 2414 62 75 40°
1413 2414 54 75 30'
1467 2414 11 75 .

1282 2460 8 75 '
1290 2460 286 75 BvKSh-paJioris,
1601 2460 32 75 in
1650 2460 130 75 botany.
1830 2460 269 75 SeeTHLASPi.

1282 2505 205 75 BURSAR,
1514 2505 31 75 in
1573 2505 18 75 a
1619 2505 125 75 general
1774 2505 96 75 fenfe,
1900 2505 132 75 fignifies
2050 2505 18 75 a
2090 2505 156 75 treafurer
2272 2505 37 75 or

1327 2552 233 75 pdrfe-keeper,
1585 2552 165 75 efpecially
1767 2552 31 75 in
1815 2552 17 75 a
1849 2552 187 75 monafteiy.

1281 2600 170 75 BURSE,
1476 2600 31 75 in
1525 2600 18 75 a
1558 2600 202 75 commercial
1787 2600 97 75 fenfe,
1910 2600 18 75 a
1953 2600 88 75 place
2061 2600 54 75 for
2130 2600 180 75 merchants

1329 2644 32 75 to
1378 2644 83 75 meet
1478 2644 43 75 in,
1547 2644 62 75 and
1625 2644 159 75 negotiate
1801 2644 84 75 their
1900 2644 134 75 bufinefs
2051 2644 153 75 publicly,
2231 2644 77 75 with

1327 2691 35 75 us
1380 2691 99 75 called
1498 2691 177 75 exchange.
1726 2691 61 75 See
1801 2691 233 75 Exchange.

1280 2739 241 75 BURSTEN,
1546 2739 132 75 denotes
1696 2739 17 75 a
1730 2739 111 75 perfon
1860 2739 72 75 who
1948 2739 55 75 has
2020 2739 20 75 a
2055 2739 142 75 rupture.
2247 2739 62 75 See

1328 2784 203 75 Rupture.

1281 2831 215 75 BURTON,
1522 2831 31 75 in
1582 2831 89 75 geog'
1671 2831 106 75 raphy,
1814 2831 55 75 the
1897 2831 91 75 name
2019 2831 41 75 of
2080 2831 68 75 two
2169 2831 139 75 market-

1328 2876 113 75 towns,
1479 2876 55 75 the
1562 2876 59 75 one
1649 2876 31 75 in
1710 2876 237 75 Staffordftiire,
1983 2876 63 75 and
2073 2876 56 75 the
2156 2876 93 75 other
2274 2876 34 75 in

1327 2923 218 75 Lincolnlhire
1561 2923 11 75 ;
1609 2923 56 75 the
1697 2923 119 75 former
1848 2923 93 75 being
1968 2923 134 75 lituated
2133 2923 98 75 about
2268 2923 40 75 18

1327 2970 88 75 miles
1429 2970 61 75 tall
1503 2970 41 75 of
1557 2970 158 75 Stafford,
1733 2970 31 75 in
1781 2970 39 75 i°
1842 2970 53 75 36'
1909 2970 60 75 W.
1982 2970 88 75 long,
2101 2970 62 75 and
2182 2970 39 75 52
2221 2952 19 49 0
2255 2970 55 75 40'

1614 3018 19 75 8
1658 3018 36 75 N

2186 3018 48 75 N.
2252 3018 57 75 lat.
