2481 3392
107 162 51 52 vi

588 162 1177 52 PREFACE.

180 304 88 48 TH
281 304 28 48 E
354 294 220 60 Editors,
617 294 200 60 though
858 294 134 60 fully
1031 294 205 60 fen&ble
1278 294 63 60 of
1368 294 88 60 the
1483 294 266 60 propriety
1774 294 65 60 of
1856 294 247 60 adopting
2128 294 91 60 the

109 363 202 60 prelent
336 363 140 60 plan,
515 363 140 60 were
682 363 94 60 not
803 363 172 60 aware
1004 363 64 60 of
1086 363 88 60 the
1191 363 179 60 length
1397 363 64 60 of
1479 363 121 60 time
1628 363 259 60 neceflary
1912 363 80 60 for
2014 363 88 60 the
2131 363 89 60 ex-

112 434 221 60 ecution,
372 434 97 60 but
497 434 230 60 engaged
756 434 52 60 to
839 434 151 60 begin
1017 434 88 60 the
1133 434 319 60 publication
1479 434 88 60 too
1596 434 162 60 early.
1834 434 271 60 However,
2145 434 75 60 by

112 505 88 60 the
219 505 399 60 remonftrances
636 505 64 60 of
705 505 88 60 the
810 505 296 60 Compilers,
1138 505 89 60 the
1244 505 314 60 publication
1567 505 110 60 was
1691 505 222 60 delayed
1926 505 80 60 for
2023 505 194 60 twelve

112 576 223 60 months.
393 576 109 60 Still
532 576 123 60 time
683 576 109 60 was
819 576 229 60 wanted.
1127 576 101 60 But
1245 576 88 60 the
1353 576 299 60 fublcribers
1670 576 196 60 pufhed
1886 576 89 60 the
1995 576 219 60 Editors,

113 645 101 60 and
257 645 129 60 they
428 645 54 60 at
514 645 91 60 laft
632 645 283 60 perfuaded
942 645 88 60 the
1058 645 279 60 Compilers
1364 645 54 60 to
1445 645 214 60 confent
1683 645 54 60 to
1766 645 88 60 the
1880 645 334 60 publication.

111 716 57 60 If
187 716 123 60 time
327 716 105 60 had
446 716 131 60 been
598 716 240 60 allowed,
879 716 89 60 the
989 716 278 60 Compilers
1285 716 242 60 defigned
1553 716 54 60 to
1629 716 133 60 have
1779 716 327 60 compleated
2133 716 89 60 the

111 786 217 60 Iciences
354 786 176 60 before
557 786 309 60 proceeding
894 786 55 60 to
979 786 87 60 the
1094 786 251 60 technical
1365 786 185 60 terms;
1589 786 103 60 and
1717 786 73 60 by
1817 786 116 60 that
1959 786 178 60 means
2166 786 54 60 to

113 857 132 60 have
264 857 233 60 guarded
514 857 187 60 againft
721 857 268 60 omifiions,
1023 857 103 60 and
1141 857 151 60 made
1311 857 65 60 all
1393 857 87 60 the
1496 857 285 60 references
1798 857 137 60 from
1957 857 88 60 the
2062 857 159 60 terms

118 927 54 60 to
218 927 88 60 the
348 927 216 60 fciences
605 927 145 60 more
792 927 293 60 particular.
1164 927 115 60 The
1327 927 346 60 confequence
1715 927 110 60 was
1853 927 361 60 unavoidable.

115 999 81 60 All
226 999 88 60 the
341 999 287 60 references
654 999 55 60 to
738 999 100 60 any
870 999 192 60 feience
1100 999 116 60 that
1259 999 152 60 occur
1435 999 55 60 in
1516 999 85 60 the
1631 999 243 60 alphabet
1900 999 237 60 previous
2166 999 53 60 to

117 1069 87 60 the
234 1069 153 60 name
415 1069 63 60 of
504 1069 90 60 the
629 1069 188 60 fcience
850 1069 151 60 itfelf,
1043 1069 84 60 are
1154 1069 232 60 general:
1430 1069 140 60 thole
1598 1069 115 60 that
1743 1069 181 60 follow
1953 1069 85 60 are
2065 1069 156 60 parti-

116 1140 138 60 cular
272 1140 12 60 ;
325 1140 233 60 pointing
593 1140 108 60 out,
741 1140 94 60 not
862 1140 123 60 only
1015 1140 85 60 the
1127 1140 153 60 name
1309 1140 64 60 of
1399 1140 90 60 the
1517 1140 205 60 Icience,
1761 1140 96 60 but
1886 1140 86 60 the
2000 1140 222 60 number

117 1210 63 60 of
205 1210 85 60 the
316 1210 147 60 page.

186 1337 100 48 WE
315 1327 133 60 mull
474 1327 202 60 further
718 1327 386 60 acknowledge,
1144 1327 134 60 that,
1318 1327 52 60 in
1397 1327 135 60 feme
1558 1327 262 60 inftances,
1861 1327 83 60 we
1972 1327 133 60 have
2133 1327 88 60 de-

121 1398 171 60 viated
311 1398 137 60 from
464 1398 87 60 the
568 1398 206 60 general
793 1398 147 60 plan;
971 1398 112 60 but,
1113 1398 83 60 we
1214 1398 152 60 hope,
1397 1398 102 60 not
1513 1398 228 60 without
1757 1398 193 60 reafon.
2008 1398 213 60 Forex-

121 1468 183 60 ample,
327 1468 165 60 under
518 1468 86 60 the
620 1468 175 60 words
818 1491 242 30 BOTANY
1088 1468 103 60 and
1205 1491 283 30 NATURAL
1514 1491 292 30 HISTORY,
1836 1468 41 60 it
1892 1468 181 60 would
2088 1468 134 60 have

117 1539 134 60 been
278 1539 64 60 an
372 1539 208 60 endlels,
623 1539 101 60 and
764 1539 221 60 perhaps
1016 1539 63 60 an
1110 1539 176 60 ulelels
1314 1539 127 60 talk,
1484 1539 53 60 to
1564 1539 134 60 have
1724 1539 154 60 given
1907 1539 87 60 the
2020 1539 201 60 generic

120 1608 306 60 diltincnons
452 1608 63 60 of
533 1608 157 60 every
718 1608 161 60 plant,
922 1608 100 60 and
1051 1608 65 60 of
1127 1608 155 60 every
1311 1608 212 60 animal.
1600 1608 160 60 Thefe
1789 1608 85 60 are
1898 1608 53 60 to
1979 1608 64 60 be
2060 1608 165 60 found

119 1682 163 60 under
309 1682 87 60 the
423 1682 175 60 names
620 1682 63 60 of
702 1682 86 60 the
809 1682 170 60 plants
1008 1682 102 60 and
1137 1682 214 60 animals
1374 1682 317 60 themfelves.
1769 1682 113 60 The
1901 1682 134 60 fame
2058 1682 165 60 obler-

122 1751 174 60 vation
333 1751 125 60 may
500 1751 63 60 be
603 1751 154 60 made
792 1751 131 60 with
959 1751 195 60 refjpect
1192 1751 54 60 to
1289 1763 297 45 Mineralogy,
1636 1763 206 45 Materia
1886 1763 77 45 Me
1966 1763 70 45 die
2038 1763 47 45 a.
2131 1763 93 45 Pa-

125 1834 185 45 thology,
363 1834 264 45 Phyfiology,
682 1822 102 60 and
836 1834 338 45 therapeutics.
1247 1822 166 60 Thele
1468 1822 85 60 are
1607 1822 50 60 fo
1711 1822 328 60 interwoven
2093 1822 131 60 with

125 1901 239 52 Anatomy,
404 1907 197 45 Botany,.
634 1907 248 45 Chemiftry,
924 1895 99 60 and
1063 1907 238 45 Medicine,
1345 1895 130 60 that,
1515 1895 50 60 in
1595 1895 46 60 a.
1664 1895 152 60 work
1855 1895 53 60 of
1944 1895 99 60 this
2079 1895 141 60 kind,

123 1962 40 60 it
203 1962 110 60 was
365 1962 176 60 almoh
574 1962 302 60 impoffible,
926 1962 227 60 without
1194 1962 159 60 many
1395 1962 138 60 none
1538 1962 188 60 cellary
1786 1962 315 60 repetitions,
2168 1962 54 60 to

129 2031 131 60 treat
287 2031 146 60 them
458 2031 52 60 as
537 2031 199 60 diiiincd
761 2031 231 60 fciences.
1074 2031 212 60 Indeed,
1327 2031 240 60 properly
1583 2031 256 60 Ipeaking,
1883 2031 125 60 they
2030 2031 83 60 are
2132 2031 95 60 not

127 2102 228 60 Iciences,
392 2102 97 60 but
515 2102 139 60 parts
682 2102 56 60 or
766 2102 283 60 accclTorics
1081 2102 63 60 of
1168 2102 230 60 leiences,
1437 2102 192 60 which,
1667 2102 73 60 by
1768 2102 87 60 the
1882 2102 264 60 dexterity
2173 2102 51 60 ol

129 2172 229 60 teachers
386 2172 102 60 and
514 2172 225 60 authors,
779 2172 131 60 have
938 2172 133 60 been
1096 2172 123 60 long
1245 2172 265 60 exhibited
1526 2172 163 60 under
1710 2172 115 60 that
1841 2172 154 60 form.

199 2312 185 30 WITH
419 2307 181 37 regard
629 2307 51 37 to
710 2307 162 37 errors
886 2307 52 37 in
962 2307 222 37 general,
1223 2307 241 37 whether
1488 2307 184 37 falling
1693 2307 163 37 under
1885 2307 88 37 the
2001 2307 225 37 denomi-

131 2376 175 37 nation
327 2358 61 60 of
403 2376 215 37 mental,
657 2376 401 37 typographical,
1090 2376 56 37 or
1166 2376 298 37 accidental,
1503 2376 87 37 we
1616 2376 86 37 arc
1730 2376 251 37 conlcious
2000 2376 53 37 of
2073 2376 156 37 being

135 2448 110 37 able
268 2448 54 37 to
348 2430 143 60 point
514 2448 91 37 out
632 2448 28 37 a
686 2448 202 37 greater
914 2448 221 37 number
1162 2448 127 37 than
1308 2448 101 37 any
1437 2448 139 37 critic
1598 2448 280 37 whatever.
1957 2448 128 37 Men
2102 2448 124 37 who

136 2517 84 37 are
248 2517 306 37 acquainted
579 2517 132 37 with
739 2517 86 37 the
851 2517 354 37 innumerable
1233 2517 287 37 dilFiculties
1548 2517 267 37 attending
1842 2517 85 37 the
1956 2517 274 37 execution

137 2571 62 60 of
215 2571 31 60 a
262 2589 151 37 work
440 2589 63 37 of
517 2589 120 37 fuch
667 2589 63 37 an
757 2589 257 37 extendve
1041 2589 182 37 nature
1250 2589 107 37 will
1373 2583 150 45 make
1541 2589 183 37 proper
1750 2589 320 37 allowances.
2147 2571 29 60 7
2197 2589 31 37 o

136 2658 135 37 thele
291 2658 77 37 we
390 2658 195 37 appeal,
626 2658 102 37 and
748 2658 121 37 fliall
883 2658 92 37 refl
991 2658 219 37 latlsfied
1230 2658 129 37 with
1379 2658 87 37 the
1473 2658 278 37 judgment
1767 2658 126 37 they
1909 2658 314 37 pronounce.

207 2780 60 30 IN
300 2775 148 37 order
476 2775 59 37 to
556 2775 112 37 give
697 2775 132 37 fome
857 2775 112 37 idea
996 2775 62 37 of
1077 2775 85 37 the
1188 2775 257 37 materials
1473 2775 63 37 of
1552 2775 167 37 which
1750 2775 98 37 this
1873 2775 302 37 Dictionary
2189 2775 40 37 is

139 2842 286 37 corapoled,
463 2842 83 37 we
583 2842 125 37 lhall
734 2842 242 37 conclude
1007 2842 86 37 the
1124 2842 200 37 preface
1351 2842 133 37 with
1511 2824 30 60 a
1564 2842 76 37 lift
1676 2842 48 37 oi
1759 2842 85 37 the
1871 2842 245 37 principal
2144 2824 89 60 au-

140 2912 140 37 thors
312 2912 150 37 made
493 2912 84 37 life
612 2894 63 60 of
698 2912 53 37 in
788 2912 88 37 the
914 2912 346 37 compilation.

1986 2959 37 52 L
2058 2959 25 52 I
2120 2959 33 52 S
2185 2959 52 52 T
