2498 3377
571 154 41 75 A
668 154 44 75 N
773 154 36 75 C

1139 154 98 75 (3

245 222 135 75 a-fhore.
430 222 35 75 2.
487 222 78 75 The
592 222 66 75 two
684 222 138 75 bowers,
855 222 104 75 which
987 222 53 75 are
1066 222 78 75 ufed
1169 222 53 75 for

244 269 82 75 (hips
343 269 35 75 to
399 269 69 75 ride
492 269 33 75 in
549 269 19 75 a
593 269 177 75 harbour..
796 269 33 75 3.
852 269 78 75 The
956 269 113 75 dream
1090 269 132 75 anchor.

245 316 36 75 4.
306 316 75 75 The
399 316 142 75 grapnel.
575 316 62 75 See
650 316 352 75 Stream-anchor,
1097 316 127 75 Grap-

247 362 87 75 nel.

292 409 76 75 The
391 409 98 75 (hank
515 409 41 75 of
573 409 39 75 an
637 409 119 75 anchor
777 409 27 75 is
829 409 36 75 to
888 409 40 75 be
952 409 90 75 three
1058 409 93 75 times
1168 409 57 75 the

245 455 111 75 length
372 455 40 75 of
430 455 60 75 one
507 455 40 75 of
565 455 42 75 its
629 455 120 75 flukes;
776 455 62 75 and
861 455 19 75 a
906 455 65 75 (hip
995 455 40 75 of
1057 455 66 75 500
1152 455 72 75 tons

245 501 78 75 hath
339 501 59 75 her
414 501 220 75 flieet-anchor
649 501 41 75 of
702 501 91 75 2000
805 501 138 75 weight;
964 501 61 75 and
1041 501 33 75 fo
1090 501 134 75 propor-

245 548 143 75 tionably
411 548 53 75 for
489 548 123 75 others,
637 548 124 75 fmaller
775 548 38 75 or
828 548 137 75 greater.
1012 548 77 75 The
1106 548 120 75 anchor

247 595 25 75 is
288 595 66 75 faid
370 595 93 75 to*be
481 595 127 75 a-peak,
634 595 93 75 when
742 595 55 75 the
819 595 89 75 cable
930 595 28 75 is
985 595 241 75 perpendicular

245 640 144 75 between
406 640 56 75 the
478 640 103 75 hawfe
597 640 64 75 and
676 640 55 75 the
746 640 135 75 anchor.
931 640 62 75 See
1012 640 154 75 Hawse.

293 688 55 75 An
368 688 119 75 anchor
509 688 26 75 is
552 688 66 75 faid
640 688 37 75 to
704 688 84 75 come
812 688 99 75 home,
935 688 94 75 when
1056 688 26 75 it
1109 688 117 75 cannot

247 734 80 75 hold
344 734 55 75 the
419 734 78 75 fhip.
544 734 55 75 An
616 734 119 75 anchor
746 734 27 75 is
782 734 90 75 foul,
890 734 105 75 when,
1013 734 43 75 by
1068 734 55 75 the
1136 734 89 75 turn-

247 780 55 75 ing
318 780 40 75 of
376 780 55 75 the
447 780 77 75 fhip,
548 780 57 75 the
628 780 89 75 cable
742 780 26 75 is
793 780 132 75 hitched
941 780 97 75 about
1055 780 55 75 the
1126 780 98 75 fluke.

245 827 57 75 To
309 827 79 75 Jhoe
405 827 38 75 an
460 827 130 75 anchor,
615 827 27 75 is
670 827 34 75 to
729 827 35 75 fit
784 827 116 75 boards
922 827 85 75 upon
1031 827 55 75 the
1110 827 113 75 flukes,

245 873 71 75 that
331 873 26 75 it
374 873 72 75 may
462 873 77 75 hold
556 873 54 75 the
622 873 105 75 better
743 873 30 75 in
791 873 63 75 foft
871 873 137 75 ground.
1041 873 111 75 When
1170 873 55 75 the

247 920 118 75 anchor
381 920 99 75 hangs
498 920 85 75 right
599 920 42 75 up
659 920 61 75 and
737 920 94 75 down
848 920 44 75 by
909 920 56 75 the
981 920 93 75 fhip’s
1098 920 75 75 fide,
1199 920 26 75 it

246 967 26 75 is
288 967 66 75 faid
369 967 35 75 to
420 967 39 75 be
475 967 19 75 a
508 967 163 75 cock-bell,
694 967 85 75 upon
803 967 56 75 the
881 967 93 75 fhip’s
992 967 126 75 coming
1134 967 34 75 to
1184 967 41 75 an

246 1012 130 75 anchor.

291 1059 76 75 The
382 1059 195 75 inhabitants
600 1059 41 75 of
659 1059 126 75 Ceylon
809 1059 53 75 ufe
885 1059 88 75 large
989 1059 102 75 dones
1107 1059 119 75 indead

246 1107 39 75 of
297 1107 155 75 anchors;
479 1107 63 75 and
564 1107 33 75 in
621 1107 85 75 foitie
725 1107 94 75 other
843 1107 105 75 places
972 1107 41 75 of
1033 1107 54 75 the
1103 1107 121 75 Indies,

245 1153 56 75 the
324 1153 133 75 anchors
475 1153 53 75 are
556 1153 18 75 a
600 1153 78 75 kind
703 1153 41 75 of
762 1153 136 75 wooden
911 1153 174 75 machines,
1101 1153 8 75 '
1109 1153 118 75 loaded

245 1198 208 75 withjlones.

199 1246 183 75 Anchor,
407 1246 30 75 in
463 1246 220 75 architefture,
709 1246 19 75 a
743 1246 65 75 fort
825 1246 40 75 of
882 1246 140 75 carving,
1047 1246 179 75 fomething

244 1291 187 75 refembling
447 1291 37 75 an
501 1291 131 75 anchor.
681 1291 32 75 It
729 1291 26 75 is
780 1291 179 75 commonly
976 1291 112 75 placed
1103 1291 33 75 as
1154 1291 70 75 part

246 1339 40 75 of
304 1339 55 75 the
375 1339 212 75 enrichments
605 1339 40 75 of
664 1339 56 75 the
737 1339 139 75 boultins
901 1339 41 75 of
961 1339 132 75 capitals
1109 1339 40 75 of
1168 1339 55 75 the

245 1383 142 75 Tufcan,
412 1383 117 75 Doric,
554 1383 63 75 and
644 1383 90 75 Ionic
761 1383 133 75 orders;
929 1383 62 75 and
1019 1383 64 75 alfo
1109 1383 41 75 of
1169 1383 54 75 the

246 1430 56 75 the
325 1430 140 75 boultins
487 1430 40 75 of
546 1430 259 75 bed-mouldings
833 1430 40 75 of
894 1430 56 75 the
978 1430 116 75 Doric,
1120 1430 103 75 Ionic,

247 1477 62 75 and
325 1477 192 75 Corinthian
534 1477 160 75 cornices;
721 1477 135 75 anchors
874 1477 61 75 and
952 1477 75 75 eggs
1044 1477 94 75 being
1155 1477 68 75 car-

245 1524 63 75 ved
324 1524 190 75 alternately
530 1524 139 75 through
694 1524 55 75 the
773 1524 105 75 whole
894 1524 157 75 building.

200 1570 184 75 Anchor,
409 1570 31 75 in
457 1570 164 75 heraldry,
646 1570 53 75 are
725 1570 152 75 emblems
902 1570 41 75 of
964 1570 95 75 hope,
1085 1570 62 75 and
1171 1570 53 75 are

248 1616 93 75 taken
364 1616 52 75 for
441 1616 75 75 fuch
539 1616 34 75 in
597 1616 17 75 a
637 1616 160 75 fpiritual,.
815 1616 34 75 as
871 1616 75 75 well
971 1616 33 75 as
1026 1616 21 75 a
1068 1616 157 75 temporal

248 1663 97 75 fenfe.

202 1708 321 75 ANCHORAGE,
550 1708 37 75 or
614 1708 438 75 Anchoring-ground,
1088 1708 20 75 a
1135 1708 88 75 place

247 1755 106 75 where
373 1755 19 75 a
407 1755 66 75 fhip
489 1755 73 75 may
580 1755 61 75 cad
658 1755 131 75 anchor.

293 1802 76 75 The
396 1802 66 75 bed
489 1802 313 75 anchoring-ground
829 1802 27 75 is
883 1802 69 75 diff
974 1802 71 75 clay
1078 1802 38 75 or
1141 1802 84 75 hard

247 1848 97 75 fand;
364 1848 62 75 and
441 1848 55 75 the
508 1848 65 75 bed
589 1848 90 75 place
695 1848 51 75 for
764 1848 105 75 riding
880 1848 33 75 at
926 1848 117 75 anchor
1060 1848 40 75 is,
1118 1848 109 75 where

248 1895 16 75 a
281 1895 65 75 fhip
360 1895 26 75 is
402 1895 218 75 land-locked,
646 1895 61 75 and
722 1895 57 75 out
796 1895 40 75 of
847 1895 56 75 the
925 1895 80 75 tide.

200 1941 264 75 Anchorage,
489 1941 32 75 in
537 1941 74 75 law,
636 1941 26 75 is
690 1941 19 75 a
731 1941 80 75 duty
829 1941 85 75 upon
929 1941 82 75 fhips
1028 1941 51 75 for
1095 1941 56 75 the
1170 1941 54 75 ufe

246 1988 39 75 of
304 1988 56 75 the
377 1988 72 75 port
467 1988 36 75 or
519 1988 139 75 harbour
678 1988 107 75 where
802 1988 76 75 they
895 1988 62 75 cad
977 1988 134 75 anchor.

200 2033 313 75 ANCHORALIS
525 2033 121 75 procejj'
646 2033 46 75 us.
742 2033 61 75 See
820 2033 268 75 Coracoides.

200 2079 286 75 ANCHORED,
512 2079 37 75 or
573 2079 203 75 Ankered,
801 2079 26 75 is
849 2079 67 75 faid
942 2079 40 75 of
1001 2079 18 75 a
1046 2079 97 75 crofs,
1168 2079 56 75 the

248 2124 73 75 four
342 2124 198 75 extremities
564 2124 39 75 of
623 2124 105 75 which
752 2124 150 75 referable
923 2124 55 75 the
1002 2124 100 75 flukes
1127 2124 41 75 of
1184 2124 42 75 an

248 2170 131 75 anchor.

294 2218 76 75 The
386 2218 86 75 crofs
494 2218 168 75 refembles
687 2218 82 75 very
791 2218 94 75 much
903 2218 55 75 the
981 2218 218 75 crofs-moline
1215 2218 11 75 ;

246 2265 56 75 the
319 2265 104 75 whole
444 2265 172 75 difference
639 2265 144 75 between
811 2265 87 75 them
923 2265 162 75 confiding
1100 2265 76 75 only
1192 2265 33 75 yi

242 2310 81 75 this,
347 2310 73 75 that
442 2310 56 75 the
522 2310 159 75 anchored
706 2310 84 75 crofs
813 2310 28 75 is
864 2310 172 75 fomewhat
1052 2310 124 75 fnarper
1192 2310 34 75 at

245 2357 54 75 the
321 2357 104 75 points
443 2357 76 75 than
536 2357 54 75 the
606 2357 131 75 moline.
787 2357 62 75 See
865 2357 176 75 Moline.

199 2404 248 75 ANCHOVY,
471 2404 33 75 in
519 2404 224 75 ichthyology,
768 2404 56 75 the
840 2404 132 75 Englifh
995 2404 91 75 name
1110 2404 40 75 of
1168 2404 58 75 the

248 2450 109 75 clupea
374 2450 218 75 encraficolus.
643 2450 60 75 See
720 2450 172 75 Clupea.

199 2496 244 75 ANCHUSA,
469 2496 38 75 or
522 2496 205 75 Alkanet,
752 2496 33 75 in
801 2496 131 75 botany,
958 2496 19 75 a
993 2496 98 75 genus
1111 2496 40 75 of
1169 2496 55 75 the

246 2543 185 75 pentandria
454 2543 192 75 monogynia
667 2543 93 75 clafs.
815 2543 78 75 The
916 2543 121 75 corolla
1060 2543 27 75 is
1110 2543 115 75 fliaped

245 2590 63 75 like
324 2590 19 75 a
359 2590 121 75 tunnel.
528 2590 113 75 There
657 2590 52 75 are
725 2590 90 75 eight
837 2590 116 75 fpecies
977 2590 40 75 of
1035 2590 55 75 the
1107 2590 116 75 anchu-

245 2636 52 75 fa;
331 2636 70 75 viz.
435 2636 30 75 1.
488 2636 77 75 The
587 2636 177 75 officinalis,
791 2636 18 75 a
832 2636 105 75 native
957 2636 40 75 of
1016 2636 121 75 France
1162 2636 62 75 and

245 2681 55 75 the
316 2681 135 75 warmer
466 2681 86 75 parts
570 2681 40 75 of
627 2681 143 75 Europe.
818 2681 76 75 The
912 2681 70 75 root
994 2681 39 75 of
1052 2681 54 75 the
1123 2681 100 75 offici-

244 2727 80 75 nalis
346 2727 27 75 is
391 2727 56 75 not
462 2727 74 75 now
551 2727 76 75 ufed
641 2727 32 75 in
690 2727 154 75 medicine
853 2727 11 75 ;
889 2727 41 75 its
946 2727 152 75 principal
1120 2727 52 75 ufe
1195 2727 32 75 is

246 2774 50 75 for
312 2774 164 75 colouring
497 2774 73 75 oils,
602 2774 169 75 unguents,
801 2774 141 75 pladers,
968 2774 63 75 <bc.
1090 2774 32 75 2.
1146 2774 79 75 The

246 2819 210 75 angudifolia,
481 2819 19 75 a
514 2819 105 75 native
632 2819 39 75 of
682 2819 85 75 Italy
782 2819 62 75 and
860 2819 179 75 Germany.
1090 2819 33 75 3.
1147 2819 87 75 The.

245 2864 165 75 undulata,
444 2864 18 75 a
489 2864 106 75 native
622 2864 40 75 of
681 2864 110 75 Spain.
851 2864 31 75 4.
906 2864 77 75 The
1006 2864 172 75 orientalis,
1205 2864 19 75 a

247 2911 105 75 native
364 2911 39 75 of
421 2911 54 75 the
487 2911 44 75 E.
549 2911 120 75 Indies;
720 2911 33 75 5.
777 2911 77 75 The
871 2911 184 75 virginiana,
1081 2911 18 75 a
1118 2911 105 75 native

247 2959 40 75 of
305 2959 159 75 Virginia.
520 2959 34 75 6.
586 2959 77 75 The
689 2959 118 75 lanata,
840 2959 19 75 a
886 2959 105 75 native
1018 2959 40 75 of
1078 2959 143 75 Algiers.

248 3005 34 75 7.
306 3005 77 75 The
410 3005 159 75 tindtoria,
598 3005 19 75 a
642 3005 106 75 native
770 3005 42 75 of
828 3005 210 75 Montpelier.
1088 3005 32 75 8.
1146 3005 78 75 The

1254 151 41 75 11
1357 151 18 75 )

1697 151 42 75 A
1795 151 44 75 N
1895 151 36 75 C

1322 217 237 75 fempervirens,
1586 217 38 75 or
1646 217 187 75 ever-green
1851 217 139 75 alkanet,
2016 217 19 75 a
2053 217 106 75 native
2175 217 40 75 of
2233 217 73 75 Bri-

1324 265 63 75 tain
1405 265 62 75 and
1485 265 110 75 Spain.

1275 312 546 75 ANCHYLOBLEPHARON,
1842 312 115 75 among
1969 312 187 75 phyficians,
2172 312 133 75 denotes

1323 359 18 75 a
1357 359 144 75 cohefion
1513 359 42 75 of
1574 359 54 75 the
1644 359 151 75 eye-lids.

1275 405 235 75 ANCIENT.
1561 405 276 75 SccAntient,
1862 405 63 75 and
1940 405 249 75 Antiquity.

1274 452 301 75 ANCIENTLY,
1599 452 33 75 in
1647 452 85 75 fome
1744 452 55 75 old
1815 452 143 75 datutes,
1976 452 19 75 a
2010 452 82 75 term
2106 452 74 75 ufed
2196 452 35 75 to
2247 452 56 75 de-

1321 499 75 75 note
1413 499 165 75 feniority.

1274 545 290 75 ANCLABRIS,
1589 545 33 75 in
1638 545 128 75 Roman
1778 545 171 75 antiquity,
1974 545 56 75 the
2049 545 87 75 table
2153 545 151 75 whereon

1320 591 56 75 the
1392 591 108 75 prieds
1518 591 52 75 eat
1585 591 84 75 their
1685 591 127 75 portion
1828 591 40 75 of
1887 591 56 75 the
1960 591 169 75 facrifices.

1274 638 224 75 ANCLAM,
1523 638 18 75 a
1557 638 87 75 town
1660 638 40 75 of
1718 638 190 75 Pomerania
1919 638 31 75 in
1966 638 181 75 Germany,
2171 638 134 75 fituated

1323 684 40 75 on
1380 684 56 75 the
1448 684 84 75 river
1552 684 99 75 Pene,
1676 684 33 75 in
1725 684 44 75 E.
1787 684 88 75 long.
1897 684 74 75 14°,
1995 684 64 75 and
2080 684 50 75 N.
2145 684 59 75 lat.
2226 684 44 75 54
2270 666 18 49 0
2288 684 15 75 ,

1323 730 97 75 about
1438 730 41 75 45
1497 730 91 75 miles
1601 730 48 75 N.
1666 730 61 75 W.
1745 730 41 75 of
1806 730 119 75 Stetin.

1274 778 179 75 ANCLE,
1477 778 33 75 in
1526 778 162 75 anatomy.
1736 778 64 75 See
1815 778 154 75 Talus.

1274 825 245 75 ANCOBER,
1548 825 37 75 or
1607 825 228 75 Rio-cobre,
1866 825 19 75 a
1910 825 84 75 river
2017 825 43 75 on
2084 825 55 75 the
2162 825 83 75 coad
2269 825 39 75 of

1322 871 128 75 Guinea
1465 871 33 75 in
1514 871 125 75 Africa.

1276 918 222 75 ANCILIA,
1519 918 32 75 in
1568 918 173 75 antiquity.
1791 918 62 75 See
1869 918 176 75 Ancyle.

1275 965 184 75 ANCON.
1509 965 63 75 See
1588 965 252 75 Olecranon.

1274 1010 218 75 ANCONA,
1518 1010 19 75 a
1560 1010 139 75 fea-port
1724 1010 87 75 town
1834 1010 41 75 of
1893 1010 99 75 Italy,
2025 1010 135 75 fituated
2183 1010 41 75 on
2248 1010 56 75 the

1320 1056 99 75 gulph
1431 1056 40 75 of
1481 1056 144 75 Venice,,
1633 1056 31 75 in
1681 1056 43 75 E.
1738 1056 88 75 longi
1844 1056 73 75 15°,
1935 1056 62 75 and
2013 1056 48 75 N.
2078 1056 59 75 lat.
2155 1056 64 75 43°
2234 1056 68 75 2o\

1322 1103 31 75 It
1375 1103 26 75 is
1426 1103 56 75 the
1505 1103 117 75 capital
1640 1103 41 75 of
1698 1103 19 75 a
1739 1103 191 75 marquifate
1952 1103 40 75 of
2009 1103 57 75 the
2094 1103 82 75 fame
2198 1103 104 75 name,

1323 1151 119 75 fubjedt
1454 1151 34 75 to
1505 1151 55 75 the
1577 1151 94 75 pope.

1274 1196 293 75 ANCONfEUS,
1592 1196 32 75 in
1640 1196 159 75 anatomy,
1825 1196 60 75 one
1902 1196 42 75 of
1959 1196 56 75 the
2032 1196 132 75 mufdes
2189 1196 40 75 of
2248 1196 56 75 the

1321 1242 116 75 elbow.
1488 1242 64 75 See
1564 1242 213 75 Anatomy-,
1802 1242 33 75 p.
1858 1242 78 75 197.

1273 1290 242 75 ANCONES,
1551 1290 32 75 in
1606 1290 221 75 architedture,
1861 1290 55 75 the
1939 1290 130 75 corners
2092 1290 37 75 or
2155 1290 89 75 coins
2266 1290 44 75 of

1319 1336 102 75 walls,
1447 1336 221 75 crofs-beams,
1693 1336 38 75 or
1748 1336 131 75 rafters-.

1273 1383 214 75 ANCONY,
1512 1383 32 75 in
1561 1383 209 75 mineralogy,
1794 1383 132 75 denotes
1943 1383 20 75 a
1980 1383 109 75 bloom
2106 1383 40 75 of
2164 1383 69 75 iron
2253 1383 50 75 fa-

1319 1429 129 75 fliioned
1468 1429 70 75 into
1562 1429 19 75 a
1596 1429 56 75 flat
1668 1429 57 75 bar
1747 1429 98 75 about
1868 1429 91 75 three
1984 1429 65 75 feet
2064 1429 90 75 long,
2180 1429 78 75 with
2282 1429 21 75 a

1322 1476 111 75 fquare
1445 1476 101 75 rough
1564 1476 79 75 knot
1660 1476 31 75 at
1708 1476 78 75 each
1803 1476 75 75 end.

1271 1522 180 75 ANCRE,
1477 1522 17 75 a
1509 1522 88 75 town
1614 1522 40 75 of
1673 1522 138 75 Picardy
1827 1522 32 75 in
1876 1522 134 75 France,
2036 1522 84 75 upon
2132 1522 18 75 a
2166 1522 85 75 river
2266 1522 43 75 of

1320 1569 55 75 the
1388 1569 82 75 fame
1483 1569 102 75 name,
1610 1569 144 75 between
1771 1569 120 75 Corbie
1908 1569 62 75 and
1981 1569 173 75 Bapaame.

1273 1616 222 75 ANCRET,
1519 1616 32 75 in
1563 1616 164 75 heraldry,
1752 1616 55 75 the
1823 1616 83 75 fame
1924 1616 77 75 with
2017 1616 173 75 anchored.
2240 1616 62 75 See

1320 1662 231 75 Anchored.

1272 1710 220 75 ANGUAH,
1517 1710 18 75 a
1558 1710 65 75 city
1639 1710 41 75 of
1697 1710 55 75 the
1768 1710 149 75 province
1939 1710 41 75 of
1991 1710 176 75 Alovahat,
2191 1710 32 75 in
2245 1710 57 75 the

1321 1755 151 75 northern
1488 1755 87 75 parts
1592 1755 40 75 of
1651 1755 121 75 Egypt.

1273 1803 295 75 ANGUBITUS,
1594 1803 113 75 among
1717 1803 124 75 ancient
1857 1803 185 75 phyficians,
2060 1803 19 75 a
2094 1803 81 75 term
2192 1803 35 75 to
2243 1803 57 75 de-

1321 1848 72 75 note
1405 1848 70 75 that
1492 1848 147 75 affedtion
1655 1848 40 75 of
1711 1848 56 75 the
1779 1848 73 75 eyes
1869 1848 32 75 in
1914 1848 105 75 which
2036 1848 77 75 they
2128 1848 124 75 feemed
2264 1848 34 75 to

1320 1895 124 75 contain
1455 1895 90 75 fand.

2225 1895 32 75 p

1273 1942 185 75 ANCUD,
1484 1942 18 75 a
1526 1942 150 75 province
1701 1942 40 75 of
1757 1942 90 75 Chili
1870 1942 32 75 in
1928 1942 38 75 S.
1992 1942 163 75 America,
2180 1942 118 75 having

1321 1988 40 75 on
1377 1988 55 75 the
1457 1988 73 75 wed
1553 1988 54 75 the
1632 1988 216 75 Archipelago
1871 1988 40 75 of
1930 1988 55 75 the
2001 1988 82 75 fame
2107 1988 110 75 name;
2244 1988 56 75 the

1319 2035 112 75 Andes
1455 2035 42 75 on
1524 2035 56 75 the
1606 2035 64 75 ead
1681 2035 10 75 ;
1718 2035 55 75 the
1801 2035 136 75 country
1964 2035 40 75 of
2022 2035 129 75 Oforno
2174 2035 42 75 on
2244 2035 55 75 the

1320 2081 94 75 north
1426 2081 9 75 ;
1462 2081 63 75 and
1541 2081 53 75 the
1612 2081 135 75 country
1758 2081 40 75 of
1817 2081 164 75 Magellan
1997 2081 41 75 on
2055 2081 55 75 the
2121 2081 106 75 louth.

1272 2129 210 75 ANCYLE,
1506 2129 33 75 in
1561 2129 171 75 antiquity,
1758 2129 19 75 a
1801 2129 80 75 kind
1903 2129 40 75 of
1960 2129 99 75 fliield
2084 2129 71 75 that
2169 2129 70 75 fell,
2265 2129 33 75 as

1317 2173 64 75 was
1390 2173 185 75 pretended,
1589 2173 84 75 from
1683 2173 131 75 heaven,
1832 2173 33 75 in
1874 2173 54 75 the
1941 2173 87 75 reign
2037 2173 40 75 of
2084 2173 214 75 NumaPom-

1318 2220 115 75 pilius;
1468 2220 33 75 at
1525 2220 107 75 which
1653 2220 89 75 time,
1766 2220 151 75 likewife,
1942 2220 19 75 a
1982 2220 91 75 voice
2097 2220 64 75 was
2186 2220 111 75 heard,

1319 2266 160 75 declaring
1495 2266 70 75 that
1581 2266 106 75 Rome
1702 2266 162 75 fliouldbe
1880 2266 133 75 midrefs
2025 2266 41 75 of
2082 2266 55 75 the
2149 2266 103 75 world
2265 2266 33 75 as

1318 2313 75 75 long
1410 2313 32 75 as
1459 2313 51 75 (he
1527 2313 112 75 fliould
1654 2313 144 75 preferve
1814 2313 64 75 this
1894 2313 78 75 holy
1991 2313 144 75 buckler;
2184 2313 33 75 It
2232 2313 65 75 was

1318 2359 75 75 kept
1406 2359 77 75 with
1499 2359 89 75 great
1605 2359 71 75 care
1692 2359 32 75 in
1741 2359 57 75 the
1812 2359 116 75 temple
1944 2359 41 75 of
1995 2359 118 75 Mars,,
2126 2359 101 75 under
2243 2359 55 75 the

1318 2405 150 75 diredlion
1482 2405 38 75 of
1531 2405 116 75 twelve
1657 2405 130 75 prieds;
1811 2405 61 75 and
1888 2405 56 75 led
1959 2405 62 75 any
2036 2405 111 75 fliould
2163 2405 136 75 attempt

1319 2452 35 75 to
1370 2452 74 75 deal
1456 2452 37 75 it,
1518 2452 109 75 eleven
1644 2452 107 75 others
1768 2452 83 75 were
1866 2452 93 75 made
1975 2452 34 75 fo
2024 2452 78 75 like,
2132 2452 34 75 as
2189 2452 57 75 not
2263 2452 35 75 to

1318 2498 40 75 be
1382 2498 220 75 didinguiflied
1619 2498 82 75 from
1727 2498 55 75 the
1805 2498 107 75 facred
1929 2498 74 75 one.
2049 2498 108 75 Thefe
2173 2498 125 75 ancylia

1319 2545 82 75 were
1418 2545 122 75 carried
1555 2545 33 75 in
1599 2545 172 75 proceflion
1783 2545 98 75 every
1896 2545 76 75 year
1988 2545 104 75 round
2106 2545 56 75 the
2180 2545 65 75 city
2261 2545 41 75 of

1318 2590 118 75 Rome.

1270 2637 175 75 Ancyle,
1470 2637 31 75 in
1519 2637 142 75 furgery,
1685 2637 18 75 a
1718 2637 166 75 didortion
1901 2637 42 75 of
1959 2637 55 75 the
2034 2637 113 75 joints.

1270 2686 445 75 ANCYLOGLGSSUM,
1752 2686 115 75 among
1894 2686 186 75 phyficians,
2116 2686 132 75 denotes
2277 2686 20 75 a

1318 2730 194 75 contradlion
1525 2730 41 75 of
1584 2730 53 75 the
1652 2730 168 75 ligaments
1837 2730 40 75 of
1895 2730 55 75 the
1974 2730 131 75 tongue,
2127 2730 179 75 hindering,

1316 2776 123 75 fpeech,

1270 2825 349 75 ANCYLOMELE,
1654 2825 18 75 a
1703 2825 161 75 furgeon’s
1888 2825 139 75 crooked
2058 2825 113 75 probe.
2231 2825 79 75 See-.

1317 2869 139 75 Probe.

1271 2917 281 75 ANCYLOSIS,
1576 2917 32 75 in
1624 2917 143 75 furgery.
1817 2917 61 75 See
1893 2917 178 75 Ancyle.

1270 2966 323 75 ANCYROIDES,
1611 2966 116 75 among
1742 2966 192 75 anatomids.
1975 2966 61 75 See
2049 2966 229 75 Coracoides

2077 3062 215 75 ANCZAJC-
