2428 3377
114 160 102 75 Part
234 160 35 75 L

671 160 43 75 A
831 160 42 75 N
990 160 42 75 A
1147 160 39 75 T

113 221 209 75 fpongio/um'
329 221 133 75 inferius
488 221 87 75 rcfts.
672 221 110 75 Along
805 221 56 75 the
886 221 120 75 outfide
1026 221 41 75 of
1083 221 66 75 this

116 267 98 75 plate,
241 267 55 75 the
319 267 241 75 perpendicular
586 267 79 75 foffa
685 267 93 75 made
803 267 44 75 by
862 267 55 75 the
933 267 217 75 palate-nerve

111 315 33 75 •is
159 315 197 75 obfervable.

164 360 49 75 At
228 360 56 75 the
300 360 100 75 upper
415 360 72 75 part
506 360 42 75 of
566 360 64 75 this
650 360 83 75 nafal
751 360 97 75 plate,
874 360 55 75 the
945 360 203 75 palate-bone

112 406 127 75 divides
247 406 71 75 into
334 406 67 75 two
415 406 167 75 procefles,
601 406 104 75 which
722 406 84 75 were
822 406 127 75 already
967 406 115 75 named
1097 406 51 75 or-

116 452 307 75 bilar;—between
447 452 106 75 which
576 452 64 75 and
662 452 57 75 the
742 452 87 75 body
854 452 40 75 of
918 452 55 75 the
996 452 154 75 fphenoid

116 498 95 75 bone,
236 498 71 75 that
323 498 76 75 hole
414 498 27 75 is
458 498 139 75 formed,
621 498 106 75 which
753 498 63 75 was
842 498 187 75 mentioned
1042 498 33 75 as
1092 498 56 75 the

114 546 58 75 laft
188 546 41 75 of
239 546 55 75 the
305 546 91 75 holes
410 546 145 75 common
568 546 35 75 to
615 546 56 75 the
682 546 152 75 fphenoid
845 546 93 75 bone.
1032 546 116 75 Some-

114 590 95 75 times
226 590 64 75 this
307 590 74 75 hole
397 590 26 75 is
446 590 121 75 wholly
589 590 125 75 formed
738 590 32 75 in
796 590 55 75 the
875 590 36 75 os
937 590 108 75 palati,
1072 590 42 75 by
1130 590 20 75 a

112 635 89 75 crofs
218 635 86 75 plate
320 635 97 75 going
433 635 84 75 from
533 635 56 75 the
604 635 62 75 one
689 635 122 75 orbitar
835 635 124 75 procefs
984 635 35 75 to
1034 635 56 75 the
1112 635 36 75 o-

117 681 85 75 ther.
250 681 34 75 A
301 681 108 75 nerve,
434 681 120 75 artery,
580 681 62 75 and
660 681 70 75 vein
754 681 170 75 belonging
951 681 34 75 to
1010 681 54 75 the
1091 681 58 75 no-

117 727 94 75 ftrils,
236 727 69 75 pafs
320 727 216 75 here.—The
553 727 139 75 anterior
707 727 41 75 of
763 727 58 75 the
838 727 66 75 two
928 727 122 75 orbitar
1075 727 73 75 pro-

115 773 96 75 cefles
235 773 25 75 is
277 773 56 75 the
356 773 126 75 large!!,
508 773 62 75 and
585 773 57 75 has
659 773 41 75 its
726 773 157 75 fore-part
905 773 191 75 contiguous
1114 773 34 75 to

116 820 55 75 the
188 820 169 75 back-part
372 820 41 75 of
430 820 56 75 the
509 820 171 75 maxillary
695 820 95 75 finus,
816 820 62 75 and
901 820 42 75 its
965 820 99 75 upper
1080 820 67 75 fur-

115 866 71 75 face
198 866 130 75 appears
345 866 32 75 in
395 866 55 75 the
466 866 126 75 bottom
609 866 40 75 of
658 866 56 75 the
725 866 97 75 orbit,
847 866 119 75 behind
982 866 55 75 the
1049 866 97 75 back-

115 912 71 75 part
203 912 39 75 of
261 912 55 75 the
333 912 35 75 os
386 912 166 75 maxillare
576 912 62 75 and
660 912 224 75 planum,.—It
907 912 57 75 has
990 912 76 75 cells
1091 912 55 75 be-

115 958 91 75 hind,
231 958 189 75 refembling
435 958 89 75 thole
541 958 39 75 of
600 958 54 75 the
666 958 144 75 ethmoid
825 958 96 75 bone,
947 958 34 75 to
998 958 105 75 which
1120 958 27 75 it

115 1004 27 75 is
159 1004 208 75 contiguous;
393 1004 26 75 it
434 1004 27 75 is
477 1004 115 75 placed
615 1004 41 75 on
681 1004 55 75 the
761 1004 147 75 aperture
924 1004 41 75 of
984 1004 56 75 the
1065 1004 81 75 finus

116 1050 223 75 fphenoidalis,
357 1050 33 75 fo
407 1050 33 75 as
458 1050 35 75 to
509 1050 89 75 leave
613 1050 77 75 only
706 1050 19 75 a
736 1050 103 75 round
850 1050 75 75 hole
942 1050 32 75 at
990 1050 42 75 its
1050 1050 98 75 upper

111 1096 298 75 fore-part*—The
424 1096 94 75 other
533 1096 72 75 part
627 1096 40 75 of
686 1096 55 75 the
757 1096 121 75 orbitar
900 1096 124 75 procefs
1046 1096 27 75 is
1090 1096 58 75 ex-

111 1142 122 75 tended
249 1142 101 75 along'
360 1142 54 75 the
428 1142 139 75 internal
583 1142 62 75 fide
662 1142 39 75 of
720 1142 55 75 the
800 1142 98 75 upper
922 1142 171 75 back-part
1113 1142 41 75 of

111 1188 59 75 the
187 1188 169 75 maxillary
364 1188 186 75 tuberofity,
568 1188 35 75 to
618 1188 55 75 the
686 1188 72 75 bafe
770 1188 40 75 of
822 1188 53 75 the
887 1188 154 75 fphenoid
1052 1188 95 75 bone,

110 1234 147 75 between
273 1234 54 75 the
345 1234 72 75 root
433 1234 41 75 of
493 1234 54 75 the
563 1234 156 75 proceflus
744 1234 121 75 azygos
889 1234 62 75 and
967 1234 55 75 the
1039 1234 107 75 ptery-

115 1279 76 75 goid
203 1279 136 75 procefs.

161 1326 76 75 The
269 1326 219 75 palate-bones
518 1326 54 75 are
594 1326 110 75 joined
729 1326 35 75 to
795 1326 56 75 the
883 1326 184 75 maxillary,
1104 1326 44 75 by

115 1371 55 75 the
195 1371 167 75 fore-edge
387 1371 41 75 of
446 1371 55 75 the
525 1371 104 75 palate
654 1371 224 75 fquare-bone,
904 1371 43 75 by
968 1371 55 75 the
1047 1371 98 75 tranf-

115 1418 87 75 verfe
218 1418 226 75 palate-future
495 1418 73 75 ~By
583 1418 83 75 their
683 1418 70 75 thin
770 1418 83 75 nafal
870 1418 114 75 plates,
1002 1418 62 75 and
1076 1418 71 75 part

113 1463 42 75 of
173 1463 85 75 their
274 1463 121 75 orbitar
411 1463 167 75 procefies,
603 1463 34 75 to
654 1463 55 75 the
726 1463 82 75 fame
820 1463 111 75 bones,
957 1463 43 75 by
1019 1463 55 75 the
1091 1463 54 75 pa-

111 1510 271 75 lato-maxiliares
408 1510 122 75 futures
542 1510 112 75 :—By
677 1510 84 75 their
788 1510 168 75 pterygoid
979 1510 166 75 precedes,

115 1556 63 75 and
192 1556 171 75 back-part
379 1556 39 75 of
437 1556 55 75 the
509 1556 87 75 nafal
609 1556 114 75 plates,
747 1556 35 75 to
799 1556 54 75 the
870 1556 56 75 alae
950 1556 196 75 vefpertilio-

113 1602 88 75 num,
229 1602 44 75 by
290 1602 54 75 the
359 1602 154 75 fphenoid
528 1602 106 75 future
646 1602 111 75 :—By
773 1602 54 75 the
851 1602 173 75 tranfverfe
1041 1602 105 75 ridges

114 1648 40 75 of
172 1648 55 75 the
251 1648 85 75 nafal
360 1648 114 75 plates,
505 1648 36 75 to
565 1648 54 75 the
642 1648 64 75 ofia
728 1648 164 75 fpongiofa
914 1648 163 75 inferiora,
1104 1648 43 75 by

109 1693 151 75 .contad:;
287 1693 99 75 hence
409 1693 184 75 frequently
617 1693 91 75 there
730 1693 27 75 is
781 1693 38 75 an
836 1693 143 75 intimate
995 1693 98 75 union
1109 1693 41 75 of

114 1740 54 75 the
190 1740 161 75 fubftance
375 1740 40 75 of
433 1740 88 75 thefe
544 1740 98 75 bones
667 1740 32 75 in
724 1740 56 75 old
803 1740 96 75 llculls
914 1740 8 75 :
1020 1740 53 75 By
1090 1740 54 75 the

112 1785 123 75 erbitar
250 1785 167 75 procefles,
441 1785 36 75 to
501 1785 56 75 the
581 1785 63 75 ofla
669 1785 93 75 plana
785 1785 61 75 and
870 1785 121 75 cellulse
1008 1785 136 75 ethmoi-

113 1836 79 75 deae,
218 1836 44 75 by
286 1836 55 75 the
364 1836 142 75 ethmoid
535 1836 127 75 future:
760 1836 56 75 To
839 1836 56 75 the
919 1836 88 75 body
1029 1836 40 75 of
1088 1836 56 75 the

110 1852 4 104 ■
114 1878 151 75 fphenoid
281 1878 94 75 bone,
393 1878 43 75 by
453 1878 56 75 the
524 1878 153 75 fphenoid
687 1878 268 75 future:——By
972 1878 55 75 the
1043 1878 98 75 inter-

113 1923 51 75 nal
181 1923 80 75 edge
278 1923 39 75 of
335 1923 55 75 the
408 1923 241 75 fquare-bones,
674 1923 35 75 to
725 1923 77 75 each
820 1923 105 75 other,
952 1923 42 75 by
1005 1923 55 75 the
1072 1923 70 75 lon-

113 1970 154 75 gitudinal
284 1970 227 75 palate-future
523 1970 10 75 ;
560 1970 63 75 and
639 1970 43 75 by
697 1970 85 75 their
794 1970 85 75 nafal
895 1970 114 75 fpines,
1035 1970 35 75 to
1087 1970 56 75 the

110 2015 123 75 vomer,
259 2015 41 75 by
313 2015 55 75 the
384 2015 125 75 fpinous
522 2015 119 75 future.

158 2062 76 75 The
248 2062 221 75 palate-bones
484 2062 84 75 form
586 2062 70 75 part
672 2062 40 75 of
722 2062 56 75 the
795 2062 114 75 palate,
934 2062 137 75 nofirils,
1089 2062 52 75 or-

110 2106 78 75 bits,
213 2106 63 75 and
298 2106 91 75 foflae,
407 2106 227 75 pterygoidea:,
659 2106 61 75 and
737 2106 77 75 they
830 2106 95 75 cover
942 2106 69 75 part
1028 2106 40 75 of
1086 2106 55 75 the

111 2152 81 75 finus
209 2152 194 75 maxillares,
428 2152 231 75 fphenoidales,
686 2152 62 75 and
759 2152 186 75 ethmoidei.

161 2198 98 75 Ossa
275 2198 252 75 Turbinata,
553 2198 37 75 or
604 2198 167 75 fpongiofa
787 2198 177 75 inferiora,
989 2198 152 75 refemble

112 2244 55 75 the
192 2244 141 75 fuperior
356 2244 63 75 ofla
442 2244 166 75 fpongiofa
631 2244 31 75 in
690 2244 92 75 Ihape
807 2244 60 75 and
884 2244 174 75 fubflante,
1084 2244 57 75 but

112 2290 80 75 have
220 2290 83 75 their
327 2290 139 75 anterior
490 2290 62 75 and
577 2290 99 75 upper
700 2290 94 75 edges
818 2290 189 75 contiguous
1028 2290 35 75 to
1087 2290 54 75 the

112 2335 173 75 tranfverfe
300 2335 106 75 ridges
423 2335 40 75 of
480 2335 56 75 the
553 2335 82 75 nafai
659 2335 152 75 procefles
835 2335 40 75 of
893 2335 55 75 the
970 2335 171 75 maxillary

112 2381 62 75 and
200 2381 233 75 palate-bones.
528 2381 99 75 From
654 2381 84 75 their
764 2381 102 75 upper
891 2381 131 75 ftreight
1047 2381 92 75 edge,

111 2427 66 75 two
193 2427 89 75 fmall
295 2427 152 75 procefles
464 2427 87 75 ftand
568 2427 75 75 out:
671 2427 55 75 the
742 2427 164 75 pefterior,
925 2427 103 75 which
1040 2427 26 75 is
1084 2427 55 75 the

111 2474 156 75 broadeft,
293 2474 150 75 defeends
456 2474 35 75 to
507 2474 94 75 cover
617 2474 84 75 feme
714 2474 41 75 of
773 2474 55 75 the
840 2474 125 75 antrum
978 2474 160 75 Highmo-

110 2519 145 75 rianum;
280 2519 57 75 the
354 2519 138 75 anterior
508 2519 74 75 rifes
600 2519 41 75 up
661 2519 34 75 to
714 2519 68 75 join
800 2519 55 75 the
871 2519 35 75 os
926 2519 124 75 unguis,
1076 2519 62 75 and

109 2566 35 75 to
162 2566 90 75 make
269 2566 71 75 part
357 2566 39 75 of
414 2566 54 75 the
484 2566 152 75 lacrymal
653 2566 86 75 dud.

157 2610 112 75 Below
285 2610 55 75 the
355 2610 121 75 fpongy
491 2610 96 75 bones
610 2610 130 75 already
757 2610 194 75 mentioned,
976 2610 90 75 there
1084 2610 53 75 are

109 2657 179 75 fbmetimes
309 2657 65 75 two
396 2657 122 75 others,
542 2657 59 75 one
624 2657 31 75 in
680 2657 77 75 each
780 2657 120 75 noftril,
926 2657 103 75 which
1053 2657 83 75 feem

109 2703 35 75 to
169 2703 38 75 be
233 2703 18 75 a
274 2703 187 75 produdion
488 2703 39 75 of
547 2703 55 75 the
625 2703 77 75 fldes
727 2703 39 75 of
785 2703 55 75 the
864 2703 171 75 maxillary
1055 2703 81 75 finus

110 2748 116 75 turned
252 2748 214 75 downwards.
514 2748 110 75 When
651 2748 63 75 this
743 2748 88 75 third
858 2748 64 75 fort
949 2748 41 75 of
1016 2748 119 75 fpongy

110 2793 97 75 bones
225 2793 26 75 is
268 2793 112 75 found,
405 2793 54 75 the
476 2793 118 75 middle
611 2793 59 75 one
688 2793 40 75 of
746 2793 53 75 the
815 2793 89 75 three
926 2793 32 75 in
982 2793 77 75 each
1077 2793 57 75 no-

110 2838 64 75 firil
187 2838 25 75 is
230 2838 55 75 the
301 2838 125 75 large!!,
452 2838 61 75 and
529 2838 55 75 the
601 2838 107 75 lowefi
720 2838 26 75 is
763 2838 54 75 the
830 2838 143 75 fmalle!!.
1070 2838 63 75 Be-

110 2885 77 75 fidcs
206 2885 42 75 all
264 2885 99 75 thefe,
388 2885 92 75 there
497 2885 52 75 are
565 2885 90 75 often
671 2885 118 75 feveral
805 2885 94 75 other
923 2885 88 75 fmall
1036 2885 96 75 bones

108 2930 142 75 flaoding
273 2930 57 75 out
356 2930 69 75 into
452 2930 55 75 the
529 2930 137 75 noitrils,
699 2930 83 75 that,
812 2930 85 75 from
917 2930 86 75 their
1029 2930 103 75 fnape,

1303 152 38 75 O
1459 152 50 75 M
1625 152 54 75 T.

2148 152 72 75 163

1196 213 102 75 might
1313 213 65 75 alfo
1394 213 130 75 deferve
1535 213 55 75 the
1608 213 90 75 name
1710 213 40 75 of
1761 213 183 75 turbinata,
1968 213 58 75 but
2042 213 53 75 are
2113 213 111 75 uncer-

1195 259 65 75 tain
1277 259 31 75 in
1324 259 85 75 their
1423 259 91 75 bulk,
1539 259 158 75 fituation,
1724 259 63 75 and
1802 259 144 75 number.

1241 307 98 75 They
1354 307 53 75 are
1423 307 113 75 joined
1552 307 34 75 to
1602 307 55 75 the
1669 307 64 75 ofla
1744 307 191 75 maxillaria,
1953 307 109 75 palati,
2082 307 64 75 and
2163 307 59 75 un-

1193 352 82 75 guis,
1300 352 167 75 efpedally
1481 352 34 75 in
1526 352 56 75 old
1598 352 148 75 fubjeds.

1241 398 103 75 Their
1360 398 55 75 ufe
1429 398 39 75 is,
1495 398 34 75 to
1545 398 129 75 ftraiten
1691 398 56 75 the
1764 398 77 75 nofti
1850 398 50 75 ils,
1925 398 36 75 to
1979 398 104 75 afford
2102 398 17 75 a
2134 398 90 75 large

1195 445 121 75 furface
1341 445 52 75 for
1419 445 175 75 extending
1618 445 54 75 the
1697 445 100 75 organ
1820 445 40 75 of
1884 445 155 75 fmelling,
2069 445 36 75 to
2128 445 96 75 cover

1194 490 72 75 part
1284 490 40 75 of
1341 490 55 75 the
1413 490 91 75 antra
1519 490 190 75 maxillaria,
1734 490 63 75 and
1813 490 34 75 to
1863 490 76 75 aflift
1955 490 33 75 in
2012 490 139 75 forming
2167 490 57 75 the

1195 537 101 75 under
1319 537 69 75 part
1405 537 40 75 of
1463 537 56 75 the
1533 537 153 75 lacrymal
1707 537 103 75 duds,
1834 537 54 75 the
1910 537 125 75 orifices
2059 537 41 75 of
2117 537 107 75 which

1194 583 68 75 into
1280 583 54 75 the
1350 583 73 75 nofe
1440 583 53 75 are
1509 583 171 75 concealed
1695 583 43 75 by
1753 583 87 75 thefe
1857 583 111 75 bones.

1245 630 152 75 Vomer,
1430 630 37 75 or
1492 630 82 75 bone
1598 630 188 75 refembling
1813 630 20 75 a
1858 630 220 75 ploughftiare,
2113 630 27 75 is
2168 630 56 75 the

1194 675 176 75 thirteenth
1387 675 39 75 of
1445 675 55 75 the
1515 675 100 75 upper
1635 675 78 75 jaw,
1739 675 137 75 without
1901 675 19 75 a
1935 675 122 75 fellow,
2083 675 140 75 forming

1197 722 55 75 the
1269 722 99 75 lower
1391 722 62 75 and
1469 722 183 75 back-parts
1669 722 41 75 of
1728 722 56 75 the
1800 722 151 75 partition
1967 722 39 75 of
2025 722 55 75 the
2097 722 86 75 nofe.

1242 769 75 75 The
1341 769 100 75 figure
1465 769 41 75 of
1524 769 63 75 this
1612 769 82 75 bone
1716 769 25 75 is
1766 769 40 75 an
1822 769 156 75 irregular
1993 769 232 75 rhomboid.—■

1195 814 47 75 Its
1260 814 78 75 fides
1355 814 54 75 are
1432 814 56 75 flat
1512 814 62 75 and
1595 814 274 75 fmooth.—•—Its
1893 814 152 75 pofterior
2063 814 80 75 edge
2169 814 54 75 ap-

1193 861 91 75 pears
1301 861 32 75 in
1350 861 39 75 an
1406 861 130 75 oblique
1551 861 153 75 diredion
1721 861 33 75 at
1770 861 55 75 the
1842 861 170 75 back-part
2035 861 41 75 of
2094 861 55 75 the
2166 861 56 75 no-

1192 907 94 75 firils.
1382 907 76 75 The
1471 907 99 75 upper
1585 907 60 75 one
1660 907 27 75 is
1706 907 106 75 firmly
1835 907 112 75 united
1969 907 34 75 to
2028 907 55 75 the
2100 907 71 75 bafe
2188 907 41 75 of

1192 953 55 75 the
1272 953 154 75 fphenoid
1449 953 95 75 bone,
1569 953 63 75 and
1655 953 36 75 to
1714 953 56 75 the
1795 953 82 75 nafal
1903 953 85 75 plate
2012 953 41 75 of
2071 953 55 75 the
2151 953 71 75 eth-

1194 999 87 75 moid
1291 999 9 75 ;
1328 999 73 75 and,
1428 999 91 75 when
1535 999 26 75 it
1573 999 58 75 can
1649 999 39 75 be
1700 999 56 75 got
1772 999 174 75 feparated,
1971 999 26 75 is
2015 999 131 75 hollow,
2171 999 53 75 for

1194 1046 158 75 receiving
1369 1046 55 75 the
1447 1046 156 75 proceflus
1621 1046 120 75 azygos
1758 1046 40 75 of
1816 1046 55 75 the
1886 1046 166 75 fphenoid.
2147 1046 78 75 The

1192 1092 143 75 anterior
1351 1092 79 75 edge
1442 1092 58 75 has
1517 1092 18 75 a
1551 1092 76 75 long
1646 1092 120 75 furrow
1790 1092 32 75 in
1838 1092 39 75 it,
1902 1092 106 75 where
2030 1092 57 75 the
2103 1092 121 75 middle

1192 1139 153 75 cartilage
1361 1139 40 75 of
1419 1139 56 75 the
1492 1139 73 75 nofe
1582 1139 121 75 enters.^
1795 1139 77 75 The
1883 1139 99 75 lower
1997 1139 80 75 edge
2093 1139 26 75 is
2136 1139 88 75 firm-

1192 1185 36 75 ly
1243 1185 110 75 united
1369 1185 35 75 to
1420 1185 55 75 the
1493 1185 83 75 nafal
1591 1185 105 75 fpines
1706 1185 41 75 of
1765 1185 55 75 the
1837 1185 170 75 maxillary
2024 1185 62 75 and
2103 1185 120 75 palate-

1193 1231 116 75 bones.-
1398 1231 108 75 Thefe
1523 1231 95 75 edges
1644 1231 40 75 of
1704 1231 62 75 this
1791 1231 83 75 bone
1898 1231 53 75 are
1975 1231 95 75 much
2094 1231 130 75 thicker

1192 1277 78 75 than
1282 1277 42 75 its
1337 1277 131 75 middle,
1493 1277 105 75 which
1615 1277 26 75 is
1659 1277 33 75 as
1710 1277 71 75 thin
1797 1277 33 75 as
1847 1277 55 75 the
1914 1277 87 75 fine!!
2014 1277 106 75 paper.

1242 1323 46 75 Its
1305 1323 144 75 fituation
1465 1323 26 75 is
1508 1323 57 75 not
1581 1323 119 75 always
1717 1323 251 75 perpendicular,
1994 1323 57 75 but
2068 1323 88 75 often
2174 1323 49 75 in-

1194 1370 103 75 clined
1313 1370 62 75 and
1391 1370 126 75 bended
1533 1370 34 75 to
1584 1370 60 75 one
1660 1370 74 75 fide,
1760 1370 34 75 as
1812 1370 73 75 well
1908 1370 33 75 as
1958 1370 56 75 the
2031 1370 83 75 nafal
2137 1370 87 75 plate

1193 1416 39 75 of
1251 1416 55 75 the
1318 1416 255 75 ethmoid-bone.

1238 1462 75 75 The
1336 1462 110 75 vomer
1468 1462 27 75 is
1520 1462 125 75 convex
1668 1462 31 75 at
1723 1462 42 75 its
1790 1462 100 75 upper
1912 1462 86 75 part,
2023 1462 62 75 and
2101 1462 77 75 then
2194 1462 28 75 is

1193 1507 130 75 ftreight
1339 1507 33 75 as
1385 1507 25 75 it
1422 1507 25 75 is
1465 1507 161 75 extended
1642 1507 199 75 downwards
1854 1507 63 75 and
1928 1507 169 75 forwards,
2115 1507 108 75 where

1191 1554 25 75 it
1233 1554 27 75 is
1278 1554 169 75 compofed
1463 1554 41 75 of
1521 1554 65 75 two
1603 1554 123 75 plates;
1754 1554 54 75 the
1820 1554 96 75 edges
1935 1554 40 75 of
1993 1554 105 75 which
2111 1554 80 75 have
2204 1554 19 75 a

1192 1600 89 75 great
1297 1600 133 75 number
1445 1600 41 75 of
1504 1600 88 75 fmall
1609 1600 166 75 proceites,
1800 1600 144 75 difpofed
1967 1600 173 75 fomewhat
2155 1600 67 75 like

1191 1647 55 75 the
1262 1647 88 75 teeth
1367 1647 41 75 of
1425 1647 18 75 a
1460 1647 74 75 law,
1559 1647 57 75 but
1636 1647 89 75 more
1748 1647 202 75 irregularly,
1976 1647 61 75 and
2052 1647 118 75 feveral
2187 1647 41 75 of

1191 1693 87 75 them
1295 1693 54 75 are
1366 1693 145 75 refledted
1537 1693 94 75 back.
1680 1693 152 75 Between
1858 1693 86 75 thefe
1961 1693 114 75 plates,
2101 1693 19 75 a
2140 1693 80 75 deep

1192 1738 78 75 fofta
1292 1738 26 75 is
1336 1738 72 75 left,
1434 1738 119 75 which,
1579 1738 34 75 fo
1630 1738 50 75 far
1696 1738 33 75 as
1746 1738 56 75 the
1825 1738 56 75 top
1907 1738 40 75 of
1966 1738 55 75 the
2038 1738 181 75 curv.ature,

1190 1785 26 75 is
1232 1785 96 75 wide,
1353 1785 62 75 and
1430 1785 57 75 has
1507 1785 106 75 ftrong
1628 1785 93 75 fides,
1746 1785 52 75 for
1813 1785 159 75 receiving
1991 1785 55 75 the
2062 1785 159 75 proceflus

1194 1832 119 75 azygos
1341 1832 41 75 of
1401 1832 54 75 the
1479 1832 264 75 fphenoid-bone.
1803 1832 137 75 Beyond
1967 1832 54 75 the
2048 1832 75 75 arch
2153 1832 66 75 for-

1189 1878 117 75 wards,
1332 1878 55 75 the
1403 1878 78 75 fofia
1497 1878 25 75 is
1540 1878 160 75 narrower
1723 1878 63 75 and
1809 1878 163 75 (hallower
1996 1878 166 75 gradually
2184 1878 36 75 to

1189 1923 55 75 the
1262 1923 90 75 point
1368 1923 41 75 of
1427 1923 55 75 the
1499 1923 94 75 bone,
1619 1923 158 75 receiving
1800 1923 51 75 for
1866 1923 87 75 fome
1976 1923 70 75 way
2062 1923 56 75 the
2134 1923 86 75 nafal

1189 1969 127 75 lamella
1332 1969 193 75 ethmoidea,
1551 1969 105 75 which
1673 1969 27 75 is
1716 1969 34 75 fo
1766 1969 119 75 cloftly
1901 1969 108 75 united
2025 1969 36 75 to
2082 1969 56 75 the
2160 1969 57 75 vo-

1190 2015 80 75 mer,
1287 2015 43 75 by
1353 2015 55 75 the
1419 2015 84 75 little
1520 2015 153 75 proedfes
1690 2015 140 75 piercing
1845 2015 69 75 into
1930 2015 40 75 its
1987 2015 171 75 fubftance,
2184 2015 35 75 as

1189 2061 34 75 to
1240 2061 132 75 prevent
1388 2061 62 75 any
1465 2061 189 75 feparation.
1703 2061 75 75 The
1801 2061 118 75 middle
1936 2061 151 75 cartilage
2103 2061 41 75 of
2162 2061 55 75 the

1189 2108 72 75 nofe
1278 2108 62 75 fills
1359 2108 41 75 up
1416 2108 85 75 what
1527 2108 134 75 remains
1685 2108 41 75 of
1745 2108 54 75 the
1823 2108 78 75 fofla
1923 2108 33 75 at
1979 2108 41 75 its
2044 2108 172 75 fore-part.

1277 2153 76 75 The
1369 2153 154 75 pofterior
1538 2153 80 75 edge
1633 2153 41 75 of
1692 2153 56 75 the
1763 2153 121 75 vomer,
1909 2153 105 75 which
2031 2153 130 75 appears
2179 2153 33 75 a-

1188 2199 81 75 bove
1285 2199 55 75 the
1352 2199 167 75 back-part
1532 2199 39 75 of
1583 2199 54 75 the
1654 2199 231 75 palate-bones,
1902 2199 26 75 is
1942 2199 136 75 broader
2095 2199 120 75 above;

1188 2243 56 75 but
1261 2243 33 75 as
1311 2243 25 75 it
1353 2243 149 75 defeends
1519 2243 167 75 forwards,
1712 2243 146 75 becomes
1882 2243 139 75 thinner,
2047 2243 124 75 though
2188 2243 28 75 it

1187 2290 25 75 is
1231 2290 61 75 ftill
1307 2290 82 75 folid
1408 2290 62 75 and
1486 2290 82 75 firm.
1654 2290 78 75 The
1755 2290 99 75 lower
1877 2290 79 75 edge
1973 2290 40 75 of
2031 2290 63 75 this
2119 2290 95 75 bone,

1187 2336 105 75 which
1309 2336 74 75 refts
1400 2336 41 75 on
1465 2336 55 75 the
1540 2336 81 75 nafal
1640 2336 85 75 fpine
1750 2336 40 75 of
1808 2336 55 75 the
1885 2336 105 75 palate
2013 2336 63 75 and
2098 2336 116 75 maxil-

1186 2381 68 75 lary
1270 2381 111 75 bones,
1406 2381 57 75 has
1488 2381 17 75 a
1528 2381 84 75 little
1627 2381 122 75 furrow
1773 2381 40 75 on
1837 2381 76 75 each
1929 2381 77 75 fide,
2032 2381 40 75 of
2091 2381 18 75 a
2124 2381 90 75 fmall

1187 2429 118 75 middle
1322 2429 101 75 ridge,
1461 2429 174 75 anfwering
1659 2429 36 75 to
1717 2429 56 75 the
1798 2429 99 75 fpines
1923 2429 40 75 of
1981 2429 54 75 the
2059 2429 97 75 bones
2179 2429 42 75 of

1184 2475 148 75 different
1350 2475 90 75 fides,
1467 2475 62 75 and
1553 2475 55 75 the
1631 2475 157 75 interftice
1811 2475 142 75 between
1976 2475 102 75 them.
2125 2475 88 75 This

1184 2522 79 75 edge
1287 2522 59 75 and
1364 2522 54 75 the
1435 2522 98 75 upper
1548 2522 60 75 one
1625 2522 82 75 meet
1729 2522 32 75 in
1787 2522 54 75 the
1864 2522 133 75 pointed
2011 2522 150 75 fore-end
2177 2522 41 75 of

1183 2568 63 75 this
1263 2568 95 75 bone.

1229 2613 75 75 The
1321 2613 87 75 body
1420 2613 40 75 of
1478 2613 54 75 the
1543 2613 110 75 vomer
1667 2613 57 75 has
1743 2613 17 75 a
1776 2613 124 75 fmooth
1922 2613 135 75 furface,
2083 2613 63 75 and
2160 2613 49 75 fi>

1182 2660 59 75 lid,
1266 2660 57 75 but
1340 2660 69 75 thin
1425 2660 159 75 fubftance
1595 2660 10 75 ;
1632 2660 60 75 and
1710 2660 138 75 towards
1869 2660 43 75 its
1934 2660 92 75 fides,
2051 2660 105 75 where
2184 2660 26 75 it

1182 2706 25 75 is
1232 2706 145 75 thickeft,
1408 2706 85 75 fome
1521 2706 130 75 canctlli
1679 2706 73 75 may
1779 2706 40 75 be
1847 2706 164 75 obferved,
2038 2706 92 75 when
2153 2706 57 75 the

1182 2752 82 75 bone
1280 2752 26 75 is
1323 2752 133 75 broken.

1229 2798 31 75 It
1276 2798 27 75 is
1317 2798 110 75 joined
1444 2798 98 75 above
1565 2798 35 75 to
1617 2798 54 75 the
1688 2798 151 75 fphenoid
1856 2798 63 75 and
1935 2798 143 75 ethmoid
2094 2798 111 75 bones,

1182 2844 61 75 and
1260 2844 33 75 to
1310 2844 54 75 the
1381 2844 119 75 middle
1516 2844 150 75 cartilage
1682 2844 40 75 of
1741 2844 55 75 the
1811 2844 85 75 nofe,
1922 2844 44 75 by
1981 2844 222 75 fchindylefis;

1180 2891 163 75 —below,
1367 2891 34 75 to
1417 2891 55 75 the
1488 2891 170 75 maxillary
1675 2891 60 75 and
1750 2891 232 75 palate-bones,
2007 2891 42 75 by
2074 2891 53 75 the
2144 2891 61 75 fpi-

1182 2938 77 75 ncus
1276 2938 117 75 future.

2130 2993 75 75 The
