2397 3387
552 115 222 75 BAS

1114 115 19 75 (
1190 115 82 75 528
1332 115 19 75 )

1689 115 231 75 BAT

223 181 131 75 t-ceded,
378 181 163 75 inafmuch
566 181 33 75 as
623 181 57 75 the
701 181 113 75 ledtica
836 181 66 75 was
926 181 101 75 borne
1051 181 43 75 on
1121 181 88 75 mens

226 228 175 75 ihoulders,
425 228 143 75 whereas
585 228 64 75 this
665 228 65 75 was
747 228 110 75 drawn
873 228 45 75 by
934 228 115 75 beafts.

181 276 190 75 BAS1IA,
396 276 57 75 the
469 276 91 75 chief
571 276 66 75 city
654 276 39 75 of
704 276 55 75 the
775 276 99 75 ifland
896 276 39 75 of
947 276 142 75 CorGca.
1137 276 33 75 It
1186 276 26 75 is

228 322 17 75 a
258 322 85 75 good
352 322 84 75 port,
455 322 135 75 fituated
602 322 41 75 on
657 322 54 75 the
720 322 176 75 north-eaff
907 322 73 75 part
991 322 39 75 of
1038 322 55 75 the
1103 322 109 75 ifland,

226 369 31 75 in
276 369 39 75 9°
331 369 55 75 40'
403 369 30 75 E
464 369 88 75 long,
573 369 63 75 and
653 369 42 75 42
695 351 25 49 0
741 369 45 75 20
813 369 49 75 N.
877 369 61 75 lat.

180 414 90 75 BAS
281 414 123 75 JTLE,
429 414 19 75 a
459 414 93 75 caftle
568 414 52 75 for
636 414 77 75 ftate
730 414 156 75 prifoners
903 414 32 75 in
946 414 106 75 Paris,
1077 414 134 75 anfwer-

227 461 54 75 ing
297 461 34 75 to
349 461 56 75 the
415 461 125 75 Tower
551 461 40 75 of
601 461 154 75 London.

181 509 366 75 BASTIMENTOS,
564 509 89 75 fmall
669 509 113 75 iflands
800 509 41 75 on
858 509 56 75 the
926 509 84 75 coaft
1023 509 40 75 of
1075 509 136 75 Darien,

229 555 31 75 in
279 555 104 75 South
406 555 164 75 America,
603 555 92 75 lying
715 555 18 75 a
756 555 86 75 little
866 555 35 75 to
929 555 56 75 the
1009 555 154 75 eaftward
1178 555 41 75 of

230 602 100 75 Porto
347 602 108 75 Bello.

182 649 28 75 B
219 649 191 75 ASTION,
434 649 34 75 in
485 649 54 75 the
556 649 133 75 modern
707 649 220 75 fortification,
953 649 19 75 a
988 649 84 75 huge
1089 649 80 75 mafs
1179 649 40 75 of

228 695 104 75 earth,
358 695 93 75 faced
467 695 123 75 ufually
605 695 79 75 with
702 695 85 75 fods,
813 695 179 75 fometimes
1010 695 77 75 with
1105 695 104 75 brick,

228 743 64 75 and
319 743 105 75 rarely
442 743 80 75 with
539 743 99 75 ftone,
663 743 144 75 Handing
832 743 56 75 out
911 743 84 75 from
1017 743 19 75 a
1059 743 155 75 rampart,

228 790 149 75 whereof
393 790 26 75 it
430 790 27 75 is
475 790 18 75 a
508 790 155 75 principal
680 790 82 75 pa/t,
788 790 62 75 and
866 790 27 75 is
910 790 99 75 what,
1037 790 32 75 in
1086 790 57 75 the
1160 790 54 75 an-

229 836 87 75 cient
332 836 221 75 fortification,
572 836 65 75 was
654 836 104 75 called
774 836 19 75 a
808 836 159 75 bulwark.
995 836 61 75 See
1068 836 147 75 Forti-

230 883 204 75 fication.

181 929 94 75 Solid
288 929 201 75 Bastions
508 929 53 75 are
573 929 90 75 thofe
679 929 71 75 that
763 929 80 75 have
860 929 55 75 the
927 929 77 75 void
1019 929 90 75 fpace
1119 929 95 75 with-

228 976 31 75 in
278 976 88 75 them
378 976 87 75 filled
477 976 42 75 up
531 976 149 75 entirely,
697 976 64 75 and
773 976 102 75 raifed
885 976 41 75 of
937 976 40 75 an
994 976 95 75 equal
1101 976 114 75 height

229 1023 78 75 with
324 1023 56 75 the
397 1023 153 75 rampart.

180 1070 85 75 Void
277 1070 68 75 and
360 1070 114 75 hollow
491 1070 201 75 Bastions
712 1070 52 75 are
781 1070 91 75 thofe
890 1070 72 75 that
983 1070 54 75 are
1053 1070 77 75 only
1146 1070 67 75 fur-

230 1117 144 75 rounded
391 1117 77 75 with
486 1117 18 75 a
516 1117 140 75 rampart
673 1117 62 75 and
751 1117 142 75 parapet,
918 1117 118 75 having
1053 1117 56 75 the
1125 1117 90 75 fpace

227 1163 114 75 within
358 1163 75 75 void
458 1163 63 75 and
536 1163 122 75 empty,
683 1163 108 75 where
813 1163 60 75 the
885 1163 127 75 ground
1028 1163 25 75 is
1077 1163 35 75 fo
1136 1163 77 75 low,

227 1210 71 75 that
315 1210 30 75 if
357 1210 54 75 the
434 1210 140 75 rampart
590 1210 40 75 be
647 1210 108 75 taken,
780 1210 42 75 no
842 1210 238 75 retrenchment
1097 1210 58 75 can
1172 1210 40 75 be

228 1257 91 75 made
337 1257 30 75 in
385 1257 56 75 the
457 1257 121 75 centre,
604 1257 59 75 but
674 1257 87 75 what
774 1257 65 75 will
855 1257 43 75 lie
915 1257 100 75 under
1032 1257 55 75 the
1104 1257 57 75 fire
1178 1257 41 75 of

227 1304 57 75 the
295 1304 155 75 befieged.

181 1351 76 75 Flat
274 1351 191 75 Bastion,
491 1351 26 75 is
536 1351 19 75 a
575 1351 120 75 baftion
713 1351 83 75 built
823 1351 31 75 in
871 1351 56 75 the
955 1351 121 75 middle
1099 1351 40 75 of
1159 1351 56 75 the

229 1397 134 75 curtain,
390 1397 91 75 when
510 1397 25 75 it
552 1397 27 75 is
604 1397 58 75 too
678 1397 77 75 long
782 1397 36 75 to
841 1397 41 75 be
905 1397 160 75 defended
1093 1397 44 75 by
1158 1397 57 75 the

230 1443 120 75 baflion
367 1443 31 75 at
416 1443 40 75 its
476 1443 174 75 extremes.

182 1491 69 75 Cut'
261 1491 176 75 Bastion
457 1491 27 75 is
504 1491 71 75 that
591 1491 106 75 whofe
713 1491 89 75 point
819 1491 26 75 is
863 1491 54 75 cut
933 1491 59 75 off,
1011 1491 62 75 and
1094 1491 121 75 inftead

230 1537 131 75 thereof
372 1537 56 75 has
446 1537 19 75 a
488 1537 197 75 re-entering
709 1537 105 75 angle,
840 1537 37 75 or
894 1537 39 75 an
961 1537 93 75 angle
1075 1537 139 75 inwards

228 1583 78 75 with
336 1583 66 75 two
430 1583 105 75 points
555 1583 176 75 outwards,
757 1583 64 75 and
847 1583 27 75 is
890 1583 78 75 ufed
993 1583 104 75 either
1121 1583 94 75 when

228 1632 138 75 without
392 1632 78 75 fuch
488 1632 19 75 a
534 1632 202 75 contrivance
764 1632 55 75 the
845 1632 93 75 angle
965 1632 109 75 would
1100 1632 41 75 be
1158 1632 57 75 too

229 1678 105 75 acute,
359 1678 38 75 or
412 1678 92 75 when
522 1678 98 75 water
637 1678 37 75 or
701 1678 86 75 fome
803 1678 94 75 other
921 1678 206 75 impediment
1144 1678 70 75 hin-

229 1725 72 75 ders
320 1725 54 75 the
391 1725 147 75 carrying
556 1725 41 75 on
614 1725 55 75 the
686 1725 119 75 baflion
826 1725 34 75 to
877 1725 42 75 its
940 1725 61 75 full
1018 1725 124 75 extent.

182 1772 167 75 Compofed
362 1772 178 75 Bastion
558 1772 27 75 is
604 1772 93 75 when
713 1772 66 75 two
795 1772 78 75 fides
886 1772 40 75 of
937 1772 55 75 the
1008 1772 134 75 interior
1158 1772 56 75 po-

229 1818 99 75 lygon
344 1818 53 75 are
414 1818 77 75 very
508 1818 150 75 unequal,
684 1818 106 75 which
813 1818 108 75 makes
939 1818 55 75 the
1018 1818 115 75 gorges
1151 1818 65 75 alfo

229 1863 151 75 unequal.

184 1911 183 75 Deformed
379 1911 174 75 Bastion
574 1911 26 75 is
613 1911 94 75 when
722 1911 56 75 the
794 1911 203 75 irregularity
1014 1911 40 75 of
1065 1911 55 75 the
1136 1911 80 75 lines

231 1958 63 75 and
310 1958 107 75 angles
435 1958 106 75 makes
559 1958 54 75 the
629 1958 120 75 baftion
765 1958 59 75 out
840 1958 39 75 of
901 1958 104 75 ihape,
1032 1958 33 75 as
1082 1958 92 75 when
1190 1958 26 75 it

230 2003 101 75 wants
349 2003 60 75 one
432 2003 40 75 of
495 2003 40 75 its
553 2003 213 75 demigorges,
791 2003 60 75 one
868 2003 63 75 fide
949 2003 40 75 of
1011 2003 56 75 the
1083 2003 133 75 interior

230 2050 140 75 polygon
387 2050 94 75 being
498 2050 56 75 too
570 2050 99 75 ftiort.

185 2099 102 75 Demi
303 2099 177 75 Bastion
498 2099 26 75 is
543 2099 168 75 compofed
728 2099 39 75 of
790 2099 62 75 one
871 2099 71 75 face
965 2099 89 75 only,
1080 2099 63 75 and
1159 2099 58 75 but

233 2144 59 75 one
309 2144 97 75 flank,
434 2144 61 75 and
513 2144 18 75 a
545 2144 198 75 demigorge.

186 2191 127 75 Double
329 2191 176 75 Bastion
525 2191 26 75 is
569 2191 71 75 that
657 2191 105 75 which
778 2191 27 75 is
823 2191 102 75 raifed
940 2191 42 75 on
1002 2191 56 75 the
1075 2191 92 75 plane
1184 2191 40 75 of

236 2236 132 75 another
383 2236 133 75 baflion.

188 2284 146 75 Regular
349 2284 178 75 Bastion
546 2284 26 75 is
595 2284 72 75 that
683 2284 106 75 which
805 2284 57 75 has
886 2284 42 75 its
945 2284 71 75 true
1032 2284 188 75 proportion

234 2331 39 75 of
285 2331 98 75 faces,
408 2331 113 75 flanks,
547 2331 61 75 and
625 2331 128 75 gorges.

188 2376 177 75 Bastion
387 2376 46 75 de
454 2376 169 75 France,
642 2376 162 75 afortrefs
821 2376 31 75 in
865 2376 55 75 the
937 2376 281 75 kingdomofTu-

234 2424 61 75 nis,
312 2424 120 75 fubjeifl
443 2424 35 75 to
490 2424 134 75 France.
651 2424 31 75 It
694 2424 26 75 is
734 2424 133 75 fituated
879 2424 96 75 about
988 2424 45 75 80
1046 2424 89 75 miles
1144 2424 75 75 weft

235 2471 40 75 of
294 2471 55 75 the
365 2471 66 75 city
451 2471 40 75 of
501 2471 118 75 Tunis,
644 2471 33 75 in
694 2471 39 75 8°
751 2471 43 75 E.
812 2471 89 75 long,
928 2471 63 75 and
1013 2471 60 75 36°
1097 2471 44 75 30
1169 2471 48 75 N.

236 2517 57 75 lat.

189 2562 323 75 BASSTOIGNE,
546 2562 18 75 a
587 2562 87 75 town
698 2562 42 75 of
758 2562 55 75 the
840 2562 232 75 Netherlands,
1105 2562 32 75 in
1164 2562 56 75 the

236 2611 149 75 province
402 2611 40 75 of
465 2611 224 75 Luxemburg,
714 2611 137 75 fituated
871 2611 32 75 in
923 2611 17 75 5
940 2593 20 49 0
988 2611 44 75 26)
1067 2611 43 75 E.
1129 2611 89 75 long,

239 2658 63 75 and
322 2658 42 75 yo
364 2640 16 49 0
398 2658 47 75 N.
464 2658 58 75 lat.

191 2705 29 75 B
225 2705 174 75 ASTON,
425 2705 32 75 in
474 2705 74 75 law,
574 2705 60 75 one
643 2705 40 75 of
694 2705 55 75 the
765 2705 140 75 fervants
922 2705 34 75 to
974 2705 54 75 the
1046 2705 128 75 warden
1187 2705 40 75 of

239 2751 54 75 the
306 2751 92 75 Fleet
414 2751 116 75 prifon,
556 2751 74 75 who
647 2751 126 75 attends
789 2751 55 75 the
861 2751 104 75 king’s
982 2751 108 75 courts
1107 2751 79 75 with
1204 2751 19 75 a

238 2798 57 75 red
312 2798 82 75 ftaff,
412 2798 50 75 for
474 2798 110 75 taking
599 2798 69 75 into
679 2798 130 75 cuftody
821 2798 75 75 fuch
914 2798 31 75 as
964 2798 54 75 are
1035 2798 188 75 commuted

238 2845 45 75 by
297 2845 57 75 the
381 2845 105 75 court.
536 2845 53 75 He
613 2845 65 75 alfo
705 2845 125 75 attends
847 2845 41 75 on
904 2845 75 75 fuch
1008 2845 156 75 prifoners
1188 2845 33 75 as

241 2890 52 75 are
310 2890 171 75 permitted
497 2890 35 75 to
549 2890 43 75 go
608 2890 32 75 at
655 2890 88 75 large
758 2890 43 75 by
813 2890 131 75 licence.

194 2936 170 75 Baston,
390 2936 37 75 of
449 2936 183 75 Batoon,
657 2936 32 75 in
718 2936 220 75 architecture,
967 2936 19 75 a
1001 2936 165 75 moulding
1188 2936 33 75 in

241 2984 54 75 the
311 2984 72 75 bafe
399 2984 39 75 of
450 2984 19 75 a
484 2984 141 75 column,
649 2984 104 75 called
768 2984 64 75 alfo
848 2984 18 75 a
877 2984 82 75 tore.

1260 182 175 75 Baston,
1453 182 227 75 osBatpon,
1705 182 31 75 in
1755 182 164 75 heraldry,
1945 182 18 75 a
1979 182 80 75 kind
2075 182 39 75 of
2125 182 96 75 bend,
2239 182 56 75 ha-

1309 228 76 75 ving
1401 228 77 75 only
1490 228 60 75 one
1567 228 87 75 third
1671 228 39 75 of
1721 228 55 75 the
1793 228 88 75 ufual
1898 228 148 75 breadth.

1357 276 77 75 The
1461 276 109 75 bafton
1595 276 78 75 does
1695 276 57 75 not
1777 276 42 75 go
1836 276 84 75 from
1943 276 63 75 fide
2035 276 36 75 to
2086 276 77 75 fide,
2189 276 34 75 as
2240 276 57 75 the

1310 322 87 75 bend
1410 322 38 75 or
1464 322 88 75 fcarf
1562 322 92 75 does,
1678 322 96 75 being
1789 322 31 75 in
1838 322 56 75 the
1911 322 84 75 form
2012 322 43 75 of
2072 322 18 75 a
2105 322 191 75 truncheon.

1310 369 48 75 Its
1375 369 52 75 ufe
1444 369 26 75 is
1484 369 18 75 a
1519 369 74 75 note
1610 369 37 75 or
1670 369 89 75 mark
1776 369 40 75 of
1836 369 160 75 baftardy.
2047 369 62 75 See
2121 369 92 75 Plate
2231 369 64 75 LI.

1310 416 54 75 fig.
1384 416 34 75 9.

1262 463 316 75 BASTONADE,
1603 463 37 75 or
1651 463 248 75 Bastinado,
1918 463 18 75 a
1952 463 78 75 kind
2047 463 41 75 of
2098 463 199 75 puniftiment

1308 509 139 75 inflicted
1460 509 56 75 -by
1541 509 128 75 beating
1685 509 55 75 the
1768 509 144 75 offender
1940 509 79 75 with
2037 509 18 75 a
2072 509 90 75 flick.
2210 509 86 75 This

1309 555 65 75 fort
1398 555 40 75 of
1457 555 140 75 beating,
1623 555 117 75 among
1763 555 56 75 the
1847 555 126 75 ancient
1993 555 129 75 Greeks
2146 555 63 75 and
2226 555 71 75 Ro-

1309 602 103 75 mans,
1438 602 65 75 was
1528 602 55 75 the
1599 602 199 75 puniftiment
1821 602 182 75 commonly
2019 602 141 75 inflicted
2175 602 41 75 on
2234 602 62 75 cri-

1310 648 113 75 minals
1441 648 71 75 that
1528 648 84 75 were
1623 648 154 75 freemen,
1803 648 34 75 as
1854 648 72 75 that
1943 648 39 75 of
1995 648 161 75 whipping
2173 648 64 75 was
2254 648 43 75 on

1310 695 55 75 the
1382 695 109 75 flaves.
1541 695 66 75 We
1624 695 66 75 find
1705 695 86 75 fome
1807 695 153 75 inftances
1973 695 40 75 of
2025 695 63 75 this
2105 695 65 75 fort
2183 695 40 75 of
2233 695 63 75 dif-

1311 743 114 75 cipline
1442 743 116 75 among
1574 743 55 75 the
1645 743 179 75 Hebrews;
1851 743 62 75 and
1925 743 27 75 it
1963 743 27 75 is
2003 743 18 75 a
2032 743 129 75 penalty
2174 743 76 75 ufed
2264 743 32 75 in

1311 789 56 75 the
1385 789 62 75 eaft
1463 789 79 75 even
1559 789 33 75 at
1609 789 64 75 this
1689 789 77 75 day.

1262 836 113 75 BAT,
1400 836 32 75 in
1450 836 153 75 zoology.
1654 836 62 75 See
1732 836 288 75 Vespertilio.

1263 881 98 75 Bat,
1378 881 123 75 Bate,
1519 881 177 75 oeBatz,
1714 881 18 75 a
1748 881 89 75 fmall
1854 881 117 75 copper
1988 881 85 75 coin,
2091 881 112 75 mixed
2216 881 81 75 with

1311 928 17 75 a
1344 928 85 75 little
1456 928 104 75 filver,
1585 928 129 75 current
1731 928 32 75 in
1788 928 119 75 feveral
1936 928 91 75 cities
2050 928 39 75 of
2102 928 191 75 Germany:

1309 975 26 75 it
1351 975 27 75 is
1392 975 103 75 worth
1513 975 73 75 four
1603 975 158 75 crutzers.
1801 975 33 75 It
1850 975 27 75 is
1895 975 64 75 alfo
1976 975 18 75 a
2006 975 71 75 coin
2095 975 32 75 in
2141 975 154 75 Switzer-

1309 1022 89 75 land,
1416 1022 129 75 current
1558 1022 31 75 at
1601 1022 60 75 five
1673 1022 108 75 livres,
1799 1022 38 75 or
1846 1022 59 75 one
1918 1022 146 75 hundred
2077 1022 75 75 fols,
2170 1022 126 75 French

1310 1069 127 75 money.

1263 1116 230 75 EATABLE
1504 1116 143 75 ground,
1668 1116 71 75 that
1755 1116 77 75 land
1848 1116 104 75 which
1969 1116 53 75 lay
2037 1116 144 75 between
2200 1116 96 75 Scot-

1310 1161 76 75 land
1407 1161 62 75 and
1486 1161 162 75 England,
1681 1161 94 75 when
1794 1161 56 75 the
1866 1161 168 75 kingdoms
2059 1161 92 75 were'
2151 1161 144 75 diltinCt,

1310 1208 34 75 to
1357 1208 108 75 which
1477 1208 79 75 b6th
1573 1208 125 75 nations
1715 1208 176 75 pretended
1908 1208 18 75 a
1944 1208 99 75 righi^

1262 1256 283 75 BATACALO,
1569 1256 19 75 a
1604 1256 67 75 fort
1693 1256 63 75 and
1774 1256 88 75 town
1878 1256 40 75 on
1945 1256 56 75 the
2024 1256 120 75 eaftern
2160 1256 85 75 coaft
2260 1256 42 75 of

1315 1300 54 75 the
1387 1300 99 75 ifland
1502 1300 40 75 of
1552 1300 142 75 Ceylon,
1710 1300 32 75 in
1760 1300 67 75 8i°
1840 1300 44 75 E.
1903 1300 89 75 long,
2010 1300 60 75 and
2090 1300 43 75 8°
2147 1300 47 75 N.
2212 1300 58 75 lat.

1262 1348 234 75 BATAVIA,
1520 1348 57 75 the
1601 1348 116 75 capital
1738 1348 41 75 of
1800 1348 43 75 all
1860 1348 55 75 the
1933 1348 114 75 Dutch
2075 1348 139 75 colonies
2232 1348 63 75 and

1313 1395 196 75 fettlements
1526 1395 32 75 in
1575 1395 57 75 the
1654 1395 77 75 Eaft
1747 1395 122 75 Indies.
1918 1395 33 75 It
1973 1395 27 75 is
2022 1395 133 75 fituated
2171 1395 41 75 on
2239 1395 57 75 the

1295 1441 77 75 .eaft
1390 1441 70 75 part
1480 1441 41 75 of
1543 1441 55 75 the
1614 1441 99 75 ifland
1735 1441 40 75 of
1787 1441 94 75 Java,
1906 1441 62 75 and
1994 1441 58 75 has
2076 1441 41 75 an
2133 1441 162 75 excellent

1310 1488 152 75 harbour,
1488 1488 32 75 in
1535 1488 84 75 106°
1638 1488 43 75 E.
1697 1488 90 75 long,
1805 1488 63 75 and
1886 1488 38 75 6°
1943 1488 37 75 S.
1997 1488 60 75 lat.

1262 1535 315 75 BATCHELOR,
1602 1535 39 75 or
1666 1535 225 75 Bachelor,
1917 1535 19 75 a
1951 1535 71 75 man
2040 1535 74 75 who
2134 1535 62 75 ftill
2219 1535 75 75 con-

1309 1582 103 75 tinues
1428 1582 34 75 in
1477 1582 56 75 the
1549 1582 77 75 ftate
1643 1582 40 75 of
1694 1582 155 75 celibacy,
1875 1582 38 75 or
1925 1582 72 75 who
2015 1582 64 75 was
2097 1582 96 75 never
2209 1582 84 75 mar-

1310 1628 79 75 ried.

1263 1676 136 75 Batch
1407 1676 43 75 el
1459 1676 50 75 or
1519 1676 65 75 was
1601 1676 160 75 anciently
1774 1676 18 75 a
1803 1676 238 75 denomination
2050 1676 93 75 given
2155 1676 35 75 to
2202 1676 92 75 thofe
2325 1650 6 104 ■

1311 1721 73 75 who
1400 1721 65 75 had
1481 1721 142 75 attained
1638 1721 35 75 to
1689 1721 216 75 knighthood,
1930 1721 59 75 but
2015 1721 64 75 had
2096 1721 55 75 not
2169 1721 18 75 a
2202 1721 91 75 num-

1310 1768 57 75 ber
1380 1768 40 75 of
1431 1768 111 75 vaffals
1559 1768 155 75 fufficient
1723 1768 35 75 to
1769 1768 82 75 have
1868 1768 84 75 their
1969 1768 117 75 banner
2099 1768 123 75 carried
2239 1768 55 75 be-

1311 1816 70 75 fore
1398 1816 89 75 them
1502 1816 32 75 in
1553 1816 56 75 the
1624 1816 77 75 field
1716 1816 41 75 of
1778 1816 123 75 battle;
1928 1816 51 75 or,
2001 1816 31 75 if
2043 1816 79 75 they
2138 1816 84 75 were
2238 1816 58 75 not

1311 1862 40 75 of
1369 1862 55 75 the
1441 1862 97 75 order
1556 1862 41 75 of
1608 1862 181 75 bannerets,
1813 1862 85 75 were
1914 1862 58 75 not
1988 1862 40 75 of
2046 1862 58 75 age
2120 1862 36 75 to
2172 1862 123 75 difplay

1311 1907 84 75 tneir
1412 1907 73 75 own
1509 1907 129 75 banner,
1664 1907 58 75 but
1737 1907 131 75 obliged
1885 1907 36 75 to
1937 1907 109 75 march
2064 1907 35 75 to
2115 1907 102 75 battle
2235 1907 58 75 un-

1310 1953 57 75 der
1394 1953 163 75 another’s
1585 1953 130 75 banner.
1765 1953 32 75 It
1824 1953 65 75 was
1916 1953 65 75 alfo
2003 1953 18 75 a
2038 1953 71 75 title
2136 1953 93 75 given
2257 1953 37 75 to

1310 1999 108 75 young
1431 1999 164 75 cavaliers,
1608 1999 75 75 who
1698 1999 117 75 having
1831 1999 92 75 made
1940 1999 83 75 their
2039 1999 63 75 firft
2114 1999 177 75 campaign,

1311 2047 145 75 received
1471 2047 55 75 the
1543 2047 140 75 military
1695 2047 103 75 girdle
1814 2047 218 75 accordingly.
2058 2047 77 75 And
2146 2047 26 75 it
2183 2047 112 75 ferved

1312 2094 35 75 to
1374 2094 203 75 denominate
1603 2094 67 75 him
1697 2094 75 75 who
1789 2094 64 75 had
1877 2094 168 75 overcome
2069 2094 136 75 another
2226 2094 33 75 in
2276 2094 19 75 a

1314 2141 215 75 tournament,
1554 2141 56 75 the
1626 2141 64 75 firft
1701 2141 77 75 time
1794 2141 41 75 he
1851 2141 76 75 ever
1942 2141 154 75 engaged.

1268 2188 142 75 Knights
1422 2188 263 75 Batchelors
1696 2188 85 75 were
1791 2188 35 75 fo
1838 2188 115 75 called,
1967 2188 34 75 as
2013 2188 96 75 being
2119 2188 55 75 the
2185 2188 110 75 loweft

1313 2234 95 75 order
1419 2234 40 75 of
1470 2234 142 75 knights,
1638 2234 37 75 or
1690 2234 135 75 inferior
1841 2234 35 75 to
1892 2234 180 75 bannerets.

1266 2281 281 75 Batchelors,
1572 2281 32 75 in
1630 2281 38 75 an
1697 2281 282 75 univerfity-fenfe,
2004 2281 54 75 are
2077 2281 128 75 perfons
2223 2281 72 75 that

1314 2328 81 75 have
1419 2328 140 75 attained
1571 2328 35 75 to
1622 2328 56 75 the
1693 2328 251 75 baccalaureate,
1970 2328 37 75 or
2019 2328 73 75 who
2107 2328 81 75 have
2198 2328 98 75 taken

1314 2374 55 75 the
1386 2374 64 75 firft
1466 2374 115 75 degree
1603 2374 32 75 in
1652 2374 55 75 the
1722 2374 113 75 liberal
1863 2374 64 75 arts
1945 2374 63 75 and
2030 2374 149 75 fciences.
2228 2374 66 75 Be-

1314 2422 70 75 fore
1401 2422 18 75 a
1435 2422 111 75 perfon
1575 2422 57 75 can
1656 2422 40 75 be
1721 2422 156 75 admitted
1892 2422 35 75 to
1950 2422 65 75 this
2037 2422 116 75 degree
2170 2422 32 75 at
2220 2422 74 75 Ox-

1314 2468 86 75 ford,
1425 2468 25 75 it
1477 2468 27 75 is
1522 2468 160 75 neceffary
1706 2468 71 75 that
1792 2468 42 75 he
1861 2468 92 75 ftudy
1969 2468 90 75 there
2083 2468 74 75 four
2173 2468 94 75 years
2281 2468 11 75 ;

1313 2514 90 75 three
1419 2514 92 75 years
1527 2514 88 75 more
1632 2514 73 75 may
1721 2514 104 75 intitle
1841 2514 67 75 him
1923 2514 35 75 to
1975 2514 55 75 the
2046 2514 115 75 degree
2177 2514 40 75 of
2228 2514 66 75 ma-

1313 2560 60 75 fter
1384 2560 40 75 of
1435 2560 85 75 arts;
1540 2560 63 75 and
1618 2560 32 75 in
1661 2560 91 75 feven
1766 2560 91 75 years
1875 2560 88 75 more
1974 2560 41 75 he
2031 2560 74 75 may
2113 2560 183 75 commence

1314 2606 164 75 batchelor
1494 2606 40 75 of
1545 2606 148 75 divinity.
1743 2606 48 75 At
1807 2606 197 75 Cambridge
2020 2606 55 75 the
2091 2606 133 75 degrees
2241 2606 55 75 are

1314 2653 123 75 ufually
1445 2653 96 75 taken
1553 2653 95 75 much
1660 2653 57 75 the
1733 2653 83 75 fame
1825 2653 34 75 as
1872 2653 32 75 at
1913 2653 145 75 Oxford,
2075 2653 171 75 excepting
2262 2653 33 75 in

1312 2700 61 75 law
1390 2700 61 75 and
1464 2700 119 75 phyfic,
1608 2700 32 75 in
1657 2700 103 75 either
1782 2700 41 75 of
1833 2700 106 75 which
1956 2700 55 75 the
2028 2700 193 75 batchelor’s
2238 2700 56 75 de-

1313 2748 73 75 gree
1403 2748 73 75 may
1498 2748 40 75 be
1555 2748 95 75 taken
1678 2748 32 75 in
1728 2748 47 75 fix
1791 2748 104 75 years.
1944 2748 37 75 In
2007 2748 134 75 France,
2166 2748 55 75 the
2238 2748 57 75 de-

1313 2795 74 75 gree
1410 2795 40 75 of
1472 2795 167 75 batchelor
1654 2795 41 75 of
1716 2795 135 75 divinity
1867 2795 26 75 is
1910 2795 141 75 attained
2067 2795 33 75 in
2115 2795 60 75 five
2191 2795 105 75 year’s

1314 2841 111 75 ftudy;
1453 2841 71 75 that
1539 2841 40 75 is,
1603 2841 33 75 in
1652 2841 66 75 two
1734 2841 91 75 years
1849 2841 40 75 of
1899 2841 202 75 phiiofophy,
2126 2841 62 75 and
2205 2841 92 75 three

1314 2889 42 75 of
1365 2889 146 75 divinity.

1265 2934 364 75 BAT-FOWLING,
1656 2934 17 75 a
1689 2934 133 75 method
1844 2934 41 75 of
1906 2934 148 75 catching
2075 2934 87 75 birds
2189 2934 34 75 in
2240 2934 55 75 the

1312 2980 104 75 night,
1440 2980 45 75 by
1506 2980 138 75 lighting
1667 2980 85 75 fome
1779 2980 104 75 draw,
1908 2980 38 75 or
1973 2980 142 75 torches,
2147 2980 75 75 near
2239 2980 56 75 the

2207 3017 89 75 place
