2477 3395
679 158 520 75 BREW

156 228 59 75 put
228 228 69 75 into
312 228 56 75 the
384 228 129 75 copper,
531 228 62 75 and
608 228 184 75 afterwards
809 228 31 75 in
858 228 54 75 the
930 228 68 75 tun,
1017 228 95 75 while
1128 228 56 75 the

156 273 96 75 drink
268 273 27 75 is
312 273 155 75 working.

203 320 88 75 Here
307 320 74 75 then
397 320 26 75 it
440 320 78 75 muft
534 320 40 75 be
585 320 162 75 obferved,
773 320 71 75 that
860 320 54 75 the
931 320 113 75 earthy
1061 320 70 75 part
1148 320 41 75 of

151 366 60 75 the
232 366 65 75 hop
323 366 26 75 is
377 366 55 75 the
456 366 90 75 caufe
574 366 40 75 of
633 366 72 75 that
732 366 113 75 rough,
871 366 103 75 harfh,
1000 366 183 75 unpleafant

155 412 78 75 tafle
251 412 103 75 which
371 412 192 75 accompany
578 412 79 75 both
673 412 65 75 ales
755 412 62 75 and
839 412 89 75 beers
946 412 70 75 that
1032 412 80 75 have
1128 412 55 75 the

154 458 82 75 hops
252 458 34 75 fo
302 458 75 75 long
392 458 107 75 boiled
518 458 33 75 in
575 458 102 75 them,
704 458 32 75 as
759 458 36 75 to
819 458 136 75 tin&ure
976 458 84 75 their
1085 458 97 75 worts

155 504 79 75 with
251 504 83 75 their
357 504 207 75 mifchievous
587 504 131 75 effe&s;
744 504 63 75 for,
832 504 278 75 notwithstanding
1127 504 55 75 the

156 550 78 75 malt
257 550 46 75 be
319 550 73 75 ever
414 550 33 75 fo
471 550 96 75 good,
593 550 55 75 the
674 550 94 75 hops,
793 550 30 75 if
841 550 107 75 boiled
972 550 56 75 too
1052 550 76 75 long
1149 550 33 75 in

154 598 107 75 them,,
282 598 67 75 will
365 598 39 75 be
416 598 34 75 fo
466 598 218 75 predominant
701 598 32 75 as
749 598 35 75 to
800 598 90 75 caufe
907 598 19 75 a
941 598 63 75 bad
1021 598 89 75 tafte.

416 702 59 75 Of
490 702 137 75 boiling
642 702 270 75 Malt-liquors.

202 781 222 75 Althou’Gh
452 781 26 75 it
502 781 57 75 has
583 781 81 75 been
686 781 153 75 formerly
855 781 78 75 faid,
958 781 72 75 that
1046 781 39 75 an
1101 781 84 75 hour

155 828 60 75 and
235 828 18 75 a
267 828 73 75 half
358 828 26 75 is
401 828 145 75 requisite
570 828 50 75 for
645 828 119 75 boiling
786 828 40 75 of
844 828 142 75 Oftober
1010 828 87 75 beer,
1123 828 63 75 and

154 875 39 75 an
211 875 81 75 hour
307 875 51 75 for
375 875 63 75 ales
456 875 61 75 and
534 875 85 75 fmall
633 875 74 75 beer
720 875 10 75 ;
757 875 54 75 yet
823 875 25 75 it
866 875 26 75 is
909 875 36 75 to
961 875 40 75 be
1018 875 165 75 obferved,

155 921 68 75 that
235 921 38 75 an
290 921 90 75 exadt
396 921 76 75 time
488 921 26 75 is
532 921 56 75 not
605 921 179 75 altogether
801 921 19 75 a
835 921 119 75 certain
972 921 67 75 rule
1064 921 32 75 in
1120 921 64 75 this

153 967 68 75 cafe
233 967 8 75 ,
267 967 64 75 for,
356 967 93 75 when
466 967 88 75 loofe
568 967 81 75 hops
662 967 52 75 are
727 967 109 75 boiled
846 967 31 75 in
891 967 55 75 the
963 967 83 75 wort
1059 967 33 75 fo
1109 967 76 75 long

152 1013 49 75 till
226 1013 77 75 they
328 1013 41 75 all
394 1013 79 75 fink,
497 1013 85 75 their
609 1013 88 75 feeds
725 1013 66 75 will
819 1013 78 75 arife
921 1013 63 75 and
1007 1013 55 75 fall
1089 1013 96 75 down

152 1059 91 75 again
257 1059 8 75 ;
293 1059 55 75 the
374 1059 82 75 wort
482 1059 64 75 alfo
567 1059 66 75 will
651 1059 38 75 be
714 1059 144 75 curdled,
885 1059 62 75 and
971 1059 120 75 broken
1115 1059 69 75 into

152 1105 89 75 fmall
263 1105 147 75 particles
434 1105 32 75 if
484 1105 168 75 examined
675 1105 33 75 in
733 1105 19 75 a
780 1105 199 75 hand-bowl,
1006 1105 59 75 but
1084 1105 99 75 after-

152 1151 104 75 wards
282 1151 68 75 into
372 1151 116 75 larger,
514 1151 33 75 as
572 1151 54 75 big
643 1151 33 75 as
694 1151 90 75 great
801 1151 68 75 pins
895 1151 111 75 heads,
1031 1151 62 75 and
1117 1151 67 75 will

153 1196 116 75 appear
284 1196 90 75 clean
391 1196 62 75 and
466 1196 59 75 fine
542 1196 32 75 at
591 1196 54 75 the
661 1196 69 75 top.
771 1196 84 75 This
873 1196 26 75 is
918 1196 34 75 fo
968 1196 95 75 much
1081 1196 18 75 a
1116 1196 68 75 rule

152 1242 78 75 with
246 1242 97 75 fome,
370 1242 69 75 that
463 1242 78 75 they
565 1242 122 75 regard'
695 1242 56 75 not
775 1242 90 75 time,
890 1242 57 75 but
964 1242 63 75 this
1044 1242 76 75 Sign,
1149 1242 34 75 to

150 1289 86 75 fhew
252 1289 93 75 when
361 1289 54 75 the
432 1289 82 75 wort
531 1289 26 75 is
574 1289 107 75 boiled
696 1289 126 75 enough
834 1289 10 75 ;
871 1289 60 75 and
944 1289 65 75 this
1022 1289 65 75 will
1104 1289 78 75 hap-

150 1336 61 75 pen
228 1336 112 75 fooner
356 1336 38 75 or
409 1336 92 75 later,
527 1336 170 75 according
721 1336 35 75 to
780 1336 56 75 the
852 1336 111 75 nature
979 1336 40 75 of
1037 1336 145 75 tbej>ar-

150 1381 66 75 ley,
250 1381 62 75 and
338 1381 42 75 its
409 1381 94 75 being
530 1381 73 75 well
631 1381 141 75 malted;
807 1381 64 75 for,
902 1381 32 75 if
953 1381 25 75 it
1003 1381 105 75 comes
1136 1381 52 75 off

152 1426 109 75 chalks
279 1426 37 75 or
332 1426 134 75 gravels,
491 1426 26 75 it
533 1426 162 75 generally
710 1426 57 75 has
791 1426 55 75 the
871 1426 86 75 good
978 1426 151 75 property
1147 1426 39 75 of

153 1472 152 75 breaking
321 1472 38 75 or
375 1472 147 75 curdling
537 1472 99 75 Soon;
663 1472 69 75 but,
758 1472 30 75 if
807 1472 50 75 off
869 1472 101 75 tough
988 1472 99 75 clays,
1106 1472 77 75 then

154 1518 26 75 it
196 1518 27 75 is
239 1518 122 75 longer,
386 1518 119 75 which,
530 1518 43 75 by
589 1518 86 75 fome
690 1518 141 75 perfons,
857 1518 25 75 is
906 1518 56 75 not
987 1518 18 75 a
1027 1518 84 75 little
1127 1518 40 75 va

151 1565 88 75 hied,
264 1565 131 75 becaufe
412 1565 29 75 it
460 1565 86 75 faves
571 1565 76 75 time
672 1565 31 75 in
721 1565 132 75 boiling,
879 1565 61 75 and
957 1565 226 75 confequently

153 1611 56 75 the
225 1611 216 75 confumption
459 1611 40 75 of
519 1611 55 75 the
591 1611 94 75 wort.

200 1657 30 75 It
248 1657 24 75 is
292 1657 64 75 alfo
368 1657 34 75 to
420 1657 37 75 be
474 1657 164 75 obferved,
665 1657 68 75 that
746 1657 70 75 pale
834 1657 192 75 malt-worts
1043 1657 66 75 will
1126 1657 56 75 not

153 1703 99 75 break
277 1703 34 75 fo
336 1703 76 75 foon
437 1703 31 75 in
494 1703 55 75 the
573 1703 116 75 copper
713 1703 33 75 as
769 1703 55 75 the
848 1703 110 75 brown
981 1703 102 75 forts;
1110 1703 70 75 but,

154 1749 91 75 when
263 1749 103 75 either
382 1749 40 75 of
441 1749 83 75 their
539 1749 99 75 worts
658 1749 78 75 boil,
761 1749 24 75 it
801 1749 111 75 ftiould
930 1749 38 75 be
981 1749 38 75 to
1035 1749 56 75 the
1107 1749 73 75 pur-

152 1795 88 75 pofe,
264 1795 51 75 for
339 1795 75 75 then
440 1795 78 75 they
541 1795 66 75 will
632 1795 108 75 break,
753 1795 123 75 fooner,
903 1795 63 75 and
987 1795 92 75 Wafte
1107 1795 73 75 lefs,

153 1840 78 75 than
247 1840 30 75 if
297 1840 76 75 they
397 1840 53 75 are
465 1840 77 75 kept
559 1840 189 75 fimmering,
756 1840 6 75 .
774 1840 61 75 and
851 1840 64 75 will
936 1840 139 75 likewife
1093 1840 89 75 work

154 1887 89 75 more
258 1887 112 75 kindly
382 1887 33 75 in
431 1887 55 75 the
499 1887 69 75 tun,
592 1887 95 75 drink
699 1887 177 75 fmoother,.
888 1887 60 75 and
964 1887 81 75 keep
1057 1887 122 75 longer.

201 1933 86 75 Now
303 1933 42 75 all
361 1933 191 75 malt-worts
570 1933 72 75 may
655 1933 39 75 be
705 1933 119 75 fpoiled
841 1933 44 75 by
901 1933 56 75 too
971 1933 85 75 little
1072 1933 38 75 or
1127 1933 55 75 too

152 1980 95 75 much
268 1980 140 75 boiling:
443 1980 38 75 If
498 1980 57 75 too
577 1980 96 75 little,
699 1980 76 75 then
791 1980 55 75 the
862 1980 95 75 drink
974 1980 206 75 will.always

152 2027 76 75 tafie
241 2027 78 75 raw,
343 2027 162 75 mawkifh,
530 2027 62 75 and
610 2027 38 75 be
664 2027 233 75 unwholefome
906 2027 34 75 in
958 2027 53 75 the
1028 2027 159 75 flomach,

151 2072 120 75 where,
296 2072 119 75 inftead
431 2072 39 75 of
488 2072 128 75 helping
632 2072 36 75 to
684 2072 105 75 dilute,
801 2072 60 75 and
885 2072 100 75 digeft
1007 2072 60 75 our
1090 2072 90 75 food,

153 2116 25 75 it
195 2116 65 75 will
285 2116 90 75 caufe
399 2116 217 75 obllrudions,
641 2116 133 75 cholics,
799 2116 200 75 head-achs,.
1009 2116 63 75 and
1088 2116 93 75 other

154 2162 152 75 difeafes:
334 2162 206 75 Befides,-all
564 2162 76 75 fuch
661 2162 225 75 under-boiled
909 2162 109 75 drinks
1044 2162 52 75 are
1112 2162 69 75 cer^-

153 2208 102 75 tainly
281 2208 137 75 expofed
447 2208 35 75 to
508 2208 144 75 ftalenefs
680 2208 62 75 and
769 2208 155 75 fournefs,
947 2208 95 75 much
1069 2208 113 75 fooner

154 2253 77 75 than
255 2253 90 75 thofe
369 2253 71 75 that
463 2253 81 75 have
566 2253 63 75 had
654 2253 84 75 their
762 2253 59 75 full
838 2253 78 75 time
932 2253 29 75 in
980 2253 54 75 the
1051 2253 129 75 copper.

153 2300 79 75 And
247 2300 32 75 if
296 2300 79 75 they
396 2300 53 75 are
472 2300 107 75 boiled
600 2300 56 75 too
671 2300 88 75 long,
783 2300 78 75 they
877 2300 67 75 will
959 2300 76 75 then
1052 2300 130 75 thicken

154 2346 61 75 and
231 2346 57 75 nbt
305 2346 89 75 come
411 2346 55 75 out
484 2346 43 75 of
533 2346 55 75 the
605 2346 115 75 copper
732 2346 61 75 line
805 2346 61 75 and
883 2346 33 75 in
933 2346 18 75 a
967 2346 86 75 right
1070 2346 108 75 condi-

153 2392 78 75 tion.
259 2392 103 75 which
379 2392 65 75 will
464 2392 89 75 caufe
570 2392 26 75 it
618 2392 96 75 never
730 2392 35 75 to
789 2392 39 75 be
853 2392 86 75 right
962 2392 85 75 clear
1068 2392 32 75 in
1125 2392 56 75 the

153 2438 119 75 barrel.

200 2484 66 75 But
289 2484 35 75 to
347 2484 40 75 be
410 2484 88 75 more
522 2484 183 75 particular,
730 2484 43 75 no
796 2484 176 75 ale-wdrts,
996 2484 107 75 boiled
1121 2484 59 75 lefs

153 2530 76 75 than
247 2530 38 75 an
307 2530 95 75 hour,
427 2530 56 75 can
500 2530 39 75 be
559 2530 105 75 good;
691 2530 141 75 becaufe,
858 2530 31 75 in
907 2530 39 75 an
962 2530 108 75 hour’s
1089 2530 90 75 time,

153 2576 79 75 they
250 2576 113 75 cannot
383 2576 127 75 acquire
527 2576 18 75 a
561 2576 156 75 thicknefs
743 2576 39 75 of
800 2576 86 75 body
903 2576 61 75 any
980 2576 85 75 ways
1083 2576 95 75 detri-

153 2622 116 75 mental
287 2622 34 75 to
343 2622 109 75 them;
478 2622 75 75 and,
577 2622 31 75 in
625 2622 58 75 lefs
700 2622 76 75 than
801 2622 37 75 an
856 2622 93 75 hour,
976 2622 56 75 the
1054 2622 126 75 ramous

152 2668 99 75 vifcid
267 2668 85 75 parts
365 2668 40 75 of
424 2668 54 75 the
491 2668 48 75 ale
555 2668 115 75 cannot
687 2668 39 75 be
738 2668 188 75 fufhciently
943 2668 98 75 broke
1058 2668 60 75 and
1131 2668 45 75 di-

152 2715 107 75 vided,
285 2715 33 75 fo
336 2715 34 75 as
388 2715 35 75 to
445 2715 130 75 prevent
596 2715 41 75 its
662 2715 217 75 running.into
895 2715 173 75 cohefions,
1094 2715 85 75 ropir

152 2761 81 75 nefs,
259 2761 61 75 and
334 2761 163 75 fournefs;
529 2761 133 75 becaufe
686 2761 31 75 in
742 2761 64 75 ales
829 2761 90 75 there
943 2761 54 75 are
1008 2761 71 75 .not
1098 2761 98 75 hops-

152 2806 125 75 enough
294 2806 136 75 allowed
441 2806 35 75 to
490 2806 43 75 do
550 2806 75 75 this,
650 2806 105 75 which
769 2806 84 75 good
867 2806 119 75 boiling
1002 2806 79 75 muft
1105 2806 30 75 in
1162 2806 17 75 a

151 2852 91 75 great
271 2852 140 75 meafure
434 2852 187 75 fupply,-or
646 2852 61 75 elfe
730 2852 74 75 fuch
830 2852 97 75 drink
948 2852 58 75 can
1030 2852 94 75 never
1141 2852 40 75 be

152 2898 105 75 good;
284 2898 51 75 for
350 2898 73 75 then
447 2898 41 75 its
513 2898 141 75 cohefive
677 2898 86 75 parts
788 2898 91 75 being
904 2898 56 75 not
985 2898 197 75 thoroughly

152 2946 98 75 broke
267 2946 62 75 and
345 2946 214 75 comminuted
575 2946 43 75 by
635 2946 75 75 time
729 2946 59 75 and
806 2946 131 75 boiling,
955 2946 120 75 remain
1086 2946 95 75 hard.

1318 159 17 75 I
1451 159 44 75 N
1611 159 51 75 G.

2186 159 77 75 671

1236 224 62 75 and
1310 224 31 75 in
1358 224 19 75 a
1392 224 86 75 good
1495 224 139 75 meafure
1651 224 197 75 indigeftible
1863 224 31 75 in
1912 224 54 75 the
1985 224 136 75 ftomach
2135 224 8 75 :
2179 224 89 75 How

1234 270 145 75 ignorant
1392 270 75 75 then
1481 270 53 75 are
1546 270 88 75 thofe
1647 270 123 75 people,
1788 270 85 75 who,
1891 270 32 75 in
1936 270 135 75 tippling
2083 270 40 75 of
2133 270 75 75 fuch
2226 270 38 75 li-

1234 317 94 75 quor,
1347 317 58 75 can
1421 317 99 75 praife
1536 317 26 75 it
1579 317 51 75 for
1643 317 159 75 excellent
1815 317 86 75 good
1914 317 61 75 ale,
1992 317 77 75 only
2083 317 127 75 becaufe
2222 317 43 75 its

1233 363 77 75 tafte
1325 363 26 75 is
1364 363 153 75 fweetifh,
1536 363 122 75 (which
1675 363 27 75 is
1714 363 57 75 the
1783 363 112 75 nature
1907 363 40 75 of
1957 363 73 75 fuch
2045 363 64 75 raw
2120 363 143 75 drinks)^

1233 409 158 75 believing
1406 409 27 75 it
1449 409 36 75 to
1501 409 40 75 be
1556 409 57 75 the
1624 409 77 75 pure
1717 409 93 75 effedt
1821 409 40 75 of
1879 409 56 75 the
1950 409 134 75 genuine
2096 409 91 75 malt,
2205 409 62 75 and

1233 456 56 75 not
1304 456 179 75 perceiving
1499 456 56 75 the
1567 456 150 75 brewer’s
1734 456 124 75 avarice
1875 456 62 75 and
1959 456 150 75 cunning,
2135 456 35 75 to
2193 456 72 75 fave

1234 502 54 75 the
1305 502 219 75 confumption
1541 502 40 75 of
1591 502 50 75 his
1658 502 83 75 wort
1756 502 44 75 by
1816 502 154 75 fhortnefs
1987 502 41 75 of
2039 502 133 75 boiling,
2196 502 70 75 tho’

1233 548 34 75 to
1281 548 56 75 the
1355 548 90 75 great
1460 548 163 75 prejudice
1639 548 40 75 of
1697 548 56 75 the
1768 548 158 75 drinker’s
1942 548 110 75 health
2067 548 12 75 ?

1280 594 38 75 In
1341 594 134 75 boiling,
1499 594 81 75 both
1597 594 77 75 time
1691 594 63 75 and
1773 594 56 75 the
1845 594 148 75 curdling
2008 594 39 75 or
2062 594 154 75 breaking
2232 594 42 75 of

1233 641 55 75 the
1305 641 81 75 wort
1402 641 112 75 fhould
1525 641 39 75 be
1580 641 165 75 confulted
1757 641 9 75 ;
1793 641 51 75 for
1860 641 31 75 if
1910 641 17 75 a
1944 641 112 75 perfon
2072 641 65 75 was
2155 641 35 75 to
2201 641 67 75 boil

1233 687 55 75 the
1305 687 83 75 wort
1405 687 39 75 an
1460 687 94 75 hour,
1579 687 64 75 and
1660 687 75 75 then
1751 687 74 75 take
1837 687 24 75 it
1879 687 55 75 out
1952 687 40 75 of
2010 687 56 75 the
2078 687 117 75 copper
2212 687 55 75 be-

1235 733 72 75 fore
1327 733 25 75 it
1369 733 64 75 was
1457 733 122 75 rightly
1602 733 112 75 broke,
1740 733 27 75 it
1789 733 106 75 would
1920 733 41 75 be
1983 733 112 75 wrong
2119 733 148 75 manage-

1234 778 98 75 ment,
1358 778 61 75 and
1436 778 55 75 the
1506 778 94 75 drink
1617 778 107 75 would
1742 778 57 75 not
1821 778 40 75 be
1885 778 61 75 fine
1970 778 62 75 and
2050 778 215 75 wholefome;

1234 824 61 75 and
1313 824 31 75 if
1361 824 26 75 it
1402 824 112 75 Ihould
1539 824 65 75 boil
1629 824 39 75 an
1693 824 84 75 hour
1800 824 63 75 and
1879 824 18 75 a
1912 824 80 75 half,
2018 824 38 75 or
2073 824 64 75 two
2153 824 113 75 hours,

1235 870 135 75 without
1387 870 168 75 regarding
1570 870 93 75 when
1679 870 40 75 its
1731 870 146 75 particles
1896 870 52 75 are
1965 870 31 75 in
2013 870 19 75 a
2048 870 86 75 right
2157 870 108 75 order,

1235 918 75 75 then
1327 918 27 75 it
1376 918 73 75 may
1466 918 39 75 be
1529 918 56 75 too
1609 918 112 75 thick;
1746 918 35 75 fo
1798 918 71 75 that
1884 918 62 75 due
1962 918 73 75 care
2052 918 79 75 muft
2147 918 39 75 be
2203 918 65 75 had

1234 963 34 75 to
1296 963 55 75 the
1379 963 65 75 two
1471 963 173 75 extremes,
1678 963 35 75 to
1740 963 109 75 obtain
1877 963 26 75 it
1930 963 32 75 in
1990 963 43 75 its
2060 963 62 75 due
2148 963 117 75 order;

1235 1009 171 75 therefore,
1432 1009 31 75 in
1480 1009 143 75 Odtober
1639 1009 62 75 and
1716 1009 136 75 keeping
1876 1009 103 75 beers,
2006 1009 39 75 an
2071 1009 82 75 hour
2169 1009 62 75 and
2248 1009 20 75 a

1235 1055 158 75 quarter’s
1409 1055 86 75 good
1518 1055 122 75 boiling
1664 1055 26 75 is
1716 1055 182 75 commonly
1914 1055 153 75 fufficient
2092 1055 35 75 to
2143 1055 80 75 have
2249 1055 19 75 a

1233 1101 161 75 thorough
1419 1101 96 75 cured
1532 1101 115 75 drink;
1672 1101 53 75 for
1748 1101 163 75 generally
1927 1101 32 75 in
1975 1101 71 75 that
2064 1101 76 75 time
2157 1101 25 75 it
2200 1101 66 75 will

1233 1148 97 75 break
1347 1148 61 75 and
1425 1148 64 75 boil
1506 1148 125 75 enough
1644 1148 11 75 ;
1681 1148 131 75 becaufe
1829 1148 33 75 in
1879 1148 63 75 this
1965 1148 91 75 there
2072 1148 26 75 is
2116 1148 18 75 a
2150 1148 117 75 double

1233 1194 136 75 fecurity
1394 1194 42 75 by
1458 1194 110 75 length
1594 1194 41 75 of
1652 1194 133 75 boiling,
1817 1194 62 75 and
1904 1194 20 75 a
1952 1194 147 75 quantity
2124 1194 38 75 of
2185 1194 82 75 hops

1232 1240 115 75 fhifted
1358 1240 10 75 ;
1395 1240 56 75 but
1468 1240 31 75 in
1524 1240 55 75 the
1596 1240 71 75 new
1690 1240 71 75 way
1776 1240 91 75 there
1883 1240 27 75 is
1936 1240 77 75 only
2029 1240 18 75 a
2073 1240 96 75 fingle
2192 1240 74 75 one,

1233 1286 62 75 and
1313 1286 69 75 that
1396 1286 27 75 is
1440 1286 43 75 by
1496 1286 18 75 a
1528 1286 120 75 double
1665 1286 37 75 or
1717 1286 103 75 treble
1836 1286 172 75 allowance
2024 1286 41 75 of
2083 1286 81 75 frefh
2185 1286 84 75 hops

1233 1333 107 75 boiled
1357 1333 75 75 only
1448 1333 74 75 half
1540 1333 39 75 an
1595 1333 83 75 hour
1693 1333 32 75 in
1738 1333 57 75 the
1811 1333 103 75 wort;
1941 1333 63 75 and
2020 1333 52 75 for
2088 1333 64 75 this
2174 1333 93 75 prac-

1233 1379 61 75 tice
1312 1379 17 75 a
1347 1379 107 75 reafon
1479 1379 26 75 is
1530 1379 146 75 afligned,
1703 1379 70 75 that
1797 1379 55 75 the
1875 1379 93 75 hops,
1995 1379 93 75 being
2110 1379 158 75 endowed

1234 1424 77 75 with
1339 1424 167 75 difeutient
1534 1424 139 75 apertive
1701 1424 160 75 qualities,
1900 1424 80 75 will,
2018 1424 43 75 by
2089 1424 86 75 them
2204 1424 64 75 and

1234 1470 83 75 their
1344 1470 90 75 great
1462 1470 161 75 quantity,
1657 1470 110 75 fupply
1798 1470 56 75 the
1886 1470 103 75 defedt
2017 1470 40 75 of
2083 1470 184 75 underboil-

1233 1516 54 75 ing
1310 1516 54 75 the
1389 1516 103 75 wort;
1526 1516 63 75 and
1613 1516 69 75 that
1707 1516 18 75 a
1749 1516 124 75 farther
1897 1516 214 75 conveniency
2135 1516 26 75 is
2189 1516 78 75 here

1232 1564 136 75 enjoyed
1395 1564 45 75 by
1467 1564 116 75 having
1610 1564 76 75 only
1714 1564 55 75 the
1802 1564 73 75 fine,
1907 1564 203 75 wholefome,
2146 1564 119 75 ftrong,

1233 1609 114 75 floury,
1377 1609 170 75 fpirituous
1572 1609 86 75 parts
1684 1609 41 75 of
1742 1609 56 75 the
1821 1609 64 75 hop
1901 1609 33 75 in
1950 1609 55 75 the
2021 1609 109 75 drink,
2154 1609 112 75 exclu-

1232 1655 60 75 fiye
1317 1655 40 75 of
1382 1655 54 75 the
1464 1655 204 75 phlegmetic,
1705 1655 114 75 earthy
1846 1655 85 75 parts
1958 1655 104 75 which
2089 1655 108 75 would
2225 1655 41 75 be

1232 1701 176 75 extradhed,
1435 1701 35 75 if
1484 1701 56 75 the
1557 1701 81 75 hops
1661 1701 83 75 were
1767 1701 34 75 to
1824 1701 40 75 be
1888 1701 108 75 boiled
2018 1701 100 75 above
2134 1701 73 75 half
2226 1701 41 75 an

1232 1747 102 75 hour;
1360 1747 63 75 and
1438 1747 162 75 therefore
1619 1747 90 75 there
1726 1747 54 75 are
1795 1747 96 75 many
1908 1747 73 75 now
1996 1747 71 75 that
2084 1747 53 75 are
2158 1747 34 75 fo
2215 1747 50 75 at-

1232 1793 115 75 tached
1364 1793 35 75 to
1415 1793 65 75 this
1497 1793 70 75 new
1586 1793 146 75 method,
1757 1793 73 75 that
1845 1793 78 75 they
1943 1793 67 75 will
2033 1793 57 75 not
2112 1793 87 75 brew
2216 1793 50 75 ale

1231 1839 37 75 or
1284 1839 75 75 beer
1375 1839 62 75 any
1453 1839 93 75 other
1562 1839 84 75 way,
1671 1839 158 75 thinking,
1855 1839 69 75 that
1941 1839 31 75 if
1989 1839 80 75 hops
2087 1839 53 75 are
2158 1839 107 75 boiled

1231 1886 99 75 above
1347 1886 101 75 thirty
1463 1886 149 75 minutes,
1638 1886 55 75 the
1710 1886 81 75 wort
1804 1886 66 75 will
1888 1886 128 75 exhibit
2029 1886 86 75 fome
2128 1886 44 75 of
2178 1886 86 75 their

1231 1932 62 75 bad
1310 1932 162 75 qualities.

1275 1979 77 75 The
1368 1979 172 75 allowance
1556 1979 41 75 of
1614 1979 82 75 hops
1712 1979 52 75 for
1780 1979 49 75 ale
1845 1979 38 75 or
1908 1979 84 75 beer
2007 1979 116 75 cannot
2147 1979 40 75 be
2204 1979 58 75 ex-

1231 2025 82 75 adfly
1330 2025 140 75 adjufted
1488 2025 135 75 without
1640 2025 127 75 coming
1784 2025 35 75 to
1834 2025 199 75 particulars,
2060 2025 129 75 becaufe
2206 2025 57 75 the

1230 2071 186 75 proportion
1433 2071 111 75 fhould
1562 2071 39 75 be
1617 2071 170 75 according
1804 2071 34 75 to
1860 2071 54 75 the
1931 2071 111 75 nature
2060 2071 60 75 and
2138 2071 125 75 quality

1230 2116 40 75 of
1288 2116 55 75 the
1360 2116 90 75 male,
1476 2116 54 75 the
1546 2116 163 75 feafomof
1727 2116 55 75 the
1798 2116 77 75 year
1891 2116 31 75 it
1934 2116 26 75 is
1982 2116 130 75 brewed
2127 2116 46 75 in,
2198 2116 64 75 and

1231 2162 54 75 the
1302 2162 109 75 length
1428 2162 40 75 of
1489 2162 76 75 time
1581 2162 25 75 it
1623 2162 27 75 is
1667 2162 34 75 to
1718 2162 39 75 be
1773 2162 89 75 kept.

1278 2208 65 75 For
1366 2208 105 75 ftrong
1494 2208 111 75 brown
1630 2208 49 75 ale
1703 2208 128 75 brewed
1855 2208 185 75 in-ally-of
2058 2208 55 75 the
2129 2208 133 75 winter^

1231 2254 139 75 months,
1395 2254 61 75 and
1482 2254 106 75 boiled
1613 2254 37 75 an
1679 2254 93 75 hour,
1798 2254 60 75 one
1882 2254 114 75 pound
2003 2254 42 75 “is
2069 2254 57 75 but
2151 2254 111 75 barely

1230 2300 153 75 fufficient
1399 2300 51 75 for
1466 2300 18 75 a
1500 2300 172 75 hogffiead,
1696 2300 32 75 if
1746 2300 25 75 it
1786 2300 40 75 be
1842 2300 117 75 tapped
1980 2300 33 75 in
2038 2300 91 75 three
2154 2300 106 75 weeks

1230 2347 36 75 or
1283 2347 17 75 a
1317 2347 124 75 month.

1276 2393 37 75 If
1332 2393 51 75 for
1398 2393 71 75 pale
1489 2393 48 75 aie
1553 2393 127 75 brewed
1706 2393 32 75 at
1755 2393 71 75 that
1842 2393 90 75 time,
1958 2393 63 75 and
2035 2393 53 75 for
2102 2393 71 75 that
2189 2393 70 75 age;

1230 2438 59 75 one
1307 2438 108 75 pound
1430 2438 61 75 and
1509 2438 18 75 a
1544 2438 129 75 quarter
1690 2438 39 75 pf
1747 2438 102 75 hops;
1876 2438 56 75 but
1957 2438 30 75 if
2006 2438 87 75 thefe
2118 2438 64 75 ales
2207 2438 54 75 are

1229 2485 126 75 brewed
1374 2485 30 75 in
1429 2485 61 75 any
1514 2485 40 75 of
1571 2485 55 75 the
1640 2485 150 75 .fummer
1803 2485 141 75 months,
1969 2485 90 75 there
2079 2485 116 75 ihould
2219 2485 41 75 be

1230 2530 87 75 more
1329 2530 236 75 hops-allowed
1570 2530 9 75 i

1278 2577 65 75 For
1357 2577 142 75 Odlober
1515 2577 37 75 or
1577 2577 118 75 March
1711 2577 112 75 brown
1838 2577 88 75 beer,
1953 2577 18 75 a
1987 2577 158 75 hogffiead
2162 2577 101 75 made;

1230 2623 80 75 from
1324 2623 108 75 eleven
1445 2623 123 75 buffiels
1581 2623 39 75 of
1631 2623 84 75 malt,
1726 2623 107 75 boiled
1845 2623 39 75 an
1901 2623 83 75 hour
2000 2623 62 75 and
2079 2623 18 75 a
2113 2623 143 75 quarter,

1229 2669 34 75 to
1280 2669 38 75 be
1335 2669 76 75 kept
1426 2669 71 75 nine
1509 2669 140 75 months,
1675 2669 90 75 three
1777 2669 122 75 pounds
1911 2669 62 75 and
1989 2669 18 75 a
2022 2669 74 75 half
2106 2669 102 75 ought
2221 2669 37 75 to

1229 2715 38 75 be
1284 2715 106 75 boiled
1406 2715 31 75 in
1454 2715 74 75 fuch
1545 2715 93 75 drink
1655 2715 31 75 at
1710 2715 55 75 the
1778 2715 91 75 Jeaft.

1276 2760 64 75 For
1356 2760 141 75 O&ober
1511 2760 43 75 or
1569 2760 117 75 March
1703 2760 69 75 pale
1788 2760 86 75 beer,
1900 2760 93 75 made
2009 2760 83 75 from
2109 2760 147 75 fourteen

1229 2807 133 75 buffiels,
1387 2807 171 75 boiled,an
1582 2807 82 75 hour
1691 2807 62 75 and
1770 2807 18 75 a
1805 2807 141 75 quarter,
1972 2807 61 75 and
2049 2807 76 75 kept
2141 2807 115 75 twelve

1228 2853 139 75 months,
1392 2853 47 75 fix
1455 2853 123 75 pounds
1594 2853 100 75 ought
1711 2853 34 75 to
1761 2853 38 75 be
1812 2853 134 75 allowed
1964 2853 34 75 to
2015 2853 17 75 a
2049 2853 157 75 hogfhead
2219 2853 41 75 of

1229 2900 75 75 luch
1328 2900 106 75 drink,
1461 2900 61 75 and
1549 2900 88 75 more
1664 2900 31 75 if
1717 2900 53 75 the
1795 2900 79 75 Imps
1903 2900 53 75 are
1982 2900 117 75 flufted
2133 2900 31 75 in
2190 2900 66 75 two

1232 2945 88 75 bags,
1346 2945 62 75 and
1424 2945 59 75 lefs
1500 2945 77 75 time
1593 2945 93 75 given
1702 2945 55 75 the
1773 2945 83 75 wort
1872 2945 34 75 to
1917 2945 92 75 baiL.

2212 3001 60 75 Of
