2428 3377
164 173 82 75 it6

163 243 40 75 of
221 243 55 75 the
299 243 66 75 ear,
391 243 62 75 and
475 243 100 75 lower
598 243 72 75 part
699 243 41 75 of
758 243 56 75 the
836 243 122 75 throat.
1007 243 33 75 It
1067 243 27 75 is
1121 243 33 75 in
1180 243 18 75 a

162 288 130 75 manner
302 288 169 75 compofed
482 288 40 75 of
534 288 64 75 two
616 288 145 75 mufcles,
779 288 110 75 united
902 288 32 75 at
946 288 55 75 the
1013 288 99 75 upper
1125 288 72 75 part

160 334 142 75 through
319 334 84 75 their
419 334 104 75 whole
537 334 146 75 breadth,
709 334 239 75 andfeparated
964 334 33 75 at
1008 334 57 75 the
1082 334 112 75 lower.

211 380 31 75 It
257 380 58 75 has
331 380 67 75 two
413 380 167 75 infertions
597 380 115 75 below,
738 380 79 75 both
834 380 40 75 of
892 380 89 75 them
998 380 67 75 flat,
1090 380 64 75 and
1176 380 19 75 a

163 427 83 75 little
263 427 181 75 tendinous.
491 427 78 75 The
586 427 64 75 firft
667 427 25 75 is
718 427 31 75 in
773 427 56 75 the
853 427 100 75 upper
978 427 79 75 edge
1082 427 40 75 of
1141 427 55 75 the

162 473 148 75 fternum,
336 473 77 75 near
437 473 56 75 the
517 473 200 75 articulation
742 473 40 75 of
801 473 55 75 the
879 473 173 75 clavicula;
1080 473 55 75 the
1159 473 36 75 o-

162 518 74 75 ther
247 518 33 75 in
291 518 56 75 the
360 518 165 75 clavicula,
543 518 33 75 at
589 518 19 75 a
619 518 90 75 fmall
721 518 138 75 difb.nce
875 518 85 75 from
972 518 55 75 the
1045 518 150 75 fternum.

209 566 78 75 The
310 566 114 75 fternal
448 566 127 75 portion
600 566 98 75 pafies
720 566 164 75 foremoft,
916 566 61 75 and
1003 566 110 75 covers
1142 566 55 75 the

161 611 184 75 clavicular,
371 611 80 75 both
468 611 141 75 forming
623 611 60 75 one
699 611 89 75 body
811 611 38 75 or
873 611 100 75 belly,
998 611 107 75 which
1122 611 74 75 run-

162 657 78 75 ning
262 657 33 75 in
311 657 55 75 the
383 657 83 75 fame
482 657 130 75 oblique
628 657 154 75 diredtion
805 657 35 75 to
862 657 55 75 the
941 657 164 75 apophyfis
1128 657 69 75 ma-

164 703 158 75 ftoidseus,
347 703 26 75 is
390 703 137 75 inferted
551 703 32 75 in
608 703 54 75 the
686 703 100 75 upper
802 703 64 75 and
881 703 170 75 back-part
1066 703 41 75 of
1125 703 73 75 that

164 750 125 75 procefs
303 750 9 75 ;
339 750 77 75 over
433 750 105 75 which
554 750 28 75 it
605 750 139 75 likewife
767 750 92 75 fends
884 750 52 75 off
955 750 18 75 a
998 750 76 75 very
1097 750 101 75 broad

164 796 212 75 aponeurofis,
401 796 104 75 which
524 796 110 75 covers
652 796 55 75 the
720 796 149 75 fplenius,
895 796 62 75 and
972 796 26 75 is
1015 796 138 75 inferted
1164 796 32 75 in

164 843 56 75 the
237 843 35 75 os
284 843 158 75 occipitis.

178 946 235 75 SPLENIUS
434 946 58 75 fiv
492 978 17 49 S
527 946 341 75 MASTOIDvEUS
894 946 291 75 POSTERIOR.

212 1025 103 75 This
335 1025 26 75 is
378 1025 20 75 a
410 1025 67 75 flat,
494 1025 115 75 broad,
626 1025 257 75 oblongmufcle,
901 1025 134 75 fituated
1051 1025 146 75 oblique-

164 1071 47 75 ly,
237 1071 144 75 between
397 1071 56 75 the
474 1071 170 75 back-part
662 1071 39 75 of
720 1071 54 75 the
791 1071 66 75 ear,
883 1071 63 75 and
967 1071 55 75 the
1045 1071 153 75 pofterior

166 1117 64 75 and
251 1117 101 75 lower
375 1117 74 75 part
473 1117 40 75 of
531 1117 56 75 the
611 1117 94 75 neck.
754 1117 32 75 It
809 1117 27 75 is
862 1117 106 75 partly
994 1117 107 75 fingle,
1134 1117 64 75 aO<J

165 1162 107 75 partly
288 1162 92 75 made
397 1162 41 75 up
455 1162 41 75 of
506 1162 73 75 .two
596 1162 156 75 portions,
778 1162 60 75 one
855 1162 151 75 fuperior,
1033 1162 55 75 the
1104 1162 94 75 other

165 1209 145 75 inferior.

212 1255 77 75 The
305 1255 142 75 fuperior
462 1255 126 75 portion
607 1255 26 75 is
650 1255 88 75 fixed
754 1255 35 75 to
806 1255 55 75 the
877 1255 198 75 extremities
1092 1255 41 75 of
1142 1255 55 75 the

164 1302 93 75 three
273 1302 37 75 or
326 1302 74 75 four
415 1302 108 75 loweft
539 1302 97 75 fpinal
648 1302 174 75 apophyfes
834 1302 41 75 of
893 1302 56 75 the
965 1302 93 75 neck,
1080 1302 67 75 ind
1163 1302 41 75 of

165 1347 57 75 the
238 1347 76 75 firft,
340 1347 38 75 or
394 1347 64 75 firft
471 1347 63 75 and
549 1347 127 75 fecond,
701 1347 40 75 of
760 1347 56 75 the
828 1347 94 75 back.

213 1393 33 75 It
261 1393 27 75 is
312 1393 140 75 likewife
469 1393 86 75 fixed
578 1393 34 75 to
636 1393 56 75 the
716 1393 81 75 edge
813 1393 40 75 of
873 1393 55 75 the
944 1393 198 75 inter-fpinal
1158 1393 39 75 li-

166 1440 144 75 gaments
327 1440 41 75 of
386 1440 56 75 the
458 1440 92 75 other
565 1440 168 75 vertebra.

212 1486 100 75 From
328 1486 114 75 thence
464 1486 26 75 it
514 1486 75 75 runs
613 1486 43 75 up
673 1486 166 75 obliquely
854 1486 125 75 toward
994 1486 55 75 the
1067 1486 131 75 maftoid

166 1532 179 75 apophyfis,
371 1532 107 75 partly
493 1532 102 75 under
611 1532 56 75 the
683 1532 99 75 upper
798 1532 176 75 extremity
990 1532 39 75 of
1049 1532 55 75 the
1121 1532 74 75 fter-

166 1578 268 75 no-mailoidaeus,
460 1578 62 75 and
538 1578 25 75 is
586 1578 138 75 inferted
746 1578 31 75 in
795 1578 55 75 the
866 1578 100 75 upper
982 1578 70 75 part
1069 1578 40 75 of
1127 1578 72 75 that

165 1625 140 75 procefs,
330 1625 63 75 and
409 1625 93 75 along
516 1625 57 75 the
590 1625 233 75 neighbouring
834 1625 96 75 curve
946 1625 129 75 portion
1087 1625 39 75 of
1144 1625 54 75 the

167 1671 173 75 tranfverfe
357 1671 89 75 ridge
459 1671 39 75 of
517 1671 55 75 the
589 1671 35 75 os
642 1671 156 75 occipitis.

213 1717 77 75 The
306 1717 132 75 inferior
453 1717 127 75 portion
597 1717 40 75 of
656 1717 55 75 the
727 1717 135 75 fplenius
885 1717 27 75 is
936 1717 88 75 fixed
1048 1717 35 75 to
1109 1717 90 75 three

168 1761 38 75 or
223 1761 72 75 four
317 1761 100 75 fpinal
441 1761 173 75 apophyfes
638 1761 41 75 of
697 1761 55 75 the
776 1761 94 75 back,
895 1761 171 75 beginning
1082 1761 44 75 by
1142 1761 56 75 the

167 1808 117 75 fecond
299 1808 37 75 or
360 1808 99 75 third.
509 1808 95 75 From
625 1808 114 75 thence
755 1808 26 75 it
798 1808 74 75 runs
889 1808 55 75 up,
969 1808 94 75 being
1079 1808 120 75 clofely

167 1854 112 75 united
295 1854 35 75 to
346 1854 56 75 the
425 1854 93 75 other
543 1854 139 75 portion,
707 1854 51 75 till
781 1854 27 75 it
831 1854 129 75 reaches
985 1854 55 75 the
1057 1854 140 75 fuperior

166 1901 65 75 and
247 1901 111 75 lateral
374 1901 72 75 part
461 1901 41 75 of
521 1901 55 75 the
592 1901 93 75 neck,
711 1901 106 75 where
841 1901 26 75 it
883 1901 156 75 feparates
1055 1901 85 75 from
1156 1901 38 75 it,

167 1947 65 75 and
243 1947 27 75 is
286 1947 140 75 inferted
440 1947 32 75 in
484 1947 56 75 the
552 1947 173 75 tranfverfe
736 1947 172 75 apephyfes
922 1947 40 75 of
981 1947 55 75 the
1052 1947 91 75 three
1159 1947 38 75 or

168 1993 74 75 four
257 1993 141 75 fuperior
410 1993 153 75 vertebra
580 1993 40 75 of
639 1993 55 75 the
710 1993 93 75 neck,
829 1993 43 75 by
892 1993 56 75 the
964 1993 84 75 fame
1064 1993 133 75 number

170 2037 40 75 of
228 2037 210 75 extremities,
464 2037 20 75 a
498 2037 85 75 little
608 2037 180 75 tendinous,
813 2037 118 75 which,
956 2037 163 75 however,
1144 2037 54 75 are

168 2085 180 75 fometimes
361 2085 77 75 only
454 2085 66 75 two
536 2085 32 75 in
585 2085 145 75 number.

466 2189 433 75 COMPLEXUS.

215 2269 103 75 This
335 2269 26 75 is
375 2269 18 75 a
408 2269 108 75 pretty
537 2269 77 75 long
630 2269 62 75 and
707 2269 101 75 broad
827 2269 130 75 mufcle,
981 2269 89 75 lying
1086 2269 42 75 on
1143 2269 56 75 the

166 2314 157 75 pofterior
338 2314 112 75 lateral
468 2314 70 75 part
550 2314 40 75 of
608 2314 55 75 the
682 2314 92 75 neck,
800 2314 42 75 all
860 2314 55 75 the
935 2314 71 75 way
1022 2314 35 75 to
1073 2314 55 75 the
1144 2314 54 75 oc-

170 2361 101 75 ciput.
320 2361 32 75 It
374 2361 26 75 is
418 2361 222 75 complicated,
666 2361 43 75 by
729 2361 109 75 reafon
861 2361 40 75 of
920 2361 55 75 the
990 2361 209 75 decuffations

170 2407 41 75 of
228 2407 41 75 its
286 2407 150 75 different
448 2407 143 75 portions
603 2407 11 75 ;
641 2407 84 75 from
737 2407 106 75 which
854 2407 26 75 it
896 2407 57 75 has
968 2407 43 75 its
1024 2407 103 75 name.

219 2453 33 75 It
267 2453 26 75 is
307 2453 88 75 fixed
407 2453 116 75 below,
548 2453 44 75 by
608 2453 89 75 fmall
710 2453 85 75 fhort
807 2453 148 75 tendons,
980 2453 35 75 to
1028 2453 54 75 the
1098 2453 100 75 tranf-

171 2500 90 75 verfe
285 2500 173 75 apophyfes
481 2500 41 75 of
540 2500 42 75 all
599 2500 55 75 the
669 2500 156 75 vertebra
841 2500 40 75 of
898 2500 56 75 the
966 2500 93 75 neck,
1083 2500 118 75 except

170 2545 57 75 the
242 2545 77 75 firft,
344 2545 36 75 to
396 2545 105 75 which
518 2545 27 75 it
561 2545 26 75 is
611 2545 89 75 fixed
725 2545 77 75 only
825 2545 77 75 near
925 2545 56 75 the
1003 2545 73 75 root
1099 2545 40 75 of
1156 2545 42 75 its

169 2591 176 75 tranfverfe
360 2591 178 75 apophyfis.
586 2591 99 75 From
701 2591 114 75 thence
829 2591 29 75 it
880 2591 75 75 runs
978 2591 42 75 up
1036 2591 166 75 obliquely

169 2638 185 75 backward,
373 2638 130 75 croffing
518 2638 102 75 under
635 2638 56 75 the
701 2638 155 75 fplenius,
871 2638 64 75 and
952 2638 90 75 often
1059 2638 140 75 commu-

171 2683 141 75 nicating
328 2683 78 75 with
423 2683 37 75 it,
486 2683 43 75 by
540 2683 85 75 fome
641 2683 141 75 fafciculi
799 2683 39 75 of
856 2683 106 75 fibres.

220 2729 33 75 It
268 2729 28 75 is
313 2729 186 75 afterwards
511 2729 139 75 inferted
661 2729 112 75 above,
790 2729 74 75 bya
875 2729 100 75 broad
987 2729 94 75 fiefhy
1094 2729 104 75 plane,

173 2775 31 75 in
221 2775 55 75 the
292 2775 153 75 pofterior
459 2775 72 75 part
547 2775 39 75 of
604 2775 55 75 the
674 2775 142 75 fuperior
831 2775 172 75 tranfverfe
1014 2775 63 75 line
1094 2775 40 75 of
1144 2775 55 75 the

173 2821 35 75 os
225 2821 158 75 occipitis,
407 2821 76 75 near
493 2821 55 75 the
562 2821 90 75 crifta
667 2821 130 75 orfpine
814 2821 40 75 of
872 2821 71 75 that
954 2821 96 75 bone.

175 2923 236 75 Complexus
429 2923 137 75 Minor
580 2923 75 75 five
669 2923 277 75 Mastoidjeus
959 2923 236 75 Lateralis.

219 3001 102 75 This
340 3001 27 75 is
385 3001 17 75 a
418 3001 88 75 long,
531 3001 133 75 {lender,
688 3001 127 75 narrow
830 3001 151 75 indented
991 3001 129 75 mufcle,
1145 3001 50 75 ly-

2102 175 100 75 Part
2228 175 48 75 II.

1244 240 54 75 ing
1310 240 95 75 along
1422 240 40 75 all
1481 240 55 75 the
1553 240 62 75 fide
1632 240 40 75 of
1690 240 54 75 the
1761 240 94 75 neck,
1880 240 44 75 up
1946 240 36 75 to
1997 240 56 75 the
2076 240 66 75 ear,
2169 240 108 75 where

1244 287 25 75 it
1285 287 154 75 increafes
1452 287 19 75 a
1485 287 87 75 little
1586 287 32 75 in
1635 287 147 75 breadth.

1292 332 30 75 It
1339 332 27 75 is
1383 332 100 75 fixed,
1509 332 43 75 by
1568 332 60 75 one
1644 332 186 75 extremity,
1855 332 32 75 in
1904 332 41 75 all
1970 332 55 75 the
2045 332 173 75 tranfverfe
2242 332 34 75 a-

1244 380 156 75 pophyfes
1413 380 40 75 of
1471 380 56 75 the
1545 380 90 75 neck,
1662 380 115 75 except
1793 380 55 75 the
1861 380 76 75 firft,
1963 380 43 75 by
2018 380 55 75 the
2084 380 85 75 fame
2185 380 91 75 num-

1245 425 55 75 ber
1317 425 40 75 of
1368 425 185 75 digitations
1565 425 38 75 or
1615 425 166 75 branches,
1805 425 113 75 moftly
1929 425 109 75 flefliy,
2056 425 62 75 and
2133 425 145 75 difpofed

1244 473 176 75 obliquely.

1293 518 96 75 From
1403 518 114 75 thence
1529 518 25 75 it
1571 518 140 75 afcends,
1737 518 63 75 and
1819 518 117 75 having
1952 518 135 75 reached
2104 518 101 75 above
2221 518 59 75 the

1245 565 174 75 tranfverfe
1436 565 165 75 apophyfis
1614 565 40 75 of
1666 565 55 75 the
1737 565 66 75 firft
1818 565 159 75 vertebra,
2001 565 26 75 it
2044 565 100 75 forms
2158 565 17 75 a
2187 565 89 75 fmall

1245 610 102 75 broad
1363 610 105 75 plane,
1492 610 44 75 by
1555 610 106 75 which
1678 610 26 75 it
1727 610 27 75 is
1770 610 138 75 inferted
1923 610 33 75 in
1970 610 56 75 the
2038 610 151 75 pofterior
2205 610 73 75 part

1246 657 39 75 of
1304 657 54 75 the
1371 657 167 75 apophyfis
1553 657 210 75 maftoidaeus.

1480 761 271 75 RECTUS
1800 761 241 75 MAJOR.

1291 839 104 75 This
1422 839 27 75 is
1467 839 17 75 a
1500 839 102 75 fmall,
1629 839 67 75 flat,
1721 839 85 75 fhort
1823 839 131 75 mufcle,
1977 839 102 75 broad
2098 839 31 75 at
2145 839 56 75 the
2215 839 59 75 up-

1247 884 56 75 per
1319 884 84 75 part,
1429 884 63 75 and
1508 884 126 75 narrow
1651 884 33 75 at
1699 884 56 75 the
1771 884 110 75 lower,
1899 884 134 75 fituated
2045 884 165 75 obliquely
2221 884 55 75 be-

1245 932 103 75 tween
1363 932 54 75 the
1433 932 128 75 occiput
1573 932 63 75 and
1650 932 117 75 fecond
1783 932 146 75 vertebra
1944 932 40 75 of
2001 932 56 75 the
2073 932 91 75 neck.

1293 979 32 75 It
1336 979 26 75 is
1380 979 89 75 fixed
1483 979 105 75 below
1597 979 37 75 to
1646 979 61 75 one
1722 979 119 75 branch
1858 979 41 75 of
1917 979 55 75 the
1993 979 180 75 bifurcated
2189 979 87 75 fpine

1247 1024 39 75 of
1303 1024 55 75 the
1374 1024 116 75 fecond
1502 1024 144 75 vertebra
1655 1024 42 75 of
1714 1024 57 75 the
1787 1024 93 75 neck,
1906 1024 34 75 at
1955 1024 19 75 a
1989 1024 172 75 tuberofity
2170 1024 106 75 which

1246 1070 25 75 is
1295 1070 90 75 often
1402 1070 100 75 found
1519 1070 33 75 at
1568 1070 55 75 the
1639 1070 100 75 upper
1754 1070 72 75 part
1848 1070 40 75 of
1906 1070 71 75 that
1997 1070 131 75 branch.
2178 1070 97 75 From

1246 1118 114 75 thence
1372 1118 25 75 it
1410 1118 127 75 afcends
1556 1118 18 75 a
1585 1118 83 75 little
1685 1118 165 75 obliquely
1861 1118 158 75 outward,
2044 1118 62 75 and
2121 1118 26 75 is
2165 1118 110 75 infert-

1247 1163 39 75 ed
1302 1163 33 75 in
1357 1163 56 75 the
1436 1163 152 75 pofterior
1604 1163 72 75 part
1697 1163 41 75 of
1756 1163 55 75 the
1826 1163 132 75 inferior
1974 1163 171 75 tranfverfe
2160 1163 65 75 line
2240 1163 41 75 of

1247 1209 55 75 the
1318 1209 35 75 os
1370 1209 156 75 occipitis,
1552 1209 33 75 at
1601 1209 19 75 a
1636 1209 88 75 fmall
1736 1209 137 75 diftance
1888 1209 84 75 from
1989 1209 55 75 the
2061 1209 103 75 crifta,
2182 1209 95 75 being

1247 1255 19 75 a
1279 1255 85 75 little
1380 1255 134 75 covered
1530 1255 45 75 by
1590 1255 56 75 the
1662 1255 148 75 obliquus
1822 1255 153 75 fuperior.

1481 1358 271 75 RECTUS
1801 1358 237 75 MINOR.

1294 1439 59 75 Th
1362 1439 29 75 is
1408 1439 118 75 mufcle
1541 1439 27 75 is
1585 1439 64 75 like
1661 1439 56 75 the
1733 1439 132 75 former,
1889 1439 64 75 and
1967 1439 26 75 it
2004 1439 56 75 has
2079 1439 64 75 alfo
2155 1439 19 75 a
2184 1439 90 75 fmall

1246 1485 150 75 infertion
1413 1485 116 75 below,
1547 1485 32 75 in
1596 1485 55 75 the
1668 1485 152 75 pofterior
1835 1485 160 75 eminence
2007 1485 40 75 of
2058 1485 54 75 the
2124 1485 64 75 firft
2202 1485 71 75 ver-

1248 1530 102 75 tebra.
1400 1530 97 75 From
1514 1530 114 75 thence
1644 1530 25 75 it
1686 1530 127 75 afcends
1836 1530 159 75 laterally,
2021 1530 61 75 and
2096 1530 25 75 is
2138 1530 136 75 inferted

1247 1578 216 75 immediately
1474 1578 101 75 under
1590 1578 55 75 the
1662 1578 151 75 pofterior
1828 1578 71 75 part
1911 1578 40 75 of
1961 1578 55 75 the
2031 1578 131 75 inferior
2175 1578 98 75 tranf-

1247 1622 87 75 verfe
1356 1622 63 75 line
1435 1622 41 75 of
1495 1622 55 75 the
1566 1622 36 75 os
1618 1622 157 75 occipitis,
1800 1622 32 75 in
1856 1622 20 75 a
1899 1622 174 75 fuperficial
2096 1622 113 75 foflula
2231 1622 42 75 on

1240 1669 69 75 :one
1325 1669 62 75 fide
1401 1669 42 75 of
1462 1669 55 75 the
1534 1669 91 75 crifta
1640 1669 190 75 occipitalis.

1259 1773 304 75 OBLIQUUS
1606 1773 296 75 SUPERIOR
1935 1773 75 75 five
2050 1773 209 75 MINOR.

1292 1852 102 75 This
1415 1852 116 75 mufcle
1548 1852 26 75 is
1597 1852 133 75 fituated
1754 1852 147 75 laterally
1916 1852 143 75 between
2076 1852 55 75 the
2146 1852 129 75 occiput

1246 1897 63 75 and
1323 1897 65 75 firft
1400 1897 162 75 vertebra,
1589 1897 94 75 being
1700 1897 110 75 nearly
1821 1897 45 75 of
1883 1897 56 75 the
1962 1897 84 75 fame
2069 1897 100 75 figure
2194 1897 77 75 with

1246 1943 55 75 the
1318 1943 64 75 two
1400 1943 89 75 refti.
1533 1943 37 75 It
1586 1943 26 75 is
1629 1943 87 75 fixed
1739 1943 35 75 to
1796 1943 56 75 the
1877 1943 61 75 end
1963 1943 39 75 of
2021 1943 55 75 the
2100 1943 173 75 tranfverfe

1246 1988 163 75 apophyfis
1426 1988 41 75 of
1485 1988 55 75 the
1556 1988 64 75 firft
1636 1988 168 75 vertebra;
1829 1988 84 75 from
1929 1988 131 75 whence
2075 1988 25 75 it
2123 1988 75 75 runs
2215 1988 57 75 up-

1245 2034 89 75 ward
1350 2034 63 75 and
1423 2034 254 75 very.obliquely
1692 2034 183 75 backward,
1900 2034 62 75 and
1978 2034 27 75 is
2021 2034 137 75 inferted
2168 2034 33 75 in
2217 2034 57 75 the

1246 2081 171 75 tranfverfe
1430 2081 63 75 line
1505 2081 40 75 of
1564 2081 54 75 the
1638 2081 36 75 os
1693 2081 157 75 occipitis,
1875 2081 109 75 altnoft
2001 2081 32 75 at
2051 2081 39 75 an
2105 2081 95 75 equal
2222 2081 51 75 di-

1247 2127 102 75 ftance
1364 2127 83 75 from
1459 2127 55 75 the
1531 2127 91 75 crifta
1637 2127 62 75 and
1714 2127 131 75 maftoid
1856 2127 178 75 apophyfis,
2058 2127 143 75 between
2216 2127 57 75 the

1246 2174 104 75 reeftus
1362 2174 102 75 major
1480 2174 61 75 and
1558 2174 192 75 compleftus
1765 2174 116 75 minor.

1265 2278 304 75 OBLIQUUS
1607 2278 293 75 INFERIOR
1932 2278 77 75 five
2047 2278 208 75 MAJOR.

1293 2357 36 75 It
1344 2357 26 75 is
1386 2357 134 75 fituated
1536 2357 31 75 in
1584 2357 19 75 a
1617 2357 149 75 contrary
1780 2357 152 75 direftion
1943 2357 36 75 to
1996 2357 54 75 the
2061 2357 149 75 obliquus
2223 2357 49 75 fu-

1248 2403 118 75 perior,
1390 2403 144 75 between
1551 2403 55 75 the
1618 2403 69 75 firft:
1702 2403 61 75 and
1771 2403 117 75 fecond
1900 2403 146 75 vertebra
2061 2403 40 75 of
2111 2403 56 75 the
2179 2403 93 75 neck,

1249 2449 187 75 refembling
1448 2449 70 75 that
1534 2449 115 75 mufcle
1665 2449 31 75 in
1713 2449 97 75 every
1825 2449 92 75 thing
1928 2449 58 75 but
2006 2449 55 75 the
2074 2449 71 75 fize.
2196 2449 32 75 It
2245 2449 27 75 is

1249 2495 87 75 fixed
1346 2495 106 75 below
1460 2495 35 75 to
1508 2495 60 75 one
1575 2495 105 75 ramus
1692 2495 40 75 of
1742 2495 54 75 the
1808 2495 178 75 bifurcated
1998 2495 97 75 fpinal
2108 2495 164 75 apophyfis

1250 2543 39 75 of
1307 2543 55 75 the
1377 2543 116 75 fecond
1507 2543 158 75 vertebra,
1689 2543 77 75 near
1784 2543 61 75 the
1868 2543 149 75 infertion
2039 2543 40 75 of
2098 2543 55 75 the
2170 2543 102 75 re<Sus

1250 2587 122 75 major;
1398 2587 85 75 from
1502 2587 127 75 Whence
1646 2587 25 75 it
1686 2587 76 75 runs
1779 2587 166 75 obliquely
1960 2587 146 75 upwards
2125 2587 63 75 and
2199 2587 72 75 out-

1249 2635 99 75 ward,
1375 2635 61 75 and
1451 2635 27 75 is
1494 2635 139 75 inferted
1648 2635 32 75 in
1703 2635 56 75 the
1783 2635 63 75 end
1869 2635 40 75 of
1922 2635 62 75 the
2007 2635 170 75 tranfverfe
2194 2635 76 75 apo-

1250 2680 101 75 phyfis
1368 2680 41 75 of
1426 2680 56 75 the
1505 2680 64 75 fiift
1586 2680 159 75 vertebra,
1766 2680 102 75 under
1886 2680 55 75 the
1953 2680 102 75 lower
2071 2680 150 75 infertion
2236 2680 41 75 of

1249 2727 55 75 the
1320 2727 148 75 obliquus
1486 2727 153 75 fuperior.

1270 2829 269 75 RECTUS
1593 2829 307 75 ANTICUS
1954 2829 292 75 LONGUS.

1293 2908 100 75 This
1412 2908 116 75 mufcle
1545 2908 39 75 is,
1610 2908 32 75 in
1659 2908 85 75 fome
1760 2908 151 75 meafure,
1937 2908 40 75 of
1995 2908 18 75 a
2035 2908 176 75 pyramidal
2233 2908 37 75 fi-

1248 2954 88 75 gure,
1354 2954 88 75 lying
1454 2954 94 75 along
1563 2954 55 75 the
1631 2954 139 75 anterior
1782 2954 62 75 and
1859 2954 111 75 lateral
1987 2954 88 75 parts
2088 2954 39 75 of
2133 2954 56 75 the
2202 2954 68 75 ver-

1247 3001 90 75 tebra
1351 3001 41 75 of
1411 3001 55 75 the
1482 3001 92 75 neck,
1600 3001 42 75 all
1655 3001 54 75 the
1722 3001 70 75 way
1804 3001 42 75 up
1860 3001 54 75 the
1932 3001 76 75 balis
2026 3001 110 75 cranii.
2236 3001 16 75 ^

727 172 997 75 ANATOMY.
