2428 3377
128 138 79 75 258

672 138 42 75 A
831 138 43 75 N
989 138 41 75 A
1142 138 40 75 T

129 204 104 75 crural
247 204 125 75 veffels,
397 204 105 75 which
520 204 79 75 they
614 204 140 75 involve,
772 204 64 75 and
852 204 53 75 are
921 204 170 75 gradually
1103 204 59 75 loft

129 251 33 75 in
175 251 85 75 their
275 251 110 75 courfe
402 251 199 75 downward.

173 298 55 75 To
241 298 89 75 thefe
347 298 73 75 four
434 298 205 75 produ&ions
668 298 42 75 of
724 298 54 75 the
796 298 131 75 cellular
942 298 165 75 fubftance
1126 298 41 75 of

125 346 56 75 the
198 346 220 75 peritoneum,
444 346 48 75 we
510 346 72 75 may
598 346 63 75 add
679 346 18 75 a
714 346 86 75 fifth,
827 346 105 75 which
949 346 26 75 is
991 346 112 75 fpread
1120 346 42 75 on

126 392 56 75 the
195 392 79 75 neck
291 392 41 75 of
343 392 56 75 the
415 392 147 75 bladder,
588 392 61 75 and
663 392 135 75 perhaps
822 392 19 75 a
853 392 96 75 fixth,
975 392 106 75 which
1110 392 51 75 ac-

127 439 180 75 companies
324 439 55 75 the
396 439 180 75 inteftinum
591 439 130 75 return.
771 439 57 75 All
846 439 88 75 thefe
961 439 200 75 elongations

125 486 70 75 pafs
222 486 58 75 out
308 486 40 75 of
375 486 56 75 the
463 486 107 75 cavity
595 486 115 75 of-the
735 486 170 75 abdomen,
931 486 64 75 and
1022 486 74 75 may
1123 486 40 75 be

125 533 126 75 termed
278 533 159 75 external,
464 533 34 75 to
526 533 182 75 diftinguifh
729 533 90 75 them
846 533 86 75 from
954 533 109 75 others
1093 533 72 75 that

124 579 120 75 remain
262 579 30 75 in
310 579 56 75 the
382 579 171 75 abdomen,
579 579 63 75 and
658 579 53 75 are
723 579 105 75 called
836 579 148 75 internal,
1011 579 40 75 of
1060 579 105 75 which

126 626 174 75 hereafter.

172 674 79 75 The
267 674 91 75 great
384 674 241 75 blood-veflels,
649 674 72 75 that
737 674 40 75 is,
802 674 57 75 the
887 674 91 75 aorta
1003 674 63 75 and
1084 674 81 75 vena

125 720 90 75 cava,
242 720 53 75 are
309 720 141 75 likewife
479 720 151 75 involved
657 720 34 75 in
708 720 64 75 this
797 720 133 75 cellular
954 720 159 75 fubftance
1130 720 41 75 of

128 767 56 75 the
209 767 221 75 peritonaeum.
481 767 38 75 In
552 767 19 75 a
595 767 102 75 word,
724 767 26 75 it
776 767 143 75 involves
948 767 219 75 immediately

125 815 64 75 and
204 815 177 75 feparately
404 815 43 75 all
464 815 56 75 the
537 815 87 75 parts
642 815 63 75 and
740 815 116 75 organs
881 815 107 75 which
1005 815 53 75 are
1076 815 87 75 com-

124 861 112 75 monly
251 861 68 75 faid
334 861 36 75 to
387 861 42 75 lie
446 861 32 75 in
495 861 56 75 the
571 861 199 75 duplicature
795 861 41 75 of
848 861 54 75 the
919 861 220 75 peritonaeum.

174 908 31 75 It
221 908 71 75 has,
310 908 226 75 neverthelefs,
562 908 203 75 productions
783 908 40 75 of
841 908 41 75 its
900 908 87 75 own,
1013 908 56 75 but
1086 908 79 75 they

125 956 54 75 are
207 956 78 75 very
301 956 151 75 different
475 956 86 75 from
578 956 91 75 thofe
685 956 42 75 of
746 956 56 75 the
819 956 131 75 cellular
977 956 162 75 fubftanee
1151 956 10 75 ;

125 1002 53 75 for
194 1002 79 75 they
286 1002 57 75 run
355 1002 84 75 from
458 1002 150 75 without,
632 1002 136 75 inward,
794 1002 70 75 that
880 1002 39 75 is,
934 1002 78 75 they
1017 1002 147 75 advance

125 1050 87 75 from
229 1050 55 75 the
302 1050 124 75 convex
444 1050 64 75 fide
524 1050 41 75 of
576 1050 56 75 the
644 1050 92 75 great
749 1050 63 75 bag
821 1050 39 75 of
873 1050 56 75 the
942 1050 219 75 peritonaeum,

125 1097 69 75 into
211 1097 56 75 the
283 1097 107 75 cavity
406 1097 39 75 of
473 1097 71 75 that
561 1097 75 75 bag,
661 1097 85 75 fome
764 1097 101 75 more,
891 1097 86 75 feme
1001 1097 73 75 lefs,
1100 1097 64 75 and

125 1144 66 75 alfo
220 1144 31 75 in
278 1144 152 75 different
458 1144 168 75 manners;
652 1144 36 75 as
716 1144 31 75 if
775 1144 55 75 the
858 1144 80 75 fides
971 1144 41 75 of
1030 1144 19 75 a
1073 1144 89 75 large

124 1190 65 75 ball
208 1190 36 75 or
260 1190 133 75 bladder
411 1190 84 75 were
510 1190 52 75 thr
569 1190 44 75 aft
629 1190 123 75 inward
774 1190 70 75 into
862 1190 55 75 the
933 1190 107 75 cavity
1056 1190 39 75 of
1106 1190 58 75 the

125 1237 66 75 ball
208 1237 37 75 or
257 1237 154 75 bladder..

173 1285 53 75 Of
237 1285 88 75 thefe
353 1285 137 75 internal
508 1285 199 75 elongations
725 1285 38 75 or
793 1285 236 75 introprefiions
1047 1285 40 75 of
1105 1285 56 75 the

123 1331 73 75 true
211 1331 118 75 lamina
345 1331 40 75 of
396 1331 55 75 the
467 1331 220 75 peritonaeum,
712 1331 86 75 fome
826 1331 53 75 are
903 1331 111 75 fimply
1037 1331 124 75 folded,

123 1378 67 75 like
207 1378 19 75 a
241 1378 201 75 duplicature
454 1378 9 75 •
484 1378 86 75 fome
587 1378 53 75 are
657 1378 169 75 expanded
840 1378 66 75 like
924 1378 148 75 inverted
1084 1378 78 75 bags

123 1424 40 75 Or
178 1424 114 75 facculi
310 1424 35 75 to
362 1424 127 75 contain
499 1424 85 75 fome
592 1424 102 75 vifeus
706 1424 9 75 ;
742 1424 86 75 fome
845 1424 94 75 begin
961 1424 43 75 by
1020 1424 18 75 a
1054 1424 108 75 fimple

122 1472 214 75 duplicature,
363 1472 60 75 and
442 1472 260 75 are^afterwards
719 1472 168 75 expanded
910 1472 69 75 into
996 1472 18 75 a
1042 1472 118 75 cavity,

123 1518 107 75 which
248 1518 144 75 contains
408 1518 86 75 fome
511 1518 120 75 organ;
651 1518 85 75 fome
753 1518 53 75 are
823 1518 189 75 alternately
1024 1518 137 75 extend-

124 1565 42 75 ed
182 1565 32 75 in
232 1565 55 75 the
313 1565 84 75 form
420 1565 39 75 of
479 1565 108 75 fimple
612 1565 229 75 duplicatures,
867 1565 63 75 and
946 1565 41 75 of
1005 1565 153 75 cavities;

123 1612 64 75 and
202 1612 105 75 laftly,
332 1612 87 75 fome
435 1612 84 75 form
532 1612 77 75 only
626 1612 20 75 a
661 1612 90 75 fmall
767 1612 163 75 eminence
942 1612 42 75 on
1001 1612 56 75 the
1072 1612 90 75 inner

124 1659 125 75 furface
267 1659 40 75 of
327 1659 57 75 the
400 1659 89 75 great
507 1659 107 75 cavity
624 1659 42 75 of
677 1659 56 75 the
745 1659 220 75 peritonaeum.

169 1705 77 75 The
264 1705 93 75 chief
364 1705 69 75 ufes
451 1705 40 75 of
510 1705 55 75 the
583 1705 208 75 peritonaeum
809 1705 68 75 are,
901 1705 36 75 to
952 1705 64 75 line
1029 1705 56 75 the
1107 1705 52 75 ca-

124 1752 71 75 vity
211 1752 40 75 of
263 1752 55 75 the
343 1752 170 75 abdomen,
539 1752 36 75 to
591 1752 99 75 invert
714 1752 56 75 the
786 1752 120 75 vifeera
934 1752 169 75 contained
1130 1752 31 75 in

122 1800 73 75 that
212 1800 103 75 cavity
335 1800 34 75 as
401 1800 32 75 in
466 1800 18 75 a
511 1800 146 75 common
675 1800 74 75 bag,
775 1800 36 75 to
837 1800 112 75 fupply
978 1800 88 75 them
1083 1800 78 75 with

116 1846 181 75 •particular
328 1846 102 75 coats,
455 1846 36 75 to
491 1828 10 49 -
522 1846 85 75 form
634 1846 219 75 productions,
877 1846 182 75 ligaments,
1084 1846 76 75 con-

128 1893 151 75 nexions,
306 1893 99 75 folds,
430 1893 135 75 vaginae,
587 1893 65 75 6'c.

171 1939 76 75 The
263 1939 63 75 fine
351 1939 79 75 fluid
454 1939 105 75 which
576 1939 166 75 tranfudes
759 1939 142 75 through
919 1939 56 75 the
991 1939 106 75 whole
1113 1939 48 75 in-

124 1986 102 75 ternal
256 1986 122 75 farface
394 1986 39 75 of
458 1986 55 75 the
530 1986 219 75 peritonaeum,
774 1986 148 75 prevents
939 1986 56 75 the
1012 1986 149 75 inconve-

122 2033 130 75 niences
279 2033 108 75 which
413 2033 207 75 might-arife
648 2033 85 75 from
760 2033 56 75 the
834 2033 161 75 continual
1017 2033 145 75 frictions

124 2079 62 75 and
218 2079 140 75 motions
382 2079 36 75 to
440 2079 106 75 which
571 2079 57 75 the
652 2079 120 75 vifeera
788 2079 39 75 of
855 2079 55 75 the
929 2079 156 75 abdomen
1108 2079 53 75 are

128 2125 143 75 expofed
286 2125 105 75 either
407 2125 159 75 naturally
584 2125 37 75 or
640 2125 44 75 by
696 2125 147 75 external
859 2125 162 75 impulfes.

180 2255 569 75 VENTRICULUS,*or
786 2255 319 75 STOMACH.

172 2348 77 75 The
265 2348 139 75 ftomach
421 2348 27 75 is
465 2348 19 75 a
499 2348 90 75 great
598 2348 63 75 bag
677 2348 37 75 or
729 2348 168 75 refervoir,
913 2348 135 75 fituated
1058 2348 106 75 partly

125 2395 34 75 in
169 2395 54 75 the
240 2395 60 75 left
320 2395 290 75 hypochondrium,
629 2395 62 75 and
707 2395 106 75 partly
829 2395 33 75 in
879 2395 55 75 the
947 2395 213 75 epigaftrium.

173 2442 76 75 The
265 2442 100 75 figure
382 2442 38 75 of
440 2442 56 75 the
518 2442 141 75 ftomach
680 2442 28 75 is
734 2442 64 75 like
815 2442 72 75 that
904 2442 39 75 of
963 2442 18 75 a
997 2442 163 75 bag-pipe,

127 2488 131 75 oblong,
282 2488 198 75 incurvated,
505 2488 87 75 large
611 2488 62 75 and
689 2488 166 75 capacious
873 2488 32 75 at
921 2488 61 75 one
999 2488 73 75 end,
1099 2488 63 75 and

126 2535 88 75 fmall
233 2535 61 75 and
311 2535 184 75 contracted
517 2535 33 75 at
567 2535 56 75 the
640 2535 107 75 other.

172 2581 76 75 The
266 2581 168 75 curvature
454 2581 39 75 of
513 2581 55 75 the
584 2581 139 75 ftomach
740 2581 89 75 gives
846 2581 37 75 us
900 2581 142 75 occafion
1060 2581 35 75 to
1112 2581 49 75 di-

126 2627 147 75 ftinguiih
297 2627 67 75 two
380 2627 111 75 arches
515 2627 31 75 in
569 2627 48 75 it;
645 2627 59 75 one
720 2627 101 75 large,
846 2627 107 75 which
979 2627 73 75 runs
1065 2627 95 75 along

128 2674 55 75 the
208 2674 134 75 greateft
359 2674 172 75 convexity
548 2674 9 75 ;
584 2674 64 75 and
665 2674 59 75 one
740 2674 102 75 fmall,
867 2674 134 75 direCtly
1017 2674 143 75 oppofite

127 2721 37 75 to
181 2721 55 75 the
267 2721 134 75 former.
450 2721 76 75 The
544 2721 78 75 fides
647 2721 40 75 of
699 2721 55 75 the
771 2721 152 75 ftomach,
949 2721 55 75 are
1021 2721 55 75 the
1093 2721 67 75 two

128 2766 112 75 lateral
253 2766 143 75 portions
410 2766 104 75 which
526 2766 41 75 lie
586 2766 143 75 between
737 2766 55 75 the
809 2766 65 75 two
891 2766 125 75 arches.

174 2811 76 75 The
267 2811 138 75 ftomach
422 2811 57 75 has
496 2811 65 75 two
585 2811 210 75 extremities,
821 2811 60 75 one
897 2811 102 75 large,
1024 2811 62 75 and
1098 2811 63 75 one

128 2859 89 75 fmall
234 2859 65 75 like
317 2859 17 75 a
351 2859 141 75 crosked
507 2859 123 75 funnel.
681 2859 30 75 It
734 2859 58 75 has
818 2859 66 75 two
901 2859 165 75 openings,
1093 2859 65 75 cal-

127 2906 54 75 led
197 2906 54 75 the
275 2906 123 75 orifices
423 2906 40 75 of
481 2906 56 75 the
560 2906 152 75 itomach,
738 2906 59 75 one
823 2906 143 75 between
990 2906 56 75 the
1068 2906 91 75 great

127 2951 175 75 extremity
319 2951 61 75 and
396 2951 54 75 the
467 2951 87 75 fmall
572 2951 180 75 curvature,
777 2951 55 75 the
849 2951 93 75 other
959 2951 32 75 at
1023 2951 55 75 the
1095 2951 64 75 end

128 2999 39 75 of
187 2999 54 75 the
256 2999 91 75 fmall
363 2999 37 75 or
416 2999 182 75 contracted
614 2999 186 75 extremity.
849 2999 76 75 The
941 2999 65 75 firft
1021 2999 139 75 opening

1298 139 41 75 O
1454 139 49 75 M
1617 139 53 75 Y.

2060 139 100 75 Part
2181 139 75 75 VL

1206 203 25 75 is
1250 203 18 75 a
1292 203 220 75 continuation
1541 203 40 75 of
1592 203 56 75 the
1664 203 211 75 cefophagus;
1901 203 57 75 the
1975 203 94 75 other
2091 203 85 75 joins
2194 203 59 75 the

1207 249 159 75 inteftinal
1391 249 103 75 canal,
1521 249 61 75 and
1599 249 26 75 is
1643 249 106 75 called
1768 249 147 75 pylorus.

1254 297 78 75 The
1349 297 88 75 great
1454 297 177 75 extremity
1641 297 41 75 of
1701 297 212 75 theitomach
1933 297 27 75 is
1979 297 31 75 in
2039 297 56 75 the
2107 297 65 75 left
2188 297 64 75 hy-

1209 343 243 75 pochondrium,
1479 343 64 75 and
1558 343 53 75 for
1637 343 57 75 the
1712 343 78 75 moft
1817 343 72 75 part
1914 343 217 75 immediately
2149 343 103 75 undex

1210 390 53 75 the
1282 390 202 75 diaphragm.

1257 437 77 75 The
1350 437 90 75 fmall
1456 437 176 75 extremity
1648 437 40 75 of
1700 437 55 75 the
1779 437 140 75 ftomach
1936 437 77 75 does
2031 437 57 75 not
2100 437 97 75 reach
2214 437 36 75 to

1210 483 55 75 the
1279 483 87 75 right
1380 483 291 75 hypochondrium.
1722 483 33 75 It
1769 483 101 75 bends
1894 483 168 75 obliquely
2077 483 179 75 backwafd.

1211 530 126 75 toward
1352 530 55 75 the
1440 530 102 75 upper
1569 530 121 75 orifice,
1716 530 34 75 fo
1767 530 70 75 that
1853 530 55 75 the
1925 530 132 75 pylorus
2075 530 57 75 lies
2151 530 100 75 about

1212 577 65 75 two
1294 577 117 75 fingers
1428 577 136 75 breaddi
1582 577 84 75 from
1694 577 55 75 the
1766 577 87 75 body
1876 577 40 75 of
1935 577 56 75 tire
2016 577 156 75 vertebrae
2188 577 63 75 im-

1213 624 174 75 mediately
1407 624 102 75 under
1524 624 56 75 the
1592 624 91 75 fmail
1699 624 129 75 portion
1844 624 40 75 of
1905 624 54 75 the
1976 624 93 75 liver,
2095 624 62 75 and
2175 624 76 75 coa-

1212 669 168 75 fequently
1410 669 102 75 lower
1538 669 109 75 down,
1674 669 62 75 and
1758 669 89 75 more
1870 669 141 75 forward
2033 669 77 75 than
2135 669 56 75 the
2215 669 36 75 o-

1213 717 73 75 ther
1310 717 109 75 orifice
1444 717 44 75 by
1504 717 112 75 alrnoft
1633 717 56 75 the
1703 717 85 75 fame
1801 717 151 75 diftance.

1260 764 186 75 According
1463 764 35 75 to
1514 764 65 75 this
1597 764 126 75 natural
1735 764 161 75 fituation,
1922 764 55 75 the
1993 764 156 75 ftomach,
2165 764 92 75 efpe-.

1212 810 105 75 ciafty.
1324 810 93 75 when
1433 810 75 75 full,
1532 810 59 75 lies
1616 810 35 75 fo
1678 810 34 75 as
1741 810 71 75 that
1840 810 55 75 the
1923 810 91 75 great
2038 810 177 75 curvature,
2225 810 27 75 is

1212 857 117 75 turned
1344 857 90 75 more
1446 857 132 75 upward
1593 857 79 75 than
1684 857 198 75 downward,
1908 857 63 75 and
1987 857 56 75 the
2063 857 91 75 frnail
2179 857 73 75 cur-

1210 904 112 75 vature
1339 904 90 75 more
1445 904 172 75 backward
1630 904 77 75 than
1724 904 146 75 upward.

1260 951 72 75 One
1349 951 40 75 of
1399 951 56 75 the
1471 951 113 75 lateral
1601 951 126 75 convex
1749 951 79 75 fides
1846 951 28 75 is
1892 951 116 75 turned
2025 951 145 75 upward,
2194 951 62 75 the.

1210 997 94 75 other
1319 997 206 75 downward;
1545 997 62 75 and
1619 997 56 75 not
1685 997 142 75 forward
1843 997 63 75 and
1917 997 184 75 backward,
2119 997 34 75 as
2170 997 81 75 they

1213 1044 114 75 appear
1344 1044 33 75 in
1394 1044 83 75 dead
1493 1044 127 75 bodies,
1648 1044 104 75 where
1769 1044 56 75 the
1845 1044 160 75 inteftines
2034 1044 44 75 do
2106 1044 57 75 not
2179 1044 72 75 fup-

1213 1090 70 75 part
1302 1090 88 75 them
1403 1090 31 75 in
1453 1090 84 75 their
1554 1090 123 75 natural
1696 1090 161 75 fituation.

1258 1137 76 75 The
1352 1137 139 75 ftomach
1504 1137 27 75 is
1545 1137 168 75 compofed
1730 1137 40 75 of
1781 1137 119 75 feveral
1918 1137 101 75 parts,
2046 1137 57 75 the
2118 1137 92 75 chiof
2215 1137 42 75 of

1212 1184 105 75 which
1335 1184 54 75 are
1412 1184 55 75 the
1496 1184 151 75 different
1673 1184 97 75 ftrata
1785 1184 105 75 which
1909 1184 83 75 form
2017 1184 42 75 its
2075 1184 175 75 fubftance,

1211 1231 35 75 to
1270 1231 106 75 which
1393 1231 180 75 anatpmifts
1607 1231 73 75 give
1710 1231 54 75 the
1780 1231 92 75 name
1890 1231 41 75 of
1949 1231 114 75 tunicas
2092 1231 37 75 or
2145 1231 104 75 coats.

1211 1277 109 75 Thefe
1337 1277 89 75 coats
1443 1277 54 75 are
1521 1277 184 75 commonly
1721 1277 161 75 reckoned
1898 1277 35 75 to
1950 1277 39 75 be
2006 1277 75 75 four
2097 1277 32 75 in
2158 1277 91 75 num-

1210 1323 70 75 ber,
1306 1323 56 75 the
1390 1323 93 75 outer
1506 1323 37 75 or
1561 1323 162 75 common,
1749 1323 55 75 the
1829 1323 98 75 flelhy
1943 1323 37 75 or
1997 1323 171 75 mafcular,
2193 1323 58 75 the

1212 1371 136 75 nervous
1366 1371 37 75 or
1412 1371 221 75 aponeurotic,
1652 1371 62 75 and
1726 1371 57 75 the
1794 1371 118 75 villous
1925 1371 36 75 or
1971 1371 90 75 inner
2074 1371 94 75 coat;
2181 1371 70 75 .and

1212 1417 79 75 they
1308 1417 53 75 are
1378 1417 188 75 afterwards
1583 1417 191 75 fubdivided
1789 1417 121 75 feveral
1926 1417 101 75 ways.

1257 1464 76 75 The
1349 1464 64 75 firft
1425 1464 38 75 or
1479 1464 174 75 outermoft
1670 1464 74 75 coat
1762 1464 26 75 is
1800 1464 112 75 fimply
1923 1464 239 75 membranous,
2188 1464 58 75 be-

1211 1511 54 75 ing
1282 1511 108 75 oneof
1409 1511 56 75 the
1481 1511 137 75 internal
1635 1511 204 75 prodniftions
1858 1511 40 75 of
1910 1511 55 75 the
1979 1511 222 75 peritonasum.

1258 1558 76 75 The
1357 1558 117 75 fecond
1487 1558 39 75 or
1551 1558 156 75 mufcular
1728 1558 73 75 coat
1821 1558 145 75 is-made
1991 1558 42 75 up
2057 1558 40 75 of
2124 1558 127 75 feveral,

1211 1604 108 75 planes
1337 1604 41 75 of
1396 1604 107 75 fibres,
1529 1604 108 75 which
1654 1604 73 75 may
1744 1604 42 75 all
1812 1604 39 75 be
1868 1604 140 75 reduced
2026 1604 33 75 to
2081 1604 79 75 two,
2187 1604 61 75 one

1212 1650 158 75 external,
1389 1650 56 75 the
1460 1650 94 75 other
1564 1650 150 75 internal.
1750 1650 10 75 I
1775 1650 41 75 he
1828 1650 145 75 external
1983 1650 74 75 coat
2068 1650 28 75 is
2107 1650 140 75 longitu-

1212 1697 99 75 dinal,
1337 1697 123 75 though
1483 1697 32 75 in
1533 1697 152 75 different
1709 1697 148 75 r.efpedts,
1883 1697 167 75 following
2065 1697 111 75 nearly
2192 1697 59 75 the

1213 1744 152 75 direffion
1383 1744 40 75 of
1443 1744 55 75 the
1516 1744 186 75 curvatures
1730 1744 62 75 and
1815 1744 198 75 convexities
2038 1744 40 75 of
2098 1744 56 75 the
2184 1744 62 75 fto-

1213 1790 91 75 mach
1315 1790 10 75 ;
1352 1790 63 75 and
1430 1790 57 75 the
1502 1790 139 75 internal
1651 1790 93 75 plane
1759 1790 29 75 is
1804 1790 210 75 tranfverfely
2030 1790 147 75 circular.

1259 1836 152 75 Between
1439 1836 56 75 the
1523 1836 94 75 outer
1639 1836 63 75 and
1718 1836 91 75 inner
1826 1836 123 75 planes,
1982 1836 104 75 round
2103 1836 56 75 the
2197 1836 51 75 fu-

1209 1882 127 75 periour
1354 1882 120 75 orifice,
1499 1882 92 75 there
1609 1882 53 75 are
1679 1882 67 75 two
1774 1882 124 75 diftinff
1931 1882 122 75 planes,
2079 1882 97 75 about
2190 1882 58 75 the

1212 1928 134 75 breadth
1364 1928 41 75 of
1424 1928 18 75 a
1476 1928 112 75 finger,
1615 1928 62 75 and
1693 1928 78 75 very
1795 1928 145 75 oblique,
1966 1928 105 75 which
2089 1928 158 75 furround

1213 1976 62 75 this
1293 1976 108 75 orifice
1424 1976 32 75 in
1485 1976 140 75 oppofite
1650 1976 183 75 direftions,
1860 1976 61 75 and
1952 1976 146 75 interfeift
2115 1976 78 75 each
2211 1976 35 75 o-

1212 2022 73 75 ther
1308 2022 107 75 where
1431 2022 77 75 they
1526 2022 84 75 meet
1627 2022 40 75 on
1685 2022 55 75 the
1754 2022 66 75 two
1832 2022 114 75 lateral
1962 2022 94 75 fides.

1260 2069 111 75 Along
1399 2069 55 75 the
1476 2069 121 75 middle
1621 2069 40 75 of
1684 2069 77 75 each
1790 2069 112 75 lateral
1928 2069 62 75 fide
2014 2069 40 75 of
2073 2069 57 75 the
2157 2069 91 75 fmall

1212 2114 189 75 extremity,
1427 2114 91 75 there
1541 2114 76 75 funs
1647 2114 18 75 a
1691 2114 170 75 tendinous
1893 2114 38 75 or
1956 2114 211 75 ligamentary
2191 2114 58 75 flat

1212 2163 141 75 portion,
1380 2163 100 75 above
1498 2163 18 75 a
1533 2163 131 75 quarter
1693 2163 39 75 of
1752 2163 40 75 an
1808 2163 73 75 inch
1910 2163 32 75 in
1966 2163 148 75 breadth,
2140 2163 108 75 which

1213 2209 183 75 terminates
1413 2209 32 75 in
1467 2209 56 75 the
1547 2209 145 75 pylorus.
1741 2209 108 75 Thefe
1866 2209 67 75 two
1960 2209 144 75 portions
2122 2209 41 75 lie
2192 2209 55 75 be-

1214 2257 102 75 tween
1332 2257 57 75 the
1401 2257 147 75 common
1573 2257 64 75 and
1652 2257 157 75 mufcular
1825 2257 104 75 coats,
1955 2257 62 75 and
2033 2257 119 75 adhere
2169 2257 79 75 very

1212 2302 143 75 ftrongly
1371 2302 35 75 to
1424 2302 56 75 the
1496 2302 78 75 firft.

1260 2349 152 75 Between
1440 2349 55 75 the
1526 2349 85 75 fame
1646 2349 66 75 two
1748 2349 101 75 coats,
1882 2349 93 75 there
2008 2349 28 75 is
2064 2349 19 75 a
2114 2349 133 75 cellular

1212 2397 160 75 fubftance
1390 2397 105 75 which
1513 2397 132 75 adheres
1658 2397 78 75 very
1751 2397 118 75 clofely
1878 2397 35 75 to
1928 2397 55 75 the
2000 2397 147 75 external
2159 2397 87 75 coat,

1213 2443 60 75 and
1295 2443 167 75 infinuates
1478 2443 91 75 itfelf
1589 2443 143 75 between
1755 2443 55 75 the
1827 2443 97 75 fleihy
1939 2443 96 75 fibres
2062 2443 41 75 of
2126 2443 55 75 the
2197 2443 47 75 fe-

1212 2490 96 75 cond,
1334 2490 41 75 all
1393 2490 55 75 the
1464 2490 70 75 way
1551 2490 35 75 to
1604 2490 54 75 the
1670 2490 100 75 third.

1257 2536 77 75 The
1349 2536 89 75 third
1461 2536 84 75 coat,
1577 2536 103 75 called
1696 2536 184 75 commonly
1902 2536 108 75 tunica
2026 2536 143 75 nervofa,
2194 2536 50 75 fu-

1211 2583 105 75 ftains,
1334 2583 42 75 on
1393 2583 41 75 its
1452 2583 125 75 convex
1600 2583 76 75 fide,
1709 2583 20 75 a
1756 2583 77 75 very
1860 2583 89 75 large
1966 2583 151 75 reticular
2139 2583 104 75 diftri-

1210 2629 112 75 bution
1340 2629 40 75 of
1398 2629 152 75 capillary
1572 2629 110 75 veflel.s
1699 2629 60 75 and
1789 2629 124 75 nerves.
1962 2629 55 75 On
2034 2629 55 75 the
2106 2629 139 75 concav^

1210 2676 76 75 fide,
1299 2676 26 75 it
1336 2676 99 75 feenis
1447 2676 35 75 to
1495 2676 39 75 be
1550 2676 41 75 of
1602 2676 18 75 a
1635 2676 80 75 very
1729 2676 88 75 loole
1833 2676 142 75 texture,
1993 2676 62 75 and
2071 2676 33 75 as
2121 2676 27 75 it
2158 2676 85 75 were

1209 2721 123 75 fpungy
1358 2721 40 75 or
1423 2721 213 75 filamentary,
1670 2721 183 75 containing
1887 2721 18 75 a
1928 2721 91 75 great
2047 2721 133 75 number
2206 2721 42 75 of

1209 2768 89 75 fmall
1315 2768 166 75 glandular
1501 2768 125 75 bodies,
1651 2768 168 75 efpecially
1836 2768 75 75 near
1933 2768 57 75 the
2005 2768 90 75 fmall
2127 2768 114 75 curva-

1211 2815 71 75 ture
1295 2815 63 75 and
1370 2815 88 75 fmall
1472 2815 175 75 extremity
1664 2815 40 75 of
1715 2815 55 75 the
1787 2815 153 75 ftomach.

1255 2862 77 75 The
1346 2862 113 75 fourth
1484 2862 73 75 coat
1572 2862 42 75 of
1632 2862 55 75 the
1703 2862 140 75 ftomach
1859 2862 25 75 is
1903 2862 123 75 termed
2036 2862 123 75 villofa,
2185 2862 60 75 be-,

1208 2908 103 75 caufe,
1329 2908 93 75 when
1433 2908 25 75 it
1475 2908 104 75 fwims
1596 2908 32 75 in
1653 2908 84 75 clear
1754 2908 112 75 water,
1890 2908 85 75 fome
1991 2908 80 75 have
2082 2908 165 75 imagined

1208 2956 78 75 they
1301 2956 63 75 faw
1375 2956 179 75 fomething
1570 2956 32 75 in
1617 2956 27 75 it
1659 2956 65 75 like
1740 2956 55 75 the
1808 2956 63 75 pile
1883 2956 40 75 of
1941 2956 118 75 velvet.

1252 3001 108 75 Thefe
1384 3001 66 75 two
1474 3001 89 75 coats
1588 3001 53 75 are
1657 3001 41 75 of
1716 3001 19 75 a
1749 3001 106 75 larger
1871 3001 114 75 extent
2001 3001 75 75 than
2095 3001 54 75 the
2166 3001 75 75 two,

2105 3041 131 75 fqrmer.
