2428 3377
138 140 100 75 Part
258 140 73 75 VI.

707 140 1000 75 ANATOMY.

2164 140 81 75 267

137 214 107 75 colon,
271 214 63 75 and
350 214 34 75 to
402 214 55 75 the
485 214 188 75 contiguous
701 214 87 75 parts
815 214 42 75 of
881 214 87 75 thefe
994 214 173 75 inteftines.

134 260 94 75 That
245 260 41 75 on
304 260 56 75 the
376 260 60 75 left
453 260 63 75 fide
532 260 27 75 is
576 260 88 75 fixed
680 260 35 75 to
733 260 55 75 the
815 260 210 75 longitudinal
1042 260 125 75 fcifiure

136 306 41 75 of
187 306 57 75 the
260 306 119 75 fpleen,
406 306 35 75 to
457 306 56 75 the
529 306 176 75 extremity
721 306 41 75 of
784 306 55 75 the
855 306 162 75 pancreas,
1042 306 63 75 and
1131 306 35 75 to

135 353 56 75 the
208 353 126 75 convex
349 353 63 75 fide
435 353 41 75 of
497 353 56 75 the
569 353 90 75 great
675 353 176 75 extremity
866 353 40 75 of
929 353 55 75 the
1012 353 153 75 ftomach.

136 399 31 75 It
184 399 26 75 is
227 399 64 75 like
293 399 73 75 wife
381 399 90 75 fixed
498 399 35 75 to
561 399 56 75 the
644 399 222 75 membranous
892 399 152 75 ligament
1061 399 105 75 which

136 447 128 75 fuftains
281 447 56 75 the
353 447 113 75 dudtus
488 447 227 75 cholidochus,
740 447 62 75 and
826 447 145 75 connects
999 447 26 75 it
1048 447 35 75 to
1110 447 56 75 the

136 493 80 75 vena
231 493 99 75 portse
347 493 165 75 ventralis.

182 539 113 75 Below
323 539 87 75 thefe
438 539 177 75 adhefions,
640 539 58 75 the
724 539 95 75 other
842 539 156 75 portions,
1023 539 72 75 that
1123 539 40 75 is,

135 585 55 75 the
207 585 151 75 anterior,
383 585 165 75 pofierior,
574 585 67 75 two
657 585 111 75 lateral
785 585 63 75 and
862 585 133 75 inferior
1007 585 156 75 portions,

134 632 107 75 which
256 632 57 75 laft
329 632 26 75 is
373 632 54 75 the
444 632 126 75 bottom
587 632 40 75 of
641 632 55 75 the
713 632 143 75 fucculus
873 632 185 75 epiploicus,
1084 632 81 75 have

135 678 183 75 commonly
329 678 42 75 no
383 678 87 75 fixed
488 678 211 75 connections,
716 678 59 75 but
790 678 42 75 lie
847 678 87 75 loofe
951 678 143 75 between
1110 678 55 75 the

135 724 151 75 fore-fide
308 724 41 75 of
360 724 55 75 the
432 724 107 75 cavity
555 724 40 75 of
607 724 53 75 the
678 724 156 75 abdomen
859 724 63 75 and
942 724 173 75 inteftines.

181 771 76 75 The
277 771 182 75 membrane
483 771 40 75 of
534 771 55 75 the
612 771 163 75 omentum
791 771 27 75 is
842 771 149 75 through,
999 771 42 75 its
1058 771 106 75 whole

135 817 114 75 extent
265 817 92 75 made
374 817 42 75 up
433 817 34 75 of
489 817 66 75 two
571 817 179 75 extremely
766 817 68 75 thin
850 817 122 75 laminas
985 817 113 75 joined
1120 817 44 75 by

136 863 18 75 a
171 863 130 75 cellular
317 863 158 75 fuftance;
502 863 55 75 the
574 863 148 75 quantity
739 863 41 75 of
790 863 105 75 which
919 863 27 75 is
963 863 79 75 very
1065 863 98 75 confi-

135 910 128 75 derable
279 910 95 75 along
390 910 55 75 the
457 910 237 75 blood-veffds,
720 910 105 75 which
841 910 26 75 it
884 910 96 75 every
991 910 108 75 where
1111 910 52 75 ac-

136 955 177 75 companies
330 955 32 75 in
379 955 101 75 broad
501 955 112 75 bands,
638 955 229 75 proportioned
885 955 34 75 to
935 955 56 75 the
1008 955 155 75 branches

134 1003 63 75 and
221 1003 222 75 ramifications
460 1003 40 75 of
512 1003 86 75 thefe
614 1003 125 75 veffels.
787 1003 108 75 Thefe
915 1003 132 75 cellular
1062 1003 101 75 bands

135 1048 55 75 are
206 1048 89 75 more
311 1048 37 75 or
363 1048 59 75 lefs
439 1048 89 75 filled
543 1048 79 75 with
650 1048 48 75 fat
725 1048 170 75 according
911 1048 35 75 to
971 1048 55 75 the
1049 1048 114 75 corpu-

139 1094 94 75 lency
249 1094 40 75 of
300 1094 55 75 the
371 1094 133 75 fubjedt.

183 1141 129 75 Befides
329 1141 63 75 this
408 1141 89 75 large
514 1141 222 75 membranous
765 1141 75 75 bag,
866 1141 91 75 there
984 1141 27 75 is
1030 1141 135 75 another

136 1187 93 75 much
245 1187 138 75 fmaller,
409 1187 105 75 which
531 1187 109 75 differs
658 1187 84 75 from
759 1187 55 75 the
827 1187 87 75 large
934 1187 73 75 one,
1033 1187 56 75 not
1106 1187 57 75 on-

136 1234 35 75 ly
198 1234 32 75 in
253 1234 74 75 fize,
353 1234 56 75 but
426 1234 66 75 alfo
507 1234 30 75 in
555 1234 112 75 figure,
692 1234 147 75 fituation
868 1234 62 75 and
958 1234 178 75 connexion
1151 1234 11 75 ;

139 1279 62 75 and
232 1279 65 75 this
328 1279 28 75 is
387 1279 56 75 the
474 1279 92 75 little
597 1279 172 75 omentum.
818 1279 85 75 This
932 1279 89 75 final!
1046 1279 62 75 bag
1135 1279 27 75 is

137 1326 88 75 fixed
248 1326 43 75 by
313 1326 42 75 its
380 1326 105 75 whole
512 1326 259 75 circumference,
797 1326 106 75 partly
930 1326 36 75 to
992 1326 55 75 the
1074 1326 90 75 fmall

138 1372 166 75 curvature
317 1372 39 75 of
367 1372 54 75 the
433 1372 152 75 ftomach,
604 1372 61 75 and
678 1372 104 75 partly
795 1372 34 75 to
841 1372 55 75 the
909 1372 137 75 concave
1057 1372 62 75 fide
1129 1372 41 75 of

140 1418 55 75 the
210 1418 81 75 liver
306 1418 111 75 before
433 1418 55 75 the
508 1418 79 75 finus
604 1418 39 75 of
656 1418 54 75 the
725 1418 81 75 vena
821 1418 112 75 portae,
950 1418 33 75 fo
996 1418 34 75 as
1046 1418 35 75 to
1097 1418 66 75 fur-

138 1464 103 75 round
257 1464 61 75 and
336 1464 127 75 contain
479 1464 55 75 the
546 1464 180 75 prominent
741 1464 128 75 portion
885 1464 40 75 of
936 1464 55 75 the
1008 1464 140 75 lobulus.

185 1510 77 75 The
288 1510 84 75 little
400 1510 162 75 omentum
578 1510 26 75 is
622 1510 127 75 thinner
778 1510 64 75 and
863 1510 88 75 more
967 1510 197 75 tranfvarent

139 1556 77 75 than
239 1556 54 75 the
310 1556 107 75 other,
443 1556 60 75 and
521 1556 41 75 its
579 1556 106 75 cavity
700 1556 180 75 diminifhes
897 1556 166 75 gradually
1079 1556 84 75 from

138 1602 55 75 the
210 1602 246 75 circumference
471 1602 36 75 to
523 1602 56 75 the
595 1602 138 75 bottom.
782 1602 48 75 Its
846 1602 151 75 ftrudture
1013 1602 26 75 is
1056 1602 109 75 pretty

138 1649 95 75 much
250 1649 54 75 the
320 1649 83 75 fame
425 1649 78 75 with
521 1649 70 75 that
618 1649 40 75 of
681 1649 55 75 the
760 1649 89 75 great
865 1649 174 75 omentum,
1064 1649 26 75 it
1107 1649 55 75 be-

138 1694 54 75 ing
208 1694 167 75 compofed
388 1694 40 75 of
434 1694 65 75 two
511 1694 136 75 laminae,
672 1694 79 75 with
768 1694 18 75 a
797 1694 145 75 niixture
958 1694 41 75 of
1010 1694 54 75 the
1080 1694 83 75 fame

138 1742 145 75 portions
308 1742 39 75 of
359 1742 61 75 fat,
446 1742 105 75 which
570 1742 52 75 are
640 1742 217 75 confiderably
872 1742 78 75 finer
967 1742 125 75 than'in
1108 1742 57 75 the

139 1787 108 75 other.

184 1835 77 75 The
284 1835 84 75 fatty
387 1835 188 75 appendices
592 1835 40 75 of
649 1835 55 75 the
720 1835 94 75 colon
831 1835 62 75 and
913 1835 118 75 retftum
1048 1835 116 75 appear

140 1880 33 75 to
190 1880 39 75 be
247 1880 18 75 a
280 1880 76 75 kind
374 1880 40 75 of
433 1880 88 75 fmall
548 1880 127 75 omenta
702 1880 37 75 or
767 1880 189 75 appendices
984 1880 177 75 epiploicae.

137 1926 98 75 They
252 1926 52 75 are
321 1926 133 75 fituated
478 1926 33 75 at
538 1926 149 75 different
714 1926 152 75 diftances
894 1926 94 75 along
1011 1926 88 75 thefe
1114 1926 47 75 in-

138 1972 137 75 teftines,
300 1972 94 75 being
409 1972 171 75 particular
596 1972 199 75 elongations
812 1972 40 75 of
863 1972 85 75 their
964 1972 145 75 common
1126 1972 38 75 or

137 2019 145 75 external
299 2019 85 75 coat.
431 2019 99 75 They
547 2019 53 75 are
612 2019 39 75 of
663 2019 55 75 the
738 2019 82 75 fame
836 2019 151 75 ftrudture
1003 2019 79 75 with
1106 2019 56 75 the

137 2065 91 75 great
243 2065 139 75 omenta,
407 2065 62 75 and
481 2065 89 75 there
587 2065 26 75 is
631 2065 18 75 a
665 2065 132 75 cellular
818 2065 161 75 fubftance
995 2065 171 75 contained

138 2110 30 75 in
181 2110 85 75 their
275 2110 211 75 duplicature,
510 2110 89 75 more
615 2110 38 75 or
669 2110 60 75 lefs
745 2110 88 75 filled
851 2110 77 75 with
944 2110 61 75 fat,
1030 2110 133 75 accord-

137 2156 53 75 ing
207 2156 33 75 as
256 2156 55 75 the
330 2156 120 75 fubjedt
469 2156 27 75 is
513 2156 48 75 fat
577 2156 37 75 or
629 2156 85 75 lean.

349 2262 97 75 Uses
472 2262 44 75 of
529 2262 53 75 the
605 2262 200 75 Abdominal
827 2262 146 75 Vifcera.

182 2341 85 75 The
298 2341 158 75 inteftines
480 2341 33 75 in
550 2341 126 75 general
704 2341 87 75 finifh
826 2341 88 75 what
940 2341 56 75 the
1024 2341 139 75 ftomach

138 2386 65 75 had
229 2386 124 75 begun..
395 2386 77 75 The
505 2386 187 75 alimentary
723 2386 82 75 pulp-
827 2386 117 75 having
971 2386 79 75 been
1079 2386 84 75 fuffi-

138 2431 115 75 eiently
268 2431 155 75 prepared
438 2431 43 75 by
497 2431 54 75 the
566 2431 111 75 fuccus
692 2431 164 75 gaftricus,
874 2431 36 75 or
929 2431 110 75 lymph
1057 2431 40 75 of
1109 2431 54 75 the

135 2478 153 75 ftomach,
312 2478 177 75 undergoes
512 2478 20 75 a
555 2478 123 75 further
707 2478 120 75 change
855 2478 43 75 by
922 2478 56 75 the
1005 2478 157 75 inteflinal

136 2523 123 75 lymph,
285 2523 75 75 bile,
386 2523 62 75 and
463 2523 178 75 pancreatic
654 2523 99 75 juice,
779 2523 43 75 by
846 2523 105 75 which
980 2523 55 75 the
1063 2523 101 75 milky

134 2573 108 75 liquor
258 2573 104 75 called
378 2573 83 75 chyle
477 2573 27 75 is
520 2573 175 75 produced,
721 2573 62 75 and
799 2573 65 75 this
887 2573 108 75 liquor
1007 2573 156 75 rendered

135 2616 79 75 fluid
229 2616 127 75 enough
372 2616 36 75 to
424 2616 89 75 enter
529 2616 55 75 the
608 2616 109 75 ladfeal
734 2616 109 75 veffels
872 2616 140 75 through
1029 2616 56 75 the
1112 2616 50 75 tu-

133 2665 73 75 nica
221 2665 110 75 villofa
350 2665 35 75 of
402 2665 54 75 the
473 2665 87 75 fmall
577 2665 172 75 inteftines,
774 2665 95 75 while
887 2665 55 75 the
959 2665 117 75 groffer
1087 2665 74 75 por-

135 2708 67 75 tion
231 2708 41 75 of
294 2708 55 75 the
377 2708 131 75 aliment
532 2708 163 75 continues
712 2708 40 75 its
770 2708 122 75 courfe,
916 2708 63 75 and
994 2708 169 75 becoming

135 2755 167 75 gradually
330 2755 126 75 thicker
484 2755 32 75 as
544 2755 25 75 it
594 2755 154 75 advances
764 2755 124 75 toward
905 2755 54 75 the
976 2755 89 75 great
1080 2755 81 75 inte-

135 2800 105 75 ftines,
265 2800 26 75 is
309 2800 90 75 there
415 2800 154 75 colledted
585 2800 42 75 by
644 2800 55 75 the
716 2800 91 75 name
868 2800 115 75 faces.

181 2848 76 75 The
274 2848 90 75 valve
381 2848 40 75 of
432 2848 54 75 the
503 2848 107 75 colon,
634 2848 106 75 which
770 2848 101 75 might
898 2848 90 75 more
1012 2848 152 75 properly

135 2892 39 75 be
191 2892 123 75 termed
323 2892 167 75 fpbintter
506 2892 37 75 or
553 2892 128 75 pylorus
699 2892 39 75 of
756 2892 56 75 the
828 2892 109 75 ileum,
961 2892 130 75 hinders
1109 2892 55 75 the

135 2940 94 75 feces
245 2940 83 75 from
346 2940 163 75 returning
526 2940 68 75 into
609 2940 56 75 the
688 2940 88 75 fmall
795 2940 171 75 infeftines.

181 2987 76 75 The
280 2987 167 75 glandular
469 2987 118 75 lacunas
604 2987 40 75 of
668 2987 55 75 the
741 2987 303 75 Inteftines.furnifh
1062 2987 101 75 conti-

1217 214 109 75 nually
1349 214 18 75 a
1383 214 78 75 kind
1489 214 41 75 of
1547 214 168 75 mucilage,
1740 214 104 75 which
1872 214 57 75 not
1946 214 78 75 only
2038 214 134 75 defends
2188 214 57 75 the

1215 260 134 75 internal
1367 260 73 75 coat
1455 260 85 75 from
1557 260 56 75 the
1632 260 162 75 acrimony
1814 260 40 75 of
1865 260 55 75 the
1936 260 106 75 fgeces,
2067 260 58 75 but
2139 260 105 75 ferves

1216 306 64 75 alfo
1303 306 35 75 to
1354 306 155 75 lubricate
1526 306 88 75 thefe
1630 306 93 75 fseces
1740 306 32 75 in
1793 306 186 75 proportion
1995 306 35 75 to
2050 306 84 75 their
2150 306 93 75 diffe-

1216 352 71 75 rent
1309 352 132 75 degrees
1460 352 41 75 of
1512 352 141 75 folidity.

1261 400 76 75 The
1353 400 179 75 inteftinum
1550 400 119 75 redtum
1701 400 27 75 is
1754 400 54 75 the
1824 400 57 75 laft
1899 400 198 75 refervatory
2124 400 41 75 of
2187 400 58 75 the

1214 446 107 75 feces.
1368 446 77 75 The
1463 446 88 75 great
1568 446 160 75 thicknefs
1755 446 41 75 of
1817 446 42 75 its
1887 446 157 75 mufcular
2070 446 85 75 coat,
2181 446 70 75 and

1215 491 54 75 the
1286 491 89 75 great
1399 491 134 75 number
1560 491 40 75 of
1619 491 210 75 longitudinal
1854 491 94 75 fibres
1978 491 44 75 by
2045 491 106 75 which
2180 491 64 75 this

1214 537 160 75 thicknefs
1394 537 27 75 is
1439 537 113 75 chiefly
1569 537 139 75 formed,
1733 537 112 75 enable
1862 537 26 75 it
1904 537 35 75 to
1952 537 88 75 yield
2056 537 35 75 to
2103 537 56 75 the
2176 537 67 75 col-

1215 583 101 75 ledted
1333 583 92 75 feces
1443 583 34 75 to
1493 583 33 75 fo
1543 583 90 75 great
1650 583 18 75 a
1683 583 129 75 degree,
1837 583 34 75 as
1888 583 36 75 to
1940 583 160 75 reprefent
2116 583 19 75 a
2156 583 89 75 large

1215 630 132 75 bladder
1364 630 38 75 or
1418 630 152 75 ftomach.
1618 630 78 75 The
1713 630 130 75 mufeuli
1860 630 157 75 levatores
2035 630 51 75 ani
2103 630 88 75 ferve
2209 630 35 75 to

1213 676 132 75 fufpend
1371 676 56 75 the
1456 676 99 75 lower
1580 676 130 75 portion
1738 676 41 75 of
1802 676 65 75 this
1894 676 156 75 inteftine,
2076 676 169 75 efpecially

1213 722 92 75 when
1322 722 82 75 full;
1431 722 62 75 and
1508 722 26 75 it
1550 722 29 75 is
1595 722 106 75 partly
1724 722 44 75 by
1794 722 56 75 the
1876 722 197 75 contradtion
2097 722 40 75 of
2156 722 87 75 thefe

1212 769 133 75 mufcles
1362 769 104 75 which
1484 769 167 75 overcome
1669 769 55 75 the
1741 769 156 75 fphindter
1920 769 40 75 of
1981 769 55 75 the
2054 769 89 75 anus,
2169 769 72 75 that

1212 815 55 75 the
1283 815 94 75 feces
1394 815 54 75 are
1463 815 187 75 difeharged
1666 815 57 75 out
1740 815 40 75 of
1790 815 56 75 the
1863 815 99 75 body.
1995 815 106 75 Thefe
2118 815 124 75 fphinc-

1213 862 63 75 ters
1305 862 85 75 form
1422 862 56 75 the
1504 862 90 75 third
1620 862 131 75 pylorus
1778 862 40 75 of
1840 862 56 75 the
1924 862 106 75 whole
2055 862 188 75 alimentary

1214 908 102 75 canal.

1258 954 76 75 The
1357 954 177 75 mefentery
1550 954 62 75 and
1627 954 180 75 mefocolon
1824 954 131 75 connedt
1983 954 55 75 the
2066 954 176 75 inteftines,

1212 1000 30 75 in
1260 1000 75 75 fuch
1353 1000 18 75 a
1387 1000 144 75 manner,
1557 1000 33 75 as
1614 1000 70 75 that
1702 1000 78 75 they
1797 1000 116 75 cannot
1929 1000 40 75 be
1988 1000 124 75 twifted
2129 1000 38 75 or
2183 1000 60 75 run

1211 1046 69 75 into
1312 1046 108 75 knots,
1451 1046 138 75 without
1616 1046 169 75 hindering
1813 1046 88 75 them
1929 1046 84 75 from
2040 1046 113 75 Hiding
2180 1046 64 75 and

1212 1093 142 75 yielding
1371 1093 35 75 to
1423 1093 78 75 each
1513 1093 94 75 other
1623 1093 174 75 according
1810 1093 35 75 to
1861 1093 56 75 the
1932 1093 151 75 different
2099 1093 143 75 poftures

1212 1138 40 75 of
1266 1138 55 75 the
1332 1138 100 75 body,
1451 1138 36 75 or
1504 1138 170 75 according
1691 1138 32 75 as
1741 1138 78 75 they
1831 1138 53 75 are
1900 1138 88 75 more
2004 1138 37 75 or
2056 1138 60 75 lefs
2133 1138 111 75 empty

1212 1185 36 75 or
1266 1185 73 75 full.

1258 1232 77 75 The
1347 1232 162 75 adhefions
1529 1232 40 75 of
1580 1232 56 75 the
1653 1232 178 75 mefentery
1846 1232 83 75 form
1947 1232 54 75 the
2019 1232 224 75 convolutions

1212 1278 39 75 of
1263 1278 41 75 all
1322 1278 54 75 the
1394 1278 87 75 fmall
1498 1278 159 75 inteftines
1674 1278 68 75 into
1759 1278 18 75 a
1793 1278 87 75 large
1897 1278 131 75 bundle,
2053 1278 191 75 irregularly

1212 1325 116 75 round,
1352 1325 106 75 which
1475 1325 60 75 fills
1554 1325 18 75 a
1583 1325 90 75 great
1685 1325 71 75 part
1773 1325 40 75 of
1824 1325 55 75 the
1896 1325 106 75 cavity
2018 1325 40 75 of
2069 1325 56 75 the
2141 1325 100 75 abdo-

1212 1371 84 75 men,
1321 1371 86 75 from
1423 1371 55 75 the
1496 1371 201 75 epigaftrium
1714 1371 198 75 downward.

1258 1417 76 75 The
1357 1417 180 75 mefocolon
1561 1417 46 75 by
1624 1417 43 75 its
1690 1417 147 75 adhefion
1853 1417 35 75 to
1906 1417 55 75 the
1981 1417 94 75 colon
2100 1417 101 75 forms
2221 1417 20 75 a

1211 1464 78 75 kind
1308 1464 40 75 of
1362 1464 122 75 feptum
1500 1464 221 75 tranfverfum,
1746 1464 143 75 between
1907 1464 54 75 the
1977 1464 89 75 fmall
2082 1464 161 75 inteftines

1212 1510 63 75 and
1286 1510 55 75 the
1353 1510 118 75 vifcera
1483 1510 168 75 contained
1663 1510 31 75 in
1707 1510 54 75 the
1778 1510 221 75 epigaftrium;
2020 1510 62 75 and
2096 1510 64 75 this
2173 1510 52 75 fcp
2225 1492 11 49 1
2236 1510 6 75 -

1212 1557 66 75 turn
1296 1557 144 75 fupports
1458 1557 54 75 the
1529 1557 79 75 liver
1624 1557 71 75 and'
1695 1557 142 75 ftomaeh
1855 1557 99 75 under
1972 1557 54 75 the
2043 1557 75 75 arch
2135 1557 40 75 of
2187 1557 56 75 the

1212 1603 199 75 diaphragm,
1426 1603 63 75 juft
1501 1603 33 75 as
1547 1603 95 75 much
1655 1603 33 75 as
1700 1603 26 75 it
1738 1603 26 75 is
1776 1603 155 75 fuftained
1942 1603 42 75 by
1996 1603 56 75 the
2067 1603 174 75 inteftines;

1258 1649 76 75 The
1351 1649 136 75 breadth
1510 1649 41 75 of
1573 1649 55 75 the
1653 1649 175 75 mefentery
1844 1649 61 75 and
1923 1649 179 75 mefocolon
2120 1649 122 75 affords

1212 1695 18 75 a
1246 1695 87 75 large
1350 1695 112 75 extent
1482 1695 35 75 to
1537 1695 55 75 the
1610 1695 222 75 ramifications
1849 1695 40 75 of
1900 1695 55 75 the
1970 1695 143 75 arteries,
2138 1695 102 75 veins;

1212 1742 62 75 and
1298 1742 124 75 nerves,
1455 1742 187 75 diftributed
1675 1742 140 75 through
1845 1742 88 75 them
1955 1742 43 75 by
2025 1742 217 75 innumerable

1212 1789 278 75 communications
1504 1789 61 75 and
1578 1789 219 75 anaftomofes,
1823 1789 43 75 by
1882 1789 107 75 means
2006 1789 40 75 of
2057 1789 104 75 which
2180 1789 63 75 any

1211 1834 125 75 portion
1364 1834 42 75 of
1424 1834 58 75 the
1506 1834 158 75 inteftines
1693 1834 73 75 may
1792 1834 40 75 be
1859 1834 157 75 fupplted,
2042 1834 123 75 though
2184 1834 57 75 the

1211 1881 152 75 principal
1380 1881 119 75 branch
1518 1881 103 75 which
1639 1881 87 75 leads
1755 1881 35 75 to
1814 1881 25 75 it
1863 1881 111 75 fhould
1993 1881 125 75 happen
2142 1881 34 75 to
2200 1881 42 75 be

1211 1928 191 75 compreffed
1420 1928 38 75 or
1473 1928 200 75 obftrudted..

1257 1974 75 75 The
1345 1974 131 75 cellular
1491 1974 161 75 fubftance
1668 1974 31 75 in
1717 1974 57 75 the
1790 1974 197 75 duplieature
2004 1974 40 75 of
2051 1974 54 75 the
2121 1974 120 75 mefen-

1211 2020 73 75 tery
1300 2020 60 75 and
1385 2020 192 75 mefocolon,
1604 2020 101 75 ferves
1722 2020 56 75 not
1795 2020 77 75 only
1884 2020 49 75 for
1951 2020 17 75 a
1984 2020 65 75 foft
2068 2020 63 75 bed
2147 2020 34 75 to
2198 2020 43 75 all

1211 2067 87 75 thefe
1315 2067 235 75 ramifications,
1575 2067 59 75 but
1650 2067 64 75 alfo
1742 2067 36 75 to
1805 2067 125 75 contain
1949 2067 90 75 thofe
2056 2067 184 75 colle&ions

1211 2112 40 75 of
1262 2112 47 75 fat
1320 2112 160 75 neceffary
1492 2112 51 75 for
1557 2112 55 75 the
1624 2112 172 75 formation
1808 2112 41 75 of
1860 2112 58 75 the
1929 2112 83 75 bile;
2032 2112 62 75 and
2107 2112 55 75 the
2175 2112 64 75 cel-

1211 2160 83 75 lular
1310 2160 159 75 fubftance
1486 2160 43 75 of,
1538 2160 55 75 the
1609 2160 178 75 mefentery
1803 2160 57 75 has
1878 2160 139 75 likewife
2040 2160 60 75 one
2119 2160 53 75 ufe
2185 2160 62 75 pe-

1212 2205 99 75 culiar
1328 2205 35 75 to
1381 2205 37 75 it,
1443 2205 106 75 which
1566 2205 26 75 is
1610 2205 34 75 to
1662 2205 96 75 invert
1776 2205 55 75 the
1856 2205 175 75 lymphatic
2047 2205 111 75 glands
2176 2205 64 75 and

1212 2251 113 75 Jadteal
1342 2251 125 75 veffels,
1492 2251 63 75 and
1581 2251 86 75 upon
1694 2251 64 75 this
1786 2251 135 75 account
1936 2251 24 75 it
1977 2251 27 75 is
2021 2251 124 75 thicker
2161 2251 90 75 than;

1211 2297 76 75 that,
1298 2297 40 75 of
1357 2297 55 75 the
1428 2297 196 75 mefocolon.

1257 2344 76 75 The
1349 2344 110 75 ladteal
1477 2344 109 75 veffels
1603 2344 95 75 being
1715 2344 63 75 firft
1798 2344 124 75 formed
1937 2344 44 75 by
1997 2344 19 75 a
2035 2344 131 75 copious
2189 2344 49 75 re-

1210 2390 113 75 ticular
1339 2390 129 75 texture
1488 2390 102 75 round
1607 2390 54 75 the
1674 2390 246 75 circumference
1939 2390 39 75 of
1990 2390 55 75 the
2062 2390 175 75 inteftines;

1209 2436 188 75 refembling
1410 2436 55 75 the
1481 2436 142 75 vafcular
1639 2436 144 75 network
1803 2436 40 75 of
1854 2436 70 75 that
1936 2436 102 75 canal,
2065 2436 62 75 and
2139 2436 100 75 after-

1210 2483 103 75 wards
1330 2483 123 75 uniting
1465 2483 96 75 every
1576 2483 107 75 where
1698 2483 140 75 through
1850 2483 55 75 the
1914 2483 201 75 duplicature
2131 2483 40 75 of
2182 2483 57 75 the

1211 2528 187 75 mefentery,
1432 2528 78 75 with
1539 2528 54 75 die
1621 2528 129 75 arterial
1778 2528 222 75 ramifications
2027 2528 106 75 which
2161 2528 79 75 they

1209 2575 139 75 likewife
1361 2575 191 75 accompany
1564 2575 31 75 in
1608 2575 95 75 many
1714 2575 105 75 places
1831 2575 10 75 ;
1860 2575 26 75 it
1901 2575 26 75 is
1945 2575 72 75 eafy
2029 2575 35 75 to
2075 2575 162 75 conceive;

1209 2621 72 75 that
1297 2621 55 75 the
1368 2621 154 75 pulfation
1539 2621 45 75 of
1601 2621 56 75 the
1673 2621 184 75 mefenteric
1873 2621 130 75 arteries
2031 2621 80 75 muft
2128 2621 111 75 propel

1210 2667 54 75 the
1285 2667 93 75 chyle
1394 2667 30 75 in
1442 2667 55 75 the
1513 2667 111 75 ladteal
1639 2667 109 75 vefiels
1764 2667 84 75 from
1865 2667 55 75 the
1943 2667 159 75 inteftines
2120 2667 33 75 to
2182 2667 56 75 the

1208 2715 234 75 receptaculum
1459 2715 101 75 chyli,
1582 2715 70 75 that
1671 2715 121 75 motion
1808 2715 95 75 being
1919 2715 133 75 fuitable
2069 2715 36 75 to
2120 2715 55 75 the
2187 2715 50 75 db

1208 2760 118 75 redlion
1343 2760 40 75 of
1393 2760 85 75 their
1493 2760 122 75 valves.

1255 2807 76 75 The
1347 2807 78 75 liver
1440 2807 27 75 is
1484 2807 55 75 the
1552 2807 152 75 principal
1717 2807 97 75 organ
1828 2807 51 75 for
1891 2807 55 75 the
1959 2807 153 75 fecretion
2125 2807 40 75 of
2177 2807 56 75 the

1210 2853 76 75 bile.
1333 2853 77 75 The
1424 2853 69 75 villi
1517 2853 40 75 of
1577 2853 69 75 that
1673 2853 149 75 immenfe
1849 2853 142 75 number
2007 2853 42 75 of
2070 2853 168 75 glandular

1211 2901 75 75 cells
1310 2901 40 75 of
1360 2901 105 75 which
1492 2901 25 75 it
1543 2901 26 75 is
1598 2901 181 75 compofed,
1805 2901 127 75 filtrate'
1932 2901 202 75 continually
2151 2901 85 75 from

1209 2947 55 75 the
1284 2947 97 75 blood
1398 2947 40 75 of
1448 2947 55 75 the
1519 2947 80 75 vena
1614 2947 99 75 portas
1737 2947 91 75 fmall
1851 2947 96 75 drops
1965 2947 39 75 of
2023 2947 76 75 bile,
2128 2947 108 75 which

1209 2996 187 75 afterwards
1414 2996 150 75 infinuate
1580 2996 202 75 themfclves'
1782 2996 69 75 into
1867 2996 56 75 the
1939 2996 72 75 pori
2032 2996 117 75 bilarii,
2174 2996 37 75 an
2224 2996 13 75 1

1233 3047 10 75 -

2181 3047 69 75 araj
