2477 3395
639 206 205 75 BUT

1168 206 18 75 (
1246 206 79 75 67S
1385 206 18 75 }

1709 206 36 75 B
1804 206 37 75 R
1899 206 18 75 I

230 266 154 75 Bridge
403 266 43 75 of
451 266 102 75 boats,
577 266 92 75 boats
687 266 93 75 made
796 266 40 75 of
848 266 128 75 copper,
1004 266 61 75 and
1078 266 113 75 joined
1207 266 63 75 fide

274 310 43 75 by
329 310 76 75 fide,
430 310 49 75 till
493 310 80 75 they
588 310 95 75 reach
701 310 120 75 a-crofs
839 310 18 75 a
873 310 97 75 river,
988 310 107 75 which
1107 310 95 75 being
1215 310 54 75 co-

274 358 98 75 vered
383 358 78 75 with
474 358 125 75 planks,
626 358 53 75 are
691 358 142 75 faflened
848 358 79 75 with
946 358 100 75 flakes
1063 358 38 75 or
1118 358 149 75 anchors.

228 405 154 75 Bridge
416 405 43 75 of
473 405 269 75 communication
770 405 26 75 is
825 405 71 75 that
920 405 93 75 made
1041 405 78 75 over
1136 405 18 75 a
1170 405 97 75 river,

275 450 43 75 by
347 450 105 75 which
472 450 65 75 two
562 450 128 75 armies,
715 450 38 75 or
781 450 95 75 forts,
902 450 106 75 which
1034 450 53 75 are
1105 450 164 75 feparated

275 497 43 75 by
334 497 73 75 that
425 497 96 75 river,
546 497 81 75 have
645 497 18 75 a
679 497 68 75 free
774 497 269 75 communication
1060 497 78 75 with
1157 497 60 75 one
1234 497 33 75 a-

276 545 128 75 nother.

229 591 153 75 Floating
408 591 170 75 Bridge,
603 591 20 75 a
650 591 113 75 bridge
789 591 92 75 made
898 591 54 75 ufe
967 591 48 75 of,
1041 591 32 75 in
1090 591 83 75 form
1191 591 40 75 of
1252 591 17 75 a

276 638 90 75 work
393 638 32 75 in
454 638 220 75 fortification,
701 638 104 75 called
833 638 19 75 a
876 638 151 75 redoubt,
1052 638 163 75 confifling
1233 638 41 75 of

276 685 67 75 two
371 685 105 75 boats,
502 685 137 75 covered
666 685 78 75 with
773 685 126 75 planks,
924 685 106 75 which
1065 685 54 75 are
1152 685 117 75 folidly

278 731 136 75 framed,
440 731 34 75 fo
491 731 34 75 as
541 731 36 75 to
594 731 76 75 bear
682 731 103 75 either
802 731 92 75 horfe
911 731 37 75 or
965 731 136 75 cannon.

230 778 170 75 Bridge,
425 778 32 75 in
481 778 155 75 gunnery,
661 778 65 75 the-
744 778 67 75 two
837 778 103 75 pieces
965 778 41 75 of
1028 778 116 75 timber
1161 778 107 75 which

277 825 42 75 go
351 825 144 75 between
523 825 56 75 the
606 825 66 75 two
699 825 155 75 tranfums
872 825 40 75 of
929 825 19 75 a
965 825 235 75 gun-carriage,
1226 825 43 75 on

277 872 106 75 which
400 872 55 75 the
467 872 63 75 bed
547 872 89 75 refts.

229 919 172 75 Bridge,
428 919 31 75 in
486 919 109 75 mufic,
621 919 19 75 a
667 919 82 75 term
778 919 52 75 for
857 919 73 75 that
957 919 71 75 part
1044 919 41 75 of
1096 919 17 75 a
1130 919 140 75 (fringed

276 965 185 75 inftrument
478 965 76 75 over
571 965 105 75 which
698 965 56 75 the
770 965 114 75 firings
900 965 53 75 are
972 965 173 75 ftretched.
1192 965 78 75 The

278 1012 113 75 bridge
418 1012 38 75 of
481 1012 18 75 a
526 1012 97 75 violin
645 1012 28 75 is
700 1012 100 75 about
827 1012 61 75 one
916 1012 73 75 inch
1007 1012 62 75 and
1094 1012 19 75 a
1138 1012 131 75 quarter

278 1058 90 75 high,
394 1058 63 75 and
474 1058 75 75 near
565 1058 40 75 an
621 1058 73 75 inch
712 1058 63 75 and
798 1058 18 75 a
834 1058 73 75 half
917 1058 90 75 long.

231 1105 303 75 Bridge-town,
561 1105 55 75 the
633 1105 116 75 capital
766 1105 35 75 of
818 1105 55 75 the
889 1105 99 75 ifland
1004 1105 40 75 of
1057 1105 184 75 Barbadoes
1256 1105 10 75 :

280 1152 92 75 Weft
388 1152 68 75 Ion.
489 1152 74 75 56°,
589 1152 62 75 and
667 1152 112 75 North
796 1152 56 75 lat.
877 1152 37 75 13
914 1134 25 49 0
939 1152 14 75 .
1003 1152 33 75 It
1052 1152 57 75 has
1127 1152 141 75 commo-

279 1198 93 75 dious
389 1198 121 75 wharfs
535 1198 50 75 for
604 1198 150 75 unlading
783 1198 113 75 goods,
922 1198 65 75 alfo
1005 1198 85 75 fome
1107 1198 82 75 forts
1206 1198 63 75 and

280 1245 109 75 caftles
408 1245 50 75 for
474 1245 56 75 the
546 1245 133 75 defence
696 1245 39 75 of
747 1245 55 75 the
819 1245 102 75 place.

231 1290 324 75 Bridge-north,
581 1290 19 75 a
623 1290 250 75 borough-town
891 1290 41 75 of
952 1290 199 75 Shropfhire,
1176 1290 92 75 fitua-

280 1338 53 75 ted
352 1338 40 75 on
410 1338 56 75 the
483 1338 84 75 river
586 1338 134 75 Severn,
746 1338 97 75 about
861 1338 110 75 fifteen
988 1338 91 75 miles
1096 1338 173 75 fouth-eaft

280 1384 39 75 of
333 1384 229 75 Shrewfbury:
590 1384 93 75 Weft
696 1384 67 75 Ion.
779 1384 17 75 2
796 1366 24 49 0
837 1384 54 75 30'
891 1384 12 75 ,
929 1384 64 75 and
1004 1384 111 75 North
1127 1384 58 75 lat.
1202 1384 40 75 52
1242 1366 25 49 0

280 1433 45 75 40
325 1415 11 49 ,
336 1433 12 75 .
399 1433 31 75 It
447 1433 90 75 fends
555 1433 65 75 two
632 1433 159 75 members
814 1433 35 75 to
866 1433 202 75 parliament.

232 1477 311 75 Bridgewater,
569 1477 18 75 a
614 1477 89 75 large
730 1477 253 75 borough-town
1019 1477 41 75 of
1093 1477 176 75 Somerfet-

279 1524 94 75 fhire,
399 1524 135 75 fituated
550 1524 75 75 near
641 1524 56 75 the
714 1524 113 75 mouth
844 1524 40 75 of
894 1524 55 75 the
967 1524 82 75 river
1066 1524 89 75 Evil,
1180 1524 33 75 in
1233 1524 16 75 3
1249 1506 21 49 0

279 1570 94 75 Weft
389 1570 90 75 long,
508 1570 62 75 and
597 1570 38 75 51
635 1552 23 49 0
696 1570 52 75 15'
775 1570 112 75 North
914 1570 59 75 lat.
1023 1570 33 75 It
1088 1570 92 75 fends
1204 1570 68 75 two

280 1616 159 75 members
457 1616 34 75 to
515 1616 202 75 parliament.

235 1663 199 75 BRIDLE,
458 1663 32 75 in
507 1663 55 75 the
580 1663 144 75 menage,
749 1663 19 75 a
785 1663 203 75 contrivance
1009 1663 93 75 made
1119 1663 39 75 of
1172 1663 98 75 ftraps

283 1710 38 75 or
347 1710 117 75 thongs
491 1710 40 75 of
550 1710 123 75 leather
697 1710 63 75 and
786 1710 105 75 pieces
907 1710 40 75 of
965 1710 84 75 iron,
1074 1710 32 75 in
1123 1710 95 75 order
1235 1710 36 75 to

282 1757 81 75 keep
381 1757 19 75 a
415 1757 94 75 horfe
526 1757 32 75 in
576 1757 174 75 fubje&ion
768 1757 62 75 and
846 1757 188 75 obedience.

328 1803 77 75 The
421 1803 120 75 feveral
558 1803 86 75 parts
660 1803 40 75 of
719 1803 18 75 a
752 1803 104 75 bridle
872 1803 54 75 are
937 1803 56 75 the
1005 1803 60 75 bit,
1090 1803 38 75 or
1144 1803 125 75 fnaffie;

282 1850 56 75 the
355 1850 183 75 head-ftall,
563 1850 37 75 or
627 1850 140 75 leathers
797 1850 84 75 from
910 1850 56 75 the
993 1850 58 75 top
1066 1850 40 75 of
1117 1850 55 75 the
1189 1850 84 75 head

281 1896 36 75 to
333 1896 56 75 the
405 1896 87 75 rings
509 1896 39 75 of
568 1896 56 75 the
651 1896 69 75 bit;
746 1896 56 75 the
819 1896 92 75 fillet,
936 1896 77 75 over
1029 1896 55 75 the
1101 1896 171 75 fore-head

282 1943 61 75 and
356 1943 101 75 under
474 1943 55 75 the
551 1943 165 75 fore-top;
742 1943 57 75 the
826 1943 224 75 throat-band,
1074 1943 107 75 which
1197 1943 74 75 but-

282 1990 73 75 tons
372 1990 84 75 from
473 1990 56 75 the
551 1990 185 75 head-band
752 1990 101 75 under
868 1990 56 75 the
941 1990 134 75 throat;
1101 1990 55 75 the
1173 1990 97 75 reins,

283 2035 38 75 or
333 2035 77 75 long
426 2035 118 75 thongs
566 2035 40 75 of
627 2035 124 75 leather
766 2035 72 75 that
855 2035 89 75 come
961 2035 84 75 from
1062 2035 55 75 the
1133 2035 87 75 rings
1237 2035 41 75 of

283 2082 55 75 the
353 2082 62 75 bit,
441 2082 63 75 and
519 2082 96 75 being
630 2082 62 75 call
709 2082 76 75 over
797 2082 186 75 thehorfe’s
998 2082 98 75 head,
1120 2082 55 75 the
1188 2082 86 75 rider

281 2131 96 75 holds
393 2131 89 75 them
499 2131 31 75 in
543 2131 49 75 his
605 2131 86 75 hand
702 2131 8 75 •
710 2131 5 75 ,
740 2131 55 75 the
804 2131 78 75 oofe
899 2131 98 75 band,
1021 2131 97 75 going
1130 2131 143 75 through

283 2177 93 75 loops
393 2177 33 75 at
443 2177 55 75 the
514 2177 83 75 back
612 2177 40 75 of
663 2177 56 75 the
735 2177 182 75 head-ftall,
943 2177 62 75 and
1022 2177 138 75 buckled
1171 2177 103 75 under

284 2224 56 75 the
358 2224 117 75 cheeks
487 2224 9 75 ;
523 2224 57 75 the
596 2224 113 75 trench
721 2224 11 75 ;
759 2224 55 75 the
831 2224 150 75 cavefan;
1007 2224 55 75 the
1079 2224 192 75 martingal;

285 2270 64 75 and
365 2270 55 75 the
438 2270 220 75 chaff-halter.

332 2316 129 75 Bridles
477 2316 159 75 imported
652 2316 62 75 pay
731 2316 21 75 a
765 2316 81 75 duty
863 2316 41 75 of
915 2316 21 75 4
946 2316 30 75 s.
994 2316 129 75 q-renyd.
1148 2316 56 75 the
1216 2316 59 75 do-

287 2364 60 75 zen
359 2364 11 75 ;
407 2364 150 75 whereof
584 2364 20 75 4
614 2364 28 75 s.
681 2364 127 75 3-r^d.
844 2364 28 75 is
902 2364 109 75 repaid
1038 2364 42 75 on
1106 2364 173 75 exporting

285 2410 90 75 them
392 2410 114 75 again:
533 2410 121 75 befides
669 2410 106 75 which
793 2410 77 75 they
893 2410 64 75 alfo
974 2410 61 75 pay
1054 2410 61 75 6s.
1137 2410 52 75 for
1205 2410 72 75 eve-

286 2456 39 75 ry
343 2456 43 75 20
397 2456 28 75 s.
450 2456 93 75 value
559 2456 84 75 upon
660 2456 90 75 oath,
775 2456 138 75 without
930 2456 61 75 any
1007 2456 182 75 drawback.

241 2501 276 75 Bridle-hand
544 2501 26 75 is
598 2501 56 75 the
680 2501 196 75 horfeman’s
902 2501 63 75 left
989 2501 99 75 hand,
1113 2501 55 75 the
1191 2501 88 75 right

290 2549 86 75 hand
392 2549 96 75 being
504 2549 56 75 the
577 2549 89 75 fpear
683 2549 37 75 or
734 2549 103 75 fword
855 2549 99 75 hand.

242 2598 47 75 To
303 2598 157 75 /wallow
477 2598 53 75 the
547 2598 165 75 Bridle,
738 2598 26 75 is
781 2598 67 75 faid
864 2598 40 75 of
923 2598 122 75 ahorfe
1061 2598 70 75 that
1147 2598 57 75 has
1221 2598 58 75 too

290 2643 82 75 wide
390 2643 18 75 a
424 2643 133 75 mouth,,
576 2643 62 75 and
650 2643 56 75 too
722 2643 89 75 fmall
829 2643 19 75 a
863 2643 191 75 bit-mouth.

241 2690 205 75 BRIDON,
471 2690 37 75 or
526 2690 187 75 Snaffle,
739 2690 84 75 after
838 2690 56 75 the
911 2690 133 75 Englilh
1060 2690 132 75 fafhion,
1217 2690 26 75 is
1261 2690 19 75 a

290 2735 77 75 very
384 2735 121 75 flender
527 2735 190 75 bit-mouth,
742 2735 137 75 without
901 2735 62 75 any
986 2735 168 75 branches.
1202 2735 78 75 The

290 2781 132 75 Englifh
439 2781 92 75 make
547 2781 94 75 much
658 2781 54 75 ufe
729 2781 39 75 of
787 2781 100 75 them,
914 2781 61 75 and
991 2781 140 75 fcarcely
1147 2781 54 75 ufe
1218 2781 64 75 any

292 2827 72 75 {rue
380 2827 125 75 bridles:
517 2827 116 75 except
644 2827 33 75 in
694 2827 56 75 the
761 2827 118 75 fervice
896 2827 39 75 of
946 2827 78 75 war.
1064 2827 77 75 The
1152 2827 128 75 French

293 2875 60 75 call
370 2875 87 75 them
474 2875 147 75 bridons,
645 2875 43 75 by
707 2875 71 75 way
795 2875 40 75 of
846 2875 175 75 diftindtion
1044 2875 86 75 from
1146 2875 133 75 bridles.

245 2920 264 75 BRIDPORT,
536 2920 18 75 a
570 2920 146 75 borough
733 2920 62 75 and
811 2920 178 75 port-town
1006 2920 40 75 of
1065 2920 214 75 Dorfetfhire,

293 2967 134 75 fituated
439 2967 99 75 about
549 2967 55 75 ten
619 2967 91 75 miles
728 2967 76 75 weft
814 2967 39 75 of
866 2967 195 75 Dorchefter
1073 2967 11 75 j
1110 2967 61 75 W.
1188 2967 89 75 long.

296 3013 17 75 5
313 2995 21 49 0
334 3013 13 75 ,
372 3013 63 75 and
450 3013 48 75 N.
516 3013 58 75 lat.
597 3013 60 75 50°
671 3013 68 75 4c/.

339 3061 31 75 It
386 3061 97 75 fends,
493 3061 67 75 two
577 3061 157 75 members
751 3061 35 75 to
802 3061 201 75 parliament.

1319 266 155 75 BRIEF,
1500 266 32 75 in
1551 266 93 75 Scots
1661 266 75 75 law,
1761 266 20 75 a
1797 266 74 75 writ
1887 266 97 75 iffued
2002 266 85 75 from
2111 266 55 75 the
2183 266 171 75 chancery,

1365 311 141 75 diredted
1523 311 35 75 to
1578 311 62 75 any
1659 311 280 75 judge-ordinary,
1966 311 223 75 commanding
2213 311 63 75 and
2300 311 55 75 au-

1366 358 154 75 thorifing
1544 358 70 75 that
1635 358 101 75 judge
1753 358 35 75 to
1804 358 61 75 call
1882 358 19 75 a
1921 358 77 75 jury
2015 358 36 75 to
2067 358 125 75 inquire
2216 358 68 75 into
2301 358 56 75 the

1366 405 69 75 cafe
1451 405 184 75 mentioned
1652 405 32 75 in
1701 405 55 75 the
1772 405 96 75 brief,
1894 405 62 75 and
1979 405 86 75 upon
2085 405 83 75 their
2185 405 119 75 verdidt
2321 405 36 75 to

1366 452 183 75 pronounce
1565 452 159 75 fentence.

1319 499 197 75 Apojlolical
1537 499 169 75 Briefs,'
1722 499 112 75 letters
1861 499 106 75 which
1995 499 56 75 the
2073 499 82 75 pope
2177 499 179 75 difpatches

1364 545 34 75 to
1416 545 137 75 princes,
1578 545 38 75 or
1632 545 93 75 other
1742 545 209 75 magiftrates,
1977 545 135 75 relating
2124 545 35 75 to
2171 545 61 75 any
2248 545 108 75 public

1367 591 103 75 affair.

1411 639 109 75 Thefe
1544 639 100 75 briefs
1671 639 53 75 are
1757 639 229 75 diftinguiftied
2011 639 83 75 from
2118 639 99 75 bulls,
2240 639 33 75 in
2305 639 50 75 re-

1365 684 79 75 gard
1461 684 55 75 the
1533 684 96 75 latter
1645 684 53 75 are
1715 684 88 75 more
1821 684 116 75 ample,
1955 684 62 75 and
2035 684 118 75 always
2168 684 128 75 written
2314 684 42 75 on

1364 731 196 75 parchment,
1580 731 62 75 and
1658 731 106 75 fealed
1776 731 76 75 with
1865 731 72 75 lead
1950 731 37 75 or
1999 731 95 75 green
2111 731 94 75 wax;
2233 731 121 75 where-

1365 777 32 75 as
1421 777 100 75 briefs
1546 777 54 75 are
1626 777 79 75 very
1730 777 135 75 concife,
1890 777 129 75 written
2044 777 42 75 on
2109 777 109 75 paper,
2250 777 106 75 fealed

1365 824 78 75 with
1462 824 57 75 red
1536 824 86 75 wax,
1648 824 62 75 and
1726 824 79 75 with
1829 824 56 75 the
1901 824 63 75 feal
1980 824 40 75 of
2039 824 56 75 the
2114 824 179 75 fifherman,
2317 824 37 75 or

1368 870 38 75 St
1423 870 96 75 Peter
1531 870 31 75 in
1576 870 18 75 a
1611 870 88 75 boat.

1317 919 164 75 BRIEG,
1508 919 19 75 a
1550 919 88 75 town
1661 919 40 75 of
1721 919 121 75 Silefia,
1868 919 98 75 about
1991 919 123 75 twenty
2130 919 92 75 miles
2245 919 109 75 fouth-

1365 964 61 75 eaft
1438 964 40 75 of
1489 964 138 75 Breftaw
1640 964 10 75 ;
1669 964 44 75 E.
1727 964 87 75 long.
1829 964 39 75 17
1868 946 25 49 0
1908 964 45 75 20
1966 964 8 75 ,
1994 964 62 75 and
2069 964 47 75 N.
2130 964 58 75 lat.
2206 964 65 75 50®
2286 964 68 75 50’.

1317 1012 279 75 BRIENNOIS,
1624 1012 54 75 the
1702 1012 153 75 fouthern
1882 1012 133 75 divifion
2039 1012 41 75 of
2104 1012 56 75 the
2185 1012 108 75 duchy
2318 1012 41 75 of

1367 1057 190 75 Burgundy,
1583 1057 32 75 in
1632 1057 134 75 France.

1316 1105 198 75 BRIEUX,
1541 1105 17 75 a
1575 1105 176 75 port-town
1772 1105 40 75 of
1831 1105 148 75 Britany,
2004 1105 32 75 in
2061 1105 135 75 France,
2221 1105 134 75 fituated

1364 1149 40 75 on
1422 1149 56 75 the
1501 1149 133 75 Englifti
1651 1149 147 75 channel,
1823 1149 98 75 about
1937 1149 101 75 thirty
2056 1149 91 75 miles
2164 1149 74 75 weft
2255 1149 39 75 of
2316 1149 39 75 St

1365 1197 115 75 Malo;
1505 1197 62 75 W.
1586 1197 88 75 long.
1695 1197 17 75 2
1712 1179 24 49 0
1758 1197 67 75 5c/,
1851 1197 63 75 and
1928 1197 48 75 N.
1994 1197 59 75 lat.
2073 1197 63 75 48°
2151 1197 68 75 4c/.

1317 1244 237 75 BRIGADE,
1580 1244 31 75 in
1628 1244 56 75 the
1700 1244 141 75 military
1853 1244 61 75 art,
1940 1244 19 75 a
1975 1244 94 75 party
2085 1244 37 75 or
2134 1244 131 75 divifion
2283 1244 41 75 of
2335 1244 19 75 a

1364 1288 88 75 body
1476 1288 40 75 of
1535 1288 145 75 foldiers,
1710 1288 146 75 whether
1878 1288 94 75 horfe
1997 1288 38 75 or
2058 1288 84 75 foot,
2176 1288 99 75 under
2298 1288 56 75 the

1365 1335 168 75 command
1550 1335 40 75 of
1608 1335 19 75 a
1644 1335 171 75 brigadier.

1412 1381 53 75 An
1489 1381 90 75 army
1596 1381 26 75 is
1646 1381 130 75 divided
1791 1381 69 75 into
1875 1381 149 75 brigades
2041 1381 40 75 of
2098 1381 93 75 horfe
2207 1381 62 75 and
2285 1381 66 75 bri-

1364 1428 96 75 gades
1477 1428 41 75 of
1536 1428 93 75 foot:
1657 1428 18 75 a
1691 1428 133 75 brigade
1840 1428 39 75 of
1898 1428 91 75 horfe
2005 1428 27 75 is
2057 1428 18 75 a
2099 1428 86 75 body
2204 1428 41 75 of
2264 1428 89 75 eight

1365 1474 38 75 or
1419 1474 53 75 ten
1489 1474 198 75 fquadrons;
1714 1474 19 75 a
1757 1474 131 75 brigade
1911 1474 39 75 of
1970 1474 71 75 foot
2057 1474 126 75 confifts
2206 1474 39 75 of
2266 1474 85 75 four,

1364 1521 73 75 five,
1462 1521 38 75 or
1515 1521 48 75 fix
1579 1521 187 75 battalions.

1411 1568 78 75 The
1505 1568 98 75 eldeft
1626 1568 130 75 brigade
1778 1568 58 75 has
1862 1568 55 75 the
1940 1568 88 75 right
2052 1568 40 75 of
2110 1568 55 75 the
2190 1568 64 75 firft
2276 1568 77 75 line,

1364 1614 63 75 and
1442 1614 56 75 the
1514 1614 116 75 fecond
1647 1614 55 75 the
1726 1614 88 75 right
1837 1614 41 75 of
1896 1614 56 75 the
1975 1614 127 75 fecond,
2128 1614 63 75 and
2215 1614 56 75 the
2287 1614 68 75 two

1365 1660 79 75 next
1463 1660 74 75 take
1553 1660 56 75 the
1631 1660 61 75 left
1708 1660 41 75 of
1767 1660 56 75 the
1846 1660 66 75 two
1928 1660 93 75 lines,
2046 1660 64 75 and
2131 1660 55 75 the
2202 1660 154 75 youngeft

1367 1707 87 75 ftand
1472 1707 32 75 in
1517 1707 60 75 the
1594 1707 122 75 centre.

1318 1754 340 75 Brigade-major,
1684 1754 26 75 is
1728 1754 40 75 an
1791 1754 109 75 officer
1923 1754 172 75 appointed
2115 1754 45 75 by
2175 1754 56 75 the
2247 1754 108 75 briga-

1366 1800 81 75 dier,
1473 1800 34 75 to
1524 1800 76 75 affift
1616 1800 68 75 him
1700 1800 33 75 in
1758 1800 55 75 the
1839 1800 219 75 management
2075 1800 62 75 and
2154 1800 150 75 ordering
2320 1800 41 75 of

1368 1847 49 75 his
1434 1847 146 75 brigade.

1318 1894 276 75 BRIGADIER
1618 1894 26 75 is
1661 1894 57 75 the
1734 1894 129 75 general
1879 1894 110 75 officer
2012 1894 75 75 who
2109 1894 58 75 has
2189 1894 56 75 the
2268 1894 87 75 com-

1366 1939 95 75 mand
1477 1939 41 75 of
1535 1939 19 75 a
1570 1939 143 75 brigade.
1763 1939 78 75 The
1853 1939 106 75 eldeft.
1967 1939 141 75 colonels
2125 1939 52 75 are
2194 1939 162 75 generally

1366 1985 161 75 advanced
1543 1985 35 75 to
1593 1985 65 75 this
1675 1985 80 75 port.
1803 1985 55 75 He
1875 1985 70 75 that
1961 1985 26 75 is
2005 1985 85 75 upon
2107 1985 82 75 duty
2206 1985 27 75 is
2250 1985 105 75 briga-

1365 2033 70 75 dier
1452 2033 42 75 of
1511 2033 57 75 the
1590 2033 78 75 day.
1715 2033 100 75 They
1837 2033 109 75 march
1971 2033 33 75 at
2028 2033 56 75 the
2108 2033 84 75 head
2213 2033 40 75 of
2272 2033 84 75 their

1366 2079 73 75 own
1455 2079 160 75 brigades,
1641 2079 64 75 and
1720 2079 54 75 are
1790 2079 137 75 allowed
1942 2079 19 75 a
1977 2079 138 75 ferjeant
2133 2079 64 75 and
2211 2079 55 75 ten
2282 2079 74 75 men

1368 2125 38 75 of
1426 2125 85 75 their
1523 2125 73 75 own
1612 2125 133 75 brigade
1762 2125 51 75 for
1830 2125 84 75 their
1931 2125 113 75 guard.

1320 2172 263 75 Brigadiers,
1609 2172 64 75 and
1689 2172 353 75 Sub-brigadiers,
2066 2172 54 75 are
2143 2172 84 75 polls
2251 2172 33 75 in
2300 2172 57 75 the

1369 2218 241 75 horfe-guards.

1321 2265 327 75 BRIGANDINE,
1673 2265 19 75 a
1709 2265 72 75 coat
1797 2265 40 75 of
1856 2265 89 75 mail,
1971 2265 19 75 a
2004 2265 79 75 kind
2098 2265 41 75 of
2158 2265 124 75 ancient
2299 2265 57 75 de-

1369 2311 115 75 fenfive
1512 2311 139 75 armour,
1689 2311 164 75 confifting
1876 2311 41 75 of
1946 2311 71 75 thin
2043 2311 129 75 jointed
2201 2311 98 75 fcales
2321 2311 42 75 of

1370 2357 97 75 plate,
1493 2357 100 75 pliant
1610 2357 62 75 and
1689 2357 73 75 eafy
1778 2357 36 75 to
1830 2357 55 75 the
1901 2357 100 75 body.

1324 2404 326 75 BRIGANTINE,
1674 2404 19 75 a
1717 2404 90 75 fmall
1831 2404 87 75 light
1938 2404 106 75 veffel,
2068 2404 106 75 which
2196 2404 57 75 can
2276 2404 81 75 both

1372 2450 66 75 row
1455 2450 62 75 and
1533 2450 56 75 fail
1611 2450 87 75 well,
1723 2450 63 75 and
1802 2450 26 75 is
1846 2450 102 75 either
1965 2450 52 75 for
2033 2450 134 75 fighting
2190 2450 38 75 or
2249 2450 110 75 giving

1372 2498 109 75 chace.
1531 2498 33 75 It
1587 2498 80 75 hath
1690 2498 99 75 about
1810 2498 115 75 twelve
1947 2498 38 75 or
2006 2498 110 75 fifteen
2139 2498 138 75 benches
2305 2498 53 75 for

1372 2545 55 75 the
1445 2545 131 75 rowers,
1593 2545 61 75 one
1671 2545 72 75 man
1755 2545 35 75 to
1808 2545 18 75 a
1841 2545 103 75 bench
1956 2545 10 75 ;
1992 2545 43 75 all
2052 2545 55 75 the
2123 2545 101 75 hands
2237 2545 122 75 aboard

1371 2591 54 75 are
1452 2591 144 75 foldiers,
1630 2591 63 75 and
1715 2591 77 75 each
1816 2591 74 75 man
1917 2591 77 75 hath
2022 2591 50 75 his
2100 2591 146 75 mufquet
2269 2591 90 75 lying

1371 2637 97 75 ready
1485 2637 101 75 under
1602 2637 50 75 his
1668 2637 70 75 oar.

1324 2684 169 75 BRIGG,
1519 2684 19 75 a
1553 2684 228 75 market-town
1797 2684 33 75 in
1850 2684 230 75 Lincolnfhire,
2105 2684 98 75 about
2219 2684 140 75 twenty-

1373 2729 73 75 four
1469 2729 91 75 miles
1586 2729 96 75 north
1704 2729 41 75 of
1763 2729 163 75 Lincoln;
1951 2729 64 75 W.
2031 2729 87 75 long.
2138 2729 68 75 2c/,
2231 2729 63 75 and
2309 2729 48 75 N.

1373 2776 58 75 lat.
1453 2776 39 75 53
1492 2758 21 49 0
1532 2776 70 75 40'.

1325 2822 474 75 BRIGHTELMSTONE,
1825 2822 19 75 a
1868 2822 83 75 little
1976 2822 176 75 port-town
2174 2822 34 75 in
2231 2822 126 75 Suffex,

1374 2869 99 75 about
1487 2869 93 75 feven
1592 2869 91 75 miles
1699 2869 184 75 fouth-weft
1896 2869 39 75 of
1946 2869 135 75 Lewes;
2106 2869 61 75 W.
2184 2869 90 75 long.
2292 2869 52 75 \d
2344 2901 14 49 t

1374 2914 61 75 and
1451 2914 47 75 N.
1512 2914 58 75 lat.
1592 2914 61 75 50°
1670 2914 43 75 $0
1727 2914 9 75 .

1326 2962 269 75 BRIHUEGA,
1621 2962 20 75 a
1656 2962 87 75 town
1760 2962 40 75 of
1818 2962 84 75 New
1920 2962 129 75 Caftile,
2074 2962 32 75 in
2125 2962 110 75 Spain,
2261 2962 99 75 about

1374 3007 197 75 forty-three
1587 3007 92 75 miles
1695 3007 175 75 north-eaft
1886 3007 40 75 of
1944 3007 156 75 Madrid;
2125 3007 62 75 W.
2204 3007 89 75 long.
2314 3007 17 75 3
2331 2989 26 49 0

1376 3058 54 75 20'
1430 3058 12 75 ,
1468 3058 65 75 and
1543 3058 48 75 N.
1607 3058 60 75 lat.
1686 3058 76 75 41°.

2194 3097 161 75 BRILL,
