2428 3377
148 191 4 75 •
164 191 120 75 ormer,
310 191 63 75 and
385 191 79 75 they
476 191 71 75 join
564 191 31 75 in
613 191 140 75 forming
773 191 90 75 large
880 191 86 75 rugae
983 191 42 75 on
1034 191 55 75 the
1103 191 76 75 con-

167 238 57 75 ave
240 238 123 75 furface
376 238 43 75 of
438 238 55 75 the
509 238 153 75 ftomach,
688 238 55 75 the
768 238 135 75 greatefl
920 238 73 75 part
1015 238 40 75 of
1077 238 107 75 which

167 285 34 75 re
218 285 186 75 tranfverfe,
429 285 125 75 though
566 285 158 75 irregular
740 285 63 75 and
819 285 138 75 waving.

194 330 38 75 In
249 330 56 75 the
320 330 176 75 interftices
514 330 41 75 of
573 330 88 75 thefe
678 330 99 75 rugae,
803 330 91 75 there
907 330 26 75 is
946 330 91 75 often
1051 330 102 75 found
1164 330 20 75 a

147 377 65 75 fort
239 377 41 75 of
298 377 90 75 flimy
415 377 126 75 mucus,
567 377 79 75 with
679 377 106 75 which
815 377 56 75 the
888 377 106 75 whole
1026 377 107 75 cavity
1149 377 40 75 of

146 423 56 75 the
219 423 141 75 ftomach
376 423 101 75 feems
501 423 141 75 likewife
666 423 35 75 to
718 423 39 75 be
774 423 186 75 moiftened.
1009 423 85 75 This
1113 423 69 75 mu-

145 470 56 75 cus
218 470 26 75 is
261 470 96 75 much
379 470 92 75 more
491 470 79 75 fluid
586 470 32 75 in
644 470 100 75 living
760 470 122 75 bodies,
908 470 63 75 and
987 470 27 75 is
1039 470 144 75 fupplied

142 517 46 75 t>y
199 517 56 75 the
268 517 112 75 glands
393 517 40 75 of
453 517 54 75 the
525 517 152 75 ftomach.
727 517 33 75 It
771 517 27 75 is
811 517 124 75 termed
945 517 113 75 fuccus
1071 517 110 75 gaftri-

141 563 57 75 cus
217 563 38 75 or
272 563 226 75 ftomachicus.

191 609 53 75 On
261 609 55 75 the
332 609 90 75 inner
434 609 123 75 furface
574 609 40 75 of
633 609 55 75 the
704 609 88 75 fmall
805 609 178 75 extremity
998 609 40 75 of
1049 609 57 75 the
1117 609 63 75 fto-

143 656 107 75 mach,
275 656 34 75 at
330 656 56 75 the
403 656 92 75 place
512 656 107 75 where
641 656 26 75 it
683 656 78 75 ends
778 656 33 75 in
829 656 55 75 the
900 656 158 75 inteftinal
1075 656 104 75 canal,

141 703 49 75 we
206 703 131 75 obferve
350 703 18 75 a
382 703 113 75 broad,
514 703 82 75 thin,
614 703 134 75 circular
760 703 129 75 border,
907 703 77 75 with
998 703 18 75 a
1029 703 146 75 roundifh

140 749 77 75 hole
233 749 32 75 in
282 749 56 75 the
354 749 133 75 middle.
536 749 87 75 This
639 749 76 75 hole
730 749 26 75 is
775 749 54 75 the
846 749 157 75 inferiour
1020 749 108 75 orifice
1144 749 41 75 of

140 796 55 75 the
212 796 151 75 ftomach,
389 796 105 75 called
512 796 44 75 by
572 796 54 75 the
644 796 129 75 Greeks
784 796 147 75 pylorus,
957 796 107 75 which
1083 796 91 75 figni-

141 842 55 75 fies
214 842 20 75 a
249 842 122 75 porter.

184 888 85 75 This
286 888 117 75 border
419 888 26 75 is
465 888 18 75 a
498 888 72 75 fold
586 888 37 75 or
639 888 200 75 duplicature
855 888 41 75 of
915 888 55 75 the
986 888 67 75 two
1083 888 91 75 inner

136 935 89 75 coats
249 935 41 75 of
304 935 56 75 the
372 935 151 75 ftomach,
549 935 55 75 the
622 935 130 75 nervofa
765 935 67 75 and
858 935 112 75 villofa
983 935 27 75 ;.
1020 935 66 75 and
1104 935 26 75 it
1146 935 27 75 is

135 982 128 75 formed
278 982 31 75 in
327 982 72 75 part
429 982 45 75 by
501 982 19 75 a
535 982 169 75 fafciculus
733 982 41 75 of
792 982 40 75 fie
836 982 54 75 Pay
911 982 95 75 fibres
1034 982 88 75 fixed
1138 982 32 75 in

135 1028 56 75 the
203 1028 200 75 duplicature
432 1028 41 75 of
498 1028 56 75 the
571 1028 108 75 tunica
701 1028 143 75 nervofa,
870 1028 63 75 and
950 1028 221 75 diftinguifhed

134 1074 58 75 not
201 1074 76 75 only
286 1074 85 75 from
378 1074 57 75 the
445 1074 95 75 other
553 1074 96 75 flefhy
656 1074 148 75 fibresof
811 1074 55 75 the
872 1074 177 75 extremity
1061 1074 40 75 of
1113 1074 56 75 the

132 1120 155 75 ftomach,
313 1120 57 75 but
387 1120 67 75 alfo
467 1120 185 75 fromthofe
669 1120 40 75 of
720 1120 55 75 the
791 1120 174 75 inteftines,
991 1120 42 75 by
1050 1120 19 75 a
1085 1120 83 75 thin,

130 1167 124 75 whitilh
279 1167 111 75 circle,
419 1167 105 75 which
550 1167 151 75 apppears
725 1167 78 75 even
828 1167 141 75 through
985 1167 56 75 the
1058 1167 108 75 exter-

130 1213 51 75 nal
198 1213 37 75 or
250 1213 148 75 common
414 1213 85 75 coat,
517 1213 104 75 round
637 1213 55 75 the
709 1213 96 75 union
821 1213 41 75 of
873 1213 56 75 the
946 1213 139 75 ftomach
1101 1213 63 75 and

129 1260 174 75 inteftines.

175 1307 76 75 The
266 1307 101 75 figure
383 1307 46 75 of
431 1307 54 75 the
501 1307 131 75 pylorus
649 1307 26 75 is
692 1307 71 75 that
779 1307 40 75 of
827 1307 18 75 a
857 1307 86 75 ring,
969 1307 190 75 tranfverfe-

127 1353 34 75 ly
185 1353 127 75 flatted,
338 1353 55 75 the
419 1353 91 75 inner
534 1353 80 75 edge
638 1353 41 75 of
697 1353 119 75 which,
841 1353 38 75 or
903 1353 71 75 that
1000 1353 80 75 next
1105 1353 56 75 the

127 1399 123 75 center,
274 1399 28 75 is
325 1399 118 75 turned
467 1399 164 75 obliquely
650 1399 125 75 toward
792 1399 55 75 the
873 1399 173 75 inteftines,
1064 1399 65 75 like
1146 1399 18 75 a

127 1446 102 75 broad
256 1446 127 75 portion
401 1446 41 75 of
461 1446 18 75 a
501 1446 122 75 funnel.
672 1446 85 75 This
786 1446 89 75 inner
902 1446 81 75 edge
1008 1446 74 75 runs
1106 1446 55 75 na-

126 1491 118 75 turally
259 1491 90 75 more
366 1491 37 75 or
419 1491 59 75 lefs
495 1491 69 75 into
580 1491 85 75 little
681 1491 94 75 plaits
792 1491 38 75 or
856 1491 142 75 gathers,
1023 1491 65 75 like
1106 1491 56 75 the

124 1539 113 75 mouth
254 1539 41 75 of
318 1539 19 75 a
363 1539 91 75 purfe
472 1539 111 75 almoft
598 1539 84 75 fhut.
731 1539 31 75 It
779 1539 27 75 is
823 1539 164 75 therefore
997 1539 16 75 a
1031 1539 79 75 kind
1126 1539 41 75 of

122 1585 171 75 fphincter,
318 1585 108 75 which
450 1585 61 75 can
531 1585 141 75 contract
684 1585 54 75 the
759 1585 133 75 inferior
904 1585 109 75 orifice
1036 1585 41 75 of
1102 1585 57 75 the

123 1632 157 75 ftomach,
311 1632 57 75 but
380 1632 99 75 feerris
501 1632 55 75 not
574 1632 130 75 capable
721 1632 40 75 of
767 1632 139 75 (hutting
918 1632 25 75 it
955 1632 89 75 quite
1062 1632 96 75 clofe.

169 1680 76 75 The
262 1680 140 75 ftomach
419 1680 138 75 receives
585 1680 33 75 in
636 1680 127 75 general
789 1680 162 75 whatever
973 1680 56 75 the
1046 1680 112 75 mouth

121 1725 91 75 fends
230 1725 135 75 thither,
390 1725 142 75 through
561 1725 55 75 the
633 1725 88 75 canal
740 1725 40 75 of
791 1725 55 75 the
862 1725 210 75 cefophagus;
1099 1725 58 75 but

121 1770 42 75 its
179 1770 175 75 partciujar
371 1770 52 75 ufe
456 1770 26 75 is
511 1770 35 75 to
573 1770 125 75 receive
722 1770 56 75 the
796 1770 159 75 aliments,
982 1770 34 75 to
1033 1770 127 75 contain

118 1818 88 75 them
224 1818 52 75 for
293 1818 19 75 a
336 1818 113 75 longer
465 1818 39 75 or
518 1818 123 75 fhorter
656 1818 90 75 time,
772 1818 32 75 in
820 1818 187 75 proportion
1026 1818 33 75 as
1076 1818 79 75 they

117 1866 54 75 ire
188 1866 89 75 more
299 1866 82 75 folid
396 1866 38 75 or
447 1866 93 75 fluid,
566 1866 63 75 and
645 1866 36 75 to
705 1866 100 75 digeft
832 1866 100 75 them,
957 1866 73 75 that
1054 1866 40 75 is,
1119 1866 35 75 to

116 1910 62 75 put-
191 1910 88 75 them
300 1910 29 75 in
352 1910 19 75 a
387 1910 165 75 condition
569 1910 36 75 to
621 1910 41 75 be
679 1910 115 75 turned
811 1910 68 75 into
896 1910 70 75 that
982 1910 171 75 nutritious

115 1958 79 75 fluid
218 1958 104 75 called
337 1958 107 75 chyle.

161 2005 85 75 This
274 2005 178 75 operation,
477 2005 107 75 which
613 2005 75 75 goes
709 2005 44 75 by
780 2005 56 75 the
860 2005 128 75 general
1009 2005 91 75 name
1117 2005 41 75 of

114 2051 168 75 digeflion,
308 2051 62 75 and
381 2051 44 75 by
441 2051 106 75 which
563 2051 216 75 chylification
797 2051 125 75 begins,
947 2051 26 75 is
991 2051 158 75 perform-

114 2096 42 75 ed
169 2096 107 75 partly
284 2096 44 75 by
344 2096 56 75 the
412 2096 109 75 fuccus
539 2096 165 75 gaftricus,
729 2096 105 75 which
847 2096 90 75 flows
954 2096 200 75 continually

112 2143 86 75 from
226 2143 55 75 the
310 2143 107 75 tunica
442 2143 123 75 villofa,
599 2143 62 75 and
697 2143 105 75 partly
831 2143 44 75 by
900 2143 55 75 the
988 2143 163 75 continual

112 2190 196 75 contraction
325 2190 61 75 and
404 2190 179 75 relaxation
600 2190 41 75 of
659 2190 56 75 the
732 2190 158 75 mufcular
907 2190 86 75 coat.

159 2238 76 75 The
267 2238 144 75 pylorus,
435 2238 40 75 or
489 2238 97 75 flefliy
612 2238 96 75 circle
731 2238 40 75 of
789 2238 55 75 the
860 2238 154 75 inferiour
1038 2238 112 75 orifice

111 2283 40 75 of
163 2283 54 75 the
245 2283 154 75 ftomach,
424 2283 103 75 ferves
555 2283 35 75 to
607 2283 102 75 retain
732 2283 55 75 the
811 2283 145 75 aliments
984 2283 32 75 in
1033 2283 38 75 it,
1097 2283 50 75 till

109 2329 79 75 they
211 2329 82 75 have
321 2329 152 75 acquired
500 2329 19 75 a
546 2329 154 75 fufficient
727 2329 116 75 degree
876 2329 40 75 of
949 2329 129 75 fluidity
1111 2329 36 75 to

108 2376 68 75 pafs
196 2376 95 75 eafily
308 2376 139 75 through
465 2376 236 75 that-opening.

154 2423 76 75 The
247 2423 105 75 gentle
368 2423 64 75 and
448 2423 154 75 alternate
631 2423 136 75 motions
785 2423 41 75 of
844 2423 56 75 the
917 2423 162 75 orbicular
1105 2423 38 75 fi-

107 2469 72 75 bres
196 2469 40 75 of
259 2469 55 75 the
342 2469 156 75 mufcular
513 2469 85 75 coat,
624 2469 74 75 may
715 2469 76 75 affift
807 2469 32 75 in
856 2469 131 75 fending
1000 2469 142 75 through

106 2516 56 75 the
179 2516 142 75 pylorus,
338 2516 32 75 in
380 2516 57 75 the
454 2516 124 75 natural
596 2516 82 75 way,
704 2516 56 75 the
777 2516 131 75 aliment
925 2516 68 75 that
1013 2516 26 75 is
1055 2516 86 75 fuffi-

105 2564 120 75 eientiy
234 2564 156 75 digefted.
414 2564 87 75 This
517 2564 65 75 was
600 2564 105 75 called
720 2564 56 75 the
795 2564 169 75 penftaltic
976 2564 36 75 or
1024 2564 117 75 vermi-

106 2608 87 75 cular
205 2608 133 75 motion,
357 2608 42 75 by
411 2608 91 75 thofe
519 2608 73 75 who
605 2608 147 75 believed
768 2608 71 75 that
855 2608 26 75 it
898 2608 25 75 is
940 2608 202 75 fucceflively

104 2656 181 75 reiterated,
311 2656 64 75 like
404 2656 69 75 that
501 2656 40 75 of
563 2656 226 75 earth-worms
814 2656 92 75 when
931 2656 80 75 they
1034 2656 105 75 creep.

150 2701 77 75 The
243 2701 145 75 fituation
414 2701 41 75 of
472 2701 56 75 the
560 2701 153 75 ftomach,
737 2701 107 75 which
861 2701 26 75 is
905 2701 111 75 nearly
1038 2701 100 75 tranf-

104 2746 99 75 verfe,
228 2746 27 75 is
284 2746 142 75 likewife
454 2746 42 75 of
516 2746 54 75 ufe
585 2746 34 75 in
644 2746 128 75 making
798 2746 54 75 the
870 2746 130 75 aliment
1019 2746 120 75 remain

103 2792 77 75 long
196 2792 126 75 enough
337 2792 33 75 in
387 2792 70 75 that
485 2792 118 75 cavity,
629 2792 62 75 and
706 2792 73 75 may
803 2792 88 75 ferve
919 2792 35 75 to
970 2792 93 75 make
1081 2792 57 75 the

104 2838 110 75 length
231 2838 40 75 of
293 2838 63 75 this
372 2838 67 75 ftay
461 2838 33 75 in
523 2838 85 75 fome
626 2838 141 75 mealure
792 2838 153 75 arbitary,
945 2870 17 49 :
971 2838 43 75 by
1030 2838 109 75 means

104 2885 40 75 of
155 2885 55 75 the
217 2885 150 75 different
383 2885 139 75 poftures
535 2885 40 75 of
592 2885 56 75 the
660 2885 108 75 body;
794 2885 52 75 for
860 2885 89 75 when
963 2885 49 75 we
1035 2885 42 75 he
1090 2885 44 75 on

102 2931 57 75 the
174 2931 60 75 left
251 2931 75 75 fide,
351 2931 55 75 the
423 2931 131 75 aliment
569 2931 80 75 muft
666 2931 121 75 remain
802 2931 124 75 longer,
943 2931 79 75 than
1038 2931 95 75 when

103 2980 49 75 we
167 2980 42 75 lie
226 2980 41 75 on
283 2980 55 75 the
350 2980 100 75 right,
477 2980 25 75 d
512 2980 30 75 f.

1314 189 234 75 Intestines
1565 189 37 75 in
1607 189 153 75 general,
1870 189 188 75 Inteftinum
2076 189 197 75 Duodenum

1614 235 35 75 in
1669 235 206 75 particular.

1277 315 188 75 Between
1480 315 56 75 the
1552 315 132 75 pylorus
1703 315 63 75 and
1786 315 56 75 the
1858 315 201 75 veryloweft
2075 315 73 75 part
2163 315 42 75 of
2216 315 56 75 the

1229 362 168 75 abdomen,
1422 362 59 75 lies
1505 362 19 75 a
1553 362 77 75 long
1655 362 103 75 canal,
1784 362 77 75 bent
1889 362 31 75 in
1940 362 18 75 a
1985 362 90 75 great
2093 362 96 75 many
2205 362 65 75 dif-

1227 409 105 75 ferent
1348 409 181 75 directions,
1556 409 43 75 by
1616 409 169 75 numerous
1796 409 224 75 convolutions
2047 409 38 75 or
2107 409 161 75 turnings,

1229 454 106 75 called
1352 454 192 75 theinteftin
1563 454 28 75 s.

1275 502 85 75 This
1378 502 103 75 canal,
1503 502 76 75 thus
1595 502 112 75 folded
1723 502 64 75 and
1803 502 128 75 turned,
1957 502 100 75 forms
2072 502 18 75 a
2107 502 159 75 confider-

1228 548 71 75 able
1309 548 94 75 bulk,
1428 548 105 75 \yhich
1550 548 62 75 fills
1621 548 56 75 the
1689 548 135 75 greateft
1836 548 72 75 part
1925 548 38 75 of
1972 548 55 75 the
2045 548 107 75 cavity
2163 548 41 75 of
2211 548 56 75 the

1228 595 175 75 abdomen;
1430 595 62 75 and
1507 595 27 75 it
1551 595 25 75 is
1589 595 186 75 connected,
1799 595 142 75 through
1954 595 41 75 its
2014 595 105 75 whole
2136 595 128 75 extent,

1226 641 35 75 to
1277 641 223 75 membranous
1518 641 203 75 productions
1740 641 37 75 or
1794 641 236 75 continuations
2046 641 41 75 of
2107 641 56 75 the
2179 641 86 75 peri-

1225 689 149 75 tonaeum,
1399 689 191 75 principally
1617 689 34 75 to
1668 689 90 75 thofe
1783 689 103 75 called
1914 689 54 75 the
1998 689 177 75 mefentery
2200 689 66 75 and

1223 736 195 75 mefocolon.

1268 783 77 75 The
1372 783 220 75 incurvations
1625 783 42 75 of
1692 783 56 75 the
1771 783 156 75 inteftinal
1954 783 90 75 canal
2077 783 85 75 form
2195 783 67 75 two

1222 829 123 75 arches,
1364 829 18 75 a
1390 829 89 75 fmall
1491 829 61 75 one
1565 829 43 75 by
1624 829 107 75 which
1747 829 26 75 it
1789 829 27 75 is
1826 829 174 75 connected
2015 829 35 75 to
2068 829 58 75 the
2139 829 121 75 mefen-

1220 874 74 75 tery
1310 874 63 75 and
1389 874 193 75 mefoc^lon,
1608 874 63 75 and
1684 874 18 75 a
1717 874 91 75 great
1814 874 64 75 one
1895 874 43 75 on
1951 874 55 75 the
2018 874 146 75 oppofite
2181 874 78 75 fide,

1221 922 105 75 which
1342 922 58 75 lies
1429 922 100 75 loofe.
1577 922 77 75 The
1683 922 105 75 whole
1812 922 89 75 canal
1926 922 27 75 is
1981 922 163 75 generally
2160 922 100 75 about

1219 969 92 75 feven
1329 969 37 75 or
1382 969 89 75 eight
1489 969 93 75 times
1601 969 33 75 as
1650 969 77 75 long
1744 969 33 75 as
1795 969 55 75 the
1863 969 99 75 body.

1264 1016 78 75 The
1374 1016 160 75 inteftines
1567 1016 33 75 in
1633 1016 127 75 general
1790 1016 52 75 are
1871 1016 169 75 compofed
2068 1016 41 75 of
2135 1016 121 75 feveral

1217 1062 102 75 coats,
1356 1062 95 75 much
1482 1062 32 75 in
1540 1062 55 75 the
1627 1062 85 75 fame
1739 1062 131 75 manner
1897 1062 80 75 with
2009 1062 56 75 the
2096 1062 160 75 ftomach.

1215 1109 76 75 The
1307 1109 65 75 firft
1399 1109 63 75 and
1489 1109 173 75 outermoft
1678 1109 25 75 is
1722 1109 19 75 a
1768 1109 220 75 continuation
2005 1109 40 75 of
2057 1109 55 75 the
2129 1109 123 75 mefen-

1215 1155 82 75 tery,
1323 1155 38 75 or
1377 1155 41 75 of
1434 1155 88 75 fome
1531 1155 102 75 "other
1656 1155 182 75 elongation
1864 1155 37 75 or
1917 1155 200 75 duplicature
2145 1155 40 75 of
2197 1155 56 75 the

1215 1202 222 75 peritonaeum.

1260 1249 84 75 This
1361 1249 27 75 is
1417 1249 182 75 commonly
1630 1249 126 75 termed
1779 1249 57 75 the
1858 1249 147 75 common
2022 1249 96 75 coat;
2146 1249 62 75 and
2224 1249 27 75 it

1213 1295 57 75 has
1287 1295 18 75 a
1322 1295 134 75 cellular
1472 1295 159 75 fubftance
1648 1295 42 75 on
1717 1295 42 75 its
1776 1295 91 75 inner
1883 1295 136 75 furface,
2043 1295 66 75 like
2127 1295 70 75 that
2214 1295 41 75 of

1213 1342 55 75 the
1284 1342 153 75 ftomach.

1258 1389 76 75 The
1351 1389 117 75 fecond
1484 1389 75 75 coat
1576 1389 40 75 of
1627 1389 55 75 the
1690 1389 161 75 inteftines
1869 1389 26 75 is
1921 1389 96 75 flefhy
2030 1389 38 75 or
2079 1389 169 75 mufcular,

1210 1435 62 75 and
1288 1435 93 75 made
1399 1435 41 75 up
1458 1435 40 75 of
1518 1435 65 75 two
1599 1435 122 75 planes,
1746 1435 60 75 one
1827 1435 158 75 external,
2011 1435 56 75 the
2083 1435 95 75 other
2199 1435 33 75 in

1210 1482 114 75 ternal.
1372 1482 78 75 The
1467 1482 146 75 external
1638 1482 92 75 plane
1746 1482 27 75 is
1800 1482 79 75 very
1907 1482 83 75 thin,
2016 1482 63 75 and
2093 1482 42 75 its
2152 1482 96 75 fibres

1208 1530 233 75 longitudinal;
1468 1530 55 75 the
1555 1530 135 75 internal
1717 1530 93 75 plane
1842 1530 26 75 is
1894 1530 139 75 thicker,
2059 1530 63 75 and
2143 1530 42 75 its
2208 1530 39 75 fi-

1207 1576 72 75 bres
1297 1576 59 75 run
1377 1576 208 75 tranfverfely
1600 1576 104 75 round
1729 1576 55 75 the
1801 1576 248 75 circumVerence
2066 1576 40 75 of
2123 1576 56 75 the
2194 1576 50 75 in-

1207 1622 123 75 teftinal
1347 1622 161 75 cylinder.

1252 1669 77 75 The
1357 1669 90 75 third
1475 1669 74 75 coat
1574 1669 26 75 is
1629 1669 104 75 called
1760 1669 143 75 nervofa,
1930 1669 63 75 and
2020 1669 26 75 is
2063 1669 180 75 fomething

1205 1715 64 75 like
1301 1715 71 75 that
1401 1715 40 75 of
1462 1715 55 75 the
1541 1715 153 75 ftomach.
1748 1715 32 75 It
1806 1715 56 75 has
1891 1715 19 75 a
1936 1715 173 75 particular
2133 1715 107 75 plane,

1205 1762 106 75 which
1344 1762 105 75 ferves
1478 1762 33 75 as
1529 1762 18 75 a
1574 1762 79 75 bafis
1669 1762 36 75 to
1729 1762 111 75 fuftain
1866 1762 38 75 it,
1930 1762 92 75 made
2040 1762 41 75 up
2099 1762 40 75 of
2160 1762 80 75 very

1204 1809 73 75 fine,
1304 1809 118 75 ftrong,
1447 1809 132 75 oblique
1594 1809 109 75 fibres,
1728 1809 107 75 which
1860 1809 83 75 feem
1959 1809 36 75 to
2011 1809 39 75 be
2067 1809 40 75 of
2118 1809 55 75 the
2199 1809 40 75 li-

1204 1855 188 75 gamentary
1407 1855 38 75 or
1460 1855 171 75 tendinous
1649 1855 90 75 kind.

1248 1903 86 75 This
1351 1903 73 75 coat
1448 1903 129 75 fuftains
1605 1903 67 75 two
1688 1903 149 75 reticular
1859 1903 175 75 fubftances
2059 1903 108 75 which
2183 1903 55 75 are

1201 1950 79 75 both
1292 1950 156 75 vafcular,
1472 1950 61 75 one
1549 1950 142 75 arterial,
1716 1950 55 75 the
1788 1950 93 75 other
1888 1950 104 75 venal,
2011 1950 227 75 accompanied

1200 1995 44 75 by
1261 1995 18 75 a
1295 1995 91 75 great
1402 1995 134 75 number
1552 1995 41 75 of
1611 1995 137 75 nervous
1765 1995 171 75 filaments.
1984 1995 111 75 Thefe
2126 1995 110 75 veffels

1200 2042 62 75 and
1278 2042 112 75 nerves
1410 2042 53 75 are
1491 2042 204 75 productions
1712 2042 40 75 of
1774 2042 55 75 the
1846 2042 185 75 mefenteric
2047 2042 110 75 veflels
2173 2042 64 75 and

1199 2089 112 75 nerves
1323 2089 8 75 ;
1360 2089 62 75 and
1438 2089 33 75 as
1489 2089 77 75 they
1582 2089 156 75 furround
1762 2089 55 75 the
1829 2089 105 75 whole
1947 2089 88 75 canal
2062 2089 41 75 of
2114 2089 56 75 the
2186 2089 49 75 in-

1197 2136 140 75 teftines,
1354 2136 86 75 fome
1448 2136 185 75 anatomifts
1649 2136 82 75 have
1748 2136 126 75 formed
1886 2136 88 75 them
1990 2136 69 75 into
2076 2136 19 75 a
2110 2136 124 75 diftinCt

1197 2183 85 75 coat,
1307 2183 44 75 by
1366 2183 55 75 the
1439 2183 91 75 name
1546 2183 40 75 of
1605 2183 108 75 tunica
1727 2183 172 75 vafculofa.

1241 2230 78 75 The
1343 2230 138 75 nervous
1505 2230 73 75 coat
1605 2230 91 75 fends
1722 2230 51 75 off
1792 2230 84 75 from
1901 2230 42 75 its
1968 2230 91 75 inner
2074 2230 123 75 furface
2213 2230 20 75 a

1195 2275 89 75 great
1302 2275 133 75 number
1452 2275 40 75 of
1510 2275 144 75 portions
1672 2275 40 75 of
1745 2275 97 75 fepta,
1868 2275 89 75 more
1987 2275 38 75 or
2045 2275 61 75 lefs
2128 2275 103 75 circu-

1193 2322 59 75 lar,
1278 2322 105 75 v/hich
1409 2322 182 75 contribute
1608 2322 35 75 to
1659 2322 56 75 the
1737 2322 172 75 formation
1926 2322 40 75 of
1985 2322 86 75 what
2088 2322 54 75 are
2160 2322 68 75 cal-

1192 2368 55 75 led
1262 2368 133 75 valvuke
1412 2368 218 75 conniventes.

1856 2368 11 75 .

1240 2416 75 75 The
1336 2416 110 75 fourth
1463 2416 38 75 or
1517 2416 170 75 innermoft
1711 2416 73 75 coat
1800 2416 27 75 is
1844 2416 80 75 very
1948 2416 75 75 foft,
2049 2416 62 75 and
2127 2416 27 75 is
2171 2416 55 75 na-

1190 2461 73 75 med
1292 2461 108 75 tunica
1430 2461 123 75 villofa.
1602 2461 32 75 It
1666 2461 57 75 has
1743 2461 55 75 the
1817 2461 84 75 fame
1927 2461 113 75 extent
2057 2461 79 75 with
2170 2461 56 75 the

1191 2508 87 75 third
1295 2508 87 75 coat,
1407 2508 106 75 which
1530 2508 145 75 fupports
1687 2508 38 75 it,
1751 2508 64 75 and
1826 2508 24 75 it
1866 2508 79 75 lines
1964 2508 43 75 all
2024 2508 55 75 the
2090 2508 88 75 fepta
2189 2508 42 75 of

1190 2554 70 75 that
1277 2554 88 75 third
1377 2554 85 75 coat.

1235 2602 76 75 The
1329 2602 88 75 fmall
1430 2602 158 75 inteftines
1605 2602 84 75 form
1702 2602 59 75 ope
1771 2602 173 75 continued
1954 2602 141 75 uniform
2108 2602 111 75 canal;

1189 2648 62 75 and
1283 2648 123 75 though
1439 2648 90 75 three
1560 2648 144 75 portions
1736 2648 40 75 of
1795 2648 26 75 it
1844 2648 82 75 have
1951 2648 93 75 three
2071 2648 152 75 different

1187 2695 121 75 names,
1334 2695 54 75 yet
1404 2695 49 75 we
1469 2695 80 75 have
1577 2695 41 75 no
1644 2695 154 75 fufficient
1820 2695 106 75 marks
1948 2695 152 75 whereby
2117 2695 35 75 to
2168 2695 51 75 di-

1186 2743 146 75 ftinguifh
1350 2743 100 75 them,
1475 2743 37 75 to
1538 2743 47 75 fix
1610 2743 55 75 the
1695 2743 117 75 precife
1837 2743 113 75 extent
1979 2743 37 75 or
2047 2743 112 75 length
2183 2743 42 75 of

1187 2788 75 75 each
1281 2788 139 75 portion,
1445 2788 36 75 to
1496 2788 93 75 fettle
1605 2788 41 75 its
1660 2788 63 75 juft
1740 2788 111 75 limits.

1232 2836 75 75 The
1340 2836 63 75 firft
1436 2836 62 75 and
1529 2836 130 75 fhorteft
1687 2836 126 75 portion
1837 2836 39 75 of
1896 2836 56 75 the
1980 2836 105 75 whole
2113 2836 103 75 canal-,

1183 2882 25 75 is
1227 2882 104 75 called
1346 2882 200 75 duodenum;
1573 2882 56 75 the
1647 2882 128 75 fecond,
1801 2882 106 75 which
1934 2882 26 75 is
1977 2882 93 75 much
2088 2882 125 75 longer,

1180 2930 165 75 jejunum;
1372 2930 63 75 and
1458 2930 55 75 the
1538 2930 100 75 third,
1663 2930 107 75 which
1786 2930 27 75 is
1841 2930 61 75 ftill
1925 2930 111 75 longer
2051 2930 80 75 than
2154 2930 56 75 the

1182 2976 127 75 fecond,
1334 2976 109 75 ileum.
