2397 3387
489 134 231 75 BAT

1079 134 19 75 (

149 205 90 75 place
257 205 106 75 where
380 205 79 75 they
478 205 54 75 are
548 205 33 75 at
598 205 83 75 rooft
696 205 10 75 ;
732 205 52 75 for
800 205 84 75 upon
900 205 130 75 beating
1046 205 89 75 them

149 252 54 75 up,
229 252 79 75 they
331 252 43 75 fly
391 252 34 75 to
442 252 55 75 the
513 252 105 75 flame,
643 252 107 75 where
767 252 94 75 being
886 252 145 75 amazed,
1057 252 79 75 they

149 299 54 75 are
230 299 97 75 eafily
342 299 119 75 caught
487 299 33 75 in
537 299 85 75 nets,
647 299 38 75 or
707 299 74 75 beat
804 299 96 75 down
917 299 79 75 with
1024 299 111 75 bullies

150 346 86 75 fixed
254 346 35 75 to
303 346 54 75 the
374 346 62 75 end
449 346 40 75 of
500 346 102 75 poles,
628 346 65 75 <bc.

103 389 29 75 B
139 389 319 75 ATENBOURG,
476 389 18 75 a
506 389 88 75 town
608 389 39 75 of
653 389 56 75 the
720 389 125 75 United
857 389 186 75 Provinces,
1061 389 74 75 fitu-

149 438 73 75 ated
240 438 83 75 upon
340 438 55 75 the
411 438 124 75 Maefe,
561 438 143 75 between
721 438 189 75 Ravenftein
928 438 204 75 andMegen.

102 486 148 75 BATH,
276 486 20 75 a
314 486 157 75 fufficient
487 486 149 75 quantity
659 486 41 75 of
710 486 100 75 water
832 486 153 75 collected
1000 486 33 75 in
1048 486 87 75 fome

150 532 188 75 convenient
350 532 188 75 receptacle,
564 532 52 75 for
631 532 113 75 people
760 532 34 75 to
811 532 81 75 wafh
909 532 45 75 in,
971 532 103 75 either
1083 532 53 75 for

149 578 109 75 health
276 578 37 75 or
330 578 155 75 pleafure.

197 625 102 75 Baths
322 625 55 75 are
401 625 222 75 diftinguilhed
649 625 68 75 into
744 625 124 75 natural
887 625 62 75 and
977 625 156 75 artificial,

149 672 60 75 and
227 672 125 75 natural
380 672 92 75 again
498 672 70 75 into
584 672 58 75 hot
659 672 62 75 and
737 672 86 75 cold.
871 672 79 75 The
965 672 90 75 chief
1077 672 58 75 hot

150 718 93 75 baths
259 718 32 75 in
304 718 58 75 our
378 718 136 75 country
526 718 53 75 are
596 718 90 75 thofe
703 718 33 75 at
751 718 100 75 Bath,
876 718 75 75 near
963 718 121 75 Wells,
1101 718 33 75 in

151 764 264 75 Somenetlhire;
442 764 63 75 and
528 764 89 75 thofe
634 764 33 75 at
690 764 134 75 Buxton
852 764 63 75 and
936 764 151 75 Matlock
1102 764 33 75 in

152 811 208 75 Derbyfliire.

197 859 38 75 In
251 859 56 75 the
331 859 66 75 city
419 859 41 75 of
478 859 87 75 Bath
582 859 54 75 are
651 859 75 75 four
741 859 59 75 hot
815 859 95 75 baths
922 859 9 75 :
959 859 61 75 one
1036 859 99 75 trian-

148 905 103 75 gular,
277 905 102 75 called
395 905 57 75 the
468 905 86 75 crofs
572 905 91 75 bath,
681 905 56 75 the
749 905 76 75 heat
836 905 41 75 of
889 905 105 75 which
1007 905 25 75 is
1046 905 89 75 niore

147 952 108 75 gentle
272 952 75 75 than
360 952 70 75 that
442 952 42 75 of
495 952 55 75 the
563 952 72 75 reft,
652 952 133 75 becaufe
797 952 25 75 it
834 952 56 75 has
908 952 99 75 fewer
1015 952 120 75 fprings

146 998 33 75 in
195 998 47 75 it;
269 998 56 75 the
341 998 116 75 fecond
472 998 27 75 is
511 998 56 75 the
582 998 59 75 hot
657 998 91 75 bath,
775 998 105 75 which
898 998 64 75 was
979 998 157 75 formerly

147 1045 96 75 much
273 1045 109 75 hotter
409 1045 78 75 than
513 1045 56 75 the
586 1045 74 75 reft,
691 1045 59 75 but
776 1045 26 75 it
819 1045 64 75 was
911 1045 78 75 then
1017 1045 58 75 not
1101 1045 34 75 fo

146 1092 89 75 large
248 1092 34 75 as
299 1092 34 75 at
347 1092 146 75 prefent:
521 1092 55 75 the
592 1092 95 75 other
702 1092 67 75 two
792 1092 54 75 are
862 1092 56 75 the
940 1092 117 75 King’s
1073 1092 64 75 and

148 1139 144 75 Queen’s
314 1139 99 75 Bath,
431 1139 130 75 divided
576 1139 77 75 only
665 1139 44 75 by
721 1139 18 75 a
756 1139 95 75 wall;
877 1139 55 75 the
946 1139 57 75 laft
1019 1139 118 75 having

148 1185 42 75 no
206 1185 118 75 fpring,
343 1185 55 75 but
417 1185 138 75 receives
571 1185 41 75 its
623 1185 99 75 water
734 1185 84 75 from
835 1185 55 75 the
902 1185 116 75 King’s
1025 1185 87 75 Bath
1122 1185 10 75 :

148 1231 76 75 each
249 1231 40 75 of
414 1231 28 75 is
458 1231 161 75 furnifhed
636 1231 78 75 with
728 1231 18 75 a
762 1231 107 75 pump,
895 1231 36 75 to
956 1231 107 75 throw
1079 1231 58 75 out

148 1278 54 75 the
215 1278 99 75 water
331 1278 84 75 upon
431 1278 55 75 the
503 1278 151 75 difeafed,
672 1278 107 75 where
796 1278 72 75 that
879 1278 27 75 is
923 1278 163 75 required.

194 1325 108 75 Thefe
325 1325 116 75 waters
457 1325 128 75 abound
602 1325 78 75 with
693 1325 18 75 a
728 1325 132 75 mineral
877 1325 152 75 fulphur;
1056 1325 80 75 they

146 1372 53 75 are
215 1372 72 75 hot,
312 1372 40 75 of
364 1372 19 75 a
398 1372 101 75 bluifli
516 1372 124 75 colour,
665 1372 63 75 and
743 1372 107 75 ftrong
866 1372 109 75 fcent;
1001 1372 77 75 they
1091 1372 43 75 do

150 1417 56 75 not
222 1417 69 75 pafs
309 1417 140 75 through
466 1417 55 75 the
534 1417 87 75 body
633 1417 66 75 like
715 1417 79 75 moft
811 1417 94 75 other
920 1417 133 75 mineral
1070 1417 65 75 wa-

146 1464 64 75 ters
222 1464 10 75 ;
259 1464 123 75 though
405 1464 30 75 if
454 1464 60 75 fait
537 1464 41 75 be
601 1464 117 75 added,
744 1464 78 75 they
845 1464 100 75 purge
962 1464 172 75 prefently.

149 1510 54 75 On
219 1510 209 75 fettlements,
445 1510 77 75 they
535 1510 105 75 afford
652 1510 19 75 a
681 1510 94 75 black
791 1510 90 75 mud,
899 1510 107 75 which
1022 1510 26 75 is
1061 1510 75 75 ufed

147 1557 44 75 by
203 1557 71 75 way
285 1557 41 75 of
337 1557 169 75 cataplafm
523 1557 32 75 in
572 1557 107 75 aches,
702 1557 63 75 and
784 1557 114 75 proves
915 1557 40 75 of
965 1557 89 75 more
1070 1557 64 75 fer-

148 1604 68 75 vice
232 1604 36 75 to
295 1604 85 75 fome
408 1604 76 75 than
514 1604 56 75 the
587 1604 115 75 waters
719 1604 208 75 themfelves:
965 1604 78 75 The
1070 1604 65 75 like

146 1652 78 75 they
233 1652 139 75 depofite
388 1652 41 75 on
446 1652 197 75 diftillation,
661 1652 60 75 and
736 1652 46 75 ho
799 1652 113 75 other:
939 1652 78 75 The
1033 1652 101 75 crofs-

146 1697 77 75 bath
240 1697 95 75 preys
351 1697 43 75 on
409 1697 103 75 filver,
538 1697 43 75 all
593 1697 40 75 of
643 1697 88 75 them
748 1697 42 75 on
806 1697 84 75 iron,
916 1697 59 75 but
991 1697 84 75 none
1091 1697 42 75 on

149 1743 99 75 brafs.

195 1789 76 75 The
288 1789 53 75 ufe
361 1789 41 75 of
420 1789 87 75 thefe
522 1789 95 75 baths
634 1789 26 75 is
685 1789 100 75 found
802 1789 164 75 beneficial
983 1789 30 75 in
1032 1789 101 75 difor-

149 1837 71 75 ders
233 1837 40 75 of
284 1837 55 75 the
355 1837 96 75 head,
477 1837 34 75 as
528 1837 121 75 palfies,
676 1837 65 75 fcc.
767 1837 31 75 in
817 1837 155 75 cuticular
988 1837 146 75 difeafes,

147 1884 34 75 as
196 1884 163 75 leprofies,
378 1884 64 75 fac.
468 1884 219 75 Obftrudtions,
713 1884 60 75 and
791 1884 223 75 conftipations
1027 1884 40 75 of
1078 1884 56 75 the

148 1929 134 75 bowels,
310 1929 55 75 the
384 1929 114 75 fcurvy
515 1929 61 75 and
593 1929 99 75 ftone,
718 1929 62 75 and
796 1929 32 75 in
852 1929 80 75 moft
947 1929 133 75 difeafes
1098 1929 41 75 of

148 1976 122 75 women
293 1976 63 75 and
371 1976 166 75 children;
565 1976 78 75 they
666 1976 53 75 are
742 1976 76 75 ufed
843 1976 33 75 as
894 1976 18 75 a
928 1976 56 75 laft
1002 1976 131 75 remedy

146 2026 32 75 in
195 2026 154 75 obftinate
365 2026 131 75 chronic
512 2026 145 75 difeafes,
682 2026 108 75 where
807 2026 78 75 they
896 2026 134 75 fucceed
1042 2026 89 75 well,

149 2069 29 75 if
191 2069 77 75 they
280 2069 94 75 agree
387 2069 76 75 with
481 2069 56 75 the
554 2069 200 75 conftitution
772 2069 40 75 of
824 2069 55 75 the
896 2069 133 75 patient.

196 2116 52 75 Of
255 2116 55 75 the
323 2116 90 75 three
424 2116 59 75 hot
495 2116 171 75 European
679 2116 113 75 waters
805 2116 39 75 of
851 2116 87 75 note,
957 2116 70 75 viz.
1047 2116 84 75 Aix-

149 2160 216 75 la-Chapelle,
401 2160 168 75 Bourbon,
603 2160 60 75 and
681 2160 101 75 Bath,
819 2160 54 75 the
897 2160 64 75 firft
989 2160 144 75 abounds

148 2206 89 75 more
254 2206 174 75 eminently
439 2206 31 75 in
487 2206 143 75 fulphur,
648 2206 106 75 which
771 2206 107 75 makes
894 2206 41 75 its
948 2206 88 75 heat,
1054 2206 78 75 nau-

148 2253 171 75 feoufnefs,
344 2253 63 75 and
423 2253 164 75 purgative
603 2253 122 75 faculty
743 2253 34 75 fo
786 2253 103 75 great,
907 2253 71 75 that
995 2253 62 75 few
1070 2253 61 75 fto-

149 2300 108 75 machs
275 2300 57 75 can
349 2300 75 75 bear
441 2300 38 75 it.

197 2346 75 75 The
288 2346 154 75 Bpurbon
460 2346 53 75 are
536 2346 40 75 of
595 2346 18 75 a
629 2346 119 75 middle
765 2346 125 75 nature,
915 2346 144 75 between
1077 2346 55 75 the

148 2394 289 75 Aix-la-Chapelle
454 2394 63 75 and
534 2394 55 75 the
601 2394 87 75 Bath
705 2394 116 75 waters
836 2394 10 75 ;
872 2394 97 75 being
985 2394 59 75 lefs
1061 2394 71 75 hot,

148 2440 165 75 naufeous,
331 2440 62 75 and
409 2440 166 75 purgative
586 2440 78 75 than
673 2440 90 75 thofe
775 2440 39 75 of
826 2440 306 75 Aix-la-Chapelle;

150 2486 57 75 but
225 2486 88 75 more
333 2486 34 75 fo
383 2486 76 75 than
476 2486 55 75 the
547 2486 87 75 Bath
651 2486 128 75 waters.

199 2533 85 75 Cold
301 2533 92 75 baths
406 2533 83 75 were
503 2533 45 75 by
561 2533 55 75 the
633 2533 139 75 ancients
790 2533 74 75 held
881 2533 32 75 in
930 2533 55 75 the
998 2533 136 75 greateft

149 2580 135 75 efteem;
311 2580 64 75 and
398 2580 122 75 though
549 2580 78 75 they
647 2580 85 75 were
755 2580 76 75 long
854 2580 149 75 baniftied
1023 2580 58 75 out
1098 2580 41 75 of

149 2627 168 75 medicine,
342 2627 55 75 the
426 2627 123 75 prefent
566 2627 58 75 age
641 2627 58 75 can
722 2627 86 75 boaft
830 2627 41 75 of
889 2627 185 75 abundance
1099 2627 40 75 of

149 2673 95 75 noble
261 2673 90 75 cures
369 2673 182 75 performed
566 2673 44 75 by
622 2673 100 75 them,
748 2673 62 75 and
826 2673 75 75 fuch
919 2673 32 75 as
962 2673 84 75 were
1058 2673 77 75 long

150 2720 176 75 attempted
343 2720 31 75 in
390 2720 72 75 vain
479 2720 44 75 by
538 2720 56 75 the
611 2720 78 75 moft
708 2720 154 75 powerful
879 2720 182 75 medicines.

197 2767 76 75 The
293 2767 74 75 cold
382 2767 80 75 bath"
462 2749 4 49 1
477 2767 27 75 is
504 2799 17 49 y
521 2767 198 75 ferviceable
736 2767 32 75 in
784 2767 80 75 moft
891 2767 129 75 chronic
1035 2767 99 75 difor-

148 2814 97 75 ders;
270 2814 26 75 it
319 2814 118 75 always
454 2814 64 75 ads
536 2814 54 75 the
607 2814 70 75 part
693 2814 40 75 of
756 2814 19 75 a
796 2814 136 75 diuretic
947 2814 8 75 ;
983 2814 61 75 and
1069 2814 66 75 will

150 2861 43 75 do
210 2861 100 75 more,
337 2861 168 75 efpecially
529 2861 150 75 plunging
696 2861 77 75 over
798 2861 84 75 head
898 2861 33 75 in
954 2861 189 75 fea-water/

148 2907 32 75 in
205 2907 54 75 the
276 2907 87 75 cure,
373 2907 40 75 of
430 2907 213 75 melancholy,
669 2907 155 75 madnefs,
850 2907 61 75 and
929 2907 206 75 particularly

148 2953 71 75 that
246 2953 164 75 occafined
436 2953 43 75 by
504 2953 54 75 the
576 2953 65 75 bite
663 2953 40 75 of
726 2953 18 75 a
761 2953 74 75 mad
862 2953 77 75 dog,
965 2953 79 75 than
1072 2953 63 75 any

148 3001 98 75 other
258 3001 167 75 medicine.

196 3049 100 75 Van.
323 3049 30 75 I.
402 3049 71 75 No.
494 3049 57 75 23.

1073 3049 19 75 3

1156 134 84 75 529
1298 134 18 75 )

1608 134 235 75 BAT

1280 200 159 75 Artificial
1457 200 91 75 baths
1566 200 53 75 are
1633 200 139 75 various,
1789 200 171 75 according
1972 200 35 75 to
2024 200 55 75 the
2091 200 127 75 various

1230 247 158 75 occafions
1402 247 11 75 ;
1429 247 34 75 as
1476 247 142 75 aqueous
1627 247 107 75 baths,
1747 247 157 75 vaporous
1918 247 106 75 baths,
2039 247 61 75 dry
2106 247 108 75 baths,

1229 295 67 75 4sc.
1345 295 157 75 Aqueous
1520 295 93 75 baths
1636 295 53 75 are
1706 295 92 75 made
1820 295 85 75 from
1932 295 148 75 common
2098 295 117 75 plants,

1231 342 63 75 and
1309 342 93 75 other
1418 342 177 75 emollient,
1612 342 169 75 refolvent,
1799 342 63 75 and
1873 342 128 75 nervine
2018 342 175 75 fubftances
2205 342 10 75 ;

1231 387 163 75 confiding
1410 387 231 75 fometimesof
1652 387 79 75 milk
1747 387 62 75 and
1821 387 166 75 emollient
2003 387 107 75 herbs,
2137 387 79 75 with

1230 433 199 75 rofe-water,
1455 433 66 75 fee.
1546 433 93 75 when
1669 433 55 75 the
1739 433 106 75 defign
1867 433 27 75 is
1910 433 35 75 to
1962 433 191 75 humedate,
2178 433 38 75 or

1230 481 92 75 when
1334 481 26 75 it
1377 481 26 75 is
1416 481 76 75 only
1505 481 35 75 to
1556 481 135 75 cleanfe,
1709 481 162 75 icconfifts
1883 481 41 75 of
1937 481 76 75 bran
2036 481 62 75 and
2116 481 100 75 water

1231 528 93 75 alone
1338 528 9 75 ;
1377 528 62 75 and
1451 528 92 75 when
1560 528 25 75 it
1602 528 26 75 is
1645 528 52 75 for
1713 528 38 75 an
1768 528 153 75 exceflive
1937 528 73 75 pain
2026 528 37 75 or
2075 528 141 75 tumour,

1234 575 64 75 fee.
1324 575 32 75 in
1373 575 87 75 thefe
1473 575 83 75 cafes
1573 575 25 75 it
1615 575 124 75 confifts
1762 575 41 75 of
1825 575 19 75 a
1860 575 165 75 decodion
2048 575 42 75 of
2111 575 103 75 roots,

1231 622 118 75 plants,
1374 622 64 75 and
1454 622 84 75 fome
1554 622 89 75 fpirit
1660 622 39 75 of
1711 622 95 75 wine.

1277 668 38 75 In
1334 668 241 75 vapour-baths,
1603 668 55 75 the
1674 668 108 75 defign
1798 668 41 75 of
1850 668 106 75 which
1974 668 26 75 is
2018 668 34 75 to
2069 668 147 75 promote

1230 716 19 75 a
1264 716 221 75 perfpiration,
1509 716 56 75 the
1587 716 96 75 fleam
1699 716 38 75 or
1753 716 86 75 fume
1856 716 41 75 of
1907 716 85 75 fome
2008 716 164 75 decodion
2189 716 27 75 is

1231 761 146 75 received
1392 761 85 75 upon
1491 761 89 75 fome
1597 761 71 75 part
1684 761 39 75 of
1743 761 55 75 the
1810 761 88 75 body
1914 761 52 75 for
1982 761 70 75 that
2069 761 146 75 purpofe.

1230 808 38 75 In
1285 808 88 75 thefe
1397 808 94 75 baths
1515 808 93 75 there
1623 808 26 75 is
1675 808 41 75 no
1733 808 71 75 part
1823 808 40 75 of
1876 808 55 75 the
1954 808 150 75 patient’s
2131 808 87 75 body

1232 855 138 75 plunged
1385 855 69 75 into
1471 855 54 75 the
1541 855 180 75 decodion,
1745 855 77 75 only
1834 855 88 75 thofe
1940 855 86 75 parts
2043 855 106 75 which
2166 855 50 75 re-

1232 902 90 75 quire
1338 902 27 75 it
1388 902 221 75 are.properly
1624 902 145 75 difpofed
1785 902 35 75 to
1837 902 123 75 receive
1975 902 56 75 the
2047 902 111 75 fleams
2182 902 41 75 of

1230 949 86 75 fome
1332 949 117 75 proper
1472 949 224 75 fomentation.
1746 949 53 75 Of
1810 949 65 75 this
1899 949 78 75 kind
1993 949 55 75 are
2068 949 54 75 the
2138 949 78 75 bag-

1231 995 82 75 nios,
1339 995 107 75 where
1463 995 127 75 perfons
1608 995 53 75 are
1677 995 92 75 made
1786 995 35 75 to
1837 995 96 75 fweat
1960 995 44 75 by
2020 995 56 75 the
2091 995 76 75 heat
2183 995 41 75 of

1233 1042 18 75 a
1268 1042 103 75 room,
1397 1042 62 75 and
1476 1042 134 75 pouring
1627 1042 41 75 on
1681 1042 40 75 of
1731 1042 58 75 hot
1805 1042 113 75 water.

1281 1088 243 75 Vapour-baths
1542 1088 53 75 are
1613 1088 39 75 of
1667 1088 135 75 lingular
1817 1088 119 75 fervice
1952 1088 32 75 in
2001 1088 73 75 cold
2091 1088 126 75 diftem-

1232 1135 84 75 pers,
1341 1135 188 75 anafarca’s,
1554 1135 199 75 oedematous
1769 1135 157 75 tumours,
1951 1135 156 75 paralytic
2119 1135 98 75 cafes,

1233 1181 157 75 fwellings
1403 1181 41 75 of
1455 1181 56 75 the
1527 1181 149 75 tefticles,
1703 1181 65 75 fee.

1280 1227 74 75 Dry
1371 1227 94 75 baths
1482 1227 52 75 are
1551 1227 93 75 made
1667 1227 40 75 of
1722 1227 98 75 alhes,
1845 1227 71 75 fait,
1942 1227 88 75 fand,
2055 1227 106 75 Ihreds
2182 1227 41 75 of

1232 1273 135 75 leather,
1394 1273 65 75 fee.
1513 1273 86 75 This
1626 1273 77 75 bath
1725 1273 28 75 is
1781 1273 172 75 fuccefsful
1979 1273 32 75 in
2039 1273 180 75 provoking

1230 1321 96 75 fweat
1346 1321 31 75 in
1395 1321 19 75 a
1429 1321 148 75 plentiful
1606 1321 142 75 manner,
1774 1321 55 75 the
1846 1321 120 75 patient
1991 1321 94 75 being
2108 1321 112 75 placed

1232 1367 223 75 conveniently
1471 1367 51 75 for
1539 1367 55 75 the
1611 1367 160 75 reception
1785 1367 39 75 of
1835 1367 56 75 the
1907 1367 102 75 fumes
2021 1367 9 75 :
2056 1367 99 75 They
2165 1367 54 75 are

1232 1414 101 75 found
1349 1414 102 75 ufeful
1477 1414 31 75 in
1530 1414 164 75 removing
1711 1414 55 75 old
1789 1414 153 75 obftinate
1959 1414 102 75 pains,
2087 1414 63 75 and
2165 1414 55 75 are

1231 1460 78 75 very
1325 1460 147 75 effedual
1488 1460 32 75 in
1532 1460 146 75 venereal
1687 1460 208 75 xomnlaints.

1185 1507 127 75 Bath,
1342 1507 32 75 in
1400 1507 143 75 Hebrew
1572 1507 174 75 antiquity,
1779 1507 19 75 a
1828 1507 141 75 meafure
1998 1507 40 75 of
2059 1507 158 75 capacity,

1232 1554 182 75 containing
1430 1554 55 75 the
1506 1554 91 75 tenth
1610 1554 71 75 part
1697 1554 40 75 of
1749 1554 39 75 an
1808 1554 101 75 omer,
1931 1554 38 75 or
1985 1554 92 75 feven
2095 1554 124 75 gallons

1233 1601 62 75 and
1311 1601 73 75 four
1397 1601 98 75 pints,
1513 1601 33 75 as
1559 1601 18 75 a
1594 1601 140 75 meafure
1747 1601 52 75 for
1811 1601 106 75 things
1929 1601 123 75 liquid;
2079 1601 37 75 or
2128 1601 91 75 three

1232 1647 95 75 pecks
1345 1647 64 75 and
1424 1647 92 75 three
1533 1647 96 75 pints,
1655 1647 33 75 as
1707 1647 18 75 a
1741 1647 140 75 meafure
1897 1647 52 75 for
1965 1647 107 75 things
2097 1647 73 75 dry.

1185 1694 150 75 Baths,
1360 1694 32 75 in
1420 1694 222 75 architedure,
1678 1694 114 75 fuperb
1820 1694 173 75 buildings,
2019 1694 126 75 ereded
2166 1694 54 75 for

1232 1740 55 75 the
1304 1740 73 75 fake
1401 1740 41 75 of
1453 1740 147 75 bathing.

1277 1788 111 75 Thofe
1420 1788 173 75 buildings,
1626 1788 114 75 among
1765 1788 55 75 the
1849 1788 154 75 ancients,
2027 1788 85 75 were
2139 1788 80 75 moft

1230 1834 153 75 pompous
1401 1834 60 75 and
1480 1834 222 75 magnificent;
1729 1834 76 75 Inch
1825 1834 85 75 were
1933 1834 90 75 thofe
2047 1834 40 75 of
2105 1834 113 75 Titus,

1228 1881 118 75 Paulus
1365 1881 162 75 dEmilius,
1554 1881 62 75 and
1636 1881 195 75 Dioclefian,
1860 1881 107 75 whofe
1983 1881 86 75 ruins
2087 1881 53 75 are
2156 1881 62 75 ftill

1227 1927 185 75 remaining.

1180 1974 127 75 Bath,
1332 1974 32 75 in
1381 1974 197 75 geography,
1605 1974 19 75 a
1646 1974 68 75 city
1739 1974 40 75 of
1799 1974 254 75 Somerfetfhire,
2084 1974 136 75 fituated

1229 2020 40 75 on
1290 2020 56 75 the
1367 2020 84 75 river
1468 2020 108 75 Avon,
1601 2020 55 75 ten
1673 2020 91 75 miles
1780 2020 63 75 eaft
1860 2020 39 75 of
1910 2020 131 75 Briftol,
2059 2020 32 75 in
2109 2020 18 75 2
2127 2002 20 49 0
2165 2020 53 75 30^

1228 2068 60 75 W.
1306 2068 89 75 long,
1413 2068 62 75 and
1494 2068 65 75 51°
1573 2068 53 75 3c/
1643 2068 48 75 N.
1709 2068 59 75 lat.

1181 2112 110 75 Bath
1313 2112 27 75 is
1361 2112 64 75 alfo
1438 2112 55 75 the
1505 2112 91 75 name
1609 2112 39 75 of
1657 2112 19 75 a
1688 2112 88 75 town
1793 2112 31 75 in
1842 2112 172 75 Hungary,
2032 2112 32 75 in
2077 2112 67 75 20°
2160 2112 58 75 4c/

1231 2160 43 75 E.
1298 2160 91 75 long,
1414 2160 63 75 and
1494 2160 62 75 46°
1573 2160 48 75 N.
1638 2160 59 75 lat.

1181 2207 142 75 Knights
1341 2207 42 75 of
1389 2207 53 75 the
1457 2207 127 75 Bath,
1610 2207 18 75 a
1650 2207 141 75 military
1803 2207 94 75 order
1908 2207 32 75 in
1956 2207 163 75 England,
2144 2207 73 75 fup-

1228 2253 96 75 pofed
1340 2253 35 75 to
1398 2253 81 75 have
1495 2253 81 75 been
1592 2253 163 75 inllituted
1775 2253 43 75 by
1834 2253 145 75 Richard
2002 2253 47 75 II.
2075 2253 75 75 who
2176 2253 41 75 li-

1227 2299 100 75 mited
1348 2299 84 75 their
1448 2299 132 75 number
1602 2299 36 75 to
1655 2299 93 75 four:
1776 2299 175 75 However,
1975 2299 50 75 his
2049 2299 165 75 fucceffor,

1227 2346 113 75 Henry
1356 2346 65 75 IV.
1446 2346 161 75 increafed
1623 2346 88 75 them
1727 2346 35 75 to
1779 2346 163 75 forty-fix.
1990 2346 106 75 Their
2113 2346 104 75 motto

1229 2393 63 75 was
1311 2393 67 75 tres
1390 2393 36 75 in
1439 2393 73 75 uno,
1525 2393 168 75 fignifying
1705 2393 56 75 the
1773 2393 91 75 three
1874 2393 194 75 theological
2080 2393 135 75 virtues.

1276 2440 84 75 This
1385 2440 94 75 order
1496 2440 147 75 received
1666 2440 64 75 this
1751 2440 236 75 denomination
2006 2440 86 75 from
2117 2440 19 75 a
2160 2440 55 75 cu-

1228 2486 79 75 ftom
1328 2486 40 75 of
1381 2486 146 75 bathing,
1545 2486 110 75 before
1671 2486 78 75 they
1765 2486 146 75 received
1927 2486 54 75 the
1993 2486 118 75 golden
2127 2486 86 75 fpur.

1231 2533 31 75 It
1278 2533 27 75 is
1326 2533 119 75 feldom
1463 2533 74 75 ever
1554 2533 168 75 conferred
1746 2533 57 75 but
1824 2533 32 75 at
1884 2533 55 75 the
1967 2533 185 75 coronation
2178 2533 42 75 of

1230 2579 105 75 kings,
1361 2579 38 75 or
1422 2579 56 75 the
1503 2579 224 75 inauguration
1756 2579 41 75 of
1816 2579 18 75 a
1853 2579 109 75 prince
1986 2579 40 75 of
2037 2579 115 75 Wales
2177 2579 38 75 or

1230 2627 99 75 Duke
1345 2627 40 75 of
1397 2627 104 75 York.
1548 2627 99 75 They
1665 2627 83 75 wear
1765 2627 18 75 a
1800 2627 58 75 red
1873 2627 113 75 ribbon
2003 2627 67 75 belt
2073 2627 85 75 wife.

1277 2673 77 75 The
1370 2673 96 75 order
1481 2673 40 75 of
1532 2673 56 75 the
1604 2673 90 75 bath,
1717 2673 87 75 after
1821 2673 174 75 remaining
2012 2673 92 75 many
2122 2673 92 75 years

1229 2720 134 75 extind,
1394 2720 66 75 was
1487 2720 129 75 revived
1638 2720 102 75 under
1767 2720 132 75 George
1927 2720 29 75 I.
1983 2720 42 75 by
2050 2720 18 75 a
2093 2720 121 75 folemn

1231 2767 138 75 creation
1394 2767 40 75 of
1445 2767 17 75 a
1478 2767 89 75 great
1585 2767 133 75 number
1734 2767 40 75 of
1786 2767 143 75 knights.

1183 2813 192 75 Bath-/W,
1400 2813 56 75 the
1481 2813 157 75 daughter
1654 2813 42 75 of
1706 2813 19 75 a
1751 2813 102 75 voice.
1904 2813 45 75 So
1972 2813 55 75 the
2043 2813 89 75 Jews
2152 2813 62 75 call

1230 2860 60 75 one
1309 2860 40 75 of
1359 2860 85 75 their
1459 2860 134 75 oracles,
1619 2860 105 75 which
1742 2860 26 75 is
1787 2860 183 75 frequently
1987 2860 182 75 mentioned
2180 2860 34 75 in

1231 2907 83 75 their
1338 2907 112 75 books,
1475 2907 166 75 efpecially
1657 2907 55 75 the
1728 2907 157 75 Talmud,
1903 2907 94 75 being
2009 2907 18 75 a
2038 2907 178 75 fantaftical

1230 2954 69 75 way
1316 2954 40 75 of
1367 2954 174 75 divination
1569 2954 151 75 invented
1747 2954 42 75 by
1816 2954 55 75 the
1899 2954 86 75 Jews
2013 2954 200 75 themfelves,

1231 3003 54 75 not
1300 3003 108 75 unlike
1425 3003 55 75 the
1482 3003 111 75 fortes
1612 3003 187 75 virgiliana
1810 3003 39 75 of
1861 3003 55 75 the
1926 3003 168 75 heathens.
2111 3003 104 75 How-

1671 3052 20 75 6
1719 3052 23 75 S

2123 3052 87 75 ever.
