2431 3327
524 124 251 75 ADM

1098 124 112 75 (21

199 193 41 75 Its
257 193 59 75 rife
334 193 36 75 S.
384 193 40 75 of
433 193 55 75 the
500 193 72 75 lake
588 193 119 75 Glace,
732 193 114 75 among
863 193 55 75 the
929 193 98 75 Alps,
1051 193 76 75 runs
1146 193 38 75 S.

201 239 43 75 by
261 239 119 75 Trent,
406 239 76 75 then
498 239 45 75 E.
564 239 44 75 by
623 239 131 75 Verona
770 239 32 75 in
815 239 59 75 the
890 239 154 75 territory
1061 239 40 75 of
1116 239 67 75 Ve-

201 285 82 75 nice,
309 285 63 75 and
386 285 74 75 falls
483 285 69 75 into
575 285 56 75 the
647 285 99 75 gulph
770 285 41 75 of
833 285 138 75 Venice,
993 285 48 75 N.
1070 285 40 75 of
1129 285 55 75 the

200 331 113 75 mouth
331 331 40 75 of
385 331 56 75 the
459 331 60 75 Po.

155 377 406 75 ADJOURNMENT;
604 377 55 75 the
694 377 93 75 word
815 377 135 75 imports
982 377 131 75 putting
1138 377 53 75 off

202 423 178 75 fomething
397 423 35 75 to
454 423 136 75 another
606 423 64 75 day
690 423 42 75 or
748 423 91 75 time.

155 470 223 75 ADIPOSE,
404 470 19 75 a
449 470 82 75 term
558 470 77 75 ufed
662 470 43 75 by
733 470 186 75 anatomifts.
942 470 52 75 for
1022 470 61 75 any
1111 470 74 75 cell,

202 517 193 75 membrane,
421 517 66 75 tec-,
512 517 71 75 that
606 517 30 75 Is
651 517 199 75 remarkable
871 517 52 75 for
948 517 42 75 its
1008 517 131 75 fatnefs.

158 563 384 75 ADVIRBEITSAN,
568 563 34 75 in
623 563 195 75 geography,
843 563 20 75 a
888 563 151 75 province
1055 563 40 75 of
1108 563 78 75 Per-

202 609 54 75 fia,
282 609 32 75 in
331 609 89 75 Alia,
443 609 64 75 and
531 609 70 75 part
629 609 41 75 of
692 609 55 75 the
777 609 125 75 ancient
929 609 126 75 Media.
1104 609 32 75 It
1159 609 27 75 is

202 655 150 75 bounded
373 655 43 75 on
443 655 56 75 the
526 655 47 75 N.
593 655 44 75 by
658 655 57 75 the
738 655 152 75 province
909 655 40 75 of
969 655 152 75 Shirvan,
1134 655 54 75 :on

203 702 56 75 the
273 702 36 75 S.
322 702 43 75 by
377 702 206 75 Irac-Agemi
600 702 61 75 and
679 702 182 75 Curdiftan,
879 702 41 75 on
934 702 57 75 the
1006 702 44 75 E.
1067 702 45 75 by
1124 702 63 75 Gi-

202 748 52 75 kn
277 748 63 75 and
366 748 54 75 the
445 748 136 75 Caipian
605 748 65 75 fea,
695 748 63 75 and
768 748 4 75 .
780 748 41 75 on
847 748 54 75 the
918 748 61 75 W.
997 748 45 75 by
1057 748 129 75 Turco-

203 794 116 75 mania.

162 842 139 75 ADIT,
327 842 32 75 in
375 842 141 75 general,
542 842 132 75 fignifies
699 842 56 75 the
773 842 124 75 palfage
913 842 48 75 to,
986 842 38 75 or
1040 842 149 75 entrance

204 888 40 75 of
255 888 61 75 any
337 888 104 75 thing,
466 888 35 75 as
517 888 57 75 the
595 888 67 75 adit
677 888 42 75 of
729 888 18 75 a
763 888 96 75 mine,
885 888 67 75 &c.

158 935 391 75 ADJUDICATION,
575 935 31 75 in
635 935 94 75 Scots
739 935 5 75 ,
756 935 76 75 law,
858 935 55 75 the
942 935 91 75 name
1058 935 40 75 of
1118 935 71 75 that

202 980 102 75 adion
320 980 44 75 by
380 980 106 75 which
504 980 19 75 a
539 980 141 75 creditor
696 980 141 75 attaches
850 980 55 75 the
921 980 158 75 heritable
1091 980 97 75 eftate

203 1027 41 75 of
254 1027 49 75 his
316 1027 128 75 debtor,
460 1027 38 75 or
510 1027 49 75 his
572 1027 143 75 debtor’s
722 1027 83 75 heir,
816 1027 33 75 in
864 1027 97 75 order
972 1027 35 75 to
1024 1027 164 75 appropri-

202 1073 54 75 ate
273 1073 26 75 it
323 1073 36 75 to
387 1073 141 75 himfelf,
552 1073 104 75 either
667 1073 32 75 in
716 1073 150 75 payment
881 1073 38 75 ar
935 1073 137 75 fecurity
1088 1073 40 75 of
1136 1073 51 75 his

203 1119 99 75 debt;
329 1119 50 75 or,
403 1119 70 75 that
484 1119 104 75 addon
609 1119 44 75 by
672 1119 106 75 which
792 1119 56 75 the
864 1119 115 75 holder
995 1119 39 75 of
1046 1119 38 75 an
1101 1119 86 75 heri-

201 1166 88 75 table
316 1166 98 75 right,
439 1166 168 75 labouring
632 1166 100 75 under
755 1166 63 75 any
845 1166 105 75 defedt
974 1166 32 75 in
1034 1166 91 75 point
1152 1166 41 75 of

203 1213 97 75 form,
317 1213 74 75 may
410 1213 113 75 fupply
542 1213 70 75 that
629 1213 117 75 defect.
797 1213 61 75 See
870 1213 106 75 Law,
994 1213 84 75 title,
1095 1213 92 75 Com-

197 1258 143 75 prifings
365 1258 63 75 and
444 1258 256 75 adjudications.

158 1305 250 75 ADJUNCT,
419 1305 180 75 fomething
616 1305 106 75 added
734 1305 39 75 or
780 1305 112 75 joined
907 1305 35 75 to
958 1305 148 75 another.
1148 1305 39 75 In

204 1351 140 75 rhetoric
367 1351 62 75 and
452 1351 171 75 grammar,
647 1351 79 75 they
750 1351 115 75 fignify
881 1351 120 75 certain
1025 1351 106 75 words
1149 1351 37 75 or

204 1398 109 75 things
335 1398 106 75 added
462 1398 35 75 to
514 1398 122 75 others,
670 1398 38 75 to
729 1398 135 75 amplify
891 1398 39 75 or
956 1398 150 75 augment
1130 1398 56 75 the

206 1443 86 75 force
308 1443 39 75 of
367 1443 55 75 the
441 1443 169 75 difcourfe.

158 1491 281 75 ADJUTANT,
463 1491 35 75 in
512 1491 56 75 the
585 1491 142 75 military
742 1491 67 75 art,
828 1491 28 75 is
878 1491 40 75 an
945 1491 111 75 officer
1078 1491 108 75 whofe

209 1537 135 75 bufinefs
367 1537 26 75 it
411 1537 26 75 is
454 1537 35 75 to
507 1537 77 75 affift
610 1537 55 75 the
693 1537 115 75 major.
856 1537 93 75 Each
973 1537 157 75 battalion
1151 1537 41 75 of

205 1583 75 75 foot
303 1583 63 75 and
384 1583 154 75 regiment
558 1583 41 75 of
608 1583 94 75 horfe
716 1583 58 75 has
798 1583 38 75 an
861 1583 159 75 adjutant,
1045 1583 75 75 who
1135 1583 50 75 re-

206 1629 103 75 ceives
326 1629 55 75 the
393 1629 110 75 orders
519 1629 97 75 every
627 1629 92 75 night
739 1629 85 75 from
839 1629 56 75 the
912 1629 249 75 brigade-major
1173 1629 10 75 ;

205 1675 121 75 which,
351 1675 83 75 after
450 1675 147 75 carrying
609 1675 87 75 them
712 1675 35 75 to
763 1675 56 75 the
836 1675 140 75 colonel,
992 1675 41 75 he
1049 1675 140 75 delivers

211 1721 58 75 out
285 1721 35 75 to
337 1721 55 75 the
414 1721 165 75 ferjeants.
626 1721 112 75 When
760 1721 221 75 detachments
1005 1721 52 75 are
1085 1721 35 75 to
1147 1721 40 75 be

211 1767 107 75 paade,
342 1767 41 75 he
411 1767 87 75 gives
521 1767 55 75 the
602 1767 138 75 number,
758 1767 35 75 to
817 1767 40 75 be
873 1767 159 75 furniffied
1048 1767 44 75 by
1108 1767 83 75 each

208 1814 154 75 company
374 1814 36 75 or
422 1814 107 75 troop,
540 1814 62 75 and
611 1814 108 75 affigns
731 1814 55 75 the
797 1814 84 75 hour
893 1814 62 75 and
966 1814 90 75 place
1068 1814 39 75 of
1114 1814 71 75 ren-

209 1861 153 75 dezvous.
412 1861 53 75 He
477 1861 64 75 alfo
558 1861 106 75 places
681 1861 56 75 the
754 1861 129 75 guards,
908 1861 138 75 receives
1060 1861 61 75 and
1136 1861 50 75 di-

209 1907 146 75 ftributes
372 1907 56 75 the
445 1907 208 75 ammunition
670 1907 35 75 to
727 1907 56 75 the
806 1907 194 75 companies,
1026 1907 65 75 <bc.
1124 1907 64 75 and

207 1953 47 75 by
268 1953 55 75 the
339 1953 130 75 major’s
487 1953 124 75 orders,
636 1953 158 75 regulates
822 1953 56 75 the
894 1953 103 75 prices
1012 1953 40 75 of
1074 1953 111 75 bread,

210 1999 88 75 beer,
324 1999 63 75 and
402 1999 94 75 other
511 1999 323 75 provifions.—The
850 1999 91 75 word
963 1999 27 75 is
1008 1999 181 75 fometimes

207 2046 78 75 ufed
307 2046 44 75 by
369 2046 56 75 the
442 2046 125 75 French
584 2046 51 75 for
650 2046 41 75 an
706 2046 237 75 aid-du-camp.

165 2092 104 75 hmxs
281 2092 281 75 T&KT$rgenerai,
588 2092 114 75 among
718 2092 56 75 the
791 2092 129 75 Jefuits,
946 2092 19 75 a
989 2092 92 75 felecft
1097 2092 91 75 num-

211 2138 56 75 ber
283 2138 40 75 of
335 2138 134 75 fathers,
494 2138 135 75 reliding
643 2138 80 75 with
735 2138 55 75 the
807 2138 128 75 general
955 2138 40 75 of
1005 2138 55 75 the
1080 2138 107 75 order,

207 2184 83 75 each
306 2184 40 75 of
352 2184 106 75 whom
470 2184 58 75 has
545 2184 19 75 a
583 2184 150 75 province
749 2184 38 75 or
803 2184 136 75 country
955 2184 134 75 affigned
1108 2184 81 75 him,

210 2230 34 75 as
261 2230 165 75 England,
449 2230 159 75 Holland,
632 2230 65 75 <bc.
723 2230 63 75 and
802 2230 85 75 their
908 2230 135 75 bulinefs
1054 2230 28 75 is
1094 2230 39 75 to
1142 2230 48 75 in-

211 2276 83 75 form
317 2276 56 75 the
392 2276 250 75 father-general
669 2276 42 75 of
725 2276 301 75 ftate-oceurrences
1052 2276 34 75 in
1113 2276 76 75 fuch

212 2322 171 75 countries.

167 2367 342 75 ADJUTORIUM,
519 2367 33 75 .a
575 2367 83 75 term
682 2367 77 75 ufed
783 2367 46 75 by
856 2367 175 75 phyfjcians
1055 2367 52 75 for
1131 2367 62 75 any

211 2413 156 75 medicine
381 2413 32 75 in
430 2413 20 75 a
464 2413 206 75 prefcription
695 2413 58 75 but
771 2413 55 75 the
843 2413 116 75 capital
977 2413 73 75 one.

167 2458 282 75 Ax>jutorium,
474 2458 32 75 in
519 2458 161 75 anatomy,
705 2458 56 75 the
774 2458 86 75 fame
876 2458 80 75 with
971 2458 56 75 the
1042 2458 151 75 humerus

216 2505 36 75 or
268 2505 270 75 fnoulder^blade.
587 2505 64 75 See
665 2505 211 75 Humerus.

168 2552 298 75 ADLE-EGGS,
489 2552 75 75 fuch
582 2552 33 75 as
631 2552 82 75 have
728 2552 58 75 not
803 2552 146 75 received
963 2552 43 75 an
1014 2552 180 75 impregna-

218 2596 65 75 tion
302 2596 84 75 from
402 2596 55 75 the
476 2596 105 75 femen
602 2596 39 75 of
653 2596 54 75 the
725 2596 91 75 cock.

168 2644 342 75 ADLOCUTION,
535 2644 31 75 in
579 2644 127 75 Roman
724 2644 174 75 antiquity,
912 2644 27 75 is
953 2644 115 75 chiefly
1077 2644 118 75 under-

216 2689 91 75 ftood
321 2689 39 75 of
369 2689 150 75 fpeeches
535 2689 92 75 made
649 2689 44 75 by
715 2689 128 75 Roman
869 2689 157 75 generals,
1052 2689 34 75 to
1110 2689 86 75 their

217 2735 126 75 armies,
367 2735 43 75 to.
419 2735 134 75 animate
562 2735 97 75 .them
670 2735 81 75 with
763 2735 149 75 courage,
931 2735 109 75 before
1052 2735 19 75 a
1081 2735 114 75 battle.

172 2782 320 75 ADMINICLES,
516 2782 31 75 in
566 2782 94 75 Scots
677 2782 75 75 law,
775 2782 133 75 fignifies
924 2782 63 75 any
1010 2782 128 75 writing
1159 2782 38 75 or

219 2828 83 75 deed
321 2828 141 75 referred
486 2828 36 75 to
544 2828 44 75 by
610 2828 19 75 a
651 2828 94 75 party
761 2828 31 75 in
811 2828 40 75 an
866 2828 103 75 action
984 2828 40 75 of
1046 2828 75 75 law,
1146 2828 52 75 for

220 2874 133 75 proving
369 2874 49 75 his
439 2874 216 75 alledgeances
671 2874 37 75 or
725 2874 174 75 aflertions.

173 2920 31 75 A
210 2920 53 75 dm
270 2920 167 75 inicles,
449 2920 116 75 among
577 2920 228 75 antiquarians,
817 2920 56 75 the
883 2920 181 75 ornaments
1075 2920 123 75 where-

220 2967 80 75 with
315 2967 88 75 Juno
417 2967 28 75 is
460 2967 203 75 reprefented
678 2967 41 75 on
732 2967 136 75 medals.

1220 127 10 75 5
1287 127 21 75 )

1630 127 251 75 ADM

1232 193 437 75 ADMINICULATOR,
1694 193 40 75 an
1751 193 124 75 ancient
1892 193 109 75 officer
2011 193 42 75 of
2063 193 55 75 the
2130 193 137 75 church,

1279 237 106 75 whofe
1410 237 150 75 bufinefs.
1572 237 26 75 it
1622 237 65 75 was
1715 237 36 75 to
1776 237 110 75 attend
1909 237 47 75 to,
1981 237 63 75 and
2065 237 122 75 defend-
2210 237 56 75 the

1280 283 90 75 caufe
1387 283 41 75 of
1440 283 145 75 widows,
1603 283 150 75 orphans,
1771 283 62 75 and
1844 283 110 75 others
1971 283 149 75 deftitute
2130 283 134 75 ofhelp,

1234 332 457 75 ADMINISTRATION,
1716 332 33 75 in
1780 332 140 75 general,
1952 332 57 75 the
2042 332 224 75 government,

1283 376 166 75 direiSion,
1476 376 39 75 or
1532 376 221 75 management
1776 376 40 75 of
1835 376 121 75 affairs,
1988 376 63 75 and
2077 376 188 75 particular-

1282 422 35 75 ly
1334 422 56 75 the
1414 422 142 75 exercife
1572 422 40 75 of
1623 422 196 75 diftributive
1840 422 135 75 juitice;
2017 422 117 75 among
2161 422 103 75 eccle-

1281 469 113 75 fiaftics
1411 469 26 75 it
1454 469 27 75 is
1498 469 91 75 often
1605 469 78 75 ufed
1698 469 36 75 to
1750 469 128 75 exprefs
1897 469 55 75 the
1968 469 108 75 giving
2092 469 38 75 or
2140 469 125 75 dilpen-

1282 514 65 75 fing
1362 514 57 75 the
1435 514 203 75 facraments,
1663 514 66 75 tie.

1234 563 381 75 Administration,
1638 563 26 75 is
1689 563 65 75 alfo
1774 563 55 75 the
1842 563 91 75 name
1945 563 91 75 given
2053 563 44 75 by
2112 563 55 75 the
2184 563 81 75 Spa-

1283 608 105 75 niards
1404 608 32 75 in
1453 608 97 75 Peru,
1574 608 36 75 to
1626 608 55 75 the
1697 608 96 75 ilaple
1813 608 178 75 magazine,
2016 608 37 75 or
2069 608 197 75 warehoiife,

1283 654 182 75 eilablifhed
1478 654 32 75 at
1522 654 127 75 Callao,
1667 654 20 75 a
1698 654 90 75 fmall
1800 654 87 75 town
1900 654 40 75 on
1954 654 56 75 the
2023 654 37 75 S.
2073 654 74 75 Sea,
2160 654 106 75 which

1283 700 26 75 is
1327 700 57 75 the
1399 700 75 75 port
1489 700 41 75 of
1540 700 111 75 Lima,
1675 700 55 75 the
1747 700 117 75 capital
1880 700 40 75 of
1932 700 70 75 that
2022 700 72 75 part
2109 700 41 75 of
2163 700 36 75 S.
2216 700 51 75 A-

1284 746 130 75 merica,
1439 746 63 75 and
1522 746 208 75 particularly
1746 746 40 75 of
1800 746 97 75 Peru.
1945 746 77 75 The
2035 746 123 75 foreign
2171 746 95 75 fhips,

1283 793 105 75 which
1404 793 82 75 have
1502 793 89 75 leave
1607 793 35 75 to
1658 793 91 75 trade
1765 793 95 75 along
1871 793 71 75 that
1958 793 96 75 coaft,
2073 793 53 75 are
2138 793 131 75 obliged

1284 838 34 75 to
1335 838 118 75 unload
1468 838 89 75 here,
1582 838 117 75 paying
1719 838 38 75 13
1772 838 63 75 per
1850 838 85 75 cent,
1960 838 42 75 of
2014 838 55 75 the
2086 838 85 75 price
2188 838 80 75 they

1284 884 55 75 fell
1357 884 63 75 for,
1438 884 30 75 if
1480 884 55 75 the
1558 884 96 75 cargo
1670 884 40 75 be
1727 884 114 75 entire,
1867 884 62 75 and
1947 884 79 75 even
2047 884 41 75 16
2104 884 161 75 percent.

1283 932 30 75 if
1336 932 191 75 otherwiieq
1564 932 119 75 befides
1707 932 106 75 which
1840 932 77 75 they
1940 932 63 75 pay
2029 932 17 75 3
2068 932 64 75 per
2160 932 101 75 lodo,

1284 978 80 75 duty
1379 978 53 75 for
1451 978 187 75 confulftiip,
1664 978 63 75 and
1742 978 85 75 feme
1843 978 95 75 other
1954 978 90 75 fmall
2055 978 90 75 royal
2160 978 107 75 rights

1286 1024 61 75 and
1364 1024 122 75 claiins.

1237 1072 375 75 Administration,
1637 1072 19 75 a
1679 1072 83 75 term
1777 1072 77 75 ufed
1870 1072 44 75 by
1929 1072 180 75 anatomifts
2135 1072 53 75 for
2210 1072 56 75 the

1285 1117 48 75 art
1349 1117 41 75 of
1404 1117 160 75 differing
1579 1117 80 75 with
1676 1117 177 75 propriety.

1235 1165 431 75 ADMINISTRATOR,
1692 1165 31 75 in
1747 1165 96 75 Scots
1868 1165 75 75 law,
1969 1165 20 75 a
2011 1165 112 75 perfon
2147 1165 119 75 legally

1284 1210 192 75 impowered
1491 1210 35 75 to
1543 1210 49 75 aft
1608 1210 51 75 for
1679 1210 135 75 another
1829 1210 105 75 whom
1951 1210 57 75 the
2024 1210 62 75 law
2105 1210 160 75 prefumes

1281 1256 164 75 incapable
1462 1256 40 75 of
1513 1256 103 75 afting
1632 1256 52 75 for
1700 1256 138 75 himfelf.
1886 1256 97 75 Thus
1998 1256 105 75 tutors
2119 1256 37 75 or
2173 1256 92 75 cura-

1282 1304 67 75 tors
1367 1304 53 75 are
1429 1304 183 75 fometimes
1627 1304 101 75 ftyled
1743 1304 265 75 adminijlrators
2020 1304 35 75 in
2072 1304 69 75 lavs
2156 1304 35 75 to
2207 1304 59 75 pu-

1282 1350 71 75 pils,
1373 1350 130 75 minors,
1521 1350 185 75 or.fatuous
1722 1350 141 75 perfons.
1912 1350 67 75 But
1996 1350 87 75 more
2101 1350 163 75 generally

1282 1396 55 75 the
1356 1396 83 75 term
1454 1396 27 75 is
1497 1396 77 75 ufed
1585 1396 35 75 to
1636 1396 101 75 imply
1752 1396 71 75 that
1843 1396 109 75 power
1969 1396 106 75 which
2093 1396 26 75 is
2137 1396 125 75 confer-

1282 1442 56 75 red
1353 1442 44 75 by
1420 1442 55 75 the
1496 1442 62 75 law
1574 1442 84 75 upon
1676 1442 18 75 a
1708 1442 107 75 father
1833 1442 78 75 over
1927 1442 55 75 the
2003 1442 128 75 perfons
2148 1442 64 75 and
2228 1442 35 75 e-

1281 1488 93 75 ftates
1387 1488 40 75 of
1434 1488 49 75 his
1495 1488 144 75 children
1649 1488 117 75 during
1778 1488 84 75 their
1876 1488 169 75 minority.
2082 1488 62 75 See
2160 1488 103 75 Law,

1281 1535 83 75 title.
1392 1535 145 75 Minors,
1561 1535 69 75 and
1651 1535 87 75 their
1754 1535 106 75 tutors
1875 1535 70 75 and
1958 1535 162 75 curators.

1234 1581 356 75 Administrator,
1615 1581 27 75 is
1668 1581 180 75 fometimes
1872 1581 75 75 ufed
1964 1581 52 75 for
2031 1581 55 75 the
2102 1581 160 75 prefident

1281 1628 39 75 of
1335 1628 19 75 a
1369 1628 170 75 province;
1565 1628 52 75 for
1633 1628 18 75 a
1667 1628 111 75 perfon
1795 1628 172 75 appointed
1981 1628 36 75 to
2033 1628 136 75 receive,
2196 1628 69 75 ma-

1280 1673 91 75 nage,
1398 1673 62 75 and
1474 1673 165 75 diftribute
1656 1673 56 75 the
1729 1673 152 75 revenues
1895 1673 40 75 of
1947 1673 39 75 an
2003 1673 136 75 hofpital
2157 1673 38 75 or
2212 1673 50 75 re-

1280 1720 114 75 ligious
1411 1720 98 75 houfe
1523 1720 10 75 ;
1560 1720 52 75 for
1639 1720 19 75 a
1683 1720 108 75 prince
1813 1720 74 75 who
1911 1720 112 75 enjoys
2039 1720 55 75 the
2111 1720 152 75 revenues

1281 1764 40 75 of
1339 1764 19 75 a
1384 1764 196 75 fecularized
1607 1764 199 75 biftiopiick;
1832 1764 62 75 and
1910 1764 54 75 for
1979 1764 55 75 the
2051 1764 111 75 regent
2186 1764 41 75 of
2248 1764 19 75 a

1280 1810 165 75 kingdom,
1470 1810 115 75 during
1610 1810 19 75 a
1651 1810 153 75 minority
1827 1810 41 75 of
1889 1810 56 75 the
1970 1810 120 75 prince,
2116 1810 38 75 or
2174 1810 19 75 a
2210 1810 56 75 va-

1280 1855 99 75 cancy
1395 1855 39 75 of
1446 1855 54 75 the
1516 1855 128 75 throne.

1233 1901 448 75 ADMINISTRATRIX,
1706 1901 21 75 a
1740 1901 125 75 woman
1885 1901 75 75 who
1984 1901 64 75 afts
2073 1901 33 75 as
2132 1901 134 75 admini-

1280 1947 126 75 ftrator.

1235 1993 338 75 ADMIRABILIS,
1599 1993 33 75 in
1645 1993 135 75 botany,
1804 1993 20 75 a
1840 1993 163 75 fynonime
2015 1993 40 75 of
2065 1993 55 75 the
2136 1993 132 75 mirabi-

1282 2040 53 75 lis.
1384 2040 61 75 See
1462 2040 235 75 Mirabilis,

1236 2086 325 75 ADMIRABILIS
1570 2086 70 75 fal,
1657 2086 55 75 the
1724 2086 84 75 fame
1819 2086 79 75 with
1915 2086 174 75 Glauber’s
2106 2086 72 75 fait.
2204 2086 63 75 See

1284 2132 218 75 Glauber’s
1523 2132 90 75 salt
1625 2132 8 75 .

1238 2179 247 75 ADMIRAL,
1508 2179 33 75 in
1561 2179 158 75 maritime
1744 2179 122 75 affairs,
1900 2179 19 75 a
1947 2179 89 75 great
2063 2179 107 75 officer
2192 2179 75 75 who

1287 2225 183 75 commands
1487 2225 55 75 the
1558 2225 95 75 naval
1666 2225 105 75 forces
1787 2225 40 75 of
1839 2225 18 75 a
1872 2225 151 75 kingdom
2041 2225 38 75 or
2095 2225 89 75 ftate.

1239 2272 90 75 High
1353 2272 203 75 Admiral,
1580 2272 33 75 in
1629 2272 55 75 the
1699 2272 63 75 law
1790 2272 40 75 of
1853 2272 166 75 Scotland,
2045 2272 18 75 a
2084 2272 102 75 judge
2215 2272 49 75 in-

1286 2318 108 75 verted
1408 2318 80 75 with
1504 2318 142 75 fupreme
1659 2318 198 75 jurifdiftion
1872 2318 33 75 in
1922 2318 42 75 all
1981 2318 156 75 maritime
2157 2318 112 75 caufes

1287 2363 113 75 within
1419 2363 166 75 Scotland.
1651 2363 62 75 See
1729 2363 105 75 Law,
1858 2363 85 75 title.
1968 2363 155 75 Supreme
2130 2363 136 75 judges,

1287 2410 70 75 and
1369 2410 108 75 courts
1494 2410 42 75 of
1543 2410 169 75 Scotland.

1242 2457 189 75 Admiral
1445 2457 65 75 alfo
1521 2457 132 75 denotes
1666 2457 55 75 the
1734 2457 201 75 commander
1947 2457 32 75 in
1991 2457 90 75 chief
2092 2457 41 75 of
2140 2457 19 75 a
2170 2457 96 75 fingle

1288 2503 75 75 fleet
1375 2503 38 75 or
1428 2503 180 75 fquadron;
1626 2503 50 75 or,
1692 2503 34 75 in
1737 2503 140 75 general,
1895 2503 61 75 ary
1968 2503 187 75 flag-officer
2164 2503 104 75 what-

1290 2549 87 75 ever.
1427 2549 37 75 In
1480 2549 55 75 the
1551 2549 118 75 Britifli
1693 2549 96 75 navy,
1814 2549 121 75 befides
1955 2549 56 75 the
2035 2549 131 75 admiral
2190 2549 76 75 who

1290 2595 183 75 commands
1491 2595 33 75 in
1551 2595 98 75 chief,
1674 2595 90 75 there
1788 2595 54 75 are
1858 2595 56 75 the
1936 2595 232 75 vice-admiral,
2193 2595 79 75 who

1291 2640 181 75 commands
1488 2640 56 75 the
1559 2640 116 75 fecond
1685 2640 157 75 fquadron
1854 2640 11 75 ;
1884 2640 62 75 and
1962 2640 55 75 the
2034 2640 232 75 rear-admiral,

1291 2687 74 75 who
1382 2687 183 75 commands
1581 2687 56 75 the
1653 2687 101 75 third.
1808 2687 79 75 The
1914 2687 131 75 admiral
2073 2687 118 75 carries
2217 2687 55 75 his

1291 2734 62 75 flag
1370 2734 32 75 at
1424 2734 56 75 the
1508 2734 370 75 main-top-maft-head;
1915 2734 56 75 the
1991 2734 219 75 vice-admiral
2236 2734 34 75 at

1291 2780 55 75 the
1363 2780 356 75 fore-top-maft-head;
1746 2780 63 75 and
1834 2780 54 75 the
1912 2780 222 75 rear-admiral
2158 2780 33 75 at
2213 2780 61 75 the'

1293 2823 381 75 mizen-top-maft-head.
1724 2823 60 75 See
1800 2823 121 75 Flag.

1246 2870 279 75 F/Cif-ADMiRAL
1543 2870 137 75 likewife
1698 2870 131 75 denotes
1853 2870 39 75 an
1909 2870 109 75 officer
2033 2870 141 75 inverted
2189 2870 80 75 with

1293 2918 56 75 the
1362 2918 197 75 jurifdiftion
1574 2918 41 75 of
1626 2918 38 75 an
1681 2918 144 75 admiral,
1848 2918 113 75 within
1974 2918 19 75 a
2003 2918 120 75 certain
2139 2918 130 75 diftrift.

1292 2964 111 75 There
1421 2964 52 75 are
1490 2964 19 75 a
1523 2964 134 75 number
1678 2964 40 75 of
1728 2964 78 75 fuch
1821 2964 32 75 in
1870 2964 50 75 G.
1940 2964 140 75 Britain.
2066 3004 202 75 Admiral,
