2483 3387
738 191 36 75 R
851 191 19 75 I
949 191 39 75 T
1063 191 42 75 H
1183 191 49 75 M
1307 191 34 75 E
1418 191 38 75 T
1535 191 17 75 I

1746 192 50 75 K.

2187 166 2 104 ■
2198 192 76 75 401

151 263 134 75 number
301 263 132 75 amount
449 263 35 75 to
504 263 24 75 2.
528 263 33 75 5;,
561 263 11 75 -
585 263 65 75 and
668 263 108 75 afford
793 263 18 75 a
832 263 171 75 deduction
1027 263 41 75 of
1091 263 13 75 1
1125 263 66 75 far-
1238 263 183 75 nominator
1435 263 27 75 is
1482 263 21 75 9
1526 263 53 75 for
1603 263 56 75 the
1684 263 166 75 repeating
1872 263 113 75 figure,
2011 263 49 75 or'
2075 263 20 75 9
2112 263 53 75 for
2180 263 99 75 every

151 312 93 75 thing
268 312 171 75 complete.
496 312 126 75 Hence,
659 312 44 75 by
723 312 51 75 inl'
774 312 133 75 pe&ion,
943 312 50 75 we
1015 312 83 75 have
1125 312 65 75 fre-
1238 312 102 75 figure
1356 312 41 75 of
1420 312 55 75 the
1492 312 96 75 circle
1603 312 9 75 ;
1639 312 64 75 and
1719 312 90 75 then,
1838 312 31 75 if
1887 312 142 75 occafion
2057 312 142 75 require,
2226 312 51 75 re-

150 359 136 75 quently
304 359 12 75 1
337 359 145 75 farthing
504 359 88 75 more
610 359 76 75 than
716 359 44 75 by
775 359 56 75 the
854 359 148 75 common
1030 359 133 75 method
1177 359 10 75 ;
1237 359 82 75 duce
1336 359 64 75 this
1419 359 133 75 fraction
1570 359 34 75 to
1621 359 42 75 its
1681 359 109 75 lowed
1807 359 112 75 terms.

151 406 127 75 but.the
295 406 65 75 two
377 406 150 75 methods
543 406 67 75 will
624 406 107 75 agree,
748 406 38 75 or
803 406 72 75 give
889 406 54 75 the
960 406 84 75 fame
1056 406 132 75 anfwer,

151 453 38 75 if,
214 453 85 75 from
317 453 55 75 the
394 453 119 75 figures
530 453 35 75 to
582 453 40 75 be
635 453 116 75 turned
766 453 70 75 into
852 453 171 75 farthings,
1049 453 49 75 we
1116 453 73 75 fub-

152 500 80 75 tradt
248 500 85 75 their
350 500 83 75 25th
451 500 85 75 part,
561 500 170 75 efteeming
747 500 56 75 the
830 500 179 75 remainder
1028 500 160 75 farthings

151 547 62 75 and
229 547 136 75 decimal
381 547 86 75 parts
484 547 40 75 of
537 547 18 75 a
570 547 157 75 farthing.

948 547 9 75 ,

198 593 108 75 Thus,
335 593 80 75 .718
429 593 26 75 1.
467 593 37 75 =
519 593 77 75 145.
624 593 21 75 4
655 593 34 75 d.
715 593 19 75 2
746 593 26 75 f.
797 593 43 75 by
853 593 169 75 infpedlion
1034 593 11 75 ;
1071 593 58 75 but
1145 593 45 75 by

150 640 55 75 the
230 640 148 75 common
400 640 147 75 method,
580 640 64 75 and
670 640 44 75 by
738 640 169 75 infpeftion
930 640 176 75 corrected,
1132 640 56 75 the

150 686 121 75 anfwer
286 686 110 75 comes
413 686 57 75 out
492 686 14 75 1
525 686 145 75 farthing
686 686 74 75 lefs,
786 686 35 75 as
837 686 142 75 follows.

151 752 148 75 Common
316 752 137 75 method.
574 752 178 75 Ipfpettion
770 752 173 75 corrected.

319 799 41 75 L.

672 799 39 75 If
723 799 43 75 25
783 799 8 75 :
811 799 14 75 1
844 799 24 75 ::
889 799 40 75 18
945 799 9 75 :
972 799 72 75 .72.

295 847 80 75 .718

504 847 73 75 that
592 847 41 75 is,
659 847 228 75 25)i8.o(.72

352 893 46 75 20

728 893 42 75 17
786 893 17 75 5

273 987 126 75 14.360

251 1268 26 75 f.
299 1268 80 75 1.28

880 985 61 75 and
964 985 38 75 18

976 1034 56 75 .72

1283 417 109 75 Thus,

1595 417 34 75 |,
1655 417 63 75 and

1866 417 37 75 =
1975 417 62 75 and
2063 417 37 75 ./
2109 417 36 75 =
2156 417 36 75 f.

1284 474 120 75 Again,
1431 474 33 75 .2
1464 506 23 49 7
1487 474 225 75 ,=fJ=A,
1738 474 64 75 and
1827 474 166 75 -7*4285,
2002 474 228 75 =£^£4.=
2239 474 36 75 $..

1284 547 104 75 Case
1407 547 66 75 III.
1520 547 113 75 When
1651 547 56 75 the
1724 547 94 75 given
1834 547 136 75 decimal
1982 547 27 75 is
2022 547 19 75 a
2053 547 85 75 mixt
2150 547 124 75 repeat-

1236 593 46 75 er,
1309 593 39 75 or
1364 593 18 75 a
1397 593 85 75 mixt
1499 593 164 75 circulate.

1282 641 126 75 Rule.
1458 641 98 75 From
1577 641 56 75 the
1658 641 85 75 mixt
1761 641 156 75 repeater,
1942 641 40 75 or
2003 641 84 75 mixt
2107 641 167 75 circulate,

1235 688 139 75 fubtradt
1391 688 55 75 the
1463 688 88 75 finite
1568 688 84 75 part,
1678 688 62 75 and
1765 688 56 75 the
1837 688 180 75 remainder
2036 688 26 75 is
2092 688 54 75 the
2162 688 111 75 nume-

1236 734 98 75 rator.
1349 734 41 75 of
1408 734 56 75 the
1489 734 112 75 vulgar
1623 734 132 75 fradtion
1774 734 11 75 ;
1812 734 56 75 the
1891 734 224 75 denominator
2139 734 26 75 is
2183 734 22 75 9
2222 734 53 75 for

1236 782 55 75 the
1309 782 164 75 repeating
1489 782 124 75 figure,,
1625 782 39 75 or
1682 782 21 75 9
1719 782 53 75 for
1795 782 97 75 every
1910 782 101 75 figure
2028 782 41 75 of
2088 782 56 75 the
2160 782 112 75 circle,

1236 829 80 75 with
1329 829 33 75 as
1380 829 95 75 many
1492 829 125 75 ciphers
1642 829 147 75 annexetl
1805 829 34 75 as
1857 829 90 75 there
1965 829 53 75 are
2035 829 117 75 figures
2168 829 32 75 in
2217 829 57 75 the

1236 876 88 75 finite
1340 876 86 75 part.

1283 932 110 75 Thus,
1420 932 56 75 .0^
1488 932 37 75 =
1535 932 49 75 ^
1594 932 37 75 =
1641 932 60 75 ^,
1731 932 62 75 and
1820 932 106 75 .16=:
1936 932 48 75 £.£
1994 932 37 75 =
2040 932 37 75 4-,
2102 932 64 75 and
2191 932 84 75 .083-

1252 962 4 104 ■
1256 988 16 75 *
1286 988 15 75 9
1309 988 45 75 o’5‘
1414 988 16 75 6
1438 988 16 75 o
1515 988 61 75 TT*

798 1127 54 75 (o)
936 1127 102 75 17.28

980 1219 33 75 d.
1044 1219 39 75 /.

1283 1039 77 75 The
1377 1039 110 75 reafon
1509 1039 40 75 of
1562 1039 55 75 the
1642 1039 70 75 rule
1735 1039 74 75 may
1832 1039 41 75 be
1898 1039 103 75 (hewn
2019 1039 74 75 thus
2109 1039 9 75 :
2145 1039 127 75 Efleem

1236 1086 56 75 the
1308 1086 89 75 finite
1407 1086 72 75 part
1491 1086 42 75 of
1542 1086 56 75 the
1610 1086 58 75 lafl:
1680 1086 148 75 example
1840 1086 39 75 an
1891 1086 136 75 integer,
2053 1086 64 75 and
2128 1086 77 75 then
2218 1086 55 75 the

1236 1132 86 75 mixt
1337 1132 135 75 number

1754 1114 40 49 be
1811 1114 29 49 et
1840 1132 11 75 l
1851 1114 55 49 ua^
1922 1114 35 49 t0
2055 1132 31 75 g‘
2086 1114 63 49 veD
2169 1132 103 75 circu-

1236 1179 78 75 late.
1363 1179 121 75 Again,
1511 1179 116 75 reduce
1644 1179 65 75 this
1731 1179 83 75 mixt
1837 1179 134 75 number
1987 1179 36 75 to
2046 1179 40 75 an
2111 1179 163 75 improper

1236 1226 146 75 fradtion,
1408 1226 70 75 viz.
1504 1226 151 75 multiply
1666 1226 55 75 the
1737 1226 125 75 integer
1881 1226 16 75 3
1918 1226 43 75 by
1977 1226 57 75 the
2049 1226 224 75 denominator

1238 1274 152 75 999999,
1416 1274 62 75 and
1495 1274 35 75 to
1553 1274 57 75 the
1629 1274 135 75 produdt
1780 1274 64 75 add
1868 1274 56 75 the
1948 1274 198 75 numerator,
2172 1274 33 75 as
2223 1274 49 75 di-

721 1268 79 75 And
822 1268 102 75 17.28
938 1268 36 75 =
986 1268 22 75 4
1061 1268 77 75 1.28

195 1325 57 75 To
269 1325 169 75 conclude,
462 1325 120 75 inllead
598 1325 41 75 of
650 1325 145 75 dividing
810 1325 45 75 by
872 1325 58 75 25,
955 1325 49 75 we
1021 1325 73 75 may
1106 1325 82 75 mul-
1236 1325 106 75 redted
1358 1325 32 75 in
1408 1325 165 75 reduction
1589 1325 40 75 of
1640 1325 114 75 vulgar
1769 1325 166 75 fradtions.

149 1373 83 75 tiply
246 1373 45 75 by
310 1373 58 75 .04
383 1373 10 75 ;
420 1373 63 75 and
506 1373 78 75 then
608 1373 56 75 the
681 1373 93 75 exadt
797 1373 92 75 value
914 1373 40 75 of
974 1373 62 75 any
1052 1373 136 75 decimal
1284 1373 160 75 Multiply
1461 1373 55 75 the
1533 1373 123 75 integer
1675 1373 16 75 3
1711 1373 70 75 into
1800 1373 140 75 999999

150 1419 40 75 of
202 1419 19 75 a
237 1419 107 75 pound
362 1419 144 75 Sterling
522 1419 74 75 may
611 1419 41 75 be
670 1419 101 75 found
788 1419 33 75 as
838 1419 143 75 follows.

1234 1419 45 75 by
1292 1419 55 75 the
1360 1419 133 75 method
1505 1419 40 75 of
1556 1419 205 75 multiplying
1774 1419 62 75 any
1847 1419 93 75 num-
1992 1419 164 75 3000000

199 1464 99 75 From
320 1464 56 75 the
401 1464 116 75 primes
543 1464 75 75 and'
618 1464 144 75 feconds
790 1464 47 75 fet
860 1464 53 75 off
933 1464 58 75 the
1016 1464 169 75 {hillings;
1234 1464 58 75 ber
1305 1464 43 75 by
1365 1464 35 75 9,
1419 1464 57 75 99,
1495 1464 82 75 999,
1596 1464 64 75 ire.
1687 1464 112 75 taught
1812 1464 31 75 in
1856 1464 82 75 mul-

2131 1464 20 75 3

151 1511 150 75 multiply
317 1511 57 75 the
401 1511 178 75 remainder
605 1511 47 75 by
675 1511 35 75 4,
734 1511 118 75 fetting
879 1511 55 75 the
962 1511 135 75 produdt
1119 1511 68 75 two
1233 1511 179 75 tiplication
1425 1511 39 75 of
1475 1511 153 75 integers,
1654 1511 63 75 and
1733 1511 36 75 to
1785 1511 56 75 the
1864 1511 76 75 pro-

152 1557 105 75 places
274 1557 37 75 to
334 1557 57 75 the
416 1557 110 75 right;
552 1557 139 75 fubtradt
715 1557 56 75 the
787 1557 134 75 produdt
948 1557 86 75 from
1050 1557 55 75 the
1122 1557 65 75 firfi:
1235 1557 75 75 dudt
1330 1557 64 75 add
1416 1557 56 75 the
1488 1557 195 75 numerator,
1709 1557 63 75 and
1794 1557 56 75 the
1872 1557 67 75 fum
1989 1557 164 75 2999997

152 1604 179 75 remainder
344 1604 11 75 ;
382 1604 63 75 and
462 1604 85 75 from
563 1604 57 75 the
644 1604 116 75 fecond
783 1604 179 75 remainder
977 1604 96 75 point
1089 1604 53 75 off
1151 1604 35 75 fo
1233 1604 78 75 {hall
1326 1604 45 75 be
1388 1604 55 75 the
1463 1604 183 75 numerator
1657 1604 42 75 of
1709 1604 56 75 the
1781 1604 162 75 improper
2015 1604 139 75 571428

150 1652 97 75 many
262 1652 105 75 places
384 1652 35 75 to
435 1652 56 75 the
514 1652 86 75 right
623 1652 34 75 as
681 1652 92 75 there
789 1652 54 75 are
867 1652 117 75 figures
1000 1652 32 75 in
1050 1652 54 75 the
1121 1652 65 75 firft
1233 1652 148 75 fradtion,
1407 1652 34 75 as
1453 1652 32 75 in
1502 1652 56 75 the
1574 1652 130 75 margin,

150 1698 193 75 remainder.
390 1698 78 75 The
492 1698 135 75 number
639 1698 42 75 on
697 1698 56 75 the
770 1698 61 75 left
847 1698 40 75 of
898 1698 55 75 the
970 1698 90 75 point
1076 1698 27 75 is
1120 1698 65 75 far-

152 1745 121 75 things,
298 1745 62 75 and
379 1745 55 75 the
458 1745 117 75 figures
594 1745 43 75 on
661 1745 56 75 the
738 1745 88 75 right
843 1745 53 75 are
913 1745 20 75 a
956 1745 136 75 decimal
1108 1745 40 75 of
1167 1745 5 75 ;

152 1792 156 75 farthing.

294 1860 158 75 Example
471 1860 32 75 1.
518 1910 86 75 d.f.

424 1955 19 75 =
455 1955 41 75 14
522 1955 23 75 4
574 1955 77 75 1.28

281 1956 151 75 .718!.=

827 1858 160 75 Example
1005 1858 33 75 2.

797 1955 151 75 .76911.:

1008 1913 4 75 •
1039 1913 75 75 d.f.

1995 1701 160 75 3571425
2181 1701 89 75 num.

1282 1743 87 75 Now
1384 1743 26 75 it
1428 1743 26 75 is
1471 1743 128 75 evident
1615 1743 71 75 that
1703 1743 56 75 the
1779 1743 83 75 fame
1879 1743 58 75 nu-

1223 1790 151 75 merator
1390 1790 66 75 will
1475 1790 39 75 be
1531 1790 113 75 found,
1669 1790 38 75 if,
1724 1790 33 75 in
1773 1790 57 75 the
1842 1790 101 75 upper
1992 1790 159 75 3571428

1233 1837 76 75 line,
1318 1837 121 75 inftead
1451 1837 40 75 of
1497 1837 55 75 the
1565 1837 195 75 fij^phers,
1773 1837 65 75 you
1850 1837 90 75 place

2131 1837 18 75 3

1234 1884 55 75 the
1301 1884 117 75 figures
1430 1884 42 75 of
1482 1884 55 75 the
1550 1884 109 75 circll,
1677 1884 64 75 and
1755 1884 86 75 from
1854 1884 89 75 them

960 1939 13 75 -
1004 1939 13 75 -
1106 1939 8 75 '
1158 1939 23 75 v
1232 1939 139 75 fubtradt
1390 1939 33 75 3,
1447 1939 57 75 the
1519 1939 89 75 finite
1625 1939 85 75 part.

960 1955 57 75 -15
1037 1955 22 75 4
1077 1955 107 75 2.336

1389 1937 17 49 3

1626 1937 10 49 1

1280 1996 55 75 To
1361 1996 56 75 the
1446 1996 184 75 numerator
1657 1996 75 75 thus
1760 1996 108 75 found.

688 2047 12 75 1
712 2047 98 75 Rem.
842 2047 60 75 191

378 2094 41 75 72
429 2094 37 75 =
479 2094 113 75 18X4

889 2094 263 75 764=191X4

154 2188 18 75 2
195 2188 98 75 Rem.
322 2188 103 75 17.28

685 2188 19 75 2
718 2188 99 75 Rem.
833 2188 142 75 .18.336

199 2245 118 75 Prob.
339 2245 47 75 V.
433 2245 59 75 To
507 2245 118 75 reduce
641 2245 20 75 a
676 2245 136 75 decimal
829 2245 35 75 to
879 2245 42 75 its
938 2245 160 75 primitive
1114 2245 70 75 vul-

152 2290 56 75 gar
225 2290 146 75 fradtion.

865 2290 21 75 A

199 2337 104 75 Case
322 2337 31 75 I.
401 2337 113 75 When
530 2337 55 75 the
601 2337 94 75 given
713 2337 175 75 decimal*
903 2337 101 75 finite.

198 2384 127 75 Rule.
373 2384 123 75 Divide
518 2384 80 75 both
616 2384 184 75 numerator
820 2384 64 75 and
904 2384 224 75 denominator
1150 2384 42 75 of

153 2430 55 75 the
233 2430 94 75 given
352 2430 136 75 decimal
512 2430 44 75 by
579 2430 83 75 their
687 2430 135 75 greateft
844 2430 147 75 common
1017 2430 166 75 meafure;

154 2476 55 75 the
225 2476 83 75 quot
323 2476 27 75 is
366 2476 56 75 the
438 2476 111 75 vulgar
566 2476 137 75 fraction
719 2476 164 75 required.

200 2535 108 75 Thus,
336 2535 208 75 .875=-j%y
544 2567 20 49 5
564 2535 86 75 =£.
721 2535 67 75 For
804 2535 222 75 875)1000(1

916 2592 67 75 875

335 2675 150 75 Greateft
500 2675 147 75 common
663 2675 142 75 meafure
834 2675 195 75 125)875(7

920 2723 66 75 875

1404 2723 102 75 Num.
1534 2723 65 75 375

200 2813 77 75 And
299 2813 39 75 i2
346 2813 189 75 5)T^y(4.

925 2813 55 75 (o)

1390 2813 90 75 Den.
1507 2813 91 75 9000

199 2873 102 75 Case
320 2873 48 75 II.
417 2873 111 75 When
547 2873 55 75 the
617 2873 93 75 given
727 2873 135 75 decimal
890 2873 26 75 is
934 2873 18 75 a
968 2873 78 75 pure
1061 2873 123 75 repeat-
1280 2873 40 75 In
1348 2873 63 75 this
1429 2873 130 75 manner
1574 2873 57 75 too
1653 2873 74 75 may
1743 2873 64 75 any
1828 2873 84 75 mixt
1928 2873 146 75 number,
2101 2873 165 75 confining

152 2920 47 75 er,
224 2920 39 75 or
278 2920 18 75 a
312 2920 79 75 pure
408 2920 164 75 circulate.

1233 2920 40 75 of
1285 2920 38 75 an
1340 2920 122 75 integer
1479 2920 77 75 with
1574 2920 18 75 a
1608 2920 145 75 repeater
1769 2920 37 75 or
1823 2920 167 75 circulate,
2017 2920 39 75 be
2073 2920 140 75 reduced
2231 2920 34 75 to

199 2966 124 75 Rule.
372 2966 101 75 Make
490 2966 55 75 the
561 2966 164 75 repeating
742 2966 111 75 figure,
886 2966 37 75 or
940 2966 54 75 the
1017 2966 117 75 figures
1150 2966 41 75 of
1234 2966 39 75 an
1286 2966 159 75 improper
1461 2966 113 75 vulgar
1591 2966 133 75 fradtien
1739 2966 10 75 ;
1774 2966 59 75 but
1846 2966 41 75 no
1900 2966 124 75 ciphers
2038 2966 53 75 are
2107 2966 35 75 to
2160 2966 38 75 be
2210 2966 56 75 an-

150 3013 56 75 the
222 3013 109 75 circle,
356 3013 54 75 the
422 3013 182 75 numerator
620 3013 40 75 of
671 3013 56 75 the
743 3013 112 75 vulgar
873 3013 134 75 fradtion
1021 3013 10 75 ;
1059 3013 54 75 the
1129 3013 55 75 de-
1232 3013 158 75 nexed.to
1407 3013 55 75 the
1478 3013 222 75 denominator
1717 3013 51 75 for
1785 3013 55 75 the
1852 3013 118 75 figures
1983 3013 40 75 of
2035 3013 55 75 the
2106 3013 153 75 integer/

199 3060 101 75 Vol.
325 3060 30 75 I.
404 3060 72 75 No.
506 3060 54 75 17.

848 3060 18 75 3

1045 3060 5 75 .

1564 3060 18 75 5
1609 3060 16 75 I

2112 3060 67 75 Ex.
2196 3060 68 75 Ks-

1991 1935 159 75 3571425
2179 1935 89 75 num.

1908 1996 56 75 the
1991 1996 223 75 denominator
2241 1996 28 75 is

1235 2042 139 75 999999
1389 2042 11 75 ;
1427 2042 63 75 and
1514 2042 34 75 fo
1573 2042 55 75 the
1645 2042 112 75 vulgar
1773 2042 135 75 fradtion
1929 2042 27 75 is
1980 2042 151 75 VWssW
2131 2024 4 49 1
2135 2042 18 75 '
2202 2042 29 75 B
2231 2024 40 49 ut

1233 2089 50 75 v/e
1299 2089 156 75 eiieemed
1482 2089 17 75 3
1518 2089 40 75 an
1574 2089 124 75 integer
1712 2089 10 75 ;
1749 2089 155 75 whereas,
1930 2089 32 75 in
1986 2089 75 75 fadl,
2087 2089 25 75 it
2129 2089 26 75 is
2171 2089 75 75 -rau’
2256 2089 11 75 J

1233 2135 64 75 and
1312 2135 33 75 fo
1361 2135 60 75 our
1439 2135 113 75 vulgar
1567 2135 134 75 fradtion
1719 2135 66 75 will
1802 2135 40 75 be
1860 2135 65 75 ido
1941 2135 93 75 times
2050 2135 127 75 greater
2190 2135 78 75 than

1233 2182 25 75 it
1275 2182 103 75 ought
1393 2182 36 75 to
1444 2182 39 75 be
1498 2182 9 75 :
1543 2182 36 75 to
1596 2182 122 75 corredt
1735 2182 64 75 this
1824 2182 101 75 error,
1950 2182 48 75 we
2020 2182 80 75 mult
2119 2182 152 75 multiply

1233 2230 56 75 the
1304 2230 224 75 denominator
1545 2230 43 75 by
1604 2230 78 75 10O,
1708 2230 106 75 which
1830 2230 26 75 is
1873 2230 84 75 done
1973 2230 44 75 by
2030 2230 160 75 annexing
2203 2230 66 75 two

1234 2276 124 75 ciphers
1376 2276 36 75 to
1438 2276 50 75 it;
1526 2276 63 75 and
1617 2276 56 75 the
1701 2276 71 75 true
1799 2276 136 75 fradtion
1963 2276 106 75 comes
2094 2276 56 75 out
2167 2276 36 75 to
2229 2276 39 75 be

1239 2334 15 75 6
1265 2334 84 75 sW$
1349 2316 13 49 4
1362 2334 11 75 s
1381 2334 56 75 <5**>
1462 2316 35 49 as
1514 2316 21 49 b
1535 2334 22 75 y
1574 2316 13 49 t
1587 2334 22 75 b
1609 2316 20 49 e
1646 2316 36 49 ru
1682 2334 12 75 l
1694 2316 20 49 e
1714 2334 13 75 -

1282 2370 139 75 Becaufe
1439 2370 63 75 this
1520 2370 69 75 rule
1605 2370 27 75 is
1650 2370 40 75 of
1700 2370 91 75 great
1814 2370 210 75 importance,
2050 2370 62 75 and
2129 2370 65 75 will
2216 2370 52 75 of-

1234 2416 54 75 ten
1304 2416 98 75 occur
1417 2416 33 75 in
1465 2416 151 75 pradtice,
1641 2416 50 75 we
1706 2416 79 75 {hall
1798 2416 79 75 here
1899 2416 126 75 fubjoin
2049 2416 135 75 another
2209 2416 59 75 ex-

1235 2463 116 75 ample.

1366 2536 135 75 Reduce
1520 2536 109 75 .041^
1640 2536 36 75 to
1693 2536 19 75 a
1725 2536 115 75 vulgar
1854 2536 149 75 fradtion.

1496 2596 108 75 vw

1557 2643 41 75 41
