2397 3387
589 135 34 75 B
682 135 35 75 E
773 135 38 75 R

1148 135 19 75 (
1224 135 81 75 542
1367 135 18 75 )

1723 135 37 75 B
1816 135 36 75 E
1911 135 38 75 R

212 205 158 75 Bergen
391 205 26 75 is
430 205 65 75 alfo
508 205 55 75 the
580 205 91 75 name
683 205 40 75 of
735 205 54 75 the
806 205 114 75 capital
933 205 40 75 of
985 205 55 75 the
1056 205 54 75 ifle
1127 205 39 75 of
1173 205 70 75 Ru-

259 252 74 75 gen,
358 252 40 75 on
416 252 55 75 the
494 252 84 75 coafl
598 252 40 75 of
654 252 202 75 Pomerania,
881 252 34 75 in
936 252 42 75 14
978 234 22 49 0
1014 252 42 75 E.
1075 252 90 75 long,
1181 252 65 75 and

265 300 42 75 54
307 282 22 49 0
349 300 52 75 15'
416 300 47 75 N.
481 300 59 75 lat.

213 343 370 75 Bergen-op-zoom,
608 343 20 75 a
644 343 142 75 fortified
803 343 87 75 town
903 343 39 75 of
955 343 114 75 Dutch
1089 343 156 75 Brabant,

260 392 97 75 about
376 392 44 75 20
437 392 90 75 miles
552 392 97 75 north
669 392 40 75 of
721 392 170 75 Antwerp,
917 392 34 75 in
974 392 21 75 4
995 374 23 49 0
1040 392 29 75 5'
1094 392 44 75 E.
1154 392 91 75 long,

261 438 62 75 and
343 438 16 75 5
371 438 7 75 1
393 420 14 49 9
419 438 56 75 .30'
493 438 48 75 N.
560 438 59 75 lat.

210 484 314 75 BERGERACK,
565 484 19 75 a
607 484 67 75 city
697 484 40 75 of
760 484 149 75 Guienne
942 484 32 75 in
1005 484 134 75 France,
1170 484 73 75 fitu-

255 505 4 104 ■
259 531 95 75 uated
369 531 42 75 on
436 531 54 75 the
507 531 84 75 river
611 531 192 75 Dordonne,
831 531 98 75 about
947 531 45 75 40
1012 531 91 75 miles
1129 531 63 75 call
1209 531 41 75 of

258 576 209 75 Bourdeaux,
493 576 31 75 in
544 576 47 75 2O
591 558 19 49 0
610 576 54 75 E.
682 576 90 75 long,
789 576 61 75 and
869 576 67 75 44®
957 576 53 75 55'
1024 576 47 75 N.
1090 576 57 75 lat.

208 624 338 75 BERG-GRUEN,
572 624 18 75 a
606 624 79 75 kind
707 624 39 75 of
757 624 97 75 green
871 624 110 75 ochre,
1005 624 74 75 ufed
1096 624 30 75 in
1140 624 104 75 paint-

209 717 296 75 BERGHMOT,
530 717 38 75 an
587 717 162 75 aflembly,
767 717 38 75 or
821 717 105 75 court,
950 717 78 75 held
1049 717 86 75 upon
1152 717 19 75 a
1185 717 61 75 hill

258 765 31 75 in
308 765 208 75 Derbylhire,
541 765 52 75 for
616 765 149 75 deciding
794 765 228 75 controverfies
1046 765 117 75 among
1190 765 56 75 the

260 811 131 75 miners.

209 856 347 75 BERGZABERN,
583 856 17 75 a
617 856 86 75 town
720 856 41 75 of
772 856 120 75 Lower
916 856 127 75 Alface,
1070 856 98 75 about
1184 856 61 75 five

258 905 90 75 miles
366 905 90 75 fouth
471 905 39 75 of
522 905 150 75 Landau,
697 905 32 75 in
748 905 43 75 8®
805 905 44 75 E.
869 905 90 75 long,
978 905 62 75 and
1061 905 68 75 49®
1146 905 31 75 5'
1194 905 48 75 N.

259 951 55 75 lat.
356 951 29 75 It
402 951 26 75 is
441 951 118 75 fubjefi
577 951 34 75 to
624 951 134 75 France.

210 997 291 75 BERKSHIRE,
520 997 19 75 a
555 997 121 75 county
692 997 32 75 in
737 997 164 75 England,
919 997 89 75 lying
1024 997 41 75 on
1082 997 55 75 the
1149 997 93 75 fouth

256 1045 63 75 fide
340 1045 39 75 of
391 1045 55 75 the
464 1045 81 75 river
557 1045 159 75 Thames,
733 1045 141 75 oppolite
898 1045 35 75 to
949 1045 215 75 Oxfordfhire
1181 1045 63 75 and

256 1089 316 75 Buckinghamlhire.
612 1089 30 75 It
661 1089 87 75 gives
758 1089 54 75 the
830 1089 71 75 title
914 1089 40 75 of
967 1089 65 75 earl
1044 1089 35 75 to
1092 1089 18 75 a
1122 1089 120 75 branch

257 1138 39 75 of
308 1138 56 75 the
380 1138 146 75 Howard
547 1138 125 75 family.

210 1184 197 75 BERLIN,
434 1184 54 75 the
505 1184 116 75 capital
635 1184 39 75 of
685 1184 57 75 the
758 1184 78 75 king
851 1184 40 75 of
901 1184 146 75 Pruflia’s
1063 1184 180 75 dominions

255 1230 32 75 in
304 1230 181 75 Germany,
511 1230 133 75 fituated
661 1230 42 75 on
721 1230 54 75 the
794 1230 83 75 river
898 1230 113 75 Spree,
1037 1230 32 75 in
1086 1230 55 75 the
1158 1230 83 75 mar-

257 1277 123 75 quifate
398 1277 39 75 of
448 1277 252 75 Brandenburg;
726 1277 32 75 in
780 1277 224 75 i4°E.long.
1025 1277 62 75 and
1105 1277 66 75 52®
1188 1277 44 75 30

256 1325 49 75 N.
322 1325 59 75 lat.

207 1370 149 75 Berlin
377 1370 25 75 is
422 1370 65 75 alfo
503 1370 55 75 the
579 1370 92 75 name
694 1370 40 75 of
746 1370 18 75 a
780 1370 78 75 kind
874 1370 41 75 of
926 1370 137 75 chariot,
1088 1370 34 75 fo
1140 1370 102 75 called

259 1418 84 75 from
358 1418 55 75 the
430 1418 67 75 city
506 1418 40 75 of
556 1418 126 75 Berlin.

206 1464 184 75 BERME,
416 1464 30 75 in
464 1464 221 75 fortification,
711 1464 18 75 a
745 1464 90 75 fpace
856 1464 39 75 of
916 1464 126 75 ground
1057 1464 61 75 left
1135 1464 32 75 at
1184 1464 57 75 the

256 1511 68 75 foot
337 1511 40 75 of
389 1511 54 75 the
459 1511 154 75 rampart,
639 1511 41 75 on
697 1511 56 75 the
770 1511 63 75 fide
850 1511 79 75 next
945 1511 56 75 the
1017 1511 149 75 country,
1184 1511 56 75 de-

253 1557 105 75 fined
375 1557 35 75 to
427 1557 122 75 receive
562 1557 55 75 the
633 1557 86 75 ruins
732 1557 40 75 of
786 1557 54 75 the
857 1557 153 75 rampart,
1029 1557 62 75 and
1107 1557 134 75 prevent

254 1603 84 75 their
354 1603 101 75 filling
471 1603 43 75 up
531 1603 55 75 the
607 1603 89 75 folfe.
745 1603 32 75 It
793 1603 26 75 is
836 1603 181 75 fometimes
1042 1603 197 75 palifadoed,

254 1650 51 75 for
321 1650 56 75 the
394 1650 88 75 more
506 1650 157 75 fecurity;
690 1650 63 75 and
775 1650 32 75 in
824 1650 144 75 Holland
985 1650 25 75 it
1027 1650 26 75 is
1077 1650 164 75 generally

255 1697 129 75 planted
412 1697 79 75 with
508 1697 19 75 a
551 1697 161 75 quick-fet
728 1697 116 75 hedge.
893 1697 32 75 It
945 1697 26 75 is
989 1697 65 75 alfo
1077 1697 103 75 called
1197 1697 42 75 li-

255 1745 101 75 z’ere,
382 1745 114 75 relais,
512 1745 174 75 foreland,
710 1745 154 75 reiraite,
884 1745 77 75 pais
979 1745 38 75 de
1024 1745 81 75 four
1109 1745 42 75 is.
1176 1745 63 75 See.

204 1788 491 75 BERMUDA-ISLANDS,
713 1788 193 75 aclufterof
916 1788 78 75 very
1007 1788 87 75 fmall
1111 1788 128 75 iflands,

253 1837 31 75 in
302 1837 55 75 the
376 1837 146 75 Atlantic
546 1837 111 75 ocean,
683 1837 89 75 lying
796 1837 110 75 almoft
922 1837 32 75 in
971 1837 55 75 the
1050 1837 93 75 fhape
1160 1837 40 75 of
1222 1837 19 75 a

253 1881 180 75 fhepherd’s
446 1881 99 75 hook,
563 1881 31 75 in
614 1881 42 75 65
667 1881 15 75 ®
697 1881 60 75 W.
775 1881 89 75 long,
883 1881 62 75 and
956 1881 65 75 32°
1103 1881 48 75 N.
1164 1881 59 75 lat.

204 1928 349 75 BERMUDIANA,
579 1928 33 75 in
634 1928 132 75 botany,
792 1928 19 75 a
827 1928 162 75 fynonime
1018 1928 40 75 of
1078 1928 55 75 the
1159 1928 79 75 ixia.

256 1976 60 75 See
334 1976 105 75 Ixia.

204 2023 146 75 BERN,
363 2023 18 75 a
390 2023 88 75 town
484 2023 41 75 of
531 2023 170 75 Bohemia,
711 2023 97 75 about
820 2023 37 75 15
867 2023 91 75 miles
970 2023 75 75 weft
1053 2023 40 75 of
1099 2023 139 75 Prague,

253 2069 31 75 in
305 2069 60 75 14°
379 2069 45 75 E.
442 2069 88 75 long,
549 2069 62 75 and
631 2069 61 75 $0°
711 2069 48 75 N.
778 2069 58 75 lat.

204 2115 105 75 Bern
329 2115 26 75 is
373 2115 64 75 alfo
453 2115 56 75 the
526 2115 92 75 name
638 2115 41 75 of
690 2115 18 75 a
725 2115 65 75 city
808 2115 62 75 and
896 2115 114 75 canton
1028 2115 33 75 in
1082 2115 156 75 Switzer-

251 2163 75 75 land
339 2163 10 75 ;
368 2163 55 75 the
436 2163 120 75 former
569 2163 95 75 being
680 2163 134 75 fituated
831 2163 31 75 in
879 2163 16 75 7
895 2145 26 49 0
938 2163 53 75 id
1008 2163 44 75 E.
1068 2163 88 75 long,
1174 2163 65 75 and

253 2208 67 75 47°
340 2208 47 75 N.
405 2208 57 75 lat.

299 2255 76 75 The
392 2255 130 75 Canton
540 2255 44 75 of
602 2255 88 75 Bern
714 2255 33 75 is.
765 2255 44 75 by
826 2255 50 75 far
902 2255 56 75 the
977 2255 79 75 moft
1078 2255 160 75 extenfive

250 2301 62 75 and
325 2301 156 75 powerful
493 2301 40 75 of
544 2301 45 75 all
599 2301 235 75 Switzerland:
860 2301 106 75 Their
983 2301 207 75 government
1207 2301 27 75 is

252 2347 235 75 ariftocraticaf
515 2347 60 75 and
593 2347 85 75 their
703 2347 134 75 religion
855 2347 186 75 proteftant,
1066 2347 171 75 according

252 2396 42 75 to
305 2396 55 75 the
377 2396 221 75 Prelbyterian
614 2396 97 75 form.

206 2440 304 75 BERNARDIA,
534 2440 32 75 in
591 2440 132 75 botany,
749 2440 19 75 a
790 2440 161 75 fynonime
976 2440 40 75 of
1038 2440 55 75 the
1121 2440 116 75 adelia.

256 2489 61 75 See
334 2489 168 75 Adelia.

206 2532 363 75 BERNARDINES,
595 2532 38 75 an
651 2532 96 75 order
758 2532 40 75 of
810 2532 127 75 monks,
954 2532 142 75 founded
1112 2532 43 75 by
1167 2532 69 75 Ro-

252 2581 72 75 bert
341 2581 97 75 abbot
461 2581 40 75 of
512 2581 158 75 Mokme,
687 2581 62 75 and
767 2581 161 75 reformed
944 2581 41 75 by
1005 2581 56 75 St.
1074 2581 160 75 Bernard.

252 2626 98 75 They
367 2626 85 75 wear
468 2626 18 75 a
502 2626 97 75 white
621 2626 78 75 robe
723 2626 77 75 with
819 2626 19 75 a
854 2626 93 75 black
963 2626 184 75 fcapulary;
1175 2626 65 75 and

253 2675 94 75 when
364 2675 78 75 they
453 2675 136 75 officiate
602 2675 77 75 they
691 2675 53 75 are
761 2675 148 75 cloathed
923 2675 77 75 with
1011 2675 18 75 a
1038 2675 87 75 large
1142 2675 97 75 gown

252 2721 107 75 which
382 2721 27 75 is
434 2721 43 75 all
501 2721 110 75 white,
643 2721 62 75 and
728 2721 78 75 hath
839 2721 90 75 great
953 2721 129 75 fleeves,
1115 2721 78 75 with
1218 2721 23 75 a

253 2768 88 75 hood
357 2768 40 75 of
411 2768 55 75 the
484 2768 82 75 fame
583 2768 121 75 colour.

206 2815 131 75 BERN
343 2815 91 75 AW,
459 2815 56 75 the
531 2815 90 75 name
639 2815 39 75 of
689 2815 90 75 three
795 2815 104 75 towns
915 2815 33 75 in
971 2815 179 75 Germany,
1175 2815 62 75 one

253 2861 30 75 in
302 2861 55 75 the
382 2861 170 75 efeftorate
575 2861 40 75 of
631 2861 243 75 Brandenburg,
900 2861 132 75 another
1056 2861 31 75 in
1114 2861 54 75 the
1186 2861 46 75 bi-

252 2907 124 75 fhopric
398 2907 40 75 of
449 2907 167 75 Ratifbon,
642 2907 62 75 and
732 2907 54 75 the
809 2907 88 75 third
913 2907 32 75 in
962 2907 54 75 the
1037 2907 112 75 Upper
1170 2907 62 75 Pa-

253 2953 144 75 latinate.

203 3000 284 75 BERNBURG,
504 3000 18 75 a
533 3000 87 75 town
633 3000 40 75 of
684 3000 136 75 Anhalt,
837 3000 33 75 in
887 3000 54 75 the
958 3000 95 75 circle
1070 3000 40 75 of
1118 3000 113 75 Upper

252 3047 144 75 Saxony,
410 3047 171 75 lituatedin
594 3047 39 75 12
633 3029 24 49 0
669 3047 55 75 2d
735 3047 143 75 E.long.
892 3047 62 75 and
967 3047 41 75 51
1008 3029 25 49 0
1045 3047 184 75 5o'N.lau

1293 199 246 75 BERNERA,
1565 199 61 75 one
1638 199 40 75 of
1690 199 56 75 the
1762 199 132 75 weftern
1911 199 70 75 ifles
1998 199 40 75 of
2052 199 168 75 Scotland,
2239 199 89 75 lying

1343 246 31 75 in
1392 246 58 75 lat.
1470 246 65 75 56°
1552 246 68 75 48'.

1297 292 297 75 BERNICOLA,
1619 292 32 75 in
1678 292 219 75 ornithology,
1932 292 56 75 the
2012 292 107 75 trivial
2147 292 91 75 name
2262 292 39 75 of
2313 292 18 75 a

1348 339 166 75 fpeciesof
1525 339 87 75 anas.
1662 339 62 75 See
1738 339 117 75 Anas.

1296 386 261 75 BERNICLE,
1582 386 32 75 in
1632 386 153 75 zoology.
1836 386 43 75 Se
1896 386 140 75 Lepas.

1298 433 174 75 BERRY.
1515 433 62 75 See
1594 433 146 75 Bacca.

1297 478 148 75 Berry,
1471 478 32 75 in
1520 478 196 75 geography,
1742 478 16 75 a
1771 478 155 75 territory
1943 478 42 75 of
1996 478 55 75 the
2064 478 184 75 Orleanois,
2274 478 56 75 ha-

1343 524 74 75 ving
1439 524 147 75 Tourain
1604 524 41 75 on
1669 524 56 75 the
1745 524 88 75 weft,
1858 524 60 75 and
1941 524 55 75 the
2019 524 174 75 Nivernois
2209 524 43 75 on
2275 524 56 75 the

1344 572 73 75 eaft.

1294 618 288 75 Berry-point,
1608 618 20 75 a
1651 618 77 75 cape
1752 618 33 75 at
1809 618 56 75 foe
1894 618 149 75 entrance
2070 618 41 75 of
2132 618 138 75 Torbay
2298 618 33 75 iu

1343 665 213 75 Devonffiire.

1296 713 269 75 BERSELLO,
1590 713 39 75 or
1645 713 216 75 Bresello,
1881 713 19 75 a
1915 713 86 75 town
2015 713 42 75 of
2066 713 56 75 the
2139 713 190 75 Modenefe,

1341 758 31 75 in
1383 758 97 75 Italy,
1499 758 134 75 fituated
1650 758 41 75 on
1708 758 54 75 the
1775 758 85 75 river
1876 758 61 75 Po,
1948 758 99 75 about
2061 758 41 75 14
2113 758 89 75 miles
2216 758 112 75 north-

1342 805 62 75 eaft
1416 805 39 75 of
1467 805 116 75 Parma
1597 805 10 75 ;
1631 805 31 75 in
1685 805 36 75 11
1721 787 27 49 0
1761 805 45 75 E.
1824 805 88 75 long,
1931 805 63 75 and
2012 805 45 75 44
2057 787 22 49 0
2094 805 57 75 4c/
2163 805 48 75 N.
2229 805 58 75 lat.

1294 852 180 75 BERTH,
1499 852 37 75 or
1552 852 145 75 Birth,
1722 852 116 75 among
1855 852 122 75 failors.
2028 852 62 75 See
2110 852 146 75 Birth.

1294 899 95 75 BER
1401 899 13 75 T
1427 899 154 75 RAND,
1606 899 37 75 or
1662 899 64 75 St.
1741 899 231 75 Bertrand,
1997 899 19 75 a
2032 899 67 75 city
2110 899 39 75 of
2162 899 167 75 Gafcony,

1341 945 30 75 in
1390 945 135 75 France,
1551 945 135 75 fituated
1710 945 41 75 on
1776 945 56 75 the
1856 945 84 75 river
1956 945 168 75 Garonne,
2159 945 98 75 about
2283 945 41 75 45

1341 991 90 75 miles
1448 991 94 75 fouth
1565 991 41 75 of
1624 991 157 75 Toloufe,
1807 991 32 75 in
1858 991 112 75 30'E.
1988 991 88 75 long,
2103 991 63 75 and
2182 991 68 75 43°
2274 991 52 75 15'

1341 1039 46 75 N.
1402 1039 58 75 lat.

1293 1085 173 75 BERVY,
1493 1085 18 75 a
1527 1085 142 75 fea-port
1684 1085 89 75 town
1793 1085 61 75 and
1870 1085 146 75 borough
2033 1085 42 75 of
2095 1085 166 75 Scotland,
2288 1085 38 75 fi-

1341 1131 110 75 tuated
1475 1131 41 75 on
1534 1131 55 75 the
1607 1131 144 75 German
1775 1131 111 75 ocean,
1912 1131 97 75 about
2034 1131 42 75 22
2103 1131 90 75 miles
2218 1131 109 75 fouth-

1340 1178 73 75 weft
1424 1178 40 75 of
1472 1178 182 75 Aberdeen,
1669 1178 30 75 in
1716 1178 17 75 2
1733 1160 24 49 0
1772 1178 30 75 5'
1812 1178 60 75 W.
1886 1178 89 75 long,
1990 1178 62 75 and
2063 1178 65 75 56°
2141 1178 54 75 50'
2205 1178 46 75 N.
2265 1178 59 75 lat.

1293 1225 241 75 BERWICK,
1553 1225 18 75 a
1588 1225 248 75 borough-town
1850 1225 41 75 on
1908 1225 55 75 the
1980 1225 131 75 borders
2125 1225 39 75 of
2176 1225 151 75 England

1339 1271 61 75 and
1419 1271 165 75 Scotland,
1612 1271 133 75 fituated
1770 1271 41 75 on
1829 1271 55 75 the
1907 1271 96 75 north
2027 1271 62 75 fide
2106 1271 40 75 of
2169 1271 55 75 the
2241 1271 85 75 river

1337 1317 139 75 Tweed,
1501 1317 31 75 in
1550 1317 39 75 i°
1611 1317 55 75 40'
1686 1317 59 75 W.
1765 1317 89 75 long,
1872 1317 61 75 and
1951 1317 66 75 55°
2038 1317 55 75 30'
2093 1299 16 49 -
2109 1317 47 75 N.
2185 1317 60 75 lat.
2292 1317 34 75 It

1338 1363 91 75 fends
1447 1363 65 75 two
1529 1363 156 75 members
1703 1363 35 75 to
1755 1363 203 75 parliament.

1293 1411 327 75 AW/Zj-Berwick,
1646 1411 18 75 a
1689 1411 87 75 town
1800 1411 40 75 of
1862 1411 170 75 Scotland,
2056 1411 134 75 fituated
2214 1411 33 75 at
2270 1411 55 75 the

1338 1458 149 75 entrance
1503 1458 40 75 of
1554 1458 54 75 the
1625 1458 81 75 frith
1727 1458 40 75 of
1786 1458 114 75 Forth,
1926 1458 97 75 about
2045 1458 39 75 17
2103 1458 91 75 miles
2210 1458 62 75 eaft
2289 1458 42 75 of

1337 1504 204 75 Edinburgh,
1566 1504 33 75 in
1618 1504 42 75 2°
1676 1504 130 75 ifW.
1823 1504 89 75 long,
1931 1504 62 75 and
2007 1504 67 75 56°
2096 1504 28 75 5'
2143 1504 46 75 N.
2208 1504 59 75 lat.

1290 1552 173 75 BERYL,
1498 1552 32 75 in
1558 1552 124 75 natural
1711 1552 132 75 hiftory,
1874 1552 102 75 called
2003 1552 42 75 by
2070 1552 60 75 our
2153 1552 173 75 lapidaries

1337 1597 85 75 aqua
1448 1597 144 75 marina,
1617 1597 26 75 is
1660 1597 18 75 a
1694 1597 139 75 pellucid
1852 1597 72 75 gem
1944 1597 41 75 of
2004 1597 18 75 a
2039 1597 98 75 bluifh
2154 1597 97 75 green
2268 1597 56 75 co-

1336 1643 84 75 lour,
1437 1643 100 75 found
1553 1643 31 75 in
1602 1643 56 75 the
1670 1643 76 75 Eaft
1759 1643 109 75 Indies
1876 1643 62 75 and
1950 1643 98 75 about
2061 1643 55 75 the
2132 1643 76 75 gold
2223 1643 99 75 mines

1336 1691 39 75 of
1390 1691 81 75 Peru
1485 1691 8 75 :
1521 1691 68 75 We
1613 1691 80 75 have
1710 1691 66 75 alfo
1798 1691 86 75 fome
1909 1691 85 75 from
2012 1691 122 75 Silefia,
2161 1691 57 75 but
2235 1691 88 75 what

1336 1737 53 75 are
1406 1737 139 75 brought
1563 1737 83 75 from
1668 1737 114 75 thence
1800 1737 54 75 are
1878 1737 128 75 oftener
2021 1737 153 75 coloured
2193 1737 130 75 cryftals

1336 1784 78 75 than
1429 1784 65 75 real
1513 1784 106 75 beryls
1631 1784 10 75 ;
1668 1784 62 75 and
1745 1784 93 75 when
1855 1784 78 75 they
1949 1784 52 75 are
2013 1784 149 75 genuine,
2179 1784 76 75 they
2267 1784 55 75 are

1335 1831 125 75 greatly
1475 1831 132 75 inferior
1624 1831 78 75 both
1720 1831 31 75 in
1776 1831 149 75 hardnefs
1943 1831 62 75 and
2020 1831 97 75 luftre
2133 1831 36 75 to
2185 1831 54 75 the
2256 1831 65 75 ori-

1336 1877 84 75 ental
1437 1877 63 75 and
1516 1877 158 75 Peruvian
1694 1877 106 75 kinds.

1384 1924 74 75 The
1476 1924 102 75 beryl,
1604 1924 64 75 like
1685 1924 78 75 moft
1780 1924 93 75 other
1889 1924 100 75 gems,
2016 1924 26 75 is
2059 1924 66 75 met
2144 1924 78 75 with
2240 1924 80 75 both

1334 1969 33 75 in
1383 1969 56 75 the
1467 1969 114 75 pebble
1598 1969 63 75 and
1688 1969 163 75 columnar
1878 1969 96 75 form,
2001 1969 56 75 but
2082 1969 31 75 in
2144 1969 55 75 the
2222 1969 98 75 latter

1335 2016 79 75 moft
1441 2016 197 75 frequently.
1687 2016 38 75 In
1742 2016 55 75 the
1825 2016 114 75 pebble
1963 2016 84 75 form
2071 2016 26 75 it
2121 2016 124 75 ufually
2263 2016 55 75 ap-

1335 2063 93 75 pears
1447 2063 40 75 of
1510 2063 18 75 a
1544 2063 147 75 roundilh
1710 2063 56 75 but
1791 2063 111 75 flatted
1919 2063 112 75 figure,
2057 2063 62 75 and
2136 2063 185 75 commonly

1334 2109 60 75 full
1411 2109 42 75 of
1469 2109 89 75 fmall
1582 2109 56 75 flat
1661 2109 99 75 faces,
1785 2109 190 75 irregularly
1994 2109 157 75 difpofed.
2199 2109 38 75 In
2263 2109 55 75 the

1334 2156 163 75 columnar
1514 2156 37 75 or
1568 2156 177 75 cryftalline
1762 2156 84 75 form
1863 2156 25 75 it
1909 2156 117 75 always
2043 2156 124 75 confifts
2184 2156 40 75 of
2235 2156 83 75 hex-

1335 2204 130 75 angular
1483 2204 155 75 columns,
1664 2204 191 75 terminated
1872 2204 43 75 by
1926 2204 199 75 hexangular
2141 2204 175 75 pyramids.

1332 2250 32 75 It
1381 2250 95 75 never
1494 2250 138 75 receives
1649 2250 60 75 any
1726 2250 182 75 admixture
1924 2250 40 75 of
1975 2250 111 75 colour
2108 2250 70 75 into
2194 2250 37 75 it,
2258 2250 60 75 nor

1332 2297 81 75 lofes
1430 2297 55 75 the
1508 2297 73 75 blue
1598 2297 62 75 and
1677 2297 109 75 green,
1811 2297 57 75 but
1885 2297 57 75 has
1966 2297 42 75 its
2024 2297 135 75 genuine
2175 2297 88 75 tinge
2282 2297 33 75 in

1332 2343 55 75 the
1403 2343 132 75 degrees
1563 2343 84 75 from
1664 2343 18 75 a
1698 2343 77 75 very
1790 2343 80 75 deep
1887 2343 62 75 and
1975 2343 101 75 dulky
2092 2343 36 75 to
2144 2343 54 75 the
2218 2343 100 75 paleft

1331 2391 190 75 imaginable
1529 2391 41 75 of
1580 2391 56 75 the
1651 2391 63 75 hue
1731 2391 40 75 of
1781 2391 180 75 fea-water.

1378 2436 76 75 The
1471 2436 106 75 beryl,
1601 2436 31 75 in
1660 2436 41 75 its
1724 2436 118 75 perfect
1869 2436 89 75 ftate,
1992 2436 192 75 approaches
2207 2436 35 75 to
2259 2436 55 75 the

1332 2483 150 75 hardnefs
1498 2483 41 75 of
1557 2483 56 75 the
1628 2483 124 75 granet,
1779 2483 56 75 but
1851 2483 27 75 it
1894 2483 27 75 is
1938 2483 89 75 often
2045 2483 121 75 fofter;
2193 2483 62 75 and
2271 2483 42 75 its

1331 2530 60 75 fize
1415 2530 26 75 is
1457 2530 85 75 from
1559 2530 70 75 that
1653 2530 40 75 of
1715 2530 19 75 a
1750 2530 89 75 fmall
1864 2530 68 75 tare
1956 2530 35 75 to
2007 2530 71 75 that
2102 2530 40 75 of
2163 2530 19 75 a
2199 2530 69 75 pea,
2294 2530 19 75 a

1332 2577 17 75 a
1366 2577 200 75 horfe-bean,
1591 2577 38 75 or
1645 2577 78 75 even
1745 2577 18 75 a
1790 2577 132 75 walnut.
1972 2577 31 75 It
2020 2577 73 75 may
2109 2577 39 75 be
2165 2577 148 75 counter-

1330 2622 99 75 feited
1446 2622 43 75 by
1505 2622 152 75 reducing
1673 2622 96 75 burnt
1785 2622 118 75 copper
1918 2622 37 75 to
1970 2622 38 75 an
2025 2622 190 75 impalpable
2226 2622 86 75 pow-

1329 2669 75 75 der,
1425 2669 59 75 and
1512 2669 134 75 melting
1660 2669 26 75 it
1704 2669 78 75 with
1809 2669 178 75 cryftalline
2003 2669 81 75 glafs
2107 2669 37 75 or
2169 2669 143 75 calcined

1328 2716 125 75 cryftal,
1478 2716 32 75 in
1527 2716 55 75 the
1606 2716 187 75 proportion
1817 2716 39 75 of
1868 2716 59 75 one
1952 2716 91 75 dram
2066 2716 34 75 to
2117 2716 20 75 a
2151 2716 109 75 pound
2276 2716 41 75 of

1328 2763 93 75 glafs.

1279 2810 279 75 HEKYL-cryflal,
1582 2810 33 75 in
1631 2810 123 75 natural
1772 2810 131 75 hiftory,
1931 2810 18 75 a
1968 2810 117 75 fpeces
2106 2810 39 75 of
2157 2810 86 75 what
2257 2810 53 75 Dr

1326 2858 70 75 Hill
1415 2858 76 75 calls
1508 2858 295 75 ellipotnacrojlyla,
1830 2858 37 75 or
1883 2858 163 75 imperfeA
2062 2858 143 75 cryftals,
2230 2858 27 75 is
2275 2858 41 75 of

1325 2903 40 75 an
1380 2903 143 75 extreme
1540 2903 91 75 pure,
1656 2903 97 75 clear,
1779 2903 61 75 and
1853 2903 94 75 equal
1964 2903 143 75 texture,
2133 2903 179 75 andfcarce

1323 2949 73 75 ever
1412 2949 118 75 fubjeft
1548 2949 34 75 to
1603 2949 54 75 the
1671 2949 145 75 fliglfteft
1838 2949 81 75 films
1945 2949 37 75 or
2007 2949 176 75 blemilhes.
2233 2949 32 75 It
2281 2949 27 75 is

1315 2996 81 75 ever
1411 2996 140 75 conftant
1568 2996 34 75 to
1623 2996 54 75 the
1696 2996 184 75 peculiarity
1895 2996 41 75 of
1946 2996 42 75 its
2016 2996 113 75 figure,
2155 2996 103 75 which
2279 2996 29 75 is

1321 3046 70 75 that
1407 3046 40 75 of
1458 3046 20 75 a
1496 3046 78 75 long
1596 3046 63 75 and
1681 3046 122 75 Header
1819 3046 140 75 column,
1984 3046 202 75 remarkably
2203 3046 103 75 taper-

2252 3095 63 75 ing.
