2456 3337
541 178 40 52 A
639 178 36 52 B
734 178 36 52 R

1147 184 102 45 (6

184 259 205 37 ABRASA,
414 259 32 37 in
463 259 141 37 furgery,
629 259 117 37 ulcers,
771 259 107 37 where
898 259 55 37 the
969 259 66 37 Ikin
1050 259 27 37 is
1095 259 33 37 fo
1140 259 70 37 ten-

231 306 58 37 der
305 306 63 37 and
390 306 56 37 lax
463 306 32 37 as
512 306 35 37 to
564 306 113 37 render
693 306 87 37 them
798 306 119 37 fubjeft
938 306 35 37 to
991 306 154 37 abrafion.

183 352 259 37 ABRASION,
459 352 32 37 in
507 352 167 37 medicine,
693 352 54 37 the
766 352 170 37 corroding
949 352 39 37 of
1006 352 61 37 any
1079 352 72 37 part
1167 352 43 37 by

232 397 87 37 acrid
334 397 151 37 humours
502 397 37 37 or
556 397 182 37 medicines.

183 444 222 37 ABRAUM,
423 444 38 37 an
474 444 141 37 obfolete
626 444 92 37 name
731 444 39 37 of
782 444 18 37 a
811 444 120 37 certain
943 444 118 37 fpecies
1074 444 40 37 of
1124 444 84 37 clay,

231 489 103 37 called
348 489 45 37 by
407 489 85 37 fome
509 489 130 37 authors
664 489 140 37 Adamic
820 489 106 37 earth,
952 489 42 37 on
1017 489 136 37 account
1174 489 41 37 of

230 535 41 37 its
291 535 58 37 red
365 535 123 37 colour.

183 581 240 37 ABRASAX,
449 575 38 45 or
503 582 198 36 ABRAXAS,
728 575 18 45 a
773 575 141 45 myftical
942 575 80 45 term
1052 575 102 45 found
1177 575 33 45 in

231 621 55 45 the
302 621 123 45 ancient
442 621 153 45 theology
612 621 60 45 and
689 621 190 45 philofophy
896 621 40 45 of
947 621 182 45 Balilides’s
1146 621 62 45 fol-

232 667 125 45 lowers.

182 719 180 37 ABRAX,
381 719 38 37 an
432 719 130 37 antique
574 719 85 37 (tone
671 719 80 37 with
767 719 57 37 the
840 719 93 37 word
944 719 140 37 abraxas
1096 719 113 37 engra-

229 764 63 37 ved
319 764 41 37 on
383 764 38 37 it.
469 764 101 37 They
596 764 54 37 are
673 764 40 37 of
731 764 126 37 various
874 764 91 37 fizes,
991 764 64 37 and
1078 764 80 37 molt
1174 764 41 37 of

231 811 87 37 them
335 811 33 37 as
385 811 56 37 old
458 811 32 37 as
508 811 55 37 the
580 811 87 37 third
687 811 146 37 century.

182 857 237 37 ABREAST,
445 857 19 37 a
480 857 159 37 fea-term.
690 857 38 37 In
747 857 39 37 an
799 857 119 37 attack,
944 857 134 37 purfuit,
1098 857 43 37 .or
1158 857 49 37 re-

230 903 82 37 treat
332 903 33 37 at
381 903 62 37 fea,
469 903 56 37 the
541 903 176 37 fquadrons
742 903 37 37 or
805 903 146 37 divilions
968 903 41 37 of
1021 903 19 37 a
1060 903 74 37 fleet
1155 903 54 37 are

230 949 89 37 often
346 949 129 37 obliged
501 949 36 37 to
561 949 79 37 vary
666 949 85 37 their
778 949 210 37 difpofitions,
1015 949 63 37 and
1097 949 33 37 at
1152 949 56 37 the

229 996 83 37 fame
337 996 77 37 time
435 996 130 37 obferve
588 996 18 37 a
628 996 115 37 proper
764 996 189 37 regularity,
979 996 45 37 by
1049 996 111 37 failing
1174 996 35 37 in

229 1042 88 37 right
332 1042 38 37 or
385 1042 119 37 curved
522 1042 100 37 lines:
649 1042 93 37 when
761 1042 79 37 they
862 1042 56 37 fail
936 1042 32 37 at
986 1042 18 37 a
1023 1042 116 37 proper
1158 1042 49 37 di-

229 1089 103 37 ftance
348 1089 84 37 from
449 1089 78 37 each
548 1089 104 37 other,
678 1089 64 37 and
757 1089 53 37 are
838 1089 43 37 all
906 1089 131 37 equally
1053 1089 153 37 forward,

231 1134 76 37 they
323 1134 53 37 are
396 1134 76 37 then
492 1134 67 37 faid
578 1134 37 37 to
633 1134 81 37 have
736 1134 125 37 formed
876 1134 53 37 the
947 1134 64 37 line
1027 1134 141 37 abreajl.

183 1182 441 37 ABRENUNCIATION

689 1182 61 37 See
766 1192 323 24 RENUNCIATION.

182 1227 379 37 ABRIDGEMENT,
586 1227 33 37 in
635 1227 177 37 literature,
839 1227 19 37 a
873 1227 82 37 term
967 1227 169 37 fignifying
1151 1227 57 37 the

230 1273 162 37 redudtion
407 1273 40 37 of
458 1273 17 37 a
490 1273 88 37 book
593 1273 68 37 into
679 1273 18 37 a
712 1273 125 37 fmaller
852 1273 155 37 compafs.
1013 1273 48 37 —
1068 1273 77 37 The
1158 1273 50 37 art

229 1319 41 37 of
286 1319 177 37 conveying
484 1319 95 37 much
606 1319 169 37 fentiment
801 1319 33 37 in
861 1319 63 37 few
951 1319 120 37 words,
1095 1319 27 37 is
1150 1319 57 37 the

228 1366 140 37 happieft
393 1366 99 37 talent
509 1366 38 37 an
565 1366 114 37 author
701 1366 58 37 can
787 1366 40 37 be
853 1366 151 37 poflefled
1026 1366 47 37 of.
1121 1366 86 37 This

228 1411 102 37 talent
345 1411 27 37 b
395 1411 174 37 peculiarly
583 1411 159 37 neceflary
756 1411 33 37 in
811 1411 56 37 the
883 1411 124 37 prefent
1023 1411 79 37 ftate
1117 1411 39 37 of
1167 1411 40 37 li-

229 1457 140 37 terature
383 1457 11 37 ;
421 1457 51 37 for
495 1457 95 37 many
604 1457 126 37 writers
745 1457 82 37 have
845 1457 152 37 acquired
1013 1457 56 37 the
1091 1457 116 37 dexte-

229 1503 65 37 rity
316 1503 41 37 of
375 1503 166 37 fpreading
559 1503 20 37 a
600 1503 64 37 few
690 1503 119 37 tritical
836 1503 156 37 thoughts
1017 1503 77 37 over
1120 1503 86 37 feve-

228 1550 49 37 ral
300 1550 148 37 hundred
473 1550 110 37 pages.
640 1550 111 37 When
780 1550 39 37 an
846 1550 115 37 author
984 1550 64 37 hits
1076 1550 86 37 upon
1190 1550 19 37 a

230 1596 139 37 thought
385 1596 70 37 that
477 1596 119 37 pleafes
613 1596 78 37 him,
716 1596 42 37 he
773 1596 29 37 is
818 1596 55 37 apt
895 1596 36 37 to
949 1596 94 37 dwell
1066 1596 85 37 upon
1168 1596 39 37 it,

230 1642 35 37 to
281 1642 80 37 view
377 1642 26 37 it
419 1642 32 37 in
467 1642 151 37 different
629 1642 112 37 lights,
759 1642 35 37 to
806 1642 90 37 force
913 1642 26 37 it
951 1642 32 37 in
996 1642 210 37 improperly,

231 1687 37 37 or
285 1687 86 37 upon
391 1687 55 37 the
463 1687 136 37 flightefl:
620 1687 163 37 relations.
831 1687 147 37 Though
994 1687 65 37 this
1075 1687 74 37 may
1168 1687 40 37 be

231 1733 140 37 pleafant
391 1733 35 37 to
449 1733 55 37 the
531 1733 121 37 writer,
678 1733 27 37 it
727 1733 78 37 tires
822 1733 62 37 and
895 1733 98 37 vexes
1009 1733 55 37 the
1083 1733 123 37 reader.

230 1779 113 37 There
358 1779 28 37 is
403 1779 133 37 another
551 1779 90 37 great
655 1779 110 37 fource
789 1779 40 37 of
851 1779 148 37 diffufion
1021 1779 33 37 in
1077 1779 131 37 compo-

230 1826 103 37 fition.
382 1826 32 37 It
429 1826 27 37 is
472 1826 19 37 a
501 1826 116 37 capital
633 1826 104 37 object
748 1826 80 37 with
844 1826 38 37 an
895 1826 129 37 author,
1047 1826 164 37 whatever

230 1871 42 37 be
287 1871 56 37 the
366 1871 130 37 fubjedt,
520 1871 36 37 to
573 1871 71 37 give
666 1871 76 37 vent
764 1871 35 37 to
819 1871 43 37 all
886 1871 51 37 his
958 1871 65 37 beft
1039 1871 169 37 thoughts.

231 1918 111 37 When
353 1918 41 37 he
411 1918 81 37 finds
516 1918 19 37 a
549 1918 116 37 proper
684 1918 89 37 place
790 1918 52 37 for
858 1918 62 37 any
936 1918 40 37 of
993 1918 101 37 them,
1118 1918 42 37 he
1182 1918 28 37 is

231 1965 174 37 peculiarly
419 1965 118 37 happy.
584 1965 79 37 But,
681 1965 108 37 rather
801 1965 76 37 than
889 1965 139 37 facrifice
1040 1965 18 37 a
1069 1965 141 37 thought

231 2010 42 37 he
288 2010 27 37 is
336 2010 79 37 fond
431 2010 46 37 of,
501 2010 41 37 he
566 2010 104 37 forces
694 2010 27 37 it
743 2010 33 37 in
803 2010 43 37 by
871 2010 73 37 way
973 2010 40 37 of
1032 2010 177 37 digreflion,

233 2054 41 37 or
298 2054 194 37 fuperfluous
515 2054 202 37 illuftration.
765 2054 38 37 If
829 2054 82 37 none
934 2054 45 37 of
995 2054 87 37 thefe
1112 2054 99 37 expe-

232 2103 103 37 dients
353 2103 120 37 anfwer
493 2103 50 37 his
559 2103 146 37 purpofe,
729 2103 41 37 he
786 2103 58 37 has
856 2103 144 37 recourfe
1012 2103 34 37 to
1059 2103 55 37 the
1126 2103 85 37 mar-

234 2148 65 37 gin,
325 2148 18 37 a
360 2148 77 37 very
463 2148 188 37 convenient
675 2148 177 37 apartment
875 2148 52 37 for
951 2148 43 37 all
1021 2148 130 37 manner
1175 2148 41 37 of

233 2195 155 37 pedantry
403 2195 63 37 and
481 2195 239 37 impertinence.
768 2195 113 37 There
896 2195 27 37 is
940 2195 57 37 not
1021 2195 39 37 an
1081 2195 129 37 author,

233 2241 149 37 however
405 2241 134 37 corredb,
563 2241 59 37 but
644 2241 28 37 is
694 2241 88 37 more
807 2241 37 37 or
870 2241 61 37 lefs
953 2241 106 37 faulty
1085 2241 33 37 in
1146 2241 64 37 this

234 2286 127 37 refpedf
412 2286 55 37 An
479 2286 159 37 abridger,
655 2286 161 37 hov/ever,
833 2286 28 37 is
873 2286 185 37 notfubjed
1074 2286 34 37 to
1124 2286 88 37 thefe

233 2333 222 37 temptations.
487 2333 77 37 The
581 2333 153 37 thoughts
747 2333 53 37 are
815 2333 58 37 not
884 2333 51 37 his
952 2333 93 37 own;
1063 2333 41 37 he
1112 2333 98 37 views

233 2378 89 37 them
333 2378 33 37 in
378 2378 19 37 a
408 2378 106 37 cooler
526 2378 62 37 and
598 2378 59 37 lefs
671 2378 199 37 affedionate
882 2378 150 37 manner;
1050 2378 41 37 he
1108 2378 101 37 difeo-

234 2424 71 37 vers
323 2424 38 37 an
377 2424 207 37 impropriety
599 2424 33 37 in
652 2424 98 37 fome,
775 2424 19 37 a
808 2424 110 37 vanity
933 2424 32 37 in
977 2424 121 37 others,
1116 2424 61 37 and
1194 2424 19 37 a

234 2470 87 37 want
336 2470 41 37 of
388 2470 109 37 utility
512 2470 31 37 in
564 2470 106 37 many.
730 2470 63 37 His
810 2470 149 37 bufinefs,
984 2470 175 37 therefore,
1184 2470 28 37 is

236 2515 35 37 to
295 2515 146 37 retrench
464 2515 219 37 fuperfluities,
717 2515 192 37 digreffions,
935 2515 198 37 quotations,
1157 2515 54 37 pe-

235 2562 128 37 dantry,

478 2562 62 37 and
559 2562 35 37 to
609 2562 54 37 lay
677 2562 110 37 before
800 2562 54 37 the
866 2562 108 37 public
990 2562 77 37 only
1086 2562 86 37 what
1183 2562 29 37 is

236 2607 100 37 really
351 2607 115 37 ufeful.
513 2607 85 37 This
615 2607 27 37 is
659 2607 46 37 by
718 2607 41 37 no
786 2607 107 37 means
918 2607 40 37 an
976 2607 73 37 eafy
1067 2607 143 37 employ-

236 2654 88 37 ment
335 2654 9 37 :
368 2654 58 37 To
442 2654 129 37 abridge
586 2654 86 37 fome
687 2654 116 37 books,
821 2654 142 37 requires
974 2654 116 37 talents
1103 2654 108 37 equal,

237 2700 31 37 if
279 2700 57 37 not
354 2700 173 37 fuperiour,
553 2700 34 37 to
604 2700 89 37 thofe
709 2700 41 37 of
761 2700 55 37 the
841 2700 128 37 author.
1016 2700 77 37 The
1120 2700 93 37 fads,

237 2746 141 37 manner,
395 2746 100 37 fpirit,
513 2746 63 37 and
592 2746 175 37 reafoning,
785 2746 80 37 muft
880 2746 40 37 be
940 2746 187 37 preferred;
1153 2746 58 37 no-

238 2791 91 37 thing
341 2791 151 37 effential,
510 2791 102 37 either
623 2791 32 37 in
669 2791 165 37 argument
845 2791 37 37 or
897 2791 201 37 illuftration,
1111 2791 102 37 ought

238 2837 36 37 to
290 2837 40 37 be
350 2837 147 37 omitted.
545 2837 77 37 The
639 2837 157 37 difficulty
807 2837 39 37 of
857 2837 56 37 the
930 2837 67 37 talk
1012 2837 26 37 is
1055 2837 55 37 the
1127 2837 86 37 prin-

239 2883 81 37 cipal
342 2883 108 37 reafon
467 2883 74 37 why
556 2883 49 37 we
621 2883 81 37 have
719 2883 34 37 fo
769 2883 64 37 few
848 2883 88 37 good
951 2883 234 37 abridgements
1200 2883 9 37 :

238 2929 161 37 Wynne’s
423 2929 218 37 abridgement
662 2929 41 37 of
721 2929 140 37 Locke’s
885 2929 97 37 Effay
1002 2929 41 37 on
1066 2929 56 37 the
1142 2929 73 37 Hu-

239 2974 74 37 man
328 2974 257 37 Underftanding
601 2974 39 37 is,
657 2974 148 37 perhaps,
824 2974 56 37 the
896 2974 78 37 only
986 2974 230 37 unexception-

241 3023 71 37 able
328 3023 59 37 one
402 3023 34 37 in
459 3023 59 37 cur
539 3023 170 37 language.

1305 179 19 52 )

1700 179 42 52 A
1800 179 36 52 B
1895 179 36 52 R

2044 179 8 52 .

1352 257 109 37 Thefe
1485 257 217 37 obfervations
1727 257 99 37 relate
1854 257 100 37 folely
1978 257 35 37 to
2041 257 76 37 fuch
2142 257 145 37 abridge-

1306 304 102 37 ments
1429 304 32 37 as
1479 304 53 37 are
1549 304 149 37 defigned
1714 304 51 37 for
1785 304 55 37 the
1857 304 120 37 public.
2026 304 79 37 But,

1354 349 110 37 When
1481 349 19 37 a
1520 349 110 37 perfon
1647 349 101 37 wants
1767 349 34 37 to
1824 349 46 37 fet
1889 349 96 37 down
2003 349 55 37 the
2077 349 158 37 fubftance
2253 349 40 37 of

1305 394 62 37 any
1379 394 100 37 book,
1505 394 18 37 a
1540 394 120 37 (hotter
1678 394 62 37 and
1755 394 59 37 lefs
1831 394 160 37 laborious
2007 394 133 37 method
2157 394 73 37 may
2247 394 40 37 be

1305 441 164 37 followed.
1520 441 31 37 It
1564 441 109 37 would
1688 441 39 37 be
1744 441 124 37 foreign
1885 441 35 37 to
1937 441 59 37 our
2008 441 72 37 plan
2093 441 34 37 to
2143 441 71 37 give
2227 441 59 37 ex-

1304 487 118 37 amples
1439 487 40 37 of
1486 487 233 37 abridgements
1735 487 52 37 for
1800 487 54 37 the
1870 487 105 37 public
1987 487 8 37 :
2023 487 79 37 But,
2120 487 33 37 as
2169 487 27 37 it
2213 487 74 37 may

1304 533 39 37 be
1362 533 114 37 ufeful,
1501 533 170 37 efpecially
1695 533 34 37 to
1745 533 108 37 young
1879 533 125 37 people,
2030 533 34 37 to
2090 533 97 37 know
2210 533 77 37 how

1305 579 35 37 to
1364 579 131 37 abridge
1518 579 103 37 books
1645 579 52 37 for
1724 579 84 37 their
1835 579 71 37 own
1931 579 65 37 ufe,
2030 579 82 37 after
2136 579 107 37 giving
2267 579 19 37 a

1307 625 64 37 few
1394 625 183 37 diredions,
1604 625 47 37 we
1677 625 75 37 (hall
1776 625 126 37 exhibit
1919 625 37 37 an
1975 625 146 37 example
2143 625 37 37 or
2205 625 80 37 two,

1307 672 34 37 to
1357 672 84 37 ffiew
1458 672 78 37 with
1554 672 88 37 what
1659 672 70 37 eafe
1746 672 27 37 it
1789 672 75 37 may
1879 672 40 37 be
1938 672 96 37 done.

1352 718 94 37 Read
1473 718 55 37 the
1552 718 87 37 book
1656 718 155 37 carefully
1825 718 10 37 ;
1862 718 198 37 endeavour'
2065 718 35 37 to
2117 718 86 37 learn
2229 718 57 37 the

1306 763 154 37 principal
1483 763 83 37 view
1594 763 41 37 of
1656 763 56 37 the
1741 763 136 37 author;
1911 763 110 37 attend
2048 763 35 37 to
2111 763 56 37 the
2191 763 94 37 argu-

1305 810 102 37 ments
1425 810 187 37 employed:
1639 810 113 37 When
1768 810 64 37 you
1856 810 81 37 have
1953 810 84 37 done
2061 810 46 37 fo,
2133 810 61 37 you
2219 810 67 37 will

1307 856 163 37 generally
1485 856 78 37 find,
1589 856 71 37 that
1675 856 87 37 what
1787 856 55 37 the
1863 856 116 37 author
2005 856 68 37 ufes
2097 856 33 37 as
2150 856 71 37 new
2248 856 39 37 or

1307 902 175 37 additional
1504 902 193 37 arguments,
1724 902 53 37 are
1808 902 32 37 in
1873 902 116 37 reality
2020 902 78 37 only
2120 902 167 37 collateral

1304 948 90 37 ones,
1419 948 228 37 orextenfions
1668 948 40 37 of
1718 948 55 37 the
1790 948 155 37 principal
1962 948 179 37 argument.
2189 948 97 37 Take

1305 995 19 37 a
1339 995 88 37 piece
1447 995 40 37 of
1499 995 109 37 paper,
1634 995 37 37 or
1688 995 18 37 a
1722 995 254 37 common-place
1994 995 98 37 book,
2117 995 58 37 put
2190 995 95 37 down

1304 1041 88 37 what
1418 1041 57 37 the
1501 1041 117 37 author
1641 1041 103 37 wants
1768 1041 36 37 to
1827 1041 111 37 prove,
1962 1041 125 37 fubjoin
2111 1041 56 37 the
2191 1041 94 37 argu-

1304 1087 86 37 ment
1407 1087 37 37 or
1457 1087 193 37 arguments,
1676 1087 62 37 and
1754 1087 64 37 you
1834 1087 81 37 have
1936 1087 55 37 the
2003 1087 161 37 fubftance
2182 1087 40 37 of
2231 1087 55 37 the

1303 1134 86 37 book
1407 1134 34 37 in
1461 1134 18 37 a
1495 1134 64 37 few
1574 1134 94 37 lines.
1716 1134 66 37 For
1798 1134 159 37 example.

1351 1179 38 37 In
1405 1179 55 37 the
1476 1179 98 37 Effay
1595 1179 42 37 on
1659 1179 169 37 Miracles,
1854 1179 58 37 Mr
1929 1179 136 37 Hume'’s
2085 1179 105 37 defign
2205 1179 28 37 is
2250 1179 37 37 to

1302 1227 111 37 prove,
1437 1227 93 37 That
1549 1227 145 37 miracles
1711 1227 105 37 which
1833 1227 80 37 have
1930 1227 57 37 not
2003 1227 79 37 been
2101 1227 56 37 the
2174 1227 112 37 imme-

1303 1273 86 37 diate
1411 1273 120 37 objeds
1550 1273 40 37 of
1608 1273 59 37 our
1685 1273 113 37 fenfes,
1825 1273 115 37 cannot
1964 1273 184 37 realbnably
2165 1273 39 37 be
2229 1273 57 37 be-

1302 1318 105 37 lieved
1426 1318 85 37 upon
1527 1318 55 37 the
1598 1318 168 37 teftimony
1781 1318 41 37 of
1833 1318 121 37 others.

1349 1364 98 37 Now,
1471 1364 51 37 his
1539 1364 177 37 argument,
1745 1364 68 37 (for
1835 1364 90 37 there
1948 1364 139 37 happens
2103 1364 36 37 to
2162 1364 40 37 be
2225 1364 61 37 but

1303 1411 92 37 one),
1419 1411 41 37 is,

1352 1457 23 37 “
1399 1457 94 37 That
1516 1457 202 37 experience,
1743 1457 106 37 which
1866 1457 32 37 in
1915 1457 86 37 fome
2026 1457 108 37 things
2150 1457 27 37 is
2200 1457 85 37 vari-

1304 1503 24 37 “
1354 1503 83 37 able,
1461 1503 33 37 in
1511 1503 109 37 others
1636 1503 152 37 uniform,
1814 1503 27 37 is
1864 1503 60 37 our
1948 1503 69 37 only
2042 1503 95 37 guide
2158 1503 33 37 in
2215 1503 70 37 rea-

1304 1549 23 37 “
1353 1549 111 37 foning
1481 1549 192 37 concerning
1690 1549 130 37 matters
1837 1549 40 37 of
1894 1549 77 37 fad.
2019 1549 34 37 A
2069 1549 139 37 variable
2225 1549 59 37 ex~

1304 1594 24 37 “
1353 1594 145 37 perience
1516 1594 88 37 gives
1622 1594 58 37 rife
1697 1594 36 37 to
1755 1594 194 37 probability
1965 1594 97 37 only;
2090 1594 38 37 an
2144 1594 140 37 uniform

1306 1642 23 37 “
1354 1642 189 37 experience
1557 1642 151 37 amounts
1725 1642 35 37 to
1777 1642 18 37 a
1811 1642 103 37 proof.
1965 1642 74 37 Our
2054 1642 101 37 belief
2167 1642 40 37 of
2218 1642 67 37 any

1305 1688 23 37 “
1353 1688 64 37 fad
1437 1688 85 37 from
1548 1688 54 37 the
1627 1688 168 37 teftimony
1811 1688 40 37 of
1869 1688 243 37 eye-witneffes,
2145 1688 27 37 is
2196 1688 87 37 deri-

1305 1734 23 37 “
1354 1734 61 37 ved
1436 1734 84 37 from
1545 1734 42 37 no
1614 1734 94 37 other
1730 1734 152 37 principle
1910 1734 77 37 than
2012 1734 59 37 our
2096 1734 187 37 experience

1306 1779 24 37 “
1355 1779 32 37 in
1411 1779 56 37 the
1492 1779 143 37 veracity
1661 1779 40 37 of
1720 1779 118 37 human
1866 1779 178 37 teftimony.
2092 1779 38 37 If
2149 1779 54 37 the
2219 1779 65 37 fad

1307 1825 23 37 “
1356 1825 133 37 attefted
1516 1825 41 37 be
1585 1825 203 37 miraculous,
1823 1825 76 37 here
1927 1825 93 37 arifes
2045 1825 19 37 a
2098 1825 119 37 conteft
2249 1825 41 37 of

1307 1870 23 37 “
1355 1870 67 37 two
1443 1870 140 37 oppofite
1599 1870 217 37 experiences,
1842 1870 37 37 or
1906 1870 99 37 proof
2032 1870 117 37 againft
2175 1870 108 37 proof.

1307 1914 25 37 “
1356 1914 99 37 Now,
1481 1914 19 37 a
1522 1914 129 37 miracle
1679 1914 27 37 is
1723 1914 19 37 a
1756 1914 153 37 violation
1933 1914 41 37 of
1991 1914 56 37 the
2068 1914 78 37 laws
2170 1914 41 37 of
2228 1914 56 37 na-

1307 1961 23 37 “
1356 1961 71 37 ture
1444 1961 10 37 ;
1483 1961 61 37 and
1561 1961 33 37 as
1612 1961 18 37 a
1645 1961 71 37 firm
1734 1961 61 37 and
1810 1961 197 37 unalterable
2022 1961 188 37 experience
2225 1961 58 37 has

1307 2006 24 37 “
1356 2006 184 37 eftabliffied
1555 2006 88 37 thefe
1660 2006 91 37 laws,
1776 2006 56 37 the
1848 2006 99 37 proof
1970 2006 117 37 againft
2108 2006 18 37 a
2141 2006 141 37 miracle,

1308 2054 24 37 “
1355 2054 86 37 from
1458 2054 55 37 the
1529 2054 79 37 very
1630 2054 112 37 nature
1758 2054 40 37 of
1810 2054 56 37 the
1882 2054 75 37 fad,
1982 2054 27 37 is
2027 2054 32 37 as
2078 2054 155 37 complete
2250 2054 44 37 as'

1308 2098 24 37 “
1358 2098 62 37 any
1436 2098 166 37 argument
1622 2098 84 37 from
1722 2098 187 37 experience
1925 2098 58 37 can
2004 2098 130 37 poflibly
2151 2098 38 37 be
2206 2098 79 37 ima-

1308 2144 24 37 “
1357 2144 114 37 gined;
1499 2144 62 37 and
1576 2144 31 37 if
1617 2144 47 37 fo,
1689 2144 27 37 it
1734 2144 28 37 is
1786 2144 39 37 an
1844 2144 188 37 undeniable
2055 2144 231 37 confequence,

1307 2192 24 37 “
1357 2192 71 37 that
1443 2192 25 37 it
1492 2192 116 37 cannot
1624 2192 39 37 be
1690 2192 208 37 furmounted
1916 2192 44 37 by
1984 2192 61 37 any
2068 2192 98 37 proof
2184 2192 101 37 what-

1309 2239 24 37 “
1357 2239 75 37 ever
1449 2239 133 37 derived
1603 2239 84 37 from
1711 2239 117 37 human
1845 2239 204 37 teftimony.”

1354 2285 39 37 In
1406 2285 53 37 Dr
1469 2285 196 37 Campbell’s
1682 2285 210 37 Differtation
1910 2285 40 37 on
1967 2285 166 37 Miracks,
2158 2285 56 37 the
2230 2285 55 37 au-

1308 2332 101 37 thor’s
1421 2332 152 37 principal
1587 2332 64 37 aim
1660 2332 26 37 is
1699 2332 35 37 to
1746 2332 83 37 ffiew
1840 2332 55 37 the
1907 2332 118 37 fallacy
2037 2332 40 37 of
2083 2332 58 37 Mr
2150 2332 135 37 Hume’s

1308 2377 189 37 argument;
1515 2377 107 37 which
1638 2377 41 37 he
1695 2377 58 37 has
1769 2377 84 37 done
1869 2377 79 37 moft
1963 2377 203 37 fuccefsfully
2178 2377 43 37 by
2230 2377 56 37 an-

1308 2424 94 37 other
1417 2424 95 37 fingle
1529 2424 177 37 argument,
1732 2424 33 37 as
1782 2424 126 37 follows
1923 2424 9 37 :

1356 2470 22 37 “
1403 2470 77 37 The
1504 2470 149 37 evidence
1678 2470 112 37 arifing
1816 2470 85 37 from
1928 2470 117 37 human
2067 2470 167 37 teftimony
2256 2456 29 54 is

1311 2516 24 37 “
1360 2516 54 37 not
1426 2516 98 37 folely
1545 2516 131 37 derived
1692 2516 83 37 from
1800 2516 186 37 experience
1998 2516 9 37 :
2034 2516 41 37 on
2091 2516 55 37 the
2159 2516 127 37 contra-

1310 2562 24 37 “
1359 2562 51 37 ry,
1435 2562 168 37 teftimony
1618 2562 79 37 hath
1715 2562 18 37 a
1750 2562 123 37 natural
1890 2562 162 37 influence
2062 2562 41 37 on
2120 2562 103 37 belief
2231 2562 54 37 an-

1310 2609 24 37 “
1360 2609 148 37 tecedent
1524 2609 35 37 to
1582 2609 201 37 experience.
1838 2609 80 37 The
1942 2609 88 37 early
2057 2609 62 37 and
2143 2609 143 37 unlimit-

1311 2655 22 37 “
1359 2655 40 37 ed
1416 2655 97 37 affent
1535 2655 93 37 given
1656 2655 34 37 to
1710 2655 167 37 teftimony
1893 2655 43 37 by
1960 2655 143 37 children
2119 2655 169 37 gradually

1294 2698 40 37 .“
1359 2698 158 37 contrads
1537 2698 33 37 as
1587 2698 77 37 they
1680 2698 137 37 advance
1844 2698 32 37 in
1903 2698 74 37 life:
2004 2698 25 37 it
2045 2698 40 37 is,
2111 2698 175 37 therefore,

1311 2747 24 37 “
1359 2747 89 37 more
1465 2747 171 37 confonant
1653 2747 34 37 to
1703 2747 102 37 truth,
1830 2747 35 37 to
1881 2747 67 37 fay,
1969 2747 69 37 that
2050 2747 60 37 our
2126 2747 162 37 diffidence

1312 2792 23 37 “
1360 2792 33 37 in
1413 2792 169 37 teftimony
1597 2792 28 37 is
1645 2792 55 37 the
1723 2792 97 37 refult
1836 2792 39 37 of
1894 2792 201 37 experience,
2119 2792 78 37 than
2217 2792 71 37 that

1311 2838 23 37 “
1359 2838 58 37 our
1431 2838 96 37 faith
1544 2838 32 37 in
1600 2838 28 37 it
1650 2838 58 37 has
1732 2838 63 37 this
1816 2838 200 37 foundation.
2065 2838 141 37 Befides,
2231 2838 75 37 the.

1312 2882 24 37 “
1358 2882 191 37 uniformity
1572 2882 41 37 of
1629 2882 200 37 experience,
1853 2882 34 37 in
1902 2882 115 37 favour
2032 2882 40 37 of
2082 2882 63 37 any
2159 2882 77 37 fad,
2259 2882 28 37 is

1312 2930 24 37 “
1361 2930 56 37 not
1429 2930 18 37 a
1463 2930 99 37 proof
1574 2930 116 37 againft
1707 2930 41 37 its
1760 2930 94 37 being
1865 2930 147 37 reverfed
2030 2930 33 37 in
2084 2930 18 37 a
2117 2930 172 37 particular

1313 2974 24 37 “
1361 2974 146 37 inftance.
1557 2974 77 37 The
1651 2974 149 37 evidence
1824 2974 111 37 arifing
1950 2974 85 37 from
2054 2974 56 37 the
2126 2974 96 37 fingle
2238 2974 49 37 te-

1315 3030 24 30 “
1362 3025 135 37 ftimony
1512 3030 40 30 of
1570 3030 19 30 a
1604 3030 74 30 man
1693 3025 39 37 of
1746 3030 117 30 known
1878 3025 142 37 veracity
2036 3025 67 37 will
2126 3025 41 37 go
2183 3025 48 37 far
2252 3025 35 37 to

2094 3066 25 37 “
2145 3066 140 37 eftabliffi
