2397 3387
576 138 35 75 B
700 138 39 75 O
827 138 39 75 O
955 138 38 75 K
1041 138 15 75 -
1106 138 37 75 K

138 215 71 75 heat
227 215 165 75 proceeds,
418 215 61 75 and
498 215 48 75 his
561 215 188 75 proportton
777 215 37 75 of
828 215 76 75 lofs,
931 215 30 75 if
974 215 73 75 any,
1074 215 94 75 when

141 253 54 75 the
208 253 152 75 company
379 253 159 75 accomprs
557 253 51 75 are
625 253 144 75 finiflied.

194 299 30 75 a.
254 299 45 75 A.
330 299 28 75 B
398 299 48 75 hif
473 299 140 75 accompt
633 299 128 75 proper.
810 299 86 75 This
922 299 25 75 is
979 299 17 75 a
1026 299 142 75 perfonal

140 351 84 75 acco'
224 351 76 75 mpt,
326 351 103 75 which
447 351 26 75 is
498 351 130 75 debited
654 351 60 75 and
743 351 143 75 credited
906 351 50 75 for
975 351 57 75 the
1049 351 121 75 mutual

141 399 92 75 debts
260 399 183 75 contraded
460 399 62 75 and
539 399 165 75 payments
730 399 92 75 made
851 399 138 75 betwixt
1018 399 63 75 you
1108 399 60 75 and

144 443 156 75 partners.

193 491 87 75 Note
301 491 29 75 i.
349 491 37 75 If
397 491 54 75 the
465 491 154 75 comoany
636 491 69 75 deal
724 491 31 75 in
769 491 121 75 foreign
902 491 103 75 trade,
1024 491 62 75 you
1099 491 71 75 who

145 535 129 75 manage
292 535 32 75 as
340 535 115 75 truftee
477 535 62 75 will
567 535 79 75 have
664 535 139 75 occafion
822 535 50 75 for
885 535 92 75 other
995 535 174 75 accotnpts,

145 584 67 75 vb..
239 584 120 75 Voyage
370 584 35 75 in
411 584 159 75 company,
585 584 46 75 Pa
633 584 30 75 ft
665 584 37 75 or
714 584 58 75 our
783 584 138 75 accompt
934 584 145 75 current,
1099 584 64 75 <bc.

143 627 41 75 all
211 627 102 75 which
341 627 52 75 are
416 627 74 75 ufed
516 627 53 75 the
596 627 82 75 fame
704 627 69 75 way
801 627 33 75 as
862 627 82 75 their
970 627 144 75 parallels
1139 627 32 75 in

139 669 117 75 proper
264 669 129 75 foreign
410 669 106 75 trade.

195 721 86 75 Note
298 721 33 75 2.
374 721 47 75 As
449 721 63 75 you
538 721 78 75 muff
641 721 78 75 keep
748 721 38 75 an
804 721 138 75 accompt
958 721 36 75 in
1011 721 159 75 cotnpany,

148 761 60 75 mi
226 761 38 75 aa
277 761 140 75 accotnpt
432 761 125 75 proper,
583 761 51 75 for
645 761 75 75 each
740 761 142 75 partner;
909 761 45 75 lb,
982 761 28 75 if
1022 761 85 75 thefe
1133 761 38 75 be

147 811 169 75 compared
333 811 77 75 with
428 811 55 75 the
500 811 158 75 accompts
675 811 39 75 of
722 811 53 75 the
793 811 61 75 like
868 811 88 75 name
969 811 76 75 kept
1062 811 41 75 by
1117 811 55 75 the

149 857 157 75 partners,
331 857 78 75 they
438 857 63 75 will
519 857 37 75 be
586 857 96 75 found
699 857 125 75 exa&ly
842 857 53 75 the
922 857 121 75 reverfe
1060 857 40 75 of
1111 857 61 75 one

149 903 153 75 another;
337 903 69 75 that
429 903 39 75 is,
494 903 54 75 the
565 903 52 75 Dr
645 903 61 75 fide
723 903 39 75 of
782 903 54 75 the
854 903 160 75 accompts
1038 903 76 75 kept
1130 903 44 75 by

149 951 63 75 you
231 951 62 75 will
311 951 38 75 be
366 951 53 75 the
436 951 81 75 fame
534 951 76 75 with
629 951 55 75 the
713 951 47 75 Cr
776 951 63 75 fide
863 951 39 75 of
927 951 87 75 thofe
1038 951 74 75 kept
1130 951 43 75 by

150 994 140 75 partners
305 994 10 75 ;
340 994 59 75 and
416 994 41 75 on
475 994 54 75 the
546 994 92 75 other
654 994 97 75 hand,
776 994 56 75 the
845 994 47 75 Cr
909 994 62 75 fide
984 994 37 75 of
1040 994 55 75 the
1107 994 64 75 for-

150 1041 67 75 mer
242 1041 63 75 will
318 1041 39 75 be
374 1041 126 75 exactly
517 1041 54 75 the
588 1041 53 75 Dr
658 1041 61 75 fide
736 1041 39 75 of
784 1041 54 75 the
855 1041 105 75 latter.

196 1087 87 75 Note
309 1087 32 75 3.
366 1087 125 75 Inflead
516 1087 39 75 of
579 1087 54 75 the
650 1087 71 75 title
739 1087 42 75 4.
801 1087 28 75 B
867 1087 49 75 his
944 1087 141 75 accompt
1096 1087 76 75 pro-

146 1134 71 75 per,
243 1134 17 75 a
277 1134 87 75 great
383 1134 93 75 many
486 1134 51 75 ufe
555 1134 45 75 A.
619 1134 41 75 B.
684 1134 49 75 his
750 1134 140 75 accompt
907 1134 143 75 current.
1099 1134 75 75 And

151 1180 27 75 it
193 1180 78 75 mud
287 1180 39 75 be
338 1180 112 75 owned
466 1180 55 75 the
538 1180 163 75 merchant
717 1180 27 75 is
761 1180 30 75 at
810 1180 115 75 liberty
943 1180 33 75 to
993 1180 43 75 do
1063 1180 31 75 in
1110 1180 65 75 this

151 1226 33 75 as
202 1226 39 75 he
256 1226 131 75 inclines
402 1226 9 75 ;
436 1226 24 75 it
477 1226 105 75 comes
610 1226 35 75 to
672 1226 53 75 the
742 1226 82 75 fame
853 1226 90 75 thing
960 1226 31 75 in
1014 1226 55 75 the
1085 1226 87 75 iflue,

153 1270 73 75 only
234 1270 54 75 the
304 1270 59 75 one
378 1270 72 75 title
461 1270 26 75 is
505 1270 87 75 more
608 1270 172 75 didindive
793 1270 74 75 than
886 1270 53 75 the
955 1270 105 75 other.

149 1342 95 75 Prob.
264 1342 30 75 1.
326 1342 38 75 S.
391 1342 52 75 Dr
459 1342 70 75 and
543 1342 47 75 Cr
605 1342 140 75 applied,
762 1342 35 75 no
799 1342 58 75 hen
863 1342 96 75 goods
971 1342 58 75 are
1040 1342 133 75 brought

546 1384 67 75 into
630 1384 158 75 company.

197 1452 79 75 Cafe
296 1452 30 75 1.
350 1452 38 75 If
399 1452 55 75 the
471 1452 100 75 goods
584 1452 54 75 are
654 1452 136 75 bought,
808 1452 120 75 (which
946 1452 26 75 is
981 1452 101 75 either
1092 1452 82 75 from

151 1496 64 75 you
240 1496 55 75 the
312 1496 125 75 truflee,
463 1496 37 75 or
526 1496 81 75 from
626 1496 18 75 a
669 1496 140 75 partner,
835 1496 37 75 or
895 1496 84 75 from
1004 1496 19 75 a
1050 1496 123 75 neutral

151 1542 142 75 perfon,)
320 1542 89 75 enter
426 1542 118 75 twice;
569 1542 69 75 viz.
662 1542 57 75 iji.
738 1542 101 75 Goods
858 1542 35 75 in
910 1542 148 75 company
1076 1542 52 75 Dr

150 1584 8 75 '
158 1584 156 75 ToGoods
324 1584 129 75 proper,
471 1584 30 75 if
509 1584 120 75 bought
642 1584 192 75 ofyourfelf,

978 1584 202 75 forvalueof

151 1631 56 75 ’Yo
214 1631 85 75 Part
303 1631 67 75 tier'
370 1631 17 75 s
396 1631 140 75 accompt
542 1631 127 75 proper,
679 1631 29 75 if
716 1631 39 75 of
760 1631 17 75 a
788 1631 137 75 partner,
937 1631 22 75 >
992 1631 54 75 the
1059 1631 100 75 goods

150 1680 56 75 To
222 1680 95 75 Cash,
343 1680 38 75 or
390 1680 118 75 Seller,
534 1680 29 75 if
575 1680 39 75 of
621 1680 18 75 a
656 1680 124 75 neutral
799 1680 112 75 perfon
933 1680 27 75 j
1005 1680 135 75 bought.

201 1725 83 75 2dly,
309 1725 128 75 Charge
454 1725 78 75 each
549 1725 127 75 partner
694 1725 49 75 his
766 1725 274 75 accompt-proper
1063 1725 52 75 Dr
1139 1725 36 75 to

150 1768 84 75 ditto
242 1768 48 75 his
300 1768 140 75 accompt
456 1768 35 75 in
508 1768 158 75 company,
692 1768 50 75 for
754 1768 49 75 his
821 1768 70 75 part
907 1768 39 75 of
957 1768 55 75 the
1025 1768 151 75 purchafe

150 1818 70 75 Oft.
237 1818 57 75 26.
321 1818 75 75 Nov
430 1818 39 75 22

177 1849 22 75 K
203 1849 38 75 jts.
257 1849 77 75 When
343 1849 51 75 vou
403 1849 46 75 pat
458 1849 14 75 a
481 1849 95 75 neutral
585 1849 85 75 perfon
680 1849 37 75 for
724 1849 78 75 goods
809 1849 97 75 bought
912 1849 32 75 on
953 1849 70 75 time,
1037 1849 88 75 charge
1132 1849 43 75 the

151 1876 47 75 laid
207 1876 83 75 Perjttt
298 1876 31 75 Dr
340 1876 26 75 U)
373 1876 41 75 Ca/
414 1876 15 75 k
436 1876 10 75 ;
460 1876 47 75 and
517 1876 69 75 there
596 1876 8 75 i
604 1876 10 75 s
624 1876 33 75 no
667 1876 87 75 fecond
764 1876 70 75 entry
871 1876 47 75 Off.
930 1876 40 75 27.
984 1876 64 75 Mov.
1060 1876 40 75 2?.
1129 1876 47 75 But

150 1929 118 75 Sundries,
282 1929 48 75 viz.
345 1929 27 75 to
381 1929 65 75 Cajh,
461 1929 37 75 for
506 1929 43 75 the
558 1929 51 75 fum
618 1929 63 75 paid,
688 1929 47 75 and
745 1929 27 75 to
781 1929 76 75 Goods
867 1929 24 75 in
896 1929 117 75 company,
1027 1929 38 75 for
1073 1929 43 75 the
1124 1929 51 75 fum

149 1958 145 75 discounted
299 1958 28 75 or
334 1958 93 75 abated.
458 1958 21 75 2:
496 1958 65 75 Each
570 1958 116 75 partner’s
695 1958 101 75 accompt
804 1958 8 75 i
812 1958 15 75 n
834 1958 47 75 com
883 1958 60 75 tuny
948 1958 33 75 Dr
987 1958 29 75 to
1021 1958 60 75 ditto
1090 1958 36 75 bis
1135 1958 39 75 ac-

149 1981 102 75 compt-l'
251 1981 73 75 roper,
338 1981 37 75 for
384 1981 36 75 his
427 1981 64 75 (hare
501 1981 29 75 of
535 1981 42 75 the
584 1981 53 75 fum
646 1981 144 75 difeoumed
798 1981 29 75 or
835 1981 95 75 abated.

197 2022 76 75 Cafe
290 2022 30 75 2.
356 2022 36 75 If
414 2022 77 75 each
509 2022 127 75 partner
654 2022 90 75 bring
762 2022 30 75 in
807 2022 64 75 juft
886 2022 49 75 his
952 2022 70 75 own
1040 2022 71 75 part
1138 2022 40 75 of

150 2068 100 75 goods
268 2068 35 75 to
319 2068 169 75 company,
514 2068 90 75 enter
616 2068 78 75 once
706 2068 10 75 ;
744 2068 69 75 viz.

198 2111 102 75 Goods
318 2111 34 75 in
369 2111 146 75 company
534 2111 49 75 Dr
607 2111 35 75 to
659 2111 170 75 Sundries,
855 2111 69 75 viz.

243 2156 57 75 To
318 2156 101 75 Goods
435 2156 124 75 proper,
586 2156 49 75 for
649 2156 90 75 value
753 2156 36 75 of
807 2156 77 75 your
900 2156 100 75 (hare,

244 2198 57 75 To
317 2198 76 75 each
413 2198 146 75 Partner
583 2198 49 75 his
648 2198 157 75 accompts
822 2198 35 75 in
876 2198 159 75 company,
1053 2198 53 75 for
1118 2198 54 75 va-

295 2244 51 75 lue
363 2244 40 75 of
414 2244 82 75 thtir
503 2244 116 75 (hares.

178 2280 57 75 volt
247 2280 21 75 i.
282 2280 63 75 This
353 2280 8 75 i
361 2280 11 75 s
380 2280 92 75 ihorter
478 2280 58 75 than
543 2280 27 75 to
580 2280 69 75 enter
661 2280 27 75 as
701 2280 21 75 if
731 2280 42 75 the
786 2280 79 75 goods
877 2280 65 75 were
955 2280 105 75 bought,
1078 2280 96 75 though

152 2309 53 75 that
215 2309 54 75 way
278 2309 82 75 would
369 2309 48 75 alfo
427 2309 29 75 be
466 2309 73 75 right,
552 2309 47 75 and
608 2309 76 75 prove
693 2309 42 75 the
745 2309 64 75 fame
819 2309 8 75 i
827 2309 15 75 n
851 2309 79 75 effeft.

182 2333 19 75 -
243 2333 425 75 i.Eiiteraifoasabove.ifthepartn

1595 125 17 75 I
1698 125 43 75 N
1828 125 53 75 G.

2142 117 111 75 (D*)

280 2359 8 75 :
288 2359 13 75 h
310 2359 51 75 you
369 2359 48 75 buy
424 2359 24 75 g(

1220 215 99 75 Prob.
1339 215 32 75 2.
1396 215 49 75 T.
1495 215 129 75 Debtor
1636 215 68 75 and
1720 215 152 75 Creditor
1889 215 138 75 applied,
2045 215 96 75 when
2150 215 98 75 goods

1265 262 36 75 in
1329 262 147 75 company
1493 262 58 75 are
1576 262 142 75 difpofsd
1739 262 46 75 of.

1265 327 78 75 Cafe
1363 327 31 75 i.
1422 327 37 75 If
1472 327 99 75 goods
1584 327 32 75 in
1633 327 156 75 company
1804 327 52 75 are
1874 327 79 75 fold,
1973 327 121 75 (which
2105 327 26 75 is
2144 327 104 75 cither

1218 373 34 75 to
1269 373 64 75 you
1359 373 54 75 the
1432 373 128 75 truftee,
1585 373 37 75 or
1634 373 35 75 to
1686 373 16 75 a
1721 373 138 75 partner,
1885 373 38 75 or
1940 373 34 75 to
1991 373 17 75 a
2025 373 124 75 neutral
2175 373 71 75 per-

1218 421 84 75 fon,)
1322 421 18 75 a
1353 421 116 75 double
1494 421 92 75 entry
1600 421 25 75 is
1643 421 156 75 neceifary
1819 421 10 75 ;
1852 421 69 75 viz.
1951 421 58 75 \Jl,

1267 460 100 75 Goods
1380 460 130 75 proper,
1577 460 69 75 io\&
1663 460 35 75 io
1715 460 152 75 youVtV,

2107 460 32 75 D

1268 512 177 75 Partner's
1462 512 285 75 accompt-proper,
1773 512 30 75 if
1816 512 34 75 to
1862 512 66 75 him
1947 512 41 75 on
2006 512 88 75 time,
2116 512 23 75 >
2172 512 53 75 Dr

1266 558 95 75 Cash,
1388 558 37 75 or
1437 558 121 75 Buyer,
1585 558 29 75 if
1626 558 35 75 to
1678 558 17 75 a
1714 558 124 75 neutral
1864 558 123 75 perfon,
2112 558 28 75 J

1314 605 55 75 To
1383 605 102 75 Goods
1505 605 35 75 in
1553 605 160 75 company,
1742 605 49 75 for
1810 605 82 75 their
1911 605 90 75 value
2018 605 32 75 in
2067 605 54 75 the
2140 605 76 75 (ale.

1222 651 89 75 2dly,
1338 651 90 75 Each
1449 651 125 75 partner
1590 651 50 75 his
1655 651 141 75 accompt
1813 651 35 75 in
1864 651 147 75 company
2030 651 51 75 Dr
2106 651 34 75 to
2165 651 84 75 ditto

1221 698 49 75 his
1293 698 141 75 accompt
1446 698 129 75 proper,
1602 698 51 75 tor
1678 698 47 75 his
1749 698 86 75 lhare
1853 698 38 75 of
1904 698 53 75 the
1975 698 73 75 fale.
2095 698 68 75 Oft.
2190 698 56 75 29,

1224 744 88 75 Nov.
1338 744 25 75 1.
1389 744 61 75 and
1472 744 53 75 30.
1573 744 83 75 Dec.
1678 744 33 75 2.
1730 744 54 75 18.
1808 744 60 75 and
1889 744 54 75 28.

1237 777 56 75 Kme
1304 777 21 75 1.
1354 777 56 75 The
1419 777 91 75 entries
1517 777 42 75 are
1568 777 43 75 the
1619 777 65 75 fame
1693 777 72 75 when
1769 777 51 75 you
1825 777 96 75 receive
1927 777 89 75 freight
2021 777 37 75 for
2066 777 14 75 a
2088 777 50 75 Ihip
2148 777 25 75 in
2177 777 70 75 com-

1219 804 72 75 pany.
1319 804 37 75 Oft
1356 804 7 75 .
1382 804 41 75 2?.
1455 804 52 75 Dee.
1524 804 38 75 27.

1246 831 44 75 Not
1290 831 13 75 e
1311 831 24 75 2.
1363 831 79 75 When
1450 831 51 75 you
1510 831 96 75 receive
1615 831 117 75 payment
1740 831 37 75 for
1786 831 79 75 goods
1872 831 27 75 m
1905 831 123 75 company
2037 831 116 75 formerly
2160 831 30 75 fol
2190 831 20 75 d,
2220 831 28 75 to

1219 858 14 75 a
1242 858 94 75 neutral
1345 858 96 75 perfon,
1455 858 90 75 charge
1575 858 17 75 I'
1592 858 17 75 b
1614 858 34 75 Dr
1657 858 27 75 to
1693 858 43 75 the
1746 858 76 75 Buyer
1829 858 11 75 ;
1853 858 49 75 and
1910 858 70 75 there
1989 858 20 75 is
2017 858 34 75 no
2064 858 89 75 fecond
2167 858 82 75 entry.

1220 882 62 75 Non.
1302 882 20 75 1.
1338 882 47 75 Dec
1412 882 39 75 13.
1480 882 47 75 But
1537 882 21 75 if
1562 882 50 75 you
1622 882 70 75 allow
1703 882 111 75 difeount
1825 882 30 75 or
1866 882 143 75 abatement
2023 882 28 75 to
2064 882 43 75 the
2123 882 97 75 buver;.
2234 882 15 75 a

1416 911 3 75 ;
1429 911 120 75 oeceffary
1557 911 6 75 :
1578 911 107 75 namely,
1703 911 38 75 iji.
1755 911 109 75 Sundries

1220 965 94 75 Buyer;
1329 965 66 75 idly.
1409 965 64 75 Each
1482 965 97 75 partner

1220 991 38 75 ny,
1272 991 38 75 -or
1317 991 37 75 his
1363 991 54 75 part
1425 991 30 75 of
1459 991 42 75 the
1510 991 42 75 difi

1248 1018 64 75 Note'
1312 1018 22 75 }.
1365 1018 23 75 If
1393 1018 78 75 goods
1480 1018 24 75 in
1522 1018 38 75 coi

2004 933 87 75 ibated)
2106 933 45 75 Drs
2164 933 28 75 to
2206 933 43 75 the

425 2358 87 75 goous;
527 2358 36 75 or,
580 2358 27 75 »1
612 2358 46 75 ucu
665 2358 20 75 is
691 2358 43 75 me
740 2358 66 75 lame
813 2358 78 75 thing,
906 2358 89 75 ifupon
1003 2358 120 75 huyingol
1132 2358 42 75 the

416 2385 108 75 mllantly
537 2385 45 75 pay
596 2385 72 75 down
682 2385 36 75 his
731 2385 54 75 part
798 2385 30 75 of
837 2385 43 75 the
892 2385 77 75 price,
983 2385 58 75 only
1049 2385 64 75 Cam,
1126 2385 49 75 and

643 2414 55 75 own
703 2414 64 75 part.
795 2414 39 75 Oil
854 2414 38 75 22.

636 2439 25 75 fe
668 2439 90 75 money
765 2439 113 75 received
885 2439 62 75 from
956 2439 43 75 the
1006 2439 118 75 partners,
1131 2439 42 75 en-

636 2493 106 75 company
749 2493 34 75 Dr
791 2493 27 75 to
827 2493 65 75 Cijb,
906 2493 37 75 for
951 2493 64 75 tlieir
1023 2493 85 75 value;
1125 2493 49 75 and

197 2559 79 75 Cafe
291 2559 29 75 3.
349 2559 29 75 11
397 2559 61 75 you
472 2559 36 75 or
522 2559 125 75 partner
661 2559 59 75 pay
732 2559 129 75 charges
869 2559 40 75 on
921 2559 100 75 goods
1035 2559 136 75 brought

150 2604 68 75 into
235 2604 167 75 company,
419 2604 33 75 as
462 2604 150 75 carriage,
638 2604 173 75 infurance,
837 2604 62 75 <bc.
926 2604 64 75 this
1008 2604 163 75 augments

151 2652 53 75 the
222 2652 76 75 coll,
324 2652 60 75 and
403 2652 77 75 mud
498 2652 38 75 be
552 2652 129 75 entered
706 2652 32 75 as
761 2652 56 75 the
842 2652 76 75 coft,
944 2652 136 75 namely,
1111 2652 59 75 \Jl,

152 2698 100 75 Goods
270 2698 34 75 in
318 2698 147 75 company
485 2698 50 75 Dr

253 2743 26 75 F
293 2743 7 75 >
317 2743 97 75 Cash,
442 2743 26 75 if
486 2743 69 75 paid
575 2743 40 75 by
633 2743 75 75 you.
758 2743 58 75 Oft
850 2743 57 75 25.
936 2743 77 75 Nov
1049 2743 27 75 1.

243 2789 56 75 To
318 2789 158 75 Partner,
501 2789 51 75 his
565 2789 141 75 accompt
719 2789 129 75 proper,
923 2789 70 75 paid
1011 2789 40 75 by
1069 2789 79 75 him.

199 2836 69 75 idly
308 2836 88 75 Each
410 2836 91 75 partn
522 2836 16 75 r
554 2836 48 75 his
618 2836 141 75 accompt
771 2836 118 75 proper
911 2836 54 75 Dr
979 2836 33 75 to
1029 2836 82 75 ditto
1121 2836 49 75 his

151 2882 143 75 accompt
308 2882 34 75 in
359 2882 162 75 company,
545 2882 51 75 for
613 2882 48 75 his
674 2882 86 75 (hare
781 2882 39 75 of
832 2882 53 75 the
901 2882 64 75 faid
979 2882 143 75 charges.

1268 1138 76 75 Cafe
1361 1138 31 75 2.
1417 1138 37 75 If
1465 1138 102 75 goods
1585 1138 31 75 in
1634 1138 156 75 company
1802 1138 54 75 are
1872 1138 143 75 difpofed
2033 1138 40 75 of
2084 1138 30 75 in
2126 1138 120 75 barter,

1223 1183 50 75 for
1290 1183 91 75 other
1397 1183 101 75 goods
1512 1183 39 75 of
1564 1183 54 75 the
1632 1183 81 75 fame
1730 1183 91 75 value
1839 1183 137 75 brought
1994 1183 67 75 into
2077 1183 39 75 it,
2130 1183 117 75 charge

1222 1230 100 75 Goods
1333 1230 35 75 in
1385 1230 146 75 company
1550 1230 144 75 received
1713 1230 52 75 Dr
1782 1230 33 75 to
1833 1230 100 75 Goods
1951 1230 36 75 in
2005 1230 145 75 company
2168 1230 79 75 deli-

1221 1275 95 75 vered
1331 1275 8 75 ;
1366 1275 61 75 and
1445 1275 89 75 there
1558 1275 26 75 is
1602 1275 41 75 no
1667 1275 115 75 fecond
1799 1275 104 75 entry.
1953 1275 72 75 Dec
2059 1275 32 75 7.

1267 1322 88 75 Note
1371 1322 29 75 1.
1420 1322 37 75 If
1467 1322 56 75 the
1535 1322 100 75 goods
1648 1322 34 75 to
1694 1322 39 75 be
1749 1322 144 75 received
1909 1322 61 75 and
1979 1322 161 75 delivered
2157 1322 40 75 be
2213 1322 41 75 of

1221 1368 149 75 different
1386 1368 121 75 values,
1535 1368 16 75 a
1576 1368 237 75 double’entry
1832 1368 64 75 will
1921 1368 38 75 be
1985 1368 173 75 neceffary:
2184 1368 62 75 As,

1222 1415 127 75 fuppofe
1367 1415 18 75 a
1402 1415 114 75 truftee
1533 1415 141 75 engaged
1688 1415 29 75 in
1730 1415 154 75 company
1899 1415 75 75 with
1993 1415 36 75 A
2053 1415 29 75 B
2114 1415 77 75 each
2209 1415 36 75 4.

1222 1460 109 75 (hould
1355 1460 121 75 deliver
1493 1460 45 75 80
1555 1460 25 75 l.
1596 1460 101 75 worth
1722 1460 38 75 of
1785 1460 99 75 broad
1900 1460 99 75 cloth,
2029 1460 31 75 in
2078 1460 168 75 company,

1222 1505 51 75 for
1284 1505 134 75 tobacco
1436 1505 33 75 to
1487 1505 54 75 the
1557 1505 91 75 value
1660 1505 41 75 of
1719 1505 62 75 100
1794 1505 25 75 /.
1836 1505 9 75 ;
1873 1505 31 75 in
1922 1505 63 75 this
2003 1505 68 75 cafe
2083 1505 40 75 he
2140 1505 106 75 enters

1222 1553 112 75 twice:
1364 1553 56 75 \ft,
1439 1553 138 75 Tobacco
1593 1553 35 75 in
1645 1553 146 75 company
1803 1553 52 75 Dr
1871 1553 35 75 to
1923 1553 172 75 Sundries,
2121 1553 70 75 viz.
2209 1553 36 75 to

1223 1599 110 75 Broad
1348 1599 83 75 cloth
1456 1599 36 75 in
1517 1599 159 75 company,
1703 1599 81 75 Sol.
1811 1599 60 75 and
1888 1599 36 75 to
1936 1599 95 75 Caflo,
2055 1599 38 75 or
2106 1599 139 75 Dealer,

1224 1645 43 75 20
1278 1645 46 75 /.;
1348 1645 85 75 2dly,
1460 1645 46 75 A.
1527 1645 39 75 B.
1583 1645 51 75 his
1646 1645 139 75 accompt
1798 1645 117 75 proper
1928 1645 52 75 Dr
1989 1645 34 75 to
2036 1645 82 75 ditto
2128 1645 48 75 bis
2189 1645 56 75 ac-

1223 1690 100 75 compt
1340 1690 37 75 in
1399 1690 160 75 company,
1583 1690 78 75 10/.
1680 1690 50 75 for
1747 1690 48 75 his
1808 1690 87 75 (hare
1911 1690 34 75 of
1969 1690 55 75 the
2042 1690 114 75 money
2172 1690 75 75 now

1222 1737 76 75 laid,
1312 1737 55 75 out
1380 1737 37 75 or
1434 1737 61 75 due
1508 1737 35 75 to
1560 1737 136 75 Dealer.
1726 1737 117 75 Again,
1856 1737 105 75 invert
1976 1737 55 75 the
2042 1737 202 75 fuppolition,

1223 1783 59 75 and
1301 1783 112 75 admit,
1439 1783 70 75 that
1533 1783 40 75 he
1590 1783 136 75 delivers
1744 1783 98 75 broad
1856 1783 108 75 cloath
1981 1783 31 75 in
2031 1783 155 75 company
2209 1783 36 75 to

1222 1830 54 75 the
1287 1830 91 75 value
1391 1830 40 75 of
1446 1830 64 75 100
1525 1830 25 75 /.
1576 1830 60 75 and
1654 1830 136 75 receives
1808 1830 45 75 80
1869 1830 24 75 /.
1921 1830 104 75 worth
2045 1830 39 75 of
2097 1830 147 75 tobacco,

1225 1875 53 75 the
1296 1875 58 75 reft
1381 1875 30 75 in
1430 1875 126 75 money,
1581 1875 37 75 or
1634 1875 61 75 due
1713 1875 42 75 by
1771 1875 48 75 his
1835 1875 129 75 dealer;
1989 1875 30 75 in
2037 1875 64 75 this
2125 1875 68 75 cafe
2205 1875 41 75 he

1221 1921 105 75 enters
1342 1921 65 75 alfo
1423 1921 110 75 twice:
1564 1921 54 75 \Ji,
1633 1921 159 75 Sundries
1810 1921 85 75 [viz.
1916 1921 137 75 Tobacco
2073 1921 36 75 in
2121 1921 124 75 compa-

1221 1967 50 75 ny,
1298 1967 45 75 80
1366 1967 25 75 /.
1417 1967 62 75 and
1495 1967 96 75 Cash,
1618 1967 36 75 or
1679 1967 136 75 Dealer,
1843 1967 45 75 20
1914 1967 55 75 l.)
1996 1967 67 75 Drs
2080 1967 35 75 to
2133 1967 115 75 Broad

1221 2014 83 75 cloth
1320 2014 36 75 in
1376 2014 146 75 company
1538 2014 10 75 ;
1577 2014 84 75 2dly,
1686 2014 43 75 A.
1747 2014 39 75 B.
1815 2014 49 75 his
1880 2014 141 75 accompt
2037 2014 36 75 in
2096 2014 148 75 company

1222 2059 52 75 Dr
1290 2059 34 75 to
1340 2059 83 75 ditto
1434 2059 48 75 his
1499 2059 142 75 accompt
1655 2059 129 75 proper,
1811 2059 16 75 1
1834 2059 23 75 o
1871 2059 26 75 l.
1926 2059 51 75 his
1995 2059 70 75 part
2075 2059 41 75 of
2128 2059 116 75 money

1221 2105 156 75 received,
1403 2105 37 75 or
1456 2105 61 75 due
1535 2105 42 75 by
1596 2105 136 75 Dealer.

1270 2152 86 75 Note
1385 2152 30 75 2.
1439 2152 37 75 If
1499 2152 61 75 you
1578 2152 106 75 barter
1699 2152 101 75 goods
1817 2152 30 75 in
1876 2152 165 75 company,
2069 2152 50 75 for
2134 2152 110 75 others

1220 2196 103 75 which
1343 2196 61 75 you
1423 2196 72 75 rake
1513 2196 35 75 to
1568 2196 151 75 yourfelf,
1744 2196 89 75 enter
1845 2196 65 75 alfo
1927 2196 107 75 twice:
2065 2196 57 75 iji.
2140 2196 102 75 Goods

1215 2242 117 75 proper
1347 2242 143 75 received
1504 2242 52 75 Dr
1569 2242 34 75 to
1619 2242 100 75 Goods
1736 2242 36 75 in
1785 2242 149 75 company
1945 2242 160 75 delivered
2118 2242 9 75 ;
2157 2242 85 75 2dly,

1220 2288 88 75 Each
1324 2288 152 75 partner’s
1489 2288 140 75 accompt
1640 2288 33 75 in
1685 2288 147 75 company
1845 2288 53 75 Dr
1906 2288 34 75 to
1949 2288 82 75 ditto
2043 2288 49 75 his
2100 2288 142 75 accompt

1215 2334 129 75 proper,
1364 2334 50 75 for
1427 2334 48 75 his
1493 2334 69 75 part
1579 2334 39 75 of
1630 2334 72 75 fale.
1753 2334 37 75 In
1808 2334 62 75 like
1887 2334 139 75 manner,
2051 2334 25 75 if
2095 2334 61 75 you
2170 2334 71 75 bar-

1219 2379 48 75 ter
1286 2379 98 75 goods
1398 2379 38 75 of
1448 2379 80 75 your
1549 2379 83 75 own,
1660 2379 48 75 for
1726 2379 107 75 others
1850 2379 103 75 which
1978 2379 63 75 you
2058 2379 91 75 bring
2174 2379 68 75 into

1218 2425 165 75 company,
1409 2425 89 75 enter
1526 2425 107 75 twice:
1657 2425 68 75 viz.
1753 2425 59 75 iji.
1838 2425 100 75 Goods
1963 2425 34 75 in
2021 2425 144 75 company
2190 2425 51 75 re-

1218 2471 106 75 ceived
1341 2471 51 75 Dr
1408 2471 34 75 to
1453 2471 102 75 Goods
1568 2471 114 75 proper
1697 2471 173 75 delivered;
1899 2471 82 75 2dly,
2007 2471 89 75 Each
2115 2471 125 75 partner

1218 2518 49 75 his
1274 2518 140 75 accompt
1419 2518 117 75 proper
1565 2518 53 75 Dr
1634 2518 35 75 to
1685 2518 49 75 ait
1736 2518 32 75 to
1786 2518 48 75 his
1855 2518 141 75 accompt
2019 2518 35 75 in
2079 2518 157 75 company,

1218 2563 49 75 for
1284 2563 48 75 his
1346 2563 18 75 p
1385 2563 30 75 rt
1427 2563 39 75 of
1478 2563 162 75 purchafe.

1263 2610 76 75 Cafe
1353 2610 31 75 3.
1409 2610 35 75 If
1457 2610 62 75 you
1536 2610 37 75 or
1598 2610 127 75 partner
1752 2610 168 75 withdraw
1934 2610 63 75 juft
2024 2610 81 75 your
2126 2610 38 75 or
2187 2610 50 75 his

1218 2655 90 75 exaft
1334 2655 67 75 part
1419 2655 40 75 of
1471 2655 100 75 goods
1588 2655 30 75 in
1636 2655 154 75 company
1808 2655 171 75 remaining
2000 2655 122 75 unfold,
2147 2655 90 75 enter

1263 2750 100 75 Goods
1376 2750 127 75 proper,
1528 2750 31 75 if
1577 2750 186 75 withdrawn
1781 2750 43 75 by
1851 2750 76 75 you,

1254 2799 184 75 .Partner's
1453 2799 139 75 accompt
1610 2799 33 75 in
1656 2799 158 75 company,
1841 2799 29 75 if
1882 2799 41 75 by
1944 2799 77 75 him,

1309 2841 56 75 To
1383 2841 100 75 Goods
1498 2841 36 75 in
1550 2841 159 75 company,
1735 2841 50 75 igr
1803 2841 83 75 their
1908 2841 91 75 value
2016 2841 32 75 in
2065 2841 168 75 company.

1358 2889 84 75 Dec.
1460 2889 58 75 24.

2148 2940 89 75 Nol£

2068 2753 11 104 ►
2096 2779 53 75 Dr
