2493 3387
717 171 40 75 A
834 171 27 75 S
935 171 39 75 T
1049 171 37 75 R
1165 171 27 75 C

145 237 108 75 reafon
271 237 34 75 to
324 237 122 75 believe
463 237 70 75 that
550 237 55 75 the
623 237 70 75 ring
710 237 88 75 turns
825 237 102 75 round
950 237 43 75 its
1017 237 82 75 axis,
1125 237 55 75 be-

145 283 104 75 caufe,
268 283 93 75 when
379 283 24 75 it
420 283 27 75 is
466 283 109 75 almoit
587 283 169 75 edge-wife
773 283 34 75 to
824 283 50 75 us,
892 283 26 75 it
930 283 132 75 appears
1079 283 99 75 fbnie-

145 329 88 75 what
250 329 124 75 thicker
390 329 42 75 on
450 329 61 75 one
527 329 62 75 fide
606 329 39 75 of
658 329 54 75 the
725 329 106 75 planet
844 329 77 75 than
935 329 39 75 on
993 329 54 75 the
1063 329 95 75 other
1166 329 11 75 ;

146 375 62 75 and
233 375 56 75 the
314 375 135 75 thickeft
473 375 81 75 edge
577 375 56 75 has
658 375 80 75 been
762 375 72 75 feen
859 375 41 75 on
925 375 149 75 different
1102 375 77 75 fides

145 421 33 75 at
195 421 151 75 different
370 421 107 75 times.
526 421 67 75 But
619 421 119 75 Saturn
761 421 117 75 having
901 421 41 75 no
966 421 107 75 vifible
1093 421 85 75 fpots

145 467 39 75 on
202 467 49 75 his
268 467 99 75 body,
394 467 150 75 whereby
561 467 35 75 to
612 467 176 75 determine
804 467 54 75 the
876 467 76 75 time
968 467 40 75 of
1018 467 50 75 his
1086 467 90 75 turn-

143 513 54 75 ing
215 513 103 75 round
342 513 48 75 his
416 513 83 75 axis,
525 513 190 75 the-length
740 513 39 75 of
797 513 50 75 his
872 513 77 75 days
975 513 62 75 and
1054 513 121 75 nights,

142 559 61 75 and
218 559 54 75 the
288 559 134 75 pofition
439 559 40 75 of
497 559 50 75 his
564 559 84 75 axis,
674 559 53 75 are
743 559 160 75 unknown
921 559 33 75 to
972 559 48 75 us.

190 604 56 75 To
264 604 131 75 Saturn,
419 604 55 75 the
491 604 56 75 fun
564 604 130 75 appears
710 604 77 75 only
802 604 83 75 ^th
911 604 70 75 part
1008 604 34 75 fo
1058 604 55 75 big
1141 604 33 75 as

142 651 35 75 to
194 651 37 75 us
245 651 10 75 ;
282 651 60 75 and
360 651 56 75 the
442 651 82 75 light
554 651 63 75 and
643 651 73 75 heat
734 651 39 75 he
791 651 137 75 receives
947 651 83 75 from
1048 651 53 75 the
1118 651 56 75 fun

142 697 53 75 are
211 697 32 75 in
267 697 55 75 the
343 697 81 75 fame
438 697 184 75 proportion
639 697 35 75 to
688 697 86 75 ours.
823 697 67 75 But
918 697 34 75 to
975 697 198 75 compenfate

143 743 52 75 for
211 743 56 75 the
292 743 86 75 fmall
396 743 148 75 quantity
559 743 39 75 of
610 743 167 75 fun-light,
801 743 42 75 he
870 743 57 75 has
955 743 59 75 live
1047 743 125 75 moons,

142 790 42 75 all
202 790 96 75 going
312 790 102 75 round
429 790 66 75 him
512 790 41 75 on
570 790 54 75 the
643 790 120 75 outfide
779 790 40 75 of
827 790 51 75 his
896 790 81 75 ring,
1004 790 61 75 and
1082 790 88 75 near-

142 836 34 75 ly
193 836 41 75 on
251 836 55 75 the
322 836 82 75 fame
421 836 91 75 plane
526 836 76 75 with
620 836 38 75 it.
706 836 77 75 The
795 836 75 75 firff,
887 836 37 75 or
940 836 119 75 neared
1076 836 96 75 moon

141 882 36 75 to
195 882 130 75 Saturn,
343 882 74 75 goes
434 882 102 75 round
548 882 65 75 him
626 882 31 75 in
674 882 9 75 r
702 882 63 75 day
779 882 38 75 21
839 882 98 75 hours
954 882 40 75 19
1012 882 158 75 minutes;

141 928 62 75 and
221 928 25 75 is
269 928 63 75 140
350 928 155 75 thoufand
522 928 88 75 miles
628 928 84 75 from
725 928 49 75 his
792 928 108 75 centre
913 928 7 75 :
947 928 78 75 The
1042 928 129 75 fccond,

141 973 31 75 in
199 973 18 75 2
242 973 78 75 days
347 973 38 75 17
404 973 98 75 hours
523 973 45 75 40
584 973 135 75 minutes
734 973 10 75 ;
772 973 31 75 at
826 973 55 75 the
897 973 137 75 diffance
1050 973 40 75 of
1106 973 63 75 187

142 1020 158 75 thoufand
317 1020 110 75 miles:
455 1020 76 75 The
549 1020 98 75 third,
674 1020 31 75 in
724 1020 20 75 4
764 1020 79 75 days
872 1020 38 75 12
933 1020 97 75 hours
1049 1020 42 75 25
1111 1020 58 75 mi-

139 1067 122 75 nutes,.
278 1067 34 75 at
333 1067 64 75 263
421 1067 156 75 thoufand
597 1067 90 75 miles
707 1067 137 75 didance
860 1067 9 75 :
895 1067 76 75 The
992 1067 123 75 fourth,
1140 1067 32 75 in

146 1113 37 75 15
202 1113 79 75 days
310 1113 42 75 22
372 1113 97 75 hours
498 1113 40 75 41
567 1113 149 75 minutes,
742 1113 33 75 at
803 1113 55 75 the
881 1113 138 75 didance
1035 1113 40 75 of
1103 1113 69 75 600

139 1159 158 75 thoufand
325 1159 89 75 miles
430 1159 9 75 :
479 1159 78 75 And
584 1159 54 75 the
667 1159 72 75 fifth
767 1159 37 75 or
831 1159 185 75 outermod,
1051 1159 31 75 at
1110 1159 61 75 one

138 1205 122 75 million
285 1205 70 75 800
371 1205 157 75 thoufafid
555 1205 90 75 miles
670 1205 84 75 from
780 1205 146 75 Saturn’s
949 1205 120 75 centre,
1095 1205 76 75 goes

138 1252 101 75 round
257 1252 67 75 him
341 1252 32 75 in
395 1252 40 75 79
452 1252 80 75 days
559 1252 19 75 7
603 1252 98 75 hours
728 1252 43 75 48
798 1252 148 75 minutes.
995 1252 105 75 Their
1117 1252 52 75 or-

138 1298 76 75 bits,
239 1298 32 75 in
295 1298 54 75 the
373 1298 124 75 fcheme
526 1298 40 75 of
590 1298 54 75 the
666 1298 83 75 folar
773 1298 125 75 fyftem,
925 1298 52 75 are
996 1298 174 75 reprefent-

138 1345 41 75 ed
196 1345 43 75 by
263 1345 54 75 the
345 1345 88 75 fmall
459 1345 59 75 five
544 1345 124 75 circles,
693 1345 132 75 marked
856 1345 28 75 1,
904 1345 33 75 2,
958 1345 32 75 3,
1009 1345 34 75 4,
1065 1345 31 75 5,
1129 1345 41 75 on

140 1390 144 75 Saturn’s
313 1390 85 75 orbit
413 1390 11 75 ;
450 1390 57 75 but
525 1390 100 75 thefe,
649 1390 65 75 like
739 1390 56 75 the
812 1390 100 75 orbits
936 1390 40 75 of
999 1390 54 75 the
1078 1390 94 75 other

138 1437 164 75 fatellites,
320 1437 53 75 are
386 1437 108 75 drawn
507 1437 72 75 fifty
598 1437 93 75 times
708 1437 55 75 too
779 1437 88 75 large
883 1437 31 75 in
932 1437 187 75 proportion
1137 1437 36 75 to

138 1483 56 75 the
209 1483 103 75 orbits
328 1483 40 75 of
379 1483 82 75 their
479 1483 138 75 primary
633 1483 137 75 planets.

186 1529 76 75 The
279 1529 55 75 fan
350 1529 100 75 Urines
471 1529 112 75 almod
597 1529 108 75 fifteen
722 1529 40 75 of
781 1529 60 75 our
856 1529 92 75 years
964 1529 148 75 together
1128 1529 39 75 cn

139 1576 61 75 one
217 1576 63 75 fide
296 1576 39 75 of
348 1576 146 75 Saturn’s
512 1576 69 75 ring
600 1576 134 75 without
751 1576 127 75 fetting,
904 1576 62 75 and
986 1576 33 75 as
1036 1576 76 75 long
1129 1576 42 75 on

138 1622 55 75 the
210 1622 94 75 other
320 1622 30 75 in
365 1622 42 75 its
425 1622 85 75 turn.
574 1622 45 75 So
643 1622 70 75 that
738 1622 55 75 the
809 1622 70 75 ring
895 1622 27 75 is
938 1622 108 75 vifible
1062 1622 35 75 to
1115 1622 55 75 the

137 1669 195 75 inhabitants
348 1669 40 75 of
408 1669 69 75 that
495 1669 106 75 planet
617 1669 51 75 for
685 1669 110 75 almod
811 1669 108 75 fifteen
938 1669 39 75 of
989 1669 58 75 o\jr
1064 1669 104 75 years,

138 1715 64 75 and
225 1715 32 75 as
275 1715 75 75 long
366 1715 139 75 invifible
522 1715 42 75 by
590 1715 103 75 turns,
717 1715 31 75 if
760 1715 40 75 its
818 1715 70 75 axis
905 1715 57 75 has
979 1715 42 75 no
1037 1715 131 75 inclina-

136 1762 69 75 tion
223 1762 35 75 to
274 1762 41 75 its
332 1762 90 75 ring:
450 1762 66 75 But
533 1762 30 75 if
571 1762 55 75 the
644 1762 69 75 axis
731 1762 40 75 of
783 1762 55 75 the
855 1762 106 75 planet
977 1762 39 75 be
1032 1762 139 75 inclined

137 1808 35 75 to
189 1808 54 75 the
262 1808 81 75 ring,
369 1808 128 75 fuppofe
514 1808 97 75 about
630 1808 43 75 30
690 1808 145 75 degrees,
861 1808 55 75 the
939 1808 69 75 ring
1033 1808 66 75 will
1114 1808 55 75 ap-

136 1854 75 75 pear
229 1854 62 75 and
307 1854 162 75 difappear
487 1854 77 75 once
581 1854 96 75 every
692 1854 125 75 natural
833 1854 63 75 day
907 1854 35 75 to
958 1854 40 75 all
1013 1854 54 75 the
1079 1854 90 75 inha-

136 1901 119 75 bitants
273 1901 110 75 within
403 1901 43 75 30
467 1901 132 75 degrees
617 1901 40 75 of
669 1901 54 75 the
740 1901 147 75 equator,
913 1901 40 75 on
974 1901 80 75 both
1075 1901 92 75 fides,

136 1946 185 75 frequently
337 1946 146 75 eclipfing
499 1946 55 75 the
571 1946 56 75 fun
643 1946 31 75 in
699 1946 18 75 a
740 1946 171 75 Saturnian
927 1946 77 75 day.
1053 1946 114 75 More-

136 1993 89 75 over,
250 1993 31 75 if
293 1993 144 75 Saturn’s
451 1993 70 75 axis
538 1993 39 75 be
589 1993 34 75 fo
639 1993 139 75 inclined
793 1993 35 75 to
840 1993 49 75 his
907 1993 83 75 ring,
1015 1993 26 75 it
1057 1993 25 75 is
1098 1993 70 75 per-

137 2039 184 75 pendicular
344 2039 36 75 to
397 2039 48 75 his
462 2039 107 75 orbit;
595 2039 61 75 and
682 2039 136 75 thereby
845 2039 55 75 the
924 2039 247 75 inconvenience

136 2085 40 75 of
188 2085 148 75 different
352 2085 122 75 feafons
491 2085 35 75 to
548 2085 71 75 that
635 2085 107 75 planet
770 2085 26 75 is
814 2085 147 75 avoided.
1011 2085 65 75 For
1093 2085 75 75 con-

137 2130 134 75 fidering
288 2130 55 75 the
366 2130 109 75 length
494 2130 39 75 of
546 2130 145 75 Saturn’s
711 2130 89 75 year,
826 2130 104 75 which
946 2130 26 75 is
998 2130 110 75 almod
1134 2130 34 75 e-

138 2177 75 75 qual
241 2177 34 75 to
303 2177 102 75 thirty
428 2177 40 75 of
487 2177 87 75 ours,
599 2177 87 75 what
703 2177 18 75 a
736 2177 148 75 dreadful
900 2177 163 75 condition
1087 2177 81 75 mud

137 2223 56 75 the
221 2223 195 75 inhabitants
439 2223 41 75 of
501 2223 50 75 his
576 2223 89 75 polar
694 2223 126 75 regions
849 2223 40 75 be
915 2223 45 75 in,
986 2223 30 75 if
1035 2223 77 75 they
1128 2223 40 75 be

138 2269 74 75 half
223 2269 70 75 that
309 2269 77 75 time
402 2269 149 75 deprived
569 2269 40 75 of
619 2269 55 75 the
686 2269 82 75 light
786 2269 61 75 and
863 2269 75 75 heat
956 2269 39 75 of
1012 2269 56 75 the
1084 2269 54 75 fun
1153 2269 13 75 ?

136 2290 5 104 ■
141 2316 102 75 which
259 2316 27 75 is
313 2316 56 75 not
385 2316 85 75 their
487 2316 67 75 cafe
571 2316 103 75 alone,
699 2316 31 75 if
748 2316 56 75 the
829 2316 70 75 axis
923 2316 40 75 of
983 2316 55 75 the
1061 2316 108 75 planet

137 2362 41 75 be
194 2362 241 75 perpendicular
457 2362 35 75 to
513 2362 55 75 the
581 2362 82 75 ring,
681 2362 51 75 for
745 2362 75 75 then
837 2362 55 75 the
911 2362 71 75 ring
998 2362 79 75 mud
1092 2362 76 75 hide

139 2409 55 75 the
211 2409 55 75 fun
284 2409 83 75 from
384 2409 63 75 vad
463 2409 105 75 tracks
585 2409 40 75 of
640 2409 74 75 land
725 2409 42 75 on
779 2409 79 75 each
869 2409 62 75 fide
949 2409 38 75 of
999 2409 54 75 the
1071 2409 97 75 equa-

138 2454 53 75 tor
207 2454 52 75 for
280 2454 38 75 13
337 2454 37 75 or
396 2454 40 75 14
454 2454 39 75 of
505 2454 58 75 our
579 2454 90 75 years
687 2454 160 75 together,
872 2454 40 75 on
930 2454 56 75 the
1002 2454 91 75 fouth
1107 2454 61 75 fide

139 2501 62 75 and
217 2501 95 75 north
328 2501 64 75 fide
408 2501 42 75 by
466 2501 102 75 turns,
594 2501 33 75 as
655 2501 55 75 the
738 2501 69 75 axis
823 2501 131 75 inclines
973 2501 33 75 to
1023 2501 37 75 or
1083 2501 86 75 from

138 2547 57 75 the
213 2547 54 75 fun
283 2547 8 75 :
318 2547 77 75 The
412 2547 121 75 reverfe
550 2547 40 75 of
601 2547 104 75 which
722 2547 244 75 inconvenience
983 2547 27 75 is
1034 2547 134 75 another

138 2593 87 75 good
241 2593 210 75 prefumptive
465 2593 97 75 proof
572 2593 40 75 of
624 2593 54 75 the
690 2593 184 75 inclination
887 2593 39 75 of
939 2593 146 75 Saturn’s
1098 2593 70 75 axis

138 2639 36 75 to
189 2639 41 75 its
248 2639 82 75 ring,
347 2639 63 75 and
425 2639 65 75 alfo
502 2639 40 75 of
551 2639 50 75 his
618 2639 70 75 axis
705 2639 94 75 being
816 2639 239 75 perpendicular
1067 2639 35 75 to
1117 2639 59 75 his.

139 2686 97 75 orbit.

186 2732 84 75 This
287 2732 82 75 ring,
394 2732 71 75 feen
481 2732 83 75 from
578 2732 131 75 Saturn,
734 2732 130 75 appears
880 2732 65 75 like
961 2732 18 75 a
995 2732 65 75 yad
1075 2732 93 75 lumir

141 2779 78 75 nous
236 2779 74 75 arch
335 2779 32 75 in
384 2779 54 75 the
454 2779 150 75 heavens,
629 2779 33 75 as
679 2779 30 75 if
731 2779 26 75 it
781 2779 57 75 did
854 2779 56 75 not
927 2779 116 75 belong
1060 2779 34 75 to
1115 2779 54 75 die

140 2825 120 75 planet.
293 2825 111 75 When
422 2825 48 75 we
486 2825 49 75 fee
552 2825 55 75 the
619 2825 70 75 ring
706 2825 78 75 mod
800 2825 93 75 open,
911 2825 41 75 its
969 2825 126 75 lhadow
1111 2825 57 75 up-

141 2871 41 75 on
195 2871 54 75 the
266 2871 106 75 planet
388 2871 28 75 is
428 2871 144 75 broaded
584 2871 10 75 ;
613 2871 63 75 and
691 2871 84 75 from
793 2871 69 75 that
877 2871 78 75 time
972 2871 54 75 the
1042 2871 133 75 Ihadotr

141 2917 104 75 grows
263 2917 171 75 narrower,
460 2917 33 75 as
509 2917 56 75 the
581 2917 71 75 ring
667 2917 131 75 appears
815 2917 35 75 to
872 2917 46 75 do
939 2917 37 75 to
990 2917 57 75 us;
1074 2917 94 75 until;

140 2964 44 75 by
202 2964 145 75 Saturn’s
364 2964 113 75 annual
494 2964 134 75 motion,
646 2964 65 75 the'
711 2964 61 75 fun
789 2964 106 75 comes
911 2964 36 75 to
963 2964 55 75 the
1030 2964 92 75 plane
1134 2964 41 75 of

141 3012 55 75 the
214 3012 83 75 ring,
322 3012 37 75 or
374 3012 79 75 even
469 3012 78 75 with
558 3012 42 75 its
616 3012 99 75 edge;
743 3012 106 75 which
864 3012 96 75 being
969 3012 76 75 then
1053 3012 115 75 direil-

1202 169 2 75 '
1284 169 44 75 N
1407 169 38 75 O
1526 169 48 75 M
1654 169 52 75 Y.

2180 169 80 75 443

1230 230 192 75 ed-towards
1439 230 49 75 us,
1513 230 148 75 becomes
1688 230 141 75 invrfible
1846 230 41 75 or,
1905 230 137 75 account
2059 230 41 75 of
2117 230 41 75 its
2176 230 86 75 thin-

1230 276 66 75 nefis
1308 276 10 75 ;
1345 276 33 75 as
1394 276 77 75 fhall
1488 276 40 75 be
1544 276 169 75 explained
1729 276 201 75 afterwards.
1979 276 77 75 The
2072 276 71 75 ring
2158 276 103 75 difap-

1230 323 89 75 pears
1336 323 92 75 twice
1440 323 32 75 in
1484 323 96 75 every
1597 323 111 75 annual
1728 323 179 75 revolution
1920 323 40 75 of
1972 323 130 75 Saturn,
2121 323 137 75 namely,

1229 370 90 75 when
1336 370 41 75 he
1393 370 27 75 is
1436 370 33 75 in
1486 370 55 75 the
1562 370 78 75 19th
1658 370 116 75 degree
1791 370 77 75 both
1887 370 40 75 of
1938 370 105 75 Pifces
2058 370 64 75 and
2138 370 40 75 of
2184 370 78 75 Vir-

1228 415 55 75 go.
1333 415 78 75 And
1426 415 94 75 when
1538 415 119 75 Saturn
1672 415 27 75 is
1724 415 31 75 in
1780 415 53 75 the
1857 415 121 75 middle
2004 415 145 75 between
2174 415 87 75 thefe

1230 462 121 75 points,
1372 462 37 75 or
1425 462 32 75 in
1474 462 55 75 the
1550 462 79 75 19th
1646 462 115 75 degree
1778 462 103 75 either
1897 462 40 75 of
1948 462 132 75 Gemini
2096 462 36 75 or
2149 462 41 75 of
2202 462 60 75 Sa-

1231 509 159 75 gittarius,
1415 509 49 75 hiS
1481 509 70 75 ring
1568 509 130 75 appears
1719 509 79 75 mod
1815 509 80 75 open
1912 509 35 75 to
1964 509 57 75 us;
2049 509 62 75 and
2127 509 76 75 then
2220 509 41 75 its

1230 555 122 75 longed
1365 555 8 75 '
1373 555 155 75 diameter
1543 555 26 75 is
1588 555 34 75 to
1639 555 42 75 its
1697 555 144 75 (honed,
1866 555 33 75 as
1918 555 21 75 9
1956 555 35 75 to
2009 555 33 75 4.

1271 601 56 75 To
1350 601 76 75 fuch
1453 601 75 75 eyes
1555 601 34 75 as
1607 601 88 75 ours,
1719 601 167 75 unaffided
1902 601 43 75 by
1961 601 214 75 indruments,
2200 601 60 75 Ju-

1224 646 82 75 piter
1329 646 26 75 is
1372 646 55 75 the
1444 646 76 75 only
1538 646 107 75 planet
1669 646 71 75 that
1768 646 58 75 can
1855 646 38 75 be
1920 646 72 75 feen
2016 646 84 75 from
2127 646 131 75 Saturn,

1223 694 62 75 and
1302 694 119 75 Saturn
1437 694 56 75 the
1509 694 75 75 only
1601 694 107 75 planet
1725 694 71 75 that
1812 694 57 75 can
1882 694 39 75 be
1937 694 70 75 feen
2020 694 84 75 froip
2117 694 140 75 Jupiter.

1224 740 45 75 So
1286 740 71 75 that
1369 740 55 75 the
1440 740 198 75 inhabitants,
1652 740 40 75 of
1703 740 87 75 thefe
1807 740 66 75 two
1897 740 122 75 planets
2047 740 79 75 mud
2154 740 104 75 either

1223 787 49 75 fee
1289 787 95 75 much
1402 787 124 75 farther
1550 787 77 75 than
1643 787 50 75 we
1721 787 56 75 do,
1803 787 37 75 or
1863 787 81 75 have
1962 787 129 75 equally
2107 787 86 75 good
2210 787 48 75 in-

1222 834 166 75 druments
1418 834 36 75 to
1478 834 93 75 carry
1587 834 83 75 their
1685 834 81 75 fight
1782 834 34 75 to
1835 834 120 75 remote
1972 834 132 75 objefts,
2130 834 30 75 if
2178 834 79 75 they

1220 879 96 75 know
1332 879 72 75 that
1420 879 90 75 there
1526 879 27 75 is
1570 879 75 75 fuch
1663 879 18 75 a
1697 879 87 75 body
1801 879 33 75 as
1852 879 58 75 our
1926 879 92 75 earth
2045 879 31 75 in
2104 879 55 75 the
2186 879 71 75 uni-

1219 926 105 75 verfe:
1344 926 66 75 For
1421 926 55 75 the
1488 926 90 75 earth
1594 926 27 75 is
1637 926 42 75 no
1696 926 124 75 bigger,
1834 926 69 75 feeu
1918 926 83 75 from
2018 926 140 75 Jupiter,
2177 926 78 75 than

1221 971 49 75 his
1287 971 111 75 moons
1415 971 54 75 are
1486 971 71 75 feen
1568 971 85 75 from
1670 971 55 75 the
1743 971 89 75 earth
1848 971 10 75 ;
1885 971 61 75 and
1962 971 31 75 if
2000 971 48 75 his
2065 971 88 75 large
2171 971 87 75 body

1221 1017 64 75 had
1301 1017 57 75 not
1374 1017 63 75 fiid
1450 1017 154 75 attracted
1620 1017 60 75 our
1695 1017 94 75 fight,
1807 1017 63 75 and
1877 1017 18 75 .'
1895 1017 164 75 prompted
2076 1017 59 75 our
2153 1017 103 75 curic-

1222 1063 58 75 fity
1307 1063 35 75 to
1366 1063 82 75 view
1477 1063 66 75 him
1575 1063 79 75 with
1683 1063 54 75 the
1766 1063 168 75 telefcope,
1960 1063 48 75 we
2033 1063 112 75 fhould
2162 1063 96 75 never

1220 1111 81 75 have
1329 1111 117 75 known
1463 1111 62 75 any
1552 1111 91 75 thing
1659 1111 40 75 of
1717 1111 49 75 his
1792 1111 135 75 moons;
1954 1111 104 75 unlefs
2077 1111 44 75 by
2138 1111 119 75 chance

1220 1157 49 75 we
1285 1157 64 75 had
1367 1157 140 75 directed
1523 1157 56 75 the
1595 1157 158 75 telefcope
1768 1157 125 75 toward
1917 1157 71 75 that
2013 1157 91 75 fmall
2127 1157 71 75 part
2222 1157 41 75 of

1221 1204 55 75 the
1292 1204 137 75 heavens
1447 1204 107 75 where
1570 1204 78 75 they
1664 1204 84 75 were
1765 1204 32 75 at
1816 1204 57 75 the
1890 1204 77 75 time
1982 1204 41 75 of
2037 1204 218 75 obfervation.

1221 1250 76 75 And
1315 1250 55 75 the
1387 1250 64 75 like
1471 1250 26 75 is
1515 1250 69 75 true
1601 1250 40 75 of
1652 1250 55 75 the
1723 1250 111 75 moons
1852 1250 40 75 of
1904 1250 132 75 Saturn.

1266 1298 77 75 The
1359 1298 86 75 orbit
1460 1298 41 75 of
1514 1298 118 75 Saturn
1649 1298 25 75 is
1693 1298 46 75 2-J
1754 1298 132 75 degrees
1913 1298 140 75 inclined
2080 1298 36 75 to
2139 1298 58 75 the
2220 1298 35 75 e-

1220 1344 119 75 cliptic,
1363 1344 36 75 or
1416 1344 85 75 orbit
1512 1344 40 75 of
1563 1344 60 75 our
1633 1344 106 75 earth,
1765 1344 61 75 and
1842 1344 160 75 interfe&s
2019 1344 25 75 it
2061 1344 32 75 in
2107 1344 55 75 the
2180 1344 18 75 2
2207 1344 46 75 id

1220 1390 116 75 degree
1351 1390 41 75 of
1415 1390 126 75 Cancer
1568 1390 62 75 and
1657 1390 40 75 of
1719 1390 199 75 Capricorn;
1945 1390 33 75 fo
2005 1390 72 75 that
2103 1390 148 75 Saturn’s

1220 1437 99 75 nodes
1337 1437 53 75 are
1406 1437 76 75 only
1508 1437 41 75 14
1565 1437 131 75 degrees
1713 1437 85 75 from
1820 1437 166 75 Jupiter’s.

1267 1484 75 75 The
1362 1484 149 75 quantity
1528 1484 40 75 of
1578 1484 95 75 light,
1691 1484 145 75 afforded
1852 1484 43 75 by
1912 1484 56 75 the
1983 1484 57 75 fun
2058 1484 36 75 to
2111 1484 140 75 Jupiter,

1220 1528 94 75 being
1337 1528 57 75 but
1410 1528 85 75 ^Tth
1512 1528 83 75 part,
1621 1528 63 75 and
1701 1528 34 75 to
1753 1528 118 75 Saturn
1896 1528 76 75 only
1998 1528 85 75 ^th
2110 1528 84 75 part,
2220 1528 40 75 of

1218 1575 86 75 what
1320 1575 49 75 we
1390 1575 108 75 enjoy,
1524 1575 86 75 may,
1634 1575 34 75 at
1684 1575 65 75 fird
1765 1575 152 75 thought,
1942 1575 114 75 induce
2085 1575 37 75 us
2142 1575 35 75 to
2199 1575 37 75 be
2247 1575 8 75 -

1220 1621 80 75 lieve
1322 1621 71 75 that
1410 1621 87 75 thefe
1510 1621 65 75 two
1591 1621 124 75 planets
1732 1621 54 75 are
1802 1621 136 75 entirely
1955 1621 78 75 unfit
2050 1621 52 75 for
2118 1621 136 75 rational

1219 1668 110 75 beings
1347 1668 35 75 to
1397 1668 97 75 dwell
1520 1668 99 75 upon.
1668 1668 80 75 But,
1773 1668 70 75 that
1869 1668 84 75 their
1975 1668 83 75 light
2084 1668 27 75 is
2140 1668 57 75 not
2220 1668 37 75 fo

1218 1714 91 75 weak
1325 1714 33 75 as
1377 1714 48 75 we
1441 1714 151 75 imagine,
1617 1714 27 75 is
1668 1714 127 75 evident
1812 1714 86 75 from
1915 1714 84 75 their
2016 1714 178 75 brightnefs
2222 1714 34 75 in

1220 1761 55 75 the
1291 1761 185 75 night-time
1491 1761 10 75 ;
1529 1761 63 75 and
1616 1761 65 75 alfo
1708 1761 85 75 from
1821 1761 64 75 this
1911 1761 198 75 remarkable
2135 1761 103 75 pheno
2246 1761 7 75 -

1220 1807 127 75 menon,
1374 1807 71 75 that
1463 1807 92 75 when
1571 1807 56 75 tl>e
1643 1807 55 75 fun
1716 1807 27 75 is
1771 1807 33 75 fo
1820 1807 95 75 much
1932 1807 137 75 edipfed
2086 1807 35 75 to
2137 1807 49 75 us,
2216 1807 35 75 as

1220 1853 34 75 to
1274 1853 81 75 have
1379 1853 76 75 only
1468 1853 55 75 the
1542 1853 80 75 40th
1641 1853 69 75 part
1728 1853 40 75 of
1779 1853 48 75 his
1844 1853 68 75 difk
1935 1853 61 75 left
2012 1853 182 75 uncovered
2211 1853 43 75 bv

1218 1900 55 75 the
1290 1900 108 75 moon,
1423 1900 56 75 the
1495 1900 146 75 decreafe
1657 1900 40 75 of
1708 1900 83 75 light
1807 1900 26 75 is
1847 1900 55 75 not
1917 1900 81 75 very
2014 1900 147 75 fenfibje;
2190 1900 64 75 and

1215 1947 63 75 jud
1306 1947 33 75 at
1367 1947 55 75 the
1449 1947 63 75 end
1538 1947 40 75 of
1599 1947 153 75 darknefs
1765 1947 32 75 in
1814 1947 81 75 total
1918 1947 143 75 ecflpfes,
2085 1947 92 75 when
2201 1947 52 75 his

1219 1993 130 75 wedern
1366 1993 77 75 limb
1460 1993 110 75 begins
1588 1993 34 75 to
1638 1993 40 75 be
1706 1993 120 75 vifible,
1851 1993 61 75 and
1942 1993 97 75 feems
2073 1993 41 75 no
2142 1993 112 75 bigger

1218 2040 77 75 than
1313 2040 18 75 a
1347 2040 58 75 bit.
1414 2040 39 75 of
1465 2040 60 75 fine
1542 2040 92 75 filver
1650 2040 89 75 wire,
1757 2040 95 75 every
1865 2040 60 75 one
1938 2040 26 75 is
1978 2040 168 75 furprifed'
2146 2040 32 75 at
2195 2040 58 75 the

1219 2087 177 75 brightnefs
1414 2087 183 75 wherewith
1615 2087 69 75 that
1692 2087 98 75 .fmall
1808 2087 70 75 part
1896 2087 40 75 of
1947 2087 66 75 him
2030 2087 113 75 fhines.
2176 2087 77 75 The

1218 2132 109 75 moon,
1353 2132 91 75 when
1461 2132 73 75 full,
1560 2132 120 75 affords
1698 2132 164 75 travellers
1879 2132 82 75 light
1979 2132 125 75 enough
2118 2132 35 75 to
2168 2132 82 75 keep

1218 2177 87 75 them
1333 2177 84 75 from
1445 2177 168 75 midaking
1630 2177 84 75 their
1731 2177 71 75 way
1816 2177 9 75 ;
1853 2177 62 75 and
1932 2177 66 75 yet,
2024 2177 174 75 according
2215 2177 36 75 to

1219 2223 53 75 Dr
1289 2223 119 75 Smith,
1432 2223 26 75 it
1476 2223 26 75 is
1519 2223 94 75 equal
1631 2223 35 75 to
1682 2223 42 75 no
1740 2223 89 75 more
1845 2223 77 75 than
1939 2223 19 75 a
1982 2223 45 75 90
2055 2223 194 75 theufandth

1219 2271 70 75 part
1312 2271 40 75 of
1371 2271 55 75 the
1443 2271 82 75 light
1543 2271 40 75 of
1604 2271 54 75 the
1675 2271 55 75 fan
1744 2271 8 75 :
1778 2271 93 75 That
1886 2271 47 75 is,,
1952 2271 54 75 the
2023 2271 83 75 fun’s
2123 2271 84 75 light
2222 2271 41 75 is-

1220 2319 45 75 90
1280 2319 158 75 thoufand
1453 2319 93 75 times
1571 2319 34 75 as
1630 2319 106 75 drong
1760 2319 34 75 as
1823 2319 55 75 the
1900 2319 85 75 light
2012 2319 40 75 of
2076 2319 53 75 the
2152 2319 99 75 moon

1219 2364 92 75 when
1347 2364 73 75 full.
1485 2364 253 75 Confequently,
1765 2364 55 75 the
1846 2364 56 75 fun
1930 2364 89 75 gives
2047 2364 20 75 a
2093 2364 156 75 thoufimd

1218 2411 93 75 times
1328 2411 35 75 as
1379 2411 94 75 much
1491 2411 81 75 light
1588 2411 35 75 to
1643 2411 116 75 Saturn
1788 2411 35 75 as
1845 2411 54 75 the
1924 2411 59 75 full
2007 2411 97 75 moon
2120 2411 77 75 does
2213 2411 53 75 to-

1218 2456 59 75 us;
1303 2456 62 75 and
1382 2456 100 75 above
1498 2456 90 75 three
1604 2456 154 75 thoufand
1776 2456 93 75 times
1890 2456 32 75 as
1941 2456 94 75 much
2052 2456 36 75 to
2107 2456 141 75 Jupiter.

1220 2502 45 75 So
1290 2502 71 75 that
1388 2502 88 75 thefe
1503 2502 66 75 two
1596 2502 135 75 planets*
1762 2502 79 75 even
1868 2502 136 75 without
2034 2502 61 75 any
2122 2502 140 75 moons,,

1218 2549 108 75 would
1342 2549 38 75 be
1397 2549 95 75 much
1520 2549 89 75 more
1636 2549 205 75 enlightened
1863 2549 79 75 than
1965 2549 47 75 we
2030 2549 33 75 at
2090 2549 64 75 iird
2170 2549 78 75 ima-

1219 2595 70 75 gine
1304 2595 9 75 ;
1341 2595 62 75 and
1420 2595 45 75 by
1478 2595 116 75 having
1610 2595 32 75 fo
1660 2595 106 75 many,
1791 2595 77 75 they
1895 2595 74 75 may
1994 2595 39 75 be
2058 2595 79 75 very
2160 2595 88 75 com-

1218 2642 137 75 fortable
1371 2642 103 75 places
1487 2642 36 75 of
1538 2642 167 75 refidence.
1753 2642 106 75 Their
1874 2642 87 75 heat;
1987 2642 33 75 fo
2037 2642 50 75 far
2099 2642 32 75 as
2149 2642 24 75 it
2190 2642 57 75 de-

1218 2688 99 75 pends
1334 2688 40 75 on
1393 2688 53 75 the
1466 2688 88 75 force
1571 2688 39 75 of
1622 2688 53 75 the
1703 2688 83 75 fun’s
1810 2688 85 75 rays*
1921 2688 27 75 is
1970 2688 154 75 certainly
2151 2688 97 75 much

1217 2734 60 75 lefs
1294 2734 76 75 than
1388 2734 99 75 ours-;
1513 2734 36 75 to
1570 2734 105 75 which
1703 2734 43 75 no
1771 2734 102 75 doubt
1901 2734 55 75 the
1972 2734 111 75 bodies
2100 2734 41 75 of
2163 2734 85 75 their

1219 2782 194 75 inhabitants
1430 2782 52 75 are
1502 2782 33 75 as
1551 2782 74 75 well
1641 2782 136 75 adapted
1794 2782 35 75 as
1846 2782 78 75 ours,
1937 2782 53 75 are
2003 2782 34 75 to
2053 2782 56 75 the
2125 2782 123 75 feafons

1218 2826 49 75 we
1286 2826 108 75 enjoy.
1442 2826 78 75 And
1535 2826 31 75 if
1576 2826 48 75 we
1653 2826 152 75 confider,
1831 2826 71 75 that
1925 2826 127 75 Jupiter
2076 2826 94 75 never
2187 2826 58 75 has

1219 2871 61 75 any
1296 2871 125 75 winter,
1439 2871 77 75 even
1534 2871 97 75 at'his
1648 2871 102 75 poles*
1774 2871 105 75 which
1898 2871 152 75 probably
2066 2871 29 75 is
2109 2871 67 75 alfo
2192 2871 55 75 the

1219 2920 67 75 cafe
1303 2920 78 75 with
1400 2920 129 75 Saturn,
1554 2920 55 75 the
1637 2920 74 75 cold
1727 2920 116 75 cannot
1860 2920 37 75 be
1915 2920 33 75 fo
1963 2920 120 75 intenfe
2100 2920 40 75 on
2157 2920 89 75 thefe

1218 2966 65 75 two
1306 2966 122 75 planets
1455 2966 34 75 as
1517 2966 26 75 is
1572 2966 162 75 generally
1761 2966 170 75 imagined.
1990 2966 141 75 Befidej*
2156 2966 92 75 there

1218 3014 72 75 may
1307 3014 40 75 be
1362 3014 177 75 fomething
1565 3014 33 75 in
1625 3014 85 75 their
1737 3014 117 75 nature
1876 3014 37 75 or
1929 3014 57 75 foil
2001 3014 96 75 much
2111 3014 137 75 warmer
