2443 3377
579 183 237 75 ANT

1145 183 18 75 (
1225 183 79 75 32S
1365 183 18 75 )

1712 183 242 75 ANT

205 245 378 75 ANTICHAMBER,
609 245 39 75 an
673 245 94 75 outer
786 245 151 75 chamber
962 245 52 75 for
1033 245 156 75 Grangers
1206 245 36 75 to

252 292 75 75 wait
344 292 44 75 in,
414 292 50 75 till
482 292 55 75 the
553 292 112 75 perfon
682 292 36 75 to
735 292 39 75 be
791 292 118 75 fpoken
926 292 79 75 with
1022 292 26 75 is
1066 292 32 75 at
1114 292 128 75 leifure.

204 339 341 75 ANTICHRESIS,
572 339 116 75 among
704 339 157 75 civilians,
887 339 54 75 the
957 339 85 75 fame
1057 339 82 75 with
1156 339 87 75 what

214 386 5 75 •
251 386 31 75 in
297 386 147 75 common
456 386 61 75 law
530 386 141 75 is.called
683 386 18 75 a
819 386 7 75 ,
826 386 63 75 «£<?.
916 386 63 75 See
990 386 250 75 Mortgage.

204 433 319 75 ANTICHRIST,
557 433 117 75 among
697 433 218 75 ecclefiallical
938 433 139 75 writers,
1110 433 133 75 denotes

212 480 4 75 •
251 480 19 75 a
281 480 89 75 great
383 480 167 75 adverfary
566 480 40 75 of
617 480 222 75 Chriltianity,
855 480 75 75 who
942 480 26 75 is
981 480 35 75 to
1029 480 115 75 appear
1157 480 85 75 upon

253 527 56 75 the
325 527 90 75 earth
433 527 140 75 towards
591 527 56 75 the
663 527 64 75 end
743 527 39 75 of
803 527 56 75 the
875 527 117 75 world.
1042 527 54 75 He
1121 527 28 75 is
1166 527 78 75 call-

253 574 39 75 ed
309 574 32 75 in
368 574 168 75 fcripture,
563 574 65 75 The
657 574 78 75 man
759 574 43 75 of
807 574 72 75 ftn,
906 574 52 75 the
982 574 76 75 man
1074 574 44 75 of
1128 574 115 75 perdi-

254 621 31 75 ti'
285 621 48 75 jfj,
359 621 63 75 &c.

205 667 403 75 ANTICHTHONES,
633 667 33 75 in
683 667 125 75 ancient
824 667 197 75 geography,
1047 667 40 75 an
1103 667 141 75 appella-

253 715 66 75 tion
335 715 95 75 given
444 715 36 75 to
497 715 56 75 the
568 715 197 75 inhabitants
784 715 41 75 of
836 715 139 75 oppofite
992 715 227 75 hemifpheres.

205 762 236 75 ANTICOR,
467 762 37 75 or
530 762 259 75 Anticoeur,
822 762 117 75 among
962 762 143 75 farriers,
1131 762 39 75 an
1195 762 48 75 in-

253 807 195 75 flammation
464 807 32 75 in
514 807 54 75 the
584 807 121 75 horfe’s
722 807 122 75 throat,
870 807 94 75 being
984 807 56 75 the
1063 807 85 75 fame
1166 807 78 75 with

253 854 193 75 the.quinzy
461 854 32 75 in
510 854 165 75 mankind.

206 902 297 75 ANTICOSTE,
528 902 39 75 an
583 902 173 75 American
772 902 111 75 illand,
908 902 135 75 fituated
1058 902 113 75 before
1187 902 57 75 the

254 949 111 75 niouth
378 949 40 75 of
429 949 55 75 the
498 949 83 75 river
594 949 39 75 St
649 949 190 75 Lawrence,
865 949 32 75 in
911 949 67 75 64°
997 949 62 75 W.
1073 949 88 75 long,
1182 949 62 75 and

255 998 43 75 49
298 980 24 49 0
344 998 53 75 52'
413 998 49 75 N.
480 998 59 75 lat.

205 1043 231 75 ANTICUS,
462 1043 18 75 a
496 1043 82 75 term
595 1043 75 75 ufed
686 1043 45 75 by
742 1043 195 75 anatomifts,
961 1043 186 75 importing,
1173 1043 70 75 that

252 1090 58 75 the
337 1090 72 75 part
409 1122 19 49 ;
437 1090 78 75 with
533 1090 106 75 which
667 1090 25 75 it
719 1090 25 75 is
771 1090 113 75 joined
901 1090 103 75 Hands
1030 1090 111 75 before
1158 1090 85 75 fome

252 1137 110 75 others
377 1137 9 75 :
419 1137 109 75 Thus,
551 1137 51 75 we
625 1137 84 75 meet
729 1137 81 75 with
833 1137 140 75 ferratus
989 1137 135 75 amicus,
1150 1137 92 75 pero-

254 1183 89 75 nceus
359 1183 135 75 amicus.

805 1183 7 75 -

205 1230 310 75 ANTIDESMA,
539 1230 32 75 in
588 1230 133 75 botany,
748 1230 16 75 a
782 1230 103 75 genus
901 1230 42 75 of
962 1230 55 75 the
1033 1230 116 75 dioecia
1166 1230 76 75 pen-

254 1278 124 75 tandria
405 1278 91 75 clafs.
555 1278 77 75 The
661 1278 85 75 ca-lix
770 1278 40 75 of
832 1278 55 75 the
915 1278 82 75 male
1015 1278 124 75 confifts
1163 1278 39 75 of
1222 1278 17 75 5

254 1324 103 75 leaves
374 1324 10 75 ;
411 1324 26 75 it
451 1324 57 75 has
525 1324 41 75 no
584 1324 122 75 corolla
721 1324 8 75 :
759 1324 76 75 The
852 1324 86 75 calix
954 1324 41 75 of
1013 1324 55 75 the
1084 1324 116 75 female
1216 1324 26 75 is

254 1371 114 75 entire,
394 1371 115 75 gaping
525 1371 18 75 a
559 1371 84 75 little
660 1371 40 75 on
718 1371 60 75 one
798 1371 64 75 fide
876 1371 9 75 ;
921 1371 27 75 it
971 1371 58 75 has
1050 1371 41 75 no
1108 1371 133 75 corolla,

253 1418 58 75 but
328 1418 65 75 two
412 1418 82 75 ttyii,
520 1418 68 75 and,
599 1418 19 75 a
630 1418 121 75 double
774 1418 115 75 valved
910 1418 124 75 capfule
1054 1418 140 75 inclofed
1210 1418 32 75 in

252 1465 56 75 the
325 1465 99 75 calix.
470 1465 113 75 There
596 1465 25 75 is
639 1465 57 75 but
712 1465 60 75 one
789 1465 117 75 fpscies
923 1465 41 75 of
983 1465 56 75 the
1056 1465 185 75 antidefma,

252 1513 72 75 viz.
334 1513 4 75 -
349 1513 56 75 the
423 1513 185 75 alexeteria,
635 1513 17 75 a
665 1513 107 75 native
787 1513 41 75 of
840 1513 106 75 India.

206 1556 571 75 ANTIDICOMARIANITES,
806 1556 32 75 in
856 1556 269 75 church-hiftory,
1150 1556 92 75 here-

253 1605 73 75 tics,
344 1605 74 75 who
447 1605 192 75 maintained
666 1605 71 75 that
764 1605 54 75 the
846 1605 117 75 Virgin
990 1605 100 75 Mary
1105 1605 57 75 did
1186 1605 57 75 not

252 1652 146 75 preferve
416 1652 18 75 a
449 1652 166 75 perpetual
631 1652 165 75 virginity.

206 1698 276 75 ANTIDOTE,
519 1698 116 75 among
658 1698 186 75 phyficians,
876 1698 20 75 a
923 1698 132 75 remedy
1083 1698 95 75 taken
1206 1698 36 75 to

255 1746 143 75 prevent,
423 1746 37 75 or
472 1746 35 75 to
524 1746 75 75 cure
615 1746 56 75 the
680 1746 111 75 eftedls
804 1746 40 75 of
854 1746 123 75 poifon,
1004 1746 64 75 fac.

207 1791 238 75 ANTIENT,
481 1791 39 75 or
546 1791 190 75 Ancient,
762 1791 18 75 a
807 1791 83 75 term
917 1791 128 75 applied
1071 1791 36 75 to
1133 1791 109 75 things

256 1838 105 75 which
378 1838 123 75 exifted
527 1838 178 75 long-ago:
739 1838 96 75 Thus
865 1838 49 75 we
946 1838 67 75 fay,
1038 1838 126 75 ancient
1185 1838 55 75 na-

253 1886 97 75 tions,
375 1886 127 75 ancient
518 1886 149 75 cuftoms,
693 1886 64 75 &c.

206 1932 198 75 Antient,
432 1932 31 75 in
480 1932 20 75 a
514 1932 141 75 military
670 1932 97 75 fenfe,
793 1932 132 75 denotes
942 1932 103 75 either
1056 1932 55 75 the
1121 1932 119 75 enfign,

253 1979 38 75 or
306 1979 56 75 the
379 1979 141 75 colours.

207 2025 199 75 Antient,
432 2025 32 75 in
487 2025 81 75 (hips
587 2025 39 75 of
648 2025 78 75 war,
751 2025 57 75 the
825 2025 148 75 flxeamer
993 2025 42 75 or
1056 2025 63 75 flag
1142 2025 100 75 borne

255 2072 31 75 in
303 2072 55 75 the
374 2072 95 75 Hern.

208 2118 295 75 ANTIGONIA,
529 2118 55 75 the
601 2118 91 75 name
708 2118 40 75 of
769 2118 67 75 two
853 2118 103 75 cities,
981 2118 61 75 one
1059 2118 32 75 in
1107 2118 132 75 Epirus,

254 2164 72 75 now
343 2164 105 75 called
462 2164 111 75 Cafta
590 2164 136 75 Jtgiro,
753 2164 55 75 the
820 2164 91 75 other
928 2164 32 75 in
977 2164 175 75 Macedon,
1170 2164 73 75 now

253 2211 152 75 Cologna.

207 2259 347 75 ANTIHECTICS,
578 2259 32 75 in
624 2259 185 75 pharmacy,
833 2259 172 75 medicines
1021 2259 88 75 good
1120 2259 32 75 in
1168 2259 75 75 hec-

257 2304 74 75 tical
348 2304 173 75 diforders.

208 2352 261 75 ANTILLES,
495 2352 55 75 the
566 2352 84 75 fame
665 2352 80 75 with
762 2352 55 75 the
835 2352 157 75 Caribbee
1009 2352 126 75 iflands.

208 2398 442 75 ANTILOGARITHM,
675 2398 54 75 the
746 2398 212 75 complement
970 2398 40 75 of
1022 2398 18 75 a
1054 2398 185 75 logarithm.

208 2444 272 75 ANTILOGY,
505 2444 32 75 in
555 2444 131 75 matters
702 2444 41 75 of
753 2444 177 75 literature,
955 2444 39 75 an
1018 2444 225 75 inconfiHency

255 2490 144 75 between
415 2490 66 75 two
498 2490 37 75 or
551 2490 89 75 more
657 2490 137 75 paffages
811 2490 40 75 of
862 2490 55 75 the
933 2490 83 75 fame
1032 2490 99 75 book.

209 2537 300 75 ANTILYSSUS

691 2537 17 75 a
724 2537 156 75 medicine
907 2537 163 75 confiding
1085 2537 40 75 of
1147 2537 95 75 equal

256 2585 89 75 parts
359 2585 41 75 of
420 2585 54 75 the
499 2585 104 75 lichen
621 2585 141 75 cinereus
779 2585 169 75 terreflris,
976 2585 62 75 and
1056 2585 92 75 black
1164 2585 77 75 pep-

256 2631 68 75 per,
357 2631 160 75 reckoned
532 2631 87 75 good
634 2631 35 75 to
685 2631 132 75 prevent
834 2631 55 75 the
905 2631 103 75 rabies
1024 2631 121 75 canina.

209 2676 410 75 ANTIMETABOLE,
645 2676 31 75 in
689 2676 153 75 rhetoric,
868 2676 17 75 a
897 2676 101 75 figure
1013 2676 152 75 whereby
1176 2676 67 75 two

257 2724 105 75 things
381 2724 53 75 are
449 2724 47 75 fet
512 2724 31 75 in
561 2724 175 75 oppofition
752 2724 35 75 to
804 2724 78 75 each
899 2724 106 75 other.

209 2768 502 75 ANTIMONARCHICAL,
730 2768 39 75 an
781 2768 191 75 appellation
988 2768 93 75 given
1093 2768 35 75 to
1140 2768 102 75 what-

257 2818 74 75 ever
370 2818 132 75 oppofes
537 2818 195 75 monarchial
768 2818 220 75 government.
1054 2818 62 75 See
1155 2818 87 75 Mo-

259 2864 170 75 narchy.

209 2910 361 75 ANTIMONIALS,
602 2910 33 75 in
659 2910 167 75 medicine,
859 2910 217 75 preparations
1099 2910 42 75 of
1159 2910 82 75 anti-

260 2958 108 75 mony.
421 2958 62 75 See
500 2958 232 75 Antimony,
758 2958 63 75 and
837 2958 252 75 Chemistry.

210 3004 404 75 ANTIMONIATED,
645 3004 180 75 fomething
848 3004 220 75 impregnated
1090 3004 80 75 with
1186 3004 56 75 the

257 3051 119 75 virtues
392 3051 41 75 of
443 3051 175 75 antimony.

1293 250 278 75 ANTIMONY,
1597 250 30 75 in
1656 250 125 75 natural
1797 250 134 75 hiHory,
1956 250 61 75 one
2041 250 40 75 cf
2101 250 55 75 the
2172 250 158 75 femi-me-

1342 293 72 75 tals.
1466 293 61 75 See
1545 293 254 75 Chemistry,
1824 293 84 75 title,
1935 293 54 75 Of
1995 293 129 75 metals.

1293 344 363 75 AN1INOMIANS,
1691 344 33 75 in
1746 344 272 75 church-hiHory,
2044 344 121 75 certain
2192 344 140 75 heretics

1342 390 74 75 who
1443 390 65 75 firH
1535 390 157 75 appeared
1716 390 98 75 about
1841 390 56 75 the
1923 390 77 75 year
2021 390 112 75 1535;;
2161 390 34 75 fo
2215 390 116 75 called,

1341 435 131 75 becaufe
1484 435 86 75 -they
1588 435 137 75 reje<51ed
1744 435 55 75 the
1815 435 74 75 law,
1914 435 36 75 as
1975 435 40 75 of
2031 435 41 75 no
2090 435 170 75 ufe.under
2276 435 57 75 the

1342 485 347 75 gofpel-difpenfation,
1715 485 79 75 with
1819 485 93 75 other
1936 485 159 75 dodrines
2121 485 129 75 equally
2275 485 55 75 ab-

1343 527 86 75 furd.

1290 577 243 75 ANTIOCH,
1559 577 17 75 a
1588 577 88 75 town
1697 577 40 75 of
1759 577 105 75 Syria,
1890 577 155 75 formerly
2061 577 40 75 its
2120 577 128 75 capital,
2273 577 60 75 but

1342 621 73 75 now
1426 621 30 75 in
1471 621 18 75 a
1501 621 130 75 ruinous
1644 621 162 75 condition
1818 621 10 75 ;
1846 621 137 75 fituated
1996 621 42 75 on
2055 621 53 75 the
2122 621 85 75 river.
2221 621 110 75 Oron-

1343 668 61 75 tes,
1425 668 33 75 in
1477 668 42 75 37
1519 650 20 49 0
1552 668 45 75 E.
1615 668 89 75 long,
1731 668 63 75 and
1813 668 65 75 36°
1897 668 49 75 N.
1963 668 58 75 lat.

1294 719 387 75 ANTIOCHENUM,
1698 719 33 75 in
1747 719 133 75 botany,
1899 719 147 75 afpecies
2059 719 40 75 of
2110 719 219 75 convolvulus.

1345 761 60 75 See
1422 761 309 75 Convolvulus.

1294 811 419 75 ANTIPAGMENTA.
1765 811 61 75 See
1845 811 342 75 Antepagmenta.

1294 858 300 75 ANTIPATHY,
1621 858 18 75 a
1651 858 125 75 natural
1796 858 140 75 averfion
1953 858 40 75 of
2010 858 61 75 one
2088 858 87 75 body
2197 858 35 75 to
2254 858 76 75 ano-

1341 901 84 75 ther,
1458 901 33 75 fn
1520 901 288 75 contradifiinftion
1838 901 35 75 to
1899 901 182 75 fympathy.
2143 901 62 75 See
2231 901 98 75 Sym-

1344 948 142 75 pathy.

1293 995 94 75 ANT
1399 995 344 75 IPERISTALTIC
1760 995 118 75 motion
1895 995 43 75 of
1944 995 53 75 the
2008 995 178 75 intefines,
2211 995 57 75 the
2280 995 49 75 re-

1342 1042 86 75 verfe
1445 1042 41 75 of
1504 1042 56 75 the
1576 1042 172 75 periHaltic
1771 1042 136 75 motion.
1957 1042 61 75 See
2039 1042 289 75 Peristaltic.

1291 1092 417 75 ANTTPERISTASIS,
1733 1092 31 75 in
1783 1092 55 75 the
1857 1092 186 75 peripatetic
2064 1092 201 75 philofophy,
2290 1092 59 75 an*

1340 1135 175 75 imaginary
1532 1135 157 75 intention
1713 1135 38 75 or
1770 1135 209 75 heightening
1999 1135 41 75 of
2058 1135 63 75 any
2139 1135 126 75 quality
2286 1135 45 75 by

1342 1181 52 75 the
1410 1181 175 75 oppofition
1603 1181 41 75 of
1661 1181 42 75 its
1716 1181 171 75 contrary..

1293 1229 303 75 ANTIPHONY,
1621 1229 32 75 in
1670 1229 107 75 mufic,
1803 1229 56 75 the
1877 1229 91 75 name
1992 1229 106 75 which
2121 1229 55 75 the
2200 1229 129 75 Greeks

1340 1274 78 75 gave
1431 1274 35 75 to
1482 1274 70 75 that
1568 1274 79 75 kind
1659 1274 41 75 of
1718 1274 177 75 fymphony
1911 1274 105 75 which
2033 1274 64 75 was
2121 1274 161 75 executed
2294 1274 35 75 in

1339 1321 108 75 oftave
1475 1321 37 75 or
1535 1321 118 75 double
1676 1321 122 75 odave.
1856 1321 32 75 It
1912 1321 26 75 is
1961 1321 141 75 likewife
2125 1321 56 75 the
2205 1321 123 75 anfwer

1339 1367 91 75 made
1447 1367 43 75 by
1506 1367 60 75 one
1578 1367 91 75 choir
1680 1367 36 75 to
1732 1367 146 75 another,
1904 1367 91 75 when
2012 1367 40 75 an
2068 1367 129 75 anthem
2210 1367 26 75 is
2248 1367 80 75 fung

1339 1414 141 75 between
1498 1414 99 75 them.

1291 1463 342 75 ANTIPHRASISj
1658 1463 31 75 in
1707 1463 152 75 rhetoric,
1878 1463 18 75 a
1912 1463 100 75 figure
2026 1463 45 75 by
2087 1463 105 75 which
2209 1463 32 75 in
2256 1463 70 75 fay-

1339 1506 54 75 ing
1409 1506 60 75 one
1486 1506 92 75 thing
1590 1506 48 75 we
1650 1506 90 75 mean
1758 1506 55 75 the
1829 1506 162 75 contrary.
2042 1506 62 75 See
2121 1506 140 75 Irony.

1291 1557 295 75 ANTIPODES,
1612 1557 32 75 in
1661 1557 195 75 geography,
1875 1557 19 75 a
1909 1557 92 75 name
2013 1557 93 75 given
2125 1557 34 75 to
2175 1557 90 75 thofe
2277 1557 47 75 in-

1338 1602 160 75 habitants
1515 1602 40 75 of
1573 1602 55 75 the
1645 1602 94 75 globe
1756 1602 71 75 that
1842 1602 65 75 live
1929 1602 234 75 diametrically
2184 1602 143 75 oppofi^e

1339 1647 34 75 to
1388 1647 61 75 one
1466 1647 146 75 another.
1654 1647 24 75 7
1689 1647 63 75 hey
1763 1647 42 75 lie
1822 1647 101 75 under
1934 1647 138 75 oppofite
2083 1647 162 75 parallels,
2263 1647 62 75 and

1338 1695 139 75 oppofite
1495 1695 182 75 meridians.
1725 1695 100 75 They
1840 1695 80 75 have
1936 1695 66 75 the'
2015 1695 83 75 fame
2115 1695 158 75 elevation
2289 1695 42 75 of

1339 1740 83 75 their
1445 1740 151 75 different
1620 1740 101 75 poles.
1779 1740 32 75 It
1834 1740 26 75 is
1885 1740 159 75 midnight
2067 1740 77 75 with
2169 1740 56 75 the
2248 1740 74 75 on?,

1338 1788 93 75 when
1444 1788 27 75 it
1494 1788 26 75 is
1537 1788 165 75 noon-day
1718 1788 77 75 with
1820 1788 55 75 the
1897 1788 115 75 other;
2040 1788 54 75 the
2117 1788 122 75 longefi
2260 1788 65 75 day

1338 1834 77 75 with
1433 1834 55 75 the
1505 1834 60 75 one
1581 1834 25 75 is
1625 1834 54 75 the
1704 1834 132 75 fliortefi
1860 1834 79 75 with
1959 1834 55 75 the
2037 1834 116 75 other;
2183 1834 62 75 and
2269 1834 56 75 tlje

1335 1881 110 75 length
1462 1881 40 75 of
1520 1881 56 75 the
1592 1881 63 75 day
1672 1881 78 75 with
1766 1881 55 75 the
1837 1881 61 75 one
1914 1881 25 75 is
1957 1881 94 75 equal
2069 1881 34 75 to
2115 1881 55 75 the
2186 1881 91 75 night
2289 1881 42 75 of

1336 1927 55 75 the
1407 1927 106 75 other.
1563 1927 63 75 See
1642 1927 266 75 Geography.

1290 1975 258 75 ANTIPOPE,
1574 1975 31 75 in
1622 1975 56 75 the
1698 1975 132 75 Romilh
1855 1975 135 75 church,
2015 1975 60 75 one
2098 1975 120 75 eleded
2240 1975 84 75 pope

1336 2019 31 75 in
1385 2019 39 75 an
1441 2019 154 75 irregular
1607 2019 142 75 manner,
1774 2019 33 75 in
1825 2019 173 75 oppofition
2016 2019 35 75 to
2063 2019 146 75 another.

1290 2068 268 75 ATIPTOSIS,
1583 2068 31 75 in
1633 2068 151 75 rhetoric,
1809 2068 20 75 a
1847 2068 100 75 figure
1967 2068 105 75 which
2087 2068 74 75 puts
2177 2068 61 75 one
2253 2068 71 75 cafe

1339 2113 51 75 for
1402 2113 147 75 another.
1600 2113 61 75 See
1674 2113 117 75 Case.

1291 2161 306 75 ANTIQUARY,
1623 2161 19 75 a
1656 2161 113 75 perfon
1785 2161 75 75 who
1877 2161 191 75 Hudiesand
2079 2161 143 75 fearches
2240 2161 83 75 after

1337 2207 199 75 monuments
1549 2207 60 75 and
1627 2207 134 75 remains
1774 2207 40 75 of
1834 2207 172 75 antiquity.

1384 2255 112 75 There
1511 2255 83 75 were
1615 2255 156 75 formerly
1786 2255 31 75 in
1841 2255 56 75 the
1920 2255 90 75 chief
2029 2255 89 75 cities
2135 2255 41 75 of
2194 2255 128 75 Greece

1339 2301 61 75 and
1431 2301 98 75 Italy,
1564 2301 130 75 perfons
1722 2301 39 75 of
1782 2301 177 75 diHindion
1985 2301 104 75 called
2116 2301 205 75 antiquaries,

1337 2348 75 75 who
1436 2348 92 75 made
1552 2348 25 75 it
1602 2348 85 75 their
1709 2348 134 75 bufinefs
1866 2348 34 75 to
1917 2348 128 75 explain
2061 2348 55 75 the
2132 2348 125 75 ancient
2271 2348 50 75 io-

1336 2395 179 75 feriptions,
1533 2395 62 75 and
1607 2395 71 75 give
1691 2395 96 75 every
1799 2395 94 75 other
1908 2395 153 75 aflillance
2076 2395 31 75 in
2119 2395 85 75 their
2215 2395 108 75 power

1338 2441 34 75 to
1388 2441 154 75 Hrangers
1559 2441 74 75 who
1649 2441 84 75 were
1748 2441 106 75 lovers
1871 2441 41 75 of
1922 2441 72 75 that
2009 2441 80 75 kind
2105 2441 41 75 of
2164 2441 156 75 learning.

1337 2488 111 75 There
1464 2488 26 75 is
1508 2488 18 75 a
1541 2488 121 75 fociety
1677 2488 41 75 of
1735 2488 194 75 antiquaries
1945 2488 33 75 in
1994 2488 154 75 London,
2173 2488 148 75 incorpo-

1338 2534 90 75 rated
1442 2534 44 75 by
1502 2534 55 75 the
1568 2534 104 75 king’s
1689 2534 139 75 charter.

1982 2534 27 75 ,

1289 2581 187 75 ANTIQU
1483 2581 151 75 ATED,
1663 2581 179 75 fomething
1865 2581 154 75 obfolete,
2044 2581 56 75 out
2116 2581 41 75 of
2171 2581 86 75 date,
2282 2581 39 75 or

1336 2627 57 75 out
1416 2627 126 75 of.ufe,

1289 2674 239 75 ANTIQUE,
1553 2674 33 75 in
1603 2674 19 75 a
1644 2674 126 75 general
1795 2674 97 75 fenfe,
1917 2674 179 75 fomething
2119 2674 71 75 that
2213 2674 27 75 is
2265 2674 54 75 an-

1337 2719 83 75 cient
1432 2719 8 75 :
1468 2719 58 75 but
1537 2719 56 75 the
1609 2719 83 75 term
1707 2719 27 75 is
1751 2719 116 75 chiefly
1882 2719 75 75 ufed
1974 2719 53 75 by'
2027 2719 172 75 fculptors,
2217 2719 102 75 paint-

1337 2767 62 75 ers,
1425 2767 62 75 and
1503 2767 180 75 architeds,
1709 2767 35 75 to
1761 2767 117 75 denote
1889 2767 77 75 fuch
1983 2767 103 75 pieces
2103 2767 40 75 of
2162 2767 83 75 their
2256 2767 63 75 dif-

1337 2813 103 75 ferent
1457 2813 66 75 arts
1540 2813 33 75 as
1590 2813 83 75 were
1697 2813 93 75 made
1813 2813 44 75 by
1881 2813 55 75 the
1959 2813 123 75 aftcient
2105 2813 130 75 Greeks
2258 2813 63 75 and

1337 2860 156 75 Romans.
1540 2860 96 75 Thus
1653 2860 48 75 v/e
1717 2860 67 75 fay,
1808 2860 45 75 an
1869 2860 135 75 antique
2020 2860 81 75 bull,
2126 2860 44 75 an
2186 2860 135 75 antique

1326 2908 124 75 Jlatue,
1476 2908 61 75 &c.

1288 2954 292 75 ANTIQUITY,
1611 2954 135 75 fignifies
1769 2954 94 75 times
1887 2954 38 75 or
1947 2954 74 75 ages
2048 2954 67 75 pafi
2141 2954 77 75 long
2245 2954 74 75 ago.

1335 3000 95 75 Thus
1443 3000 48 75 we
1507 3000 66 75 fay,
1591 3000 53 75 the
1655 3000 107 75 heroes
1778 3000 44 75 of
1827 3000 176 75 antiquity,
2028 3000 62 75 &c.
2139 3000 32 75 It
2187 3000 27 75 is
2231 3000 87 75 often

1336 3049 76 75 ufed
1427 3049 53 75 for
1491 3049 55 75 the
1558 3049 108 75 works
1683 3049 36 75 or
1731 3049 200 75 monuments
1944 3049 41 75 of
1995 3049 55 75 the
2062 3049 154 75 ancients.
2251 3049 67 75 Re-

2177 3093 141 75 fearches
