2517 3387
200 197 80 75 638

846 197 195 75 BO
1157 197 40 75 T

236 314 39 75 D
295 314 21 75 I
333 314 39 75 A
389 314 38 75 N
447 314 40 75 D
505 314 37 75 R
560 314 22 75 I
598 314 39 75 A
702 314 52 75 M
773 314 40 75 O
829 314 39 75 N
887 314 37 75 O
944 314 38 75 G
997 314 39 75 Y
1054 314 38 75 N
1110 314 22 75 I
1149 314 51 75 A.

439 395 224 75 Veronica,
688 395 38 75 or
751 395 248 75 Speedwell.

245 477 78 75 The
351 477 132 75 Calix
501 477 27 75 is
546 477 18 75 a
581 477 211 75 perianvhium
813 477 93 75 (18),
929 477 133 75 divided
1077 477 68 75 into
1162 477 75 75 four

199 524 86 75 parts
302 524 38 75 Or
354 524 169 75 fegmen^,
550 524 63 75 and
640 524 160 75 perfiftent
824 524 41 75 (i.
882 524 30 75 e.
938 524 78 75 does
1042 524 57 75 not
1115 524 57 75 fall
1189 524 52 75 off

199 572 48 75 till
264 572 56 75 the
336 572 88 75 feeds
437 572 54 75 are
508 572 107 75 ripe);
635 572 55 75 the
702 572 157 75 fegments
876 572 53 75 are
944 572 90 75 fliarp
1051 572 64 75 and
1128 572 106 75 lance-

202 619 127 75 fhaped.

246 665 77 75 The
345 665 191 75 Corolla
561 665 76 75 (ii)
670 665 123 75 confifts
817 665 40 75 of
879 665 61 75 one
975 665 129 75 rotated
1125 665 107 75 petal;

202 713 75 75 The
295 713 93 75 tubus
409 713 77 75 (n)
507 713 27 75 is
552 713 97 75 about
666 713 56 75 the
737 713 83 75 fame
836 713 111 75 length
960 713 79 75 with
1056 713 55 75 the
1124 713 85 75 calix
1221 713 11 75 ;

201 761 56 75 the
273 761 116 75 limbus
409 761 78 75 {11)
506 761 28 75 is
549 761 106 75 plane,
682 761 63 75 and
768 761 130 75 divided
923 761 32 75 in
978 761 74 75 four
1076 761 73 75 oval
1166 761 68 75 feg-

199 807 117 75 ments,
341 807 55 75 the
411 807 110 75 loweft
537 807 40 75 of
601 807 104 75 which
730 807 27 75 is
786 807 161 75 narrower
975 807 77 75 than
1077 807 56 75 the
1163 807 70 75 reft,

200 854 64 75 and
280 854 55 75 the
353 854 63 75 one
439 854 221 75 immediately
680 854 141 75 oppofite
847 854 149 75 broader.

244 899 77 75 The
339 899 186 75 Stamina
545 899 78 75 (12)
652 899 54 75 are
734 899 78 75 two,
838 899 162 75 narrower
1027 899 118 75 below,
1171 899 63 75 and

203 947 140 75 inclined
360 947 168 75 upwards;
555 947 56 75 the
637 947 139 75 antherse
793 947 80 75 (12)
892 947 53 75 are
962 947 131 75 oblong.

246 994 75 75 The
338 994 223 75 Pistillum
583 994 78 75 (12)
679 994 57 75 has
754 994 222 75 acompreffed
994 994 238 75 germen(i2),

199 1041 17 75 a
230 1041 129 75 filiform
373 1041 36 75 or
422 1041 196 75 thread-like
630 1041 96 75 ftylus
742 1041 93 75 (12),
853 1041 96 75 about
961 1041 56 75 the
1029 1041 82 75 fame
1122 1041 112 75 length

198 1087 81 75 with
295 1087 56 75 the
367 1087 142 75 ftamina,
535 1087 63 75 and
617 1087 18 75 a
650 1087 85 75 little
757 1087 146 75 declined
922 1087 34 75 to
974 1087 60 75 one
1050 1087 82 75 fide:
1158 1087 77 75 The

202 1135 110 75 ftigma
331 1135 77 75 (12)
426 1135 27 75 is
470 1135 121 75 fimple.

237 1179 361 75 ThePERiCARPiuM
611 1179 77 75 (12)
700 1179 26 75 is
739 1179 397 75 aheart-fhapedcapfule,
1146 1179 87 75 com-

195 1228 125 75 pireffed
336 1228 33 75 at
397 1228 55 75 the
480 1228 69 75 top,
575 1228 62 75 and
655 1228 117 75 having
797 1228 66 75 two
885 1228 77 75 cells
986 1228 39 75 or
1050 1228 181 75 partitions,

200 1273 62 75 and
279 1273 73 75 four
367 1273 122 75 valves.

246 1322 76 75 The
344 1322 120 75 Seeds
483 1322 52 75 are
551 1322 148 75 roundilh
716 1322 62 75 and
795 1322 187 75 numerous.

200 1428 23 75 I
241 1428 31 75 C
293 1428 37 75 O
349 1428 25 75 S
393 1428 37 75 A
449 1428 37 75 N
502 1428 40 75 D
562 1428 35 75 R
612 1428 22 75 I
653 1428 37 75 A
741 1428 489 75 POLYGAMIA.

421 1507 220 75 FragaRia,
666 1507 39 75 or
728 1507 282 75 Strawberry.

246 1589 76 75 The
354 1589 127 75 Calix
499 1589 26 75 is
543 1589 19 75 a
578 1589 225 75 perianthium,
829 1589 163 75 confifting
1008 1589 41 75 of
1071 1589 60 75 one
1147 1589 85 75 plain

201 1636 77 75 leaf,
310 1636 130 75 divided
470 1636 69 75 into
564 1636 52 75 ten
639 1636 169 75 fegments,
843 1636 77 75 each
945 1636 192 75 alternately
1161 1636 89 75 nar-'

200 1683 118 75 rower.

247 1729 75 75 The
340 1729 192 75 Corolla
550 1729 57 75 has
624 1729 62 75 five
703 1729 148 75 roundifh
876 1729 81 75 open
979 1729 102 75 petals
1097 1729 139 75 inferted

201 1776 68 75 into
287 1776 53 75 the
358 1776 98 75 calix.

248 1823 77 75 The
342 1823 180 75 Stamina
551 1823 54 75 are
628 1823 122 75 twenty
778 1823 31 75 in
837 1823 145 75 number,
1007 1823 166 75 fubulated
1196 1823 38 75 or

201 1870 157 75 tapering>
382 1870 125 75 /hotter
522 1870 77 75 than
624 1870 56 75 the
705 1870 133 75 corolla,
863 1870 62 75 and
941 1870 137 75 inferted
1095 1870 69 75 into
1180 1870 56 75 the

202 1917 99 75 calix.
350 1917 76 75 The
454 1917 142 75 antherse
627 1917 53 75 ate
706 1917 178 75 lunulated,
920 1917 37 75 or
983 1917 116 75 ftiaped
1125 1917 64 75 like
1217 1917 19 75 a

203 1964 153 75 crefcent.

249 2011 76 75 The
338 2011 225 75 Pistillum
585 2011 125 75 confifts
726 2011 41 75 of
777 2011 95 75 many
887 2011 87 75 fmall
996 2011 154 75 germina,
1167 2011 67 75 col-

202 2057 103 75 ledled
320 2057 68 75 into
405 2057 19 75 a
439 2057 84 75 little
540 2057 82 75 head
638 2057 39 75 or
691 2057 100 75 knob.
839 2057 77 75 The
943 2057 71 75 ftyli
1039 2057 54 75 are
1114 2057 119 75 fimple,

203 2104 62 75 and
282 2104 134 75 inferted
434 2104 68 75 into
525 2104 55 75 the
608 2104 79 75 fides
713 2104 40 75 of
775 2104 84 75 their
883 2104 168 75 refpeftive
1079 2104 155 75 germina.

200 2151 79 75 The
300 2151 146 75 ftigmata
469 2151 53 75 are
547 2151 119 75 fimple.

249 2198 76 75 The
350 2198 273 75 Pertcarpium
649 2198 27 75 is
702 2198 145 75 wanting
870 2198 33 75 in
932 2198 64 75 this
1018 2198 101 75 plant.
1168 2198 67 75 But

203 2245 55 75 the
273 2245 151 75 common
440 2245 176 75 receptacle
633 2245 40 75 of
692 2245 55 75 the
763 2245 101 75 feeds,
891 2245 105 75 which
1024 2245 138 75 fuppiiea
1182 2245 55 75 the

203 2291 89 75 place
313 2291 39 75 of
365 2291 17 75 a
399 2291 221 75 pericarpium,
645 2291 26 75 is
689 2291 19 75 a
723 2291 147 75 roundi/h
887 2291 70 75 oval
975 2291 107 75 berry,
1107 2291 85 75 plain
1205 2291 31 75 at

204 2340 55 75 the
286 2340 83 75 bafe,
406 2340 110 75 pretty,
540 2340 100 75 large*
666 2340 75 75 foft,
766 2340 110 75 pulpy,
901 2340 175 75 coloured,,
1092 2340 62 75 and
1181 2340 55 75 de-

206 2385 144 75 ciduous,
376 2385 23 75 /.
420 2385 28 75 e.
473 2385 74 75 falls
565 2385 50 75 off
628 2385 108 75 before
754 2385 54 75 the
825 2385 88 75 feeds
930 2385 39 75 be
986 2385 79 75 ripe.

250 2430 77 75 The
345 2430 119 75 Seeds
485 2430 54 75 are
567 2430 103 75 fmall,
696 2430 143 75 pointed,
865 2430 78 75 very
970 2430 181 75 numerous,
1177 2430 64 75 and

207 2478 158 75 difperfed
381 2478 141 75 through
538 2478 53 75 the
614 2478 174 75 fuperficial
805 2478 70 75 part
892 2478 40 75 of
943 2478 55 75 the
1018 2478 187 75 receptacle.

206 2589 426 75 DIBYNAMIA
674 2589 38 75 A
725 2589 37 75 N
777 2589 68 75 GI
859 2589 37 75 O
908 2589 24 75 S
946 2589 33 75 P
991 2589 85 75 ER
1088 2589 86 75 MI
1186 2589 53 75 A.

432 2668 242 75 Digitalis,
700 2668 37 75 or
762 2668 247 75 Fox-glove.

254 2752 76 75 The
354 2752 127 75 Calix
497 2752 27 75 is
542 2752 17 75 a
575 2752 224 75 perianthium,
825 2752 129 75 divided
967 2752 72 75 into
1063 2752 74 75 four
1159 2752 80 75 deep

207 2799 54 75 cut
278 2799 168 75 fegments,
471 2799 104 75 which
593 2799 53 75 are
662 2799 160 75 roundi/h,
847 2799 90 75 /harp
954 2799 32 75 at
1002 2799 56 75 the
1074 2799 69 75 top,
1168 2799 70 75 per-

207 2845 114 75 fiftent,
348 2845 62 75 and
425 2845 55 75 the
496 2845 123 75 higheft
642 2845 59 75 one
726 2845 27 75 is
776 2845 161 75 narrower
953 2845 76 75 than
1046 2845 56 75 the
1119 2845 72 75 reft.

256 2892 76 75 The
349 2892 185 75 Corolla
556 2892 123 75 confifts
697 2892 40 75 of
760 2892 59 75 one
835 2892 195 75 bellfthaped
1048 2892 106 75 petal;
1183 2892 56 75 the

208 2939 137 75 tabus"is
362 2939 100 75 large,
488 2939 94 75 open,
608 2939 175 75 ventricofe
801 2939 36 75 or
854 2939 115 75 bellied
999 2939 35 75 at.
1056 2939 55 75 the
1141 2939 96 75 back-

205 2986 64 75 fide
284 2986 10 75 ;
322 2986 55 75 the
393 2986 72 75 bafe
482 2986 27 75 is
527 2986 185 75 cylindrical
731 2986 60 75 and
808 2986 144 75 narrow:
978 2986 77 75 The
1077 2986 115 75 limbus
1210 2986 27 75 is

205 3033 102 75 fmall,
333 3033 63 75 and
411 3033 129 75 divided
557 3033 68 75 into
641 3033 74 75 four
735 3033 174 75 fegments;
937 3033 55 75 the
1010 3033 139 75 fuperior
1169 3033 67 75 feg-

205 3082 88 75 aiebt
309 3082 26 75 is
352 3082 89 75 more
458 3082 79 75 open
555 3082 63 75 and
634 3082 88 75 more
739 3082 216 75 emarginated
972 3082 76 75 than
1066 3082 55 75 the
1138 3082 73 75 reft,

1313 201 365 75 ANY.

1334 268 77 75 The
1429 268 180 75 Stamina
1629 268 53 75 are
1695 268 85 75 four,
1806 268 166 75 fubulated
1986 268 92 75 (44),
2102 268 139 75 inferted
2252 268 68 75 into

1287 314 55 75 the
1355 314 71 75 bafe
1439 314 40 75 of
1490 314 57 75 the
1559 314 133 75 corolla,
1708 314 62 75 and
1786 314 137 75 inclined
1934 314 35 75 to
1981 314 55 75 the
2048 314 83 75 fame
2143 314 61 75 fide
2216 314 10 75 ;
2254 314 66 75 two

1274 358 53 75 ^of
1338 358 87 75 them
1444 358 54 75 are
1513 358 112 75 longer
1634 358 81 75 than
1733 358 160 75 theothef
1909 358 87 75 two:
2021 358 77 75 The
2115 358 137 75 anthers
2266 358 54 75 are

1286 408 131 75 divided
1433 408 68 75 into
1518 408 67 75 two
1602 408 99 75 parts,
1728 408 61 75 and
1805 408 131 75 pointed
1952 408 32 75 at
1996 408 54 75 the
2067 408 70 75 top.

1333 456 8 75 '
1341 456 68 75 The
1430 456 222 75 Pistillum
1667 456 124 75 cohfifts
1804 456 40 75 of
1854 456 18 75 a
1884 456 128 75 germen
2029 456 90 75 /harp
2131 456 33 75 at
2180 456 56 75 the
2248 456 70 75 top,

1287 499 17 75 a
1332 499 107 75 fimple
1466 499 97 75 ftylus
1591 499 112 75 fituate
1729 499 65 75 like
1822 499 55 75 the
1905 499 140 75 ftamina,
2071 499 62 75 and
2163 499 38 75 an
2227 499 92 75 acute

1286 549 124 75 ftigma.

1333 596 75 75 The
1424 596 274 75 Pericarpium
1717 596 56 75 has
1798 596 38 75 an
1854 596 71 75 oval
1949 596 136 75 capfule,
2112 596 40 75 of
2164 596 55 75 the
2236 596 81 75 fame

1285 642 111 75 length
1413 642 76 75 with
1507 642 56 75 the
1576 642 97 75 calix,
1699 642 90 75 /harp
1806 642 33 75 at
1855 642 141 75 the-top,
2013 642 119 75 having
2148 642 66 75 two
2226 642 90 75 cells,

1285 688 62 75 and
1364 688 65 75 two
1440 688 108 75 valves
1565 688 106 75 which
1688 688 85 75 burft
1791 688 80 75 open
1889 688 32 75 at
1937 688 79 75 both
2034 688 93 75 fides.

1332 736 75 75 The
1425 736 117 75 Seeds
1560 736 53 75 are
1629 736 95 75 many
1736 736 62 75 and
1814 736 103 75 fmall.

1287 846 591 75 TETR.ADYNAMIA
1921 846 393 75 SILIQJJOSA.

1571 938 176 75 Sinapis,
1772 938 38 75 or
1834 938 214 75 Mustard.

1331 1017 76 75 The
1420 1017 129 75 Calix
1569 1017 25 75 is
1605 1017 17 75 a
1638 1017 211 75 perianthium
1865 1017 164 75 confifting
2041 1017 39 75 of
2092 1017 73 75 four
2181 1017 81 75 open
2275 1017 39 75 or

1284 1064 166 75 fpreading
1461 1064 105 75 leaves
1578 1064 8 75 ;
1607 1064 56 75 the
1678 1064 105 75 leaves
1796 1064 54 75 are
1859 1064 100 75 linear
1973 1064 93 75 (43),
2085 1064 148 75 concave,
2247 1064 67 75 fur-

1284 1111 122 75 rowed,
1430 1111 190 75 difpofedin
1637 1111 54 75 the
1709 1111 83 75 form
1804 1111 41 75 of
1856 1111 18 75 a
1890 1111 98 75 crofs,
2014 1111 62 75 and
2093 1111 184 75 deciduous.

1332 1159 77 75 The
1422 1159 192 75 Corolla
1633 1159 123 75 confifts
1769 1159 40 75 of
1820 1159 74 75 four
1910 1159 171 75 cruciform
2098 1159 123 75 petals:
2239 1159 76 75 The

1284 1205 102 75 petals
1415 1205 54 75 are
1495 1205 161 75 roundi/h,
1691 1205 97 75 plain,
1814 1205 94 75 open,
1934 1205 102 75 entire
2063 1205 37 75 or
2128 1205 57 75 not
2212 1205 101 75 emar-

1283 1251 141 75 ginated,
1450 1251 78 75 with
1545 1251 85 75 ereift
1644 1251 101 75 linear
1761 1251 120 75 ungues
1893 1251 78 75 (13)
1989 1251 142 75 fcarcely
2145 1251 35 75 fo
2191 1251 76 75 long
2281 1251 33 75 as

1284 1298 56 75 the
1356 1298 98 75 calix.

1331 1343 76 75 The
1423 1343 210 75 Nectaria
1654 1343 73 75 (14,
1747 1343 96 75 <bc.),
1861 1343 215 75 orglanduhe
2095 1343 216 75 neflariferx,

1282 1391 51 75 are
1346 1391 86 75 four,
1449 1391 40 75 of
1500 1391 38 75 an
1551 1391 70 75 oval
1640 1391 109 75 figure,
1768 1391 63 75 one
1841 1391 40 75 of
1893 1391 104 75 which
2015 1391 26 75 is
2054 1391 109 75 fituate
2176 1391 40 75 on
2233 1391 78 75 each

1283 1438 63 75 fide
1357 1438 137 75 betwixt
1505 1438 57 75 the
1577 1438 86 75 Zhort
1676 1438 130 75 ftamina
1823 1438 62 75 and
1900 1438 111 75 ftylus,
2029 1438 61 75 and
2103 1438 138 75 likewife
2254 1438 60 75 one

1282 1485 41 75 on
1341 1485 76 75 each
1434 1485 63 75 fide
1515 1485 140 75 between
1673 1485 54 75 the
1743 1485 77 75 long
1836 1485 127 75 ftamina
1981 1485 63 75 and
2055 1485 55 75 the
2127 1485 98 75 calix.

1330 1532 76 75 The
1425 1532 180 75 Stamina
1615 1532 80 75 have
1713 1532 45 75 fix
1771 1532 177 75 fubulated,
1966 1532 84 75 ereft
2061 1532 169 75 filaments,
2248 1532 66 75 two

1284 1579 38 75 of
1335 1579 105 75 which
1458 1579 53 75 are
1527 1579 39 75 of
1586 1579 55 75 the
1658 1579 83 75 fame
1757 1579 112 75 length
1886 1579 78 75 with
1990 1579 55 75 the
2061 1579 97 75 calix,
2182 1579 63 75 and
2268 1579 45 75 al-

1283 1625 86 75 ways
1387 1625 139 75 oppofite
1543 1625 35 75 to
1595 1625 76 75 each
1689 1625 106 75 other,
1820 1625 62 75 and
1899 1625 55 75 the
1970 1625 93 75 other
2079 1625 74 75 four
2176 1625 52 75 are
2244 1625 70 75 uni-

1284 1672 118 75 formly
1426 1672 132 75 longer:
1595 1672 77 75 The
1695 1672 118 75 anther
1815 1672 25 75 a
1867 1672 54 75 are
1947 1672 97 75 ereft,
2077 1672 63 75 and
2164 1672 89 75 /harp
2281 1672 33 75 at

1284 1718 53 75 the
1354 1718 69 75 top.

1329 1765 76 75 The
1422 1765 222 75 Pistillum
1663 1765 57 75 has
1738 1765 18 75 a
1767 1765 186 75 cylindrical
1969 1765 150 75 germen;
2146 1765 55 75 the
2217 1765 96 75 ftylus

1282 1813 28 75 is
1327 1813 40 75 of
1389 1813 56 75 the
1461 1813 83 75 fame
1571 1813 111 75 length
1710 1813 78 75 with
1805 1813 57 75 the
1890 1813 142 75 germen,
2057 1813 62 75 and
2147 1813 56 75 the
2231 1813 83 75 fame

1283 1859 111 75 height
1407 1859 75 75 with
1501 1859 55 75 the
1574 1859 148 75 ftamina;
1741 1859 56 75 the
1814 1859 111 75 ftigma
1936 1859 26 75 is
1975 1859 114 75 entire,
2107 1859 77 75 with
2201 1859 19 75 a
2230 1859 86 75 little

1283 1905 86 75 knob
1385 1905 37 75 or
1439 1905 127 75 button.

1330 1952 76 75 The
1423 1952 276 75 Pericarpium
1718 1952 26 75 is
1773 1952 39 75 an
1833 1952 132 75 oblong,
1990 1952 164 75 fcabrous,
2178 1952 135 75 double-

1285 1998 114 75 celled,
1423 1998 197 75 two-valved
1636 1998 80 75 pod,
1738 1998 149 75 gibbous,
1913 1998 60 75 and
1992 1998 59 75 full
2075 1998 41 75 of
2126 1998 85 75 little
2239 1998 74 75 pro-

1284 2044 187 75 tuberances
1487 2044 41 75 on
1541 2044 56 75 the
1616 2044 102 75 under
1734 2044 87 75 parts
1835 2044 8 75 :
1871 2044 77 75 The
1964 2044 249 75 di/Tepimentum
2233 2044 80 75 (29)

1285 2092 26 75 is
1328 2092 100 75 large,
1454 2092 207 75 comprefled,
1687 2092 63 75 and
1772 2092 90 75 often
1878 2092 94 75 twice
1988 2092 56 75 the
2070 2092 113 75 length
2200 2092 39 75 of
2258 2092 56 75 the

1283 2139 120 75 valves.

1331 2187 77 75 The
1427 2187 122 75 Seeds
1569 2187 54 75 are
1639 2187 97 75 many
1751 2187 62 75 and
1829 2187 116 75 round.

1336 2292 476 75 MONODELPHIA
1851 2292 414 75 PGLYANDRIA.

1475 2386 161 75 Malva,
1661 2386 38 75 or
1716 2386 172 75 Common
1915 2386 193 75 Mallow.

1333 2468 76 75 The
1427 2468 128 75 Calix
1581 2468 26 75 is
1624 2468 18 75 a
1659 2468 117 75 double
1803 2468 210 75 perianthium
2027 2468 8 75 :
2081 2468 76 75 The
2174 2468 142 75 exterior

1286 2515 59 75 one
1363 2515 124 75 confifts
1504 2515 40 75 of
1555 2515 89 75 three
1661 2515 210 75 lanceolated,
1889 2515 99 75 loofe,
2007 2515 160 75 perfiftent
2182 2515 104 75 leaves

1287 2563 56 75 the
1358 2563 134 75 interior
1510 2563 56 75 has
1584 2563 57 75 but
1654 2563 60 75 one
1729 2563 101 75 large,
1856 2563 114 75 broad,
1994 2563 160 75 perfiftent
2171 2563 76 75 leaf,
2266 2563 49 75 di-

1288 2607 94 75 vided
1399 2607 68 75 into
1483 2607 60 75 five
1560 2607 169 75 fegments.

1332 2652 278 75 TheCoROLLA
1624 2652 55 75 has
1692 2652 60 75 five
1765 2652 84 75 plain
1862 2652 118 75 leaves,
1999 2652 109 75 united
2122 2652 32 75 at
2164 2652 54 75 the
2229 2652 85 75 bafe,

1287 2699 233 75 heart-lhaped,
1546 2699 61 75 and
1624 2699 158 75 premorfe
1796 2699 93 75 (54).

1333 2747 76 75 The
1426 2747 181 75 Stamina
1624 2747 110 75 confift
1750 2747 39 75 of
1816 2747 169 75 numerous
2010 2747 169 75 filaments,
2204 2747 113 75 united

1286 2792 70 75 into
1372 2792 18 75 a
1406 2792 186 75 cylindrical
1607 2792 83 75 form
1707 2792 116 75 below,
1849 2792 85 75 loofe
1957 2792 112 75 above,
2094 2792 62 75 and
2179 2792 138 75 inferted

1286 2842 69 75 into
1371 2842 54 75 the
1442 2842 141 75 corolla:
1609 2842 77 75 The
1699 2842 138 75 anthers
1854 2842 52 75 are
1923 2842 260 75 kidney-ffiaped.

1332 2888 76 75 The
1425 2888 225 75 Pistxllum
1675 2888 57 75 has
1760 2888 39 75 an
1816 2888 159 75 orbicular
1999 2888 141 75 germen,
2175 2888 18 75 a
2216 2888 100 75 cylin-

1286 2936 111 75 drical,
1413 2936 85 75 ftiort
1514 2936 108 75 ftylus,
1648 2936 63 75 and
1726 2936 93 75 many
1830 2936 111 75 briftly
1954 2936 146 75 ftigmata
2116 2936 39 75 of
2166 2936 39 75 an
2222 2936 95 75 equal

1285 2982 109 75 length
1413 2982 77 75 with
1508 2982 55 75 the
1579 2982 111 75 ftylus.

1331 3025 77 75 The
1419 3025 275 75 Pericarpium
1714 3025 124 75 confifts
1856 3025 39 75 of
1906 3025 120 75 feveral
2036 3025 123 75 diftimft
2172 3025 140 75 capfules

1281 3075 112 75 joined
1408 3075 45 75 by
1477 3075 39 75 an
1541 3075 218 75 articulation,
1783 3075 189 75 refembling
1989 3075 19 75 a
2023 3075 167 75 deprefied
2206 3075 107 75 globe,
2255 3115 65 75 and
