2493 3387
180 157 23 75 5
211 157 50 75 62

751 157 496 75 ASTRO

182 230 62 75 and
262 230 55 75 the
334 230 126 75 perigee
471 230 31 75 in
516 230 54 75 the
583 230 58 75 9th
653 230 117 75 degree
782 230 40 75 of
829 230 191 75 Capricorn,
1038 230 63 75 and
1111 230 108 75 there-

187 277 70 75 fore
274 277 55 75 the
347 277 54 75 fun
419 277 63 75 and
498 277 110 75 clocks
625 277 115 75 cannot
756 277 39 75 be
812 277 94 75 equal
924 277 98 75 about
1041 277 55 75 the
1108 277 112 75 begin-

187 322 77 75 ning
281 322 41 75 of
333 322 87 75 thefe
443 322 94 75 figns,
562 322 61 75 nor
646 322 33 75 at
696 322 61 75 any
774 322 76 75 time
867 322 39 75 of
920 322 55 75 the
993 322 87 75 year,
1106 322 116 75 except

187 369 93 75 when
297 369 55 75 the
369 369 153 75 fwiftnefs
539 369 38 75 or
593 369 145 75 flownefs
755 369 42 75 of
807 369 151 75 equation
975 369 151 75 refulting
1137 369 86 75 from

188 416 60 75 One
264 416 90 75 caufe
365 416 66 75 juft
446 416 148 75 balances
610 416 57 75 the
693 416 145 75 flownefs
866 416 37 75 or
927 416 154 75 fwiftnefs
1110 416 112 75 arilmg

187 463 87 75 from
298 463 56 75 the
370 463 109 75 other.

188 599 199 75 Chap.
436 599 89 75 XII.
605 599 66 75 Of
704 599 68 75 the
818 599 210 75 PreceJJion
1076 599 47 75 of
1156 599 67 75 the

595 654 228 75 Equinoxes.

239 750 43 75 It
301 750 25 75 is
344 750 18 75 a
376 750 117 75 known
506 750 78 75 fa<ft,
610 750 71 75 that
705 750 91 75 there
824 750 27 75 is
879 750 19 75 a
925 750 125 75 greater
1078 750 149 75 quantity

192 798 40 75 of
244 798 115 75 matter
375 798 220 75 accumulated
607 798 53 75 -all
678 798 104 75 round
804 798 56 75 the
876 798 185 75 equatoreal
1088 798 88 75 parts
1193 798 40 75 of

191 844 56 75 the
264 844 91 75 earth
371 844 77 75 than
466 844 62 75 any
544 844 106 75 where
667 844 74 75 elfe.

239 890 76 75 The
331 890 55 75 fun
404 890 61 75 and
484 890 108 75 moon,
618 890 43 75 by
676 890 171 75 attracting
870 890 65 75 this
960 890 205 75 redundancy
1191 890 42 75 of

192 936 130 75 matter,
347 936 93 75 bring
456 936 56 75 the
536 936 136 75 equator
688 936 111 75 fooner
824 936 101 75 under
953 936 87 75 them
1069 936 32 75 in
1130 936 96 75 every

193 983 109 75 return
318 983 140 75 towards
474 983 39 75 it,
538 983 77 75 than
639 983 32 75 if
688 983 90 75 there
806 983 64 75 was
889 983 41 75 no
953 983 76 75 fuch
1046 983 180 75 accumula-

193 1029 82 75 tion.
338 1029 196 75 Therefore,
559 1029 31 75 if
601 1029 55 75 the
672 1029 56 75 fun
746 1029 62 75 fets
826 1029 69 75 out,
921 1029 33 75 as
972 1029 84 75 from
1073 1029 62 75 any
1151 1029 74 75 ftar,

193 1076 38 75 or
251 1076 92 75 other
361 1076 87 75 fixed
471 1076 91 75 point
588 1076 34 75 in
650 1076 55 75 the
732 1076 150 75 heavens,
907 1076 56 75 the
978 1076 143 75 moment
1136 1076 93 75 when

192 1123 42 75 he
250 1123 27 75 is
289 1123 168 75 departing
468 1123 84 75 from
565 1123 54 75 the
632 1123 189 75 equinoctial
839 1123 37 75 or
893 1123 84 75 from
992 1123 104 75 either
1111 1123 120 75 tropic,

192 1169 43 75 he
252 1169 64 75 will
334 1169 90 75 come
452 1169 34 75 to
511 1169 58 75 the
597 1169 83 75 fame
707 1169 145 75 equinox
876 1169 37 75 or
940 1169 104 75 tropic
1068 1169 91 75 again
1184 1169 44 75 20

193 1215 79 75 min.
298 1215 63 75 174
376 1215 62 75 fee.
464 1215 41 75 of
515 1215 89 75 time,
630 1215 37 75 or
695 1215 43 75 50
754 1215 131 75 feconds
912 1215 41 75 of
975 1215 19 75 a
1020 1215 128 75 degree,
1173 1215 55 75 be-

192 1262 72 75 fore
292 1262 40 75 he
365 1262 172 75 completes
569 1262 49 75 his
647 1262 123 75 courfe,
799 1262 34 75 fo
857 1262 32 75 as
918 1262 35 75 to
980 1262 103 75 arrive
1108 1262 32 75 at
1172 1262 55 75 the

192 1308 86 75 fame
295 1308 86 75 fixed
398 1308 60 75 ftar
475 1308 37 75 or
529 1308 88 75 point
634 1308 84 75 from
746 1308 129 75 whence
891 1308 41 75 he
949 1308 45 75 fet
1021 1308 69 75 out.
1148 1308 78 75 For,

194 1354 56 75 tire
275 1354 190 75 equinoctial
491 1354 106 75 points
630 1354 113 75 recede
775 1354 43 75 50
845 1354 132 75 feconds
1002 1354 40 75 of
1064 1354 19 75 a
1110 1354 118 75 degree

193 1402 165 75 •weftward
374 1402 98 75 every
487 1402 87 75 year,
599 1402 151 75 contrary
774 1402 34 75 to
832 1402 56 75 the
912 1402 84 75 fun’s
1022 1402 113 75 annual
1153 1402 74 75 pro-

196 1448 126 75 greflive
338 1448 135 75 motion.

243 1494 110 75 When
369 1494 56 75 the
441 1494 56 75 fun
514 1494 118 75 arrives
649 1494 33 75 at
697 1494 56 75 the
768 1494 83 75 fame
867 1494 190 75 equinoctial
1075 1494 37 75 or
1127 1494 100 75 folfti-

196 1540 29 75 ti'
225 1540 28 75 al
271 1540 100 75 point,
396 1540 40 75 he
460 1540 123 75 finilhes
606 1540 85 75 what
719 1540 48 75 we
794 1540 62 75 call
880 1540 56 75 the
958 1540 143 75 tropical
1117 1540 84 75 year
1214 1540 11 75 ;

196 1586 118 75 which,
345 1586 43 75 by
415 1586 211 75 obfervation,
650 1586 27 75 is
705 1586 101 75 found
834 1586 34 75 to
895 1586 127 75 contain
1054 1586 63 75 365
1147 1586 80 75 days

199 1633 16 75 5
246 1633 98 75 hours
371 1633 42 75 48
439 1633 136 75 minutes
606 1633 41 75 57
676 1633 131 75 feconds
822 1633 9 75 :
873 1633 90 75 And,
990 1633 92 75 when
1109 1633 41 75 he
1178 1633 50 75 ar-

195 1680 83 75 rives
296 1680 31 75 at
343 1680 55 75 the
414 1680 83 75 fame
513 1680 88 75 fixed
616 1680 62 75 ftar
689 1680 104 75 again,
818 1680 33 75 as
868 1680 70 75 feen
951 1680 85 75 from
1053 1680 54 75 the
1123 1680 104 75 earth,

195 1726 42 75 he
254 1726 172 75 completes
443 1726 54 75 the
507 1726 251 75 fyderealyear,
783 1726 104 75 which
905 1726 144 75 contains
1068 1726 64 75 365
1147 1726 80 75 days

198 1774 21 75 6
236 1774 99 75 hours
353 1774 21 75 9
390 1774 135 75 minutes
559 1774 66 75 144
650 1774 144 75 feconds.
852 1774 78 75 The
946 1774 143 75 fydereal
1106 1774 75 75 year
1198 1774 27 75 is

197 1819 162 75 therefore
388 1819 44 75 20
455 1819 136 75 minutes
619 1819 66 75 174
700 1819 131 75 feconds
847 1819 112 75 longer
975 1819 76 75 than
1069 1819 55 75 the
1140 1819 84 75 folar

197 1864 37 75 or
257 1864 134 75 tropical
414 1864 98 75 year;
549 1864 61 75 and
639 1864 21 75 9
688 1864 136 75 minutes
857 1864 64 75 144
951 1864 131 75 feconds
1113 1864 112 75 longer

197 1912 76 75 th.an
290 1912 55 75 the
360 1912 108 75 Julian
485 1912 36 75 or
539 1912 73 75 civil
627 1912 88 75 year,
740 1912 105 75 which
861 1912 142 75 we-ftate
1013 1912 8 75 '
1021 1912 31 75 at
1066 1912 65 75 365
1145 1912 80 75 days

1326 155 43 75 N
1448 155 40 75 O
1567 155 49 75 M
1693 155 55 75 Y.

1269 227 21 75 6
1306 227 120 75 hours:
1454 227 46 75 So
1527 227 73 75 that
1623 227 57 75 the
1709 227 74 75 civil
1810 227 78 75 year
1917 227 27 75 is
1962 227 111 75 almoft
2097 227 19 75 a
2139 227 92 75 mean
2246 227 57 75 be-

1269 272 97 75 twixt
1393 272 56 75 the
1473 272 144 75 fydereal
1634 272 63 75 and
1712 272 146 75 tropical.

1318 318 48 75 As
1390 318 56 75 the
1466 318 57 75 fun
1539 318 158 75 deferibes
1713 318 56 75 the
1791 318 105 75 whole
1919 318 142 75 ecliptic,
2087 318 38 75 or
2154 318 69 75 360
2249 318 56 75 de-

1270 365 105 75 grees,
1399 365 35 75 in
1463 365 19 75 a
1509 365 135 75 tropical
1670 365 90 75 year,
1785 365 41 75 he
1853 365 108 75 moves
1993 365 43 75 59
2053 365 137 75 minutes
2221 365 21 75 8
2259 365 49 75 fe-

1271 413 98 75 conds
1386 413 41 75 of
1438 413 17 75 a
1472 413 116 75 degree
1611 413 99 75 -.very
1733 413 63 75 day
1812 413 33 75 at
1861 413 19 75 a
1895 413 91 75 mean
2013 413 68 75 rate
2095 413 11 75 ;
2140 413 64 75 and
2231 413 76 75 con-

1267 458 169 75 fequently
1455 458 43 75 50
1519 458 132 75 feconds
1667 458 40 75 of
1724 458 19 75 a
1764 458 116 75 degree
1895 458 33 75 in
1947 458 44 75 20
2020 458 136 75 minutes
2180 458 64 75 174
2260 458 48 75 fe-

1270 506 98 75 conds
1385 506 41 75 of
1437 506 76 75 time
1529 506 8 75 :
1563 506 197 75 Therefore,
1784 506 41 75 he
1846 506 66 75 will
1933 506 103 75 arrive
2052 506 33 75 at
2101 506 56 75 the
2174 506 83 75 fame
2274 506 34 75 e-

1271 552 123 75 quinox
1411 552 37 75 or
1464 552 122 75 folftice
1612 552 95 75 when
1735 552 41 75 he
1803 552 27 75 is
1860 552 44 75 50
1927 552 131 75 feconds
2084 552 41 75 of
2147 552 19 75 a
2191 552 122 75 degree

1270 598 85 75 fliort
1373 598 39 75 of
1424 598 54 75 the
1494 598 84 75 fame
1600 598 61 75 ftar
1677 598 38 75 or
1730 598 90 75 fixed
1835 598 90 75 point
1948 598 33 75 in
1997 598 55 75 the
2068 598 137 75 heavens
2222 598 86 75 from

1275 646 106 75 which
1397 646 42 75 he
1455 646 47 75 fet
1518 646 58 75 out
1591 646 34 75 in
1642 646 54 75 the
1713 646 77 75 year
1805 646 123 75 before.
1979 646 46 75 So
2041 646 83 75 that,
2151 646 78 75 with
2257 646 51 75 re-

1275 694 83 75 fpedt
1375 694 34 75 to
1425 694 56 75 the
1481 726 9 49 v
1504 694 89 75 fixed
1616 694 90 75 ftars,
1731 694 56 75 the
1810 694 57 75 fun
1893 694 64 75 and
1983 694 192 75 equinoftial
2202 694 107 75 points

1275 737 57 75 fall
1348 737 82 75 back
1449 737 50 75 (as
1514 737 28 75 it
1557 737 101 75 were)
1685 737 45 75 30
1746 737 130 75 degrees
1894 737 33 75 in
1945 737 92 75 2160
2058 737 114 75 years;
2202 737 106 75 which

1276 784 65 75 will
1373 784 93 75 make
1497 784 57 75 the
1580 784 78 75 ftars
1682 784 115 75 appear
1821 784 36 75 to
1884 784 81 75 have
1993 784 82 75 gone
2104 784 44 75 30
2175 784 134 75 degrees

1275 832 153 75 forward,
1451 832 79 75 with
1548 832 119 75 refpeft
1692 832 37 75 to
1745 832 55 75 the
1817 832 81 75 figns
1915 832 41 75 of
1972 832 56 75 the
2044 832 127 75 ecliptic
2187 832 32 75 in
2236 832 74 75 that

1276 879 76 75 time
1367 879 9 75 :
1404 879 65 75 For
1486 879 56 75 the
1558 879 83 75 fame
1661 879 81 75 figns
1760 879 119 75 always
1895 879 81 75 keep
1991 879 32 75 in
2036 879 55 75 the
2103 879 83 75 fame
2202 879 106 75 points

1275 926 40 75 of
1334 926 54 75 the
1404 926 147 75 ecliptic,"
1569 926 137 75 without
1722 926 115 75 regard
1857 926 34 75 to
1908 926 55 75 the
1981 926 247 75 conftellations.

1322 972 56 75 To
1393 972 128 75 explain
1538 972 63 75 this
1618 972 44 75 by
1679 972 18 75 a
1717 972 111 75 figure,
1849 972 108 75 (Plate
1968 972 135 75 XLIII.
2121 972 56 75 fig.
2196 972 47 75 1.)
2262 972 47 75 let

1275 1019 55 75 the
1350 1019 56 75 fun
1423 1019 39 75 be
1477 1019 33 75 in
1527 1019 202 75 conjunction
1745 1019 80 75 with
1840 1019 18 75 a
1873 1019 88 75 fixed
1984 1019 60 75 ftar
2061 1019 33 75 at
2114 1019 37 75 5,
2177 1019 132 75 fuppofe

1276 1064 31 75 in
1318 1064 55 75 the
1385 1064 81 75 30th
1482 1064 115 75 degree
1614 1064 40 75 of
1668 1064 32 75 ^
1721 1064 41 75 on
1771 1064 56 75 the
1841 1064 69 75 21ft
1921 1064 40 75 of
1970 1064 83 75 May
2067 1064 104 75 1756.
2195 1064 112 75 Then,

1277 1112 128 75 making
1419 1112 92 75 2160
1522 1112 195 75 revolutions
1729 1112 140 75 through
1879 1112 192 75 theecliptic
2080 1112 111 75 VIVX,
2210 1112 32 75 at
2253 1112 56 75 the

1277 1159 62 75 end
1346 1159 44 75 of
1399 1159 35 75 fo
1450 1159 94 75 many
1556 1159 141 75 fydereal
1716 1159 105 75 years,
1845 1159 41 75 he
1905 1159 66 75 will
1988 1159 38 75 be
2047 1159 102 75 found
2165 1159 90 75 again
2273 1159 34 75 at

1276 1203 47 75 S:
1359 1203 67 75 But
1442 1203 33 75 at
1491 1203 56 75 the
1564 1203 62 75 end
1642 1203 41 75 of
1704 1203 34 75 fo
1760 1203 95 75 many
1873 1203 107 75 Julian
1998 1203 104 75 years,
2128 1203 41 75 he
2185 1203 66 75 will
2269 1203 40 75 be

1277 1251 99 75 found
1393 1251 33 75 at
1443 1251 57 75 M,
1525 1251 86 75 ihort
1628 1251 40 75 of
1686 1251 48 75 S;
1773 1251 62 75 and
1852 1251 32 75 at
1912 1251 55 75 the
1995 1251 63 75 end
2090 1251 41 75 of
2150 1251 33 75 fo
2211 1251 98 75 many

1275 1298 135 75 tropical
1428 1298 103 75 years,
1554 1298 43 75 he
1615 1298 65 75 will
1697 1298 39 75 be
1753 1298 100 75 found
1869 1298 86 75 Ihort
1971 1298 40 75 of
2024 1298 46 75 M
2095 1298 32 75 in
2151 1298 55 75 the
2225 1298 83 75 30th

1276 1343 132 75 degrees
1424 1343 40 75 of
1475 1343 131 75 Taurus
1623 1343 32 75 at
1674 1343 40 75 T,
1740 1343 108 75 which
1875 1343 57 75 has
1961 1343 134 75 receded
2123 1343 82 75 back
2220 1343 86 75 from

1276 1390 26 75 $
1319 1390 34 75 to
1371 1390 34 75 T
1416 1390 32 75 in
1464 1390 72 75 that
1552 1390 89 75 time,
1665 1390 44 75 by
1726 1390 54 75 the
1797 1390 168 75 preceflion
1993 1390 40 75 of
2044 1390 55 75 the
2116 1390 191 75 equinoctial

1276 1438 105 75 points
1406 1438 25 75 V
1431 1420 9 49 5
1459 1438 95 75 Aries
1570 1438 62 75 and
1646 1438 47 75 dX
1704 1438 114 75 Libra.
1850 1438 77 75 The
1941 1438 53 75 arc
2007 1438 61 75 ST
2078 1438 67 75 will
2157 1438 39 75 be
2212 1438 96 75 equal

1276 1483 35 75 to
1327 1483 55 75 the
1399 1483 130 75 amount
1545 1483 40 75 of
1595 1483 56 75 the
1670 1483 167 75 preceflion
1865 1483 36 75 of
1918 1483 56 75 the
1998 1483 143 75 equinox
2165 1483 31 75 in
2216 1483 90 75 2160

1275 1531 104 75 years,
1405 1531 33 75 at
1454 1531 56 75 the
1527 1531 67 75 rate
1611 1531 42 75 of
1668 1531 42 75 jo
1725 1531 131 75 feconds
1877 1531 40 75 of
1936 1531 18 75 a
1969 1531 129 75 degree,
2124 1531 37 75 or
2179 1531 43 75 20
2247 1531 60 75 mi-

1275 1578 93 75 nutes
1390 1578 63 75 174
1470 1578 132 75 feconds
1618 1578 41 75 of
1669 1578 90 75 time,
1785 1578 149 75 annually
1948 1578 9 75 :
1983 1578 98 75 This,
2106 1578 32 75 in
2158 1578 35 75 fo
2213 1578 96 75 many

1276 1624 104 75 years,
1398 1624 107 75 makes
1527 1624 43 75 30
1587 1624 79 75 days
1683 1624 66 75 104
1760 1624 97 75 hours
1872 1624 10 75 ;
1909 1624 105 75 which
2030 1624 27 75 is
2069 1624 55 75 the
2135 1624 174 75 difference

1276 1671 142 75 between
1437 1671 90 75 2160
1545 1671 142 75 fydereal
1704 1671 62 75 and
1782 1671 134 75 tropical
1934 1671 91 75 years
2040 1671 9 75 :
2087 1671 77 75 And
2180 1671 55 75 the
2253 1671 55 75 arc

1277 1718 81 75 MT
1368 1718 68 75 will
1451 1718 40 75 be
1507 1718 94 75 equal
1619 1718 34 75 to
1678 1718 54 75 the
1749 1718 88 75 fpace
1861 1718 117 75 moved
2004 1718 142 75 through
2172 1718 43 75 by
2247 1718 61 75 the

1275 1764 55 75 fun
1354 1764 33 75 in
1412 1764 93 75 2160
1528 1764 94 75 times
1652 1764 37 75 11
1717 1764 138 75 minutes
1886 1764 17 75 3
1926 1764 145 75 feconds,
2096 1764 37 75 or
2162 1764 40 75 16
2227 1764 80 75 days

1279 1811 37 75 13
1335 1811 98 75 hours
1451 1811 43 75 48
1512 1811 151 75 minutes,
1688 1811 105 75 which
1822 1811 26 75 is
1876 1811 56 75 the
1961 1811 174 75 difference
2163 1811 144 75 between

1274 1859 92 75 2x60
1382 1859 110 75 Julian
1507 1859 62 75 and
1588 1859 135 75 tropical
1745 1859 104 75 years.

2272 1970 37 75 A
