2431 3327
176 163 57 75 44

636 163 39 75 A
755 163 40 75 G
871 163 37 75 R
985 163 17 75 I
1082 163 34 75 C
1195 163 25 75 I

176 225 130 75 Plate
325 225 46 75 V,
421 225 71 75 Fig.
512 225 34 75 2.
618 225 49 75 H,
682 225 78 75 The
776 225 88 75 third
879 225 103 75 year’s
995 225 145 75 growth.

625 270 16 75 I
658 270 15 75 I
691 270 30 75 I,
737 270 78 75 The
831 270 71 75 true
919 270 107 75 wood.

621 318 35 75 K
673 318 46 75 K,
743 318 77 75 The
842 318 92 75 great
949 318 186 75 air-veffels,.

630 363 30 75 L
678 363 45 75 L,
739 363 78 75 The
834 363 90 75 leffer
940 363 90 75 ones.

627 409 40 75 M
684 409 41 75 M
743 409 53 75 M,
824 409 78 75 The
923 409 285 75 parenchymatous

673 455 164 75 infertions
866 455 41 75 of
924 455 55 75 the
1003 455 81 75 bark
1100 455 107 75 repre-

676 502 110 75 fented
802 502 45 75 by
863 502 57 75 the
936 502 99 75 white
1052 502 86 75 rays.

627 549 47 75 N,
693 549 45 75 O,
760 549 78 75 The
855 549 83 75 pith,
963 549 81 75 with
1059 549 42 75 its
1118 549 90 75 blad-

675 596 72 75 ders
765 596 38 75 or
819 596 89 75 cells.

1320 154 34 75 L
1428 154 41 75 T
1547 154 43 75 U
1670 154 36 75 R
1784 154 48 75 E.

1258 223 91 75 perly
1367 223 161 75 fpeaking,
1546 223 54 75 the
1618 223 125 75 flotvers
1766 223 40 75 of
1823 223 64 75 this
1904 223 87 75 year,
2009 223 60 75 but
2088 223 40 75 of
2147 223 54 75 the
2218 223 68 75 laft.

1255 270 66 75 For
1346 270 158 75 example,
1526 270 170 75 mezereon
1727 270 162 75 generally
1912 270 126 75 flowers
2066 270 32 75 in
2119 270 166 75 January;

1255 316 58 75 but
1330 316 87 75 thefe
1443 316 125 75 flowers
1593 316 85 75 were
1703 316 192 75 completely
1906 316 127 75 formed
2049 316 33 75 in
2099 316 55 75 the
2174 316 113 75 month

1256 363 41 75 of
1308 363 124 75 Auguft
1454 363 203 75 preceeding.
1706 363 52 75 Of
1778 363 64 75 this
1866 363 63 75 faft
1946 363 63 75 any
2025 363 60 75 one
2108 363 74 75 may
2198 363 90 75 fatis-

1255 409 36 75 fy
1315 409 132 75 himfelf
1463 409 44 75 by
1523 409 179 75 feparating
1723 409 56 75 the
1796 409 87 75 coats
1905 409 40 75 of
1967 409 19 75 a
2001 409 81 75 tulip
2099 409 73 75 root
2189 409 100 75 about

1257 456 56 75 the
1330 456 171 75 beginning
1517 456 40 75 of
1573 456 211 75 September;
1811 456 62 75 and
1898 456 43 75 he
1965 456 67 75 will
2056 456 67 75 find
2142 456 71 75 that
2232 456 56 75 the

1257 501 67 75 two
1350 501 170 75 innermoft
1551 501 85 75 form
1662 501 19 75 a
1707 501 78 75 kind
1814 501 42 75 of
1877 501 74 75 cell,
1979 501 33 75 in
2035 501 55 75 the
2117 501 109 75 centre
2253 501 42 75 of

1256 548 106 75 which
1379 548 103 75 (lands
1500 548 55 75 the
1577 548 109 75 young
1701 548 122 75 flower,
1847 548 107 75 which
1966 548 28 75 is
2010 548 57 75 not
2083 548 37 75 to
2135 548 93 75 make
2244 548 43 75 its

1258 596 193 75 appearance
1467 596 50 75 till
1534 596 55 75 the
1608 596 168 75 following
1792 596 95 75 April
1904 596 37 75 or
1956 596 95 75 May.

353 706 177 75 Sect.
552 706 71 75 IV.
681 706 67 75 Of
769 706 67 75 the
867 706 161 75 Leaves.

224 783 87 75 The
329 783 105 75 leaves
450 783 41 75 of
501 783 104 75 plants
618 783 110 75 confift
743 783 41 75 of
795 783 55 75 the
867 783 82 75 fame
958 783 161 75 fubftance
1130 783 80 75 with

178 832 71 75 that
270 832 40 75 of
329 832 54 75 the
407 832 109 75 trunk.
564 832 101 75 They
676 832 53 75 are
746 832 61 75 full
824 832 41 75 of
882 832 124 75 nerves,
1039 832 38 75 or
1092 832 119 75 woody

179 878 157 75 po/tions,
354 878 135 75 running
504 878 34 75 in
554 878 43 75 all
614 878 183 75 directions,
816 878 63 75 and
895 878 176 75 branching
1082 878 64 75 «ut
1161 878 49 75 in-

177 925 37 75 to
243 925 217 75 innumerable
484 925 90 75 fmall
594 925 143 75 threads,
756 925 197 75 interwoven
974 925 79 75 with
1069 925 56 75 the
1147 925 63 75 Pa-

180 970 174 75 renchyma
370 970 65 75 like
451 970 62 75 fine
530 970 69 75 lace
615 970 38 75 or
669 970 116 75 gauze.

226 1017 78 75 The
320 1017 67 75 (kin
399 1017 41 75 of
449 1017 56 75 the
521 1017 77 75 leaf,
623 1017 65 75 like
707 1017 71 75 that
794 1017 40 75 of
852 1017 39 75 an
908 1017 129 75 animal,
1058 1017 27 75 is
1103 1017 60 75 full
1176 1017 40 75 of

177 1064 108 75 pores,
310 1064 107 75 which
445 1064 80 75 both
556 1064 88 75 ferve
669 1064 52 75 for
745 1064 218 75 perfpiration,
1003 1064 63 75 and
1085 1064 53 75 for
1155 1064 55 75 the

177 1109 183 75 abforption
382 1109 41 75 of
435 1109 100 75 dews,
560 1109 59 75 air,
650 1109 64 75 fcc.
761 1109 110 75 Thefe
894 1109 106 75 pores,
1017 1109 38 75 or
1071 1109 137 75 orifices,

177 1155 96 75 differ
293 1155 81 75 both
397 1155 33 75 in
455 1155 92 75 (hape
571 1155 63 75 and
656 1155 184 75 magnitude
865 1155 33 75 in
920 1155 150 75 different
1092 1155 116 75 plants,

177 1202 108 75 which
301 1202 26 75 is
344 1202 56 75 the
416 1202 91 75 caufe
519 1202 40 75 of
576 1202 73 75 that
664 1202 123 75 variety
802 1202 40 75 of
853 1202 131 75 texture
994 1202 39 75 or
1047 1202 91 75 grain
1153 1202 56 75 pe-

182 1249 100 75 culiar
306 1249 35 75 to
358 1249 97 75 every
470 1249 102 75 plant.

225 1296 77 75 The
325 1296 99 75 pulpy
441 1296 37 75 or
502 1296 288 75 parenchymatous
807 1296 83 75 part,
919 1296 124 75 corififts
1071 1296 41 75 of
1132 1296 80 75 very

178 1343 121 75 minute
322 1343 107 75 fibres,
458 1343 118 75 wound
601 1343 42 75 up
667 1343 69 75 into
758 1343 90 75 fmall
881 1343 81 75 cells'
980 1343 38 75 or
1046 1343 161 75 bladders.

178 1389 110 75 Thefe
304 1389 77 75 cells
398 1389 53 75 are
468 1389 39 75 of
518 1389 127 75 various
662 1389 78 75 fizes
756 1389 33 75 in
805 1389 56 75 the
877 1389 83 75 fame
982 1389 77 75 leaf.

227 1437 59 75 All
305 1437 119 75 leaves,
448 1437 41 75 of
503 1437 163 75 whatever
681 1437 114 75 figure,
812 1437 81 75 have
910 1437 19 75 a
941 1437 154 75 marginal
1118 1437 91 75 fibre,

179 1482 45 75 by
247 1482 106 75 which
386 1482 43 75 all
461 1482 56 75 the
546 1482 59 75 reft
632 1482 54 75 are
718 1482 162 75 bounded.
928 1482 78 75 The
1038 1482 173 75 particular

180 1529 93 75 (hape
291 1529 40 75 of
343 1529 63 75 this
423 1529 80 75 fibre
519 1529 192 75 determines
727 1529 57 75 the
804 1529 101 75 figure
922 1529 40 75 of
973 1529 56 75 the
1046 1529 77 75 leaf.

226 1575 77 75 The
319 1575 108 75 veffels
446 1575 41 75 of
497 1575 105 75 leaves
619 1575 81 75 have
716 1575 56 75 the
788 1575 194 75 appearance
998 1575 41 75 of
1055 1575 155 75 inofcula-

165 1622 105 75 ,ting;
296 1622 71 75 but,
384 1622 94 75 when
494 1622 170 75 examined
680 1622 45 75 by
744 1622 56 75 the
827 1622 206 75 microfcppe,
1062 1622 79 75 they
1156 1622 54 75 are

180 1668 101 75 found
296 1668 77 75 only
388 1668 36 75 to
444 1668 41 75 be
505 1668 208 75 interwoven,
733 1668 36 75 or
785 1668 66 75 laid
867 1668 95 75 along
978 1668 78 75 each
1068 1668 106 75 other.

226 1714 107 75 What
351 1714 26 75 is
401 1714 104 75 called
529 1714 185 75 air-veffels,
751 1714 39 75 or
810 1714 89 75 thofe
922 1714 106 75 which
1048 1714 93 75 carry
1168 1714 42 75 no

178 1759 67 75 fap,
275 1759 54 75 are
356 1759 106 75 vifible
490 1759 79 75 even
594 1759 35 75 to
656 1759 56 75 the
728 1759 110 75 naked
855 1759 59 75 eye
938 1759 33 75 in
988 1759 86 75 fome
1089 1759 119 75 leaves.

179 1806 113 75 When
323 1806 19 75 a
372 1806 69 75 leaf
463 1806 27 75 is
519 1806 110 75 (lowly
648 1806 112 75 broke,
786 1806 78 75 they
887 1806 116 75 appear
1026 1806 64 75 like
1118 1806 91 75 fmall

181 1853 120 75 woolly
332 1853 107 75 fibres,
472 1853 174 75 connected
672 1853 36 75 to
733 1853 79 75 both
839 1853 78 75 ends
942 1853 40 75 of
1005 1853 55 75 the
1086 1853 123 75 broken

181 1899 101 75 piece.

179 1993 132 75 Plate
330 1993 64 75 VI.
445 1993 71 75 Fig.
539 1993 30 75 1.
618 1993 77 75 The
725 1993 192 75 appearance
940 1993 40 75 of
999 1993 55 75 the
1078 1993 131 75 air-vef-

677 2039 60 75 fels
755 2039 34 75 to
806 2039 56 75 the
878 2039 71 75 eye,
971 2039 31 75 in
1024 2039 19 75 a
1058 2039 73 75 vine
1146 2039 70 75 leaf

680 2085 109 75 drawn
807 2085 109 75 gently
932 2085 145 75 afunder.

452 2132 60 75 Fig
539 2132 34 75 2.
622 2132 34 75 A
672 2132 90 75 fmall
778 2132 87 75 piece
883 2132 54 75 cut
958 2132 52 75 off
1020 2132 70 75 that
1110 2132 75 75 leaf.

454 2179 73 75 Fig.
547 2179 33 75 3.
628 2179 77 75 The
730 2179 83 75 fame
844 2179 89 75 piece
960 2179 182 75 magnified,
1179 2179 33 75 in

679 2224 106 75 which
816 2224 57 75 the
904 2224 110 75 veffels
1045 2224 82 75 have
1158 2224 56 75 the

685 2272 193 75 appearance
899 2272 40 75 of
951 2272 18 75 a
984 2272 110 75 fcrew.

454 2316 73 75 Fig.
547 2316 33 75 4.
628 2316 76 75 The
729 2316 192 75 appearance
937 2316 41 75 of
1000 2316 87 75 thefe
1103 2316 110 75 veffels

683 2363 33 75 as
735 2363 78 75 they
830 2363 81 75 exift
933 2363 32 75 in
988 2363 56 75 the
1067 2363 69 75 leaf
1157 2363 56 75 be-

679 2409 70 75 fore
765 2409 78 75 they
855 2409 53 75 are
920 2409 159 75 ftretched
1090 2409 68 75 out.

382 2518 170 75 Sect.
582 2518 52 75 V.
692 2518 66 75 Of
776 2518 66 75 the
871 2518 159 75 Flower.

229 2596 50 75 It
306 2596 27 75 is
350 2596 139 75 needlefs
506 2596 77 75 here
598 2596 37 75 to
650 2596 142 75 mention
812 2596 63 75 any
890 2596 92 75 thing
1009 2596 40 75 of
1067 2596 57 75 the
1141 2596 73 75 tex-

188 2643 83 75 ture,
296 2643 39 75 or
350 2643 41 75 of
401 2643 56 75 the
472 2643 123 75 veffels,
613 2643 65 75 ire.
703 2643 40 75 of
753 2643 138 75 flowers,
910 2643 33 75 as
959 2643 79 75 they
1054 2643 54 75 are
1129 2643 85 75 pret-

187 2690 38 75 ty
243 2690 113 75 fimilar
373 2690 34 75 to
423 2690 89 75 thofe
528 2690 41 75 of
580 2690 55 75 the
651 2690 76 75 leaf.
776 2690 34 75 It
826 2690 108 75 would
952 2690 65 75 alfo
1034 2690 40 75 be
1090 2690 125 75 foreign

187 2737 36 75 to
239 2737 59 75 our
317 2737 124 75 prefent
458 2737 145 75 purpofe,
621 2737 35 75 to
671 2737 74 75 take
762 2737 61 75 any
834 2737 107 75 notice
961 2737 40 75 of
1013 2737 56 75 the
1084 2737 131 75 charac-

187 2783 65 75 ters
270 2783 63 75 and
348 2783 194 75 diftindtions
563 2783 40 75 of
623 2783 138 75 flowers.
809 2783 110 75 Thefe
948 2783 117 75 belong
1095 2783 37 75 to
1150 2783 65 75 .the

188 2830 120 75 fcience
324 2830 40 75 of
375 2830 179 75 Botany,
579 2830 36 75 to
631 2830 106 75 which
753 2830 56 75 the
828 2830 111 75 reader
954 2830 27 75 is
998 2830 155 75 referred.

235 2875 112 75 There
371 2875 26 75 is
421 2875 61 75 one
500 2875 124 75 curious
652 2875 76 75 fad,
752 2875 162 75 however,
935 2875 106 75 which
1061 2875 80 75 muft
1157 2875 58 75 not

188 2922 41 75 be
241 2922 148 75 omitted,
402 2922 71 75 viz.
496 2922 93 75 That
605 2922 97 75 every
713 2922 108 75 flower
836 2922 27 75 is
880 2922 153 75 perfe&ly
1045 2922 126 75 formed
1181 2922 33 75 in

189 2968 42 75 all
248 2968 41 75 its
306 2968 86 75 parts
409 2968 95 75 many
520 2968 125 75 months
664 2968 110 75 before
798 2968 26 75 it
851 2968 130 75 appears
1007 2968 180 75 outwardly
1201 2968 10 75 ;

188 3015 71 75 that
273 3015 40 75 is,
337 3015 55 75 the
408 3015 125 75 flowers
550 3015 105 75 which
672 3015 114 75 appear
802 3015 64 75 this
883 3015 87 75 year,
987 3015 54 75 are
1057 3015 69 75 not,
1139 3015 72 75 pro-

1257 688 131 75 Plate
1407 688 64 75 VI.
1520 688 122 75 Fig.;.
1691 688 156 75 Exhibits
1865 688 19 75 a
1897 688 81 75 view
1994 688 40 75 of
2045 688 55 75 the
2118 688 171 75 tulip-root

1730 733 93 75 when
1849 733 149 75 diffeCled
2024 733 32 75 in
2086 733 200 75 September,

1728 780 79 75 with
1825 780 55 75 the
1897 780 107 75 young
2019 780 111 75 flower
2150 780 139 75 toward*

1728 827 59 75 the
1803 827 139 75 bottom.

1468 937 26 75 S
1511 937 25 75 E
1552 937 24 75 c
1591 937 47 75 T.
1660 937 67 75 VI.
1785 937 67 75 Of
1870 937 67 75 the
1964 937 125 75 Fruit.

1306 1015 42 75 In
1374 1015 179 75 deferibing
1580 1015 55 75 the
1665 1015 152 75 ftrudure
1843 1015 41 75 of
1911 1015 107 75 fruits,
2047 1015 20 75 a
2089 1015 64 75 few
2178 1015 111 75 exam-

1259 1061 66 75 ples
1357 1061 77 75 (hall
1466 1061 39 75 be
1528 1061 96 75 taken
1655 1061 86 75 from
1772 1061 77 75 fuch
1881 1061 34 75 as
1938 1061 55 75 are
2015 1061 80 75 mod
2120 1061 169 75 generally

1259 1108 130 75 known.

1311 1154 30 75 1.
1366 1154 32 75 A
1416 1154 118 75 Pear,
1557 1154 120 75 befides
1700 1154 55 75 the
1772 1154 79 75 (kin,
1875 1154 106 75 which
2008 1154 26 75 is
2060 1154 19 75 a
2101 1154 188 75 production

1258 1200 40 75 of
1310 1200 55 75 the
1380 1200 68 75 (kin
1464 1200 40 75 of
1514 1200 56 75 the
1586 1200 91 75 bark,
1710 1200 124 75 confifts
1852 1200 41 75 of
1910 1200 19 75 a
1943 1200 118 75 double
2078 1200 212 75 parenchyma

1260 1247 37 75 or
1314 1247 87 75 pulp,
1427 1247 64 75 fap,
1510 1247 62 75 and
1587 1247 184 75 air-veffels,
1797 1247 172 75 calculary,
1994 1247 62 75 and
2076 1247 140 75 acetary.

1303 1293 79 75 The
1398 1293 93 75 outer
1506 1293 212 75 parenchyma
1734 1293 27 75 is
1779 1293 55 75 the
1846 1293 82 75 fame
1945 1293 158 75 fubftance
2115 1293 173 75 continued

1260 1340 85 75 from
1355 1340 57 75 the
1428 1340 92 75 bark,
1538 1340 77 75 only
1629 1340 43 75 its
1685 1340 149 75 bladders
1850 1340 54 75 are
1919 1340 106 75 larger
2037 1340 63 75 and
2113 1340 90 75 more
2218 1340 69 75 fuc-

1260 1387 119 75 culent.

1306 1433 33 75 It
1354 1433 26 75 is
1405 1433 97 75 every
1518 1433 108 75 where
1649 1433 210 75 interfperfed
1881 1433 78 75 with
1973 1433 92 75 fmall
2080 1433 146 75 globules
2250 1433 38 75 or

1259 1480 117 75 grains,
1398 1480 64 75 and
1484 1480 55 75 the
1561 1480 149 75 bladders
1736 1480 117 75 refpeCl
1876 1480 89 75 thefe
1988 1480 106 75 grains
2120 1480 33 75 as
2174 1480 19 75 a
2210 1480 79 75 kind

1260 1526 40 75 of
1318 1526 137 75 centres,
1483 1526 98 75 every
1597 1526 89 75 grain
1702 1526 95 75 being
1813 1526 55 75 the
1885 1526 109 75 centre
2009 1526 41 75 of
2060 1526 19 75 a
2097 1526 133 75 number
2252 1526 42 75 of

1259 1573 161 75 bladders.
1468 1573 76 75 The
1568 1573 54 75 fap
1638 1573 63 75 and
1717 1573 171 75 air-veffels
1912 1573 33 75 in
1973 1573 64 75 this
2055 1573 75 75 pulp
2147 1573 54 75 are
2227 1573 59 75 ex-

1261 1619 135 75 tremely
1411 1619 102 75 fmall.

1307 1665 93 75 Next
1417 1665 54 75 the
1484 1665 74 75 core
1574 1665 28 75 is
1618 1665 55 75 the
1689 1665 91 75 inner
1796 1665 75 75 pulp
1888 1665 39 75 or
1941 1665 228 75 parenchyma,
2181 1665 107 75 which

1260 1712 125 75 confifts
1397 1712 41 75 of
1447 1712 150 75 bladders
1613 1712 40 75 of
1664 1712 56 75 the
1731 1712 84 75 fame
1830 1712 79 75 kind
1920 1712 79 75 with
2016 1712 54 75 the
2086 1712 107 75 outer,
2211 1712 77 75 only

1259 1759 107 75 larger
1390 1759 63 75 and
1468 1759 89 75 more
1577 1759 132 75 oblong,
1739 1759 247 75 cprrefponding
2010 1759 35 75 to
2067 1759 90 75 thofe
2174 1759 40 75 of
2231 1759 57 75 the

1260 1805 91 75 pulp,
1375 1805 87 75 from
1478 1805 105 75 which
1608 1805 26 75 it
1658 1805 102 75 feems
1775 1805 35 75 to
1831 1805 40 75 be
1879 1805 157 75 ^derived.
2083 1805 86 75 This
2197 1805 92 75 inner

1259 1851 77 75 pulp
1352 1851 27 75 is
1396 1851 96 75 much
1509 1851 109 75 fourer
1634 1851 78 75 than
1728 1851 56 75 the
1803 1851 106 75 other,
1928 1851 63 75 and
2005 1851 59 75 has
2083 1851 82 75 none
2180 1851 41 75 of
2231 1851 59 75 the

1258 1897 90 75 fmall
1366 1897 106 75 grains
1495 1897 208 75 interfperfed
1727 1897 141 75 through
1892 1897 46 75 it;
1965 1897 64 75 and
2047 1897 153 75 hence.it
2226 1897 61 75 has

1252 1943 60 75 got
1327 1943 56 75 the
1399 1943 91 75 name
1506 1943 40 75 of
1556 1943 143 75 acetary.

1304 1989 154 75 Between
1474 1989 55 75 the
1553 1989 129 75 acetary
1698 1989 64 75 a^nd
1783 1989 94 75 outer
1891 1989 90 75 pulp,
2007 1989 56 75 the
2079 1989 146 75 globules
2251 1989 39 75 or

1260 2036 104 75 grains
1391 2036 95 75 begin
1502 2036 35 75 to
1562 2036 90 75 grow
1667 2036 118 75 larger,
1810 2036 63 75 and
1889 2036 168 75 gradually
2071 2036 89 75 unite
2183 2036 70 75 into
2270 2036 20 75 a

1260 2083 81 75 hard
1352 2083 90 75 ftony
1453 2083 101 75 body,
1561 2083 167 75 efpecially
1739 2083 141 75 towards
1897 2083 55 75 the
1961 2083 174 75 corculum,
2153 2083 39 75 or
2207 2083 82 75 (tool

1260 2130 40 75 of
1310 2130 56 75 the
1382 2130 102 75 fruit;
1510 2130 62 75 and
1588 2130 85 75 from
1690 2130 64 75 this
1771 2130 225 75 circumftance
2012 2130 26 75 it
2053 2130 58 75 has
2127 2130 80 75 been
2223 2130 68 75 cal-

1260 2178 54 75 led
1329 2178 55 75 the
1401 2178 177 75 calculary.

1307 2223 109 75 Thefe
1432 2223 106 75 grains
1554 2223 54 75 are
1620 2223 58 75 not
1697 2223 137 75 derived
1848 2223 86 75 from
1949 2223 62 75 any
2028 2223 41 75 of
2088 2223 56 75 the
2161 2223 125 75 organi-

1260 2271 52 75 cal
1339 2271 87 75 parts
1454 2271 41 75 of
1516 2271 57 75 the
1593 2271 81 75 tree,
1699 2271 59 75 but
1781 2271 83 75 feem
1881 2271 108 75 rather
2005 2271 36 75 to
2068 2271 39 75 be
2125 2271 19 75 a
2159 2271 80 75 kind
2254 2271 39 75 of

1264 2316 200 75 concretions
1480 2316 209 75 precipitated
1705 2316 85 75 from
1807 2316 55 75 the
1879 2316 65 75 fap,
1961 2316 114 75 fimilar
2091 2316 36 75 to
2143 2316 56 75 the
2215 2316 72 75 pre-

1265 2362 181 75 cipitations
1462 2362 86 75 from
1564 2362 93 75 wine,
1673 2362 105 75 urine,
1798 2362 63 75 and
1876 2362 90 75 othei
1987 2362 136 75 liquors.

1312 2409 77 75 The
1413 2409 74 75 core
1508 2409 30 75 is
1563 2409 19 75 a
1605 2409 148 75 roundiflt
1777 2409 107 75 cavity
1898 2409 34 75 in
1959 2409 56 75 the
2036 2409 111 75 centre
2171 2409 41 75 of
2233 2409 57 75 the

1266 2455 88 75 pear,
1372 2455 88 75 lined
1476 2455 80 75 with
1573 2455 20 75 a
1607 2455 84 75 hard
1707 2455 118 75 woody
1842 2455 194 75 membrane,
2062 2455 31 75 in
2108 2455 109 75 which
2234 2455 56 75 the

1266 2502 73 75 feed
1354 2502 26 75 is
1397 2502 153 75 inclofed.
1598 2502 50 75 At
1664 2502 55 75 the
1735 2502 127 75 bottom
1878 2502 39 75 of
1939 2502 56 75 the
2012 2502 75 75 core
2103 2502 91 75 there
2216 2502 27 75 is
2272 2502 19 75 a

1264 2549 91 75 fmall
1371 2549 74 75 duCt
1461 2549 38 75 or
1522 2549 103 75 canal,
1650 2549 106 75 which
1788 2549 75 75 runs
1876 2549 53 75 -up
1945 2549 37 75 to
2009 2549 56 75 the
2088 2549 56 75 top
2167 2549 41 75 of
2234 2549 57 75 the

1266 2595 93 75 pear;
1385 2595 64 75 this
1467 2595 89 75 canal
1580 2595 111 75 allows
1708 2595 54 75 the
1778 2595 48 75 air
1833 2595 44 75 *0
1887 2595 59 75 get
1965 2595 69 75 into
2051 2595 55 75 the
2123 2595 87 75 core,
2237 2595 54 75 for

1265 2642 57 75 the
1341 2642 134 75 purpofe
1491 2642 40 75 of
1542 2642 116 75 drying
1674 2642 63 75 and
1753 2642 142 75 ripening
1912 2642 54 75 the
1977 2642 102 75 feeds.

1264 2734 129 75 Plate
1413 2734 82 75 VII.
1543 2734 73 75 Fig.
1639 2734 31 75 I.
1719 2734 34 75 A
1768 2734 174 75 tranfverfe
1965 2734 117 75 fe&ion
2100 2734 34 75 of
2159 2734 18 75 a
2199 2734 88 75 pear,

1781 2777 32 75 as
1838 2777 26 75 it
1888 2777 130 75 appears
2046 2777 36 75 to
2105 2777 56 75 the
2186 2777 105 75 naked

1781 2823 71 75 eye.

1712 2870 45 75 A,
1774 2870 77 75 The
1868 2870 81 75 (kin,
1968 2870 63 75 and
2047 2870 19 75 a
2082 2870 71 75 ring
2169 2870 40 75 of
2221 2870 68 75 fap-

1781 2915 109 75 veffels

1713 2964 43 75 B,
1779 2964 77 75 The
1878 2964 94 75 outer
2002 2964 224 75 parenchyma,
2253 2964 38 75 or

2201 3006 89 75 pulp.
