2428 3377
2230 104 45 75 22
2290 104 16 75 1

197 116 100 75 Part
317 116 46 75 II.

735 116 41 75 A
894 116 44 75 N
1053 116 41 75 A
1212 116 38 75 T

198 179 55 75 the
268 179 83 75 back
368 179 61 75 and
445 179 80 75 loins
543 179 95 75 while
656 179 174 75 extended,
856 179 145 75 whether
1017 179 32 75 in
1066 179 107 75 fitting
1192 179 39 75 or

199 224 156 75 Handing,
395 224 70 75 and'
484 224 31 75 in
551 224 189 75 preventing
776 224 84 75 their
892 224 121 75 linking
1040 224 102 75 under
1173 224 55 75 the

198 270 121 75 weight
335 270 40 75 of
392 270 57 75 the
470 270 92 75 bod3'
561 270 10 75 ,
597 270 38 75 or
661 270 38 75 of
720 270 62 75 any
805 270 173 75 additional
998 270 138 75 burdenr
1196 270 33 75 It

200 317 91 75 aifilts
308 317 32 75 in
363 317 198 75 performing
577 317 62 75 and
656 317 32 75 in
712 317 300 75 counterbalancing
1030 317 40 75 all
1088 317 54 75 the
1159 317 69 75 mo-

199 363 83 75 tions
300 363 62 75 and
377 363 169 75 inflexions
569 363 39 75 of
631 363 104 75 which
764 363 87 75 thefe
867 363 167 75 vertebrae,
1059 363 169 75 efpecially

200 410 90 75 thofe
321 410 40 75 of
386 410 56 75 the
464 410 96 75 loins,
586 410 53 75 are
666 410 131 75 capable
822 410 33 75 in
888 410 41 75 all
954 410 140 75 pollutes
1111 410 40 75 of
1172 410 56 75 the

200 456 101 75 body.

247 501 57 75 All
316 501 56 75 the
388 501 133 75 fpinales
538 501 61 75 and
616 501 220 75 tranfverfales
853 501 43 75 of
904 501 54 75 the
975 501 82 75 back
1073 501 63 75 and
1146 501 83 75 loins

200 547 174 75 belonging
390 547 36 75 to
441 547 56 75 the
514 547 77 75 clafs
608 547 40 75 of
663 547 55 75 the
734 547 193 75 vertebrales
944 547 88 75 red!,
1057 547 56 75 the
1128 547 100 75 fpina-

200 595 46 75 les
258 595 35 75 to
310 595 55 75 the
378 595 120 75 middle
510 595 145 75 mufcles,
681 595 61 75 and
759 595 54 75 the
824 595 220 75 tranfverfales
1061 595 36 75 to
1113 595 56 75 the
1180 595 47 75 la-

201 641 93 75 teral,
317 641 86 75 their
418 641 91 75 chief
518 641 70 75 ufes
616 641 80 75 mull
723 641 39 75 be
789 641 37 75 to
852 641 88 75 allift,
965 641 176 75 moderate,
1166 641 63 75 and

201 686 151 75 maintain
368 686 55 75 the
450 686 138 75 motions
616 686 40 75 of
672 686 164 75 extenfion
859 686 59 75 and
937 686 111 75 lateral
1063 686 165 75 inflexion,

202 732 147 75 whether
364 732 106 75 fimple
487 732 62 75 and
573 732 111 75 dired,
709 732 37 75 or
762 732 131 75 oblique
909 732 63 75 and
989 732 192 75 compound.

248 780 77 75 The
351 780 238 75 femi-fpinales,
621 780 37 75 or
668 780 354 75 ..tranfverfo-fpinales,
1046 780 95 75 being
1173 780 58 75 ob-

202 825 100 75 lique,
333 825 206 75 converging,
572 825 159 75 vertebral
756 825 145 75 mufcles,
935 825 53 75 are
1021 825 147 75 allillants
1196 825 36 75 to

202 871 55 75 the
271 871 255 75 facro-lumbaris
539 871 61 75 and
610 871 191 75 longiflimus
820 871 96 75 dorfi,
941 871 105 75 which
1058 871 77 75 they
1148 871 84 75 crofs

203 918 41 75 on
262 918 76 75 each
355 918 75 75 fide.

249 963 77 75 The
342 963 174 75 quadratus
534 963 181 75 lumborum
744 963 61 75 and
821 963 89 75 pfoas
926 963 114 75 parvus
1058 963 53 75 are
1127 963 40 75 of
1178 963 55 75 the

204 1010 82 75 fame
302 1010 54 75 ufe
372 1010 35 75 to
423 1010 56 75 the
504 1010 153 75 vertebras
682 1010 40 75 of
739 1010 58 75 the
822 1010 94 75 loins,
943 1010 34 75 as
995 1010 56 75 the
1067 1010 114 75 fcaleni
1199 1010 34 75 to

204 1057 90 75 thofe
310 1057 40 75 of
369 1057 55 75 the
442 1057 92 75 neck.
582 1057 112 75 When
714 1057 79 75 both
809 1057 149 75 quadrati
975 1057 60 75 ad,
1060 1057 78 75 they
1153 1057 81 75 keep

204 1103 54 75 the
274 1103 125 75 lumbar
415 1103 93 75 pillar
522 1103 144 75 llraight,
691 1103 70 75 that
776 1103 40 75 is,
842 1103 33 75 fo
894 1103 33 75 as
949 1103 57 75 not
1022 1103 35 75 to
1073 1103 116 75 incline
1200 1103 35 75 to

202 1149 102 75 either
320 1149 76 75 fide,
421 1149 62 75 and
499 1149 77 75 then
593 1149 78 75 they
686 1149 75 75 may
780 1149 78 75 allift
880 1149 56 75 the
953 1149 75 75 redi
1056 1149 41 75 of
1107 1149 55 75 the
1179 1149 55 75 ab-

203 1195 115 75 domen
335 1195 31 75 in
383 1195 55 75 the
465 1195 168 75 inflexions
660 1195 153 75 forward,
839 1195 63 75 and
924 1195 56 75 the
1004 1195 141 75 fuperior
1161 1195 73 75 por-

203 1241 85 75 tions
305 1241 39 75 of
355 1241 55 75 the
427 1241 121 75 obliqui
565 1241 32 75 in
619 1241 111 75 lateral
746 1241 183 75 inflexions.

250 1287 99 75 They
366 1287 73 75 may
465 1287 139 75 likewife
631 1287 87 75 ferve
745 1287 36 75 to
796 1287 133 75 fupport
945 1287 55 75 the
1016 1287 160 75 haunches
1189 1287 45 75 al-

205 1333 158 75 ternately
386 1333 33 75 in
444 1333 158 75 walking;
628 1333 74 75 and,
727 1333 32 75 in
776 1333 143 75 Handing
935 1333 42 75 on
993 1333 60 75 one
1070 1333 83 75 foot,
1178 1333 56 75 the

206 1379 173 75 quadratus
401 1379 40 75 of
459 1379 55 75 the
535 1379 140 75 oppofite
702 1379 63 75 fide
792 1379 73 75 may
890 1379 131 75 fupport
1038 1379 55 75 the
1108 1379 127 75 haunch

207 1427 39 75 of
258 1427 71 75 that
344 1427 76 75 fide.

254 1473 75 75 The
346 1473 89 75 pfoas
456 1473 127 75 parvus,
608 1473 103 75 ferves
729 1473 34 75 to
780 1473 185 75 fuftain.the
981 1473 98 75 pelvis
1096 1473 96 75 much
1204 1473 33 75 in

209 1519 55 75 the
281 1519 82 75 fame
380 1519 131 75 manner
527 1519 79 75 with
623 1519 54 75 the
695 1519 131 75 mufculi
851 1519 77 75 redi
943 1519 40 75 of
994 1519 55 75 the
1066 1519 170 75 abdomen,

208 1565 31 75 in
253 1565 164 75 climbing,
443 1565 61 75 &c.

254 1611 77 75 The
357 1611 183 75 coccygaeus
566 1611 138 75 anterior
738 1611 73 75 may
835 1611 112 75 fuftaip
974 1611 57 75 the
1055 1611 124 75 coccyx
1205 1611 33 75 in

207 1657 192 75 aequilibrio,
425 1657 62 75 and
513 1657 114 75 hinder
660 1657 26 75 it
714 1657 84 75 from
825 1657 95 75 being
953 1657 77 75 bent
1054 1657 183 75 backward,

209 1704 63 75 ami
288 1704 84 75 from
384 1704 95 75 being
495 1704 133 75 luxated
643 1704 33 75 in
692 1704 90 75 great
801 1704 122 75 drains,
950 1704 33 75 as
1000 1704 32 75 in
1058 1704 56 75 the
1126 1704 112 75 excre-

209 1749 66 75 tion
292 1749 41 75 of
344 1749 162 75 hardened
521 1749 107 75 faeces,
652 1749 62 75 &c.

255 1795 76 75 The
347 1795 183 75 coccygasus
547 1795 153 75 polterior
716 1795 56 75 can
785 1795 77 75 only
883 1795 89 75 ferve
988 1795 36 75 to
1043 1795 124 75 replace
1184 1795 55 75 the

210 1842 34 75 os
261 1842 147 75 coccygis
435 1842 92 75 when
554 1842 26 75 it
607 1842 56 75 has
688 1842 81 75 been
790 1842 112 75 forced
918 1842 182 75 backward,
1125 1842 63 75 and
1203 1842 36 75 to

209 1889 114 75 hinder
340 1889 25 75 it
381 1889 85 75 from
484 1889 94 75 being
589 1889 135 75 luxated
739 1889 183 75 backward.

210 2049 155 75 Sect.
396 2049 111 75 XVI.
546 2049 99 75 .The
663 2049 214 75 Muscles
901 2049 133 75 which
1052 2049 101 75 move
1173 2049 66 75 the

582 2104 132 75 Lower
750 2104 121 75 Jaw.

537 2201 384 75 MASSETER.

257 2271 97 75 This
371 2271 27 75 is
426 2271 20 75 a
471 2271 78 75 very
577 2271 89 75 thick
692 2271 97 75 flelhy
817 2271 130 75 mufcle,
972 2271 135 75 fituated
1134 2271 32 75 at
1189 2271 55 75 the

213 2317 79 75 back
309 2317 70 75 part
395 2317 40 75 of
447 2317 55 75 the
519 2317 112 75 cheek.
681 2317 31 75 It
729 2317 98 75 feems
845 2317 34 75 to
891 2317 40 75 be
944 2317 90 75 made
1051 2317 43 75 up
1106 2317 39 75 of
1153 2317 91 75 three

214 2363 155 75 portions,
396 2363 64 75 like
477 2363 19 75 a
511 2363 131 75 triceps,
666 2363 71 75 viz.
763 2363 60 75 one
835 2363 86 75 large
938 2363 64 75 and
1013 2363 145 75 external
1171 2363 73 75 por-

214 2410 79 75 tion,
319 2410 60 75 one
396 2410 131 75 middle,
555 2410 60 75 and
633 2410 60 75 one
709 2410 88 75 fmall
812 2410 61 75 and
890 2410 148 75 internal.

260 2456 76 75 The
353 2456 145 75 external
515 2456 127 75 portion
667 2456 26 75 is
710 2456 86 75 fixed
812 2456 45 75 by
873 2456 60 75 one
949 2456 170 75 tendinous
1137 2456 108 75 extre-

213 2502 81 75 mity
309 2502 35 75 to
372 2502 42 75 all
429 2502 57 75 the
502 2502 134 75 inferior
657 2502 81 75 edge
754 2502 40 75 of
801 2502 55 75 the
872 2502 36 75 os
924 2502 102 75 malae,
1052 2502 62 75 and
1130 2502 19 75 a
1163 2502 88 75 little

212 2549 36 75 to
265 2549 55 75 the
344 2549 231 75 neighbouring
590 2549 87 75 parts
700 2549 42 75 of
762 2549 57 75 the
845 2549 36 75 os
905 2549 167 75 maxillare
1093 2549 63 75 and
1171 2549 76 75 apo-

214 2594 103 75 phylis
334 2594 203 75 zygomatica
553 2594 38 75 of
600 2594 54 75 the
672 2594 35 75 os
732 2594 191 75 temporum.
973 2594 97 75 From
1086 2594 115 75 thence
1223 2594 26 75 it

215 2640 75 75 runs
307 2640 96 75 down
421 2640 165 75 obliquely
601 2640 184 75 backward,
811 2640 96 75 being
922 2640 122 75 wholly
1061 2640 108 75 flelhy,
1188 2640 63 75 and

215 2687 26 75 is
257 2687 140 75 inferred
411 2687 45 75 by
473 2687 55 75 the
544 2687 94 75 other
649 2687 176 75 extremity
837 2687 33 75 in
888 2687 55 75 the
961 2687 101 75 rough
1075 2687 175 75 impreflion

216 2732 41 75 on
273 2732 56 75 the
345 2732 121 75 outfide
482 2732 41 75 of
531 2732 57 75 the
605 2732 92 75 angle
713 2732 40 75 of
764 2732 55 75 the
831 2732 99 75 lower
945 2732 78 75 jaw.

262 2777 76 75 The
356 2777 120 75 middle
490 2777 130 75 portion
647 2777 27 75 is
699 2777 88 75 fixed
809 2777 44 75 by
869 2777 60 75 one
946 2777 60 75 end
1024 2777 35 75 to
1083 2777 53 75 the
1153 2777 99 75 lower

218 2824 78 75 edge
312 2824 41 75 of
371 2824 56 75 the
449 2824 106 75 whole
582 2824 164 75 apophyfis
773 2824 203 75 zygomatica
991 2824 39 75 of
1049 2824 56 75 the
1120 2824 35 75 os
1173 2824 80 75 tem-

216 2869 126 75 porum,
368 2869 63 75 and
447 2869 19 75 a
480 2869 78 75 very
572 2869 84 75 little
679 2869 34 75 to
736 2869 72 75 that
823 2869 40 75 of
873 2869 56 75 the
944 2869 37 75 os
1005 2869 102 75 malae.
1156 2869 99 75 From

217 2915 114 75 thence
351 2915 27 75 it
395 2915 73 75 runs
485 2915 95 75 down
597 2915 18 75 a
631 2915 84 75 little
742 2915 167 75 obliquely
933 2915 140 75 forward
1091 2915 31 75 in
1142 2915 38 75 an
1198 2915 56 75 op-

216 2962 98 75 pofite
332 2962 155 75 diredlion
504 2962 34 75 to
560 2962 57 75 the
639 2962 65 75 firft
720 2962 141 75 portion,
887 2962 100 75 under
1002 2962 106 75 which
1130 2962 26 75 it
1173 2962 83 75 crof-

267 3011 100 75 Vot.
393 3011 30 75 1.
473 3011 71 75 No.
574 3011 55 75 10.

1139 3011 19 75 3

1370 110 38 75 O
1527 110 49 75 M
1692 110 53 75 Y.

1280 172 60 75 fes,
1365 172 62 75 and
1443 172 27 75 is
1487 172 137 75 inferred
1640 172 44 75 by
1704 172 41 75 its
1763 172 94 75 other
1873 172 173 75 extremity
2068 172 32 75 in
2118 172 55 75 the
2189 172 122 75 middle

1278 217 41 75 of
1329 217 56 75 the
1397 217 95 75 infide
1507 217 40 75 of
1559 217 55 75 the
1631 217 107 75 ramus
1754 217 40 75 of
1806 217 55 75 the
1876 217 101 75 lower
1990 217 78 75 jaw,
2096 217 77 75 near
2190 217 55 75 the
2261 217 49 75 in-

1277 264 116 75 fertion
1410 264 41 75 of
1468 264 56 75 the
1540 264 145 75 external
1702 264 128 75 portion
1843 264 76 75 with
1938 264 105 75 which
2055 264 26 75 it
2098 264 116 75 mixes.

1323 310 77 75 The
1424 310 88 75 third
1535 310 140 75 portion,
1701 310 106 75 which
1834 310 28 75 is
1889 310 76 75 leaft
1982 310 62 75 and
2060 310 79 75 mod
2160 310 149 75 internal,

1278 356 27 75 is
1318 356 87 75 fixed
1415 356 44 75 by
1476 356 60 75 one
1553 356 176 75 extremity
1746 356 35 75 to
1798 356 55 75 the
1868 356 91 75 inner
1972 356 122 75 labium
2111 356 40 75 of
2162 356 54 75 the
2230 356 67 75 low'
2297 356 13 75 -

1278 402 35 75 er
1329 402 92 75 edge,
1447 402 62 75 and
1525 402 65 75 alfo
1601 402 40 75 to
1665 402 54 75 the
1736 402 95 75 infide
1852 402 40 75 of
1903 402 111 75 ahnoft
2026 402 42 75 all
2083 402 57 75 the
2157 402 152 75 zygoma-

1277 449 45 75 tic
1339 449 94 75 arch;
1460 449 62 75 and
1537 449 44 75 by
1607 449 56 75 the
1690 449 107 75 other,
1820 449 38 75 to
1887 449 54 75 the
1964 449 73 75 root
2054 449 37 75 or
2107 449 77 75 bafis
2202 449 41 75 of
2254 449 58 75 the

1278 495 154 75 coronoid
1464 495 178 75 apophyfis,
1667 495 107 75 where
1802 495 25 75 it
1856 495 102 75 mixes
1981 495 124 75 wholly
2119 495 96 75 flefliy
2230 495 81 75 with

1279 542 54 75 the
1349 542 150 75 infertion
1515 542 39 75 of
1566 542 54 75 the
1637 542 120 75 middle
1771 542 144 75 portion.

1558 660 470 75 TEMPORALIS.

1325 761 97 75 This
1435 761 26 75 is
1475 761 18 75 a
1504 761 101 75 broad
1618 761 55 75 flat
1685 761 130 75 mufcle,
1832 761 188 75 refembling
2033 761 55 75 the
2102 761 158 75 quadrant
2277 761 41 75 of

1280 808 18 75 a
1315 808 95 75 circle
1422 808 31 75 in
1467 808 112 75 figure.
1629 808 31 75 It
1671 808 148 75 occupies
1837 808 42 75 all
1896 808 56 75 the
1968 808 229 75 femi-circular
2213 808 37 75 or
2266 808 47 75 fe-

1281 853 132 75 mi-oval
1431 853 92 75 plane
1539 853 41 75 of
1597 853 55 75 the
1674 853 112 75 lateral
1811 853 109 75 region
1944 853 40 75 of
2007 853 54 75 the
2078 853 154 75 cranium,
2257 853 57 75 the

1281 900 155 75 temporal
1453 900 91 75 fofla,
1561 900 63 75 and
1640 900 70 75 part
1736 900 41 75 of
1799 900 55 75 the
1878 900 181 75 zygomatic
2076 900 90 75 foffa.
2215 900 100 75 From

1281 946 63 75 this
1361 946 148 75 fituation
1520 946 26 75 it
1562 946 56 75 has
1635 946 41 75 its
1688 946 103 75 name.

1328 993 56 75 To
1407 993 161 75 conceive,-
1579 993 100 75 juftly
1705 993 56 75 the
1788 993 166 75 infertions
1982 993 40 75 of
2042 993 67 75 this
2133 993 130 75 mufcle,
2288 993 27 75 it

1283 1039 79 75 muft
1377 1039 40 75 be
1444 1039 165 75 obferved,
1635 1039 70 75 that
1732 1039 55 75 the
1809 1039 210 75 pericranium
2047 1039 26 75 is
2101 1039 129 75 divided
2245 1039 74 75 into,

1283 1085 63 75 two
1362 1085 137 75 laminae.
1547 1085 77 75 The
1645 1085 136 75 internal
1801 1085 129 75 lamina,
1955 1085 178 75 fometimes
2150 1085 96 75 taken
2263 1085 53 75 for

1282 1132 18 75 a
1316 1132 172 75 particular
1503 1132 201 75 periofteum,
1729 1132 111 75 covers
1864 1132 217 75 immediately
2097 1132 43 75 all
2157 1132 56 75 the
2229 1132 87 75 bony

1283 1178 87 75 parts
1400 1178 41 75 of
1464 1178 62 75 this
1555 1178 123 75 region.
1733 1178 78 75 The
1835 1178 146 75 external
2007 1178 118 75 lamina
2151 1178 165 75 fe.parated

1283 1225 84 75 from
1384 1225 55 75 the
1455 1225 106 75 other,
1586 1225 26 75 is
1632 1225 112 75 fpread
1760 1225 56 75 out
1829 1225 64 75 like
1912 1225 36 75 an
1979 1225 207 75 aponeurotic
2210 1225 38 75 or
2274 1225 41 75 li-

1282 1270 186 75 gamentary
1483 1270 83 75 tent,
1591 1270 45 75 by
1665 1270 107 75 means
1796 1270 40 75 of
1853 1270 42 75 its
1924 1270 163 75 adhefions
2111 1270 35 75 to
2174 1270 56 75 the
2257 1270 60 75 ex-

1283 1317 102 75 ternal
1402 1317 131 75 angular
1557 1317 165 75 apophyfis
1747 1317 40 75 of
1808 1317 57 75 the
1891 1317 36 75 os
1945 1317 128 75 frontis,
2090 1317 36 75 to
2142 1317 56 75 the
2214 1317 104 75 pofte-

1284 1363 65 75 rior
1366 1363 79 75 edge
1462 1363 40 75 of
1525 1363 54 75 the
1596 1363 142 75 fuperior
1761 1363 164 75 apophyfis
1942 1363 39 75 of
1993 1363 56 75 the
2065 1363 35 75 os
2125 1363 103 75 malse,
2254 1363 64 75 and

1284 1410 34 75 to
1336 1410 55 75 the
1406 1410 100 75 upper
1522 1410 81 75 edge
1619 1410 40 75 of
1671 1410 40 75 all
1729 1410 55 75 the
1801 1410 184 75 zygomatic
2000 1410 89 75 arch,
2115 1410 42 75 all
2177 1410 56 75 the
2245 1410 74 75 way

1283 1457 34 75 to
1330 1457 54 75 the
1402 1457 73 75 root
1492 1457 39 75 of
1542 1457 54 75 the
1614 1457 131 75 maftoid
1769 1457 179 75 apophyfis.

1330 1503 85 75 This
1428 1503 116 75 mufcle
1560 1503 27 75 is
1604 1503 169 75 compofed
1790 1503 39 75 of
1841 1503 66 75 two
1920 1503 106 75 planes
2040 1503 40 75 of
2099 1503 97 75 flefliy
2207 1503 109 75 fibres,

1285 1548 87 75 fixed
1388 1548 34 75 to
1438 1548 57 75 the
1512 1548 65 75 two
1596 1548 79 75 fides
1692 1548 40 75 of
1743 1548 19 75 a
1777 1548 168 75 tendinous
1962 1548 91 75 plane
2071 1548 110 75 nearly
2204 1548 40 75 of
2263 1548 56 75 the

1285 1595 83 75 fame
1384 1595 136 75 breadth
1529 1595 79 75 with
1622 1595 101 75 them,
1749 1595 64 75 like
1830 1595 18 75 a
1860 1595 170 75 concealed
2042 1595 120 75 middle
2174 1595 119 75 tendon
2305 1595 11 75 ;

1287 1641 31 75 as
1336 1641 73 75 may
1425 1641 39 75 be
1481 1641 120 75 plainly
1617 1641 70 75 feen
1704 1641 44 75 by
1765 1641 143 75 dividing
1925 1641 54 75 the
1996 1641 116 75 mufcle
2125 1641 42 75 all
2180 1641 55 75 the
2247 1641 74 75 way

1285 1688 34 75 to
1347 1688 55 75 the
1431 1688 94 75 bone,
1556 1688 171 75 according
1752 1688 34 75 to
1814 1688 55 75 the
1896 1688 154 75 direftion
2077 1688 41 75 of
2139 1688 42 75 its
2211 1688 107 75 fibres.

1283 1734 77 75 The
1376 1734 88 75 body
1480 1734 40 75 of
1539 1734 56 75 the
1612 1734 117 75 mufcle
1746 1734 74 75 thus
1836 1734 128 75 formed
1980 1734 25 75 is
2023 1734 140 75 inclofed
2174 1734 146 75 between

1284 1782 55 75 the
1355 1782 66 75 two
1433 1782 207 75 aponeurotic
1655 1782 38 75 or
1708 1782 211 75 ligamentary
1931 1782 124 75 laminse
2068 1782 32 75 in
2117 1782 56 75 the
2190 1782 115 75 follow'
2305 1782 14 75 -

1284 1828 55 75 ing
1354 1828 143 75 manner.

1331 1875 77 75 The
1423 1875 136 75 internal
1586 1875 96 75 fleftiy
1709 1875 92 75 plane
1817 1875 26 75 is
1870 1875 101 75 fixed,
1996 1875 44 75 by
2065 1875 17 75 a
2096 1875 103 75 broad
2217 1875 104 75 radia-

1286 1921 56 75 ted
1358 1921 164 75 infertion,
1548 1921 34 75 to
1612 1921 43 75 all
1683 1921 56 75 the
1767 1921 227 75 femi-circular
2011 1921 92 75 plane
2126 1921 40 75 of
2179 1921 54 75 the
2245 1921 75 75 cra-

1287 1966 100 75 nium,
1411 1966 44 75 by
1472 1966 56 75 the
1546 1966 217 75 intervention
1780 1966 41 75 of
1843 1966 54 75 the
1921 1966 135 75 internal
2073 1966 117 75 lamina
2205 1966 40 75 of
2264 1966 57 75 the

1286 2013 200 75 periofteum.

1334 2059 98 75 Thus
1446 2059 25 75 it
1483 2059 26 75 is
1526 2059 89 75 fixed
1630 2059 36 75 to
1691 2059 58 75 the
1776 2059 126 75 lateraF
1910 2059 146 75 external
2073 2059 72 75 part
2161 2059 41 75 of
2212 2059 56 75 the
2284 2059 37 75 os

1288 2107 129 75 frontis,
1443 2107 64 75 and
1518 2107 40 75 to
1569 2107 42 75 its
1624 2107 147 75 external
1778 2107 136 75 ahgular
1926 2107 178 75 apophyfis,
2130 2107 37 75 to
2175 2107 56 75 the
2241 2107 80 75 low-

1289 2153 35 75 er
1341 2153 72 75 part
1428 2153 40 75 of
1479 2153 55 75 the
1561 2153 35 75 os
1613 2153 165 75 parietale,
1804 2153 34 75 to
1862 2153 56 75 the
1944 2153 169 75 fquamous
2142 2153 128 75 portion
2286 2153 42 75 of

1288 2199 56 75 the
1361 2199 36 75 os
1413 2199 165 75 temporis,
1603 2199 35 75 to
1655 2199 55 75 the
1738 2199 89 75 great
1851 2199 50 75 ala
1927 2199 38 75 or
1986 2199 154 75 temporal
2158 2199 164 75 apophyfis

1290 2246 38 75 of
1341 2246 54 75 the
1421 2246 184 75 fphenoidal
1633 2246 96 75 bone,
1754 2246 43 75 by
1826 2246 104 75 which
1956 2246 55 75 the
2027 2246 156 75 temporal
2201 2246 78 75 fofla
2295 2246 27 75 is

1289 2291 148 75 formed;
1463 2291 63 75 and
1542 2291 19 75 a
1576 2291 84 75 little
1676 2291 35 75 to
1725 2291 58 75 the
1798 2291 146 75 backfide
1960 2291 41 75 of
2012 2291 55 75 the
2083 2291 135 75 internal
2235 2291 87 75 orbi-

1290 2337 71 75 tary
1379 2337 170 75 apophyfia
1568 2337 40 75 of
1618 2337 57 75 the
1702 2337 36 75 os
1754 2337 104 75 malae,
1883 2337 106 75 which
2006 2337 100 75 forms
2121 2337 73 75 part
2217 2337 40 75 of
2267 2337 56 75 the

1290 2384 182 75 zygomatic
1487 2384 91 75 fdfla.

1314 2486 398 75 PTERYGOIDjUS
1741 2486 167 75 MAJOR
1925 2486 76 75 five
2030 2486 268 75 INTERNES.

1340 2589 85 75 This
1443 2589 115 75 mufcle
1575 2589 56 75 lies
1648 2589 41 75 on
1716 2589 56 75 the
1799 2589 96 75 infide
1923 2589 40 75 of
1984 2589 56 75 the
2062 2589 99 75 lower
2174 2589 78 75 jaw,
2278 2589 45 75 al-

1295 2636 78 75 moft
1390 2636 31 75 in
1439 2636 54 75 the
1510 2636 81 75 fame
1609 2636 129 75 manner
1753 2636 34 75 as
1804 2636 55 75 the
1875 2636 144 75 mafleter
2031 2636 78 75 does
2126 2636 41 75 on
2183 2636 55 75 the
2251 2636 72 75 out-

1296 2681 75 75 fide,
1396 2681 94 75 being
1517 2681 40 75 of
1579 2681 55 75 the
1662 2681 82 75 fame
1772 2681 100 75 figure
1898 2681 81 75 with
2006 2681 70 75 that
2092 2681 130 75 mufcle,
2247 2681 77 75 only

1296 2728 125 75 fmaller
1435 2728 64 75 and
1514 2728 174 75 narrower.

1346 2775 31 75 It
1393 2775 25 75 is
1437 2775 86 75 fixed
1541 2775 98 75 above
1667 2775 31 75 in
1723 2775 57 75 the
1807 2775 170 75 pterygoid
2004 2775 117 75 cavity,
2146 2775 116 75 chiefly
2288 2775 37 75 to

1299 2822 53 75 the
1379 2822 95 75 infide
1501 2822 40 75 of
1563 2822 54 75 the
1645 2822 145 75 external
1819 2822 49 75 ala
1892 2822 40 75 of
1951 2822 56 75 the
2035 2822 164 75 apophyfis
2216 2822 108 75 ptery-

1298 2869 122 75 goides.

1345 2915 30 75 It
1392 2915 73 75 runs
1482 2915 93 75 down
1593 2915 164 75 obliquely
1773 2915 124 75 toward
1922 2915 58 75 the
1997 2915 91 75 angle
2105 2915 41 75 of
2155 2915 55 75 the
2226 2915 101 75 lower

1295 2963 77 75 jaw,
1397 2963 61 75 and
1473 2963 27 75 is
1528 2963 138 75 infsrted
1691 2963 21 75 a
1737 2963 85 75 little
1849 2963 168 75 tendinous
2033 2963 33 75 in
2088 2963 56 75 the
2170 2963 155 75 inequali-

1864 3019 16 75 3
1905 3019 34 75 K

2269 3019 59 75 ties
