2428 3377
129 188 103 75 Part
263 188 70 75 VI.

687 188 42 75 A
846 188 43 75 N
1007 188 42 75 A
1163 188 39 75 T

175 257 38 75 In
246 257 142 75 general,
424 257 88 75 thefe
548 257 111 75 arches
694 257 54 75 are
774 257 79 75 very
884 257 213 75 confiderable
1130 257 33 75 in

128 303 109 75 young
262 303 150 75 perfons;
444 303 132 75 become
608 303 168 75 gradually
806 303 89 75 more
923 303 175 75 fuperficial
1130 303 33 75 in

129 349 141 75 married
286 349 136 75 women,
448 349 62 75 and
527 349 52 75 are
597 349 88 75 quite
698 349 59 75 loft
773 349 32 75 in
822 349 77 75 time
915 349 40 75 of
960 349 143 75 delivery
1106 349 8 75 .

175 395 76 75 The
279 395 90 75 inner
386 395 37 75 or
439 395 152 75 pofterior
619 395 175 75 extremity
810 395 41 75 of
870 395 62 75 this
949 395 92 75 great
1073 395 88 75 canal

130 441 170 75 furrounds
318 441 55 75 the
388 441 108 75 orifice
513 441 41 75 of
565 441 56 75 the
638 441 122 75 uterus,
785 441 19 75 a
819 441 85 75 little
926 441 177 75 obliquely,
1129 441 34 75 in

129 487 75 75 inch
221 487 19 75 a
263 487 142 75 manner,
430 487 34 75 as
491 487 73 75 that
581 487 56 75 the
662 487 100 75 upper
783 487 63 75 fide
863 487 40 75 of
924 487 55 75 the
996 487 89 75 canal
1102 487 59 75 lies

127 533 80 75 Very
235 533 75 75 near
335 533 56 75 the
407 533 122 75 orifice,
556 533 63 75 and
653 533 56 75 the
726 533 100 75 lower
852 533 63 75 fide
939 533 32 75 at
994 533 18 75 a
1037 533 124 75 greater

126 580 138 75 diftance
280 580 86 75 from
382 580 39 75 it,
448 580 63 75 and
528 580 63 75 this
608 580 108 75 makes
733 580 55 75 the
806 580 175 75 extremity
992 580 41 75 of
1053 580 54 75 the
1124 580 36 75 u-

126 626 89 75 terus
228 626 115 75 appear
359 626 35 75 to
405 626 140 75 advance
561 626 89 75 mere
665 626 69 75 into
750 626 55 75 the
822 626 89 75 canal
928 626 42 75 on
994 626 55 75 the
1060 626 100 75 lower

124 672 81 75 than
217 672 41 75 on
276 672 54 75 the
342 672 102 75 upper
455 672 84 75 part.

173 719 77 75 The
264 719 146 75 exterior
426 719 38 75 or
484 719 140 75 anterior
641 719 174 75 extremity
831 719 40 75 of
890 719 55 75 the
962 719 89 75 great
1070 719 88 75 canal

127 765 32 75 in
176 765 131 75 virgins,
333 765 61 75 and
410 765 168 75 efpecially
595 765 110 75 before
721 765 56 75 the
794 765 63 75 firft
878 765 145 75 eruption
1040 765 41 75 of
1103 765 56 75 the

109 812 8 75 '
117 812 141 75 jnenfes,
284 812 26 75 is
323 812 180 75 commonly
516 812 157 75 bordered
685 812 44 75 by
745 812 18 75 a
779 812 135 75 circular
936 812 222 75 membranous

126 858 83 75 fold,
243 858 40 75 of
302 858 150 75 different
473 858 165 75 breadths,
669 858 88 75 more
782 858 38 75 or
843 858 60 75 lefs
927 858 139 75 fmooth,
1096 858 63 75 and

126 903 179 75 fometimes
322 903 180 75 femilunar,
527 903 106 75 which
645 903 32 75 in
690 903 85 75 fome
791 903 136 75 fubjedb
948 903 105 75 leaves
1066 903 57 75 but
1140 903 19 75 a

122 949 84 75 very
222 949 89 75 fmall
329 949 147 75 opening,
502 949 32 75 in
551 949 108 75 others
677 949 19 75 a
712 949 89 75 large
816 949 149 75 opening,
991 949 62 75 and
1069 949 31 75 in
1115 949 42 75 all

127 996 132 75 renders
277 996 54 75 the
349 996 148 75 external
513 996 107 75 orifice
638 996 161 75 narrower
815 996 76 75 than
909 996 55 75 the
977 996 59 75 reft
1052 996 41 75 of
1103 996 55 75 the

125 1042 118 75 cavity.
292 1042 86 75 This
392 1042 83 75 fold,
492 1042 105 75 called
608 1042 130 75 hymen,
756 1042 26 75 is
793 1042 126 75 formed
934 1042 43 75 by
989 1042 55 75 the
1061 1042 95 75 union

116 1089 49 75 'of
173 1089 54 75 the
244 1089 135 75 internal
397 1089 181 75 membrane
591 1089 40 75 of
641 1089 56 75 the
720 1089 91 75 great
823 1089 89 75 canal
937 1089 78 75 with
1033 1089 69 75 that
1115 1089 40 75 on

126 1135 54 75 the
197 1135 95 75 infide
304 1135 41 75 of
356 1135 56 75 the
429 1135 69 75 alae,
524 1135 63 75 and
603 1135 176 75 reprefents
792 1135 18 75 a
827 1135 221 75 membranous
1061 1135 96 75 circle

125 1181 39 75 of
183 1181 150 75 different
350 1181 164 75 breadths,
539 1181 62 75 and
616 1181 178 75 fometimes
806 1181 136 75 uneven.

169 1227 85 75 This
279 1227 221 75 membranous
523 1227 96 75 circle
642 1227 27 75 is
695 1227 183 75 commonly
893 1227 154 75 ruptured
1071 1227 83 75 after

124 1273 55 75 the
196 1273 250 75 confummation
462 1273 41 75 of
514 1273 176 75 marriage;
716 1273 27 75 is
761 1273 88 75 ouite
866 1273 58 75 loft
940 1273 31 75 in
989 1273 162 75 delivery;

125 1320 63 75 and
204 1320 187 75 afterwards
409 1320 72 75 only
501 1320 85 75 fome
602 1320 156 75 irregular
772 1320 144 75 portions
929 1320 40 75 of
980 1320 25 75 it
1021 1320 132 75 remain,

127 1366 118 75 which,
264 1366 83 75 from
360 1366 84 75 their
459 1366 154 75 funpofed
629 1366 210 75 refemblance
849 1366 34 75 to
901 1366 115 75 myrtle
1033 1366 118 75 leaves,

120 1413 85 75 have
223 1413 79 75 been
317 1413 124 75 termed
465 1413 175 75 earunculae
666 1413 230 75 myftiformes.
944 1413 85 75 This
1057 1413 97 75 circle

124 1458 73 75 may
213 1458 137 75 likewife
372 1458 97 75 fuffer
485 1458 84 75 fome
593 1458 143 75 diforder
752 1458 42 75 by
811 1458 57 75 too
885 1458 89 75 great
992 1458 18 75 a
1025 1458 69 75 flux
1118 1458 41 75 of

123 1505 56 75 the
195 1505 132 75 menfes,
351 1505 44 75 by
410 1505 216 75 imprudence,
649 1505 112 75 levity,
787 1505 63 75 and
873 1505 93 75 other
983 1505 171 75 particular

125 1551 174 75 accidents.

170 1597 92 75 Each
278 1597 65 75 fide
362 1597 42 75 of
413 1597 55 75 the
485 1597 138 75 anterior
640 1597 125 75 portion
782 1597 40 75 of
833 1597 56 75 the
912 1597 91 75 great
1019 1597 89 75 canal
1125 1597 26 75 is

123 1644 138 75 covered
277 1644 177 75 exteriorly
469 1644 44 75 by
530 1644 17 75 a
563 1644 69 75 thin
649 1644 100 75 broad
767 1644 172 75 cavernous
967 1644 62 75 and
1045 1644 106 75 vafsu-

120 1690 49 75 lar
185 1690 126 75 plexus,
336 1690 103 75 called
463 1690 55 75 the
546 1690 114 75 plexus
693 1690 171 75 reriformis
889 1690 42 75 of
952 1690 71 75 that
1047 1690 102 75 canal.

122 1737 110 75 Thefe
249 1737 65 75 two
327 1737 110 75 planes
454 1737 59 75 run
529 1737 95 75 down
652 1737 42 75 on
717 1737 78 75 each
820 1737 62 75 fide
897 1737 41 75 of
960 1737 55 75 the
1031 1737 121 75 clitoris

121 1782 120 75 behind
256 1782 56 75 the
324 1782 158 75 nymphae,
508 1782 63 75 and
591 1782 138 75 likewife
752 1782 96 75 cover
863 1782 55 75 the
935 1782 130 75 urethra
1086 1782 65 75 like

121 1829 19 75 a
155 1829 112 75 collar,
292 1829 111 75 before
419 1829 78 75 they
508 1829 54 75 are
577 1829 111 75 fpread
703 1829 43 75 on
770 1829 54 75 the
835 1829 91 75 great
942 1829 101 75 canal.

167 1875 85 75 This
269 1875 114 75 plexus
400 1875 25 75 is
443 1875 118 75 ftridlly
585 1875 109 75 united
712 1875 34 75 to
763 1875 55 75 the
834 1875 157 75 mufcular
1007 1875 143 75 portions

120 1921 186 75 commonly
317 1921 94 75 taken
429 1921 51 75 for
496 1921 208 75 accelerators
716 1921 38 75 or
770 1921 209 75 conftriftors,
998 1921 86 75 lying
1094 1921 54 75 be-

120 1968 102 75 tween
238 1968 86 75 thefe
341 1968 143 75 portions
501 1968 62 75 and
580 1968 55 75 the
650 1968 112 75 lateral
791 1968 86 75 parts
895 1968 41 75 of
947 1968 54 75 the
1018 1968 131 75 urethra

119 2016 63 75 and
193 2016 40 75 of
245 2016 54 75 the
316 2016 91 75 great
422 2016 102 75 canal.

322 2125 161 75 Sect.
512 2125 70 75 III.
613 2125 66 75 Of
697 2125 65 75 the
780 2125 168 75 Thorax.
979 2125 12 75 ,

163 2207 57 75 By
233 2207 56 75 the
306 2207 131 75 thorax,
461 2207 49 75 we
526 2207 182 75 commonly
724 2207 189 75 underftahd
929 2207 42 75 all
988 2207 70 75 that
1075 2207 71 75 part

119 2254 39 75 of
170 2254 57 75 the
249 2254 88 75 body
359 2254 105 75 which
479 2254 135 75 anfwers
631 2254 36 75 to
683 2254 56 75 the
752 2254 112 75 extent
876 2254 40 75 of
927 2254 54 75 the
997 2254 148 75 fternum,

118 2299 77 75 ribs,
222 2299 62 75 and
299 2299 154 75 vertebras
470 2299 40 75 of
532 2299 56 75 the
606 2299 93 75 back,
725 2299 79 75 bpth
820 2299 179 75 outwardly
1019 2299 64 75 and
1098 2299 47 75 in-

118 2345 141 75 wardly.

167 2391 76 75 The
270 2391 120 75 thorax
413 2391 27 75 is
466 2391 129 75 divided
618 2391 68 75 into
707 2391 57 75 the
786 2391 142 75 anterior
948 2391 72 75 part
1045 2391 104 75 called

116 2437 182 75 commonly
313 2437 56 75 the
385 2437 114 75 breaft,
524 2437 55 75 the
595 2437 154 75 pofterior
764 2437 71 75 part
853 2437 103 75 called
984 2437 55 75 the
1052 2437 94 75 back,

116 2484 62 75 and
191 2484 54 75 the
258 2484 109 75 lateral
384 2484 87 75 parts
489 2484 103 75 called
607 2484 54 75 the
678 2484 86 75 right
781 2484 62 75 and
859 2484 60 75 left
936 2484 92 75 fides.

164 2531 74 75 The
254 2531 151 75 external
415 2531 87 75 parts
514 2531 40 75 of
566 2531 55 75 the
637 2531 133 75 thorax,
795 2531 118 75 befides
930 2531 55 75 the
1002 2531 65 75 Ikin
1085 2531 62 75 and

117 2576 184 75 membrana
317 2576 137 75 adipofa,
480 2576 53 75 are
555 2576 186 75 principally
757 2576 56 75 the
833 2576 156 75 mammae,
1015 2576 61 75 and
1091 2576 56 75 the

116 2623 133 75 mufcles
266 2623 107 75 which
394 2623 96 75 cover
513 2623 55 75 the
584 2623 64 75 ribs
666 2623 60 75 and
743 2623 47 75 fill
809 2623 57 75 the
882 2623 104 75 fpaces
1003 2623 144 75 between

115 2669 100 75 them.
265 2669 39 75 In
328 2669 56 75 the
407 2669 144 75 mammae
576 2669 49 75 we
653 2669 49 75 fee
724 2669 55 75 the
802 2669 123 75 papillae
949 2669 37 75 or
1009 2669 136 75 nipples,

113 2716 63 75 and
193 2716 18 75 a
227 2716 88 75 fmall
334 2716 154 75 coloured
505 2716 108 75 circle,
638 2716 106 75 which
760 2716 172 75 furrounds
949 2716 101 75 them.

160 2761 76 75 The
252 2761 136 75 internal
411 2761 88 75 parts
517 2761 40 75 of
567 2761 57 75 the
640 2761 119 75 thorax
775 2761 53 75 are
852 2761 169 75 contained
1040 2761 33 75 in
1089 2761 56 75 the

113 2807 88 75 large
225 2807 106 75 cavjty
358 2807 40 75 of
425 2807 71 75 that
524 2807 127 75 portion
676 2807 40 75 of
741 2807 55 75 the
820 2807 109 75 trunk,
962 2807 101 75 called
1087 2807 57 75 the

115 2854 118 75 middle
258 2854 123 75 venter,
415 2854 37 75 or
475 2854 105 75 cavity
613 2854 39 75 of
676 2854 55 75 the
758 2854 115 75 breaft.
921 2854 85 75 This
1038 2854 107 75 cavity

112 2900 27 75 is
171 2900 87 75 lined
292 2900 44 75 by
363 2900 18 75 a
413 2900 181 75 membrane
625 2900 113 75 named
769 2900 122 75 pleura,
926 2900 62 75 and
1015 2900 130 75 divided

112 2946 68 75 into
195 2946 67 75 two
278 2946 114 75 lateral
407 2946 130 75 cavities
557 2946 43 75 by
621 2946 17 75 a
653 2946 223 75 membranous
893 2946 122 75 feptum
1030 2946 116 75 named

111 2993 230 75 mediaftinum,
366 2993 105 75 which
488 2993 27 75 is
533 2993 19 75 a
567 2993 186 75 produdion
769 2993 38 75 or
825 2993 199 75 duplicature
1041 2993 40 75 of
1088 2993 54 75 the

111 3038 122 75 pleura.

870 3038 8 75 -

1123 3038 15 75 j

205 3085 94 75 Vcl.
320 3085 29 75 I.
400 3085 124 75 Numb.
554 3085 53 75 12.

1319 185 39 75 O
1474 185 49 75 M
1637 185 52 75 Y.

2165 185 80 75 277

1259 254 107 75 Thefe
1394 254 86 75 parts
1498 254 52 75 are
1567 254 55 75 the
1639 254 104 75 heart,
1768 254 212 75 pericardium'
1980 254 11 75 ,
2017 254 97 75 trunk
2131 254 41 75 of
2190 254 55 75 the

1211 300 102 75 aorta,
1338 300 18 75 a
1372 300 128 75 portion
1516 300 41 75 of
1568 300 175 75 theafpera
1759 300 117 75 arteria
1899 300 61 75 and
1977 300 40 75 of
2028 300 55 75 the
2098 300 145 75 oefopha-

1211 347 72 75 gus,
1307 347 56 75 the
1389 347 112 75 dudus
1525 347 119 75 ladeus
1677 347 37 75 or
1742 347 194 75 thoracicus,
1962 347 55 75 the
2044 347 104 75 lungs,
2176 347 65 75 ire.

1258 393 76 75 The
1350 393 82 75 hard
1448 393 99 75 parts,
1572 393 103 75 which
1701 393 85 75 form
1802 393 55 75 the
1868 393 81 75 fides
1965 393 40 75 of
2016 393 54 75 the
2086 393 106 75 cavity
2208 393 40 75 of

1212 439 54 75 the
1283 439 130 75 thorax,
1439 439 53 75 are
1508 439 55 75 the
1580 439 115 75 twelve
1712 439 153 75 vertebras
1879 439 40 75 of
1937 439 54 75 the
2006 439 96 75 back,
2128 439 42 75 all
2188 439 55 75 the

1209 485 77 75 ribs,
1312 485 63 75 and
1391 485 55 75 the
1457 485 149 75 fternum.
1654 485 78 75 The
1748 485 64 75 foft
1829 485 100 75 parts,
1957 485 106 75 which
2080 485 161 75 complete

1207 531 55 75 the
1285 531 91 75 fides,
1402 531 54 75 are
1482 531 56 75 the
1561 531 182 75 membrane
1760 531 103 75 called
1879 531 123 75 pleura,
2027 531 106 75 which
2158 531 80 75 lines

1208 577 54 75 the
1274 577 118 75 cavity,
1418 577 62 75 and
1491 577 54 75 the
1562 577 384 75 mufculiinter-coftales,
1971 577 265 75 fterno-coftales,

1210 624 63 75 and
1284 624 219 75 diaphragma.

1254 670 58 75 All
1328 670 88 75 thefe
1439 670 79 75 hard
1543 670 62 75 and
1620 670 65 75 foft
1700 670 86 75 parts
1804 670 95 75 taken
1916 670 149 75 together
2080 670 160 75 reprefent

1208 716 19 75 a
1242 716 78 75 kind
1335 716 40 75 of
1387 716 88 75 cage,
1500 716 33 75 in
1551 716 84 75 fome
1651 716 139 75 meafure
1806 716 41 75 of
1866 716 18 75 a
1900 716 120 75 conical
2038 716 112 75 figure,
2168 716 71 75 flat-

1208 762 54 75 ted
1279 762 41 75 on
1341 762 55 75 the
1414 762 146 75 forefide,
1585 762 162 75 depreffed
1769 762 42 75 on
1828 762 55 75 the
1899 762 159 75 backfide,
2084 762 59 75 and
2163 762 31 75 in
2221 762 19 75 a

1207 809 130 75 manner
1352 809 132 75 divided
1500 809 68 75 into
1579 809 66 75 two
1653 809 101 75 nooks
1767 809 44 75 by
1822 809 55 75 the
1894 809 100 75 figure
2010 809 40 75 of
2062 809 55 75 the
2135 809 101 75 verte-

1206 855 62 75 bra?
1279 855 41 75 of
1338 855 55 75 the
1403 855 95 75 back,
1524 855 62 75 and
1598 855 191 75 terminated
1805 855 104 75 below
1925 855 42 75 by
1979 855 19 75 a
2008 855 101 75 broad
2120 855 118 75 arched

1207 902 77 75 bafis
1300 902 140 75 inclined
1456 902 183 75 backward.
1687 902 76 75 The
1779 902 180 75 intercoftal
1975 902 133 75 mufcles
2133 902 44 75 fill
2195 902 42 75 up

1205 948 55 75 the
1291 948 173 75 interftices
1489 948 137 75 betwixt
1656 948 55 75 the
1736 948 77 75 ribs,
1846 948 63 75 and
1939 948 35 75 fo
1999 948 158 75 complete
2181 948 56 75 the

1205 995 79 75 fides
1300 995 42 75 of
1359 995 55 75 the
1431 995 127 75 cavity;
1584 995 56 75 the
1656 995 77 75 bafis
1750 995 26 75 is
1793 995 55 75 the
1864 995 200 75 diaphragm,
2090 995 63 75 and
2180 995 56 75 the

1206 1041 110 75 pleura
1327 1041 57 75 not
1400 1041 78 75 only
1493 1041 111 75 covers
1621 1041 55 75 the
1691 1041 105 75 whole
1812 1041 90 75 inner
1921 1041 122 75 lurface
2059 1041 40 75 of
2110 1041 56 75 the
2182 1041 51 75 ca-

1205 1087 81 75 vity,
1313 1087 70 75 but,
1406 1087 44 75 by
1462 1087 140 75 forming
1629 1087 55 75 the
1712 1087 231 75 mediaftinum,
1977 1087 122 75 divides
2124 1087 25 75 it
2165 1087 68 75 into

1205 1134 77 75 two,
1307 1134 61 75 one
1384 1134 42 75 on
1442 1134 56 75 the
1509 1134 88 75 right
1612 1134 99 75 hand,
1736 1134 56 75 the
1804 1134 96 75 other
1915 1134 42 75 on
1969 1134 56 75 the
2041 1134 74 75 left.

1578 1240 42 75 M
1635 1240 34 75 A
1686 1240 42 75 M
1744 1240 42 75 M
1798 1240 58 75 jE.

1247 1326 85 75 The
1346 1326 90 75 name
1445 1326 44 75 of
1497 1326 154 75 mamma?,
1670 1326 36 75 or
1722 1326 131 75 breafts,
1872 1326 25 75 is
1915 1326 91 75 given
2024 1326 36 75 to
2071 1326 65 75 two
2153 1326 77 75 emi-

1201 1373 112 75 nences
1327 1373 87 75 more
1434 1373 37 75 or
1485 1373 60 75 lefs
1563 1373 115 75 round,
1703 1373 133 75 fituated
1851 1373 31 75 in
1905 1373 54 75 the
1978 1373 139 75 anterior
2133 1373 63 75 and
2212 1373 19 75 a

1201 1419 83 75 little
1300 1419 124 75 toward
1440 1419 55 75 the
1509 1419 113 75 lateral
1639 1419 86 75 parts
1737 1419 41 75 of
1796 1419 55 75 the
1863 1419 131 75 thorax.

1247 1466 76 75 The
1339 1466 87 75 body
1434 1466 41 75 of
1485 1466 56 75 the
1557 1466 142 75 mammae
1711 1466 26 75 is
1750 1466 106 75 partly
1867 1466 177 75 glandular,
2070 1466 62 75 and
2144 1466 87 75 part-

1200 1511 34 75 ly
1250 1511 91 75 made
1353 1511 43 75 up
1408 1511 39 75 of
1466 1511 67 75 fat;
1560 1511 38 75 or
1625 1511 26 75 it
1667 1511 26 75 is
1711 1511 18 75 a
1752 1511 167 75 glandular
1942 1511 160 75 fubftance
2120 1511 110 75 mixed

1199 1557 77 75 with
1294 1557 143 75 portions
1460 1557 42 75 of
1520 1557 56 75 the
1604 1557 182 75 membrana
1821 1557 138 75 adipoftl,
1993 1557 55 75 the
2068 1557 161 75 -cellulous

1200 1604 155 75 pelliculse
1373 1604 40 75 of
1431 1604 105 75 which
1564 1604 129 75 fupport
1719 1604 19 75 a
1754 1604 90 75 great
1869 1604 95 75 many
1990 1604 238 75 blood-veffels,

1204 1650 204 75 lymphatics,
1441 1650 63 75 and
1530 1650 107 75 ferous
1669 1650 37 75 or
1730 1650 182 75 ladtiferous
1944 1650 104 75 dudts,
2081 1650 150 75 together

1202 1696 76 75 with
1294 1696 90 75 fmall
1397 1696 168 75 glandular
1579 1696 177 75 molleculae
1774 1696 105 75 which
1892 1696 124 75 depend
2032 1696 41 75 on
2089 1696 55 75 the
2161 1696 68 75 for-

1202 1742 66 75 mer
1279 1742 8 75 ;
1316 1742 42 75 all
1375 1742 41 75 of
1433 1742 88 75 them
1537 1742 95 75 being
1647 1742 118 75 clofely
1781 1742 196 75 furrounded
1992 1742 43 75 by
2051 1742 66 75 two
2128 1742 100 75 mem-

1198 1789 111 75 branes
1326 1789 173 75 continued
1514 1789 83 75 from
1616 1789 54 75 the
1683 1789 168 75 pelliculas.

1243 1836 76 75 The
1335 1836 171 75 innermoft
1525 1836 40 75 of
1584 1836 86 75 thefe
1686 1836 67 75 two
1769 1836 212 75 membranes,
2007 1836 105 75 which
2141 1836 27 75 is
2191 1836 36 75 in

1199 1881 17 75 a
1239 1881 130 75 manner
1393 1881 55 75 the
1464 1881 78 75 bafis
1559 1881 40 75 of
1617 1881 56 75 the
1688 1881 87 75 body
1791 1881 40 75 of
1848 1881 55 75 the
1921 1881 146 75 mammal
2093 1881 26 75 is
2137 1881 91 75 thick

1196 1929 60 75 and
1275 1929 111 75 almoft
1408 1929 67 75 flat,
1501 1929 154 75 adhering
1672 1929 35 75 to
1730 1929 55 75 the
1802 1929 157 75 mufculus
1976 1929 166 75 peftoralis
2160 1929 66 75 ma-

1190 1974 67 75 jor.
1305 1974 76 75 The
1394 1974 115 75 fecond
1525 1974 37 75 or
1574 1974 147 75 external
1732 1974 181 75 membrane
1924 1974 25 75 is
1972 1974 139 75 thinner,
2126 1974 99 75 form-

1196 2021 54 75 ing
1267 2021 18 75 a
1301 2021 172 75 particular
1501 2021 196 75 integument
1724 2021 51 75 for
1791 2021 56 75 the
1870 2021 89 75 body
1982 2021 40 75 of
2046 2021 55 75 the
2126 2021 83 75 mam

1194 2067 63 75 ma,
1282 2067 88 75 more
1386 2067 38 75 or
1450 2067 59 75 lefs
1532 2067 136 75 convex,
1701 2067 63 75 and
1789 2067 153 75 adhering
1967 2067 119 75 clofely
2103 2067 34 75 to
2169 2067 57 75 the

1197 2114 80 75 Ikin.

1240 2162 76 75 The
1333 2162 113 75 corpus
1463 2162 161 75 adipofum
1643 2162 40 75 of
1689 2162 56 75 the
1762 2162 136 75 mamma
1909 2162 32 75 in
1952 2162 185 75 particular,
2163 2162 26 75 is
2208 2162 18 75 a

1194 2207 122 75 fpungy
1331 2207 125 75 clufter,
1482 2207 88 75 more
1598 2207 37 75 or
1662 2207 58 75 lefs
1748 2207 195 75 interlarded
1971 2207 80 75 with
2067 2207 60 75 fat,
2151 2207 39 75 or
2206 2207 19 75 a

1193 2253 163 75 colle&ion
1370 2253 41 75 of
1429 2253 220 75 membranous
1664 2253 168 75 pellioulae,
1857 2253 119 75 which,
1994 2253 44 75 by
2054 2253 54 75 the
2124 2253 99 75 parti-

1193 2299 87 75 cular
1295 2299 181 75 difpofition
1494 2299 40 75 of
1546 2299 85 75 their
1643 2299 93 75 outer
1752 2299 90 75 fides,
1860 2299 83 75 form
1957 2299 17 75 a
1990 2299 79 75 kind
2077 2299 41 75 of
2124 2299 99 75 mem-

1194 2347 95 75 brane
1305 2347 32 75 in
1355 2347 91 75 ihape
1463 2347 41 75 of
1522 2347 19 75 a
1556 2347 74 75 bag,
1654 2347 33 75 in
1704 2347 104 75 which
1827 2347 40 75 all
1886 2347 55 75 the
1958 2347 60 75 reft
2032 2347 42 75 of
2084 2347 56 75 the
2151 2347 71 75 cor-
2222 2379 15 49 :

1192 2392 57 75 pus
1266 2392 163 75 adipofum
1446 2392 27 75 is
1488 2392 181 75 contained.
1716 2392 78 75 The
1816 2392 140 75 anterior
1976 2392 37 75 or
2029 2392 93 75 outer
2145 2392 74 75 por-

1192 2438 68 75 tion
1277 2438 40 75 of
1334 2438 63 75 this
1425 2438 74 75 bag,
1519 2438 37 75 or
1579 2438 71 75 that
1675 2438 104 75 which
1794 2438 135 75 touches
1948 2438 53 75 the
2017 2438 79 75 Ikin,
2117 2438 25 75 is
2167 2438 54 75 ve-

1195 2484 38 75 ry
1242 2484 68 75 thin
1322 2484 10 75 ;
1359 2484 58 75 but
1434 2484 70 75 that
1520 2484 63 75 fide
1599 2484 79 75 next
1690 2484 55 75 the
1757 2484 165 75 peftoralis
1939 2484 114 75 major,
2078 2484 26 75 is
2117 2484 119 75 thicks

1238 2531 76 75 The
1342 2531 166 75 glandular
1533 2531 88 75 body
1637 2531 141 75 contains
1796 2531 19 75 a
1839 2531 98 75 white
1954 2531 93 75 mafs,
2072 2531 104 75 which
2194 2531 27 75 is

1192 2578 120 75 merely
1328 2578 19 75 a
1362 2578 165 75 colledtion
1540 2578 39 75 of
1598 2578 221 75 membranous
1831 2578 102 75 du<5ts,
1959 2578 125 75 narrow
2097 2578 31 75 at
2140 2578 83 75 their

1191 2624 116 75 origin,
1333 2624 100 75 broad
1450 2624 30 75 in
1499 2624 54 75 the
1570 2624 131 75 middle,
1725 2624 62 75 and
1802 2624 104 75 which
1920 2624 143 75 contra#
2079 2624 90 75 again
2188 2624 33 75 as

1191 2671 77 75 they
1284 2671 158 75 approach
1461 2671 55 75 the
1533 2671 128 75 papilla,
1688 2671 76 75 near
1780 2671 105 75 which
1906 2671 78 75 they
2006 2671 83 75 form
2108 2671 19 75 a
2143 2671 81 75 kind

1191 2716 39 75 of
1249 2716 94 75 circle
1370 2716 41 75 of
1429 2716 279 75 communication.
1765 2716 97 75 They
1889 2716 54 75 are
1969 2716 114 75 named
2108 2716 111 75 dudhis

1191 2763 146 75 ladliferi.

1237 2810 77 75 The
1326 2810 156 75 coloured
1499 2810 95 75 circle
1610 2810 39 75 or
1665 2810 67 75 diik
1744 2810 26 75 is
1789 2810 125 75 formed
1929 2810 45 75 by
1988 2810 56 75 the
2061 2810 78 75 Ikin,
2165 2810 56 75 the

1190 2855 89 75 inner
1293 2855 124 75 furface
1433 2855 40 75 of
1491 2855 104 75 which
1613 2855 127 75 fuftains
1758 2855 17 75 a
1804 2855 88 75 great
1920 2855 134 75 number
2073 2855 39 75 of
2132 2855 88 75 fmall

1189 2903 167 75 glandular
1372 2903 187 75 moHecube.
1607 2903 101 75 They
1723 2903 115 75 appear
1854 2903 79 75 very
1948 2903 121 75 plainly
2085 2903 41 75 all
2144 2903 77 75 over

1189 2949 53 75 the
1259 2949 119 75 areola,
1403 2949 80 75 even
1506 2949 42 75 on
1576 2949 56 75 the
1646 2949 134 75 oetfide,
1805 2949 108 75 where
1939 2949 78 75 they
2035 2949 83 75 form
2135 2949 85 75 little

1187 2998 54 75 flat
1250 2998 126 75 heights
1393 2998 36 75 or
1446 2998 176 75 eminences
1636 2998 32 75 at
1680 2998 155 75 different
1849 2998 153 75 diftances
2015 2998 89 75 quite
2118 2998 104 75 reuni

1187 3043 55 75 the
1259 3043 107 75 circle.

1960 3043 8 75 .

1280 3092 17 75 3

1738 3092 19 75 4
1776 3092 32 75 A

2148 3092 77 75 The
