2428 3377
167 174 101 75 Part
287 174 46 75 0.

704 174 41 75 A
861 174 44 75 N
1021 174 41 75 A
1179 174 37 75 T

214 240 77 75 The
314 240 242 75 femi-nervofus
579 240 101 75 bends
703 240 56 75 the
784 240 64 75 leg,
882 240 62 75 and
965 240 74 75 may
1060 240 140 75 likewife

167 287 85 75 bend
267 287 56 75 the
340 287 93 75 thigh
450 287 41 75 on
507 287 55 75 the
573 287 66 75 leg.
687 287 54 75 By
756 287 41 75 its
814 287 149 75 infertion
987 287 31 75 in
1036 287 54 75 the
1106 287 91 75 tube-

167 332 98 75 rofity
280 332 39 75 of
330 332 56 75 the
401 332 145 75 ifchium,
571 332 26 75 it
608 332 139 75 likewife
759 332 135 75 extends
906 332 54 75 the
977 332 92 75 thigh
1086 332 42 75 on
1140 332 55 75 the

166 379 114 75 pelvis,
305 379 64 75 and
391 379 119 75 carries
535 379 27 75 it
584 379 193 75 backward;
803 379 63 75 and
890 379 74 75 may
987 379 65 75 alfo
1075 379 122 75 extend

169 425 55 75 the
241 425 98 75 pelvis
355 425 41 75 on
413 425 55 75 the
485 425 106 75 thigh,
615 425 93 75 when
733 425 26 75 it
782 425 58 75 has
865 425 79 75 been
968 425 140 75 inclined
1130 425 67 75 for-

169 472 88 75 ward
274 472 78 75 with
368 472 57 75 the
447 472 60 75 reft
522 472 41 75 of
581 472 56 75 the
653 472 118 75 trunk;
798 472 62 75 and
881 472 228 75 confequently
1126 472 72 75 pre-

170 517 74 75 vent
260 517 41 75 its
313 517 95 75 being
424 517 127 75 carried
566 517 57 75 too
640 517 49 75 far
706 517 94 75 along
816 517 78 75 with
911 517 55 75 the
980 517 110 75 trdnk,
1108 517 93 75 when

170 563 48 75 we
230 563 89 75 (loop
334 563 155 75 forward,
513 563 103 75 either
631 563 145 75 ftanding
788 563 38 75 or
840 563 119 75 fitting.

216 609 75 75 The
307 609 329 75 femi-membranofus
657 609 57 75 has
730 609 55 75 the
801 609 84 75 fame
901 609 69 75 ules
987 609 79 75 with
1082 609 56 75 the
1153 609 48 75 fe-

170 655 223 75 mi-nervofus.
441 655 34 75 It
496 655 100 75 bends
620 655 55 75 the
699 655 53 75 leg
776 655 41 75 on
843 655 56 75 the
922 655 106 75 thigh,
1060 655 61 75 and
1145 655 57 75 the

171 701 90 75 thigh
278 701 42 75 on
338 701 55 75 the
409 701 52 75 leg
473 701 10 75 ;
509 701 27 75 it
553 701 136 75 extends
706 701 55 75 the
777 701 93 75 thigh
882 701 42 75 on
936 701 56 75 the
1008 701 113 75 pelvis,
1139 701 63 75 and

171 748 54 75 the
241 748 100 75 pelvis
357 748 41 75 on
415 748 55 75 the
487 748 103 75 thigh,
617 748 63 75 and
694 748 130 75 fuftains
840 748 56 75 the
908 748 101 75 pelvis
1022 748 93 75 when
1132 748 26 75 it
1172 748 29 75 is

171 794 139 75 inclined
325 794 154 75 forward.
517 794 10 75 *

216 840 76 75 The
308 840 66 75 two
390 840 143 75 portions
549 840 42 75 of
609 840 55 75 the
687 840 108 75 biceps
820 840 85 75 bend
928 840 55 75 the
1006 840 53 75 leg
1082 840 40 75 on
1145 840 57 75 the

170 886 106 75 thigh,
302 886 62 75 and
380 886 55 75 the
457 886 94 75 thigh
568 886 41 75 on
635 886 54 75 the
710 886 65 75 leg.
823 886 77 75 The
916 886 141 75 fuperior
1073 886 127 75 portion

170 933 138 75 likewife
324 933 136 75 extends
477 933 55 75 the
555 933 93 75 thigh
672 933 41 75 on
738 933 56 75 the
815 933 113 75 pelvis,
953 933 63 75 and
1031 933 55 75 the
1102 933 99 75 pelvis

171 979 41 75 on
224 979 55 75 the
294 979 107 75 thigh.
447 979 109 75 Thefe
572 979 74 75 four
657 979 69 75 ufes
738 979 32 75 in
787 979 128 75 general
932 979 53 75 are
1001 979 148 75 common
1165 979 35 75 to

171 1025 65 75 this
252 1025 117 75 mufcle
384 1025 79 75 with
472 1025 55 75 the
542 1025 341 75 femi-membranofus,
901 1025 63 75 and
975 1025 31 75 in
1018 1025 86 75 fome
1117 1025 84 75 mea-

171 1071 70 75 fure
257 1071 79 75 with
353 1071 56 75 the
425 1071 288 75 femi-tendinofus.

217 1117 77 75 The
310 1117 170 75 particular
496 1117 53 75 ufe
565 1117 40 75 of
625 1117 54 75 the
696 1117 120 75 biceps,
841 1117 64 75 and
927 1117 104 75 which
1049 1117 98 75 feems
1164 1117 35 75 to

171 1163 116 75 belong
303 1163 88 75 more
403 1163 35 75 to
455 1163 55 75 the
525 1163 85 75 fliort
627 1163 128 75 portion
772 1163 78 75 than
865 1163 36 75 to
918 1163 55 75 the
990 1163 106 75 other,
1121 1163 27 75 is
1166 1163 34 75 to

171 1209 140 75 perform
335 1209 56 75 the
415 1209 140 75 rotation
580 1209 39 75 of
636 1209 57 75 the
719 1209 52 75 leg
794 1209 95 75 v^hen
912 1209 89 75 bent,
1026 1209 44 75 by
1094 1209 106 75 which

172 1255 121 75 motion
309 1255 55 75 the
381 1255 69 75 toes
462 1255 54 75 are
528 1255 116 75 turned
655 1255 159 75 outward,
832 1255 63 75 and
910 1255 55 75 the
976 1255 72 75 heel
1063 1255 136 75 inward.

217 1301 77 75 The
310 1301 159 75 popliteus
486 1301 156 75 performs
660 1301 54 75 the
738 1301 139 75 rotation
902 1301 41 75 of
962 1301 55 75 the
1040 1301 51 75 leg
1108 1301 92 75 when

172 1347 89 75 bent,
286 1347 31 75 in
334 1347 19 75 a
368 1347 151 75 direction
535 1347 151 75 contrary
702 1347 35 75 to
753 1347 70 75 that
840 1347 39 75 of
891 1347 55 75 th.e
963 1347 120 75 biceps.
1122 1347 78 75 The

171 1394 107 75 biceps
294 1394 91 75 turns
401 1394 55 75 the
472 1394 52 75 leg
539 1394 86 75 from
639 1394 112 75 before
766 1394 166 75 outward;
959 1394 55 75 the
1039 1394 160 75 popliteus

172 1440 84 75 from
271 1440 113 75 before
399 1440 134 75 inward.

173 1600 157 75 Sect.
360 1600 72 75 XI.
489 1600 80 75 The
596 1600 213 75 Muscle's
843 1600 131 75 which
1006 1600 101 75 move
1138 1600 66 75 the

476 1654 137 75 Tarfus
644 1654 43 75 on
720 1654 65 75 the
812 1654 91 75 Leg.

336 1769 322 75 TIBIALIS
709 1769 324 75 ANTICUS.

218 1850 100 75 This
336 1850 27 75 is
381 1850 18 75 a
420 1850 76 75 Ion£
512 1850 129 75 mufcle,
665 1850 97 75 flefhy
778 1850 33 75 at
827 1850 56 75 the
905 1850 100 75 upper
1030 1850 83 75 part,
1138 1850 65 75 and

171 1897 167 75 tendinous
355 1897 33 75 at
404 1897 54 75 the
474 1897 112 75 lower,
607 1897 136 75 fituated
766 1897 41 75 on
833 1897 56 75 the
913 1897 149 75 fore-fide
1085 1897 41 75 of
1144 1897 55 75 the

171 1944 64 75 leg,
260 1944 143 75 between
419 1944 56 75 the
487 1944 79 75 tibia
577 1944 63 75 and
654 1944 55 75 the
726 1944 149 75 extenfor
887 1944 172 75 digitorum
1071 1944 127 75 longus.

217 1989 31 75 It
264 1989 26 75 is
308 1989 87 75 fixed
412 1989 112 75 above,
549 1989 44 75 by
609 1989 96 75 flefhy
721 1989 107 75 fibres,
852 1989 34 75 in
910 1989 55 75 the
989 1989 99 75 upper
1111 1989 88 75 third

170 2035 70 75 part
255 2035 40 75 of
314 2035 54 75 the
390 2035 147 75 external
561 2035 118 75 labium
701 2035 40 75 of
761 2035 54 75 the
841 2035 90 75 crifta
956 2035 97 75 tibiae,
1079 2035 62 75 and
1164 2035 41 75 of

170 2082 55 75 the
237 2082 99 75 infide
351 2082 41 75 of
410 2082 56 75 the
481 2082 197 75 aponeurofis
690 2082 132 75 tibialis,
847 2082 38 75 or
900 2082 40 75 of
958 2082 71 75 that
1046 2082 153 75 ligamen-

168 2127 74 75 tary
257 2127 170 75 expanfion
442 2127 104 75 which
571 2127 76 75 goes
672 2127 143 75 between
839 2127 55 75 the
913 2127 91 75 crifta
1028 2127 85 75 tibiae
1139 2127 62 75 and

170 2175 55 75 the
251 2175 137 75 anterior
406 2175 91 75 angle
514 2175 39 75 o£
565 2175 55 75 the
637 2175 109 75 fibula.
797 2175 32 75 It
846 2175 26 75 is
888 2175 139 75 likewife
1039 2175 87 75 fixed
1142 2175 58 75 ob-

169 2220 123 75 liquely
303 2220 32 75 in
348 2220 56 75 the
419 2220 100 75 upper
537 2220 65 75 two
613 2220 103 75 thirds
733 2220 40 75 of
784 2220 54 75 the
850 2220 122 75 outfide
988 2220 40 75 of
1039 2220 56 75 the
1111 2220 89 75 tibia,

171 2265 38 75 or
226 2265 69 75 that
313 2265 78 75 next
408 2265 55 75 the
479 2265 110 75 fibula.

216 2314 98 75 From
329 2314 114 75 thence
458 2314 27 75 it
497 2314 74 75 runs
588 2314 95 75 down
701 2314 63 75 and
775 2314 78 75 ends
865 2314 32 75 in
910 2314 19 75 a
944 2314 132 75 tendon,
1093 2314 106 75 which

169 2358 63 75 firft
247 2358 97 75 pafles
361 2358 139 75 through
519 2358 18 75 a
561 2358 72 75 ring
655 2358 40 75 of
713 2358 58 75 the
794 2358 147 75 common
965 2358 130 75 annular
1119 2358 79 75 liga-

169 2404 99 75 ment,
294 2404 62 75 and
380 2404 75 75 then
481 2404 141 75 through
647 2404 134 75 another
806 2404 139 75 feparate
970 2404 71 75 ring
1065 2404 135 75 fituated

169 2451 98 75 lower
282 2451 109 75 down.
440 2451 203 75 Afterwards
660 2451 54 75 the
738 2451 117 75 tendon
874 2451 26 75 is
924 2451 100 75 fixed,
1047 2451 105 75 partly
1169 2451 32 75 in

168 2497 55 75 the
245 2497 100 75 upper
361 2497 63 75 and
439 2497 91 75 inner
551 2497 72 75 part
642 2497 40 75 of
700 2497 55 75 the
771 2497 36 75 os
828 2497 164 75 cuboides,
1017 2497 62 75 and
1094 2497 106 75 partly

169 2543 31 75 in
217 2543 55 75 the
288 2543 97 75 infide
401 2543 41 75 of
460 2543 55 75 the
532 2543 63 75 firft
612 2543 81 75 bone
710 2543 40 75 of
768 2543 56 75 the
840 2543 200 75 metatarfus.

196 2654 213 75 Peronjeus
433 2654 157 75 Medius
615 2654 94 75 vulgo
732 2654 217 75 Peron^us
974 2654 191 75 Anticus.

214 2740 98 75 This
330 2740 25 75 is
373 2740 18 75 a
406 2740 77 75 long
500 2740 128 75 mufcle,
653 2740 134 75 fituated
803 2740 175 75 anteriorly
991 2740 40 75 on
1044 2740 55 75 the
1116 2740 81 75 mid-

169 2787 52 75 dle
234 2787 71 75 part
322 2787 40 75 of
380 2787 55 75 the
452 2787 108 75 fibula.

215 2831 31 75 It
270 2831 26 75 is
322 2831 88 75 fixed
433 2831 113 75 above,
570 2831 44 75 by
629 2831 96 75 flefhy
748 2831 109 75 fibres,
883 2831 35 75 to
941 2831 90 75 more
1047 2831 77 75 than
1142 2831 56 75 the

168 2877 119 75 middle
304 2877 87 75 third
407 2877 72 75 part
490 2877 40 75 of
549 2877 53 75 the
621 2877 139 75 anterior
777 2877 46 75 or.
830 2877 120 75 outfide
962 2877 40 75 of
1021 2877 55 75 the
1089 2877 108 75 fibula,

169 2924 61 75 and
246 2924 35 75 to
297 2924 56 75 the
370 2924 228 75 neighbouring
615 2924 72 75 part
703 2924 40 75 of
763 2924 55 75 the
831 2924 197 75 aponeurofis
1045 2924 130 75 tibialis.

215 2970 31 75 It
261 2970 28 75 is
312 2970 137 75 likewife
465 2970 84 75 fixed
568 2970 36 75 to
627 2970 18 75 a
660 2970 186 75 preduftion
872 2970 84 75 from
980 2970 55 75 the
1051 2970 99 75 infide
1166 2970 40 75 of

167 3016 69 75 that
253 3016 198 75 aponeurofis
468 3016 105 75 which
589 3016 74 75 runs
680 3016 36 75 to
732 3016 55 75 the
802 3016 100 75 upper
927 3016 73 75 part
1022 3016 40 75 of
1080 3016 59 75 the
1159 3016 39 75 ti-

214 3063 100 75 Vol.
340 3063 30 75 I.
419 3063 72 75 No.
521 3063 35 75 9.

1336 161 39 75 O
1493 161 48 75 M
1659 161 52 75 Y.

2192 161 81 75 509

1243 227 63 75 bia,
1332 227 63 75 and
1412 227 90 75 there
1518 227 103 75 ferves
1644 227 53 75 for
1712 227 19 75 a
1754 227 120 75 middle
1896 227 122 75 feptsm
2043 227 143 75 between
2208 227 65 75 this
2273 209 6 49 1

1242 275 117 75 mufcle
1375 275 63 75 and
1455 275 53 75 the
1520 275 151 75 extenfor
1686 275 173 75 digitorum
1876 275 128 75 longus.

1293 320 96 75 From
1405 320 113 75 thence
1530 320 25 75 it
1571 320 74 75 runs
1661 320 94 75 down
1773 320 63 75 and
1854 320 99 75 forms
1971 320 18 75 a
2007 320 133 75 tendon,
2165 320 106 75 which

1245 367 97 75 going
1358 367 33 75 in
1413 367 55 75 the
1491 367 154 75 direction
1668 367 42 75 of
1728 367 55 75 the
1806 367 130 75 oblique
1951 367 64 75 line
2031 367 42 75 on
2090 367 55 75 the
2161 367 109 75 fibula,

1246 413 97 75 pafles
1359 413 119 75 behind
1493 413 55 75 the
1572 413 146 75 external
1741 413 178 75 malleolus,
1943 413 64 75 and
2031 413 76 75 then
2130 413 142 75 through

1247 459 38 75 an
1303 459 130 75 annular
1448 459 151 75 ligament
1615 459 147 75 common
1778 459 34 75 to
1837 459 25 75 it
1886 459 61 75 and
1970 459 35 75 to
2029 459 56 75 the
2110 459 163 75 perensus

1247 506 169 75 maximus,
1440 506 63 75 and
1520 506 26 75 is
1566 506 186 75 afterwards
1769 506 137 75 inferted
1925 506 32 75 in
1974 506 55 75 the
2045 506 174 75 tuberofity
2241 506 34 75 at

1247 552 54 75 the
1314 552 78 75 bafis
1408 552 41 75 of
1467 552 55 75 the
1538 552 72 75 fifth
1627 552 180 75 metatarfal
1823 552 94 75 bone,
1941 552 130 75 fending
2087 552 52 75 off
2151 552 18 75 a
2184 552 89 75 fmall

1247 599 119 75 tendon
1381 599 35 75 to
1429 599 55 75 the
1500 599 63 75 firft
1580 599 139 75 phalanx
1736 599 40 75 of
1794 599 55 75 the
1864 599 85 75 little
1964 599 67 75 toe,

1380 703 380 75 PERONjEUS
1809 703 324 75 MINIMUS.

1292 781 98 75 This
1415 781 26 75 is
1467 781 18 75 a
1508 781 89 75 fmall
1622 781 128 75 mufcle,
1775 781 182 75 commonly
1975 781 137 75 thought
2136 781 35 75 to
2192 781 41 75 be
2257 781 19 75 a

1245 827 128 75 portion
1389 827 41 75 of
1448 827 54 75 the
1525 827 149 75 extenfor
1697 827 175 75 digitorum
1895 827 126 75 longus,
2049 827 126 75 though
2198 827 26 75 it
2247 827 27 75 is

1247 874 93 75 eafily
1350 874 160 75 feparable
1526 874 83 75 from
1626 874 38 75 it.

1295 919 31 75 It
1343 919 26 75 is
1386 919 98 75 fixed,
1510 919 43 75 by
1566 919 96 75 fleftiy
1679 919 106 75 fibres,
1810 919 32 75 in
1867 919 55 75 the
1947 919 99 75 lower
2070 919 73 75 half
2162 919 40 75 of
2220 919 57 75 the

1246 966 97 75 infide
1359 966 41 75 of
1418 966 56 75 the
1490 966 108 75 fibula,
1624 966 142 75 between
1783 966 67 75 two
1866 966 130 75 oblique
2012 966 88 75 bony
2114 966 94 75 lines,
2233 966 43 75 on

1246 1013 60 75 one
1322 1013 64 75 fide
1401 1013 41 75 of
1459 1013 56 75 the
1531 1013 100 75 lower
1646 1013 73 75 part
1733 1013 42 75 of
1786 1013 56 75 the
1857 1013 149 75 extenfor
2021 1013 174 75 digitorum
2207 1013 69 75 lon-

1246 1059 70 75 gus,
1341 1059 35 75 to
1392 1059 107 75 which
1511 1059 117 75 mufcle
1640 1059 24 75 it
1682 1059 25 75 is
1724 1059 112 75 limply
1851 1059 201 75 contiguous.

1294 1106 96 75 From
1402 1106 115 75 thence
1532 1106 26 75 it
1570 1106 75 75 runs
1662 1106 93 75 down
1772 1106 196 75 contracting
1991 1106 32 75 in
2039 1106 149 75 breadth,
2214 1106 63 75 and

1245 1152 96 75 pafles
1359 1152 78 75 with
1455 1152 56 75 the
1527 1152 149 75 extenfor
1687 1152 126 75 longus,
1833 1152 140 75 through
1990 1152 56 75 the
2062 1152 146 75 common
2221 1152 56 75 an-

1245 1198 91 75 nular
1351 1198 164 75 ligament,
1540 1198 140 75 forming
1697 1198 18 75 a
1730 1198 57 75 flat
1802 1198 132 75 tendon,
1959 1198 106 75 which
2088 1198 77 75 foon
2188 1198 88 75 fepa-

1246 1245 82 75 rates
1345 1245 84 75 from
1442 1245 90 75 thofe
1549 1245 40 75 of
1607 1245 55 75 the
1675 1245 159 75 extenfor,
1860 1245 63 75 and
1933 1245 26 75 is
1976 1245 137 75 inferted
2128 1245 77 75 near
2221 1245 56 75 the

1246 1291 77 75 bafis
1340 1291 41 75 of
1398 1291 55 75 the
1469 1291 72 75 fifth
1553 1291 182 75 metatarfal
1751 1291 94 75 bone.

1474 1397 566 75 GASTROCNEMII.

1292 1480 130 75 These
1438 1480 53 75 are
1508 1480 65 75 two
1589 1480 103 75 thick,
1717 1480 109 75 pretty
1841 1480 112 75 broad,
1979 1480 63 75 and
2058 1480 120 75 oblong
2193 1480 83 75 muf-

1246 1526 78 75 cles,
1348 1526 134 75 fituated
1497 1526 147 75 laterally
1661 1526 78 75 with
1757 1526 117 75 refpeeft
1895 1526 34 75 to
1945 1526 78 75 each
2040 1526 106 75 other,
2171 1526 32 75 in
2219 1526 59 75 the

1247 1570 202 75 fame^plane,
1474 1570 102 75 under
1592 1570 55 75 the
1663 1570 121 75 poples,
1810 1570 62 75 and
1888 1570 139 75 forming
2050 1570 19 75 a
2091 1570 92 75 great
2205 1570 73 75 part

1248 1618 39 75 of
1305 1618 86 75 what
1413 1618 27 75 is
1459 1618 101 75 called
1576 1618 55 75 the
1654 1618 69 75 calf
1741 1618 39 75 of
1799 1618 55 75 the
1869 1618 64 75 leg.
1982 1618 92 75 That
2098 1618 105 75 which
2218 1618 67 75 lies-

1248 1664 79 75 next
1343 1664 56 75 the
1415 1664 78 75 tibia
1508 1664 27 75 is
1552 1664 103 75 called
1671 1664 160 75 intermit,
1857 1664 62 75 and
1936 1664 70 75 that
2023 1664 78 75 next
2124 1664 55 75 the
2194 1664 82 75 fibu-

1248 1710 42 75 la,
1300 1710 188 75 >xV#r«ar,-
1521 1710 62 75 and
1606 1710 130 75 becaufe
1761 1710 77 75 they
1862 1710 96 75 form,
1984 1710 34 75 as
2046 1710 26 75 it
2098 1710 97 75 were,
2220 1710 58 75 the

1247 1756 87 75 belly
1349 1756 41 75 of
1407 1756 56 75 the
1478 1756 64 75 leg,
1566 1756 79 75 they
1668 1756 81 75 have
1777 1756 79 75 been
1885 1756 125 75 termed
2033 1756 31 75 in
2082 1756 113 75 Greek
2213 1756 63 75 ga~

1236 1804 202 75 jtrocnemii.

1294 1850 91 75 Each
1400 1850 118 75 mufcle
1540 1850 26 75 is
1583 1850 88 75 fixed
1687 1850 112 75 above,
1823 1850 45 75 by
1890 1850 19 75 a
1932 1850 56 75 flat
2010 1850 132 75 tendon,
2169 1850 34 75 to
2219 1850 58 75 the

1248 1895 151 75 pofterior
1415 1895 70 75 part
1501 1895 40 75 of
1559 1895 55 75 the
1631 1895 98 75 lower
1745 1895 173 75 extremity
1940 1895 40 75 of
1999 1895 54 75 the
2069 1895 37 75 os
2131 1895 144 75 femoris,

1248 1942 117 75 behind
1380 1942 55 75 the
1459 1942 112 75 lateral
1595 1942 174 75 tuberofity
1792 1942 40 75 of
1849 1942 78 75 each
1952 1942 146 75 condyle,
2124 1942 155 75 adhering

1247 1989 117 75 clofely
1379 1989 36 75 to
1431 1989 54 75 the
1502 1989 151 75 pofterior
1664 1989 167 75 ligaments
1849 1989 40 75 of
1900 1989 55 75 the
1967 1989 84 75 joint
2064 1989 39 75 of
2115 1989 53 75 the
2181 1989 94 75 knee.

1294 2035 97 75 From
1407 2035 114 75 thence
1538 2035 78 75 they
1633 2035 57 75 run
1706 2035 107 75 down,
1831 2035 77 75 each
1925 2035 138 75 forming
2081 2035 18 75 a
2114 2035 87 75 large
2213 2035 64 75 and

1246 2080 108 75 pretty
1365 2080 103 75 broad
1483 2080 97 75 flelhy
1596 2080 98 75 body,
1720 2080 189 75 irregularly
1924 2080 86 75 oval.

1293 2127 114 75 About
1424 2127 54 75 the
1495 2127 119 75 middle
1639 2127 40 75 of
1698 2127 56 75 the
1777 2127 65 75 leg,
1867 2127 78 75 they
1969 2127 63 75 end
2056 2127 32 75 in
2113 2127 19 75 a
2155 2127 120 75 ftrong,

1246 2174 112 75 broad,
1376 2174 147 75 common
1536 2174 130 75 tendon,
1684 2174 105 75 which
1802 2174 156 75 contracts
1971 2174 19 75 a
2000 2174 83 75 little
2095 2174 31 75 in
2140 2174 136 75 breadth

1247 2220 33 75 as
1297 2220 24 75 it
1340 2220 164 75 defeends,
1530 2220 59 75 and
1607 2220 26 75 is
1650 2220 135 75 inferted
1802 2220 31 75 in
1851 2220 54 75 the
1927 2220 153 75 pofterior
2100 2220 177 75 extremity

1247 2266 39 75 of
1304 2266 55 75 the
1375 2266 36 75 os
1428 2266 107 75 calcis,
1560 2266 149 75 together
1725 2266 79 75 with
1821 2266 55 75 the
1891 2266 119 75 tendon
2026 2266 42 75 of
2086 2266 55 75 the
2156 2266 118 75 foleus.

1619 2372 22 75 S
1659 2372 32 75 O
1709 2372 32 75 L
1757 2372 30 75 E
1805 2372 33 75 U
1858 2372 37 75 S.

1293 2450 105 75 This
1416 2450 27 75 is
1461 2450 17 75 a
1490 2450 100 75 large,
1615 2450 108 75 flelhy,
1749 2450 54 75 flat
1821 2450 128 75 mufcle,
1976 2450 109 75 nearly
2102 2450 40 75 of
2153 2450 37 75 an
2203 2450 80 75 oval

1245 2496 112 75 figure,
1384 2496 62 75 and
1464 2496 124 75 thicker
1604 2496 32 75 in
1653 2496 55 75 the
1724 2496 120 75 middle
1861 2496 76 75 than
1956 2496 31 75 at
2004 2496 62 75 -the
2081 2496 110 75 edges.
2240 2496 34 75 It

1248 2542 25 75 is
1289 2542 134 75 fituated
1438 2542 42 75 on
1502 2542 55 75 the
1577 2542 159 75 back-fide
1752 2542 41 75 of
1811 2542 55 75 the
1882 2542 64 75 leg,
1971 2542 98 75 lower
2085 2542 94 75 down
2197 2542 78 75 than

1246 2587 53 75 the
1317 2587 231 75 gaftrocnemii,
1565 2587 44 75 by
1621 2587 104 75 which
1742 2587 26 75 it
1780 2587 25 75 is
1822 2587 137 75 covered
1970 2587 10 75 ;
2006 2587 63 75 and
2084 2587 87 75 thefe
2183 2587 95 75 three

1247 2635 130 75 mufcles
1391 2635 83 75 form
1491 2635 55 75 the
1563 2635 68 75 calf
1650 2635 41 75 of
1709 2635 54 75 the
1779 2635 64 75 leg.

1293 2680 29 75 It
1339 2680 27 75 is
1382 2680 88 75 fixed
1485 2680 112 75 above,
1623 2680 107 75 partly
1742 2680 35 75 to
1792 2680 55 75 the
1863 2680 92 75 tibia,
1980 2680 64 75 and
2055 2680 106 75 partly
2171 2680 36 75 to
2219 2680 56 75 the

1247 2728 108 75 fibula.

1293 2775 200 75 Afterwards
1510 2775 124 75 leaving
1651 2775 87 75 thefe
1754 2775 65 75 two
1835 2775 112 75 bones,
1964 2775 26 75 it
2000 2775 76 75 ends
2093 2775 31 75 in
2142 2775 132 75 abroad

1246 2820 104 75 ftrong
1366 2820 130 75 tendon,
1521 2820 118 75 which,
1663 2820 149 75 together
1828 2820 80 75 with
1925 2820 70 75 that
2011 2820 40 75 of
2062 2820 55 75 the
2134 2820 148 75 gaftroc-'

1246 2866 106 75 nemii,
1377 2866 99 75 forms
1493 2866 85 75 what
1594 2866 28 75 is
1640 2866 102 75 called
1758 2866 92 75 tendi
1870 2866 153 75 ^chillis.
2064 2866 86 75 This
2168 2866 107 75 ftrong

1246 2913 117 75 tendon
1378 2913 154 75 contracts
1551 2913 17 75 a
1580 2913 83 75 little
1678 2913 32 75 in
1726 2913 41 75 its
1784 2913 123 75 paflage
1918 2913 35 75 to
1964 2913 19 75 t'
1983 2913 38 75 qe
2033 2913 36 75 os
2085 2913 108 75 calcis,
2211 2913 62 75 and

1246 2960 74 75 then
1345 2960 180 75 expanding
1547 2960 20 75 a
1590 2960 95 75 little,
1715 2960 25 75 it
1764 2960 27 75 is
1814 2960 139 75 inferted
1974 2960 165 75 obliquely
2161 2960 32 75 in
2217 2960 56 75 the

1245 3008 158 75 back-fide
1420 3008 40 75 of
1478 3008 72 75 that
1565 3008 95 75 bone,
1685 3008 41 75 all
1744 3008 56 75 the
1817 3008 71 75 way
1903 3008 35 75 to
1956 3008 57 75 the
2027 3008 186 75 tuberofity.

1720 3075 16 75 3
1763 3075 36 75 G

2132 3075 142 75 TIBI-
