2406 3327
167 180 28 49 4
195 148 25 75 9

629 148 42 75 A
748 148 41 75 G
863 148 38 75 R
976 148 21 75 I
1070 148 35 75 C
1184 148 45 75 U

169 210 63 75 and
247 210 35 75 to
298 210 233 75 communicate
547 210 34 75 to
590 210 27 75 It
635 210 34 75 as
686 210 77 75 high
784 210 20 75 a
818 210 117 75 degree
959 210 40 75 of
1018 210 39 75 an
1074 210 129 75 abforb-

170 256 54 75 ing
241 256 125 75 quality
388 256 33 75 as
438 256 26 75 it
480 256 27 75 is
525 256 130 75 capable
671 256 40 75 of
724 256 172 75 receiving.

217 301 110 75 Thefe
346 301 151 75 different
525 301 181 75 operations
729 301 40 75 of
796 301 76 75 lime
900 301 26 75 is
959 301 176 75 confirmed
1160 301 46 75 by

173 348 202 75 experience,
393 348 63 75 and
472 348 166 75 agreeable
650 348 35 75 to
702 348 55 75 the
773 348 138 75 pfa&ice
923 348 32 75 in
967 348 90 75 thofe
1070 348 88 75 parts
1170 348 42 75 of

175 393 158 75 Scotland
347 393 107 75 where
470 393 74 75 lime
561 393 25 75 is
605 393 78 75 moft
702 393 89 75 ufed.
839 393 113 75 When
968 393 171 75 employed
1154 393 53 75 for

171 440 59 75 the
245 440 134 75 purpofe
395 440 41 75 of
453 440 178 75 improving
648 440 115 75 barren
780 440 104 75 lands,
918 440 26 75 it
968 440 27 75 is
1023 440 65 75 laid
1115 440 43 75 on
1174 440 33 75 in

175 487 87 75 large
279 487 185 75 quantities,
483 487 35 75 to
535 487 72 75 give
628 487 19 75 a
658 487 143 75 flimulus
818 487 35 75 to
870 487 57 75 the
942 487 73 75 foil,
1036 487 64 75 and
1115 487 93 75 make

176 532 27 75 it
221 532 93 75 exert
331 532 42 75 all
391 532 42 75 its
450 532 132 75 vigour;
609 532 62 75 and
688 532 91 75 when
797 532 126 75 applied
936 532 38 75 to
990 532 75 75 land
1078 532 132 75 already

176 578 179 75 improved,
375 578 26 75 it
429 578 27 75 is
481 578 77 75 ufed
575 578 31 75 in
634 578 90 75 fmall
747 578 186 75 quantities,
966 578 66 75 and
1058 578 153 75 repeated

177 622 81 75 once
282 622 97 75 every
394 622 89 75 third
501 622 38 75 or
566 622 111 75 fourth
701 622 88 75 year,
818 622 37 75 to
880 622 133 75 prevent
1041 622 56 75 too
1120 622 91 75 great

177 672 41 75 an
244 672 160 75 exertion,
434 672 63 75 and
523 672 244 75 impoveriiliing
788 672 56 75 the
873 672 89 75 land,
991 672 45 75 by
1062 672 148 75 exhauft-

178 718 56 75 ing
249 718 59 75 too
322 718 97 75 much
435 718 40 75 of
487 718 54 75 the
560 718 164 75 vegetable
739 718 95 75 food.

226 763 76 75 The
329 763 92 75 lands
448 763 32 75 in
507 763 157 75 Scotland
687 763 131 75 capable
846 763 40 75 of
905 763 56 75 the
988 763 137 75 greatefi:
1150 763 59 75 im-

179 808 190 75 provement
396 808 43 75 by
462 808 89 75 lime,
584 808 53 75 are
654 808 55 75 the
732 808 153 75 out-field
908 808 64 75 and
996 808 82 75 muir
1105 808 103 75 lands.

179 856 79 75 The
274 856 150 75 out-field
434 856 77 75 land
527 856 26 75 is
563 856 163 75 generally
737 856 77 75 kept
831 856 91 75 three
935 856 92 75 years
1044 856 31 75 in
1088 856 122 75 tillage,

181 902 65 75 and
268 902 116 75 carries
400 902 91 75 three
507 902 94 75 crops
617 902 40 75 of
679 902 72 75 oats
766 902 10 75 ;
813 902 25 75 it
864 902 26 75 is
914 902 77 75 then
1015 902 137 75 allowed
1175 902 36 75 to

181 950 63 75 reft
258 950 48 75 fix
321 950 105 75 years,
439 950 63 75 and
518 950 83 75 after
617 950 71 75 that
704 950 27 75 is
743 950 140 75 brought
899 950 92 75 again
1002 950 69 75 into
1084 950 124 75 tillage.

181 994 86 75 This
292 994 134 75 method
446 994 39 75 of
505 994 188 75 cultivating
721 994 150 75 out-field
892 994 76 75 land
989 994 25 75 is
1032 994 113 75 found,
1170 994 44 75 by

182 1041 206 75 calculation,
417 1041 35 75 to
476 1041 41 75 be
546 1041 189 75 fufficiently
751 1041 71 75 able
842 1041 35 75 to
894 1041 76 75 bear
988 1041 55 75 the
1059 1041 154 75 expence,

184 1088 64 75 and
263 1088 96 75 allow
375 1088 20 75 a
410 1088 181 75 reafonable
615 1088 97 75 profit
728 1088 35 75 to
780 1088 55 75 the
855 1088 132 75 farmer,
1015 1088 119 75 befides
1157 1088 57 75 the

185 1133 233 75 improvement
433 1133 56 75 the
509 1133 90 75 lands
615 1133 109 75 derive
741 1133 85 75 from
842 1133 56 75 the
913 1133 89 75 lime.

235 1180 39 75 Is
294 1180 163 75 England,
481 1180 74 75 lime
572 1180 27 75 is
612 1180 179 75 fometimes
807 1180 78 75 ufed
911 1180 34 75 as
970 1180 19 75 a
1010 1180 56 75 top
1083 1180 133 75 dreffing

188 1226 53 75 for
257 1226 118 75 wheat.
422 1226 78 75 The
518 1226 133 75 method
662 1226 26 75 is
705 1226 82 75 this:
814 1226 99 75 They
929 1226 66 75 fow
1009 1226 85 75 their
1109 1226 108 75 wheat

188 1271 136 75 without
339 1271 108 75 laying
464 1271 42 75 on
530 1271 62 75 any
608 1271 130 75 manure
752 1271 11 75 ;
789 1271 63 75 and
873 1271 33 75 in
922 1271 56 75 the
994 1271 171 75 beginning
1180 1271 41 75 of

189 1318 177 75 February,
384 1318 51 75 for
452 1318 96 75 every
564 1318 72 75 acre
652 1318 41 75 of
703 1318 87 75 land,
804 1318 77 75 they
894 1318 74 75 take
986 1318 45 75 20
1047 1318 123 75 bulhels
1183 1318 39 75 of

189 1365 150 75 unflaked
355 1365 87 75 lime,
471 1365 63 75 and
551 1365 21 75 4
588 1365 122 75 bufhels
734 1365 42 75 of
795 1365 88 75 fand,
912 1365 38 75 or
966 1365 250 75 brick-rubbilh.

189 1411 163 75 Towards
367 1411 57 75 the
451 1411 63 75 end
532 1411 40 75 of
596 1411 55 75 the
672 1411 125 75 month,
828 1411 55 75 the
899 1411 75 75 lime
990 1411 29 75 is
1033 1411 107 75 flaked
1155 1411 64 75 and

190 1457 112 75 mixed
311 1457 78 75 with
404 1457 56 75 the
476 1457 96 75 fand:
600 1457 38 75 In
655 1457 56 75 the
722 1457 57 75 laft
794 1457 91 75 week
897 1457 40 75 of
948 1457 56 75 the
1016 1457 124 75 month,
1154 1457 65 75 this

191 1504 27 75 is
235 1504 158 75 fcattered
412 1504 44 75 by
467 1504 72 75 way
555 1504 39 75 of
602 1504 205 75 top-drefling
819 1504 78 75 over
911 1504 56 75 the
984 1504 96 75 green
1091 1504 128 75 wheat;

192 1550 65 75 and
272 1550 34 75 as
330 1550 67 75 rain
413 1550 164 75 generally
592 1550 163 75 fucceeds,
782 1550 26 75 it
830 1550 26 75 is
884 1550 78 75 foon
984 1550 126 75 waflied
1124 1550 95 75 down

193 1596 36 75 to
244 1596 56 75 the
318 1596 87 75 roots
427 1596 41 75 of
494 1596 56 75 the
567 1596 100 75 plant,
693 1596 64 75 and
778 1596 88 75 gives
890 1596 88 75 them
995 1596 19 75 a
1029 1596 113 75 vigour
1159 1596 62 75 and

194 1643 141 75 ftrength
352 1643 40 75 of
406 1643 127 75 grov/yh
549 1643 71 75 that
631 1643 27 75 is
676 1643 186 75 aftonifhing
878 1643 35 75 to
929 1643 113 75 people
1054 1643 74 75 who
1139 1643 82 75 have

195 1688 94 75 never
304 1688 72 75 feen
397 1688 64 75 this
479 1688 134 75 method
637 1688 167 75 pradfifed.
853 1688 79 75 But,
960 1688 32 75 if
1010 1688 55 75 the
1081 1688 141 75 weather

192 1734 136 75 inclines
342 1734 35 75 to
393 1734 41 75 be
449 1734 74 75 dry,
538 1734 56 75 the
611 1734 149 75 quantity
771 1734 41 75 of
825 1734 79 75 fand
919 1734 80 75 muft
1014 1734 39 75 be
1068 1734 153 75 doubled,

195 1781 37 75 to
247 1781 133 75 prevent
395 1781 56 75 the
467 1781 105 75 plants
587 1781 87 75 from
695 1781 95 75 being
816 1781 98 75 burnt
936 1781 44 75 by
994 1781 58 75 the
1068 1781 155 75 corrofive

198 1827 124 75 quality
337 1827 40 75 of
389 1827 55 75 the
459 1827 88 75 lime.

589 1937 64 75 Of
672 1937 165 75 Maries.

243 2014 88 75 The
357 2014 128 75 general
503 2014 176 75 characters
691 2014 45 75 by
751 2014 106 75 which
874 2014 99 75 marie
989 2014 27 75 is
1029 2014 74 75 beft
1115 2014 109 75 diftin-

200 2060 141 75 guilhed,
359 2060 53 75 are
428 2060 87 75 thefe
530 2060 9 75 :
574 2060 33 75 It
622 2060 133 75 attracts
774 2060 63 75 and
860 2060 153 75 ferments
1030 2060 79 75 with
1126 2060 99 75 acids,

201 2107 63 75 and
279 2107 78 75 does
375 2107 55 75 not
446 2107 82 75 bake
544 2107 33 75 in
596 2107 56 75 the
672 2107 57 75 fire
746 2107 64 75 like
838 2107 133 75 potters
988 2107 105 75 earth,
1120 2107 109 75 which

204 2153 216 75 diftinguiflies
437 2153 26 75 it
478 2153 189 75 fufficiently
684 2153 85 75 from
792 2153 92 75 clay;
917 2153 86 75 upon
1019 2153 95 75 being
1129 2153 100 75 expo-

203 2198 55 75 fed
274 2198 51 75 for
338 2198 85 75 fome
439 2198 77 75 time
532 2198 36 75 to
584 2198 55 75 the
656 2198 47 75 air
714 2198 63 75 and
792 2198 153 75 weather,
962 2198 26 75 it
1004 2198 146 75 diflblves
1165 2198 66 75 like

204 2245 202 75 qmck-lime,
432 2245 63 75 and
510 2245 75 75 falls
604 2245 69 75 intp
697 2245 18 75 a
730 2245 63 75 fine
816 2245 151 75 powder;
991 2245 94 75 when
1109 2245 73 75 dry,
1205 2245 28 75 it

204 2292 28 75 is
260 2292 114 75 friable
394 2292 64 75 and
475 2292 154 75 undtuous
656 2292 65 75 like
742 2292 144 75 lead-ore
900 2292 10 75 ;
938 2292 92 75 when
1052 2292 77 75 wet,
1153 2292 26 75 it
1204 2292 28 75 is

207 2337 65 75 foft
297 2337 62 75 and
383 2337 134 75 flippery
544 2337 35 75 to
604 2337 55 75 the
692 2337 117 75 touch;
850 2337 141 75 whereas
1023 2337 213 75 virgin-earth

206 2384 28 75 is
252 2384 102 75 rough
371 2384 63 75 and
448 2384 114 75 gritty.

138 2464 22 49 x

252 2432 113 75 There
390 2432 53 75 are
467 2432 18 75 a
505 2432 89 75 great
621 2432 124 75 variety
769 2432 40 75 of
832 2432 114 75 marks
958 2432 10 75 ;
1001 2432 59 75 but
1080 2432 78 75 they
1180 2432 56 75 are

209 2474 161 75 generally
387 2474 139 75 reduced
550 2474 35 75 to
609 2474 91 75 three
722 2474 115 75 kinds:
863 2474 78 75 The
957 2474 84 75 clay,
1063 2474 54 75 the
1134 2474 99 75 ftone,

211 2520 62 75 and
291 2520 58 75 the
362 2520 77 75 fhell
455 2520 113 75 marie.

255 2566 76 75 The
348 2566 70 75 clay
436 2566 63 75 and
514 2566 86 75 ftone
627 2566 114 75 marks
759 2566 53 75 are
828 2566 110 75 nearly
949 2566 41 75 of
1010 2566 54 75 the
1081 2566 83 75 fame
1180 2566 56 75 na-

211 2613 70 75 ture
298 2613 11 75 ;
335 2613 58 75 but
413 2613 56 75 the
484 2613 192 75 fliell-maile
693 2613 110 75 differs
820 2613 85 75 from
921 2613 93 75 both.

423 2722 64 75 Of
506 2722 94 75 Clay
630 2722 84 75 and
739 2722 111 75 Stone
880 2722 158 75 Maries.

261 2798 175 75 Though
455 2798 105 75 plants
576 2798 65 75 will
664 2798 59 75 not
740 2798 89 75 grow
845 2798 33 75 in
894 2798 88 75 thefe
998 2798 128 75 marks,
1144 2798 96 75 when

216 2846 99 75 pure;
340 2846 68 75 yet,
424 2846 94 75 when
533 2846 112 75 mixed
659 2846 78 75 with
754 2846 70 75 foil,
833 2846 78 75 they
926 2846 131 75 become
1073 2846 39 75 an
1128 2846 110 75 excel-

219 2890 67 75 lent
302 2890 141 75 manure.

266 2937 99 75 Stone
381 2937 62 75 and
461 2937 73 75 clay
548 2937 114 75 marks
684 2937 52 75 are
753 2937 150 75 poffeffed
919 2937 41 75 of
970 2937 96 75 much
1081 2937 55 75 the
1152 2937 84 75 fame

220 2983 147 75 qualities
385 2983 79 75 with
479 2983 87 75 lime,
592 2983 63 75 anfl
674 2983 229 75 confequently
919 2983 50 75 aft
995 2983 110 75 nearly
1129 2983 32 75 in
1184 2983 56 75 the

1308 141 36 75 L
1427 141 39 75 T
1539 141 45 75 U
1658 141 36 75 R
1774 141 48 75 E.

1256 206 84 75 fame
1356 206 131 75 manner
1508 206 87 75 upon
1610 206 57 75 the
1683 206 71 75 foil.
1810 206 100 75 They
1930 206 232 75 communicate
2178 206 35 75 to
2228 206 57 75 the

1257 252 59 75 foil
1332 252 18 75 a
1366 252 110 75 power
1493 252 41 75 of
1553 252 170 75 attradling
1749 252 57 75 the
1832 252 166 75 vegetable
2026 252 79 75 food
2128 252 87 75 from
2230 252 56 75 the

1256 299 57 75 air,
1338 299 131 75 diflblve
1491 299 57 75 the
1570 299 167 75 vegetable
1759 299 91 75 food,
1876 299 60 75 and
1954 299 131 75 prepare
2106 299 27 75 it
2159 299 52 75 for
2231 299 53 75 en-

1256 344 105 75 tering
1388 344 56 75 the
1471 344 89 75 roots
1587 344 41 75 of
1650 344 118 75 plants.
1826 344 101 75 They
1941 344 139 75 likewife
2096 344 114 75 attradt
2226 344 59 75 oils

1257 391 34 75 fo
1314 391 151 75 ftrongly,
1491 391 70 75 that
1582 391 80 75 they
1678 391 54 75 are
1748 391 185 75 frequently
1948 391 75 75 ufed
2040 391 53 75 for
2108 391 180 75 extracting

1258 437 111 75 greafy
1384 437 86 75 fpots
1482 437 57 75 out
1555 437 42 75 of
1606 437 110 75 cloth;
1741 437 78 75 they
1835 437 54 75 are
1904 437 168 75 therefore
2081 437 156 75 fuppofed
2252 437 36 75 to

1259 485 114 75 attract
1390 485 45 75 oil
1450 485 85 75 from
1552 485 55 75 the
1624 485 46 75 air
1687 485 63 75 and
1764 485 104 75 earth,
1892 485 107 75 which
2015 485 27 75 is
2058 485 56 75 the
2136 485 92 75 chief
2237 485 51 75 in-

1259 530 148 75 gredient
1422 530 33 75 in
1472 530 56 75 the
1544 530 214 75 nourifhment
1774 530 40 75 of
1824 530 118 75 plants.

1307 577 90 75 Both
1413 577 56 75 the
1486 577 72 75 clay
1574 577 64 75 and
1654 577 86 75 ftone
1757 577 115 75 marks
1889 577 54 75 are
1962 577 76 75 long
2057 577 41 75 of
2108 577 179 75 diffolving.

1261 623 107 75 Large
1384 623 103 75 pieces
1506 623 39 75 of
1556 623 56 75 the
1629 623 202 75 ftone-mark
1847 623 54 75 are
1917 623 180 75 fometimes
2113 623 101 75 found
2229 623 60 75 un-

1260 670 153 75 difiblved
1429 670 96 75 many
1542 670 91 75 years
1650 670 125 75 after'it
1789 670 59 75 has
1865 670 80 75 been
1960 670 67 75 laid
2050 670 42 75 on
2118 670 57 75 the
2198 670 78 75 land

1259 716 85 75 This
1362 716 128 75 renders
1508 716 26 75 it
1550 716 158 75 neceffary
1724 716 35 75 to
1781 716 54 75 lay
1857 716 43 75 on
1928 716 19 75 a
1969 716 89 75 large
2082 716 148 75 quantity
2253 716 35 75 o.

1261 763 101 75 them,
1384 763 58 75 left
1458 763 84 75 their
1558 763 110 75 effedts
1685 763 112 75 Ihould
1813 763 56 75 not
1886 763 33 75 at
1931 763 66 75 firft
2013 763 127 75 appear.

1307 809 49 75 As
1373 809 100 75 mark
1489 809 74 75 may
1578 809 47 75 be
1643 809 77 75 ufed
1735 809 80 75 with
1831 809 105 75 fafety
1957 809 32 75 in
2012 809 128 75 greater
2163 809 127 75 quanti-

1261 856 36 75 ty
1316 856 78 75 than
1410 856 86 75 lime,
1521 856 26 75 it
1563 856 80 75 muft
1659 856 231 75 communicate
1906 856 35 75 to
1958 856 56 75 the
2030 856 58 75 foil
2110 856 19 75 a
2149 856 143 75 ftronger

1261 901 109 75 power
1386 901 40 75 of
1437 901 170 75 attracting
1618 901 55 75 the
1690 901 166 75 vegetable
1872 901 90 75 food,
1988 901 63 75 and
2063 901 230 75 confequently

1261 948 26 75 it
1304 948 101 75 ought
1422 948 117 75 always
1556 948 35 75 to
1608 948 40 75 be
1665 948 177 75 preferred.
1898 948 108 75 Mark
2022 948 27 75 is
2066 948 138 75 likewife
2220 948 72 75 pre-

1263 995 120 75 ferable
1399 995 35 75 to
1451 995 74 75 lime
1542 995 32 75 in
1590 995 64 75 this
1673 995 129 75 refpedt,
1826 995 72 75 that
1914 995 26 75 it
1956 995 26 75 is
1999 995 113 75 longer
2127 995 40 75 of
2185 995 107 75 diffol-

1263 1041 94 75 ving;
1384 1041 61 75 and
1463 1041 162 75 therefore
1641 1041 56 75 the
1713 1041 76 75 land
1812 1041 68 75 will
1897 1041 148 75 continue
2061 1041 36 75 to
2113 1041 93 75 carry
2222 1041 69 75 bet-

1264 1086 48 75 ter
1330 1086 92 75 crops
1435 1086 51 75 for
1498 1086 118 75 feveral
1628 1086 91 75 years
1736 1086 112 75 longer
1863 1086 83 75 after
1957 1086 26 75 it
1995 1086 57 75 has
2065 1086 79 75 been
2156 1086 135 75 marled.

1265 1133 174 75 However,
1464 1133 30 75 if
1504 1133 56 75 the
1576 1133 58 75 foil
1649 1133 41 75 be
1706 1133 64 75 foft
1786 1133 63 75 and
1864 1133 133 75 fpungy,
2023 1133 55 75 the
2094 1133 112 75 mark,
2227 1133 65 75 like

1263 1180 88 75 lime,
1375 1180 68 75 will
1466 1180 66 75 fink
1549 1180 104 75 below
1668 1180 56 75 the
1742 1180 93 75 reach
1852 1180 40 75 of
1910 1180 54 75 the
1980 1180 132 75 plough,
2139 1180 63 75 and
2221 1180 72 75 pre-

1264 1226 75 75 vent
1354 1226 90 75 thofe
1459 1226 193 75 advantages
1668 1226 106 75 which
1790 1226 104 75 might
1910 1226 161 75 naturally
2083 1226 40 75 be
2138 1226 156 75 expecced

1266 1273 84 75 from
1366 1273 40 75 it.

1309 1318 146 75 Though
1467 1318 99 75 marie
1577 1318 27 75 is
1616 1318 177 75 preferable
1809 1318 36 75 to
1859 1318 76 75 lime
1951 1318 34 75 as
2003 1318 19 75 a
2033 1318 152 75 manure;
2201 1318 56 75 yet
2268 1318 27 75 it

1266 1366 80 75 muft
1362 1366 39 75 be
1417 1366 195 75 confidered,
1638 1366 71 75 that
1730 1366 85 75 their
1841 1366 166 75 operation
2030 1366 84 75 upon
2131 1366 55 75 the
2203 1366 91 75 earth

1267 1413 26 75 is
1310 1413 55 75 the
1381 1413 103 75 fame;
1520 1413 240 75 confequently,
1792 1413 93 75 when
1902 1413 122 75 markd
2046 1413 77 75 land
2140 1413 58 75 has
2215 1413 79 75 been

1268 1459 173 75 exhaufted
1467 1459 79 75 with
1571 1459 105 75 crops,
1712 1459 26 75 it
1762 1459 116 75 cannot
1911 1459 123 75 receive
2059 1459 94 75 much
2177 1459 118 75 benefit

1267 1506 85 75 from
1368 1506 39 75 an
1424 1506 182 75 immediate
1622 1506 191 75 application
1830 1506 40 75 of
1887 1506 99 75 mark
2013 1506 20 75 a
2057 1506 116 75 fecond
2194 1506 100 75 time;

1269 1552 51 75 for
1332 1552 54 75 the
1398 1552 84 75 fame
1493 1552 122 75 reafon,
1632 1552 27 75 it
1676 1552 57 75 can
1745 1552 123 75 receive
1880 1552 33 75 as
1926 1552 84 75 little
2022 1552 176 75 advantage
2209 1552 86 75 from

1269 1599 74 75 lime
1357 1599 9 75 :
1394 1599 102 75 Dung
1520 1599 172 75 therefore,
1718 1599 34 75 as
1776 1599 26 75 it
1830 1599 143 75 contains
2001 1599 18 75 a
2047 1599 90 75 great
2162 1599 133 75 propor-

1271 1645 69 75 tion
1355 1645 40 75 of
1409 1645 54 75 the
1480 1645 165 75 vegetable
1660 1645 92 75 food,
1776 1645 107 75 which
1900 1645 75 75 lime
1991 1645 62 75 and
2070 1645 115 75 marks
2202 1645 93 75 dimi-

1271 1691 79 75 nifh,
1386 1691 27 75 is
1436 1691 55 75 the
1514 1691 80 75 moft
1618 1691 115 75 proper
1755 1691 132 75 manure
1908 1691 52 75 for
1987 1691 123 75 markd
2136 1691 38 75 or
2197 1691 101 75 limed

1271 1738 92 75 lands
1379 1738 176 75 exhaufted
1570 1738 79 75 with
1666 1738 106 75 crops.

1318 1783 106 75 What
1439 1783 65 75 was
1519 1783 68 75 faid
1602 1783 78 75 with
1698 1783 115 75 regard
1827 1783 37 75 to
1879 1783 56 75 the
1953 1783 191 75 application
2156 1783 41 75 of
2207 1783 87 75 lime,

1271 1830 31 75 in
1319 1830 126 75 fmaller
1460 1830 38 75 or
1513 1830 105 75 larger
1634 1830 185 75 quantities,
1836 1830 37 75 to
1888 1830 113 75 barren
2021 1830 90 75 lands
2129 1830 62 75 and
2206 1830 91 75 lands

1270 1875 33 75 in
1319 1875 87 75 good
1421 1875 107 75 o^'er,
1554 1875 74 75 may
1654 1875 39 75 be
1720 1875 67 75 faid
1811 1875 80 75 with
1915 1875 94 75 equal
2032 1875 167 75 propriety
2219 1875 79 75 with

1271 1922 117 75 regard
1404 1922 34 75 to
1453 1922 88 75 ftone
1557 1922 63 75 and
1636 1922 72 75 clay
1723 1922 128 75 marks.

1612 2031 65 75 Of
1696 2031 259 75 Shell-marle.

1321 2110 101 75 This
1447 2110 100 75 mark
1567 2110 28 75 is
1618 2110 40 75 of
1676 2110 18 75 a
1716 2110 149 75 different
1892 2110 111 75 nature
2026 2110 85 75 from
2135 2110 56 75 the
2214 2110 87 75 ftone

1277 2156 63 75 and
1356 2156 71 75 clay
1442 2156 128 75 marks.
1618 2156 33 75 It
1672 2156 78 75 does
1777 2156 57 75 not
1858 2156 129 75 diffolve
2012 2156 79 75 with
2106 2156 111 75 water,
2243 2156 59 75 but

1279 2202 128 75 abforbs
1424 2202 63 75 and
1501 2202 104 75 fwells
1622 2202 78 75 with
1716 2202 27 75 it
1753 2202 65 75 like
1825 2202 27 75 .a
1867 2202 137 75 fpunge:
2030 2202 33 75 It
2074 2202 129 75 attracts
2216 2202 85 75 acids

1281 2250 88 75 more
1385 2250 150 75 forcibly.
1583 2250 68 75 But
1666 2250 55 75 the
1737 2250 151 75 principal
1906 2250 171 75 difference
2093 2250 136 75 betwixt
2245 2250 57 75 the

1281 2294 191 75 (hell-mark
1499 2294 62 75 and
1583 2294 56 75 the
1659 2294 93 75 other
1779 2294 116 75 marks
1921 2294 123 75 confifts
2066 2294 31 75 in
2121 2294 77 75 this,
2232 2294 72 75 that

1283 2342 55 75 the
1360 2342 192 75 (hell-mark
1573 2342 142 75 contains
1738 2342 19 75 a
1777 2342 91 75 great
1884 2342 150 75 quantity
2049 2342 41 75 of
2104 2342 56 75 oil.

1316 2387 98 75 .This
1430 2387 99 75 mark
1544 2387 27 75 is
1588 2387 162 75 therefore
1772 2387 154 75 luppofed
1946 2387 36 75 to
2005 2387 146 75 promote
2174 2387 129 75 vegeta-

1283 2433 79 75 tion,
1386 2433 44 75 by
1452 2433 172 75 increafing
1635 2433 56 75 the
1702 2433 79 75 food
1799 2433 40 75 of
1850 2433 116 75 plants,
1983 2433 43 75 by
2038 2433 268 75 communicating

1283 2480 35 75 to
1335 2480 54 75 the
1406 2480 56 75 foil
1480 2480 18 75 a
1513 2480 108 75 power
1645 2480 39 75 of
1705 2480 167 75 attracting
1888 2480 64 75 this
1977 2480 79 75 food
2070 2480 86 75 from
2171 2480 56 75 the
2244 2480 59 75 air,

1284 2526 43 75 by
1338 2526 144 75 dividing
1498 2526 56 75 the
1569 2526 58 75 foil
1644 2526 69 75 into
1723 2526 88 75 fmall
1824 2526 161 75 particles,
1999 2526 62 75 and
2077 2526 43 75 by
2135 2526 169 75 preparing

1287 2574 55 75 the
1366 2574 166 75 vegetable
1551 2574 78 75 food
1645 2574 51 75 for
1712 2574 94 75 being
1822 2574 155 75 abforbed
1992 2574 43 75 by
2050 2574 84 75 their
2156 2574 102 75 roots.

1333 2619 48 75 As
1397 2619 192 75 (hell-mark
1604 2619 77 75 does
1698 2619 57 75 not
1770 2619 130 75 exhauft
1916 2619 76 75 land
2006 2619 63 75 like
2085 2619 75 75 lime
2172 2619 62 75 and
2249 2619 57 75 the

1286 2665 94 75 other
1399 2665 127 75 marks,
1549 2665 27 75 it
1600 2665 74 75 may
1697 2665 40 75 be
1761 2665 147 75 repeated
1932 2665 33 75 as
1989 2665 89 75 often
2094 2665 35 75 as
2153 2665 56 75 the
2231 2665 74 75 huf-

1285 2712 156 75 bandman
1458 2712 131 75 pleafes.
1638 2712 48 75 Its
1703 2712 108 75 effects
1828 2712 53 75 are
1896 2712 139 75 likewife
2051 2712 89 75 more
2156 2712 133 75 fudden.

1688 2821 61 75 Of
1769 2821 127 75 Apes.

1333 2899 85 75 The
1444 2899 87 75 afhes
1547 2899 39 75 of
1597 2899 180 75 vegetables
1801 2899 126 75 contain
1952 2899 19 75 a
1987 2899 91 75 large
2098 2899 147 75 quantity
2272 2899 42 75 of

1288 2945 137 75 alkaline
1440 2945 78 75 fait:
1554 2945 112 75 Hence
1694 2945 78 75 they
1798 2945 114 75 attraCt
1934 2945 86 75 acids
2048 2945 87 75 more
2164 2945 143 75 ftrongly

1290 2992 76 75 than
1381 2992 63 75 any
1459 2992 95 75 other
1569 2992 190 75 fubftances.

2232 3040 76 75 The
