2428 3377
86 144 103 75 Part
211 144 32 75 I.

649 144 1011 75 ANATOMY.

2128 144 75 75 191

132 205 23 75 i,
180 205 77 75 The
274 205 107 75 ftrong
396 205 152 75 ligament
565 205 39 75 of
611 205 55 75 the
677 205 257 75 patella.—The
951 205 170 75 back-part

133 253 41 75 of
185 253 27 75 it
226 253 109 75 where
350 253 56 75 the
435 253 48 75 fat
505 253 57 75 has
580 253 79 75 been
676 253 150 75 diffedted
844 253 102 75 away.
996 253 23 75 1,
1044 253 77 75 The

134 298 146 75 external
296 298 186 75 depreffion.
530 298 46 75 m,
600 298 77 75 The
701 298 137 75 internal
863 298 73 75 one.
985 298 33 75 n,
1042 298 78 75 The

134 345 55 75 cut
204 345 90 75 tibia.

87 440 90 75 Fig.
202 440 33 75 9.
285 440 34 75 A
335 440 84 75 view
445 440 41 75 of
507 440 56 75 the
590 440 134 75 inferior
740 440 70 75 part
834 440 40 75 of
893 440 55 75 the
964 440 100 75 bones
1084 440 41 75 of

419 483 55 75 the
490 483 135 75 Right
645 483 125 75 Foot.

88 552 30 75 a,
140 552 79 75 The
237 552 88 75 great
342 552 86 75 knob
444 552 40 75 of
501 552 57 75 the
583 552 36 75 os
648 552 110 75 calcis.
807 552 33 75 b,
867 552 33 75 A
916 552 203 75 prominence

134 597 41 75 on
191 597 42 75 its
249 597 136 75 outfide.
401 597 30 75 c.
447 597 78 75 The
540 597 124 75 hollow
681 597 54 75 for
756 597 54 75 the
827 597 149 75 tendons,
994 597 126 75 nerves,

138 643 62 75 and
216 643 240 75 blood-vefiels.
504 643 35 75 d,
564 643 76 75 The
658 643 141 75 anterior
815 643 175 75 extremity
1005 643 41 75 of
1065 643 57 75 the

141 690 36 75 os
194 690 108 75 calcis.
351 690 30 75 e.
407 690 79 75 Part
502 690 41 75 of
555 690 56 75 the
627 690 184 75 aftragalus.
858 690 27 75 f.
910 690 47 75 Its
970 690 82 75 head
1068 690 53 75 co-

140 736 97 75 vered
253 736 79 75 with
348 736 164 75 cartilage,
561 736 34 75 g.
618 736 77 75 The
717 736 136 75 internal
870 736 202 75 prominence
1088 736 40 75 of

138 783 56 75 the
210 783 36 75 os
265 783 189 75 naviculare.
503 783 36 75 h.
563 783 77 75 The
664 783 36 75 os
724 783 165 75 euboides.
937 783 24 75 i,
986 783 77 75 The
1085 783 37 75 os

135 829 194 75 cuneiforme
357 829 184 75 internum;
575 829 285 75 k,—Medium;
894 829 26 75 1,
943 829 178 75 —Exter-

135 877 88 75 num.
264 877 44 75 m,
325 877 77 75 The
418 877 179 75 metatarfal
614 877 98 75 bones
724 877 40 75 of
776 877 55 75 the
848 877 74 75 four
934 877 89 75 lefl’er
1034 877 84 75 toes,

134 923 33 75 n,
192 923 76 75 The
285 923 112 75 firfc—
408 923 32 75 o,
465 923 78 75 The
558 923 164 75 fecond—
733 923 32 75 p,
791 923 76 75 The
880 923 88 75 third
981 923 139 75 phalanx

137 969 39 75 of
189 969 55 75 the
259 969 74 75 four
353 969 90 75 lefler
459 969 83 75 toes,
592 969 35 75 q,
652 969 77 75 The
750 969 180 75 metatarfal
958 969 99 75 bones
1083 969 42 75 of

135 1016 55 75 the
203 1016 92 75 great
310 1016 66 75 toe.
426 1016 28 75 r.
479 1016 48 75 Its
544 1016 112 75 firft—
671 1016 28 75 s,
725 1016 47 75 Its
789 1016 117 75 fecond
918 1016 99 75 joint.

90 1109 86 75 Fig.
207 1109 55 75 10.
309 1109 77 75 The
407 1109 132 75 inferior
550 1109 123 75 furface
690 1109 41 75 of
741 1109 55 75 the
812 1109 67 75 two
895 1109 89 75 large
1002 1109 118 75 Sesa-

162 1155 97 75 moid
277 1155 147 75 Bones,
450 1155 34 75 at
500 1155 56 75 the
572 1155 64 75 lirft
649 1155 87 75 joint
757 1155 42 75 of
810 1155 55 75 the
882 1155 91 75 great
988 1155 67 75 toe.

89 1249 88 75 Fig.
217 1249 55 75 11.
334 1249 78 75 The
442 1249 143 75 fuperior
613 1249 79 75 view
720 1249 40 75 of
791 1249 56 75 the
875 1249 100 75 bones
1004 1249 40 75 of
1066 1249 57 75 the

454 1293 135 75 Right
615 1293 126 75 Foot.

90 1360 30 75 a,
145 1360 34 75 b,
204 1360 34 75 as
253 1360 35 75 in
303 1360 74 75 Fig.
397 1360 34 75 9.
480 1360 31 75 c.
535 1360 77 75 The
635 1360 141 75 fuperior
792 1360 85 75 head
892 1360 40 75 of
951 1360 56 75 the
1024 1360 94 75 aftra-

137 1406 103 75 galus.
290 1406 34 75 d,
442 1406 33 75 as
492 1406 33 75 in
542 1406 75 75 Fig.
638 1406 35 75 9.

91 1500 88 75 Fig.
209 1500 55 75 12.
312 1500 78 75 The
408 1500 90 75 view,
511 1500 39 75 of
568 1500 55 75 the
642 1500 171 75 Sole-of
832 1500 56 75 the
912 1500 111 75 Foot
1042 1500 79 75 with

487 1544 40 75 its
543 1544 182 75 ligaments.

91 1608 30 75 a.
145 1608 77 75 The
238 1608 89 75 great
339 1608 87 75 knob
443 1608 40 75 of
493 1608 55 75 the
565 1608 35 75 os
617 1608 109 75 calcis.
776 1608 34 75 b.
834 1608 79 75 The
933 1608 123 75 hollow
1073 1608 53 75 for

137 1654 54 75 the
207 1654 148 75 tendons,
372 1654 125 75 nerves,
515 1654 63 75 and
593 1654 241 75 blood-veffels.
860 1654 31 75 c.
907 1654 76 75 The
996 1654 124 75 {heaths

138 1700 40 75 of
193 1700 56 75 the
270 1700 137 75 flexores
429 1700 126 75 pollicis
579 1700 64 75 and
665 1700 176 75 digitorum
867 1700 90 75 longi
980 1700 137 75 opened.

135 1753 41 75 4#
196 1753 77 75 The
289 1753 106 75 ftrong
422 1753 225 75 cartilaginous
668 1753 155 75 ligament
849 1753 185 75 fupporting
1063 1753 56 75 the

1217 197 83 75 head
1316 197 40 75 of
1367 197 55 75 the
1442 197 184 75 aftragalus.
1674 197 30 75 e,
1723 197 36 75 h.
1783 197 88 75 Two
1898 197 168 75 ligaments
2095 197 109 75 which

1216 243 88 75 unite
1320 243 68 75 into
1404 243 73 75 one,
1495 243 64 75 and
1579 243 53 75 are
1648 243 89 75 fixed
1754 243 34 75 to
1800 243 56 75 the
1872 243 181 75 metatarfal
2066 243 83 75 bone
2168 243 41 75 of

1215 289 56 75 the
1281 289 92 75 great
1389 289 65 75 toe.
1504 289 28 75 f,
1549 289 32 75 A
1593 289 153 75 ligament
1758 289 8 75 '
1766 289 85 75 from
1864 289 56 75 the
1935 289 87 75 knob
2043 289 42 75 of
2094 289 57 75 the
2167 289 38 75 os

1215 336 95 75 calcis
1327 336 34 75 to
1378 336 56 75 the
1450 336 181 75 metatarfal
1648 336 81 75 bone
1746 336 40 75 of
1803 336 55 75 the
1880 336 85 75 little
1990 336 66 75 toe.
2106 336 33 75 g,
2166 336 35 75 A

1213 382 107 75 ftrong
1336 382 173 75 triangular
1524 382 167 75 ligament,
1717 382 106 75 which
1849 382 146 75 fupports
2023 382 55 75 the
2105 382 99 75 bones

1217 429 40 75 of
1279 429 55 75 the
1361 429 113 75 tarfus.
1522 429 23 75 i,
1570 429 77 75 The
1662 429 170 75 ligaments
1849 429 39 75 of
1900 429 55 75 the
1972 429 101 75 joints
2094 429 41 75 of
2146 429 56 75 the

1217 476 61 75 five
1293 476 180 75 metatarfal
1490 476 112 75 bones.

1171 576 88 75 Fig.
1281 576 54 75 13.
1385 576 30 75 a,
1439 576 77 75 The
1540 576 84 75 head
1647 576 40 75 of
1706 576 55 75 the
1786 576 191 75 thigh-bone
2002 576 40 75 of
2061 576 19 75 a
2102 576 100 75 child,

1216 621 33 75 b,
1273 621 77 75 The
1366 621 207 75 ligamentum
1589 621 172 75 rotundum
1779 621 185 75 conne&ing
1980 621 25 75 it
2018 621 34 75 to
2066 621 54 75 the
2132 621 71 75 ace-

1218 669 155 75 tabulum.
1423 669 30 75 c,
1478 669 77 75 The
1572 669 141 75 capfular
1730 669 152 75 ligament
1899 669 39 75 of
1958 669 55 75 the
2026 669 85 75 joint
2123 669 81 75 with

1218 715 41 75 its
1276 715 131 75 arteries
1424 715 150 75 injedted.
1622 715 35 75 d.
1681 715 77 75 The
1774 715 170 75 numerous
1966 715 109 75 vefl’els
2096 715 40 75 of
2148 715 57 75 the

1217 764 230 75 mucilaginous
1464 764 97 75 gland
1577 764 148 75 injedted.

1171 856 87 75 Fig.
1281 856 55 75 14.
1383 856 78 75 The
1478 856 82 75 back
1575 856 81 75 view
1672 856 41 75 of
1731 856 56 75 the
1803 856 167 75 cartilages
1987 856 41 75 of
2046 856 56 75 the
2128 856 75 75 La-

1389 904 116 75 rynx,
1530 904 81 75 with
1627 904 57 75 the
1699 904 53 75 Os
1770 904 195 75 Hyoides.

1168 971 30 75 a,
1223 971 77 75 The
1327 971 154 75 pofterior
1509 971 71 75 part
1600 971 41 75 of
1660 971 56 75 the
1742 971 73 75 bafe
1841 971 42 75 of
1907 971 55 75 the
1989 971 36 75 os
2050 971 149 75 hyoides.

1215 1019 20 75 b
1251 1019 34 75 b.
1310 1019 48 75 Its
1375 1019 131 75 cornua,
1556 1019 30 75 c.
1610 1019 78 75 The
1711 1019 162 75 appendix
1890 1019 39 75 of
1947 1019 57 75 the
2021 1019 86 75 right
2124 1019 77 75 fide.

1215 1066 34 75 d,
1275 1066 33 75 A
1324 1066 152 75 ligament
1491 1066 69 75 fent
1576 1066 57 75 out
1648 1066 86 75 from
1750 1066 56 75 the
1830 1066 161 75 appendix
2013 1066 42 75 of
2072 1066 55 75 the
2143 1066 65 75 left

1215 1112 75 75 fide,
1321 1112 35 75 to
1384 1112 55 75 the
1472 1112 115 75 ftyloid
1617 1112 125 75 procefs
1770 1112 41 75 of
1835 1112 55 75 the
1923 1112 156 75 temporal
2107 1112 98 75 bone.

1217 1159 30 75 e.
1264 1159 76 75 The
1356 1159 98 75 union
1470 1159 41 75 of
1523 1159 54 75 the
1588 1159 72 75 bafe
1676 1159 79 75 with
1767 1159 55 75 the
1833 1159 61 75 left
1906 1159 112 75 cornu,
2055 1159 19 75 f
2085 1159 27 75 f.
2129 1159 80 75 The

1217 1205 153 75 pofterior
1385 1205 79 75 fides
1482 1205 40 75 of
1542 1205 53 75 (g)
1622 1205 57 75 the
1695 1205 132 75 thyroid
1845 1205 164 75 cartilage,
2057 1205 23 75 h
2096 1205 36 75 h.
2157 1205 51 75 Its

1217 1252 141 75 fuperior
1382 1252 133 75 cornua.
1575 1252 10 75 i
1601 1252 23 75 i,
1651 1252 48 75 Its
1720 1252 133 75 inferior
1880 1252 131 75 cornua,
2068 1252 34 75 k,
2129 1252 79 75 The

1215 1298 120 75 cricoid
1367 1298 165 75 cartilage.
1604 1298 12 75 1
1643 1298 25 75 1,
1709 1298 77 75 The
1819 1298 171 75 arytenoid
2021 1298 183 75 cartilages,

1215 1345 43 75 m,
1283 1345 77 75 The
1372 1345 93 75 entry
1481 1345 69 75 into
1566 1345 55 75 the
1632 1345 106 75 lungs,
1763 1345 115 75 named
1888 1345 130 75 glottis,
2068 1345 34 75 n.
2127 1345 79 75 The

1217 1392 176 75 epiglottis,
1450 1392 20 75 o
1488 1392 32 75 o,
1545 1392 78 75 The
1646 1392 143 75 fuperior
1814 1392 167 75 cartilages
1998 1392 41 75 of
2057 1392 57 75 the
2136 1392 66 75 tra-

1218 1439 91 75 chea.
1357 1439 34 75 p,
1416 1439 47 75 Its
1481 1439 213 75 ligamentous
1713 1439 183 75 back-part.

1172 1541 88 75 Fig.
1284 1541 53 75 15.
1388 1541 77 75 The
1481 1541 142 75 fuperior
1639 1541 140 75 concave
1802 1541 124 75 furface
1951 1541 41 75 of
2010 1541 56 75 the
2093 1541 113 75 Sesa-

1224 1587 96 75 moid
1341 1587 126 75 Bones
1486 1587 34 75 at
1536 1587 55 75 the
1607 1587 65 75 firft
1691 1587 87 75 joint
1795 1587 40 75 of
1855 1587 54 75 the
1926 1587 90 75 great
2033 1587 67 75 toe,
2126 1587 82 75 with

1221 1632 84 75 their
1317 1632 182 75 ligaments.

1170 1702 29 75 a,
1224 1702 114 75 Three
1349 1702 154 75 fefamoid
1514 1702 111 75 bones,
1674 1702 33 75 b,
1732 1702 77 75 The
1821 1702 213 75 ligamentous
2047 1702 173 75 fubftance-

1216 1749 32 75 in
1264 1749 109 75 which
1389 1749 78 75 they
1483 1749 54 75 are
1553 1749 138 75 formed.

781 1988 365 75 PAR
1247 1988 61 75 T

1478 1988 79 75 11.

518 2146 133 75 OF
774 2146 243 75 THE

142 2356 151 75 Sect.
322 2356 30 75 T.
411 2356 65 75 Of
496 2356 65 75 the
586 2356 219 75 Muscles
829 2356 40 75 in
892 2356 171 75 general.

95 2429 24 49 r
119 2447 43 75 |’'
162 2429 10 49 ,
172 2447 69 75 IiE
260 2447 130 75 mufcles
409 2447 52 75 are
477 2447 135 75 bundles
629 2447 41 75 of
680 2447 94 75 fibres
792 2447 40 75 of
843 2447 149 75 different
1008 2447 19 75 fi
1034 2447 91 75 gures

114 2493 40 75 -*•
223 2493 61 75 and
302 2493 90 75 fizes,
417 2493 63 75 and
499 2493 51 75 for
566 2493 55 75 the
638 2493 79 75 moft
733 2493 71 75 part
820 2493 163 75 conlifting
1001 2493 40 75 of
1059 2493 66 75 two

94 2538 150 75 different
261 2538 141 75 portions
415 2538 9 75 ;
450 2538 61 75 one
523 2538 147 75 whereof
688 2538 27 75 is
732 2538 100 75 thick,
856 2538 77 75 foft,
959 2538 61 75 and
1036 2538 89 75 more

94 2582 36 75 or
149 2582 60 75 lefs
228 2582 67 75 red,
320 2582 140 75 forming
477 2582 83 75 what
576 2582 26 75 is
620 2582 101 75 called
738 2582 54 75 the
808 2582 99 75 body,
933 2582 96 75 fleftty
1050 2582 73 75 fub-

95 2631 116 75 ftance,
237 2631 37 75 or
290 2631 85 75 belly
393 2631 41 75 of
451 2631 56 75 the
522 2631 130 75 mufcle.
698 2631 79 75 The
801 2631 93 75 other
917 2631 27 75 is
969 2631 70 75 thin
1063 2631 61 75 and

94 2676 103 75 fmall,
222 2676 41 75 of
282 2676 18 75 a
322 2676 84 75 clofe
428 2676 204 75 contexture,
658 2676 62 75 and
742 2676 77 75 very
843 2676 109 75 white,
984 2676 140 75 forming

95 2722 55 75 the
166 2722 211 75 extremities,
395 2722 123 75 termed
532 2722 45 75 by
594 2722 179 75 anatomiils
790 2722 130 75 tendons
937 2722 38 75 or
986 2722 136 75 apeneu-

95 2769 96 75 rofes.
239 2769 88 75 Botli
345 2769 142 75 portions
505 2769 52 75 are
573 2769 137 75 coveted
725 2769 42 75 by
784 2769 19 75 a
826 2769 173 75 particular
1024 2769 98 75 mem-

95 2815 111 75 brane.

144 2861 76 75 The
244 2861 95 75 fibres
365 2861 65 75 are,
461 2861 51 75 for
536 2861 54 75 the
614 2861 79 75 meft
717 2861 84 75 part,
832 2861 120 75 ranked
974 2861 33 75 in
1031 2861 92 75 fafei-

96 2906 76 75 culi,
197 2906 32 75 in
247 2906 17 75 a
280 2906 113 75 lateral
407 2906 145 75 fituation
569 2906 77 75 with
665 2906 117 75 refpeft
798 2906 35 75 to
849 2906 78 75 each
940 2906 106 75 other,
1063 2906 62 75 and

96 2958 223 75 diltinguifhed
335 2958 44 75 by
395 2958 231 75 membranous,
652 2958 157 75 cellular,.
821 2958 38 75 or
875 2958 125 75 adipefe
1025 2958 99 75 fepta,

99 2999 31 75 as
149 2999 41 75 by
204 2999 8 75 i
212 2999 30 75 e>
257 2999 94 75 many
363 2999 173 75 particular
550 2999 133 75 vaginae.

1146 2149 621 75 MUSCLES.

1218 2314 107 75 Thefe
1342 2314 97 75 fibres
1455 2314 54 75 are
1533 2314 173 75 connetfed
1722 2314 35 75 to
1780 2314 78 75 each
1881 2314 106 75 other,
2014 2314 63 75 and
2099 2314 34 75 to
2150 2314 56 75 the

1171 2362 223 75 intermediate
1410 2362 99 75 fepta,
1533 2362 44 75 by
1591 2362 19 75 a
1625 2362 90 75 great
1731 2362 134 75 number
1880 2362 41 75 of
1938 2362 78 75 very
2031 2362 90 75 fmall
2143 2362 63 75 fine

1173 2408 169 75 filaments,
1359 2408 55 75 the
1432 2408 152 75 capillary
1599 2408 199 75 extremities
1811 2408 40 75 of
1861 2408 144 75 arteries,
2024 2408 99 75 veins,
2142 2408 65 75 and

1175 2454 111 75 nerves
1303 2454 135 75 running
1462 2454 77 75 over
1562 2454 109 75 them;
1697 2454 61 75 and
1784 2454 78 75 they
1886 2454 52 75 are
1961 2454 140 75 inclofed
2125 2454 32 75 in
2186 2454 21 75 a

1175 2500 68 75 thin
1268 2500 232 75 membranous,
1527 2500 131 75 cellular
1682 2500 173 75 covering,,
1875 2500 103 75 called
2006 2500 56 75 the
2088 2500 117 75 proper

1173 2548 181 75 membrane
1379 2548 39 75 of
1436 2548 55 75 the
1519 2548 129 75 mufcle,
1678 2548 95 75 being
1797 2548 19 75 a
1839 2548 219 75 continuation
2081 2548 40 75 of
2147 2548 57 75 the

1171 2593 83 75 fepta
1270 2593 36 75 or
1317 2593 119 75 vaginae
1454 2593 129 75 already
1596 2593 195 75 mentioned.

1218 2640 76 75 The
1311 2640 179 75 diljiofition
1508 2640 39 75 of
1566 2640 55 75 the
1639 2640 94 75 fibres
1748 2640 26 75 is
1792 2640 148 75 various:
1967 2640 86 75 fome
2071 2640 53 75 are
2140 2640 63 75 dif-

1171 2686 96 75 pofed
1284 2686 64 75 like
1364 2686 101 75 radii;
1491 2686 110 75 others
1618 2686 82 75 form
1712 2686 108 75 planes
1833 2686 87 75 more
1933 2686 37 75 or
1982 2686 60 75 lefs
2054 2686 147 75 incurva-

1172 2732 75 75 ted;
1275 2732 61 75 and
1360 2732 85 75 fome
1468 2732 85 75 form
1577 2732 158 75 complete
1759 2732 298 75 circumferences,'
2057 2732 56 75 the
2135 2732 67 75 two

1171 2780 198 75 extremities
1385 2780 140 75 meeting
1541 2780 62 75 and
1619 2780 123 75 uniting
1757 2780 162 75 together.

1216 2825 76 75 The
1319 2825 172 75 difference
1515 2825 40 75 of
1572 2825 131 75 mufcles
1728 2825 26 75 is
1782 2825 78 75 very
1884 2825 224 75 confidexable,
2135 2825 63 75 and

1172 2872 139 75 depends
1328 2872 40 75 on
1385 2872 93 75 many
1495 2872 259 75 circumftances;
1782 2872 56 75 the
1855 2872 90 75 chief
1955 2872 40 75 of
2013 2872 104 75 which
2134 2872 66 75 are,

1172 2919 55 75 the
1254 2919 75 75 fize,
1361 2919 113 75 figure,
1506 2919 165 75 direftion,
1696 2919 157 75 fituation,
1878 2919 164 75 ftrudture,
2067 2919 134 75 connec-

1173 2965 81 75 tion,
1280 2965 60 75 and
1357 2965 75 75 ule;
1458 2965 62 75 and
1537 2965 26 75 it
1586 2965 30 75 is
1626 2965 87 75 from
1738 2965 88 75 thefe
1848 2965 189 75 differences
2054 2965 69 75 that
2147 2965 56 75 the

1176 3013 117 75 names-
1309 3013 39 75 of
1376 3013 54 75 the
1459 3013 135 75 gicateft
1622 3013 69 75 part
1716 3013 40 75 of
1774 3013 54 75 the
1853 3013 131 75 mufti;3
2014 3013 52 75 are
2092 3013 109 75 taken.

2105 3065 99 75 From
