2428 3377
178 135 79 75 158

722 135 43 75 A
878 135 44 75 N
1039 135 42 75 A
1197 135 41 75 T

169 204 99 75 lower
285 204 81 75 edge
390 204 39 75 of
448 204 56 75 the
528 204 85 75 nafal
636 204 241 75 perpendicular
899 204 86 75 plate
1008 204 27 75 is
1060 204 145 75 received

168 250 70 75 into
255 250 55 75 the
326 250 122 75 furrow
471 250 40 75 of
528 250 57 75 the
609 250 121 75 vomer.
816 250 58 75 -Its
899 250 153 75 pofterior
1073 250 81 75 edge
1175 250 28 75 is

165 296 114 75 joined
303 296 35 75 to
362 296 55 75 the
442 296 158 75 fore-part
624 296 40 75 of
683 296 56 75 the
763 296 157 75 proceffus
945 296 120 75 azygos
1089 296 40 75 of
1146 296 57 75 the

168 343 154 75 fphenoid
338 343 93 75 bone.
529 343 49 75 Its
594 343 101 75 upper
706 343 79 75 edge
799 343 85 75 joins
904 343 56 75 the
977 343 84 75 nafal
1077 343 125 75 procefs

169 390 41 75 of
228 390 56 75 the
306 390 120 75 frontal
450 390 62 75 and
534 390 85 75 nafal
643 390 111 75 bones,
780 390 63 75 and
866 390 42 75 its
928 390 140 75 anterior
1092 390 59 75 one
1175 390 26 75 is

168 435 172 75 connected
358 435 34 75 to
410 435 54 75 the
481 435 120 75 middle
617 435 151 75 cartilage
784 435 41 75 of
843 435 56 75 the
916 435 87 75 nofe.

215 482 97 75 From
325 482 41 75 all
383 482 106 75 which
506 482 55 75 the
577 482 68 75 ufes
661 482 41 75 of
713 482 64 75 this
791 482 85 75 bone
893 482 53 75 are
963 482 140 75 evident,
1128 482 69 75 viz.

165 529 37 75 to
217 529 112 75 fuftain
342 529 56 75 the
414 529 140 75 anterior
568 529 95 75 lobes,
676 529 40 75 of
734 529 55 75 the
801 529 111 75 brain;
939 529 35 75 to
990 529 72 75 give
1079 529 122 75 paffage

165 576 36 75 to
217 576 56 75 the
289 576 159 75 olfadory
463 576 124 75 nerves,
613 576 63 75 and
691 576 198 75 attachment
911 576 36 75 to
969 576 54 75 the
1046 576 70 75 falx
1127 576 11 75 ;
1165 576 36 75 to

155 623 138 75 •enlarge
310 623 54 75 the
381 623 98 75 organ
497 623 39 75 of
547 623 156 75 fmelling,
729 623 44 75 by
784 623 150 75 allowing
946 623 55 75 the
1019 623 180 75 membrane

163 668 41 75 of
224 668 55 75 the
294 668 74 75 nofe
381 668 18 75 a
415 668 90 75 great
523 668 135 75 extent;
684 668 35 75 to
736 668 127 75 ftraiten
881 668 56 75 the
953 668 122 75 pafiage
1092 668 40 75 of
1144 668 55 75 the

162 714 49 75 air
227 714 139 75 through
383 714 55 75 the
454 714 86 75 nofe,
566 714 43 75 by
625 714 126 75 leaving
774 714 77 75 only
868 714 19 75 a
908 714 126 75 narrow
1058 714 141 75 winding

160 761 104 75 canal,
283 761 42 75 on
341 761 55 75 the
408 761 128 75 fenfible
551 761 222 75 membranous
786 761 78 75 Tides
880 761 41 75 of
931 761 105 75 which
1055 761 54 75 the
1125 761 72 75 fub-

157 808 124 75 flances
299 808 163 75 conveyed
477 808 95 75 along
588 808 78 75 with
692 808 56 75 the
767 808 46 75 air
830 808 79 75 mud
927 808 105 75 ftrike,
1058 808 35 75 to
1112 808 85 75 form

159 855 73 75 part
249 855 40 75 of
308 855 56 75 the
380 855 85 75 orbit
489 855 40 75 of
547 855 54 75 the
619 855 74 75 eyes
712 855 62 75 and
790 855 122 75 feptum
929 855 144 75 narium;
1101 855 95 75 -while

158 901 44 75 all
220 901 39 75 its
277 901 87 75 parts
383 901 54 75 are
453 901 34 75 fo
504 901 85 75 light
605 901 33 75 as
657 901 56 75 not
730 901 35 75 to
781 901 40 75 be
837 901 33 75 in
886 901 122 75 hazard
1020 901 40 75 of
1071 901 123 75 fepara-

157 948 71 75 ting
245 948 43 75 by
305 948 85 75 their
406 948 138 75 weight;
572 948 61 75 and
651 948 78 75 they
746 948 53 75 are
811 948 34 75 fo
862 948 83 75 thin,
972 948 33 75 as
1022 948 36 75 to
1075 948 83 75 form
1176 948 19 75 a

158 995 89 75 large
264 995 135 75 furface,
425 995 138 75 without
580 995 177 75 occupying
773 995 95 75 much
884 995 104 75 fpace.

205 1043 52 75 Os
278 1043 256 75 Sphenoides,
561 1043 37 75 or
615 1043 191 75 wedge-like
830 1043 95 75 bone,
950 1043 35 75 fo
1010 1043 103 75 called
1138 1043 54 75 be-

157 1088 92 75 caufe
272 1088 41 75 of
331 1088 41 75 its
397 1088 147 75 fituation
567 1088 32 75 in
622 1088 56 75 the
695 1088 120 75 middle
832 1088 41 75 of
892 1088 55 75 the
963 1088 100 75 bones
1079 1088 40 75 of
1137 1088 56 75 the

156 1135 142 75 cranium
324 1135 61 75 and
409 1135 83 75 face,
517 1135 26 75 is
569 1135 41 75 of
629 1135 39 75 an
693 1135 156 75 irregular
873 1135 115 75 figure,
1014 1135 60 75 and
1099 1135 92 75 bears

153 1181 90 75 ibme
259 1181 82 75 faint
357 1181 212 75 refemblance
585 1181 36 75 to
638 1181 18 75 a
671 1181 56 75 bat
745 1181 78 75 with
839 1181 41 75 its
897 1181 101 75 wings
1015 1181 174 75 extended.

203 1228 112 75 When
332 1228 47 75 we
397 1228 80 75 view
494 1228 55 75 the
565 1228 147 75 external
728 1228 123 75 furface
862 1228 40 75 of
920 1228 56 75 the
993 1228 36 75 os
1045 1228 145 75 fphenoi-

153 1274 70 75 des,
249 1274 66 75 two
332 1274 37 75 or
386 1274 89 75 three
492 1274 198 75 remarkable
710 1274 153 75 proceiles
880 1274 85 75 from
982 1274 78 75 each
1077 1274 62 75 fide
1156 1274 41 75 of

150 1322 29 75 it
192 1322 73 75 may
281 1322 40 75 be
333 1322 174 75 obferved;
535 1322 104 75 which
653 1322 54 75 are
724 1322 42 75 all
779 1322 40 75 of
837 1322 89 75 them
942 1322 91 75 again
1050 1322 139 75 fubdivi-

154 1368 76 75 ded.
327 1368 76 75 The
420 1368 64 75 firft
500 1368 68 75 pair
584 1368 27 75 is
629 1368 54 75 the
700 1368 67 75 two
790 1368 88 75 large
902 1368 112 75 lateral
1035 1368 154 75 proceffes

152 1414 39 75 or
209 1414 120 75 wings;
357 1414 56 75 the
429 1414 100 75 upper
545 1414 71 75 part
633 1414 40 75 of
691 1414 77 75 each
786 1414 41 75 of
845 1414 103 75 which
965 1414 27 75 is
1016 1414 102 75 called
1134 1414 55 75 the

150 1462 164 75 Temporal
330 1462 138 75 procefi,
501 1462 131 75 bccaufe
654 1462 79 75 they
755 1462 70 75 join
848 1462 80 75 with
952 1462 56 75 the
1033 1462 154 75 temporal

152 1508 97 75 bones
278 1508 30 75 in
344 1508 138 75 farming
513 1508 57 75 the
598 1508 147 75 temples,
774 1508 62 75 and
856 1508 55 75 the
931 1508 68 75 feat
1027 1508 51 75 for
1105 1508 85 75 fome

151 1553 88 75 ihare
255 1553 40 75 of
314 1553 56 75 the
386 1553 180 75 crotaphite
582 1553 146 75 mufcles.
777 1553 91 75 That
881 1553 72 75 part
970 1553 40 75 of
1023 1553 54 75 the
1089 1553 100 75 wings

149 1601 109 75 which
272 1601 84 75 jutts
374 1601 57 75 out
448 1601 140 75 towards
606 1601 54 75 the
673 1601 109 75 inftde,
806 1601 174 75 fomewhat
996 1601 99 75 lower
1111 1601 78 75 than

149 1648 57 75 the
231 1648 158 75 temporal
414 1648 187 75 apophyfes,
638 1648 64 75 and
724 1648 27 75 is
776 1648 124 75 Ifnooth
927 1648 63 75 and
1012 1648 175 75 hollowed,

149 1694 108 75 where
273 1694 27 75 it
313 1694 107 75 makes
436 1694 43 75 up
492 1694 71 75 part
580 1694 39 75 of
638 1694 56 75 the
710 1694 99 75 orbit,
833 1694 27 75 is
877 1694 114 75 thence
1007 1694 115 75 named
1138 1694 50 75 or-

149 1739 92 75 hitcur
264 1739 162 75 procejifes.
476 1739 127 75 Behind
627 1739 56 75 the
706 1739 81 75 edge
810 1739 178 75 feparating
1013 1739 87 75 thefe
1122 1739 67 75 two

150 1786 168 75 procefles,
352 1786 91 75 there
470 1786 27 75 is
525 1786 90 75 often
644 1786 18 75 a
689 1786 90 75 fmafl
808 1786 132 75 groove,
976 1786 93 75 made
1100 1786 44 75 by
1171 1786 18 75 a

148 1832 121 75 branch
288 1832 40 75 of
345 1832 56 75 the
417 1832 142 75 fuperior
576 1832 172 75 maxillary
771 1832 108 75 nerve,
904 1832 32 75 in
956 1832 42 75 its
1015 1832 122 75 padage
1154 1832 35 75 to

149 1880 57 75 the
222 1880 156 75 temporal
396 1880 130 75 mufcle.
575 1880 77 75 The
664 1880 108 75 lowed
789 1880 62 75 and
868 1880 168 75 back-part
1054 1880 40 75 of
1110 1880 77 75 each

148 1926 99 75 wing,
273 1926 107 75 which
396 1926 75 75 runs
488 1926 56 75 out
561 1926 90 75 fharp
668 1926 35 75 to
720 1926 84 75 meet
820 1926 56 75 the
888 1926 63 75 offa
967 1926 138 75 petrofa,
1129 1926 57 75 has

148 1972 82 75 been
247 1972 101 75 ftyled
364 1972 55 75 the
434 1972 135 75 fpinoas
593 1972 123 75 procefs
729 1972 9 75 :
766 1972 84 75 from
872 1972 76 75 near
971 1972 57 75 the
1047 1972 88 75 point
1154 1972 39 75 of

149 2018 107 75 which
282 2018 19 75 a
327 2018 90 75 fharp
447 2018 131 75 pointed
605 2018 126 75 procefs
758 2018 27 75 is
812 2018 185 75 frequently
1024 2018 164 75 produced

150 2066 215 75 downwards,
391 2066 104 75 which
513 2066 86 75 fome
617 2066 60 75 call
691 2066 179 75 Jlyliform,
895 2066 71 75 that
983 2066 121 75 affords
1121 2066 64 75 ori-

151 2111 54 75 gin
222 2111 34 75 to
273 2111 54 75 the
344 2111 304 75 ptery-flaphylinus
661 2111 152 75 externus
830 2111 130 75 mufcle.
1008 2111 99 75 From
1123 2111 64 75 this

150 2158 116 75 ilyloid
282 2158 126 75 procefs
426 2158 18 75 a
460 2158 79 75 very
554 2158 88 75 fmall
659 2158 120 75 groove
790 2158 27 75 is
835 2158 162 75 extended
1021 2158 93 75 along
1131 2158 56 75 the

151 2204 79 75 edge
248 2204 40 75 of
307 2204 55 75 the
379 2204 82 75 bone
479 2204 34 75 to
529 2204 55 75 the
600 2204 121 75 hollow
740 2204 32 75 at
796 2204 54 75 the
868 2204 72 75 root
957 2204 40 75 of
1015 2204 54 75 the
1086 2204 99 75 inter-

147 2251 54 75 nal
216 2251 85 75 plate
314 2251 40 75 of
372 2251 55 75 the
438 2251 169 75 following
623 2251 170 75 proceffes,
818 2251 106 75 which
948 2251 102 75 forms
1065 2251 71 75 part
1153 2251 40 75 of

148 2298 58 75 the
222 2298 191 75 Euflachian
434 2298 213 75 tube.—The
671 2298 116 75 fecond
806 2298 69 75 pair
890 2298 41 75 of
949 2298 148 75 external
1114 2298 71 75 pro-

151 2344 94 75 ceffes
263 2344 40 75 of
322 2344 56 75 the
401 2344 177 75 cuneiform
594 2344 84 75 bone
694 2344 26 75 is
738 2344 55 75 the
819 2344 66 75 two
902 2344 106 75 which
1024 2344 90 75 Hand
1130 2344 56 75 out

149 2391 113 75 almoft
277 2391 244 75 perpendicular
537 2391 35 75 to
589 2391 55 75 the
666 2391 72 75 bafe
763 2391 41 75 of
823 2391 53 75 the
900 2391 93 75 fkull.
1042 2391 92 75 Each
1151 2391 41 75 of

149 2436 91 75 them
251 2436 58 75 has
321 2436 67 75 two
403 2436 115 75 plates,
536 2436 63 75 and
611 2436 18 75 a
641 2436 120 75 middle
772 2436 78 75 folia
865 2436 106 75 facing
987 2436 198 75 backwards,

151 2483 63 75 and
230 2483 52 75 are
300 2483 115 75 named
431 2483 167 75 pterygoid
611 2483 38 75 ox
663 2483 134 75 aliform
820 2483 166 75 proceffes.
1034 2483 77 75 The
1128 2483 58 75 ex-

150 2530 104 75 ternal
270 2530 100 75 plates
388 2530 54 75 are
463 2530 158 75 broadeft,
648 2530 63 75 and
735 2530 56 75 the
814 2530 135 75 internal
975 2530 53 75 are
1052 2530 133 75 longed.

151 2576 99 75 From
275 2576 79 75 each
379 2576 63 75 fide
467 2576 41 75 of
531 2576 55 75 the
610 2576 145 75 external
783 2576 114 75 plates,
934 2576 56 75 the
1019 2576 167 75 pterygoid

151 2622 134 75 mufcles
311 2622 73 75 take
409 2622 85 75 their
519 2622 72 75 rife.
642 2622 46 75 At
714 2622 54 75 the
794 2622 72 75 root
891 2622 40 75 of
951 2622 77 75 each
1052 2622 134 75 internal

151 2669 99 75 plate,
277 2669 18 75 a
307 2669 89 75 fmall
412 2669 122 75 hollow
551 2669 73 75 may
639 2669 40 75 be
702 2669 181 75 remarked,
908 2669 107 75 where
1031 2669 56 75 the
1104 2669 82 75 muf-

151 2716 91 75 culus
259 2716 304 75 ptery-daphylinus
587 2716 154 75 internus,
767 2716 37 75 or
829 2716 224 75 circumflexus
1077 2716 110 75 palati,

150 2761 89 75 rifes,
264 2761 64 75 and
344 2761 84 75 fome
445 2761 87 75 fhare
543 2761 40 75 of
603 2761 55 75 the
676 2761 224 75 cartilaginous
919 2761 62 75 end
997 2761 40 75 of
1048 2761 56 75 the
1118 2761 69 75 Eu-

150 2809 139 75 dachian
314 2809 77 75 tube
414 2809 96 75 reds;
539 2809 75 75 and,
639 2809 32 75 at
696 2809 54 75 the
773 2809 101 75 lower
891 2809 61 75 end
970 2809 40 75 of
1028 2809 55 75 the
1105 2809 84 75 fame

150 2854 99 75 plate,
273 2854 27 75 is
318 2854 19 75 a
354 2854 169 75 hook-like
540 2854 93 75 riling
649 2854 38 75 or
711 2854 139 75 procefs,
876 2854 103 75 round
1002 2854 104 75 which
1133 2854 55 75 the

151 2899 120 75 tendon
294 2899 41 75 of
353 2899 55 75 the
435 2899 58 75 lad
516 2899 115 75 named
653 2899 115 75 mufcle
785 2899 102 75 plays,
915 2899 32 75 as
965 2899 43 75 on
1025 2899 18 75 a
1066 2899 122 75 pulley.

150 2947 8 75 •
244 2947 56 75 To
318 2947 86 75 thefe
422 2947 136 75 another
581 2947 70 75 pair
676 2947 73 75 may
772 2947 39 75 be
837 2947 115 75 added,
979 2947 37 75 to
1039 2947 69 75 wit,
1135 2947 55 75 the

149 2994 88 75 little
259 2994 174 75 triangular
448 2994 69 75 thin
534 2994 139 75 procefs,
696 2994 107 75 which
820 2994 106 75 comes
938 2994 85 75 from
1039 2994 78 75 each
1128 2994 64 75 fide

1355 134 39 75 O
1512 134 47 75 M
1674 134 52 75 Y.

2131 134 99 75 Part
2250 134 31 75 I.

1251 204 39 75 of
1308 204 57 75 the
1380 204 89 75 body
1485 204 40 75 of
1543 204 55 75 the
1621 204 152 75 fphenoid
1789 204 95 75 bone,
1909 204 108 75 where
2040 204 57 75 the
2114 204 166 75 pterygoid

1252 251 154 75 proceffes
1423 251 53 75 are
1499 251 95 75 riling
1610 251 84 75 from
1717 251 38 75 it,
1781 251 63 75 and
1867 251 53 75 are
1944 251 164 75 extended
2128 251 77 75 over
2218 251 8 75 '
2226 251 56 75 the

1251 296 101 75 lower
1367 296 72 75 part
1455 296 41 75 of
1516 296 53 75 the
1582 296 146 75 aperture
1745 296 40 75 of
1803 296 55 75 the
1874 296 94 75 linus,
1993 296 34 75 as
2043 296 51 75 far
2109 296 33 75 as
2160 296 34 75 to
2214 296 72 75 join-

1250 343 55 75 the
1321 343 146 75 ethmoid
1481 343 95 75 bone,
1601 343 96 75 while
1713 343 84 75 their
1813 343 87 75 body
1916 343 99 75 hangs
2031 343 95 75 down
2143 343 69 75 into
2229 343 58 75 the

1252 390 281 75 nares.—Befides
1550 390 88 75 thefe
1654 390 82 75 pairs
1752 390 42 75 of
1812 390 166 75 procefles,
2008 390 91 75 there
2115 390 27 75 is
2159 390 19 75 a
2193 390 93 75 lharp

1252 436 90 75 ridge
1354 436 103 75 which
1476 436 104 75 dands
1601 436 56 75 out
1674 436 85 75 from
1774 436 55 75 the
1845 436 120 75 middle
1981 436 41 75 of
2039 436 40 75 its
2097 436 72 75 bafe
2181 436 8 75 :
2217 436 65 75 Be-

1252 482 90 75 caufe
1358 482 26 75 it
1397 482 100 75 wants
1514 482 18 75 a
1549 482 122 75 fellow,
1689 482 25 75 it
1731 482 73 75 may
1816 482 38 75 be
1866 482 102 75 called
1980 482 157 75 proceffus
2154 482 126 75 azygos.

1250 529 76 75 The
1341 529 100 75 lower
1458 529 71 75 part
1542 529 40 75 of
1600 529 65 75 this
1681 529 138 75 procefs,
1845 529 106 75 where
1967 529 24 75 it
2008 529 26 75 is
2053 529 146 75 received
2212 529 72 75 into

1250 575 60 75 the:
1328 575 123 75 vomer,
1476 575 26 75 is
1526 575 101 75 thick,
1652 575 64 75 and
1740 575 88 75 often
1846 575 57 75 not
1919 575 89 75 quite
2025 575 255 75 perpendicular,

1250 621 57 75 but
1322 621 153 75 inclining
1492 621 87 75 more
1592 621 35 75 to
1642 621 61 75 one
1719 621 63 75 fide
1798 621 78 75 than
1888 621 56 75 the
1956 621 107 75 other.
2102 621 85 75 The_
2196 621 85 75 fore-

1249 668 71 75 part
1337 668 40 75 of
1396 668 63 75 this
1475 668 139 75 procefs,
1640 668 107 75 where
1763 668 26 75 it
1802 668 86 75 joins
1905 668 55 75 the
1977 668 84 75 nafal
2077 668 85 75 plate
2174 668 40 75 of
2226 668 55 75 the

1251 716 34 75 os
1304 716 189 75 ethmoides,
1519 716 27 75 is
1563 716 68 75 thin
1649 716 62 75 and
1727 716 145 75 dreight.

1294 762 76 75 The
1392 762 201 75 depreflions,
1618 762 181 75 finuofities,
1825 762 62 75 and
1909 762 100 75 foffae,
2033 762 42 75 on
2100 762 55 75 the
2172 762 107 75 exter-

1247 807 51 75 nal
1323 807 124 75 furface
1470 807 40 75 of
1529 807 63 75 this
1616 807 155 75 fphenoid
1793 807 93 75 bone,
1907 807 79 75 may
2008 807 40 75 be
2063 807 160 75 reckoned
2238 807 43 75 up

1247 854 34 75 to
1298 854 18 75 a
1338 854 90 75 great
1445 854 145 75 number,
1614 854 70 75 viz.
1709 854 67 75 two
1797 854 42 75 on
1855 854 57 75 the
1933 854 156 75 temporal
2106 854 174 75 apophyfes

1246 901 106 75 where
1369 901 55 75 the
1441 901 179 75 crotaphite
1632 901 133 75 mufcles
1776 901 153 75 lodge,—
1929 883 6 49 ;
1935 901 87 75 Two
2036 901 42 75 on
2091 901 55 75 the
2158 901 121 75 orbitar

1236 947 175 75 ‘prbceffes,
1438 947 35 75 to
1488 947 100 75 make;
1597 947 74 75 Way
1691 947 53 75 for
1760 947 55 75 the
1830 947 112 75 globes
1965 947 41 75 of
2022 947 58 75 the
2096 947 108 75 eyes.-

1243 994 86 75 Two
1345 994 144 75 between
1505 994 56 75 the
1578 994 156 75 temporal
1749 994 62 75 and
1827 994 126 75 fpinous
1970 994 166 75 procefi’es,
2159 994 53 75 for
2228 994 49 75 re-

1243 1040 124 75 ceiving
1384 1040 55 75 the
1456 1040 154 75 temporal
1628 1040 111 75 bones.
1836 1040 85 75 Two
1936 1040 145 75 between
2098 1040 55 75 the
2176 1040 102 75 plates

1242 1087 42 75 of
1295 1087 55 75 the
1363 1087 169 75 pterygoid
1549 1087 167 75 proceffes,
1734 1087 108 75 where
1857 1087 56 75 the
1928 1087 132 75 mnfculi
2076 1087 201 75 pterygoidei

1242 1135 114 75 interni
1374 1135 62 75 and
1460 1135 276 75 ptery-daphylini
1759 1135 116 75 interni
1898 1135 54 75 are
1969 1135 125 75 placed.
2190 1135 89 75 Two

1241 1181 143 75 between
1402 1181 55 75 the
1474 1181 169 75 pterygoid
1660 1181 64 75 and
1739 1181 123 75 orbitar
1877 1181 167 75 proceffes,
2069 1181 52 75 for
2137 1181 139 75 forming

1241 1226 54 75 the
1312 1226 90 75 holes
1416 1226 145 75 common
1574 1226 35 75 to
1626 1226 64 75 this
1709 1226 61 75 and
1785 1226 36 75 to
1838 1226 55 75 the
1910 1226 100 75 cheek
2027 1226 62 75 and
2106 1226 170 75 maxillary

1241 1274 109 75 bones.
1448 1274 87 75 Two
1559 1274 42 75 on
1624 1274 57 75 the
1696 1274 101 75 lower
1813 1274 77 75 ends
1912 1274 41 75 of
1970 1274 59 75 the
2049 1274 127 75 aliform
2200 1274 74 75 pro-

1241 1321 106 75 ceffes,
1365 1321 106 75 which
1481 1321 55 75 the
1552 1321 223 75 palate-bones
1790 1321 90 75 enter
1896 1321 146 75 into.—"■
2042 1321 117 75 —Two
2175 1321 32 75 at
2220 1321 55 75 the

1241 1367 88 75 roots
1347 1367 40 75 of
1397 1367 55 75 the
1470 1367 155 75 temporal
1638 1367 61 75 and
1717 1367 170 75 pterygoid
1902 1367 168 75 proceffes,
2096 1367 86 75 wher
2192 1367 11 75 -
2219 1367 55 75 the

1239 1414 112 75 larged
1368 1414 86 75 fiiare
1472 1414 40 75 of
1522 1414 55 75 the
1593 1414 145 75 external
1755 1414 168 75 pterygoid
1940 1414 131 75 mufcles
2088 1414 81 75 have
2191 1414 85 75 their

1239 1460 71 75 rife.
1406 1460 87 75 Two
1510 1460 32 75 at
1564 1460 58 75 the
1644 1460 79 75 fides
1748 1460 40 75 of
1806 1460 57 75 the
1885 1460 157 75 proceffus
2064 1460 133 75 azygos,
2222 1460 52 75 for

1238 1506 139 75 forming
1394 1506 73 75 part
1483 1506 40 75 of
1542 1506 55 75 the
1614 1506 87 75 nofe,
1727 1506 65 75 <bc.

1284 1552 105 75 What
1406 1552 65 75 was
1487 1552 165 75 deferibed
1672 1552 102 75 under
1789 1552 57 75 the
1862 1552 93 75 name
1971 1552 40 75 of
2028 1552 161 75 temporal
2210 1552 64 75 and

1229 1601 133 75 fpinous
1375 1601 151 75 proceffes
1542 1601 42 75 on
1601 1601 56 75 the
1673 1601 120 75 outfide
1809 1601 42 75 of
1868 1601 56 75 the
1940 1601 93 75 fltull,
2059 1601 52 75 are
2129 1601 142 75 likewife

1239 1647 70 75 feen
1326 1647 41 75 on
1384 1647 42 75 its
1442 1647 110 75 infide,
1578 1647 106 75 where
1701 1647 78 75 they
1796 1647 53 75 are
1870 1647 150 75 Concave,
2046 1647 51 75 for
2114 1647 159 75 receiving

1239 1693 71 75 part
1326 1693 40 75 of
1378 1693 54 75 the
1449 1693 90 75 brain
1551 1693 10 75 ;
1588 1693 62 75 and
1667 1693 182 75 commonly
1865 1693 92 75 three
1971 1693 175 75 apophyfes
2158 1693 41 75 on
2218 1693 54 75 the

1238 1740 136 75 internal
1391 1740 122 75 furface
1525 1740 41 75 of
1578 1740 55 75 the
1649 1740 151 75 Iphenoid
1813 1740 83 75 bone
1913 1740 53 75 are
1982 1740 77 75 only
2075 1740 196 75 mentioned.

1332 1786 86 75 Two
1443 1786 93 75 rifing
1559 1786 102 75 broad
1685 1786 83 75 from
1794 1786 55 75 the
1870 1786 160 75 fore-part
2056 1786 39 75 of
2113 1786 42 75 its
2171 1786 104 75 body,

1238 1833 130 75 become
1390 1833 139 75 fmaller,
1561 1833 34 75 as
1621 1833 79 75 they
1721 1833 54 75 are
1796 1833 163 75 extended
1986 1833 164 75 obliquely
2174 1833 97 75 back-

1237 1879 117 75 wards,.
1451 1879 75 75 The
1544 1879 89 75 third
1643 1879 144 75 ftanding
1802 1879 42 75 on
1866 1879 19 75 a
1900 1879 77 75 long
1994 1879 172 75 tranfverfe
2187 1879 83 75 bafe,

1238 1924 74 75 near
1329 1924 55 75 the
1401 1924 169 75 back-part
1582 1924 39 75 of
1641 1924 55 75 the
1713 1924 87 75 body
1816 1924 40 75 of
1874 1924 64 75 this
1952 1924 91 75 bone,
2070 1924 74 75 rifes
2160 1924 112 75 nearly

1238 1971 95 75 ere<fl,
1359 1971 63 75 and
1446 1971 40 75 of
1504 1971 39 75 an
1567 1971 95 75 equal
1682 1971 148 75 breadth,
1856 1971 204 75 terminating
2086 1971 90 75 often
2193 1971 32 75 in
2252 1971 19 75 a

1235 2019 86 75 little
1340 2019 87 75 knob
1452 2019 41 75 on
1517 2019 78 75 each
1611 2019 78 75 fide.
1738 2019 77 75 The
1838 2019 94 75 three
1946 2019 54 75 are
2017 2019 103 75 called
2137 2019 133 75 clinoid,

1236 2064 85 75 from
1337 2064 85 75 fome
1438 2064 211 75 refemblance
1666 2064 106 75 which
1788 2064 78 75 they
1881 2064 85 75 were
1982 2064 139 75 thought
2137 2064 35 75 to
2188 2064 82 75 have

1236 2111 36 75 to
1295 2111 56 75 the
1375 2111 181 75 fupporters
1576 2111 45 75 <Sf
1640 2111 19 75 a
1681 2111 75 75 bed.
1853 2111 97 75 From
1973 2111 56 75 the
2052 2111 87 75 roots
2157 2111 39 75 of
2214 2111 57 75 the

1238 2158 138 75 anterior
1393 2158 119 75 clinoid
1528 2158 167 75 proceffes,
1719 2158 56 75 the
1798 2158 83 75 bone
1905 2158 26 75 is
1955 2158 161 75 extended
2133 2158 41 75 on
2192 2158 78 75 each

1235 2204 65 75 fide
1315 2204 163 75 outwards
1495 2204 62 75 and
1572 2204 168 75 forwards,
1766 2204 51 75 till
1833 2204 27 75 it
1875 2204 77 75 ends
1969 2204 31 75 in
2025 2204 18 75 a
2060 2204 89 75 lharp
2166 2204 102 75 point,

1237 2250 106 75 which
1359 2250 71 75 may
1449 2250 79 75 have
1545 2250 55 75 the
1617 2250 92 75 name
1725 2250 41 75 of
1777 2250 54 75 the
1851 2250 181 75 trasifoerfe
2046 2250 135 75 fpinohs
2196 2250 73 75 pro-

1235 2298 108 75 ceffes.
1441 2298 166 75 Between,
1631 2298 60 75 but
1712 2298 18 75 a
1751 2298 85 75 little
1859 2298 125 75 farther
2005 2298 81 75 back
2110 2298 77 75 than
2215 2298 55 75 the

1237 2344 66 75 two
1315 2344 139 75 anterior
1470 2344 118 75 clinoid
1605 2344 166 75 proceffes,
1796 2344 49 75 we
1860 2344 51 75 fee
1924 2344 19 75 a
1953 2344 230 75 protuberance
2195 2344 76 75 con-

1236 2388 156 75 fiderably
1413 2388 125 75 fmaller
1554 2388 77 75 than
1655 2388 55 75 the
1732 2388 151 75 pofterior
1906 2388 119 75 clinoid
2050 2388 139 75 procefs,
2213 2388 57 75 but

1237 2437 40 75 of
1295 2437 41 75 its
1353 2437 305 75 lhape.—Another
1674 2437 125 75 procefs
1816 2437 83 75 from
1923 2437 145 75 between
2093 2437 55 75 the
2170 2437 99 75 tranf-

1238 2483 86 75 verfe
1347 2483 167 75 proceffes,
1540 2483 89 75 often
1654 2483 105 75 forces
1781 2483 90 75 itfelf
1889 2483 158 75 forwards
2069 2483 69 75 into
2155 2483 56 75 the
2232 2483 37 75 os

1238 2528 191 75 ethmoides.

1284 2574 129 75 Within
1437 2574 56 75 the
1508 2574 95 75 lltul),
1627 2574 91 75 thefe
1736 2574 53 75 are
1804 2574 68 75 two
1887 2574 173 75 finuofities
2087 2574 33 75 in
2144 2574 57 75 the
2220 2574 49 75 in-

1238 2621 101 75 ternal
1355 2621 71 75 part
1441 2621 41 75 of
1503 2621 79 75 each
1607 2621 85 75 wing
1713 2621 40 75 of
1770 2621 56 75 the
1850 2621 154 75 fphenoid
2025 2621 94 75 bone,
2144 2621 52 75 for
2219 2621 50 75 re-

1238 2667 123 75 ceiving
1379 2667 65 75 the.
1461 2667 119 75 middle
1604 2667 71 75 part
1697 2667 41 75 of
1754 2667 56 75 the
1828 2667 103 75 brain.
2001 2667 100 75 —One
2125 2667 144 75 between

1238 2715 55 75 the
1310 2715 172 75 tranfverfe
1499 2715 125 75 fpinous
1642 2715 166 75 proceffes,
1835 2715 52 75 for
1910 2715 131 75 lodging
2065 2715 56 75 the
2146 2715 72 75 part
2233 2715 42 75 of

1238 2761 55 75 the
1309 2761 90 75 brain
1416 2761 107 75 where
1547 2761 54 75 the
1617 2761 94 75 crura
1726 2761 146 75 medullas
1893 2761 177 75 oblongata;
2087 2761 182 75 are.—Im-

1239 2807 172 75 mediately
1430 2807 110 75 before
1561 2807 55 75 the
1632 2807 89 75 third
1731 2807 47 75 .or
1801 2807 121 75 middle
1941 2807 119 75 clinoid
2084 2807 138 75 procefs,
2251 2807 20 75 a

1238 2854 96 75 fingle
1351 2854 46 75 pit
1413 2854 163 75 generally
1592 2854 72 75 may
1683 2854 39 75 be
1738 2854 179 75 remarked,
1934 2854 85 75 from
2036 2854 105 75 which
2158 2854 19 75 a
2192 2854 78 75 foffa

1241 2901 75 75 goes
1330 2901 56 75 out
1402 2901 42 75 on
1461 2901 78 75 each
1556 2901 63 75 fide
1635 2901 34 75 to
1686 2901 55 75 the
1756 2901 91 75 holes
1860 2901 140 75 through
2016 2901 106 75 which
2139 2901 55 75 the
2211 2901 56 75 op-

1241 2948 43 75 tic
1301 2948 109 75 nerves
1428 2948 82 75 pafs.
1557 2948 78 75 The
1651 2948 46 75 pit
1715 2948 27 75 is
1758 2948 125 75 formed
1900 2948 43 75 by
1959 2948 54 75 the
2030 2948 169 75 conjoined
2211 2948 56 75 op-

1241 2994 44 75 tic
1303 2994 109 75 nerves
1427 2994 11 75 ;
1464 2994 62 75 and
1548 2994 32 75 in
1597 2994 54 75 the
1675 2994 84 75 foils
1777 2994 88 75 thefe
1882 2994 111 75 nerves
2010 2994 53 75 are
2079 2994 128 75 lodged,
2233 2994 33 75 as

2190 3038 78 75 they
