2443 3377
669 160 44 75 A
770 160 37 75 R
864 160 37 75 C
958 160 43 75 H
1060 160 18 75 I
1136 160 39 75 T

165 224 91 75 dows
283 224 104 75 ought
413 224 118 75 always
552 224 36 75 to
613 224 41 75 be
676 224 230 75 proportioned
932 224 35 75 to
991 224 70 75 that
1087 224 41 75 of
1147 224 54 75 the

166 270 93 75 room
283 270 78 75 they
386 270 53 75 are
461 270 140 75 deftined
624 270 36 75 to
683 270 198 75 illuminate;
908 270 52 75 for
983 270 30 75 if
1032 270 55 75 the
1111 270 75 75 aper

166 319 88 75 tures
270 319 40 75 be
327 319 56 75 not
399 319 89 75 large
510 319 128 75 enough
661 319 36 75 to
720 319 124 75 convey
863 319 82 75 light
961 319 36 75 to
1014 319 97 75 every
1129 319 71 75 cor-

168 364 69 75 ner,
274 364 55 75 the
356 364 90 75 room
474 364 80 75 mull
583 364 39 75 be
650 364 175 75 unequally
845 364 138 75 lighted,
1008 364 106 75 which
1137 364 28 75 is
1183 364 19 75 a

161 410 96 75 ^reat
274 410 186 75 deformity.
511 410 96 75 Steps
624 410 41 75 of
682 410 88 75 Hairs
787 410 112 75 Ihould
922 410 139 75 likewile
1086 410 38 75 be
1149 410 51 75 ac-

165 455 225 75 commodated
406 455 35 75 to
453 455 56 75 the
525 455 118 75 human
660 455 114 75 figure,
799 455 139 75 without
953 455 169 75 regarding
1139 455 62 75 any

166 503 94 75 other
276 503 208 75 proportion;
511 503 78 75 they
605 503 54 75 are
675 503 207 75 accordingly
893 503 55 75 the
964 503 82 75 fame
1064 503 30 75 in
1111 503 88 75 large

165 550 63 75 and
251 550 32 75 in
311 550 89 75 fmall
424 550 175 75 buildings,
624 550 135 75 becaufe
782 550 81 75 both
888 550 54 75 are
967 550 164 75 inhabited
1157 550 44 75 by

164 596 73 75 men
254 596 41 75 of
312 596 58 75 the
384 596 85 75 fame
485 596 77 75 lize.

212 643 67 75 We
295 643 77 75 fhall
389 643 79 75 next
486 643 141 75 confider
643 643 150 75 inlrinjtc
808 643 132 75 beauty,
964 643 138 75 blended
1121 643 78 75 with

166 688 70 75 that
256 688 106 75 which
381 688 26 75 is
419 688 153 75 relative.
621 688 33 75 A
672 688 80 75 cube
774 688 33 75 in
823 688 90 75 itfelf
930 688 27 75 is
976 688 88 75 more
1088 688 110 75 agree-

165 735 73 75 able
261 735 78 75 than
364 735 19 75 a
405 735 289 75 parallelopipedon
708 735 9 75 ;
755 735 65 75 this
844 735 176 75 conllantly
1048 735 94 75 holds
1165 735 32 75 in

163 781 90 75 fmall
271 781 115 75 figures
399 781 8 75 :
435 781 67 75 But
518 781 19 75 a
552 781 87 75 large
657 781 144 75 building
816 781 32 75 in
867 781 53 75 the
932 781 86 75 form
1030 781 40 75 of
1082 781 19 75 a
1117 781 80 75 cube

162 828 28 75 is
207 828 133 75 lumpilh
357 828 63 75 and
440 828 125 75 heavy;
592 828 95 75 while
714 828 19 75 a
757 828 303 75 parallelopipedon,
1085 828 47 75 fet
1155 828 41 75 on

161 874 44 75 its
223 874 125 75 fmaller
364 874 83 75 bafe,
473 874 26 75 is
516 874 89 75 more
620 874 168 75 agreeable
804 874 44 75 on
860 874 138 75 account
1015 874 40 75 of
1073 874 42 75 its
1132 874 64 75 ele-

163 920 107 75 vation
283 920 8 75 :
330 920 111 75 Hence
466 920 55 75 the
545 920 117 75 beauty
689 920 40 75 of
749 920 125 75 Gothic
901 920 131 75 towers.
1081 920 68 75 But
1171 920 32 75 if

161 967 64 75 this
242 967 100 75 figure
358 967 85 75 were
459 967 36 75 to
511 967 39 75 be
568 967 75 75 ufed
660 967 31 75 in
709 967 18 75 a
742 967 280 75 dwelling-houfe,
1047 967 35 75 to
1103 967 93 75 make

160 1014 74 75 way
255 1014 52 75 for
324 1014 131 75 relative
471 1014 130 75 beauty,
627 1014 49 75 we
691 1014 109 75 would
816 1014 219 75 immediately
1051 1014 146 75 perceive

159 1060 73 75 that
247 1060 109 75 utility
368 1060 103 75 ought
487 1060 116 75 chiefly
615 1060 35 75 to
666 1060 40 75 be
722 1060 178 75 regarded;
926 1060 63 75 and
1002 1060 63 75 this
1079 1060 113 75 figure,

160 1107 221 75 inconvenient
398 1107 43 75 by
457 1107 41 75 its
514 1107 125 75 height,
664 1107 103 75 ought
793 1107 35 75 to
854 1107 39 75 be
908 1107 49 75 fet
971 1107 42 75 on
1029 1107 42 75 its
1087 1107 107 75 larger

162 1154 93 75 bafe:
281 1154 77 75 The
370 1154 144 75 loftinefs
537 1154 32 75 in
587 1154 64 75 this
668 1154 69 75 caie
759 1154 108 75 would
884 1154 38 75 be
945 1154 77 75 loft;
1051 1154 56 75 but
1124 1154 71 75 that

159 1200 63 75 lofs
247 1200 65 75 will
340 1200 40 75 be
408 1200 89 75 more
518 1200 77 75 than
618 1200 190 75 fufficiently
831 1200 222 75 compenfated
1077 1200 42 75 by
1139 1200 55 75 the

160 1246 174 75 additional
359 1246 225 75 convenience.
631 1246 114 75 Hence
773 1246 55 75 the
855 1246 85 75 form
967 1246 43 75 of
1033 1246 160 75 buildings

159 1294 112 75 fpread
286 1294 88 75 more
390 1294 85 75 upon
503 1294 55 75 the
580 1294 126 75 ground
730 1294 78 75 than
832 1294 103 75 ra>fed
959 1294 35 75 in
1016 1294 124 75 height,
1165 1294 27 75 is

160 1339 118 75 always
295 1339 165 75 preferred
472 1339 51 75 for
539 1339 19 75 a
569 1339 278 75 dwelling-houfe.

207 1385 98 75 With
325 1385 115 75 regard
455 1385 35 75 to
507 1385 55 75 the
585 1385 136 75 internal
738 1385 159 75 divifions,
922 1385 110 75 utility
1049 1385 143 75 requires

160 1430 72 75 that
255 1430 56 75 the
336 1430 105 75 rooms
467 1430 40 75 be
531 1430 209 75 re&angular,
766 1430 34 75 to
826 1430 94 75 avoid
942 1430 113 75 ufelefs
1070 1430 121 75 fpaces.

159 1476 55 75 An
230 1476 181 75 hexagonal
428 1476 101 75 figure
544 1476 105 75 leaves
667 1476 41 75 no
724 1476 75 75 void
816 1476 105 75 fpaces
934 1476 10 75 ;
971 1476 56 75 but
1043 1476 26 75 it
1085 1476 108 75 deter-

159 1524 101 75 mines
276 1524 56 75 the
349 1524 106 75 rooms
476 1524 35 75 to
526 1524 40 75 be
584 1524 41 75 all
642 1524 41 75 of
701 1524 60 75 one
780 1524 74 75 fize,
880 1524 104 75 which
1005 1524 26 75 is
1049 1524 78 75 both
1143 1524 48 75 in-

158 1570 189 75 convenient
364 1570 62 75 and
442 1570 214 75 difigreeable
673 1570 52 75 for
748 1570 85 75 want
857 1570 41 75 of
916 1570 134 75 variety.
1099 1570 92 75 Tho’

159 1617 19 75 a
194 1617 81 75 cube
292 1617 38 75 be
348 1617 55 75 the
419 1617 79 75 moll
515 1617 167 75 agreeable
697 1617 114 75 figure,
835 1617 61 75 and
914 1617 74 75 may
1004 1617 119 75 anfwer
1140 1617 52 75 for

158 1663 19 75 a
194 1663 91 75 room
301 1663 40 75 of
361 1663 18 75 a
395 1663 164 75 moderate
575 1663 82 75 fize;
686 1663 67 75 yet,
778 1663 31 75 in
828 1663 18 75 a
871 1663 77 75 very
972 1663 89 75 large
1084 1663 104 75 room,

156 1709 110 75 utility
283 1709 143 75 requires
443 1709 19 75 a
477 1709 151 75 different
645 1709 113 75 figure.
806 1709 207 75 Unconfined
1026 1709 123 75 motion
1164 1709 26 75 is

158 1755 55 75 the
237 1755 90 75 chief
345 1755 212 75 convenience
572 1755 42 75 of
632 1755 20 75 a
666 1755 90 75 great
779 1755 111 75 room;
917 1755 34 75 to
977 1755 108 75 obtain
1110 1755 78 75 this,

156 1802 56 75 the
228 1802 136 75 greateft
388 1802 111 75 length
524 1802 145 75 that.can
688 1802 37 75 be
742 1802 64 75 had
823 1802 27 75 is
866 1802 170 75 neceflary.
1085 1802 68 75 But
1171 1802 18 75 a

156 1850 112 75 fquare
285 1850 90 75 room
393 1850 40 75 of
452 1850 18 75 a
480 1850 89 75 large
580 1850 62 75 fize
659 1850 26 75 is
702 1850 234 75 inconvenient.
986 1850 31 75 It
1043 1850 145 75 removes

154 1895 119 75 chairs,
297 1895 115 75 tables,
431 1895 64 75 <bc.
521 1895 31 75 at
570 1895 56 75 too
642 1895 92 75 great
745 1895 18 75 a
773 1895 137 75 diftance
924 1895 84 75 from
1021 1895 55 75 the
1088 1895 108 75 hand,,

155 1941 117 75 which,
298 1941 93 75 when
408 1941 224 75 unemployed,
650 1941 80 75 muft
748 1941 37 75 be
803 1941 116 75 ranged
933 1941 94 75 along
1041 1941 54 75 the
1108 1941 78 75 fides

153 1989 40 75 of
211 1989 56 75 the
281 1989 100 75 room,
432 1989 123 75 Utility
571 1989 161 75 therefore
751 1989 143 75 requires
911 1989 18 75 a
945 1989 86 75 large
1048 1989 91 75 room
1152 1989 35 75 to

154 2036 40 75 be
210 2036 19 75 a
244 2036 267 75 parallellogram.
559 2036 87 75 This
662 2036 101 75 figure
786 2036 27 75 is
838 2036 137 75 likewife
999 2036 64 75 beft
1080 2036 106 75 calcu-

154 2079 87 75 lated
257 2079 51 75 for
325 2079 54 75 the
396 2079 158 75 admifiion
571 2079 40 75 of
622 2079 104 75 light;
752 2079 145 75 becaufe,
922 2079 36 75 to
974 2079 94 75 avoid
1084 2079 100 75 crofs-

149 2125 116 75 Jights,
292 2125 40 75 all
350 2125 55 75 the
428 2125 155 75 windows
600 2125 102 75 ought
727 2125 33 75 to
776 2125 40 75 be
832 2125 32 75 in
881 2125 60 75 one
958 2125 95 75 wall;
1081 2125 61 75 and
1159 2125 32 75 if

155 2172 55 75 the
226 2172 141 75 oppofite
382 2172 72 75 wall
471 2172 40 75 be
528 2172 32 75 at
576 2172 75 75 fuch
669 2172 17 75 a
702 2172 137 75 diftance
864 2172 33 75 as
914 2172 56 75 not
987 2172 34 75 to
1038 2172 39 75 be
1101 2172 83 75 fully

153 2218 137 75 lighted,
315 2218 56 75 the
398 2218 91 75 room
513 2218 81 75 muft
617 2218 40 75 be
681 2218 143 75 obfcure.
873 2218 76 75 The
971 2218 113 75 height
1106 2218 40 75 of
1166 2218 19 75 a

154 2264 92 75 room
267 2264 179 75 exceeding
465 2264 72 75 nine
560 2264 38 75 or
622 2264 53 75 ten
697 2264 88 75 feet,,
801 2264 58 75 has
882 2264 85 75 little
990 2264 136 75 relation
1148 2264 38 75 to

154 2310 108 75 utility
276 2310 11 75 ;
314 2310 163 75 therefore
497 2310 188 75 proportion
707 2310 27 75 is
758 2310 54 75 the
828 2310 78 75 only
923 2310 68 75 rule
1007 2310 52 75 for
1075 2310 108 75 deter-

153 2357 120 75 mining
290 2357 56 75 the
363 2357 122 75 height,
512 2357 92 75 when
621 2357 99 75 above
737 2357 71 75 that
824 2357 133 75 number
973 2357 40 75 of
1032 2357 77 75 feet.

201 2403 116 75 Arnfts
334 2403 74 75 who
424 2403 72 75 deal
514 2403 30 75 in
561 2403 55 75 the
627 2403 173 75 Beautiful,
824 2403 73 75 love
910 2403 34 75 to
957 2403 156 75 entertain
1125 2403 57 75 the

152 2450 58 75 eye
221 2450 11 75 ;
259 2450 123 75 palaces
398 2450 61 75 and
476 2450 185 75 fumptuous
676 2450 173 75 buildings,
873 2450 32 75 in
922 2450 104 75 which
1044 2450 139 75 intrinfic

151 2495 118 75 beauty
286 2495 73 75 may
376 2495 38 75 be
426 2495 84 75 fully
526 2495 172 75 difplayed,
724 2495 71 75 give
812 2495 86 75 them
919 2495 38 75 an
974 2495 208 75 opportunity

150 2543 42 75 of
209 2543 149 75 exerting
374 2543 84 75 their
475 2543 89 75 tafte.
613 2543 66 75 But
696 2543 74 75 fuch
789 2543 18 75 a
828 2543 179 75 propenfity
1032 2543 26 75 is
1083 2543 96 75 pecu-

150 2589 94 75 liarly
261 2589 149 75 unhappy
432 2589 77 75 with
533 2589 116 75 regard
672 2589 37 75 to
730 2589 122 75 private
875 2589 302 75 dwelling-houfes;

141 2636 142 75 •becaufe
300 2636 31 75 in
350 2636 99 75 thefe,
476 2636 129 75 relative
621 2636 118 75 beauty
756 2636 115 75 cannot
896 2636 38 75 be
959 2636 164 75 difplayed
1146 2636 38 75 to

149 2682 188 75 perfeftion,
363 2682 137 75 without
524 2682 139 75 hurting,
677 2682 139 75 intrinfic
841 2682 130 75 beauty.
1018 2682 113 75 There
1153 2682 27 75 is

150 2728 42 75 no
208 2728 209 75 opportunity
429 2728 52 75 for
492 2728 89 75 great
598 2728 125 75 variety
733 2728 39 75 of
784 2728 81 75 form
879 2728 32 75 in
928 2728 117 75 a,fmall
1059 2728 95 75 houfe
1166 2728 10 75 ;

150 2774 62 75 and
229 2774 31 75 in
278 2774 126 75 edifices
422 2774 41 75 of
480 2774 64 75 this
560 2774 91 75 kind,
676 2774 134 75 internal
827 2774 209 75 convenience
1054 2774 55 75 has
1123 2774 56 75 not

148 2820 142 75 hitherto
315 2820 80 75 been
421 2820 130 75 happily
575 2820 142 75 adjufted
744 2820 35 75 to
810 2820 145 75 external
988 2820 188 75 regularity.

148 2866 144 75 Perhaps
309 2866 38 75 an
365 2866 146 75 accurate
527 2866 201 75 coincidence
742 2866 33 75 in
784 2866 72 75 -this
873 2866 117 75 refped
1006 2866 26 75 is
1051 2866 126 75 beyond

148 2914 57 75 the
221 2914 94 75 reach
332 2914 40 75 of
391 2914 62 75 art.
501 2914 195 75 Architects,
725 2914 161 75 however,
911 2914 178 75 conftantly
1103 2914 75 75 fplit

148 2959 86 75 upon
253 2959 62 75 this
332 2959 99 75 rock;
457 2959 53 75 for
525 2959 78 75 they
618 2959 95 75 never
730 2959 57 75 can
805 2959 39 75 be
861 2959 171 75 perluadcd
1050 2959 35 75 to
1104 2959 73 75 give

148 3008 76 75 over
252 3008 188 75 attempting
466 3008 35 75 to
530 3008 155 75 reconcile
710 3008 86 75 thefe
821 3008 66 75 two
910 3008 262 75 incompatibles:

1234 158 34 75 E
1328 158 36 75 C
1422 158 39 75 T
1518 158 46 75 U
1623 158 37 75 R
1717 158 45 75 E.

2206 158 87 75 347

1250 219 88 75 Plow
1354 219 173 75 otherwife
1543 219 113 75 ihould
1671 219 25 75 it
1713 219 137 75 happen,
1875 219 71 75 that
1962 219 41 75 of
2021 219 56 75 the
2092 219 123 75 endlefs
2232 219 55 75 va-

1252 265 83 75 riety
1352 265 40 75 of
1411 265 121 75 private
1542 265 249 75 dwelling-houi'
1791 265 47 75 es,
1863 265 91 75 there
1965 265 114 75 ihould
2096 265 56 75 not
2168 265 40 75 be
2225 265 74 75 one'

1251 312 102 75 found
1369 312 71 75 that
1455 312 27 75 is
1499 312 164 75 generally
1680 312 118 75 agreed
1819 312 86 75 upon
1927 312 35 75 as
1984 312 19 75 a
2026 312 87 75 good
2130 312 127 75 pattern
2268 312 14 75 ?

1251 360 77 75 The
1351 360 181 75 unwearied
1555 360 184 75 propenfity
1763 360 35 75 to
1819 360 93 75 make
1936 360 19 75 a
1978 360 98 75 houfe
2100 360 127 75 regular
2249 360 35 75 as

1251 406 73 75 well
1341 406 34 75 as
1391 406 204 75 convenient,
1620 406 122 75 obliges
1767 406 56 75 the
1847 406 165 75 architect,
2037 406 33 75 in
2094 406 87 75 feme
2206 406 77 75 arti-

1249 453 78 75 cles,
1352 453 35 75 to
1410 453 140 75 facrifice
1574 453 210 75 convenience
1809 453 35 75 to
1869 453 186 75 regularity,
2088 453 74 75 and,
2191 453 31 75 in
2246 453 37 75 o-

1250 500 100 75 thers,
1381 500 176 75 regularity
1582 500 35 75 to
1639 500 235 75 convenience;
1908 500 64 75 and
1995 500 206 75 accordingly
2225 500 57 75 the

1248 547 110 75 houfe,
1383 547 107 75 which
1506 547 89 75 turns
1616 547 58 75 out
1696 547 125 75 neither
1845 547 128 75 regular
1996 547 60 75 nor
2079 547 202 75 convenient,

1249 593 97 75 never
1361 593 74 75 fails
1450 593 35 75 to
1501 593 164 75 difpleafe.

1296 641 149 75 Nothing
1460 641 59 75 can
1536 641 39 75 be
1592 641 87 75 more
1696 641 140 75 evident,
1861 641 78 75 than
1964 641 71 75 that
2058 641 56 75 the
2137 641 87 75 form
2246 641 41 75 of

1249 686 19 75 a
1282 686 266 75 dwelling-houfe
1563 686 102 75 ought
1683 686 35 75 to
1741 686 39 75 be
1796 686 102 75 fuited
1922 686 35 75 to
1978 686 55 75 the
2050 686 149 75 climate;
2225 686 57 75 yet

1248 733 42 75 no
1306 733 90 75 error
1412 733 27 75 is
1465 733 88 75 more
1578 733 147 75 common
1750 733 77 75 than
1852 733 35 75 to
1912 733 83 75 copy
2018 733 33 75 in
2075 733 126 75 Britain
2225 733 57 75 the

1248 783 84 75 form
1349 783 41 75 of
1408 783 116 75 Italian
1540 783 127 75 houfes,
1693 783 57 75 not
1773 783 177 75 forgetting
1975 783 78 75 even
2078 783 92 75 thofe
2193 783 89 75 parts

1246 826 72 75 that
1334 826 53 75 are
1404 826 170 75 purpofely
1596 826 167 75 contrived
1787 826 52 75 for
1863 826 170 75 collecting
2056 826 60 75 air,
2141 826 61 75 and
2227 826 53 75 for

1245 876 175 75 excluding
1436 876 55 75 the
1507 876 77 75 fun:
1610 876 146 75 Witnefs
1780 876 59 75 our
1863 876 194 75 colonnades
2074 876 62 75 and
2158 876 121 75 logics,

1244 922 148 75 defigned
1409 922 42 75 by
1467 922 56 75 the
1540 922 133 75 Italians
1696 922 35 75 to
1754 922 113 75 gather
1883 922 71 75 cool
1979 922 59 75 air,
2063 922 62 75 and
2141 922 139 75 exclude

1245 967 53 75 the
1321 967 106 75 beams
1448 967 40 75 of
1506 967 56 75 the
1581 967 69 75 fun,
1675 967 238 75 conveniencies
1939 967 105 75 which
2068 967 58 75 the
2149 967 131 75 climate

1243 1014 42 75 of
1304 1014 65 75 this
1381 1014 137 75 country
1533 1014 77 75 does
1628 1014 57 75 not
1701 1014 141 75 require.

1290 1062 66 75 We
1368 1062 76 75 ftiali
1458 1062 78 75 next
1549 1062 81 75 view
1647 1062 209 75 architecture
1869 1062 33 75 as
1915 1062 60 75 one
1988 1062 40 75 of
2040 1062 56 75 the
2108 1062 62 75 fine
2187 1062 64 75 arts
2264 1062 11 75 ;

1243 1107 106 75 which
1366 1107 66 75 will
1449 1107 72 75 lead
1539 1107 34 75 us
1592 1107 34 75 to
1642 1107 56 75 the
1711 1107 215 75 examination
1946 1107 41 75 of
2005 1107 76 75 fuch
2100 1107 176 75 buildings,

1242 1154 64 75 and
1320 1154 88 75 parts
1425 1154 40 75 of
1484 1154 172 75 buildings,
1686 1154 33 75 as
1736 1154 54 75 are
1802 1154 179 75 calculated
1997 1154 100 75 folely
2118 1154 34 75 to
2173 1154 105 75 pleafe

1242 1201 55 75 the
1312 1201 71 75 eye.
1433 1201 138 75 Variety
1586 1201 136 75 prevails
1745 1201 32 75 in
1795 1201 54 75 the
1867 1201 107 75 works
1997 1201 40 75 of
2055 1201 112 75 nature
2180 1201 9 75 ;
2218 1201 66 75 but.

1242 1247 49 75 art
1308 1247 142 75 requires
1463 1247 34 75 to
1510 1247 39 75 be
1565 1247 119 75 guided
1700 1247 42 75 by
1755 1247 68 75 rule
1840 1247 62 75 and
1918 1247 154 75 compafs.
2121 1247 113 75 Hence
2250 1247 32 75 it

1241 1294 39 75 is,
1306 1294 71 75 that
1389 1294 32 75 in
1437 1294 77 75 fuch
1526 1294 106 75 works
1650 1294 40 75 of
1709 1294 49 75 art
1775 1294 33 75 as
1825 1294 123 75 imitate
1964 1294 126 75 nature,
2116 1294 55 75 the
2183 1294 93 75 great

1241 1340 49 75 art
1307 1340 39 75 is,
1372 1340 36 75 to
1425 1340 76 75 hide
1523 1340 96 75 every
1643 1340 195 75 appearance
1862 1340 40 75 of
1919 1340 72 75 art;
2018 1340 106 75 which
2149 1340 27 75 is
2192 1340 84 75 done

1241 1386 43 75 by
1308 1386 151 75 avoiding
1483 1386 188 75 regularity,
1697 1386 63 75 and
1783 1386 167 75 indulging
1965 1386 137 75 variety.
2151 1386 67 75 But
2242 1386 47 75 in.

1242 1435 106 75 works
1360 1435 40 75 of
1419 1435 49 75 art
1485 1435 70 75 that
1572 1435 53 75 are
1641 1435 137 75 original
1795 1435 62 75 and
1874 1435 55 75 not
1946 1435 169 75 imitative,
2140 1435 76 75 fuch
2241 1435 35 75 as

1242 1483 220 75 architecture,
1489 1483 85 75 ftriCt
1590 1483 175 75 regularity
1781 1483 64 75 and
1863 1483 190 75 uniformity
2064 1483 101 75 ought
2182 1483 35 75 to
2235 1483 40 75 be

1241 1528 136 75 ftudied,
1401 1528 34 75 fo
1446 1528 51 75 far
1514 1528 33 75 as
1565 1528 164 75 confident
1745 1528 78 75 with
1841 1528 122 75 utility.

1286 1576 193 75 Proportion
1491 1576 26 75 is
1531 1576 55 75 not
1597 1576 61 75 lefs
1669 1576 167 75 agreeable
1848 1576 78 75 than
1938 1576 176 75 regularity
2125 1576 62 75 and
2204 1576 70 75 uni-

1240 1621 155 75 formity;
1422 1621 62 75 and
1501 1621 174 75 therefore,
1702 1621 31 75 in
1760 1621 161 75 buildings
1943 1621 152 75 intended
2120 1621 35 75 to
2171 1621 104 75 pleafe
2284 1621 5 75 .

1239 1667 55 75 the
1312 1667 70 75 eye,
1407 1667 78 75 they
1501 1667 55 75 are
1573 1667 42 75 all
1638 1667 131 75 equally
1791 1667 154 75 effential.
1994 1667 32 75 It
2050 1667 26 75 is
2102 1667 97 75 taken
2222 1667 53 75 for

1241 1715 133 75 granted
1393 1715 42 75 by
1452 1715 95 75 many
1564 1715 136 75 writers,
1718 1715 70 75 that
1804 1715 32 75 in
1854 1715 43 75 all
1910 1715 55 75 the
1982 1715 88 75 parts
2087 1715 40 75 of
2138 1715 17 75 a
2168 1715 105 75 build-

1238 1759 53 75 ing
1307 1759 91 75 there
1422 1759 53 75 are
1498 1759 123 75 certain
1633 1759 84 75 ftriCt
1739 1759 203 75 proportions
1967 1759 105 75 which
2097 1759 102 75 pleafe
2216 1759 57 75 the

1239 1808 69 75 eye,
1334 1808 33 75 in
1384 1808 55 75 the
1456 1808 84 75 fame
1565 1808 131 75 manner
1720 1808 34 75 as
1779 1808 32 75 in
1836 1808 101 75 found
1960 1808 91 75 there
2074 1808 55 75 are
2151 1808 122 75 certain

1236 1855 83 75 ftriCl
1336 1855 203 75 proportions
1555 1855 106 75 which
1673 1855 103 75 pleafe
1789 1855 55 75 the
1857 1855 75 75 ear;
1958 1855 63 75 and
2033 1855 83 75 that,
2130 1855 31 75 in
2176 1855 93 75 both,

1236 1901 56 75 the
1316 1901 139 75 flighted
1479 1901 162 75 deviation
1663 1901 27 75 is
1715 1901 129 75 equally
1868 1901 228 75 difagreeable.
2144 1901 139 75 Others;

1236 1948 82 75 feem
1342 1948 35 75 to
1393 1948 92 75 relilh
1503 1948 88 75 more
1608 1948 19 75 a
1642 1948 202 75 comparifon
1858 1948 145 75 between
2023 1948 188 75 proportion
2235 1948 33 75 in

1234 1996 161 75 numbers,
1414 1996 62 75 and
1493 1996 185 75 proportion
1691 1996 32 75 in
1741 1996 170 75 quantity;
1939 1996 63 75 and
2015 1996 164 75 maintain,
2198 1996 71 75 that

1235 2047 55 75 the
1306 2047 83 75 fame
1405 2047 204 75 proportions
1626 2047 56 75 are
1702 2047 167 75 agreeable
1893 2047 33 75 in
1951 2047 93 75 both.
2092 2047 78 75 The
2193 2047 74 75 pro-

1234 2089 157 75 portions,
1416 2089 223 75 forexample,
1664 2089 41 75 of
1724 2089 56 75 the
1800 2089 148 75 numbers
1970 2089 54 75 16,
2044 2089 57 75 24,
2127 2089 62 75 and
2208 2089 57 75 36,

1235 2134 52 75 are
1304 2134 167 75 agreeable
1483 2134 9 75 ;
1520 2134 62 75 and
1598 2134 46 75 fo,
1669 2134 56 75 fay
1744 2134 103 75 they,.
1859 2134 52 75 are
1931 2134 57 75 the
2004 2134 203 75 proportions
2231 2134 42 75 of

1233 2181 19 75 a
1269 2181 103 75 room,
1397 2181 107 75 whofe
1528 2181 112 75 height
1664 2181 26 75 is
1724 2181 41 75 16
1788 2181 92 75 feet,.
1892 2181 56 75 the
1965 2181 134 75 breadth
2120 2181 56 75 24,
2202 2181 64 75 and

1232 2227 54 75 the
1298 2227 110 75 length
1430 2227 56 75 36.
1526 2227 75 75 .But
1614 2227 26 75 it
1656 2227 100 75 ought
1770 2227 34 75 to
1820 2227 42 75 be
1877 2227 194 75 confidered,
2089 2227 71 75 that
2173 2227 92 75 there
2277 2227 5 75 •

1231 2273 26 75 is
1282 2273 42 75 no
1341 2273 210 75 refemblahce
1568 2273 46 75 or
1622 2273 133 75 relation
1772 2273 144 75 between
1933 2273 55 75 the
2005 2273 120 75 objeCls
2142 2273 41 75 of
2200 2273 64 75 dif-

1230 2320 104 75 ferent
1351 2320 114 75 fenfes.
1513 2320 105 75 What
1636 2320 120 75 pleafes
1773 2320 55 75 the
1848 2320 54 75 ear
1920 2320 32 75 in
1969 2320 168 75 harmony,
2162 2320 26 75 is
2206 2320 58 75 not

1231 2368 54 75 the
1301 2368 187 75 proportion
1512 2368 40 75 of
1572 2368 54 75 the
1650 2368 111 75 firings
1786 2368 41 75 of
1846 2368 54 75 the
1923 2368 197 75 inftrument,
2147 2368 56 75 but
2228 2368 41 75 of

1231 2413 54 75 the
1302 2413 100 75 found
1418 2413 106 75 which
1542 2413 86 75 thefe
1645 2413 112 75 firings
1774 2413 152 75 produce.
1977 2413 38 75 In
2039 2413 222 75 architecture,

1230 2458 41 75 on
1289 2458 54 75 the
1360 2458 164 75 contrary,;
1549 2458 25 75 it
1591 2458 26 75 is
1641 2458 55 75 the
1712 2458 185 75 proportion
1915 2458 41 75 of
1965 2458 151 75 different
2133 2458 128 75 quantr

1230 2507 60 75 ties
1290 2539 6 49 :
1313 2507 71 75 that
1407 2507 118 75 pleafes
1549 2507 54 75 the
1628 2507 70 75 eye,
1724 2507 137 75 without
1884 2507 55 75 the
1963 2507 77 75 leaf!
2065 2507 134 75 relation
2225 2507 52 75 to.

1228 2552 112 75 found.
1381 2552 76 75 The
1471 2552 82 75 fame
1569 2552 91 75 thing
1677 2552 73 75 may
1764 2552 39 75 be
1815 2552 66 75 faid
1894 2552 40 75 of
1946 2552 163 75 numbers;
2144 2552 116 75 Quan-

1227 2599 62 75 tity
1305 2599 27 75 is
1358 2599 18 75 a
1399 2599 65 75 real
1489 2599 125 75 quality
1638 2599 40 75 of
1694 2599 99 75 every
1817 2599 108 75 body;
1952 2599 134 75 number
2110 2599 26 75 is
2160 2599 57 75 not
2240 2599 20 75 a

1227 2645 65 75 real
1310 2645 136 75 quality,
1472 2645 55 75 but
1544 2645 121 75 merely
1688 2645 38 75 an
1743 2645 73 75 idea
1837 2645 71 75 that
1933 2645 95 75 arifes
2052 2645 85 75 upon
2160 2645 98 75 view-

1227 2691 54 75 ing
1298 2691 18 75 a
1332 2691 152 75 plurality
1501 2691 40 75 of
1558 2691 107 75 things
1689 2691 39 75 in
1744 2691 177 75 fucceflion.
1973 2691 54 75 An
2045 2691 213 75 arithmetical

1226 2741 184 75 proportion
1435 2741 25 75 is
1486 2741 164 75 agreeable
1674 2741 32 75 in
1731 2741 170 75 numbers;
1928 2741 58 75 but
2008 2741 83 75 have
2106 2741 48 75 we
2171 2741 86 75 from

1227 2785 63 75 this
1308 2785 60 75 any
1386 2785 107 75 reafon
1511 2785 35 75 to
1562 2785 165 75 conclude,
1754 2785 70 75 that
1848 2785 28 75 it
1899 2785 80 75 muft
2002 2785 64 75 alfo
2092 2785 38 75 be
2148 2785 110 75 agree-

1226 2833 69 75 able
1312 2833 32 75 in
1369 2833 148 75 quantity
1530 2833 12 75 ?
1594 2833 48 75 At
1667 2833 65 75 this
1758 2833 80 75 rate,
1865 2833 17 75 a
1899 2833 205 75 geometrical
2117 2807 5 104 ■
2122 2833 134 75 propor-.

1225 2879 79 75 tion,
1330 2879 61 75 and
1417 2879 97 75 many
1534 2879 137 75 others,,
1687 2879 102 75 ought
1815 2879 64 75 alfo
1904 2879 40 75 to.
1967 2879 40 75 be
2034 2879 165 75 agreeable
2223 2879 33 75 in

1224 2926 91 75 both.
1363 2926 33 75 A
1422 2926 120 75 certain
1570 2926 187 75 proportion
1781 2926 75 75 may
1880 2926 142 75 coincide
2047 2926 32 75 in
2107 2926 159 75 quantity,

1223 2975 61 75 and
1307 2975 153 75 number;
1487 2975 62 75 and
1566 2975 140 75 amongft
1723 2975 40 75 an
1779 2975 267 75 endlefs--variety
2062 2975 40 75 of
2114 2975 139 75 ,propor-

1222 3023 96 75 tions,
1343 3023 26 75 it
1392 3023 111 75 would
1517 3023 38 75 be
1572 3023 181 75 wonderful
1777 3023 31 75 if
1827 3023 89 75 there
1933 3023 95 75 never
2045 3023 111 75 fhould
2173 3023 39 75 be
2235 3023 38 75 tu

2037 3081 234 75 coincidence.-.
