2498 3377
589 191 44 75 A
690 191 44 75 N
793 191 43 75 G

1154 191 101 75 (a

263 262 84 75 mifts
385 262 57 75 the
457 262 192 75 defcription
662 262 64 75 and
739 262 122 75 hiftory
876 262 39 75 of
927 262 58 75 the
1001 262 120 75 feveral
1138 262 112 75 veflels

263 308 39 75 of
315 308 55 75 the
386 308 119 75 human
525 308 99 75 body.

218 354 405 75 ANGEIOGRAPHY,
648 354 116 75 among
781 354 228 75 antiquarians,
1034 354 137 75 denotes
1196 354 56 75 the

263 400 190 75 defcription
470 400 41 75 of
520 400 56 75 the
592 400 127 75 various
735 400 21 75 u
761 400 50 75 ten
816 400 62 75 fils,
902 400 149 75 weights,
1077 400 173 75 meafures,

264 447 64 75 «5jc.
354 447 41 75 of
414 447 57 75 the
489 447 156 75 ancients.

217 493 348 75 ANGEIOTOMY,
582 493 32 75 in
627 493 143 75 furgery,
789 493 18 75 a
819 493 82 75 term
913 493 180 75 fometimes
1106 493 77 75 ufed
1199 493 53 75 for

263 540 56 75 the
335 540 138 75 opening
484 540 41 75 of
537 540 19 75 a
570 540 73 75 vein
654 540 37 75 or
704 540 119 75 artery.

216 588 188 75 ANGEL,
427 588 19 75 a
461 588 92 75 name
568 588 94 75 given
678 588 34 75 to
728 588 91 75 thole
839 588 143 75 fpiritual
998 588 181 75 intelligent
1195 588 56 75 be-

263 635 83 75 ings,
372 635 76 75 who
464 635 53 75 are
534 635 153 75 fuppofed
698 635 35 75 to
749 635 136 75 execute
902 635 56 75 the
973 635 68 75 will
1058 635 39 75 of
1108 635 92 75 God,
1218 635 34 75 in

262 681 57 75 the
336 681 209 75 government
561 681 41 75 of
620 681 56 75 the
692 681 118 75 world.

309 729 78 75 The
403 729 159 75 exiftence
578 729 40 75 of
630 729 110 75 angels
751 729 56 75 has
825 729 79 75 been
922 729 159 75 admitted
1090 729 33 75 in
1141 729 42 75 all
1201 729 49 75 re-

263 775 129 75 ligions.
439 775 79 75 The
533 775 130 75 Greeks
688 775 62 75 and
768 775 119 75 Latins,
896 775 255 75 acknowledged
1162 775 90 75 them

263 821 101 75 under
377 821 55 75 the
445 821 93 75 name
554 821 42 75 of
600 821 95 75 genii
710 821 38 75 or
763 821 158 75 damont;
949 821 75 75 and,
1042 821 32 75 in
1091 821 55 75 the
1165 821 86 75 alco-

264 868 69 75 ran,
359 868 48 75 we
435 868 65 75 find
529 868 151 75 frequent
696 868 142 75 mention
856 868 41 75 of
919 868 100 75 them,
1045 868 55 75 the
1129 868 122 75 Maho-

262 915 123 75 metans
410 915 149 75 affigning
582 915 89 75 them
700 915 150 75 different
874 915 112 75 orders
1015 915 62 75 and
1105 915 146 75 degrees,

264 962 64 75 and
342 962 152 75 different
510 962 246 75 employments,
782 962 78 75 both
877 962 33 75 in
926 962 123 75 heaven
1066 962 63 75 and
1146 962 105 75 earth.

215 1008 136 75 Axgel
377 1008 28 75 is
429 1008 140 75 likewise
597 1008 18 75 a
643 1008 71 75 title
739 1008 93 75 given
857 1008 36 75 to
920 1008 124 75 bifhops
1069 1008 41 75 of
1132 1008 120 75 feveral

261 1055 170 75 churches.
481 1055 39 75 In
530 1055 68 75 this
610 1055 85 75 fenfe
711 1055 26 75 is
757 1055 38 75 St
808 1055 81 75 Paul
906 1055 101 75 under
1010 1055 87 75 Hood
1110 1055 44 75 by
1166 1055 86 75 fome

263 1101 148 75 authors,
434 1101 105 75 where
556 1101 41 75 he
614 1101 83 75 fays,
721 1101 126 75 Women
864 1101 97 75 ought
976 1101 33 75 to
1025 1101 36 75 be
1072 1101 136 75 covered
1215 1101 37 75 in

262 1150 53 75 the
338 1150 131 75 churchy
496 1150 128 75 becaufe
650 1150 43 75 of
706 1150 55 75 the
784 1150 136 75 angels;
948 1150 63 75 and
1026 1150 88 75 thus,
1139 1150 32 75 in
1195 1150 59 75 the

262 1194 205 75 Revelation,
493 1194 67 75 The
572 1194 102 75 feven
688 1194 94 75 Jlars
806 1194 59 75 are
889 1194 53 75 the
957 1194 126 75 angels^
1114 1194 71 75 that
1209 1194 41 75 is,

261 1241 141 75 biiliops,
420 1241 43 75 of
470 1241 53 75 the
529 1241 101 75 feven
647 1241 164 75 churches.

214 1290 156 75 Angel,
393 1290 32 75 in
443 1290 196 75 commerce,
652 1290 56 75 the
724 1290 92 75 name
832 1290 41 75 of
885 1290 39 75 an
942 1290 122 75 ancient
1081 1290 79 75 gold
1176 1290 74 75 coin

264 1335 29 75 in
312 1335 163 75 England,
501 1335 40 75 of
555 1335 103 75 which
675 1335 87 75 fome
790 1335 53 75 are
860 1335 61 75 Hill
939 1335 34 75 to
990 1335 40 75 be
1057 1335 72 75 feen
1145 1335 32 75 in
1194 1335 56 75 the

262 1382 141 75 cabinets
421 1382 40 75 of
471 1382 55 75 the
544 1382 139 75 curious.
733 1382 31 75 It
782 1382 63 75 had
862 1382 41 75 its
927 1382 93 75 name
1038 1382 83 75 from
1141 1382 56 75 the
1212 1382 37 75 fi-

261 1430 79 75 gure
354 1430 40 75 of
406 1430 38 75 an
465 1430 92 75 angel
574 1430 202 75 reprefented
794 1430 86 75 upon
895 1430 39 75 it.
984 1430 32 75 It
1033 1430 64 75 was
1113 1430 70 75 23^
1198 1430 52 75 ca-

264 1476 78 75 lats,
368 1476 62 75 and
442 1476 146 75 weighed
605 1476 74 75 four
696 1476 268 75 penny-weights.
1013 1476 48 75 Its
1078 1476 92 75 value
1187 1476 63 75 dif-

263 1522 91 75 fered
373 1522 33 75 in
419 1522 149 75 different
584 1522 119 75 reigns.

213 1567 312 75 ANGEL-FISH,
549 1567 34 75 in
598 1567 225 75 ichthyology.
873 1567 62 75 See
960 1567 195 75 SqjJALUS.

214 1617 235 75 ANGELIC;
476 1617 37 75 or
529 1617 246 75 Angelical,
794 1617 39 75 an
851 1617 122 75 epithet
991 1617 92 75 given
1101 1617 35 75 to
1149 1617 101 75 what-

261 1662 74 75 ever
351 1662 134 75 belongs
508 1662 48 75 to,
581 1662 37 75 or
634 1662 149 75 partakes
800 1662 41 75 of
859 1662 57 75 the
939 1662 113 75 nature
1068 1662 40 75 of
1128 1662 122 75 angels.

264 1709 60 75 See
342 1709 151 75 Angel.

214 1757 182 75 jA.ngel.ic
416 1757 80 75 Art.
548 1757 62 75 See
627 1757 101 75 Art.

1192 1757 13 75 »

218 1803 176 75 Angelic

585 1803 62 75 See
663 1803 145 75 Habit.

214 1849 271 75 ANGELICA,
508 1849 31 75 in
556 1849 135 75 botany,
717 1849 18 75 a
751 1849 99 75 genus
867 1849 40 75 of
919 1849 55 75 the
993 1849 187 75 pentandria
1201 1849 50 75 di-

261 1895 96 75 gynia
377 1895 91 75 clafs.
516 1895 78 75 The
616 1895 80 75 fruit
720 1895 41 75 of
784 1895 56 75 the
869 1895 142 75 angelica
1036 1895 25 75 is
1088 1895 161 75 roundifh,

261 1941 78 75 with
357 1941 92 75 three
466 1941 137 75 furrows
621 1941 41 75 on
679 1941 78 75 each
774 1941 83 75 fide;
886 1941 55 75 the
959 1941 122 75 corolla
1097 1941 29 75 is
1141 1941 109 75 equal,

261 1988 63 75 and
339 1988 56 75 the
413 1988 103 75 petals
531 1988 115 75 turned
662 1988 125 75 inward
811 1988 32 75 at
866 1988 56 75 the
939 1988 69 75 top.
1058 1988 113 75 There
1196 1988 53 75 are

262 2033 74 75 four
351 2033 119 75 fpecies
487 2033 40 75 of
538 2033 155 75 angelica,
719 2033 70 75 viz.
816 2033 56 75 the
890 2033 233 75 archangelica,
1152 2033 18 75 a
1193 2033 55 75 na-

263 2080 64 75 tive
344 2080 41 75 of
396 2080 171 75 Lapltmd;
595 2080 56 75 the
665 2080 173 75 fylveflris,
865 2080 18 75 a
906 2080 107 75 native
1036 2080 40 75 of
1099 2080 148 75 Britain;

262 2127 54 75 the
333 2127 177 75 purpurea,
531 2127 62 75 and
605 2127 56 75 the
677 2127 119 75 lucida,
815 2127 81 75 both
912 2127 121 75 natives
1052 2127 40 75 of
1104 2127 145 75 Canada.

263 2174 56 75 All
338 2174 55 75 the
412 2174 86 75 parts
511 2174 42 75 of
563 2174 55 75 the
635 2174 234 75 archangelica,
891 2174 61 75 but
971 2174 208 75 particularly
1195 2174 56 75 the

263 2220 100 75 roots,
371 2220 53 75 are
433 2220 164 75 aromatic,
607 2220 60 75 and
676 2220 76 75 ufed
761 2220 31 75 in
802 2220 117 75 feveral
928 2220 185 75 alexeterial
1121 2220 129 75 waters.

214 2268 221 75 Angelica,
461 2268 31 75 in
517 2268 144 75 Grecian
687 2268 173 75 antiquity,
886 2268 20 75 a
927 2268 184 75 celebrated
1133 2268 114 75 dance,

261 2314 183 75 performed
461 2314 33 75 at
510 2314 85 75 their
611 2314 105 75 feafts,
742 2314 34 75 fo
803 2314 114 75 called,
944 2314 132 75 becaufe
1100 2314 54 75 the
1170 2314 77 75 dan-

262 2359 68 75 cers
355 2359 84 75 were
456 2359 123 75 drefied
594 2359 34 75 in
644 2359 56 75 the
717 2359 89 75 habit
823 2359 41 75 of
882 2359 202 75 meffengers.

213 2407 263 75 ANGELICS,
501 2407 36 75 in.
556 2407 270 75 cfvurch-hiftory,
852 2407 40 75 an
912 2407 126 75 ancient
1056 2407 62 75 fed
1135 2407 41 75 of
1194 2407 57 75 he-

262 2454 110 75 retics,
397 2454 153 75 fuppofed
578 2454 44 75 by
646 2454 86 75 fome
748 2454 35 75 to
799 2454 82 75 have
905 2454 56 75 got
978 2454 65 75 this
1059 2454 193 75 appellation

262 2499 87 75 from
366 2499 85 75 their
465 2499 152 75 exceffive
635 2499 183 75 veneration
845 2499 40 75 of
906 2499 129 75 angels;
1063 2499 63 75 and
1147 2499 46 75 by
1214 2499 39 75 o-

261 2546 102 75 thers,
389 2546 84 75 from
490 2546 84 75 their
595 2546 208 75 maintaining
819 2546 71 75 that
906 2546 56 75 the
979 2546 104 75 world
1100 2546 64 75 was
1182 2546 69 75 cre-

262 2593 75 75 ated
353 2593 43 75 by
412 2593 121 75 angels.

215 2640 200 75 Angelics
430 2640 27 75 is
471 2640 131 75 alfothe
619 2640 91 75 name
727 2640 40 75 of
780 2640 38 75 an
835 2640 96 75 order
944 2640 39 75 of
995 2640 143 75 knights,
1164 2640 85 75 infti-

262 2685 92 75 tuted
370 2685 33 75 in
423 2685 101 75 1191,
562 2685 44 75 by
623 2685 144 75 Angelas
788 2685 129 75 Flavius
935 2685 185 75 Comnenus
1143 2685 107 75 empe-

263 2732 54 75 ror
333 2732 40 75 of
384 2732 274 75 Conftantinople.

215 2779 202 75 Angelics
446 2779 27 75 is
501 2779 65 75 alfo
595 2779 18 75 a
641 2779 225 75 congregation
884 2779 41 75 of
937 2779 92 75 nuns,
1056 2779 143 75 founded
1216 2779 34 75 at

262 2826 106 75 Milan
385 2826 32 75 in
439 2826 105 75 1534,
566 2826 43 75 by
626 2826 122 75 Louifa
764 2826 142 75 Torelli,
933 2826 145 75 countefs
1103 2826 41 75 of
1154 2826 93 75 Gua-

263 2871 100 75 ftalla.
412 2871 99 75 They
531 2871 128 75 obfervc
676 2871 56 75 the
750 2871 68 75 rule
835 2871 41 75 of
888 2871 39 75 St
940 2871 188 75 Augnfline.

216 2919 296 75 ANGELITES,
545 2919 32 75 in
608 2919 269 75 church-hnftory,
903 2919 38 75 an
970 2919 125 75 ancient
1124 2919 62 75 fe<5t
1201 2919 54 75 'of

262 2965 150 75 heretics,
437 2965 106 75 whofe
567 2965 237 75 diftinguilhing
828 2965 109 75 tenect
962 2965 77 75 was,
1073 2965 93 75 That
1192 2965 54 75 the

260 3010 134 75 Tiinity
411 3010 80 75 have
511 3010 41 75 no
563 3010 123 75 diftindt
701 3010 173 75 fubftance,
891 3010 58 75 but
961 3010 131 75 partake
1108 3010 34 75 in
1158 3010 86 75 com-

262 3059 75 75 mon
353 3059 40 75 of
413 3059 54 75 the
483 3059 83 75 fame
585 3059 108 75 divine
709 3059 132 75 elfence.

1291 192 26 75 4
1373 192 19 75 )

1714 192 143 75 AN
1915 192 41 75 G

1298 261 221 75 ANGELO,
1544 261 37 75 or
1601 261 22 75 S
1634 261 16 75 r
1671 261 177 75 Angelo,
1875 261 18 75 a
1908 261 148 75 fea-porf
2076 261 87 75 town
2188 261 40 75 of
2241 261 93 75 Apu-

1346 307 64 75 glia
1426 307 32 75 in
1475 307 136 75 Naples,
1635 307 136 75 fituated
1788 307 43 75 on
1849 307 55 75 the
1920 307 75 75 gulf
2007 307 39 75 of
2054 307 135 75 Venice,
2213 307 33 75 in
2268 307 42 75 16
2310 289 22 49 0

1350 357 17 75 2
1421 357 44 75 E.
1483 357 90 75 long,
1592 357 62 75 and
1671 357 41 75 41
1712 339 25 49 0
1759 357 55 75 20'
1831 357 48 75 N.
1896 357 60 75 lat.
2005 357 33 75 It
2054 357 27 75 is
2098 357 66 75 alfo
2175 357 57 75 the
2244 357 91 75 name

1347 401 40 75 of
1399 401 66 75 two
1482 401 95 75 other
1593 401 90 75 fmall
1700 401 103 75 towns
1819 401 32 75 in
1875 401 98 75 Italy,
1998 401 61 75 one
2079 401 135 75 lituated
2230 401 33 75 in
2280 401 56 75 the

1347 449 155 75 kingdom
1518 449 40 75 of
1569 449 136 75 Naples,
1731 449 64 75 and
1813 449 55 75 the
1885 449 95 75 other
1996 449 32 75 in
2043 449 57 75 the
2126 449 151 75 province
2300 449 40 75 df

1348 495 142 75 Urbino.

1301 542 409 75 ANGELOLATRIA,
1736 542 116 75 among
1878 542 215 75 ecclefiaftical
2116 542 138 75 writers,
2280 542 55 75 the

1349 591 166 75 adoration
1531 591 38 75 or
1592 591 136 75 worlhip
1744 591 41 75 of
1796 591 123 75 angels.

1299 636 248 75 ANGELOS,
1573 636 19 75 a
1616 636 62 75 fine
1703 636 67 75 city
1786 636 40 75 of
1844 636 150 75 Mexico,
2020 636 135 75 fituated
2182 636 31 75 in
2245 636 61 75 103
2306 618 25 49 0

1349 682 61 75 W.
1431 682 89 75 long,
1545 682 65 75 and
1633 682 40 75 19
1673 664 23 49 0
1715 682 48 75 N.
1784 682 61 75 lat.
1876 682 100 75 about
1996 682 40 75 75
2055 682 90 75 miles
2160 682 175 75 fouth-ealt

1349 729 40 75 of
1401 729 56 75 the
1474 729 67 75 city
1556 729 42 75 of
1607 729 151 75 Mexico.

1299 776 254 75 ANGELOT,
1578 776 18 75 a
1614 776 79 75 gold
1715 776 71 75 coin
1804 776 105 75 ftruck
1925 776 33 75 at
1974 776 105 75 Paris,
2103 776 96 75 while
2215 776 121 75 fubjedb

1347 822 35 75 to
1400 822 55 75 the
1468 822 154 75 Englifh;
1648 822 34 75 fo
1695 822 102 75 called
1814 822 85 75 from
1911 822 56 75 the
1984 822 248 75 reprefentation
2245 822 38 75 of
2295 822 41 75 an

1348 869 90 75 angel
1456 869 185 75 fupporting
1658 869 55 75 the
1730 869 83 75 arms
1830 869 42 75 of
1882 869 151 75 England
2050 869 63 75 and
2129 869 134 75 France.

1300 916 247 75 ANGELUS.
1598 916 62 75 See
1676 916 136 75 Angel

1300 963 185 75 ANGER,
1508 963 18 75 a
1544 963 122 75 violent
1693 963 100 75 defire
1817 963 34 75 to
1867 963 41 75 be
1931 963 143 75 avenged
2090 963 53 75 for
2160 963 85 75 fome
2261 963 71 75 fup-

1350 1009 95 75 pofed
1459 1009 124 75 injury.
1608 1009 9 75 ,
1634 1009 61 75 See
1712 1009 183 75 Morals.

1299 1056 325 75 ANGERBURG,
1650 1056 19 75 a
1696 1056 66 75 city
1789 1056 41 75 of
1848 1056 131 75 Pruflia,
2003 1056 33 75 in
2052 1056 56 75 the
2124 1056 151 75 province
2298 1056 40 75 of

1348 1102 209 75 Bartenland,
1583 1102 85 75 upon
1684 1102 56 75 the
1758 1102 84 75 river
1859 1102 167 75 Angerap.

1299 1150 387 75 ANGERMANNfA,
1705 1150 19 75 a
1735 1150 157 75 maritime
1904 1150 150 75 province
2066 1150 41 75 of
2119 1150 150 75 Sweden,
2283 1150 50 75 ly-

1346 1195 55 75 ing
1417 1195 40 75 on
1475 1195 56 75 the
1547 1195 130 75 weftern
1695 1195 90 75 fhore
1802 1195 40 75 of
1852 1195 56 75 the
1924 1195 141 75 Bcthnic
2078 1195 113 75 gulph.

1298 1242 338 75 ANGERMUND,
1655 1242 19 75 a
1684 1242 86 75 town
1789 1242 41 75 of
1841 1242 56 75 the
1912 1242 124 75 dutchy
2051 1242 40 75 of
2102 1242 87 75 Berg
2200 1242 32 75 in
2246 1242 87 75 Ger-

1346 1288 106 75 many,
1472 1288 134 75 fituated
1617 1288 41 75 on
1672 1288 55 75 the
1739 1288 65 75 eaft
1819 1288 63 75 fide
1899 1288 40 75 of
1950 1288 56 75 the
2023 1288 121 75 Rhine,
2162 1288 31 75 in
2212 1288 45 75 6°
2277 1288 56 75 20'

1345 1335 43 75 E.
1408 1335 88 75 long,
1515 1335 62 75 apd
1596 1335 39 75 51
1635 1317 27 49 0
1662 1335 3 75 ’
1685 1335 42 75 io
1727 1317 10 49 /
1754 1335 48 75 N.
1815 1335 59 75 lat.
1923 1335 32 75 It
1967 1335 58 75 lies
2039 1335 98 75 about
2152 1335 73 75 nine
2241 1335 96 75 miles,

1346 1381 95 75 north
1474 1381 41 75 of
1535 1381 211 75 Duffeldorp,
1782 1381 63 75 and
1871 1381 28 75 is
1926 1381 120 75 fubjedt
2069 1381 36 75 to
2126 1381 58 75 the
2214 1381 119 75 eledtor

1347 1428 157 75 Palatine.

1301 1476 375 75 ANGERONALIA,
1713 1476 33 75 in
1774 1476 171 75 antiquity,
1974 1476 92 75 feafls
2095 1476 183 75 celebrated
2301 1476 40 75 at

1347 1522 105 75 Rome
1469 1522 31 75 in
1517 1522 128 75 honour
1662 1522 41 75 of
1714 1522 187 75 Angerona,
1927 1522 57 75 the
2006 1522 137 75 goddefs
2160 1522 42 75 of
2221 1522 112 75 filence

1348 1569 62 75 and
1440 1569 154 75 patience.
1659 1569 101 75 They
1784 1569 84 75 were
1893 1569 176 75 inflituted,
2103 1569 171 75 according
2298 1569 39 75 to

1347 1616 203 75 Macrobius,
1574 1616 33 75 in
1625 1616 217 75 confequence
1866 1616 41 75 of
1925 1616 19 75 a
1965 1616 85 75 vow,
2075 1616 92 75 when
2183 1616 57 75 the
2257 1616 75 75 peo-

1348 1662 51 75 ple
1415 1662 85 75 were
1522 1662 135 75 afflidled
1677 1662 79 75 with
1772 1662 57 75 the
1845 1662 136 75 quinzy.
2036 1662 100 75 They
2153 1662 87 75 were
2256 1662 77 75 held

1348 1708 40 75 on
1405 1708 54 75 the
1479 1708 38 75 21
1525 1708 24 75 ft
1566 1708 40 75 of
1619 1708 197 75 December.

1300 1755 212 75 ANGERS,
1539 1755 18 75 a
1573 1755 87 75 large
1683 1755 123 75 city'of
1827 1755 135 75 France,
1987 1755 117 75 capital
2119 1755 40 75 of
2179 1755 55 75 the
2257 1755 73 75 pro-

1346 1802 91 75 vince
1458 1802 40 75 of
1517 1802 122 75 Anjou,
1666 1802 61 75 and
1744 1802 133 75 fituated
1901 1802 42 75 on
1968 1802 56 75 the
2048 1802 84 75 river
2160 1802 113 75 Loire,
2298 1802 35 75 in

1350 1848 56 75 30*
1427 1848 61 75 W.
1505 1848 92 75 long,
1623 1848 63 75 and
1702 1848 44 75 qy
1746 1830 24 49 0
1770 1848 4 75 -
1791 1848 56 75 30'
1870 1848 48 75 N.
1943 1848 59 75 lat.
2051 1848 34 75 It
2107 1848 28 75 is
2160 1848 17 75 a
2194 1848 137 75 bifhop’s

1346 1894 62 75 fee,
1434 1894 62 75 and
1511 1894 58 75 has
1587 1894 18 75 a
1620 1894 90 75 royal
1735 1894 152 75 academy
1903 1894 52 75 for
1971 1894 56 75 the
2044 1894 91 75 ftudy
2151 1894 41 75 of
2195 1894 59 75 the
2270 1894 64 75 kw

1347 1941 127 75 chiefly.

1298 1988 275 75 ANGHIERA,
1599 1988 19 75 a
1639 1988 87 75 town
1750 1988 42 75 of
1810 1988 57 75 the
1889 1988 158 75 Milanefe
2064 1988 31 75 in
2112 1988 99 75 Italy,
2236 1988 94 75 fitua-

1346 2033 55 75 ted
1418 2033 40 75 on
1482 2033 56 75 the
1554 2033 63 75 eaft
1634 2033 63 75 fide
1713 2033 42 75 of
1772 2033 56 75 the
1851 2033 92 75 Laco
1959 2033 184 75 Maggiore,
2170 2033 98 75 about
2286 2033 46 75 40

1345 2080 90 75 miles
1460 2080 74 75 weft
1562 2080 37 75 of
1624 2080 120 75 Milan,
1780 2080 33 75 in
1837 2080 21 75 9
1858 2062 24 49 0
1908 2080 44 75 E.
1978 2080 90 75 long,
2094 2080 63 75 and
2181 2080 42 75 45
2223 2062 26 49 0
2276 2080 56 75 40'

1345 2127 48 75 N.
1414 2127 59 75 lat.

1299 2173 207 75 ANGINA,
1541 2173 32 75 in
1602 2173 169 75 medicine,
1801 2173 18 75 a
1843 2173 121 75 violent
1991 2173 195 75 inflamatibn
2212 2173 43 75 of
2276 2173 58 75 the

1346 2220 119 75 throat,
1491 2220 94 75 other
1588 2220 71 75 wife
1676 2220 105 75 called
1798 2220 130 75 quinzy.
1979 2220 61 75 See
2063 2220 222 75 Medicine.

1298 2267 389 75 ANGIOSPERMIA,
1712 2267 32 75 in
1764 2267 56 75 the
1840 2267 154 75 Linnsean
2011 2267 111 75 fyftem
2141 2267 40 75 of
2198 2267 134 75 botarty,

1346 2314 131 75 denotes
1489 2314 93 75 thofe
1595 2314 105 75 plants
1713 2314 39 75 of
1764 2314 55 75 the
1831 2314 181 75 didynamia
2025 2314 90 75 clafs,
2134 2314 105 75 which
2251 2314 82 75 have

1346 2360 86 75 their
1447 2360 89 75 feeds
1563 2360 141 75 inclofed
1719 2360 32 75 in
1768 2360 154 75 capfules,
1947 2360 37 75 or
2007 2360 212 75 feed-veflels.
2269 2360 64 75 See

1348 2407 251 75 Didynamia,
1625 2407 63 75 and
1708 2407 179 75 Botany.

1300 2454 185 75 ANGLE,
1510 2454 33 75 in
1576 2454 177 75 geometry,
1780 2454 56 75 the
1863 2454 188 75 inclination
2081 2454 40 75 of
2147 2454 67 75 two
2247 2454 80 75 lines

1347 2501 140 75 meeting
1504 2501 60 75 one
1581 2501 135 75 another
1743 2501 32 75 in
1802 2501 19 75 a
1843 2501 104 75 point,
1973 2501 62 75 and
2053 2501 107 75 called
2183 2501 56 75 the
2264 2501 68 75 legs

1349 2546 43 75 of
1407 2546 51 75 the
1475 2546 106 75 angle.
1634 2546 63 75 See
1713 2546 246 75 Geometry.

1300 2593 174 75 Spherical
1485 2593 150 75 Angle,
1652 2593 71 75 that
1737 2593 126 75 formed
1874 2593 44 75 by
1931 2593 54 75 the
1997 2593 198 75 interfedlion
2213 2593 40 75 of
2264 2593 68 75 two

1347 2640 89 75 great
1452 2640 111 75 circles
1580 2640 40 75 of
1632 2640 54 75 the
1703 2640 122 75 fphere.
1877 2640 62 75 See
1953 2640 345 75 Trigonometry.

1300 2687 156 75 Angles
1482 2687 43 75 of
1539 2687 56 75 the
1607 2687 64 75 eye,
1696 2687 33 75 in
1741 2687 163 75 anatomy,
1929 2687 56 75 the
1996 2687 84 75 fame
2092 2687 76 75 with
2188 2687 55 75 the
2260 2687 70 75 cor-

1347 2733 70 75 ners
1438 2733 40 75 of
1489 2733 56 75 the
1565 2733 71 75 eye,
1663 2733 103 75 called
1785 2733 44 75 by
1850 2733 180 75 anatomifts
2048 2733 123 75 canthi.

1299 2781 217 75 ANGLER,
1543 2781 18 75 a
1587 2781 112 75 perfon
1720 2781 74 75 who
1817 2781 147 75 pra&ifcs
1985 2781 56 75 the
2057 2781 48 75 art
2130 2781 40 75 of
2186 2781 143 75 angling.

1297 2828 276 75 ANGLESEY,
1592 2828 38 75 an
1644 2828 97 75 ifland
1753 2828 41 75 on
1807 2828 56 75 the
1875 2828 84 75 coaft
1971 2828 40 75 of
2018 2828 47 75 N.
2078 2828 128 75 Wales,
2224 2828 104 75 which

1346 2875 96 75 fends
1454 2875 61 75 one
1535 2875 141 75 member
1693 2875 35 75 to
1744 2875 202 75 parliament.

1298 2921 187 75 ANGLIC
1492 2921 125 75 ANUS
1633 2921 120 75 Sudor,
1767 2921 113 75 among
1893 2921 187 75 phyficians.
2108 2921 62 75 See
2182 2921 145 75 Sudor.

1295 2968 291 75 ANGLICISM,
1612 2968 32 75 in
1661 2968 90 75 ftyle,
1778 2968 18 75 a
1814 2968 131 75 manner
1966 2968 39 75 of
2016 2968 112 75 fpeech
2140 2968 142 75 peculiar
2294 2968 34 75 to

1343 3015 54 75 the
1413 3015 131 75 Englifh
1562 3015 167 75 language.

1294 3062 247 75 ANGLING,
1563 3062 118 75 among
1697 3062 187 75 fportfmen,
1909 3062 56 75 the
1988 3062 50 75 art
2059 3062 42 75 of
2117 3062 110 75 fifliing
2247 3062 80 75 with
