2483 3387
183 183 83 75 370

656 175 42 75 A
774 175 38 75 R
890 175 17 75 I
984 175 39 75 T
1100 175 44 75 H

311 296 165 75 Chap:
506 296 68 75 HI.
634 296 430 75 Subtraction.

224 380 286 75 Subtraction
529 380 26 75 is
573 380 55 75 the
651 380 113 75 taking
788 380 19 75 a
829 380 91 75 leffer
938 380 133 75 number
1090 380 85 75 from
1191 380 20 75 a

176 426 146 75 greater,,
350 426 34 75 in
410 426 96 75 order
531 426 35 75 to
591 426 144 75 difcover
762 426 86 75 their
874 426 186 75 difference,
1094 426 36 75 or
1154 426 57 75 the

176 473 191 75 remainder.

428 548 29 75 I.
508 548 82 75 Suit
592 548 72 75 raft
666 548 52 75 ion
742 548 44 75 of
797 548 160 75 Integers.

221 610 109 75 Rule
357 610 30 75 I.
438 610 59 75 Set
512 610 118 75 figures
647 610 40 75 of
699 610 64 75 like
780 610 89 75 place
886 610 101 75 under
1003 610 106 75 other,
1138 610 71 75 r/z.

174 655 87 75 units
279 655 102 75 under
396 655 97 75 units,
519 655 69 75 tens
606 655 101 75 under
723 655 83 75 tens,
833 655 65 75 <bc.
923 655 61 75 and
1008 655 55 75 the
1085 655 125 75 greater

174 705 41 75 of
227 705 55 75 the
297 705 94 75 given
410 705 148 75 numbers
575 705 194 75 uppermoft.

222 751 47 75 II.
294 751 182 75 Beginning
492 751 32 75 at
542 751 56 75 the
614 751 89 75 place
719 751 41 75 of
769 751 99 75 units,
895 751 74 75 take
987 751 56 75 the
1060 751 98 75 lower
1170 751 34 75 fi-

174 797 94 75 gures
285 797 86 75 from
388 797 89 75 thofe
495 797 114 75 abpve,
635 797 184 75 borrowing
847 797 62 75 and
938 797 116 75 paying
1082 797 67 75 ten,
1174 797 34 75 as

173 844 82 75 need
272 844 156 75 requires,
454 844 64 75 and
534 844 91 75 write
642 844 55 75 the
713 844 194 75 remainders
924 844 118 75 below.

219 890 154 75 Examp.
398 890 31 75 I.
485 890 143 75 Becaufe
652 890 117 75 firailar
796 890 37 75 or
850 890 64 75 like
931 890 109 75 things
1057 890 77 75 only
1150 890 58 75 can

753 935 39 75 be
815 935 191 75 fubtrafted,
1040 935 89 75 place
1153 935 55 75 the

173 986 69 75 867
268 986 117 75 major,
411 986 38 75 or
465 986 164 75 minuend.
749 986 148 75 numbers
931 986 34 75 as
1001 986 141 75 directed
1176 986 33 75 in

174 1032 68 75 562
268 1032 117 75 minor,
410 1032 38 75 or
470 1032 209 75 fubtrahend.
740 1032 96 75 -Rule
852 1032 30 75 I.
908 1032 70 75 viz.
1004 1032 85 75 units
1106 1032 102 75 under

746 1076 97 75 units,
885 1076 70 75 tens
988 1076 102 75 under
1122 1076 82 75 tens,

172 1126 73 75 305-
266 1126 184 75 difference,
460 1126 37 75 or
506 1126 190 75 remainder,
746 1126 65 75 'be.
837 1126 63 75 and
924 1126 55 75 the
998 1126 135 75 greateft
1149 1126 57 75 up-

743 1170 149 75 permoff,
910 1170 34 75 as
959 1170 32 75 in
1004 1170 55 75 the
1071 1170 136 75 margin.

170 1216 112 75 Then,
307 1216 173 75 beginning
496 1216 33 75 at
545 1216 56 75 the
617 1216 91 75 place
723 1216 42 75 of
775 1216 100 75 units,
899 1216 67 75 fay,
985 1216 19 75 2
1019 1216 85 75 units
1120 1216 86 75 from

174 1262 21 75 7
213 1262 98 75 units,
336 1262 62 75 and
421 1262 17 75 5
460 1262 86 75 units
567 1262 119 75 remain
702 1262 9 75 ;
749 1262 108 75 which
884 1262 47 75 fet
956 1262 105 75 below
1088 1262 32 75 in
1148 1262 56 75 the

164 1309 98 75 •jdace
277 1309 41 75 of
331 1309 106 75 units;
465 1309 77 75 then
560 1309 22 75 6
598 1309 71 75 tens
685 1309 86 75 from
786 1309 23 75 6
827 1309 83 75 tens,
936 1309 63 75 and
1010 1309 134 75 nothing
1156 1309 47 75 re-

171 1356 102 75 mains
285 1356 10 75 ;
322 1356 178 75 wherefore
528 1356 47 75 fet
598 1356 23 75 o
644 1356 118 75 below,
787 1356 32 75 in
848 1356 55 75 the
931 1356 89 75 place
1048 1356 40 75 of
1110 1356 93 75 tens;

170 1404 79 75 then
268 1404 17 75 5
304 1404 148 75 hundred
467 1404 85 75 from
570 1404 20 75 8
608 1404 159 75 hundred,
786 1404 62 75 and
870 1404 16 75 3
901 1404 149 75 hundred
1062 1404 118 75 remain
1193 1404 9 75 ;

171 1448 107 75 which
291 1448 47 75 fet
348 1448 119 75 below,
492 1448 32 75 in
541 1448 55 75 the
613 1448 90 75 place
719 1448 40 75 of
769 1448 164 75 hundreds
945 1448 11 75 ;
982 1448 63 75 and
1061 1448 66 75 you
1138 1448 68 75 will

170 1495 68 75 find
254 1495 56 75 the
326 1495 82 75 total
424 1495 173 75 difference
616 1495 37 75 or
671 1495 178 75 remainder
867 1495 36 75 to
920 1495 39 75 be
980 1495 80 75 305.

218 1543 48 75 II.
291 1543 131 75 Having
433 1543 113 75 placed
557 1543 56 75 the
624 1543 163 75 numbers,
803 1543 85 75 units
901 1543 102 75 under
1016 1543 97 75 units,
1138 1543 65 75 be.

314 1588 34 75 as
364 1588 31 75 in
413 1588 55 75 the
484 1588 136 75 margin,
644 1588 67 75 fay,
738 1588 18 75 5
774 1588 84 75 units
876 1588 83 75 from
981 1588 18 75 2
1018 1588 98 75 units,
1140 1588 66 75 you

170 1638 93 75 7432
313 1638 129 75 cannot,
467 1638 70 75 but,
561 1638 132 75 becaufe
711 1638 39 75 an
766 1638 70 75 unit
852 1638 32 75 in
902 1638 54 75 the
968 1638 80 75 next
1063 1638 143 75 fuperior

172 1684 99 75 2.785.
313 1684 91 75 place
419 1684 110 75 makes
549 1684 53 75 ten
623 1684 32 75 in
677 1684 63 75 this
763 1684 103 75 place,
888 1684 65 75 you
973 1684 82 75 muff
1075 1684 131 75 borrow

316 1729 28 75 1,
364 1729 71 75 viz.
457 1729 14 75 1
484 1729 68 75 ten,
577 1729 83 75 from
679 1729 133 75 thefaid
828 1729 82 75 next
920 1729 103 75 place,
1048 1729 33 75 as
1098 1729 104 75 direc-

171 1777 93 75 4647
313 1777 54 75 ted
388 1777 32 75 in
438 1777 86 75 Rule
541 1777 47 75 II.
605 1777 10 75 ;
641 1777 106 75 which
768 1777 14 75 1
803 1777 54 75 ten
881 1777 96 75 being
1001 1777 105 75 added
1129 1777 36 75 to
1183 1777 19 75 2

314 1820 109 75 makes
444 1820 39 75 12
496 1820 11 75 ;
535 1820 75 75 then
626 1820 69 75 fay,
713 1820 17 75 5
749 1820 86 75 from
857 1820 53 75 12,
928 1820 63 75 and
1006 1820 18 75 7
1041 1820 135 75 remains
1191 1820 11 75 ;

172 1868 107 75 which
299 1868 18 75 7
334 1868 47 75 fet
403 1868 105 75 below
530 1868 33 75 in
587 1868 57 75 the
667 1868 90 75 place
773 1868 40 75 of
823 1868 85 75 units
924 1868 10 75 ;
960 1868 77 75 then
1052 1868 151 75 proceed,

172 1913 64 75 and
250 1913 63 75 pay
338 1913 56 75 the
422 1913 69 75 unit
517 1913 183 75 borrowed,
726 1913 103 75 either
844 1913 45 75 by
905 1913 168 75 efteeming
1092 1913 33 75 3,
1149 1913 57 75 the

173 1961 81 75 next
270 1961 100 75 figure
386 1961 32 75 in
430 1961 56 75 the
502 1961 115 75 major,
635 1961 35 75 to
687 1961 39 75 be
742 1961 77 75 only
834 1961 33 75 2,
886 1961 51 75 or,
953 1961 107 75 which
1077 1961 27 75 is
1116 1961 89 75 more

172 2008 103 75 ufual,
301 2008 62 75 and
379 2008 56 75 the
454 2008 84 75 fame
561 2008 32 75 in
618 2008 104 75 effett,
748 2008 45 75 by
809 2008 118 75 adding
947 2008 14 75 1
981 2008 36 75 to
1042 2008 55 75 the
1124 2008 82 75 next

172 2054 101 75 figure
290 2054 33 75 in
338 2054 56 75 the
418 2054 118 75 minor,
560 2054 87 75 thus,
678 2054 13 75 1
718 2054 71 75 that
813 2054 65 75 you
902 2054 170 75 borrowed
1097 2054 62 75 and
1184 2054 21 75 8

173 2100 93 75 make
285 2100 35 75 9,
345 2100 85 75 from
449 2100 17 75 3
485 2100 66 75 you
567 2100 129 75 cannot,
720 2100 73 75 but,
815 2100 185 75 borrowing
1024 2100 33 75 as
1081 2100 130 75 before,

172 2121 4 104 ■
176 2147 63 75 jou
255 2147 68 75 fay,
350 2147 21 75 9
387 2147 85 75 from
493 2147 38 75 13
554 2147 64 75 and
635 2147 21 75 4
676 2147 156 75 remains;
858 2147 106 75 which
982 2147 22 75 4
1019 2147 46 75 fet
1081 2147 127 75 below:

172 2193 154 75 proceed,
353 2193 62 75 and
441 2193 66 75 fay,
538 2193 13 75 1
581 2193 76 75 that
677 2193 65 75 you
757 2193 170 75 borrowed
944 2193 63 75 and
1026 2193 18 75 7
1062 2193 93 75 make
1172 2193 35 75 8,

173 2242 87 75 from
278 2242 23 75 4
315 2242 64 75 you
396 2242 130 75 cannot,
549 2242 58 75 but
622 2242 85 75 from
728 2242 56 75 14,
802 2242 62 75 and
881 2242 21 75 6
920 2242 156 75 remains;
1101 2242 108 75 which

176 2289 23 75 6
216 2289 47 75 fet
277 2289 128 75 below:
443 2289 41 75 go
508 2289 55 75 on,
588 2289 63 75 and
674 2289 67 75 fay,
772 2289 12 75 1
805 2289 169 75 borrowed
1000 2289 62 75 and
1081 2289 18 75 2
1118 2289 93 75 make

179 2333 35 75 3,
231 2333 85 75 from
335 2333 33 75 7,
386 2333 61 75 and
465 2333 22 75 4
503 2333 158 75 remains;
694 2333 107 75 which
818 2333 22 75 4
855 2333 47 75 fet
919 2333 117 75 below.
1086 2333 46 75 So
1155 2333 56 75 the

178 2379 174 75 difference
368 2379 37 75 or
425 2379 178 75 remainder
618 2379 28 75 is
667 2379 105 75 4647.

179 2474 51 75 H.
279 2474 210 75 Subtraftion
505 2474 44 75 of
554 2474 53 75 the
616 2474 99 75 parts
732 2474 44 75 of
784 2474 169 75 Integers;
968 2474 82 75 fuch
1067 2474 37 75 as
1121 2474 89 75 Shil-

346 2518 99 75 lings,
470 2518 120 75 Pence,
614 2518 190 75 Farthings,
829 2518 137 75 Ounces,
997 2518 61 75 &e.

227 2578 111 75 Rule
362 2578 30 75 I.
433 2578 97 75 Place
546 2578 64 75 like
622 2578 87 75 parts
722 2578 102 75 under
839 2578 107 75 other,
965 2578 66 75 viz.
1051 2578 159 75 farthings

182 2623 102 75 under
301 2623 169 75 farthings,
495 2623 99 75 pence
611 2623 100 75 under
727 2623 119 75 pence,.
945 2623 62 75 and
1019 2623 55 75 the
1084 2623 127 75 greater

182 2672 41 75 of
234 2672 56 75 the
312 2672 93 75 given
421 2672 150 75 numbers
592 2672 193 75 uppermoft.

228 2719 52 75 II.
302 2719 104 75 Begin
423 2719 32 75 at
471 2719 55 75 the
542 2719 109 75 loweft
673 2719 40 75 of
732 2719 58 75 the
809 2719 100 75 parts,
935 2719 62 75 and
1013 2719 130 75 borrow
1159 2719 52 75 ac*

181 2765 134 75 cording
330 2765 38 75 to
382 2765 55 75 the
453 2765 93 75 value
561 2765 41 75 of
620 2765 38 75 an
674 2765 71 75 unit
767 2765 41 75 of
825 2765 57 75 the
904 2765 79 75 next
1000 2765 140 75 fuperior
1155 2765 56 75 de-

181 2811 219 75 nomination;
424 2811 71 75 viz.
520 2811 32 75 in
578 2811 159 75 farthings
761 2811 129 75 borrow
906 2811 36 75 4,
965 2811 34 75 in
1023 2811 98 75 pence
1137 2811 76 75 bor-

181 2858 71 75 row
272 2858 55 75 12,
353 2858 65 75 be.
444 2858 33 75 as
494 2858 57 75 the
566 2858 101 75 tables
684 2858 41 75 of
735 2858 116 75 money
867 2858 67 75 and
946 2858 134 75 weights
1097 2858 114 75 direct.

231 2905 70 75 HI.
323 2905 115 75 Iffyoir
451 2905 127 75 borrow
595 2905 56 75 20,
672 2905 58 75 30,
747 2905 57 75 40,
823 2905 57 75 60,
905 2905 38 75 or
966 2905 62 75 any
1040 2905 65 75 juft
1121 2905 91 75 num-

183 2950 62 75 ber
259 2950 40 75 of
316 2950 84 75 tens,
425 2950 34 75 as
485 2950 34 75 in
546 2950 191 75 fubtra&ing
763 2950 152 75 (hillings,
939 2950 147 75 degrees,
1108 2950 114 75 poles,,

183 2996 151 75 minutes,
358 2996 145 75 feconds,
529 2996 65 75 be.
618 2996 139 75 proceed
771 2996 79 75 with
875 2996 55 75 the
952 2996 189 75 right-hand
1156 2996 55 75 co-

184 3044 104 75 kimn,
312 3044 33 75 as
361 3044 34 75 in
409 3044 193 75 fubtraftion
629 3044 41 75 of
689 3044 140 75 integers
839 3044 22 75 1
878 3044 63 75 and
967 3044 78 75 then
1071 3044 141 75 fubtraft

1221 173 48 75 M
1345 173 36 75 E
1458 173 39 75 T
1572 173 19 75 I
1667 173 37 75 C
1782 173 50 75 K.

1258 238 82 75 your
1364 238 83 75 tens,
1471 238 198 75 borrowing,
1694 238 32 75 if
1745 238 82 75 need
1850 238 53 75 be,
1929 238 56 75 the
2012 238 132 75 number
2168 238 41 75 of
2225 238 71 75 tens

1262 286 172 75 contained
1449 286 32 75 in
1503 286 39 75 an
1558 286 69 75 unit
1652 286 39 75 of
1712 286 54 75 the
1781 286 83 75 next
1886 286 141 75 fuperior
2044 286 251 75 denomination.

1261 332 76 75 The
1355 332 111 75 reafon
1484 332 130 75 appears
1635 332 86 75 plain
1739 332 32 75 in
1787 332 57 75 the
1861 332 166 75 following
2044 332 197 75 operations.

1537 414 30 75 I.
1639 414 41 75 M
1730 414 32 75 O
1811 414 49 75 Nr
1894 414 30 75 E
1973 414 44 75 Y.

1308 472 142 75 Having,
1488 472 173 75 according
1697 472 36 75 to
1775 472 79 75 (10)
1875 472 78 75 (20)
1973 472 78 75 (12)
2072 472 55 75 (4)

1261 519 85 75 Rule
1362 519 29 75 I.
1416 519 115 75 placed
1554 519 69 75 like
1641 519 90 75 parts
1796 519 40 75 L.
1896 519 29 75 s.
1990 519 34 75 d.
2071 519 39 75 f.

1261 566 101 75 under
1400 566 108 75 other,
1550 566 71 75 viz.
1662 566 65 75 far-
1790 566 41 75 73
1894 566 39 75 15
1988 566 44 75 10
2082 566 19 75 2
2127 566 119 75 major,

1260 612 106 75 things
1413 612 101 75 under
1553 612 172 75 farthjngs,
1785 612 45 75 48
1893 612 39 75 12
2007 612 90 75 62
2123 612 116 75 minor.

1260 658 99 75 pence
1384 658 104 75 under
1514 658 111 75 pence,
1659 658 65 75 be.

1856 640 1 49 1

1941 658 42 75 —

1260 704 63 75 and
1338 704 32 75 in
1395 704 77 75 each
1496 704 39 75 of
1558 704 88 75 thefe
1671 704 56 75 de-
1788 704 43 75 25
1916 704 18 75 3
2008 704 22 75 4
2103 704 192 75 remainder,

1260 752 224 75 nominations,
1518 752 85 75 units
1627 752 101 75 under

1259 798 98 75 units,
1390 798 72 75 tens
1489 798 102 75 under
1618 798 82 75 tens,
1735 798 63 75 and
1825 798 57 75 the
1907 798 127 75 greater
2058 798 40 75 of
2117 798 57 75 the
2201 798 93 75 given

1260 844 148 75 numbers
1424 844 191 75 uppermoft,
1633 844 33 75 as
1686 844 32 75 in
1735 844 57 75 the
1808 844 118 75 magin,
1951 844 94 75 begin
2062 844 78 75 with
2157 844 55 75 the
2227 844 67 75 far-

1259 892 120 75 things,
1405 892 62 75 and
1483 892 66 75 fay,
1577 892 18 75 2
1614 892 85 75 from
1717 892 34 75 2,
1777 892 63 75 and
1856 892 22 75 o
1895 892 154 75 remains;
2077 892 62 75 and
2155 892 140 75 proceed

1260 938 35 75 to
1314 938 56 75 the
1390 938 112 75 pence,
1526 938 121 75 faying,
1674 938 21 75 6
1720 938 85 75 from
1827 938 41 75 10
1884 938 62 75 and
1963 938 22 75 4
2002 938 159 75 remains;
2188 938 106 75 which

1261 984 21 75 4
1299 984 46 75 fet
1361 984 108 75 down,
1495 984 62 75 and
1578 984 43 75 go
1637 984 41 75 on
1695 984 36 75 to
1747 984 56 75 the
1818 984 154 75 (hillings,
1997 984 109 75 faying
2123 984 18 75 2
2160 984 86 75 from
2271 984 20 75 5

1259 1031 62 75 and
1341 1031 16 75 3
1381 1031 147 75 remains,
1554 1031 63 75 and
1638 1031 12 75 1
1671 1031 85 75 from
1777 1031 31 75 1,
1837 1031 62 75 and
1923 1031 23 75 o
1974 1031 156 75 remains;
2163 1031 38 75 or
2228 1031 64 75 you

1259 1078 73 75 may
1346 1078 56 75 fay
1417 1078 33 75 at
1468 1078 93 75 once,
1591 1078 40 75 12
1652 1078 86 75 from
1764 1078 52 75 15,
1843 1078 62 75 and
1924 1078 16 75 3
1960 1078 159 75 remains;
2147 1078 106 75 which
2272 1078 19 75 3

1259 1124 94 75 being
1368 1124 47 75 fet
1431 1124 107 75 down,
1564 1124 138 75 proceed
1724 1124 35 75 to
1776 1124 56 75 the
1855 1124 138 75 pounds,
2018 1124 104 75 which
2140 1124 54 75 are
2210 1124 82 75 inte-

1258 1170 84 75 gers,
1368 1170 62 75 and
1453 1170 180 75 fubtra<fted
1655 1170 34 75 as
1706 1170 89 75 fuch.

1305 1216 38 75 In
1360 1216 65 75 this
1441 1216 148 75 example
1617 1216 67 75 fay,
1711 1216 16 75 3
1748 1216 159 75 farthings
1924 1216 85 75 from
2030 1216 13 75 1
2063 1216 145 75 farthing
2224 1216 67 75 you

1258 1263 127 75 cannot,
1411 1263 58 75 but
1492 1263 35 75 as
1552 1263 141 75 dire&ed
1718 1263 33 75 in

1256 1309 86 75 Rule
1359 1309 46 75 II.
1432 1309 62 75 you
1523 1309 66 75 fay,
1617 1309 17 75 3
1665 1309 85 75 from
1793 1309 78 75 (10)
1891 1309 79 75 (20)
2016 1309 78 75 (12)

1258 1356 32 75 4,
1317 1356 55 75 the
1388 1356 133 75 number
1537 1356 40 75 of
1588 1356 158 75 farthings
1806 1356 41 75 L.
1917 1356 29 75 s.
2034 1356 34 75 d.

1257 1402 31 75 in
1316 1402 13 75 1
1350 1402 105 75 penny
1479 1402 181 75 borrowed,
1686 1402 62 75 and
1798 1402 65 75 708
1918 1402 41 75 14

2108 1402 118 75 major.

1261 1450 12 75 1
1295 1450 157 75 remains;
1479 1450 106 75 which
1608 1450 13 75 1
1643 1450 104 75 added
1800 1450 66 75 170
1917 1450 40 75 17
2012 1450 68 75 10^
2104 1450 116 75 minor.

1256 1495 35 75 to
1313 1495 12 75 1
1354 1495 31 75 in
1412 1495 56 75 the
1491 1495 103 75 major
1613 1495 87 75 gives
1726 1495 19 75 2

1258 1543 157 75 farthings
1458 1543 51 75 for
1552 1543 19 75 a
1608 1543 135 75 remain-
1793 1543 69 75 429
1914 1543 42 75 16

2098 1543 192 75 remainder,

1260 1588 76 75 der;
1361 1588 106 75 which
1492 1588 46 75 fet
1560 1588 107 75 down,
1693 1588 62 75 and

1255 1636 136 75 proceed
1408 1636 35 75 to
1459 1636 55 75 the
1529 1636 112 75 pence,
1666 1636 125 75 faying,
1820 1636 14 75 1
1851 1636 105 75 penny
1971 1636 173 75 borrowed
2160 1636 61 75 and
2246 1636 43 75 ro

1255 1682 93 75 make
1377 1682 53 75 11,
1455 1682 105 75 which
1578 1682 85 75 from
1686 1682 21 75 6
1732 1682 63 75 you
1821 1682 128 75 cannot,
1974 1682 57 75 but
2048 1682 85 75 from
2154 1682 55 75 12,
2233 1682 57 75 the

1257 1729 133 75 number
1406 1729 41 75 of
1458 1729 98 75 pence
1573 1729 32 75 in
1631 1729 13 75 1
1673 1729 137 75 (hilling,
1835 1729 62 75 and
1917 1729 14 75 1
1955 1729 136 75 remains
2106 1729 10 75 ;
2142 1729 107 75 which
2271 1729 22 75 r

1257 1775 103 75 added
1378 1775 35 75 to
1430 1775 21 75 6
1471 1775 32 75 in
1521 1775 57 75 the
1597 1775 104 75 major
1717 1775 88 75 gives
1823 1775 19 75 a
1864 1775 177 75 remainder
2057 1775 41 75 of
2111 1775 18 75 7
2145 1775 9 75 ;
2182 1775 107 75 which

1255 1821 47 75 fet
1319 1821 109 75 down,
1445 1821 63 75 and
1523 1821 43 75 go
1581 1821 41 75 on
1639 1821 36 75 to
1691 1821 55 75 the
1762 1821 140 75 (hillings
1917 1821 10 75 ;
1947 1821 64 75 and
2025 1821 131 75 becaufe
2172 1821 31 75 in
2215 1821 74 75 fub-

1256 1867 136 75 tradling
1403 1867 144 75 (hillings
1560 1867 48 75 we
1623 1867 131 75 borrow
1776 1867 19 75 a
1818 1867 64 75 juft
1899 1867 134 75 number
2056 1867 38 75 of
2107 1867 83 75 tens,
2216 1867 72 75 viz.

1257 1916 18 75 2
1293 1916 83 75 tens,
1401 1916 38 75 or
1457 1916 56 75 20,
1532 1916 89 75 work
1639 1916 33 75 as
1690 1916 140 75 dire&ed
1846 1916 32 75 in
1896 1916 87 75 Rule
1998 1916 90 75 III.;
2115 1916 62 75 and
2188 1916 32 75 in
2232 1916 57 75 the

1256 1960 189 75 right-hand
1461 1960 127 75 column
1603 1960 67 75 fay,
1692 1960 13 75 1
1722 1960 170 75 borrowed
1907 1960 62 75 and
1989 1960 18 75 7
2025 1960 93 75 make
2129 1960 35 75 8,
2181 1960 107 75 which

1255 2006 84 75 from
1358 2006 21 75 4
1394 2006 65 75 you
1476 2006 128 75 cannot,
1630 2006 58 75 but
1703 2006 85 75 from
1805 2006 55 75 14,
1878 2006 62 75 and
1957 2006 22 75 6
1997 2006 157 75 remains;
2181 2006 108 75 which

1257 2052 94 75 being
1367 2052 46 75 fet
1424 2052 108 75 down,
1558 2052 42 75 go
1615 2052 44 75 on
1673 2052 35 75 to
1724 2052 56 75 the
1795 2052 164 75 left-hand
1976 2052 141 75 column,
2142 2052 62 75 and
2220 2052 69 75 fay,

1264 2099 12 75 1
1304 2099 169 75 borrowed
1501 2099 63 75 and
1590 2099 14 75 1
1633 2099 92 75 make
1744 2099 33 75 2,
1803 2099 106 75 which
1932 2099 85 75 from
2039 2099 13 75 x
2079 2099 64 75 you
2161 2099 129 75 cannot,

1258 2146 57 75 but
1331 2146 85 75 from
1434 2146 34 75 2,
1484 2146 57 75 the
1557 2146 134 75 number
1706 2146 40 75 of
1757 2146 71 75 tens
1843 2146 37 75 in
1897 2146 12 75 1
1931 2146 121 75 pound,
2077 2146 63 75 and
2154 2146 140 75 nothing

1260 2193 149 75 remains,
1433 2193 106 75 which
1563 2193 23 75 o
1610 2193 104 75 added
1737 2193 35 75 to
1802 2193 13 75 1
1835 2193 33 75 in
1885 2193 55 75 the
1957 2193 103 75 major
2087 2193 88 75 gives
2197 2193 13 75 1
2236 2193 55 75 for

1260 2239 19 75 a
1310 2239 202 75 remainder;
1553 2239 106 75 which
1691 2239 47 75 fet
1764 2239 108 75 down,
1909 2239 62 75 and
2002 2239 138 75 proceed
2171 2239 35 75 to
2233 2239 57 75 the

1260 2286 136 75 pounds,
1421 2286 122 75 faying,
1573 2286 13 75 1
1607 2286 168 75 borrowed
1797 2286 62 75 and
1877 2286 19 75 8
1915 2286 92 75 make
2024 2286 34 75 9,
2083 2286 105 75 which
2204 2286 90 75 from

1261 2335 19 75 8
1299 2335 63 75 you
1380 2335 128 75 cannot,
1534 2335 56 75 but
1610 2335 87 75 from
1721 2335 53 75 18,
1799 2335 65 75 be.

1307 2380 99 75 Note,
1433 2380 97 75 Some
1554 2380 64 75 add
1639 2380 58 75 the
1719 2380 134 75 number
1875 2380 168 75 borrowed
2059 2380 36 75 to
2111 2380 54 75 the
2190 2380 101 75 figure

1260 2426 38 75 or
1314 2426 132 75 number
1462 2426 34 75 in
1520 2426 55 75 the
1599 2426 115 75 major,
1740 2426 62 75 and
1829 2426 78 75 then
1930 2426 139 75 fubtradl
2091 2426 86 75 from
2205 2426 87 75 their

1260 2474 80 75 fum.
1388 2474 108 75 Thus,
1521 2474 32 75 in
1577 2474 56 75 the
1654 2474 158 75 farthings
1829 2474 79 75 they
1931 2474 64 75 add
2011 2474 55 75 the
2084 2474 21 75 4
2121 2474 171 75 borrowed

1261 2520 34 75 to
1317 2520 12 75 1
1350 2520 32 75 in
1406 2520 55 75 the
1477 2520 115 75 major,
1617 2520 63 75 and
1695 2520 76 75 then
1787 2520 87 75 from
1896 2520 56 75 the
1977 2520 69 75 fum
2070 2520 16 75 5
2116 2520 78 75 they
2217 2520 73 75 fubr

1260 2566 81 75 trad!
1356 2566 62 75 the.
1431 2566 15 75 3
1466 2566 39 75 in.
1515 2566 61 75 the
1588 2566 123 75 minor;
1738 2566 63 75 and
1816 2566 32 75 in
1865 2566 56 75 the
1940 2566 99 75 pence
2062 2566 78 75 they
2156 2566 63 75 add
2235 2566 56 75 the

1266 2610 225 75 12-borrowed
1507 2610 36 75 to
1560 2610 22 75 6
1598 2610 31 75 in
1654 2610 56 75 the
1732 2610 115 75 major,
1873 2610 63 75 and
1962 2610 138 75 fubtradt
2123 2610 84 75 from
2235 2610 56 75 the

1261 2659 68 75 fum
1349 2659 53 75 18,
1431 2659 86 75 be.-,
1545 2659 58 75 but
1618 2659 57 75 the
1686 2659 132 75 method
1829 2659 116 75 taught
1955 2659 108 75 above,
2072 2659 28 75 is
2115 2659 55 75 the
2186 2659 106 75 eafieft

1261 2705 63 75 and
1345 2705 79 75 moft
1449 2705 100 75 ufual.

1384 2788 31 75 2.
1456 2788 410 75 AVOIRDUPOIS
1901 2788 262 75 WEIGHT.

1308 2847 127 75 Begin
1464 2847 79 75 with
1571 2847 56 75 the
1655 2847 137 75 pounds,
1825 2847 63 75 and
1923 2847 78 75 (xa)
2022 2847 55 75 (4)
2098 2847 93 75 (28).

1261 2893 70 75 fay,
1356 2893 42 75 24
1422 2893 84 75 from
1526 2893 40 75 22
1589 2893 64 75 you
1676 2893 130 75 cannot*
1828 2893 63 75 but
1945 2893 36 75 C.

2114 2893 47 75 lb.

1262 2939 84 75 from
1365 2939 68 75 28,.
1447 2939 55 75 the
1519 2939 189 75 number-of
1718 2939 123 75 pounds
1853 2939 33 75 in
1935 2939 45 75 84
2032 2939 13 75 1
2107 2939 42 75 22
2174 2939 114 75 major.

1266 2985 12 75 1
1310 2985 142 75 quarter,
1489 2985 62 75 and
1569 2985 21 75 4
1607 2985 148 75 remains,
1781 2985 105 75 which
1935 2985 55 75 49.
2030 2985 16 75 3
2105 2985 44 75 24
2173 2985 117 75 minor,

1261 3034 106 75 added
1388 3034 35 75 to
1449 3034 42 75 22
1516 3034 35 75 in
1577 3034 55 75 the
1659 3034 115 75 major,
1799 3034 87 75 gives
1937 3034 45 75 3^
2033 3034 15 75 1
2108 3034 44 75 26
2177 3034 80 75 rem.

2170 3086 44 75 26
2236 3086 53 75 for
