2428 3377
197 125 100 75 Part
328 125 49 75 II.

752 117 999 75 ANATOMY.

2231 111 46 49 22
2277 129 28 75 5

493 296 746 75 EXPLANATION

200 415 86 75 Fig.
316 415 30 75 i.
394 415 78 75 The
488 415 189 75 Muscles
704 415 218 75 immediately
937 415 102 75 under
1062 415 56 75 the
1142 415 87 75 com-

245 459 74 75 mon
337 459 180 75 teguments
534 459 43 75 on
599 459 55 75 the
671 459 152 75 pofterior
845 459 71 75 part
936 459 41 75 of
994 459 56 75 the
1072 459 89 75 body
1177 459 53 75 are

244 505 202 75 reprefented
461 505 32 75 in
509 505 55 75 the
580 505 87 75 right
683 505 196 75 fide;—and
895 505 41 75 on
952 505 55 75 the
1024 505 60 75 left
1096 505 62 75 fide
1174 505 56 75 the

244 552 187 75 Muscles
449 552 53 75 are
518 552 72 75 feen
606 552 106 75 which
732 552 91 75 come
838 552 33 75 in
887 552 82 75 view
984 552 94 75 when
1093 552 56 75 the
1169 552 59 75 ex-

245 598 99 75 terior
359 598 77 75 ones
453 598 53 75 are
522 598 95 75 taken
635 598 102 75 away.

198 669 210 75 Head.—A
425 669 45 75 A,
487 669 330 75 Occipito-frontalis.
865 669 43 75 B,
925 669 166 75 Attollens
1108 669 121 75 aurem.

246 717 43 75 C,
314 717 79 75 Part
409 717 40 75 of
467 717 56 75 the
545 717 186 75 orbicularis
753 717 234 75 palpebrarum.
1036 717 49 75 D,
1111 717 118 75 Maffe-

245 762 62 75 ter.
354 762 45 75 E,
423 762 241 75 Pterygoidaeus
676 762 152 75 internus.

291 807 311 75 Trunk.—Right
620 807 74 75 fide.
748 807 27 75 F
792 807 28 75 F
836 807 40 75 F,
898 807 182 75 Trapezius
1099 807 53 75 feu
1171 807 56 75 cu-

245 854 143 75 cullaris.
437 854 36 75 G
490 854 35 75 G
542 854 37 75 G
595 854 49 75 G,
670 854 179 75 Latiffimus
872 854 95 75 dorfi.
1016 854 48 75 H,
1089 854 80 75 Part
1193 854 41 75 of

245 902 55 75 the
316 902 148 75 obliquus
481 902 153 75 externus
647 902 189 75 abdominis.

292 945 287 75 Trunk.—Left
607 945 76 75 fide.
740 945 30 75 I,
805 945 161 75 Splenius.
1021 945 47 75 K,
1093 945 80 75 Part
1196 945 41 75 of

246 993 56 75 the
329 993 198 75 complexus.
578 993 43 75 L,
656 993 143 75 Levator
825 993 146 75 fcapulse.
1020 993 54 75 M,
1106 993 124 75 Rhom-

248 1038 120 75 boides.
419 1038 34 75 N
476 1038 48 75 N,
556 1038 148 75 Serratus
729 1038 135 75 pofticus
887 1038 145 75 inferior.
1080 1038 46 75 O,
1152 1038 80 75 Part

246 1085 42 75 of
306 1085 56 75 the
378 1085 189 75 longillimus
591 1085 94 75 dorfi.
735 1085 39 75 P,
801 1085 79 75 Part
903 1085 41 75 of
963 1085 56 75 the
1041 1085 188 75 facro-lum-

247 1131 98 75 baris.
469 1131 79 75 Part
564 1131 41 75 of
624 1131 54 75 the
694 1131 218 75 fepni-fpinalis
936 1131 96 75 dorfi.
1081 1131 45 75 R,
1152 1131 79 75 Part

245 1178 41 75 of
304 1178 57 75 the
384 1178 136 75 ferratus
545 1178 122 75 anticus
691 1178 114 75 major.
854 1178 38 75 S,
917 1178 80 75 Part
1018 1178 41 75 of
1076 1178 56 75 the
1148 1178 82 75 obli-

247 1223 82 75 quus
346 1223 141 75 internus
504 1223 190 75 abdominis.

297 1269 196 75 Superior
511 1269 411 75 ExTREMiTY.-»-Right
938 1269 78 75 fide.
1068 1269 48 75 T,
1146 1269 82 75 Del-

248 1314 118 75 toides.
414 1314 48 75 U,
486 1314 139 75 Triceps
653 1314 148 75 extenfor
825 1314 111 75 cubiti.
985 1314 46 75 V.
1057 1314 173 75 Supinator

248 1360 127 75 longus.
422 1360 49 75 W
487 1360 61 75 W,
573 1360 197 75 Extenfores
794 1360 85 75 carpi
904 1360 127 75 radialis
1053 1360 125 75 longior
1199 1360 31 75 &

249 1405 140 75 brevior.
437 1405 97 75 XX,
560 1405 163 75 Extenfor
749 1405 86 75 carpi
862 1405 131 75 ulnaris.
1041 1405 31 75 Y
1088 1405 45 75 Y,
1158 1405 71 75 Ex-

250 1452 107 75 tenfor
383 1452 174 75 digitorum
584 1452 191 75 communis.
835 1452 40 75 Z,
909 1452 168 75 Abduftor
1102 1452 114 75 indicis

255 1502 109 75 123,
388 1502 198 75 Extejifores
602 1502 137 75 pollicis.

299 1545 196 75 Superior
522 1545 387 75 Extremity.—Left
931 1545 76 75 fide,
1056 1545 30 75 a,
1112 1545 119 75 Supra-

249 1591 152 75 fpinatus.
442 1591 34 75 b,
493 1591 258 75 Infra-fpinatus.
790 1591 31 75 c,
837 1591 106 75 Teres
955 1591 116 75 minor,
1111 1591 34 75 d,
1161 1591 69 75 Te-

251 1637 50 75 res
318 1637 115 75 major,
482 1637 30 75 e.
536 1637 139 75 Triceps
698 1637 148 75 extenfor
863 1637 112 75 cubiti.
1023 1637 19 75 f
1053 1637 26 75 f,
1104 1637 127 75 Exten-

252 1683 85 75 fores
362 1683 86 75 carpi
471 1683 140 75 radialis.
661 1683 32 75 g,
720 1683 172 75 Supinator
915 1683 120 75 brevis,
1083 1683 35 75 h.
1143 1683 89 75 Indi-

252 1728 102 75 cator.
406 1728 110 75 123,
541 1728 198 75 Extenfores
756 1728 136 75 pollicis.
940 1728 24 75 i,
989 1728 168 75 Abduftor
1174 1728 60 75 mi-

250 1774 76 75 nimi
341 1774 107 75 digiti.
496 1774 34 75 k,
555 1774 178 75 Interolfei.

300 1818 186 75 Inferior
504 1818 412 75 Extremity.—Right
930 1818 76 75 fide.
1054 1818 25 75 1,
1104 1818 127 75 Glutse-

250 1867 37 75 us
304 1867 170 75 maximus.
516 1867 44 75 m.
577 1867 79 75 Part
667 1867 41 75 of
718 1867 55 75 the
785 1867 133 75 glutseus
931 1867 138 75 medius.
1101 1867 36 75 n,
1155 1867 76 75 Faf-

251 1913 100 75 cialis.
401 1913 32 75 o,
458 1913 156 75 Gracilis,
662 1913 20 75 p
699 1913 34 75 p.
758 1913 167 75 Adductor
938 1913 130 75 femoris
1085 1913 144 75 magnus.

250 1960 36 75 q.
311 1960 79 75 Part
401 1960 41 75 of
453 1960 55 75 the
519 1960 104 75 vaftus
634 1960 155 75 internus.
837 1960 28 75 r,
892 1960 338 75 Semimembranofus.

251 2006 27 75 s,
305 2006 284 75 Semitendinofus.
636 2006 27 75 t.
681 2006 98 75 Long
788 2006 85 75 head
884 2006 40 75 of
934 2006 56 75 the
1005 2006 108 75 biceps
1128 2006 104 75 flexor

249 2052 115 75 cruris,
410 2052 23 75 u
456 2052 34 75 u,
515 2052 260 75 Gaftrocnemius
803 2052 152 75 externus
983 2052 54 75 feu
1064 2052 166 75 gemellus,

251 2098 33 75 v,
307 2098 119 75 Tendo
443 2098 151 75 Achillis.
642 2098 43 75 w,
712 2098 115 75 Soleus
844 2098 53 75 feu
923 2098 242 75 gaftrocnemius
1182 2098 49 75 in-

250 2144 121 75 ternus.
423 2144 25 75 x
469 2144 37 75 x,
531 2144 170 75 PeroiMeus
726 2144 112 75 longus
862 2144 31 75 &
915 2144 119 75 brevis,
1081 2144 34 75 y,
1139 2144 92 75 Ten-

251 2190 80 75 dons
343 2190 40 75 of
394 2190 56 75 the
466 2190 103 75 flexor
581 2190 175 75 digitoram
772 2190 113 75 longus
898 2190 123 75 ;—and
1031 2190 101 75 under
1143 2190 89 75 them

252 2236 21 75 *
289 2236 106 75 flexor
408 2236 175 75 digitorum
598 2236 116 75 brevis,
763 2236 33 75 z,
809 2236 168 75 AbduAor
988 2236 121 75 minimi
1124 2236 106 75 digiti.

298 2281 192 75 Inferior
518 2281 390 75 Extremity.—Left
932 2281 77 75 fide.
1074 2281 44 75 m,
1143 2281 35 75 n,
1203 2281 28 75 0,

247 2336 25 75 P
282 2336 37 75 P>
345 2336 19 75 <!
364 2336 12 75 >
401 2318 20 49 r
421 2336 13 75 i
456 2336 29 75 ft
509 2336 29 75 t,
562 2336 35 75 v,
621 2336 36 75 ao
671 2336 48 75 w,
737 2336 20 75 x
774 2336 32 75 x,
821 2336 38 75 _y,
885 2336 36 75 z.
969 2336 98 75 Point
1082 2336 56 75 the
1149 2336 84 75 fame

874 2561 365 75 PAR

585 2720 135 75 OF
842 2720 241 75 THE
1206 2720 47 75 A

388 2877 93 75 heart
497 2877 121 75 throws
632 2877 58 75 the
705 2877 99 75 blood
820 2877 67 75 into
898 2877 68 75 two
978 2877 88 75 great
1078 2877 153 75 arteries;

242 2925 25 75 1
352 2925 60 75 one
429 2925 41 75 of
486 2925 106 75 which
614 2925 27 75 is
658 2925 115 75 named
786 2925 114 75 aorta,
924 2925 57 75 the
997 2925 93 75 other
1106 2925 127 75 arteria

197 2973 211 75 pulmonalis.

219 3020 131 75 ^Vol.
366 3020 31 75 I.
421 3020 72 75 No.
514 3020 54 75 10.

1317 300 84 75 of
1477 300 328 75 PLATE
1866 300 141 75 XVI.

1324 408 87 75 parts
1427 408 36 75 as
1479 408 32 75 in
1527 408 56 75 the
1600 408 85 75 right
1706 408 76 75 fide,
1830 408 34 75 a,
1891 408 205 75 Pyriformis.
2145 408 19 75 b
2181 408 30 75 b,
2237 408 70 75 Ge-

1326 454 89 75 mini.
1464 454 18 75 c
1498 454 29 75 c.
1551 454 181 75 Obturator
1744 454 155 75 internus.
1949 454 33 75 d,
2007 454 187 75 Quadratus
2207 454 101 75 femo-

1326 500 110 75 moris.
1484 500 29 75 e,
1539 500 208 75 Coccygaeus.
1786 500 38 75 f,
1849 500 77 75 The
1941 500 88 75 fhort
2044 500 83 75 liead
2138 500 40 75 of
2189 500 55 75 the
2260 500 48 75 bi-

1325 546 72 75 ceps
1426 546 102 75 flexor
1556 546 113 75 cruris,
1722 546 27 75 g
1764 546 39 75 g,
1834 546 173 75 Plantaris.
2064 546 32 75 h,
2121 546 186 75 Poplitaeus.

1325 593 25 75 i.
1376 593 122 75 Flexor
1512 593 124 75 pollicis
1651 593 127 75 longus.

1279 699 86 75 Fig.
1393 699 33 75 2.
1474 699 77 75 The
1568 699 86 75 palm
1670 699 39 75 of
1728 699 54 75 the
1798 699 61 75 left
1881 699 86 75 hand
1989 699 84 75 after
2089 699 56 75 the
2161 699 148 75 common

1324 745 178 75 teguments
1519 745 53 75 are
1590 745 162 75 removed,
1777 745 34 75 to
1828 745 83 75 fhew
1928 745 54 75 the
1998 745 179 75 Muscles
2193 745 39 75 of
2252 745 56 75 the

1325 791 129 75 fingers.

1276 861 30 75 a,
1331 861 140 75 Tendon
1487 861 41 75 of
1546 861 55 75 the
1626 861 104 75 flexor
1752 861 86 75 carpi
1862 861 141 75 radialis.
2052 861 33 75 b,
2110 861 142 75 Tendon
2273 861 43 75 pf

1327 906 54 75 the
1400 906 104 75 flexor
1528 906 87 75 carpi
1632 906 131 75 ulnaris.
1812 906 30 75 c,
1867 906 156 75 Tendons
2041 906 40 75 of
2099 906 55 75 the
2170 906 140 75 flexores

1325 953 187 75 digitorum.
1561 953 34 75 d,
1621 953 169 75 Abdudtor
1808 953 138 75 pollicis.
1995 953 17 75 e
2029 953 29 75 e,
2083 953 122 75 Flexor
2215 953 96 75 polli-

1325 999 46 75 cis
1398 999 127 75 longus.
1575 999 25 75 f.
1627 999 121 75 Flexor
1772 999 123 75 pollicis
1920 999 117 75 brevis,
2095 999 32 75 g,
2153 999 156 75 Palmaris

1325 1046 118 75 brevis,
1492 1046 34 75 h,
1551 1046 170 75 Abdudtor
1737 1046 121 75 minimi
1880 1046 105 75 digiti.
2033 1046 25 75 i,
2083 1046 226 75 Ligamentum

1326 1092 85 75 carpi
1428 1092 163 75 annulare,
1638 1092 34 75 k,
1698 1092 34 75 A
1748 1092 98 75 probe
1862 1092 57 75 put
1934 1092 101 75 under
2050 1092 57 75 the
2123 1092 134 75 tendons
2274 1092 42 75 of

1326 1139 55 75 the
1397 1139 104 75 flexor
1525 1139 175 75 digitorum
1721 1139 165 75 fublimis;
1914 1139 106 75 which
2048 1139 53 75 are
2125 1139 187 75 perforated

1325 1184 44 75 by
1385 1184 23 75 1,
1427 1184 54 75 the
1496 1184 104 75 flexor
1611 1184 174 75 digitorum
1794 1184 189 75 profundus,
2009 1184 33 75 m
2054 1184 33 75 m
2098 1184 32 75 m
2143 1184 44 75 m,
2207 1184 101 75 Lum-

1325 1232 149 75 bricales.
1523 1232 33 75 n,
1581 1232 169 75 Addudor
1764 1232 140 75 pollicis.

1278 1338 86 75 Fig.
1392 1338 33 75 3.
1474 1338 32 75 A
1530 1338 169 75 fore-view
1714 1338 41 75 of
1774 1338 55 75 the
1852 1338 72 75 foot
1948 1338 63 75 and
2035 1338 134 75 tendons
2193 1338 41 75 of
2253 1338 57 75 the

1324 1384 137 75 flexores
1477 1384 187 75 digitorum.

1279 1464 31 75 a.
1336 1464 68 75 Cut
1420 1464 173 75 extremity
1609 1464 41 75 of
1668 1464 56 75 the
1740 1464 98 75 tendo
1854 1464 152 75 Achillis.
2053 1464 35 75 b.
2112 1464 114 75 Upper
2236 1464 74 75 part

1326 1510 40 75 of
1384 1510 57 75 the
1457 1510 184 75 aftragalus,
1689 1510 31 75 c.
1745 1510 50 75 Os
1811 1510 109 75 calcis.
1969 1510 35 75 d.
2028 1510 142 75 Tendon
2195 1510 39 75 of
2253 1510 57 75 the

1326 1555 117 75 tibialis
1467 1555 136 75 anticus.
1652 1555 30 75 e.
1706 1555 140 75 Tendon
1869 1555 40 75 of
1927 1555 56 75 the
2007 1555 150 75 extenfor
2184 1555 125 75 pollicis

1327 1602 127 75 longus.
1502 1602 25 75 f,
1551 1602 141 75 Tendon
1709 1602 40 75 of
1760 1602 55 75 the
1827 1602 163 75 peronaeus
2001 1602 117 75 brevis,
2167 1602 34 75 g.
2218 1602 91 75 Ten-

1325 1647 82 75 dons
1431 1647 40 75 of
1487 1647 55 75 the
1565 1647 103 75 flexor
1691 1647 172 75 digitorum
1886 1647 128 75 longus,
2039 1647 79 75 with
2135 1647 55 75 the
2208 1647 101 75 nonus

1328 1693 132 75 Vefalii.
1508 1693 21 75 h
1555 1693 35 75 h,
1615 1693 77 75 The
1719 1693 106 75 whole
1852 1693 42 75 of
1920 1693 55 75 the
2002 1693 104 75 flexor
2132 1693 178 75 digitorum

1329 1741 117 75 brevis.

1479 1833 88 75 Fig.
1592 1833 34 75 4.
1675 1833 181 75 Muscles
1874 1833 42 75 of
1933 1833 56 75 the
2006 1833 106 75 Anus.

1280 1919 18 75 a
1313 1919 31 75 a,
1369 1919 54 75 An
1440 1919 121 75 outline
1577 1919 41 75 of
1638 1919 55 75 the
1709 1919 164 75 buttocks,
1898 1919 63 75 and
1982 1919 101 75 upper
2106 1919 71 75 part
2194 1919 41 75 of
2251 1919 58 75 the

1326 1965 122 75 thighs,
1504 1965 37 75 b,
1577 1965 77 75 The
1685 1965 92 75 teftes
1809 1965 168 75 contained
2004 1965 32 75 in
2069 1965 55 75 the
2156 1965 152 75 fcrotum.

1327 2011 17 75 c
1371 2011 30 75 c,
1443 2011 169 75 Sphindter
1640 2011 63 75 ani.
1759 2011 35 75 d,
1827 2011 106 75 Anus.
1998 2011 30 75 e,
2067 2011 144 75 Levator
2243 2011 64 75 ani.

1327 2056 18 75 f
1356 2056 26 75 f,
1407 2056 135 75 Ereftor
1557 2056 101 75 penis,
1707 2056 21 75 g
1744 2056 33 75 g.
1802 2056 210 75 Accelerator
2023 2056 111 75 urinas.
2170 2056 35 75 h.
2222 2056 86 75 Cor-

1326 2103 58 75 pus
1400 2103 205 75 cavernofum
1628 2103 150 75 urethrae.

1468 2201 87 75 Fig.
1583 2201 32 75 5.
1664 2201 178 75 Muscles
1868 2201 40 75 of
1926 2201 55 75 the
2004 2201 108 75 Penis.

1276 2275 24 75 ,a
1324 2275 31 75 a,
1379 2275 35 75 b,
1439 2275 34 75 d,
1499 2275 18 75 e
1539 2275 31 75 e,
1595 2275 19 75 f
1631 2275 26 75 f,
1688 2275 34 75 h,
1771 2275 91 75 point
1887 2275 55 75 the
1966 2275 83 75 fame
2074 2275 33 75 as
2135 2275 33 75 in
2189 2275 56 75 fig.
2273 2275 33 75 4.

1328 2320 29 75 c,
1383 2320 168 75 Sphindter
1569 2320 144 75 internus
1736 2320 64 75 ani.
1848 2320 21 75 g
1886 2320 32 75 g,
1942 2320 214 75 Tranfverfus
2167 2320 139 75 perinsei.

1339 2555 61 75 T

1567 2555 108 75 III.

1306 2715 49 75 R
1406 2715 49 75 T
1506 2715 43 75 E
1603 2715 51 75 R
1703 2715 27 75 I
1780 2715 43 75 E
1875 2715 47 75 S.

1326 2872 76 75 The
1419 2872 91 75 aorta
1535 2872 179 75 diftributes
1731 2872 56 75 the
1811 2872 98 75 blood
1925 2872 35 75 to
1976 2872 43 75 all
2035 2872 55 75 the
2100 2872 85 75 parts
2198 2872 42 75 of
2251 2872 56 75 the

1281 2918 99 75 body,
1404 2918 50 75 for
1467 2918 54 75 the
1532 2918 213 75 nourifhment
1756 2918 41 75 of
1807 2918 55 75 the
1874 2918 98 75 parts,
1990 2918 62 75 and
2067 2918 52 75 for
2134 2918 55 75 the
2205 2918 101 75 fecre-

1277 2967 74 75 tion
1363 2967 41 75 of
1414 2967 150 75 different
1574 2967 108 75 fluids.

1756 3024 18 75 3
1799 3024 33 75 L

1068 3026 17 75 3

2233 3012 77 75 The
