2428 3377
126 172 82 75 244

691 172 43 75 A
847 172 44 75 N
1005 172 43 75 A
1162 172 39 75 T
1320 172 39 75 O
1470 172 55 75 -M
1641 172 51 75 Y.

2040 172 101 75 Part
2172 172 70 75 IV.

124 226 76 75 lung
217 226 17 75 t'
234 226 18 75 n
262 226 10 75 -
288 226 327 75 raftcrillcebetween
629 226 57 75 the
702 226 65 75 fitft
784 226 66 75 two
866 226 181 75 metatarfal
1059 226 99 75 bones
1206 226 168 75 branches,
1401 226 105 75 called
1521 226 128 75 tibialis
1666 226 159 75 anterior,
1846 226 126 75 tibialis
1986 226 170 75 pojlerior,
2183 226 69 75 and

126 272 127 75 tov/ard
268 272 55 75 the
340 272 90 75 great
446 272 65 75 toe,
535 272 109 75 where
661 272 63 75 this
743 272 73 75 vein
832 272 201 75 terminates.

1204 272 63 75 per
1269 272 64 75 once
1335 272 33 75 a.

173 319 78 75 The
266 319 106 75 crural
388 319 84 75 vein,
497 319 118 75 having
630 319 69 75 lent
714 319 52 75 off
778 319 55 75 the
849 319 149 75 laphena,
1024 319 63 75 and
1103 319 56 75 the
1255 319 78 75 The
1350 319 140 75 anterior
1505 319 91 75 tibial
1613 319 85 75 vein,
1724 319 118 75 having
1857 319 193 75 diftributed
2061 319 85 75 fome
2159 319 92 75 fmall

128 366 91 75 fmall
234 366 154 75 branches
405 366 52 75 for
473 366 55 75 the
545 366 172 75 pedhneus,
743 366 66 75 <&c.
834 366 34 75 as
892 366 57 75 has
973 366 81 75 been
1077 366 81 75 laid,
1210 366 156 75 branches
1383 366 84 75 from
1484 366 42 75 its
1542 366 80 75 very
1638 366 171 75 beginning
1833 366 36 75 to
1892 366 55 75 the
1973 366 134 75 mufcles
2133 366 119 75 behind

129 411 75 75 runs
221 411 96 75 down
339 411 41 75 on
408 411 56 75 the
481 411 94 75 thigh
590 411 121 75 behind
725 411 56 75 the
798 411 106 75 crural
921 411 121 75 artery.
1091 411 71 75 Op-

130 458 97 75 poiite
253 458 34 75 to
315 458 56 75 the
384 458 96 75 -little
508 458 197 75 trochanter,
739 458 26 75 it
792 458 157 75 produces
979 458 66 75 two
1073 458 89 75 large

131 503 85 75 fiiort
227 503 170 75 branches,
413 503 37 75 or
462 503 61 75 one
536 503 106 75 which
654 503 189 75 afterwards
860 503 123 75 divides
999 503 70 75 into
1081 503 80 75 two,

135 551 149 75 whereof
301 551 60 75 one
378 551 26 75 is
422 551 153 75 anterior,
600 551 57 75 the
675 551 95 75 other
787 551 167 75 pollerior.

180 598 77 75 The
283 598 139 75 anterior
443 598 121 75 branch
591 598 75 75 runs
691 598 90 75 more
803 598 39 75 or
868 598 62 75 lefs
956 598 212 75 tranfverfely

135 643 153 75 forward,
313 643 35 75 to
365 643 39 75 be
421 643 189 75 ditlributed
631 643 34 75 to
689 643 56 75 the
768 643 103 75 vaftus
888 643 156 75 internus,
1069 643 101 75 lower

135 689 72 75 part
222 689 40 75 of
280 689 56 75 the
352 689 172 75 pe&ineus,
549 689 63 75 and
629 689 39 75 of
686 689 56 75 the
765 689 118 75 fecond
897 689 133 75 triceps,
1056 689 63 75 and
1135 689 35 75 to

136 737 57 75 the
208 737 94 75 other
315 737 64 75 two
396 737 133 75 mufcles
545 737 39 75 of
596 737 56 75 the
667 737 84 75 fame
773 737 104 75 name,
903 737 136 75 running
1062 737 32 75 in
1114 737 56 75 be-

136 783 105 75 tween
264 783 88 75 them
369 783 33 75 as
427 783 28 75 it
471 783 75 75 goes
565 783 86 75 from
667 783 62 75 one
748 783 36 75 to
800 783 149 75 another.

186 830 77 75 The
288 830 19 75 p
310 830 91 75 often
404 830 37 75 or
460 830 124 75 branch
607 830 75 75 runs
707 830 90 75 more
821 830 37 75 or
880 830 60 75 lefs
966 830 208 75 tranfverfely

137 876 183 75 backward,
346 876 64 75 and
424 876 153 75 furniihes
595 876 55 75 the
667 876 120 75 glutei,
804 876 103 75 vaftus
925 876 165 75 externus,
1109 876 63 75 and

142 922 173 75 beginning
335 922 40 75 of
386 922 55 75 the
459 922 120 75 biceps.

189 970 34 75 A
238 970 85 75 little
335 970 104 75 below
451 970 89 75 thefe
552 970 65 75 two
634 970 170 75 branches,
823 970 97 75 about
936 970 56 75 the
1008 970 99 75 upper
1119 970 57 75 ex-

141 1014 133 75 tremity
290 1014 40 75 of
341 1014 55 75 the
412 1014 102 75 vaftus
532 1014 157 75 internus,
714 1014 57 75 the
787 1014 103 75 crural
902 1014 73 75 vein
991 1014 156 75 produces
1161 1014 19 75 a

142 1062 121 75 branch
279 1062 107 75 which
402 1062 75 75 runs
494 1062 96 75 down
606 1062 41 75 on
664 1062 56 75 the
744 1062 65 75 fide
836 1062 41 75 of
898 1062 57 75 the
983 1062 111 75 trunk,
1121 1062 55 75 co-

142 1108 113 75 vering
266 1108 56 75 the
334 1108 105 75 crural
452 1108 120 75 artery,
591 1108 111 75 almoft
717 1108 34 75 as
768 1108 64 75 low
844 1108 33 75 as
894 1108 56 75 the
965 1108 88 75 ham,
1070 1108 108 75 where

143 1154 33 75 ir
187 1154 28 75 is
232 1154 93 75 again
339 1154 114 75 united
468 1154 35 75 to
514 1154 55 75 the
586 1154 99 75 trunk
699 1154 45 75 by
761 1154 38 75 an
816 1154 211 75 anaftomofis.
1075 1154 34 75 It
1122 1154 58 75 has

146 1202 56 75 the
219 1202 91 75 name
327 1202 40 75 of
386 1202 82 75 vena
483 1202 158 75 fciatica,
666 1202 85 75 from
768 1202 54 75 the
839 1202 108 75 fciatic
962 1202 95 75 nerve
1074 1202 106 75 which

146 1246 27 75 it
190 1246 232 75 accompanies.

196 1294 54 75 On
279 1294 56 75 the
362 1294 122 75 outfide
512 1294 40 75 of
571 1294 65 75 this
664 1294 213 75 anaftomofis,
901 1294 56 75 the
981 1294 104 75 crural
1109 1294 73 75 vein

149 1341 87 75 gives
251 1341 54 75 off
324 1341 19 75 a
357 1341 121 75 branch
495 1341 107 75 which
620 1341 74 75 runs
711 1341 172 75 backward
898 1341 145 75 between
1060 1341 56 75 the
1132 1341 47 75 bi-

149 1387 73 75 ceps
239 1387 64 75 and
319 1387 231 75 neighbouring
567 1387 146 75 mufcles,
739 1387 62 75 a*d
818 1387 33 75 fo
867 1387 186 75 downward
1068 1387 42 75 on
1127 1387 54 75 the

150 1433 146 75 backfide
313 1433 40 75 of
371 1433 56 75 the
442 1433 54 75 leg
512 1433 19 75 a
546 1433 83 75 little
645 1433 192 75 exteriorly,
864 1433 62 75 and
941 1433 79 75 very
1035 1433 76 75 near
1127 1433 55 75 the

150 1480 78 75 Ikin,
247 1480 43 75 all
306 1480 56 75 the
380 1480 71 75 way
467 1480 35 75 to
519 1480 55 75 the
590 1480 93 75 outer
699 1480 106 75 ankle.
854 1480 85 75 This
952 1480 71 75 vein
1040 1480 26 75 is
1084 1480 97 75 term-

151 1527 41 75 ed
197 1527 146 75 faphena
362 1527 119 75 minor,
507 1527 37 75 or
561 1527 146 75 externa.

198 1574 77 75 The
297 1574 85 75 little
405 1574 147 75 faphena,
577 1574 117 75 having
718 1574 57 75 got
798 1574 76 75 near
890 1574 55 75 the
969 1574 214 75 integuments

152 1619 33 75 in
205 1619 40 75 its
271 1619 110 75 courfe
397 1619 198 75 downward,
621 1619 87 75 gives
725 1619 58 75 out
804 1619 19 75 a
841 1619 120 75 branch
978 1619 106 75 which
1108 1619 76 75 runs

154 1666 184 75 backward,
363 1666 63 75 and
446 1666 246 75 communicates
716 1666 81 75 with
821 1666 55 75 the
893 1666 89 75 great
1000 1666 136 75 faphena
1152 1666 33 75 a-

153 1711 81 75 bout
250 1711 55 75 the
322 1711 120 75 middle
458 1711 39 75 of
511 1711 57 75 the
587 1711 147 75 backfide
750 1711 40 75 of
808 1711 55 75 the
884 1711 106 75 thigh.

202 1759 222 75 Immediately
440 1759 100 75 above
557 1759 61 75 and
635 1759 105 75 below
756 1759 55 75 the
822 1759 86 75 ham,
927 1759 64 75 this
1008 1759 69 75 vein
1094 1759 91 75 fends

153 1804 60 75 out
236 1804 95 75 other
354 1804 168 75 branches,
558 1804 107 75 which
689 1804 140 75 likewife
853 1804 230 75 communicate
1106 1804 81 75 with

159 1851 55 75 the
239 1851 137 75 faphena
399 1851 115 75 major,
548 1851 74 75 and,
656 1851 117 75 having
797 1851 59 75 run
883 1851 95 75 down
1003 1851 97 75 about
1126 1851 61 75 one

158 1897 91 75 third
260 1897 72 75 part
344 1897 41 75 of
397 1897 55 75 the
464 1897 146 75 backfide
627 1897 40 75 of
679 1897 55 75 the
751 1897 90 75 tibia,
859 1897 26 75 it
893 1897 91 75 fends
994 1897 50 75 off
1054 1897 134 75 another

160 1943 135 75 branch,
319 1943 107 75 which
442 1943 26 75 is
489 1943 190 75 afterwards
696 1943 160 75 re-united
880 1943 34 75 to
932 1943 54 75 the
1005 1943 111 75 trunk.

206 1989 114 75 About
335 1989 55 75 the
405 1989 172 75 beginning
601 1989 40 75 of
659 1989 56 75 the
742 1989 252 75 tendo-achillis,
1020 1989 55 75 the
1104 1989 83 75 little

155 2034 141 75 faphena
310 2034 76 75 runs
410 2034 147 75 outward
583 2034 34 75 in
644 2034 55 75 the
727 2034 227 75 integuments,
980 2034 126 75 toward
1133 2034 56 75 the

161 2081 93 75 outer
270 2081 121 75 ankles,
417 2081 108 75 where
547 2081 25 75 it
595 2081 186 75 terminates
797 2081 32 75 in
846 2081 172 75 cutaneous
1035 2081 154 75 ramifica-

158 2128 86 75 tions
262 2128 50 75 fen
317 2128 13 75 t
348 2128 36 75 to
400 2128 97 75 every
517 2128 75 75 fide.

210 2174 77 75 The
304 2174 103 75 crural
424 2174 84 75 vein,
533 2174 117 75 having
673 2174 160 75 detached
856 2174 55 75 the
935 2174 84 75 little
1042 2174 149 75 faphena,

165 2220 74 75 runs
255 2220 94 75 down
367 2220 141 75 between
527 2220 55 75 the
604 2220 105 75 biceps
736 2220 61 75 and
819 2220 55 75 the
898 2220 94 75 other
1020 2220 119 75 flexors
1160 2220 40 75 of

165 2266 55 75 the
236 2266 64 75 leg,
326 2266 118 75 clofely
461 2266 254 75 accompar.ied'
715 2266 43 75 by
779 2266 56 75 the
862 2266 105 75 crural
994 2266 119 75 artery,
1138 2266 56 75 be-

166 2313 104 75 tween
288 2313 106 75 which
419 2313 64 75 and
510 2313 55 75 the
592 2313 91 75 inner
699 2313 136 75 condyle
851 2313 40 75 of
902 2313 55 75 the
974 2313 36 75 os
1027 2313 131 75 femoris
1174 2313 26 75 it

167 2359 25 75 is
212 2359 147 75 fituated.

213 2405 33 75 A
262 2405 85 75 little
363 2405 100 75 above
478 2405 56 75 the
550 2405 88 75 ham,
664 2405 25 75 it
706 2405 90 75 takes
813 2405 57 75 the
886 2405 92 75 name
995 2405 40 75 of
1046 2405 82 75 vena
1141 2405 56 75 po-

163 2451 128 75 plitea;
311 2451 60 75 and
390 2451 34 75 as
440 2451 26 75 it
477 2451 76 75 runs
570 2451 95 75 down
681 2451 138 75 betwixt
836 2451 54 75 the
907 2451 67 75 two
990 2451 165 75 condyles,
1173 2451 26 75 it

170 2497 87 75 gives
281 2497 155 75 branches
454 2497 34 75 to
505 2497 55 75 the
576 2497 104 75 flexor
696 2497 147 75 mufcles,
868 2497 37 75 to
928 2497 56 75 the
1011 2497 99 75 lower
1136 2497 64 75 and

170 2543 151 75 pefterior
342 2543 86 75 parts
445 2543 40 75 of
496 2543 79 75 both
593 2543 89 75 vafti,
707 2543 63 75 and
786 2543 35 75 to
837 2543 56 75 the
906 2543 47 75 fat
969 2543 106 75 which
1091 2543 58 75 lies
1166 2543 34 75 a-

170 2590 80 75 bove
268 2590 55 75 the
339 2590 172 75 interfaces
526 2590 41 75 of
577 2590 56 75 the
649 2590 66 75 two
731 2590 176 75 condyles.-

217 2635 31 75 It
263 2635 141 75 likewife
429 2635 91 75 gives
547 2635 52 75 off
621 2635 119 75 feveral
768 2635 94 75 other
885 2635 171 75 branches,
1081 2635 61 75 one
1166 2635 40 75 of

170 2681 106 75 which
299 2681 74 75 runs
390 2681 42 75 up
459 2681 147 75 laterally
629 2681 145 75 between
801 2681 56 75 the
874 2681 94 75 outer
984 2681 137 75 condyle
1138 2681 63 75 and

172 2728 55 75 the
243 2728 119 75 biceps,
388 2728 63 75 and
466 2728 76 75 then
558 2728 130 75 turning
703 2728 155 75 forward,
882 2728 27 75 is
927 2728 143 75 ramified
1093 2728 33 75 in
1146 2728 56 75 the

171 2773 84 75 fame
271 2773 130 75 manner
416 2773 79 75 with
512 2773 55 75 the
587 2773 120 75 artery.

218 2820 76 75 The
317 2820 82 75 vena
413 2820 141 75 poplitea
569 2820 74 75 runs
661 2820 95 75 down
773 2820 217 75 immediately
1005 2820 120 75 behind
1146 2820 55 75 the

173 2866 119 75 mufcle
311 2866 40 75 of
369 2866 56 75 the
440 2866 83 75 fame
542 2866 104 75 name,
672 2866 33 75 at
721 2866 56 75 the
792 2866 99 75 lower
907 2866 72 75 part
1000 2866 41 75 of
1051 2866 106 75 which
1174 2866 26 75 it

174 2911 90 75 fends
293 2911 51 75 off
363 2911 118 75 feveral
505 2911 224 75 ramifications
757 2911 36 75 to
816 2911 78 75 each
921 2911 76 75 fide,
1021 2911 106 75 which
1151 2911 49 75 di-

174 2956 75 75 vide
262 2956 63 75 and
340 2956 87 75 unite
443 2956 90 75 again
549 2956 32 75 in
597 2956 151 75 different
763 2956 106 75 ways;
896 2956 62 75 and
971 2956 187 75 afterwards
1175 2956 26 75 it

174 3003 81 75 lofes
281 3003 41 75 its
350 3003 104 75 name,
493 3003 97 75 being
618 3003 130 75 divided
774 3003 68 75 into
870 3003 90 75 three
988 3003 212 75 confiderable

1212 413 56 75 the
1283 413 99 75 heads
1399 413 39 75 of
1451 413 55 75 the
1522 413 66 75 two
1604 413 97 75 bones
1718 413 41 75 of
1770 413 56 75 the
1843 413 63 75 leg,
1933 413 179 75 perforates
2133 413 54 75 the
2203 413 49 75 in-

1214 459 172 75 terofleous
1403 459 152 75 ligament
1572 459 84 75 from
1673 459 131 75 behind,
1831 459 155 75 forward,
2014 459 63 75 and
2102 459 76 75 runs
2196 459 56 75 be-

1215 505 103 75 tween
1334 505 57 75 the
1409 505 141 75 fuperior
1567 505 143 75 portions
1728 505 40 75 of
1780 505 56 75 the
1854 505 160 75 mufculus
2032 505 120 75 tibialis
2170 505 82 75 anti-

1217 552 68 75 cus,
1311 552 65 75 and
1390 552 150 75 extenfor
1556 552 176 75 digitorum
1748 552 190 75 communis.

1265 597 49 75 As
1330 597 75 75 foon
1427 597 33 75 as
1480 597 27 75 it
1522 597 121 75 pierces
1660 597 56 75 the
1733 597 207 75 interofleous
1961 597 166 75 ligament,
2152 597 27 75 it
2202 597 51 75 di-

1220 644 147 75 ftributes
1381 644 93 75 fmall
1489 644 176 75 fuperficial
1682 644 154 75 branches
1861 644 36 75 to
1916 644 56 75 the
1989 644 83 75 head
2087 644 40 75 of
2139 644 56 75 the
2212 644 40 75 ti-

1221 691 53 75 bia
1289 691 64 75 and
1368 691 109 75 fibula,
1502 691 108 75 which
1626 691 60 75 run
1701 691 36 75 to
1754 691 56 75 the
1831 691 85 75 joint
1933 691 41 75 of
1992 691 56 75 the
2072 691 93 75 knee,
2191 691 63 75 and

1221 736 233 75 communicate
1470 736 79 75 with
1573 736 55 75 the
1651 736 114 75 lateral
1781 736 156 75 branches
1962 736 40 75 of
2021 736 55 75 the
2094 736 81 75 vena
2196 736 57 75 po-

1221 783 112 75 plitea.

1270 828 203 75 Afterwards
1504 828 28 75 it
1562 828 124 75 divides
1712 828 70 75 into
1810 828 66 75 two
1902 828 38 75 or
1968 828 91 75 three
2083 828 170 75 branches,

1224 876 107 75 which
1349 876 59 75 run
1431 876 95 75 down
1541 876 150 75 together
1707 876 42 75 on
1765 876 56 75 the
1838 876 135 75 forefide
1990 876 41 75 of
2049 876 56 75 the
2122 876 133 75 interof-

1224 922 90 75 feous
1330 922 152 75 ligament
1503 922 33 75 in
1560 922 156 75 company
1732 922 78 75 with
1834 922 57 75 the
1908 922 139 75 anterior
2065 922 89 75 tibial
2171 922 84 75 arte-

1225 968 50 75 ry,
1300 968 106 75 which
1422 968 80 75 they
1516 968 158 75 furround
1689 968 33 75 at
1738 968 150 75 different
1904 968 168 75 diftances,
2097 968 44 75 by
2163 968 91 75 fmall

1225 1014 268 75 communicating
1508 1014 126 75 circles.

1273 1061 108 75 Thefe
1397 1061 156 75 branches
1569 1061 118 75 having
1696 1061 137 75 reached
1848 1061 56 75 the
1919 1061 101 75 lower
2035 1061 176 75 extremity
2222 1061 43 75 of

1226 1108 55 75 the
1293 1108 65 75 leg,
1375 1108 88 75 unite
1479 1108 32 75 in
1528 1108 74 75 one,
1623 1108 107 75 which
1741 1108 188 75 afterwards
1946 1108 123 75 divides
2086 1108 68 75 into
2170 1108 87 75 feve-

1227 1154 59 75 ral,
1305 1154 55 75 the
1376 1154 225 75 ramifications
1617 1154 39 75 of
1669 1154 107 75 which
1793 1154 53 75 are
1859 1154 188 75 diftributed
2058 1154 34 75 to
2104 1154 55 75 the
2171 1154 85 75 foot.

1275 1200 77 75 The
1368 1200 151 75 pofterior
1535 1200 91 75 tibial
1642 1200 71 75 vein
1730 1200 87 75 gives
1835 1200 58 75 off,
1918 1200 85 75 from
2015 1200 42 75 its
2072 1200 184 75 beginning,

1230 1245 18 75 a
1263 1245 120 75 branch
1401 1245 124 75 toward
1541 1245 56 75 the
1613 1245 109 75 infide,
1748 1245 105 75 which
1876 1245 27 75 is
1931 1245 187 75 diftributed
2139 1245 35 75 to
2200 1245 58 75 the

1230 1291 216 75 gaftrocnemii
1463 1291 63 75 and
1541 1291 116 75 foieus.
1704 1291 89 75 This
1813 1291 71 75 vein
1901 1291 26 75 is
1945 1291 115 75 named
2066 1291 144 75 furalis.

1276 1337 203 75 Afterwards
1506 1337 55 75 the
1585 1337 154 75 pofterior
1763 1337 117 75 tibialis
1904 1337 75 75 runs
2002 1337 96 75 down
2113 1337 146 75 between

1228 1385 56 75 the
1300 1385 103 75 foieus
1420 1385 64 75 and
1501 1385 116 75 tibialis
1633 1385 150 75 pofticus,
1808 1385 109 75 giving
1938 1385 156 75 branches
2117 1385 35 75 to
2180 1385 78 75 each

1229 1430 40 75 of
1280 1430 102 75 them.
1430 1430 34 75 It
1479 1430 27 75 is
1523 1430 130 75 divided
1676 1430 33 75 in
1726 1430 56 75 the
1808 1430 84 75 fame
1914 1430 130 75 manner
2061 1430 33 75 as
2112 1430 55 75 the
2183 1430 76 75 tibi-

1231 1477 56 75 alis
1315 1477 152 75 anterior,
1503 1477 68 75 into
1595 1477 66 75 two
1685 1477 37 75 or
1746 1477 92 75 three
1864 1477 172 75 branches,
2071 1477 120 75 which,
2225 1477 35 75 as

1230 1524 78 75 they
1336 1524 71 75 run,
1433 1524 155 75 furround
1612 1524 56 75 the
1690 1524 249 75 correfponding
1967 1524 119 75 artery,
2112 1524 43 75 by
2169 1524 91 75 fmall

1230 1569 272 75 communicating
1516 1569 117 75 circles
1648 1569 127 75 formed
1785 1569 34 75 at
1830 1569 150 75 different
1995 1569 169 75 diftances.

1279 1616 31 75 It
1327 1616 166 75 continues
1511 1616 63 75 this
1590 1616 113 75 courfe
1718 1616 32 75 in
1767 1616 160 75 company
1937 1616 80 75 with
2034 1616 56 75 the
2106 1616 108 75 artery
2226 1616 33 75 as

1233 1662 63 75 low
1312 1662 34 75 as
1362 1662 56 75 the
1435 1662 92 75 outer
1552 1662 105 75 ankle,
1682 1662 173 75 furnifhing
1879 1662 55 75 the
1959 1662 159 75 mufeulut;
2142 1662 118 75 tibialis

1233 1709 150 75 pofticus,
1409 1709 63 75 and
1487 1709 55 75 the
1558 1709 77 75 long
1651 1709 118 75 flexors
1787 1709 40 75 of
1844 1709 57 75 the
1917 1709 83 75 toes.

1281 1755 123 75 Laftly,
1428 1755 27 75 it
1471 1755 99 75 paffes
1586 1755 42 75 on
1645 1755 55 75 the
1716 1755 97 75 infide
1840 1755 42 75 of
1898 1755 55 75 the
1969 1755 37 75 os
2023 1755 113 75 calcis,
2159 1755 103 75 under

1234 1801 56 75 the
1313 1801 65 75 foie
1395 1801 39 75 of
1456 1801 55 75 the
1528 1801 83 75 foot,
1636 1801 107 75 where
1758 1801 25 75 it
1800 1801 99 75 forms
1916 1801 56 75 the
1988 1801 86 75 vense
2091 1801 171 75 plantares,

1234 1847 44 75 by
1293 1847 143 75 dividing
1452 1847 68 75 into
1536 1847 119 75 feveral
1672 1847 173 75 tranfverfe
1857 1847 126 75 arches,
2000 1847 108 75 which
2119 1847 126 75 comma

1235 1893 105 75 nicate
1357 1893 79 75 with
1452 1893 81 75 each
1550 1893 106 75 other,
1684 1893 62 75 and
1762 1893 78 75 with
1858 1893 55 75 the
1930 1893 149 75 faphena,
2102 1893 66 75 and
2188 1893 75 75 fend

1234 1938 228 75 ramifications
1483 1938 34 75 to
1534 1938 56 75 the
1613 1938 84 75 toes.

1281 1984 77 75 The
1374 1984 81 75 vena
1470 1984 145 75 peronsea
1630 1984 26 75 is
1676 1984 138 75 likewife
1838 1984 131 75 double,
1995 1984 63 75 and
2084 1984 179 75 fometimes

1236 2031 107 75 triple.
1391 2031 33 75 It
1440 2031 75 75 runs
1532 2031 95 75 down
1644 2031 41 75 on
1709 2031 55 75 the
1780 2031 95 75 infide
1892 2031 40 75 of
1944 2031 55 75 the
2023 2031 109 75 fibula,
2158 2031 105 75 which

1234 2077 26 75 it
1276 2077 139 75 likewife
1431 2077 171 75 furrounds
1624 2077 34 75 at
1674 2077 152 75 different
1843 2077 167 75 diftances,
2028 2077 42 75 by
2089 2077 175 75 communi-

1238 2123 107 75 cating
1360 2123 167 75 branches,
1545 2123 83 75 after
1640 2123 56 75 the
1707 2123 131 75 manner
1854 2123 39 75 of
1905 2123 55 75 the
1971 2123 119 75 tibialis
2101 2123 164 75 pofterior.

1287 2170 32 75 It
1335 2170 74 75 runs
1421 2170 96 75 down
1534 2170 34 75 as
1584 2170 66 75 low
1661 2170 33 75 as
1706 2170 56 75 the
1773 2170 93 75 outer
1878 2170 106 75 ankle,
2002 2170 266 75 communicating

1239 2218 119 75 feveral
1371 2218 92 75 times
1476 2218 79 75 with
1567 2218 55 75 the
1635 2218 119 75 tibialis
1767 2218 163 75 pofterior,
1949 2218 62 75 and
2027 2218 130 75 fending
2174 2218 94 75 rami-

1242 2263 145 75 fications
1404 2263 35 75 to
1455 2263 56 75 the
1529 2263 232 75 neighbouring
1777 2263 144 75 portions
1944 2263 40 75 of
1997 2263 56 75 the
2065 2263 132 75 mufeuli
2213 2263 54 75 pe-

1243 2310 110 75 ronssi,
1378 2310 62 75 and
1456 2310 78 75 long
1548 2310 118 75 flexors
1682 2310 40 75 of
1733 2310 56 75 the
1806 2310 83 75 toes.

1290 2356 76 75 The
1382 2356 81 75 vena
1477 2356 99 75 porte
1592 2356 26 75 is
1637 2356 18 75 a
1670 2356 90 75 large
1775 2356 85 75 vein,
1884 2356 55 75 the
1958 2356 97 75 trunk
2071 2356 41 75 of
2122 2356 104 75 which
2242 2356 28 75 is

1243 2402 134 75 fituated
1404 2402 114 75 chiefly
1544 2402 145 75 between
1716 2402 55 75 the
1787 2402 188 75 eminencies
1992 2402 42 75 on
2051 2402 56 75 the
2118 2402 99 75 lower
2232 2402 39 75 or

1245 2448 138 75 concave
1400 2448 63 75 fide
1481 2448 40 75 of
1531 2448 56 75 the
1602 2448 93 75 liver.

1293 2495 32 75 It
1340 2495 74 75 may
1429 2495 41 75 be
1486 2495 182 75 confidered
1684 2495 33 75 as
1735 2495 94 75 made
1852 2495 42 75 up
1919 2495 40 75 of
1978 2495 67 75 two
2066 2495 87 75 large
2168 2495 102 75 veins,

1243 2541 112 75 joined
1380 2541 108 75 almoft
1516 2541 136 75 endwife
1679 2541 43 75 by
1745 2541 85 75 their
1859 2541 125 75 trunks,
2022 2541 84 75 from
2132 2541 79 75 each
2237 2541 41 75 of

1247 2587 104 75 which
1374 2587 56 75 the
1454 2587 154 75 branches
1632 2587 63 75 and
1712 2587 222 75 ramifications
1951 2587 41 75 go
2008 2587 57 75 out
2080 2587 33 75 in
2130 2587 141 75 oppofite

1248 2632 182 75 directions.
1478 2632 74 75 One
1574 2632 40 75 of
1636 2632 89 75 thefe
1752 2632 112 75 trunks
1893 2632 133 75 adheres
2049 2632 35 75 to
2107 2632 56 75 the
2178 2632 93 75 liver,

1247 2679 61 75 and
1325 2679 25 75 is
1370 2679 142 75 ramified
1530 2679 33 75 in
1580 2679 71 75 that
1666 2679 115 75 vifeus,
1807 2679 43 75 its
1861 2679 153 75 branches
2020 2679 254 75 accompanying

1246 2725 55 75 the
1318 2725 104 75 whole
1437 2725 201 75 diftribution
1653 2725 41 75 of
1704 2725 56 75 the
1776 2725 126 75 hepatic
1918 2725 119 75 artery.

1293 2772 76 75 The
1391 2772 95 75 other
1513 2772 97 75 trunk
1636 2772 27 75 is
1689 2772 136 75 without
1849 2772 55 75 the
1927 2772 92 75 liver,
2045 2772 62 75 and
2122 2772 92 75 fends
2230 2772 42 75 its

1244 2818 157 75 branches
1425 2818 36 75 to
1476 2818 55 75 the
1547 2818 131 75 vifeera,
1700 2818 142 75 fupplied
1859 2818 43 75 by
1915 2818 55 75 the
1988 2818 59 75 reft
2063 2818 40 75 of
2118 2818 55 75 the
2190 2818 83 75 arte-

1247 2865 47 75 ria
1310 2865 136 75 csliaca,
1472 2865 61 75 and
1551 2865 43 75 by
1606 2865 56 75 the
1681 2865 66 75 two
1767 2865 224 75 mefenteriae,
2017 2865 69 75 that
2101 2865 41 75 is,
2167 2865 35 75 to
2218 2865 56 75 the

1247 2910 150 75 ftomach,
1422 2910 172 75 inteftines,
1619 2910 162 75 pancreas,
1805 2910 119 75 fpleen,
1949 2910 186 75 mefentery,
2161 2910 63 75 and
2239 2910 36 75 o-

1247 2957 155 75 mentum.

2144 2939 5 49 1
2148 2939 5 49 1

1292 3004 76 75 The
1395 3004 63 75 firft
1475 3004 127 75 portion
1630 3004 40 75 of
1688 3004 65 75 this
1778 3004 72 75 vein
1873 3004 74 75 may
1974 3004 39 75 be
2041 3004 124 75 termed
2191 3004 83 75 vena

2168 3037 105 75 poriee
