2428 3377
140 138 100 75 Part
260 138 66 75 III.

697 138 40 75 A
855 138 42 75 N
1017 138 40 75 A
1172 138 39 75 T

141 199 121 75 middle
279 199 39 75 of
330 199 54 75 the
400 199 145 75 bladder.
594 199 33 75 It
643 199 138 75 likewife
799 199 87 75 gives
903 199 155 75 branches
1071 199 34 75 to
1118 199 56 75 the

142 245 123 75 uterus*
291 245 59 75 and
379 245 37 75 to
443 245 55 75 the
527 245 232 75 neighbouring
786 245 87 75 parts
902 245 31 75 in
962 245 79 75 both
1069 245 105 75 fexes.

144 292 203 75 Afterwards
364 292 24 75 it
406 292 128 75 afcends
552 292 31 75 in
601 292 84 75 form
698 292 40 75 of
753 292 18 75 a
782 292 151 75 ligament
950 292 35 75 to
1001 292 54 75 the
1073 292 104 75 umbi-

143 339 93 75 licus,
261 339 108 75 where
386 339 26 75 it
432 339 85 75 joins
543 339 56 75 the
614 339 171 75 ^umbilical
811 339 107 75 artery
934 339 43 75 on
998 339 56 75 the
1081 339 95 75 other

142 386 76 75 fide.

192 431 98 75 From
305 431 56 75 the
378 431 124 75 convex
520 431 63 75 fide
600 431 40 75 of
651 431 55 75 the
723 431 168 75 curvature
908 431 41 75 of
961 431 54 75 the
1032 431 144 75 hypoga-

143 479 73 75 ftric
233 479 117 75 artery,
377 479 74 75 four
467 479 37 75 or
523 479 59 75 five
598 479 154 75 principal
769 479 155 75 branches
941 479 182 75 commonly
1135 479 42 75 go

143 524 55 75 out
212 524 81 75 very
310 524 76 75 near
397 524 79 75 each
493 524 105 75 other,
617 524 71 75 viz.
706 524 93 75 iliaca
814 524 116 75 minor,
951 524 129 75 glutasa,
1099 524 76 75 fcia-

145 571 76 75 tica,
247 571 117 75 pudica
380 571 189 75 communis,
587 571 61 75 five
665 571 115 75 pudiea
796 571 230 75 hypogaltrica,
1045 571 62 75 and
1119 571 58 75 ob-

143 618 154 75 turatrix.

151 664 4 75 :
188 664 78 75 The
282 664 93 75 iliaca
391 664 115 75 minor,
525 664 56 75 the
593 664 79 75 mofl
683 664 154 75 pofterior
853 664 41 75 of
905 664 87 75 thefe
1008 664 168 75 branches,

145 711 63 75 and
223 711 106 75 which
346 711 26 75 is
390 711 91 75 often
498 711 42 75 no
558 711 88 75 more
663 711 78 75 than
758 711 19 75 a
792 711 106 75 ramus
915 711 41 75 of
975 711 55 75 the
1046 711 129 75 glutaea,

144 758 99 75 pafles
258 758 143 75 between
413 758 55 75 the
480 758 56 75 laft
548 758 67 75 two
627 758 125 75 lumbar
763 758 125 75 nerves,
902 758 69 75 and
976 758 123 75 divides
1108 758 70 75 into

144 805 66 75 two
227 805 91 75 rami,
336 805 61 75 one
410 805 40 75 of
461 805 103 75 which
582 805 106 75 enters
705 805 56 75 the
777 805 89 75 canal
882 805 41 75 of
935 805 55 75 the
1006 805 36 75 os
1055 805 122 75 facrum

144 850 141 75 through
303 850 55 75 the
376 850 108 75 loweft
502 850 87 75 large
607 850 141 75 anterior
770 850 112 75 holes;
925 850 56 75 the
997 850 94 75 other
1108 850 69 75 paf-

147 898 46 75 fes
212 898 119 75 behind
347 898 54 75 the
418 898 159 75 mufculus
595 898 104 75 pfoas,
724 898 35 75 to
775 898 108 75 which
902 898 26 75 it
955 898 88 75 gives
1069 898 111 75 twigs,

145 945 62 75 and
225 945 121 75 behind
362 945 56 75 the
430 945 104 75 crural
552 945 108 75 nerve,
678 945 95 75 being
784 945 189 75 afterwards
990 945 188 75 diftributed

143 990 36 75 to
195 990 56 75 the
275 990 74 75 iliac
371 990 130 75 mufcle,
527 990 63 75 and
606 990 36 75 to
657 990 57 75 the
730 990 121 75 middle
868 990 70 75 part
955 990 41 75 of
1010 990 57 75 the
1079 990 99 75 infide

144 1038 40 75 of
196 1038 55 75 the
267 1038 36 75 os
320 1038 102 75 ilium,
440 1038 201 75 penetrating
652 1038 70 75 into
733 1038 57 75 the
801 1038 161 75 fubllance
974 1038 41 75 of
1025 1038 56 75 the
1093 1038 84 75 bone

144 1084 180 75 fometimes
340 1084 43 75 by
400 1084 59 75 one
476 1084 88 75 hole,
589 1084 178 75 fometimes
785 1084 45 75 by
845 1084 101 75 more.

190 1131 77 75 The
283 1131 117 75 arteria
415 1131 117 75 glntsa
547 1131 27 75 is
592 1131 182 75 fometimes
790 1131 56 75 the
874 1131 115 75 largeft
1004 1131 42 75 of
1062 1131 41 75 all
1121 1131 56 75 the

143 1177 201 75 hypogaftric
359 1177 169 75 branches.
578 1177 91 75 Near
684 1177 42 75 its
743 1177 172 75 beginning
943 1177 25 75 it
996 1177 181 75 fometimes

144 1224 91 75 fends
253 1224 56 75 out
327 1224 56 75 the
399 1224 93 75 iliaca
509 1224 116 75 minor,
652 1224 63 75 and
742 1224 178 75 fometimes
947 1224 54 75 the
1019 1224 88 75 fmall
1127 1224 50 75 ra-

144 1271 69 75 mus
231 1271 71 75 that
319 1271 76 75 goes
414 1271 83 75 from
515 1271 71 75 that
611 1271 107 75 artery
734 1271 35 75 to
787 1271 54 75 the
870 1271 35 75 os
922 1271 122 75 facrum
1063 1271 62 75 and
1141 1271 37 75 o-

146 1317 72 75 ther
233 1317 87 75 parts
338 1317 87 75 fixed
438 1317 38 75 to
493 1317 70 75 that
580 1317 96 75 bone.
741 1317 206 75 Afterwards
975 1317 65 75 this
1069 1317 108 75 artery

145 1364 76 75 goes
248 1364 57 75 out
330 1364 40 75 of
392 1364 57 75 the
476 1364 114 75 pelvis,
629 1364 32 75 in
692 1364 262 75 company'with
982 1364 55 75 the
1069 1364 109 75 fciatic

145 1410 109 75 nerve,
279 1410 141 75 through
437 1410 56 75 the
509 1410 100 75 upper
625 1410 71 75 part
713 1410 41 75 of
772 1410 54 75 the
854 1410 90 75 great
962 1410 80 75 finus
1059 1410 40 75 of
1122 1410 56 75 the

145 1456 37 75 cs
199 1456 248 75 innominatum,
471 1456 105 75 below
600 1456 55 75 the
672 1456 157 75 mufculus
846 1456 198 75 pyriformis,
1069 1456 63 75 and
1148 1456 27 75 is

148 1502 201 75 diftributed,
367 1502 31 75 in
412 1502 19 75 a
443 1502 144 75 radiated
599 1502 142 75 manner,
758 1502 35 75 to
806 1502 55 75 the
874 1502 132 75 giutasus
1018 1502 159 75 maximus

145 1550 65 75 and
225 1550 136 75 medius.

193 1596 38 75 In
248 1596 41 75 its
306 1596 136 75 paflage,
460 1596 25 75 it
500 1596 87 75 gives
604 1596 86 75 fome
705 1596 157 75 branches
873 1596 35 75 to
920 1596 56 75 the
993 1596 35 75 os
1041 1596 134 75 facrum,

146 1644 35 75 es
198 1644 161 75 coccygis,
385 1644 159 75 mufculus
567 1644 196 75 pyriformis,
788 1644 56 75 the
868 1644 134 75 mufcles
1019 1644 40 75 of
1071 1644 54 75 the
1143 1644 33 75 a-

146 1690 71 75 nus,
244 1690 63 75 and
335 1690 34 75 to
394 1690 55 75 the
476 1690 233 75 neighbouring
736 1690 87 75 parts
852 1690 39 75 of
913 1690 55 75 the
996 1690 180 75 inteftinum

146 1734 132 75 return,
296 1734 140 75 forming
451 1734 18 75 a
485 1734 173 75 particular
673 1734 274 75 haemorrhoidalis
958 1734 138 75 interna.
1145 1734 33 75 It

147 1783 138 75 likewife
302 1783 90 75 fends
410 1783 91 75 twigs
518 1783 37 75 to
565 1783 56 75 the
638 1783 134 75 bladder
783 1783 61 75 and
858 1783 85 75 parts
961 1783 75 75 near
1048 1783 46 75 it;
1115 1783 62 75 and

146 1830 149 75 detaches
313 1830 19 75 a
347 1830 108 75 pretty
471 1830 76 75 long
571 1830 134 75 branch,
729 1830 108 75 which
864 1830 75 75 runs
968 1830 95 75 down
1096 1830 82 75 v/ith

147 1877 55 75 the
225 1877 107 75 fciatic
348 1877 109 75 nerve.

192 1923 76 75 The
283 1923 118 75 arteria
417 1923 127 75 fciatica
564 1923 89 75 gives
670 1923 68 75 firft
752 1923 40 75 of
804 1923 42 75 all
864 1923 86 75 fome
965 1923 159 75 branches
1141 1923 36 75 to

146 1971 55 75 the
221 1971 158 75 mufculus
397 1971 197 75 pynformis,
620 1971 56 75 the
706 1971 248 75 quadrigemini,
980 1971 56 75 the
1063 1971 37 75 os
1128 1971 47 75 fa-

146 2017 101 75 crum,
274 2017 64 75 &c.
364 2017 61 75 and
441 2017 78 75 even
543 2017 35 75 to
595 2017 55 75 the
666 2017 89 75 inner
771 2017 63 75 fide
851 2017 40 75 of
902 2017 55 75 the
976 2017 34 75 os
1027 2017 147 75 ifchium.

146 2062 33 75 It
205 2062 139 75 likewife
372 2062 151 75 detaches
550 2062 18 75 a
591 2062 134 75 branch,
757 2062 109 75 which
893 2062 73 75 runs
994 2062 102 75 under
1120 2062 57 75 the

148 2109 157 75 mufculus
318 2109 188 75 quadratus,
524 2109 35 75 to
571 2109 55 75 the
640 2109 201 75 articulation
854 2109 39 75 of
906 2109 55 75 the
977 2109 36 75 os
1031 2109 144 75 femoris.

193 2154 77 75 The
281 2154 116 75 pudica
411 2154 189 75 communis,
621 2154 104 75 called
739 2154 183 75 commonly
933 2154 123 75 /W/rW
1071 2154 102 75 inter-

147 2202 56 75 na,
229 2202 95 75 arifes
340 2202 179 75 fometimes
536 2202 41 75 by
594 2202 18 75 a
628 2202 97 75 trunk
741 2202 146 75 common
906 2202 34 75 to
957 2202 24 75 it
998 2202 62 75 and
1072 2202 35 75 to
1119 2202 55 75 the

148 2248 127 75 glutaea,
299 2248 62 75 and
378 2248 87 75 gives
489 2248 58 75 out
568 2248 66 75 two
658 2248 153 75 principal
838 2248 173 75 branches;
1037 2248 56 75 the
1109 2248 66 75 firft

147 2295 41 75 of
199 2295 105 75 which
322 2295 95 75 paffes
434 2295 140 75 through
591 2295 55 75 the
663 2295 90 75 great
769 2295 81 75 finus
878 2295 40 75 of
937 2295 56 75 the
1017 2295 35 75 os
1069 2295 103 75 ilium,

148 2341 31 75 in
197 2341 155 75 company
367 2341 79 75 with
463 2341 54 75 the
536 2341 116 75 glutaea
676 2341 62 75 and
764 2341 138 75 1ciatica,
929 2341 63 75 and
1018 2341 76 75 then
1124 2341 48 75 di-

147 2388 89 75 vides
252 2388 69 75 into
337 2388 65 75 two
419 2388 92 75 rami.

193 2436 75 75 The
285 2436 62 75 firfl:
364 2436 105 75 ramus
486 2436 76 75 goes
578 2436 116 75 behind
712 2436 55 75 the
784 2436 84 75 fpine
892 2436 41 75 of
955 2436 55 75 the
1025 2436 147 75 ifchium,

147 2482 144 75 between
318 2482 55 75 the
389 2482 67 75 two
472 2482 167 75 ligaments
664 2482 105 75 which
785 2482 42 75 lie
843 2482 144 75 between
1004 2482 71 75 that
1091 2482 83 75 bone

149 2528 63 75 and
227 2528 56 75 the
300 2528 36 75 os
349 2528 125 75 facrum
490 2528 10 75 ;
528 2528 61 75 and
606 2528 73 75 runs
697 2528 41 75 on
757 2528 55 75 the
827 2528 97 75 infide
940 2528 39 75 of
991 2528 55 75 the
1063 2528 109 75 tuber-

149 2575 104 75 culum
271 2575 102 75 ifehii,
400 2575 43 75 all
454 2575 57 75 the
528 2575 71 75 way
616 2575 35 75 to
669 2575 55 75 the
742 2575 104 75 origin
864 2575 39 75 of
914 2575 56 75 the
988 2575 115 75 corpus
1120 2575 52 75 ca-

147 2621 166 75 vernofum
329 2621 103 75 penis.
491 2621 113 75 There
621 2621 24 75 it
662 2621 124 75 divides
803 2621 68 75 into
888 2621 121 75 feveral
1028 2621 144 75 arteries,

148 2667 60 75 one
224 2667 40 75 of
278 2667 106 75 which
402 2667 128 75 goes-to
546 2667 56 75 the
624 2667 157 75 fphindler
802 2667 65 75 ani,
892 2667 102 75 under
1011 2667 54 75 the
1082 2667 92 75 name

149 2713 38 75 of
199 2713 274 75 htemorrkoiiialis
488 2713 145 75 externa.

195 2759 76 75 The
288 2759 60 75 reft
375 2759 54 75 are
456 2759 187 75 diftributed
660 2759 35 75 to
719 2759 55 75 the
798 2759 233 75 neighbouring
1047 2759 126 75 integu-

150 2804 114 75 ments,
290 2804 37 75 to
342 2804 54 75 the
416 2804 79 75 bulb
520 2804 40 75 Of
578 2804 57 75 the
658 2804 143 75 urethra,
828 2804 62 75 and
915 2804 34 75 to
973 2804 56 75 the
1058 2804 115 75 corpus

149 2849 202 75 oavernofum
367 2849 108 75 penis;
502 2849 58 75 but
576 2849 55 75 the
648 2849 56 75 laft
728 2849 40 75 of
787 2849 87 75 thefe
899 2849 143 75 arteries,
1067 2849 40 75 or
1124 2849 49 75 ra-

148 2895 74 75 ther
237 2895 55 75 the
312 2895 173 75 extremity
501 2895 40 75 of
553 2895 62 75 this
633 2895 63 75 firft
713 2895 119 75 ramus,
857 2895 75 75 runs
949 2895 85 75 from
1051 2895 120 75 behind

152 2941 170 75 foreward,
347 2941 78 75 over
439 2941 56 75 the
515 2941 77 75 neck
610 2941 40 75 of
661 2941 56 75 the
733 2941 37 75 os
787 2941 142 75 femoris,
954 2941 62 75 and
1033 2941 141 75 commu-

151 2990 118 75 nicates
285 2990 79 75 with
382 2990 18 75 a
415 2990 119 75 branch
551 2990 40 75 of
602 2990 189 75 the-arteria
805 2990 145 75 cruralis.

1329 134 40 75 O
1487 134 49 75 M
1653 134 55 75 Y.

2175 134 78 75 235

1271 196 76 75 The
1363 196 114 75 fecond
1495 196 152 75 principal
1665 196 122 75 ramus,
1813 196 103 75 called
1927 196 183 75 commonly
2126 196 131 75 arteria

1218 241 122 75 pudica
1358 241 145 75 externa,
1531 241 75 75 runs
1622 241 145 75 between
1778 241 56 75 the
1850 241 134 75 bladder
1995 241 64 75 and
2074 241 182 75 inteftinum

1225 289 130 75 redhim,
1382 289 63 75 and
1464 289 25 75 is
1507 289 188 75 diftributed
1711 289 32 75 in
1760 289 72 75 men
1849 289 36 75 to
1897 289 54 75 the
1963 289 141 75 veficulas
2120 289 135 75 femina-

1224 334 60 75 les,
1302 334 81 75 neck
1408 334 39 75 of
1464 334 53 75 the
1534 334 146 75 bladder,
1697 334 139 75 proftate
1852 334 111 75 gland,
1980 334 63 75 and
2060 334 195 75 neighbour-

1224 380 55 75 ing
1295 380 88 75 parts
1399 380 41 75 of
1455 380 54 75 the
1526 380 133 75 redtum.

1273 430 201 75 Afterwards
1492 430 25 75 it
1534 430 74 75 runs
1625 430 101 75 under
1743 430 55 75 the
1815 430 36 75 os
1868 430 91 75 pubis
1976 430 42 75 on
2034 430 56 75 the
2106 430 64 75 fide
2186 430 41 75 of
2237 430 20 75 a

1225 477 212 75 confiderable
1455 477 84 75 vein,
1563 477 108 75 which
1687 477 58 75 lies
1762 477 136 75 diredtly
1913 477 102 75 under
2033 477 56 75 the
2104 477 150 75 fymphy-

1225 521 58 75 fis;
1309 521 63 75 and
1394 521 27 75 it
1438 521 73 75 runs
1529 521 95 75 along
1636 521 55 75 the
1708 521 88 75 penis
1818 521 145 75 between
1981 521 64 75 this
2064 521 73 75 vein
2158 521 62 75 and
2237 521 19 75 a

1226 567 108 75 nerve,
1359 567 95 75 being
1477 567 188 75 dillributed
1680 567 32 75 in
1729 567 41 75 its
1795 567 123 75 paffage
1935 567 35 75 to
1990 567 57 75 the
2070 567 113 75 corpus
2201 567 54 75 ca-

1225 615 178 75 vernofum,
1430 615 61 75 and
1517 615 268 75 communicating
1813 615 80 75 with
1920 615 56 75 the
2003 615 116 75 pudica
2135 615 118 75 minor,

1225 660 104 75 which
1348 660 105 75 comes
1472 660 84 75 from
1572 660 56 75 the
1644 660 145 75 cruralisj

1273 709 84 75 This
1389 709 115 75 fecond
1532 709 120 75 branch
1687 709 40 75 of
1749 709 56 75 the
1835 709 116 75 pudica
1975 709 103 75 major
2099 709 77 75 goes
2208 709 53 75 off

1224 756 180 75 fometimes
1421 756 176 75 feparately
1612 756 84 75 from
1713 756 55 75 the
1784 756 230 75 hypogaftrica,
2039 756 168 75 efpecially
2222 756 34 75 in

1226 801 136 75 women,
1389 801 95 75 being
1504 801 188 75 diftributed
1709 801 36 75 to
1762 801 54 75 the
1833 801 111 75 lateral
1963 801 84 75 parts
2065 801 40 75 of
2116 801 56 75 the
2185 801 71 75 ute-

1226 846 66 75 rus,
1317 846 109 75 where
1445 846 26 75 it
1493 846 246 75 communicates
1763 846 79 75 with
1867 846 55 75 the
1951 846 167 75 fpermatic
2134 846 121 75 artery,

1226 896 75 75 near
1318 896 55 75 the
1386 896 120 75 jagged
1522 896 176 75 extremity
1713 896 40 75 of
1770 896 55 75 the
1851 896 78 75 tuba
1957 896 201 75 Fallopiana,
2193 896 66 75 and

1227 940 34 75 to
1278 940 55 75 the
1350 940 231 75 neighbouring
1598 940 87 75 parts
1702 940 40 75 of
1755 940 55 75 the
1826 940 127 75 vagina,
1979 940 64 75 tec.

1272 988 77 75 The
1366 988 118 75 arteria
1500 988 184 75 obturatrix
1701 988 176 75 perforates
1903 988 55 75 the
1982 988 170 75 obturator
2173 988 83 75 muf-

1226 1033 77 75 cles,
1330 1033 63 75 and
1409 1033 77 75 goes
1504 1033 58 75 out
1577 1033 40 75 of
1629 1033 55 75 the
1700 1033 100 75 pelvis
1818 1033 32 75 at
1868 1033 54 75 the
1938 1033 102 75 upper
2056 1033 71 75 part
2144 1033 40 75 of
2199 1033 57 75 the

1225 1082 153 75 ligament
1395 1082 44 75 of
1448 1082 55 75 the
1527 1082 145 75 foramen
1691 1082 102 75 ovale,
1819 1082 119 75 having
1954 1082 65 75 firft
2035 1082 69 75 fent
2126 1082 18 75 a
2166 1082 94 75 fmall'

1226 1128 119 75 branch
1364 1128 77 75 over
1458 1128 55 75 the
1531 1128 174 75 fymphyfis
1725 1128 41 75 of
1777 1128 56 75 the
1849 1128 36 75 os
1902 1128 92 75 ilium
2013 1128 63 75 and
2096 1128 37 75 os
2148 1128 108 75 pubis,

1225 1172 35 75 to
1277 1172 55 75 the
1350 1172 140 75 inguinal
1508 1172 113 75 glands
1639 1172 61 75 and
1718 1172 228 75 integuments.

1273 1221 48 75 As
1339 1221 25 75 it
1381 1221 97 75 pafics
1500 1221 44 75 by
1559 1221 55 75 the
1631 1221 146 75 mufcles,
1802 1221 25 75 it
1844 1221 122 75 divides
1984 1221 61 75 and
2066 1221 26 75 is
2110 1221 151 75 diftribu-

1225 1267 55 75 ted
1297 1267 35 75 to
1351 1267 55 75 the
1426 1267 159 75 pedlineus
1605 1267 61 75 and
1685 1267 132 75 triceps.
1866 1267 31 75 It
1922 1267 140 75 likewife
2084 1267 91 75 fends
2199 1267 59 75 out

1224 1314 134 75 another
1374 1314 131 75 branch,
1532 1314 105 75 which
1654 1314 247 75 communicates
1929 1314 79 75 with
2034 1314 71 75 that
2135 1314 126 75 branch'

1225 1362 38 75 of
1280 1362 54 75 the
1350 1362 128 75 feiattea
1495 1362 70 75 that
1585 1362 77 75 goes
1679 1362 44 75 to"
1730 1362 55 75 the
1804 1362 204 75 articulation
2030 1362 40 75 of
2081 1362 55 75 the
2153 1362 36 75 os
2206 1362 50 75 fe-

1224 1407 119 75 moris;
1370 1407 64 75 and
1449 1407 87 75 gives
1553 1407 90 75 fmall
1660 1407 131 75 arteries
1814 1407 36 75 to
1866 1407 57 75 the
1945 1407 91 75 holes
2053 1407 33 75 in
2103 1407 55 75 the
2174 1407 83 75 neck

1224 1453 39 75 of
1275 1453 71 75 that
1364 1453 95 75 bone.

1270 1502 78 75 The
1363 1502 75 75 iliac
1450 1502 107 75 artery
1569 1502 77 75 goes
1663 1502 57 75 out
1733 1502 41 75 of
1784 1502 56 75 the
1858 1502 169 75 abdomen,
2044 1502 144 75 between
2200 1502 59 75 the

1223 1551 207 75 ligamentum
1447 1551 138 75 Fallopii
1603 1551 62 75 and
1681 1551 120 75 tendon
1817 1551 41 75 of
1876 1551 54 75 the
1947 1551 104 75 pfoas,
2076 1551 33 75 at
2136 1551 58 75 the
2217 1551 38 75 u-

1224 1595 74 75 nion
1315 1595 41 75 of
1367 1595 55 75 the
1439 1595 36 75 os
1491 1595 90 75 ilium
1598 1595 63 75 and
1676 1595 36 75 os
1729 1595 105 75 pubis,
1860 1595 61 75 and
1939 1595 92 75 there
2048 1595 25 75 it
2090 1595 91 75 takes
2197 1595 64 75 the

1223 1642 90 75 name
1330 1642 42 75 of
1381 1642 129 75 arteria
1525 1642 158 75 cruralis.

1273 1688 31 75 It
1321 1688 91 75 fends
1429 1688 59 75 off,
1514 1688 64 75 firft
1590 1688 40 75 of
1641 1688 56 75 all,
1721 1688 91 75 three
1829 1688 90 75 fmall
1935 1688 155 75 branches
2102 1688 11 75 ;
2140 1688 60 75 one
2216 1688 36 75 of
2252 1670 7 49 5

1224 1735 118 75 which,
1368 1735 104 75 called
1483 1735 122 75 pudica
1621 1735 148 75 externa,
1795 1735 76 75 goes
1896 1735 76 75 over
1987 1735 57 75 the
2061 1735 105 75 crural
2182 1735 75 75 vein

1225 1781 34 75 to
1275 1781 55 75 the
1347 1781 66 75 fkin
1430 1781 61 75 and
1508 1781 153 75 ligament
1672 1781 41 75 of
1724 1781 55 75 the
1792 1781 101 75 penis,
1911 1781 64 75 and
1989 1781 35 75 to
2041 1781 55 75 the
2113 1781 142 75 inguinal

1223 1829 126 75 glands,
1375 1829 268 75 communicating
1664 1829 78 75 with
1771 1829 56 75 the
1850 1829 116 75 pudica
1991 1829 136 75 interna.
2177 1829 78 75 The

1224 1876 116 75 fecond
1356 1876 77 75 goes
1450 1876 34 75 to
1501 1876 55 75 the
1573 1876 157 75 mufculus
1747 1876 182 75 pedtineus;
1956 1876 61 75 and
2043 1876 54 75 the
2114 1876 88 75 third
2218 1876 39 75 to

1224 1923 55 75 the
1295 1923 100 75 upper
1413 1923 69 75 part
1504 1923 40 75 of
1554 1923 56 75 the
1627 1923 165 75 fartorius.
1841 1923 58 75 All
1912 1923 86 75 thefe
2015 1923 157 75 branches
2183 1923 70 75 fur-

1225 1969 65 75 nifh
1308 1969 139 75 likewife
1464 1969 55 75 the
1539 1969 233 75 neighbouring
1788 1969 139 75 anterior
1943 1969 227 75 integuments.

1271 2018 203 75 Afterwards
1491 2018 56 75 the
1564 2018 102 75 crural
1685 2018 107 75 artery
1809 2018 75 75 runs
1912 2018 96 75 down
2033 2018 41 75 on
2097 2018 56 75 the
2170 2018 84 75 head

1224 2062 39 75 of
1274 2062 56 75 the
1342 2062 36 75 os
1396 2062 129 75 femoris
1538 2062 10 75 ;
1575 2062 73 75 and,
1665 2062 44 75 by
1721 2062 111 75 taking
1848 2062 18 75 a
1881 2062 173 75 particular
2070 2062 86 75 turn,
2182 2062 73 75 gets

1225 2108 39 75 on
1277 2108 55 75 the
1344 2108 95 75 infide
1451 2108 40 75 of
1498 2108 55 75 the
1565 2108 106 75 crural
1684 2108 83 75 vein,
1777 2108 96 75 about
1885 2108 91 75 three
1988 2108 115 75 fingers
2115 2108 140 75 breadth

1223 2156 84 75 from
1328 2156 108 75 where
1453 2156 24 75 it
1493 2156 77 75 goes
1588 2156 57 75 out
1662 2156 41 75 of
1713 2156 56 75 the
1785 2156 170 75 abdomen.

1270 2203 38 75 In
1326 2203 158 75 changing
1499 2203 42 75 its
1557 2203 161 75 fituaticn,
1743 2203 26 75 it
1790 2203 92 75 fends
1906 2203 58 75 out
1987 2203 92 75 three
2095 2203 156 75 confider-

1224 2250 70 75 able
1319 2250 169 75 branches,
1514 2250 59 75 one
1599 2250 160 75 external,
1784 2250 62 75 one
1871 2250 132 75 middle,
2029 2250 63 75 and
2119 2250 60 75 one
2202 2250 49 75 in-

1220 2296 115 75 ternal.

1269 2343 78 75 The
1367 2343 147 75 external
1530 2343 118 75 branch
1679 2343 75 75 runs
1782 2343 41 75 on
1849 2343 56 75 the
1928 2343 99 75 upper
2043 2343 64 75 fide
2134 2343 41 75 of
2194 2343 63 75 the

1223 2389 92 75 thigh
1332 2389 35 75 to
1390 2389 55 75 the
1474 2389 143 75 crureus,
1642 2389 101 75 vaftus
1773 2389 164 75 externus,
1963 2389 102 75 redfus
2095 2389 152 75 anterior,

1223 2436 159 75 mufculus
1399 2436 101 75 fafeite
1516 2436 84 75 latte,
1627 2436 61 75 and
1704 2436 134 75 glutteus
1855 2436 143 75 medius;
2023 2436 131 75 fending
2171 2436 41 75 up
2230 2436 21 75 a

1223 2481 105 75 ramus
1345 2481 35 75 to
1398 2481 55 75 the
1477 2481 82 75 apex
1576 2481 39 75 of
1625 2481 57 75 the
1709 2481 89 75 great
1815 2481 196 75 trochanter,
2037 2481 105 75 which
2160 2481 87 75 com-

1223 2528 172 75 municates
1411 2528 79 75 with
1517 2528 55 75 the
1596 2528 63 75 firft
1683 2528 153 75 principal
1861 2528 104 75 ramus
1989 2528 41 75 of
2051 2528 55 75 the
2133 2528 116 75 pudica

1221 2575 103 75 major
1347 2575 62 75 and
1435 2575 139 75 fciatica.

1268 2621 76 75 The
1360 2621 121 75 middle
1498 2621 119 75 branch
1634 2621 76 75 runs
1734 2621 95 75 down
1854 2621 40 75 on
1923 2621 56 75 the
2003 2621 97 75 infide
2129 2621 41 75 of
2190 2621 57 75 the

1223 2667 92 75 thigh
1331 2667 142 75 between
1492 2667 54 75 the
1563 2667 117 75 triceps
1696 2667 145 75 mufcles,
1866 2667 36 75 to
1922 2667 107 75 which
2045 2667 24 75 it
2087 2667 87 75 gives
2197 2667 48 75 fe-

1222 2714 85 75 veral
1329 2714 90 75 rami,
1446 2714 59 75 one
1528 2714 148 75 whereof
1697 2714 177 75 perforates
1904 2714 55 75 the
1982 2714 115 75 fecoud
2115 2714 130 75 mufcle,

1223 2762 63 75 and
1301 2762 27 75 is
1349 2762 185 75 diftributed
1550 2762 35 75 to
1602 2762 55 75 the
1682 2762 133 75 glutaeus
1840 2762 173 75 maximus,
2038 2762 74 75 femi
2131 2762 116 75 nervo-*

1222 2807 63 75 fus,
1309 2807 340 75 femi-membranofus,
1673 2807 120 75 biceps,
1818 2807 62 75 and
1897 2807 34 75 to
1945 2807 53 75 the
2016 2807 231 75 neighbouring

1221 2855 225 75 integuments.

2224 2855 23 75 ^

1270 2902 76 75 The
1373 2902 136 75 internal
1531 2902 120 75 branch
1668 2902 74 75 runs
1759 2902 169 75 backward
1946 2902 40 75 on
2004 2902 54 75 the
2076 2902 170 75 quadiire-

1224 2947 90 75 mini,
1337 2947 141 75 towards
1495 2947 56 75 the
1568 2947 89 75 great
1674 2947 202 75 trochanter;
1902 2947 63 75 and
1984 2947 115 75 having
2114 2947 131 75 detach-

1225 2994 40 75 ed
1281 2994 18 75 a
1315 2994 117 75 ramus,
1458 2994 103 75 which
1580 2994 74 75 goes
1672 2994 69 75 into
1757 2994 60 75 the
1824 2994 85 75 joint
1925 2994 40 75 of
1977 2994 53 75 the
2049 2994 34 75 ts
2101 2994 143 75 femoris.
