2406 3327
185 155 52 75 6o

674 155 42 75 A
794 155 41 75 G
913 155 37 75 R
1029 155 18 75 I
1128 155 37 75 C
1243 155 44 75 U
1366 155 36 75 L
1478 155 39 75 T
1596 155 45 75 U
1720 155 66 75 R'
1832 155 47 75 E.

183 219 86 75 hand
291 219 179 75 gradually,
500 219 71 75 that
591 219 26 75 it
637 219 75 75 may
731 219 57 75 not
809 219 58 75 fall
893 219 31 75 in
945 219 19 75 a
979 219 95 75 heap,
1099 219 60 75 but
1179 219 41 75 be

185 264 150 75 pr.perly
357 264 159 75 fcattered
541 264 63 75 and
626 264 123 75 fpread.
800 264 32 75 It
859 264 26 75 is
911 264 212 75 remarkable,
1149 264 71 75 that

183 311 86 75 good
285 311 128 75 fowers,
439 311 44 75 by
498 311 55 75 the
578 311 89 75 force
690 311 41 75 of
749 311 102 75 habit,
876 311 75 75 take
975 311 85 75 their
1085 311 135 75 handful

182 357 57 75 out
261 357 41 75 of
321 357 55 75 the
393 357 85 75 fheet
494 357 34 75 fo
545 357 78 75 very
640 357 139 75 exactly,
805 357 71 75 that
893 357 78 75 they
987 357 66 75 will
1076 357 65 75 fow
1158 357 62 75 any

183 403 149 75 quantity
347 403 41 75 of
406 403 74 75 feed
504 403 40 75 on
563 403 37 75 an
619 403 86 75 acre,
731 403 171 75 according
926 403 32 75 as
985 403 26 75 it
1027 403 27 75 is
1071 403 149 75 defigned

181 451 36 75 to
240 451 40 75 be
305 451 128 75 thinner
457 451 38 75 or
517 451 138 75 thicker.
681 451 5 75 ,
704 451 67 75 But
793 451 64 75 this
874 451 167 75 dexterity
1054 451 35 75 in
1114 451 19 75 a
1154 451 64 75 few

180 496 130 75 fowers,
336 496 26 75 is
387 496 90 75 itfelf
496 496 39 75 an
560 496 160 75 objection
744 496 35 75 to
804 496 55 75 the
884 496 133 75 method
1039 496 41 75 of
1098 496 121 75 fowing

181 542 42 75 by
241 542 56 75 the
313 542 107 75 hand;
447 542 132 75 becaufe
594 542 78 75 long
693 542 136 75 pratfice
854 542 63 75 and
938 542 203 75 obfervation
1164 542 54 75 are

181 589 160 75 neceffary
353 589 35 75 to
405 589 93 75 make
511 589 19 75 a
545 589 86 75 good
646 589 121 75 lower:
794 589 86 75 This
897 589 127 75 remark
1035 589 27 75 is
1076 589 56 75 too
1143 589 75 75 well

177 635 141 75 juftified
343 635 44 75 by
409 635 210 75 experience;
646 635 53 75 for
722 635 88 75 good
835 635 116 75 fowers
969 635 53 75 are
1038 635 180 75 extremely

182 683 82 75 rare,
290 683 74 75 and,
390 683 32 75 in
446 683 86 75 fome
556 683 106 75 places
685 683 40 75 of
744 683 55 75 the
817 683 151 75 country,
993 683 116 75 hardly
1125 683 35 75 to
1176 683 41 75 be

181 729 70 75 got.
301 729 141 75 Befides,
468 729 32 75 in
523 729 120 75 fowing
660 729 44 75 by
726 729 56 75 the
806 729 98 75 hand,
930 729 170 75 efpecially
1124 729 93 75 when

181 775 58 75 the
256 775 76 75 land
347 775 27 75 is
391 775 134 75 uneven,
551 775 55 75 the
621 775 76 75 feed
712 775 159 75 rebounds
888 775 41 75 on
942 775 56 75 the
1014 775 103 75 clods,
1142 775 75 75 falls

182 821 69 75 into
268 821 56 75 the
340 821 142 75 cavities,
508 821 64 75 and
587 821 91 75 often
694 821 57 75 the
768 821 135 75 greateft
919 821 71 75 part
1006 821 41 75 of
1064 821 28 75 it
1106 821 28 75 is
1150 821 67 75 col-

181 869 104 75 ledted
301 869 32 75 in
350 869 55 75 the
422 869 150 75 furrows.

229 914 167 75 DifFer-ent
411 914 104 75 plants
532 914 128 75 require
671 914 36 75 to
723 914 41 75 be
780 914 87 75 fown
880 914 32 75 at
924 914 151 75 different
1087 914 129 75 depths.

180 962 79 75 The
271 962 87 75 fame
374 962 102 75 feeds,
500 962 164 75 however,
689 962 75 75 may
786 962 40 75 be
850 962 66 75 laid
940 962 116 75 deeper
1078 962 33 75 in
1134 962 84 75 light

182 1008 79 75 than
277 1008 32 75 in
326 1008 107 75 ftrong
456 1008 87 75 foils.
592 1008 125 75 Wheat
734 1008 142 75 requires
893 1008 35 75 to
951 1008 40 75 be
1015 1008 113 75 placed
1151 1008 66 75 two

182 1055 109 75 inches
321 1055 63 75 and
408 1055 19 75 a
449 1055 74 75 half
540 1055 38 75 or
606 1055 91 75 three
721 1055 109 75 inches
857 1055 105 75 below
989 1055 56 75 the
1072 1055 142 75 furface:

184 1102 78 75 And
278 1102 27 75 it
325 1102 72 75 may
413 1102 39 75 be
468 1102 67 75 laid
551 1102 95 75 down
663 1102 33 75 as
714 1102 18 75 a
754 1102 128 75 general
899 1102 121 75 maxim
1036 1102 33 75 in
1084 1102 133 75 fowing,

184 1149 70 75 that
270 1149 89 75 fmall
376 1149 88 75 feeds
481 1149 111 75 Ihould
616 1149 117 75 always
758 1149 40 75 be
822 1149 113 75 placed
951 1149 111 75 nearer
1078 1149 55 75 the
1149 1149 68 75 fur-

183 1195 71 75 face
271 1195 78 75 than
370 1195 77 75 fuch
471 1195 34 75 as
529 1195 54 75 are
606 1195 117 75 larger.
772 1195 129 75 Belides
926 1195 55 75 the
1005 1195 139 75 unequal
1169 1195 48 75 di-

187 1240 169 75 ftribution
372 1240 39 75 of
430 1240 56 75 the
502 1240 74 75 feed
592 1240 92 75 when
701 1240 87 75 fown
803 1240 43 75 by
863 1240 55 75 the
934 1240 98 75 hand,
1057 1240 57 75 too
1129 1240 89 75 large

184 1288 20 75 a
219 1288 149 75 quantity
384 1288 39 75 of
442 1288 26 75 it
484 1288 74 75 may
572 1288 41 75 be
629 1288 97 75 ufed;
753 1288 64 75 for,
836 1288 33 75 as
889 1288 24 75 it
930 1288 26 75 is
973 1288 113 75 placed
1102 1288 33 75 at
1154 1288 63 75 dif-

184 1333 105 75 ferent
305 1333 128 75 depths,
458 1333 71 75 that
545 1333 108 75 which
676 1333 27 75 is
725 1333 57 75 too
805 1333 82 75 deep
910 1333 96 75 never
1030 1333 106 75 comes
1161 1333 55 75 up,

186 1380 63 75 and
264 1380 72 75 that
348 1380 110 75 which
474 1380 58 75 lies
550 1380 42 75 on
609 1380 56 75 the
681 1380 134 75 furface,
840 1380 106 75 which
963 1380 74 75 may
1052 1380 42 75 be
1111 1380 106 75 obfer-

184 1427 63 75 ved
269 1427 41 75 on
334 1427 56 75 the
414 1427 65 75 bell
502 1427 172 75 harrowed
694 1427 87 75 land,
806 1427 27 75 is
856 1427 52 75 eat
924 1427 42 75 up
983 1427 44 75 by
1042 1427 56 75 the
1114 1427 102 75 birds.

185 1473 111 75 When
313 1473 74 75 feed
402 1473 27 75 is
445 1473 87 75 fown
546 1473 84 75 thin,
648 1473 63 75 and
722 1473 113 75 placed
851 1473 32 75 at
895 1473 94 75 equal
1005 1473 152 75 diftances
1175 1473 44 75 by

185 1521 19 75 a
217 1521 87 75 drill,
330 1521 19 75 a
364 1521 90 75 lelfer
470 1521 149 75 quantity
635 1521 40 75 of
693 1521 38 75 it,
756 1521 44 75 by
815 1521 126 75 leaving
951 1521 92 75 room
1060 1521 35 75 to
1105 1521 114 75 fpread

186 1567 63 75 and
270 1567 121 75 branch
407 1567 70 75 out,
502 1567 68 75 will
585 1567 141 75 produce
743 1567 80 75 even
839 1567 19 75 a
878 1567 106 75 better
1005 1567 77 75 crop
1105 1567 78 75 than
1200 1567 20 75 a

186 1613 104 75 larger
306 1613 148 75 quantity
469 1613 86 75 fown
577 1613 191 75 irregularly
783 1613 45 75 by
843 1613 56 75 the
915 1613 99 75 hand.
1062 1613 77 75 The
1155 1613 64 75 fad

186 1660 58 75 has
260 1660 81 75 been
357 1660 173 75 confirmed
545 1660 44 75 by
605 1660 151 75 repeated
771 1660 216 75 experiments
1004 1660 81 75 both
1108 1660 34 75 in
1158 1660 60 75 our

189 1707 75 75 own
280 1707 136 75 country
432 1707 63 75 and
510 1707 33 75 in
559 1707 136 75 France,

189 1871 171 75 Sect.
398 1871 67 75 VI.
536 1871 68 75 Of
637 1871 97 75 the
765 1871 227 75 Culture
1025 1871 53 75 of
1115 1871 102 75 par-

475 1926 219 75 ticular
726 1926 205 75 Plants.

410 2046 65 75 Of
494 2046 66 75 the
588 2046 159 75 Culture
775 2046 48 75 of
844 2046 150 75 Wheat.

235 2124 175 75 Though
437 2124 106 75 wheat
563 2124 43 75 be
631 2124 55 75 the
710 2124 80 75 moll:
813 2124 146 75 valuable
987 2124 88 75 grain
1098 2124 70 75 that
1192 2124 28 75 is

189 2170 179 75 cultivated
390 2170 34 75 in
448 2170 168 75 Scotland,
641 2170 92 75 there
756 2170 54 75 are
834 2170 95 75 many
950 2170 105 75 places
1071 2170 108 75 where
1194 2170 28 75 it

191 2217 117 75 cannot
324 2217 40 75 be
379 2217 87 75 fown
488 2217 80 75 with
585 2217 193 75 advantage;
804 2217 53 75 for
872 2217 26 75 it
914 2217 142 75 requires
1073 2217 57 75 not
1145 2217 77 75 only

193 2265 19 75 a
228 2265 69 75 rich
313 2265 69 75 foil,
407 2265 59 75 but
483 2265 19 75 a
516 2265 98 75 warm
631 2265 138 75 climate.

239 2310 77 75 The
335 2310 132 75 Englilh
483 2310 124 75 writers
624 2310 140 75 mention
781 2310 98 75 about
899 2310 39 75 13
957 2310 38 75 or
1015 2310 42 75 14
1073 2310 151 75 different

194 2356 94 75 kinds
304 2356 41 75 of
364 2356 126 75 wheat;
517 2356 61 75 but
601 2356 33 75 in
662 2356 155 75 Scotland
840 2356 49 75 we
913 2356 120 75 feldom
1057 2356 53 75 ufe
1133 2356 89 75 more

195 2402 78 75 than
289 2402 79 75 two,
393 2402 69 75 viz.
487 2402 55 75 the
558 2402 99 75 white
674 2402 63 75 and
752 2402 55 75 the
822 2402 60 75 red
901 2402 118 75 wheat.
1066 2402 77 75 The
1166 2402 57 75 laft

195 2450 28 75 is
240 2450 158 75 reckoned
413 2450 56 75 the
487 2450 80 75 moll
582 2450 105 75 hardy
709 2450 100 75 plant,
834 2450 64 75 and
912 2450 147 75 fucceeds
1082 2450 33 75 in
1138 2450 86 75 fome

195 2495 75 75 foils
287 2495 64 75 and
366 2495 142 75 climates
524 2495 108 75 where
648 2495 56 75 the
720 2495 99 75 white
840 2495 79 75 kind
942 2495 86 75 fails.
1077 2495 149 75 Bearded

197 2540 107 75 wheat
319 2540 26 75 is
361 2540 77 75 ufed
459 2540 33 75 in
508 2540 85 75 fome
608 2540 119 75 places.
769 2540 91 75 This
871 2540 31 75 is
927 2540 139 75 likewife
1089 2540 18 75 a
1120 2540 106 75 hardy

198 2587 102 75 plant,
324 2587 63 75 and
402 2587 27 75 is
445 2587 57 75 not
517 2587 35 75 fo
568 2587 54 75 apt
637 2587 36 75 to
687 2587 109 75 lodge,
817 2587 42 75 or
875 2587 36 75 to
926 2587 42 75 be
979 2587 114 75 Ihaken
1109 2587 58 75 out
1183 2587 43 75 by

200 2635 56 75 the
272 2635 99 75 wind,
397 2635 33 75 as
447 2635 55 75 the
519 2635 93 75 other
628 2635 108 75 kinds.
784 2635 34 75 It
840 2635 148 75 fucceeds
1003 2635 81 75 very
1098 2635 74 75 well
1194 2635 32 75 in

199 2681 65 75 wet
290 2681 86 75 land,
402 2681 63 75 and
484 2681 55 75 the
563 2681 89 75 grain
675 2681 156 75 produces
858 2681 20 75 a
903 2681 91 75 great
1022 2681 147 75 quantity
1191 2681 41 75 of

200 2726 95 75 flour.

247 2774 77 75 The
340 2774 98 75 white
454 2774 105 75 wheat
574 2774 81 75 moft
671 2774 183 75 commonly
868 2774 77 75 ufed
959 2774 32 75 in
1009 2774 166 75 Scotland,
1199 2774 28 75 is

202 2820 57 75 not
275 2820 19 75 a
308 2820 172 75 particular
494 2820 130 75 fpecies,
649 2820 59 75 but
732 2820 19 75 a
767 2820 141 75 mixture
925 2820 40 75 of
984 2820 41 75 all
1039 2820 55 75 the
1109 2820 118 75 fpecies

203 2865 174 75 cultivated
391 2865 33 75 in
440 2865 162 75 England.
650 2865 85 75 This
751 2865 140 75 mixture
905 2865 28 75 is
956 2865 157 75 probably
1135 2865 92 75 occa-

204 2912 105 75 fioned
324 2912 44 75 by
383 2912 85 75 want
485 2912 39 75 of
543 2912 72 75 care
639 2912 32 75 in
695 2912 168 75 providing
887 2912 158 75 ourfelves
1072 2912 78 75 with
1178 2912 50 75 fo-

206 2959 88 75 reign
320 2959 85 75 feed.
453 2959 33 75 It
512 2959 27 75 is
564 2959 100 75 found
686 2959 44 75 by
757 2959 202 75 experience,
989 2959 83 75 that,
1104 2959 33 75 in
1163 2959 66 75 this

1269 219 136 75 country
1422 219 31 75 at
1469 219 88 75 leaf!,
1582 219 105 75 wheat
1704 219 205 75 degenerates
1921 219 10 75 ;
1958 219 51 75 for
2034 219 104 75 which
2156 219 109 75 reafon
2282 219 20 75 a

1268 264 83 75 freih
1367 264 112 75 fupply
1494 264 27 75 is
1545 264 97 75 every
1657 264 76 75 year
1753 264 140 75 brought
1907 264 86 75 from
2009 264 55 75 the
2079 264 132 75 Englilh
2228 264 72 75 gra-

1268 312 115 75 naries,
1409 312 105 75 which
1532 312 163 75 generally
1712 312 124 75 confifts
1859 312 41 75 of
1918 312 19 75 a
1952 312 141 75 mixture
2118 312 41 75 of
2176 312 42 75 all
2243 312 57 75 the

1267 358 108 75 kinds.
1424 358 88 75 Now
1523 358 26 75 it
1565 358 27 75 is
1611 358 32 75 at
1659 358 77 75 leaft
1750 358 80 75 very
1848 358 165 75 probable,
2038 358 71 75 that
2128 358 88 75 thefe
2235 358 65 75 dif-

1267 404 104 75 ferent
1387 404 94 75 kinds
1499 404 42 75 of
1560 404 105 75 wheat
1682 404 127 75 require
1825 404 151 75 different
1992 404 96 75 foils;
2115 404 62 75 and
2192 404 108 75 there-

1267 451 71 75 fore
1355 451 56 75 the
1422 451 119 75 farmer
1553 451 114 75 Ihould
1683 451 181 75 endeavour
1887 451 36 75 to
1941 451 132 75 provide
2092 451 134 75 himfelf
2245 451 55 75 an-

1267 498 109 75 nually
1391 498 80 75 with
1489 498 20 75 a
1523 498 150 75 quantity
1684 498 40 75 of
1742 498 154 75 unmixed
1912 498 118 75 wheat,
2054 498 40 75 of
2112 498 76 75 fuch
2205 498 94 75 kinds

1268 544 33 75 as
1318 544 54 75 are
1388 544 101 75 found
1507 544 35 75 to
1553 544 133 75 fucceed
1701 544 66 75 bell
1778 544 34 75 in
1825 544 167 75 Scotland.

1314 591 123 75 Wheat
1453 591 27 75 is
1505 591 182 75 commonly
1709 591 87 75 fown
1821 591 103 75 either
1940 591 85 75 upon
2048 591 77 75 land
2148 591 70 75 that
2241 591 57 75 has

1266 637 79 75 been
1362 637 317 75 fummer-fallowed,
1704 637 38 75 or
1758 637 83 75 after
1857 637 19 75 a
1887 637 77 75 crop
1975 637 40 75 of
2033 637 104 75 peafe.
2186 637 38 75 In
2243 637 57 75 the

1264 683 99 75 latter
1379 683 80 75 cafe,
1486 683 54 75 the
1556 683 73 75 feed
1645 683 116 75 cannot
1777 683 40 75 be
1833 683 87 75 fown
1936 683 50 75 till
2002 683 164 75 O&ober;
2192 683 58 75 but
2266 683 33 75 in

1267 729 55 75 the
1338 729 132 75 former,
1496 729 26 75 it
1545 729 28 75 is
1590 729 163 75 generally
1768 729 87 75 fown
1877 729 33 75 in
1935 729 137 75 Auguft.
2121 729 175 75 However,

1266 775 32 75 in
1317 775 166 75 Scotland,
1509 775 49 75 we
1574 775 65 75 fow
1655 775 106 75 wheat
1773 775 85 75 from
1873 775 54 75 the
1940 775 172 75 beginning
2123 775 41 75 of
2174 775 126 75 Augult

1266 821 50 75 till
1339 821 56 75 the
1417 821 121 75 middle
1556 821 39 75 of
1614 821 200 75 November.
1863 821 98 75 Some
1976 821 82 75 have
2079 821 85 75 tried
2178 821 121 75 fowing

1266 869 106 75 wheat
1388 869 33 75 in
1438 869 55 75 the
1509 869 127 75 fpring;
1662 869 59 75 but
1737 869 56 75 the
1810 869 103 75 plants
1938 869 84 75 were
2044 869 126 75 neither
2192 869 35 75 fo
2250 869 47 75 vi-

1267 916 130 75 gorous,
1422 916 60 75 nor
1498 916 57 75 the
1571 916 90 75 grain
1683 916 35 75 fo
1741 916 101 75 large,
1867 916 34 75 as
1918 916 90 75 thofe
2024 916 72 75 that
2111 916 85 75 were
2211 916 87 75 fown

1266 960 33 75 in
1315 960 145 75 autumn.
1507 960 78 75 The
1601 960 120 75 fowing
1737 960 40 75 of
1796 960 69 75 oats
1882 960 33 75 in
1937 960 132 75 autumn
2084 960 57 75 has
2158 960 141 75 likewife

1266 1008 80 75 been
1362 1008 105 75 tried;
1494 1008 71 75 but,
1589 1008 126 75 though
1732 1008 56 75 the
1804 1008 77 75 crop
1902 1008 65 75 was
1984 1008 112 75 bulky,
2121 1008 56 75 the
2197 1008 100 75 quan-

1267 1054 63 75 tity
1344 1054 41 75 of
1403 1054 91 75 grain
1509 1054 65 75 was
1590 1054 57 75 not
1670 1054 33 75 in
1727 1054 201 75 proportion.
1975 1054 100 75 Upon
2099 1054 56 75 the
2178 1054 118 75 whole,

1266 1100 56 75 the
1345 1100 111 75 month
1479 1100 40 75 of
1538 1100 142 75 O&ober
1701 1100 99 75 feems
1817 1100 36 75 to
1869 1100 39 75 be
1925 1100 54 75 the
1996 1100 79 75 moft
2090 1100 115 75 proper
2221 1100 77 75 time

1266 1146 51 75 for
1332 1146 128 75 fowing.
1466 1146 127 75 wheat;
1619 1146 93 75 when
1726 1146 28 75 it
1769 1146 27 75 is
1812 1146 104 75 either
1931 1146 113 75 earlier
2060 1146 38 75 or
2111 1146 96 75 later,
2231 1146 28 75 it
2268 1146 29 75 is

1266 1193 119 75 fubjed
1401 1193 35 75 to
1454 1193 19 75 a
1488 1193 132 75 number
1637 1193 41 75 of
1687 1193 149 75 dangers.

1312 1240 76 75 The
1405 1240 149 75 quantity
1565 1240 123 75 ufually
1704 1240 85 75 fown
1806 1240 84 75 upon
1910 1240 19 75 a
1947 1240 94 75 Scots
2059 1240 84 75 acre,
2169 1240 26 75 is
2212 1240 85 75 from

1265 1286 91 75 three
1372 1286 36 75 to
1430 1286 62 75 five
1515 1286 116 75 firlots,
1657 1286 201 75 Linlithgow
1882 1286 153 75 meafure,
2060 1286 107 75 which
2190 1286 27 75 is
2241 1286 56 75 the

1266 1333 139 75 meafure
1422 1333 116 75 always
1553 1333 108 75 meant
1672 1333 33 75 in
1716 1333 65 75 this
1793 1333 140 75 treatife.
1974 1333 78 75 The
2069 1333 116 75 proper
2197 1333 100 75 quan-

1266 1378 75 75 tity,
1365 1378 161 75 however,
1551 1378 81 75 muft
1648 1378 117 75 always
1781 1378 127 75 depend
1921 1378 85 75 upon
2024 1378 56 75 the
2097 1378 147 75 fituation
2262 1378 40 75 of

1266 1425 55 75 the
1336 1425 95 75 land:
1458 1425 34 75 in
1507 1425 186 75 proportion
1710 1425 33 75 as
1760 1425 26 75 it
1802 1425 26 75 is
1846 1425 89 75 clean
1952 1425 63 75 and
2031 1425 80 75 rich,
2137 1425 19 75 a
2172 1425 126 75 fmaller

1268 1471 147 75 quantity
1431 1471 40 75 of
1490 1471 73 75 feed
1585 1471 28 75 is
1636 1471 169 75 requifite;
1831 1471 63 75 and
1916 1471 33 75 in
1974 1471 186 75 proportion
2177 1471 33 75 as
2226 1471 27 75 it
2269 1471 27 75 is

1267 1517 80 75 poor
1364 1517 64 75 and
1442 1517 61 75 full
1519 1517 40 75 of
1570 1517 118 75 weeds,
1713 1517 20 75 a
1742 1517 105 75 larger
1864 1517 148 75 quantity
2028 1517 146 75 becomes
2190 1517 106 75 necef-

1265 1564 84 75 fary.

1314 1611 32 75 A
1371 1611 64 75 wet
1459 1611 63 75 bed
1547 1611 27 75 is
1597 1611 80 75 moft
1700 1611 116 75 proper
1837 1611 55 75 for
1915 1611 208 75 wheat-feed.
2176 1611 40 75 In
2240 1611 56 75 the

1266 1657 113 75 month
1391 1657 41 75 of
1442 1657 137 75 Auguft,
1597 1657 38 75 or
1650 1657 78 75 even
1741 1657 55 75 the
1812 1657 171 75 beginning
1998 1657 41 75 of
2051 1657 202 75 September,
2271 1657 26 75 it

1264 1703 30 75 is
1311 1703 178 75 dangerous
1505 1703 35 75 to
1556 1703 88 75 fow,'
1658 1703 31 75 if
1707 1703 91 75 there
1814 1703 41 75 be
1870 1703 57 75 not
1935 1703 35 75 as
1987 1703 95 75 much
2098 1703 148 75 moifture
2264 1703 32 75 in

1267 1749 56 75 the
1331 1749 80 75 land
1418 1749 33 75 as
1461 1749 35 75 to
1508 1749 92 75 make
1612 1749 55 75 the
1675 1749 74 75 feed
1761 1749 159 75 vegetate,
1937 1749 167 75 efpecially
2117 1749 31 75 if
2158 1749 56 75 the
2222 1749 75 75 feed

1266 1796 58 75 has
1348 1796 79 75 been
1454 1796 127 75 fteeped
1602 1796 32 75 in
1661 1796 102 75 brine,
1790 1796 63 75 and
1875 1796 92 75 dried
1990 1796 79 75 with
2094 1796 86 75 lime.
2228 1796 69 75 But

1266 1841 123 75 though
1405 1841 56 75 the
1483 1841 131 75 danger'
1630 1841 40 75 be
1694 1841 90 75 great
1807 1841 33 75 in
1861 1841 120 75 fowing
1996 1841 93 75 when
2107 1841 55 75 the
2178 1841 76 75 land
2269 1841 28 75 is

1265 1886 79 75 very
1359 1886 74 75 dry,
1457 1886 56 75 yet
1527 1886 58 75 the
1601 1886 65 75 belt
1681 1886 147 75 fituation
1844 1886 40 75 of
1894 1886 77 75 land
1981 1886 52 75 for
2049 1886 159 75 receiving
2224 1886 74 75 feed

1266 1934 27 75 is
1313 1934 93 75 when
1422 1934 27 75 it
1468 1934 145 75 contains
1630 1934 42 75 no
1687 1934 90 75 more
1792 1934 147 75 moifture
1955 1934 78 75 than
2048 1934 27 75 is
2091 1934 155 75 fufficient
2261 1934 36 75 to

1267 1980 93 75 make
1372 1980 57 75 the
1446 1980 73 75 feed
1534 1980 159 75 vegetate.

1314 2026 112 75 When
1450 2026 197 75 wheat-land
1674 2026 27 75 is
1729 2026 95 75 light,
1850 2026 39 75 or
1909 2026 74 75 well
2007 2026 141 75 reduced
2172 2026 44 75 by
2237 2026 61 75 fal-

1267 2072 129 75 lowing,
1421 2072 57 75 the
1494 2072 73 75 feed
1582 2072 112 75 Ihould
1708 2072 41 75 be
1772 2072 162 75 plftughed
1957 2072 46 75 in,
2028 2072 38 75 or
2081 2072 56 75 the
2151 2072 78 75 land
2252 2072 46 75 al-

1267 2119 105 75 lowed
1395 2119 35 75 to
1455 2119 42 75 lie
1518 2119 86 75 fome
1620 2119 77 75 time
1719 2119 85 75 after
1825 2119 26 75 it
1874 2119 26 75 is
1925 2119 162 75 ploughed
2109 2119 110 75 before
2243 2119 56 75 the

1269 2165 105 75 wheat
1390 2165 40 75 be
1446 2165 99 75 fown.
1593 2165 54 75 By
1662 2165 64 75 this
1750 2165 55 75 the
1821 2165 76 75 land
1922 2165 144 75 acquires
2091 2165 19 75 a
2132 2165 115 75 degree
2263 2165 41 75 of

1270 2212 140 75 firmnefs
1426 2212 110 75 before
1552 2212 56 75 the
1623 2212 143 75 harrows
1782 2212 42 75 go
1840 2212 86 75 upon
1952 2212 38 75 it,
2017 2212 62 75 and
2102 2212 56 75 the
2181 2212 66 75 feet
2263 2212 41 75 of

1270 2259 55 75 the
1341 2259 98 75 cattle
1455 2259 54 75 are
1524 2259 174 75 prevented
1713 2259 86 75 from
1815 2259 131 75 prefling
1969 2259 56 75 the
2048 2259 75 75 feed
2146 2259 56 75 too
2219 2259 80 75 deep

1271 2304 67 75 into
1355 2304 40 75 it.

1318 2349 215 75 Wheat-land
1559 2349 112 75 Ihould
1693 2349 41 75 be
1757 2349 163 75 ploughed
1942 2349 35 75 fo
2003 2349 33 75 as
2065 2349 35 75 to
2132 2349 78 75 raife
2242 2349 57 75 the

1271 2397 105 75 ridges
1392 2397 114 75 higher
1521 2397 33 75 in
1570 2397 56 75 the
1642 2397 108 75 crown
1767 2397 77 75 than
1860 2397 26 75 is
1903 2397 159 75 neceffary
2078 2397 41 75 on
2136 2397 93 75 other
2244 2397 54 75 oc-

1272 2443 131 75 cafions,
1420 2443 33 75 in
1465 2443 97 75 order
1573 2443 35 75 to
1620 2443 132 75 prevent
1759 2443 27 75 it
1796 2443 86 75 from
1893 2443 95 75 being
2004 2443 157 75 damaged
2176 2443 44 75 by
2234 2443 65 75 wa-

1273 2489 49 75 ter
1334 2489 9 75 :
1370 2489 37 75 If
1422 2489 56 75 the
1494 2489 107 75 ridges
1618 2489 53 75 are
1687 2489 91 75 made
1793 2489 162 75 narrower
1971 2489 77 75 than
2064 2489 162 75 ordinary,
2244 2489 55 75 the

1272 2536 84 75 fame
1373 2536 62 75 end
1450 2536 67 75 will
1533 2536 39 75 be
1586 2536 124 75 ferved,
1736 2536 130 75 becaufe
1884 2536 56 75 the
1951 2536 99 75 water
2070 2536 80 75 finds
2171 2536 41 75 its
2228 2536 72 75 way

1274 2583 88 75 more
1377 2583 96 75 eafily
1487 2583 36 75 to
1539 2583 56 75 the
1616 2583 150 75 furrows.
1816 2583 112 75 Hence
1950 2583 55 75 the
2034 2583 55 75 old
2109 2583 136 75 praftice
2268 2583 32 75 in

1276 2628 167 75 Scotland,
1467 2628 41 75 of
1519 2628 143 75 cleaving
1678 2628 51 75 for
1740 2628 103 75 peafe,
1861 2628 62 75 and
1937 2628 167 75 gathering
2114 2628 51 75 for
2181 2628 118 75 wheat,

1275 2676 64 75 was
1356 2676 74 75 well
1444 2676 156 75 founded.

1322 2720 111 75 When
1449 2720 56 75 the
1522 2720 105 75 wheat
1642 2720 26 75 is
1685 2720 99 75 fown,
1809 2720 62 75 and
1885 2720 55 75 the
1956 2720 75 75 land
2047 2720 179 75 harrowed,
2244 2720 57 75 the

1275 2768 75 75 field
1371 2768 113 75 fhould
1507 2768 39 75 be
1571 2768 155 75 carefully
1749 2768 299 75 water-furrowed;
2075 2768 62 75 and
2161 2768 31 75 if
2209 2768 92 75 there

1273 2815 42 75 be
1328 2815 107 75 ridges
1459 2815 33 75 at
1515 2815 56 75 the
1595 2815 77 75 ends
1696 2815 52 75 for
1770 2815 56 75 the
1848 2815 136 75 ploughs
2006 2815 37 75 to
2064 2815 74 75 turn
2160 2815 86 75 upon
2267 2815 35 75 in

1275 2859 186 75 ploughing,
1487 2859 18 75 a
1526 2859 237 75 water-furrow
1785 2859 110 75 fhould
1911 2859 137 75 likewife
2064 2859 40 75 be
2120 2859 110 75 drawn
2245 2859 56 75 be-

1276 2907 96 75 twixt
1393 2907 90 75 them
1506 2907 63 75 and
1583 2907 55 75 the
1661 2907 117 75 ridges,
1804 2907 62 75 and
1887 2907 56 75 the
1965 2907 266 75 communication
2245 2907 57 75 be-

1277 2955 96 75 twixt
1388 2955 88 75 thefe
1493 2955 62 75 and
1570 2955 55 75 the
1637 2955 140 75 furrows
1794 2955 124 75 opened
1930 2955 55 75 up.
