2493 3387
213 161 49 75 4$
276 161 15 75 2

772 161 500 75 ASTRO

213 231 133 75 degrees
363 231 34 75 at
414 231 35 75 o,
473 231 31 75 in
523 231 56 75 the
596 231 80 75 edge
703 231 61 75 EC
772 231 6 75 •
778 231 5 75 ,
824 231 60 75 but
907 231 31 75 if
960 231 41 75 he
1028 231 140 75 elevates
1195 231 56 75 the

216 277 159 75 quadrant
404 277 33 75 fo
467 277 33 75 as
529 277 34 75 to
591 277 78 75 look
694 277 139 75 through
862 277 55 75 the
935 277 188 75 fight-holes
1141 277 31 75 at
1190 277 63 75 any

215 324 73 75 part
304 324 40 75 of
362 324 56 75 the
441 324 148 75 heavens,
615 324 131 75 fuppofe
774 324 34 75 to
833 324 55 75 the
912 324 55 75 fun
997 324 33 75 at
1055 324 25 75 S
1095 324 10 75 ;
1129 324 63 75 juft
1220 324 33 75 fo

215 371 95 75 many
325 371 133 75 degrees
476 371 32 75 as
527 371 40 75 he
590 371 139 75 elevates
753 371 57 75 the
834 371 173 75 fight-hole
1033 371 18 75 b
1072 371 100 75 above
1197 371 56 75 the

216 417 185 75 horizontal
426 417 64 75 line
513 417 112 75 HOX,
651 417 33 75 fo
702 417 96 75 many
821 417 133 75 degrees
972 417 65 75 will
1055 417 56 75 the
1128 417 125 75 plumb-

214 465 66 75 line
297 465 54 75 cut
368 465 31 75 in
417 465 55 75 the
489 465 77 75 limb
584 465 57 75 CP
660 465 41 75 of
723 465 56 75 the
807 465 172 75 quadrant.
1028 465 79 75 For,
1136 465 46 75 let
1199 465 56 75 the

215 511 176 75 obfcrver’s
412 511 59 75 eye
486 511 35 75 at
540 511 35 75 yV
590 511 38 75 be
645 511 32 75 in
695 511 55 75 the
766 511 109 75 centre
903 511 40 75 of
962 511 55 75 the
1040 511 138 75 celeftial
1201 511 55 75 arc

215 559 92 75 XT’/
323 559 79 75 (and
422 559 40 75 he
479 559 74 75 may
569 559 39 75 be
621 559 113 75 faidto
751 559 38 75 be
807 559 32 75 in
853 559 55 75 the
923 559 109 75 centre
1049 559 40 75 of
1100 559 56 75 the
1170 559 84 75 fun’s

215 606 153 75 apparent
385 606 126 75 diurnal
528 606 98 75 orbit,
652 606 45 75 let
712 606 67 75 him
797 606 40 75 be
860 606 42 75 on
927 606 87 75 what
1041 606 72 75 part
1136 606 42 75 of
1199 606 56 75 the

217 653 91 75 earth
325 653 41 75 he
383 653 82 75 will)
484 653 32 75 in
534 653 107 75 which
659 653 54 75 arc
729 653 55 75 the
801 653 55 75 fun
874 653 26 75 is
917 653 33 75 at
978 653 70 75 that
1067 653 89 75 time,
1182 653 71 75 fup-

216 700 73 75 pofe
308 700 41 75 25
369 700 131 75 degrees
517 700 92 75 high,
628 700 62 75 and
706 700 45 75 let
769 700 54 75 the
841 700 148 75 obferver
1005 700 80 75 hold
1101 700 55 75 the
1173 700 79 75 qua-

214 747 94 75 drant
324 747 34 75 fo
374 747 72 75 that
462 747 41 75 he
520 747 73 75 may
608 747 51 75 fee
671 747 55 75 the
743 747 54 75 fun
810 747 142 75 through
969 747 55 75 the
1041 747 210 75 fight-holes;

215 794 54 75 the
287 794 190 75 plumb-line
494 794 104 75 freely
618 794 130 75 playing
774 794 42 75 on
844 794 56 75 the
928 794 159 75 quadrant
1114 794 66 75 will
1198 794 55 75 cut

215 841 57 75 the
288 841 80 75 25th
381 841 117 75 degree
515 841 31 75 in
568 841 55 75 the
641 841 79 75 limb
737 841 72 75 CP,
835 841 95 75 equal
947 841 35 75 to
999 841 55 75 the
1070 841 134 75 number
1221 841 40 75 of

214 888 132 75 degrees
372 888 40 75 of
430 888 56 75 the
502 888 67 75 fun'
569 888 17 75 s
611 888 134 75 altitude
763 888 33 75 at
812 888 56 75 the
885 888 78 75 time
979 888 41 75 of
1036 888 215 75 obfervation.

214 936 118 75 —[N.
357 936 43 75 B.
450 936 169 75 Whoever
646 936 93 75 looks
768 936 33 75 at
825 936 55 75 the
912 936 69 75 fun,
1007 936 81 75 mult
1119 936 82 75 have
1234 936 19 75 a

212 981 132 75 fmoked
360 981 81 75 glafs
457 981 112 75 before
597 981 50 75 his
670 981 74 75 eyes
773 981 36 75 to
836 981 72 75 fave
931 981 88 75 them
1048 981 85 75 from
1160 981 90 75 hurt.

211 1028 77 75 The
305 1028 103 75 better
424 1028 72 75 way
522 1028 27 75 is
577 1028 57 75 not
663 1028 34 75 to
726 1028 78 75 look
832 1028 31 75 at
893 1028 55 75 the
966 1028 55 75 fun
1037 1028 140 75 through
1197 1028 55 75 the

212 1075 201 75 light-holes,
439 1075 58 75 but
521 1075 35 75 to
583 1075 80 75 hold
680 1075 54 75 the
751 1075 160 75 quadrant
927 1075 107 75 facing
1050 1075 56 75 the
1122 1075 71 75 eye,
1220 1075 33 75 at

211 1122 29 75 a.
254 1122 83 75 little
364 1122 151 75 diftance,
540 1122 63 75 and
630 1122 34 75 fo
692 1122 70 75 that
791 1122 56 75 the
875 1122 55 75 fun
958 1122 123 75 fhining
1109 1122 141 75 through

210 1170 59 75 one
285 1170 88 75 hole,
398 1170 56 75 the
479 1170 57 75 ray
552 1170 74 75 may
641 1170 41 75 be
702 1170 71 75 feen
790 1170 35 75 to
842 1170 56 75 fall
923 1170 41 75 on
982 1170 55 75 the
1054 1170 130 75 other.3

258 1216 37 75 In
312 1216 44 75 fig
387 1216 35 75 2.
448 1216 91 75 Plate
556 1216 97 75 XLI.
680 1216 45 75 let
756 1216 96 75 BAG
879 1216 39 75 be
945 1216 61 75 one
1035 1216 73 75 half
1132 1216 39 75 of
1195 1216 55 75 the

214 1263 105 75 earth,
346 1263 62 75 AC
421 1263 40 75 its
479 1263 245 75 femidiameter,
750 1263 25 75 S
792 1263 55 75 the
859 1263 68 75 fun,
946 1263 31 75 rn
989 1263 55 75 the
1057 1263 109 75 moon,
1189 1263 62 75 and

208 1311 125 75 EKOL
350 1311 20 75 a
387 1311 136 75 quarter
542 1311 40 75 of
594 1311 55 75 the
667 1311 96 75 circle
790 1311 167 75 defcribed
973 1311 43 75 by
1032 1311 56 75 the
1105 1311 96 75 moon
1217 1311 32 75 in

210 1357 165 75 revolving
392 1357 85 75 from
494 1357 56 75 the
563 1357 153 75 meridian
730 1357 35 75 to
784 1357 54 75 the
855 1357 154 75 meridian
1027 1357 106 75 again.
1181 1357 68 75 Let

211 1404 84 75 CRS
312 1404 40 75 be
380 1404 55 75 the
461 1404 136 75 rational
623 1404 137 75 horizon
786 1404 40 75 of
848 1404 38 75 an
904 1404 147 75 obferver
1068 1404 32 75 at
1118 1404 45 75 A,
1189 1404 58 75 ex-

210 1451 120 75 tended
347 1451 34 75 to
399 1451 55 75 the
482 1451 55 75 fun
554 1451 32 75 in
604 1451 54 75 the
676 1451 159 75 heavens;
862 1451 62 75 and
943 1451 98 75 HAO
1058 1451 49 75 his
1119 1451 128 75 fenfible

210 1498 149 75 horizon,
384 1498 163 75 extended
571 1498 35 75 to
634 1498 56 75 the
718 1498 125 75 moon’s
869 1498 100 75 orbit.
1029 1498 94 75 ALC
1141 1498 26 75 is
1193 1498 55 75 the

209 1546 93 75 angle
318 1546 102 75 under
437 1546 105 75 which
566 1546 58 75 the
651 1546 120 75 earth’s
800 1546 233 75 femidiameter
1050 1546 63 75 AC
1130 1546 27 75 is
1174 1546 74 75 feen

208 1593 84 75 from
310 1593 56 75 the
393 1593 95 75 moon
505 1593 33 75 at
556 1593 41 75 L,
622 1593 107 75 which
745 1593 27 75 is
790 1593 94 75 equal
902 1593 36 75 to
955 1593 56 75 the
1025 1593 95 75 angle
1138 1593 27 75 0
1170 1593 73 75 AL,

207 1639 132 75 becaufe
356 1639 55 75 the
428 1639 87 75 right
530 1639 80 75 lines
632 1639 61 75 AO
711 1639 62 75 and
797 1639 56 75 CL
878 1639 106 75 which
1006 1639 128 75 include
1164 1639 80 75 both

206 1687 88 75 thefe
310 1687 108 75 angles
436 1687 54 75 are
506 1687 145 75 parallel.
700 1687 125 75 ASC\s
838 1687 55 75 the
910 1687 92 75 angle
1018 1687 102 75 under
1138 1687 105 75 which

206 1734 56 75 the
285 1734 119 75 earth’s
421 1734 232 75 femidiametef
669 1734 63 75 AC
744 1734 28 75 is
788 1734 72 75 feen
877 1734 85 75 from
980 1734 55 75 the
1059 1734 55 75 fun
1144 1734 33 75 at
1205 1734 38 75 S,

208 1781 62 75 and
297 1781 26 75 is
349 1781 95 75 equal
471 1781 36 75 to
531 1781 56 75 the
612 1781 92 75 angle
722 1781 91 75 OAf
837 1781 133 75 becaufe
998 1781 56 75 the
1084 1781 80 75 lines
1183 1781 61 75 AO

208 1827 63 75 and
292 1827 85 75 CRS
405 1827 53 75 are
472 1827 148 75 parallel.
669 1827 100 75 Now,
795 1827 26 75 it
845 1827 27 75 is
901 1827 102 75 found
1026 1827 43 75 by
1098 1827 146 75 obferva-

208 1874 81 75 tion,
314 1874 72 75 that
402 1874 56 75 the
474 1874 92 75 angle
583 1874 92 75 OAL
703 1874 25 75 is
757 1874 97 75 much
870 1874 132 75 greater,
1012 1874 77 75 than
1110 1874 55 75 the
1190 1874 56 75 an-

209 1921 51 75 gle
278 1921 114 75 OAf;
419 1921 59 75 but
495 1921 93 75 OAL
612 1921 26 75 is
657 1921 94 75 equal
768 1921 35 75 to
829 1921 101 75 ALC,
956 1921 63 75 and
1039 1921 103 75 OAf
1157 1921 26 75 is
1212 1921 33 75 e-

209 1967 76 75 qual
303 1967 34 75 to
354 1967 99 75 ASC.
502 1967 100 75 Now,
636 1967 33 75 as
693 1967 90 75 ASC
804 1967 25 75 is
847 1967 94 75 much
967 1967 59 75 lefs
1047 1967 77 75 than
1143 1967 102 75 ALC,

208 2014 25 75 it
249 2014 115 75 proves
380 2014 72 75 that
468 2014 55 75 the
539 2014 120 75 earth’s
677 2014 231 75 femidiameter
926 2014 63 75 AC
1002 2014 132 75 appears
1150 2014 95 75 much

209 2061 125 75 greater
354 2061 34 75 as
404 2061 71 75 feen
493 2061 85 75 from
595 2061 54 75 the
670 2061 96 75 moon
783 2061 33 75 at
835 2061 38 75 L,
900 2061 78 75 than
1007 2061 84 75 from
1116 2061 55 75 the
1188 2061 56 75 fun

208 2107 32 75 at
258 2107 46 75 S;
332 2107 62 75 and
412 2107 160 75 therefore
592 2107 55 75 the
664 2107 91 75 earth
780 2107 27 75 is
831 2107 97 75 much
944 2107 125 75 farther
1084 2107 85 75 from
1187 2107 57 75 the

208 2154 55 75 fun
281 2154 76 75 than
375 2154 83 75 from
476 2154 55 75 the
548 2154 109 75 moon.
704 2154 78 75 The
799 2154 171 75 quantities
982 2154 40 75 of
1033 2154 88 75 thefe
1137 2154 109 75 angles

207 2202 54 75 are
278 2202 199 75 determined
493 2202 43 75 by
552 2202 201 75 obfervation
769 2202 32 75 in
817 2202 56 75 the
890 2202 166 75 following
1078 2202 143 75 manner.

257 2249 64 75 Let
338 2249 19 75 a
373 2249 177 75 graduated
573 2249 198 75 inftrument,
797 2249 33 75 as
849 2249 104 75 DAE
973 2249 72 75 (the
1069 2249 105 75 larger
1190 2249 55 75 the

209 2294 123 75 better)
358 2294 118 75 having
505 2294 19 75 a
551 2294 166 75 moveable
744 2294 100 75 index
870 2294 78 75 with
978 2294 202 75 fight-holes,
1205 2294 40 75 be

208 2341 90 75 fixed
315 2341 32 75 in
364 2341 76 75 fuch
467 2341 19 75 a
511 2341 142 75 manner,
679 2341 70 75 that
773 2341 41 75 its
839 2341 94 75 plane'
954 2341 122 75 furface
1105 2341 74 75 may
1205 2341 40 75 be

209 2389 132 75 parallel
363 2389 35 75 to
422 2389 55 75 the
504 2389 93 75 plane
625 2389 40 75 of
683 2389 66 75 the,
763 2389 147 75 equator,
937 2389 62 75 and
1015 2389 41 75 its
1073 2389 80 75 edge
1172 2389 72 75 AD

209 2436 31 75 in
258 2436 54 75 the
330 2436 173 75 meridian:
531 2436 33 75 fo
589 2436 71 75 that
684 2436 93 75 when
803 2436 56 75 the
876 2436 97 75 moon
989 2436 26 75 is
1033 2436 30 75 in
1081 2436 56 75 the
1153 2436 92 75 equi-

206 2483 133 75 jnoftial,
372 2483 62 75 and
457 2483 41 75 on
526 2483 57 75 the
610 2483 152 75 meridian
791 2483 33 75 at
851 2483 43 75 E,
928 2483 53 75 (he
1005 2483 74 75 may
1105 2483 40 75 be
1172 2483 72 75 feen

208 2528 141 75 through
374 2528 55 75 the
452 2528 189 75 fight-holes
657 2528 93 75 when
767 2528 56 75 the
840 2528 81 75 edge
937 2528 41 75 of
996 2528 55 75 the
1080 2528 165 75 moveable

206 2577 98 75 index
322 2577 71 75 cuts
409 2577 55 75 the
480 2577 171 75 beginning
675 2577 40 75 of
734 2577 55 75 the
817 2577 148 75 divifions
994 2577 33 75 at
1054 2577 35 75 o,
1116 2577 41 75 on
1186 2577 57 75 the

206 2623 177 75 graduated
399 2623 78 75 limb
496 2623 88 75 DE;
612 2623 62 75 and
697 2623 92 75 when
813 2623 52 75 (he
890 2623 26 75 is
939 2623 34 75 fo
996 2623 84 75 feen,
1113 2623 47 75 let
1184 2623 56 75 the

200 2672 126 75 precife
349 2672 76 75 time
453 2672 40 75 be
520 2672 112 75 noted.
678 2672 101 75 Now,
805 2672 33 75 as
862 2672 56 75 the
935 2672 96 75 moon
1048 2672 142 75 revolves
1208 2672 34 75 a-

208 2717 78 75 bout
303 2717 55 75 the
375 2717 105 75 earth,
498 2717 85 75 from
599 2717 55 75 the
673 2717 154 75 meridian
844 2717 36 75 to
896 2717 54 75 the
967 2717 153 75 meridian
1137 2717 103 75 again,

205 2764 31 75 in
258 2764 41 75 24
319 2764 99 75 hours
436 2764 20 75 4
456 2746 6 49 ?
462 2764 16 75 8
497 2764 150 75 minutes,
672 2764 52 75 ftie
740 2764 66 75 will
830 2764 41 75 go
888 2764 18 75 a
921 2764 112 75 fourth
1050 2764 70 75 part
1136 2764 105 75 round

205 2811 25 75 it
248 2811 30 75 in
296 2811 19 75 a
331 2811 109 75 fourth
458 2811 71 75 part
545 2811 40 75 of
596 2811 71 75 that
684 2811 89 75 time,
800 2811 67 75 viz.
894 2811 31 75 in
944 2811 20 75 6
983 2811 98 75 hours
1111 2811 38 75 12
1179 2811 59 75 mi-

205 2858 105 75 nutes,
337 2858 33 75 as
387 2858 70 75 feen
475 2858 84 75 from
576 2858 36 75 C,
638 2858 72 75 that
725 2858 40 75 is,
793 2858 84 75 from
905 2858 56 75 the
988 2858 120 75 earth’s
1132 2858 109 75 centre

206 2905 38 75 or
260 2905 85 75 pole.
393 2905 68 75 But
477 2905 34 75 as
527 2905 71 75 feen
614 2905 85 75 from
728 2905 44 75 A,
800 2905 55 75 the
882 2905 176 75 obferver’s
1080 2905 90 75 place
1198 2905 42 75 on

198 2951 64 75 -the
279 2951 120 75 earth’s
422 2951 133 75 furface,
580 2951 56 75 the
653 2951 95 75 moon
767 2951 66 75 will
850 2951 82 75 feem
957 2951 35 75 to
1019 2951 81 75 have
1122 2951 82 75 gone
1221 2951 19 75 a

202 2998 134 75 quarter
353 2998 102 75 round
472 2998 55 75 the
543 2998 90 75 earth
658 2998 91 75 when
778 2998 51 75 (he
858 2998 105 75 comes
981 2998 35 75 to
1033 2998 54 75 the
1110 2998 129 75 fenfible

204 3047 137 75 horizon
368 3047 33 75 at
426 3047 25 75 0
466 3047 11 75 ;
515 3047 53 75 for
596 3047 55 75 the
676 3047 111 75 index,
824 3047 141 75 through
995 3047 54 75 the
1077 3047 98 75 fights
1203 3047 41 75 of

1353 161 43 75 N
1474 161 41 75 O
1593 161 49 75 M
1717 161 56 75 Y.

1297 230 104 75 which
1420 230 52 75 ftie
1487 230 27 75 is
1537 230 78 75 then
1631 230 135 75 viewed,
1784 230 67 75 will
1867 230 41 75 be
1926 230 33 75 at
1975 230 32 75 d,
2036 230 45 75 90
2098 230 133 75 degrees
2249 230 83 75 from

1302 277 48 75 D,
1376 277 108 75 where
1500 277 26 75 it
1542 277 65 75 was
1627 277 91 75 when
1735 277 50 75 flie
1803 277 64 75 was
1884 277 71 75 feen
1972 277 34 75 *t
2022 277 45 75 E.
2099 277 100 75 Now,
2218 277 45 75 let
2279 277 57 75 the

1302 324 91 75 exadt
1409 324 142 75 moment
1563 324 93 75 when
1674 324 55 75 the
1745 324 97 75 moon
1859 324 26 75 is
1901 324 71 75 feen
1990 324 32 75 at
2040 324 26 75 0
2086 324 120 75 (which
2220 324 65 75 will
2298 324 41 75 be

1302 371 92 75 when
1411 371 54 75 fhe
1480 371 27 75 is
1531 371 32 75 in
1580 371 37 75 or
1633 371 77 75 near
1725 371 54 75 the
1797 371 128 75 fenfible
1941 371 152 75 horizon)
2117 371 41 75 be
2181 371 157 75 carefully

1303 418 110 75 noted,
1439 418 71 75 that
1528 418 26 75 it
1570 418 74 75 may
1665 418 42 75 be
1728 418 118 75 known
1866 418 32 75 in
1920 418 87 75 what
2024 418 77 75 time
2116 418 53 75 fhe
2185 418 58 75 has
2255 418 84 75 gone

1301 465 86 75 from
1403 465 31 75 E
1453 465 33 75 to
1503 465 46 75 0-,
1576 465 105 75 which
1709 465 78 75 time
1809 465 178 75 fubtradted
2014 465 85 75 from
2127 465 21 75 6
2176 465 98 75 hours
2296 465 41 75 12

1303 512 136 75 minutes
1459 512 72 75 (the
1551 512 77 75 time
1645 512 40 75 of
1696 512 59 75 her
1772 512 96 75 going
1889 512 85 75 from
1989 512 30 75 E
2038 512 35 75 to
2091 512 43 75 L)
2160 512 105 75 leaves
2281 512 58 75 the

1302 559 77 75 time
1397 559 40 75 of
1447 559 59 75 her
1521 559 98 75 going
1635 559 86 75 from
1738 559 26 75 0
1782 559 35 75 to
1835 559 40 75 L,
1909 559 63 75 and
1988 559 120 75 affords
2126 559 39 75 an
2182 559 73 75 eafy
2271 559 67 75 me-

1303 605 80 75 thod
1400 605 52 75 for
1467 605 122 75 finding
1608 605 56 75 the
1680 605 92 75 angle
1790 605 93 75 OAL
1909 605 121 75 (called
2045 605 56 75 the
2119 605 100 75 moon'
2219 605 16 75 s
2251 605 87 75 hori-

1303 653 116 75 zontal
1434 653 174 75 parallax,
1633 653 105 75 which
1756 653 26 75 is
1799 653 95 75 equal
1911 653 35 75 to
1973 653 55 75 the
2054 653 92 75 angle
2163 653 105 75 ALC)
2295 653 44 75 by

1302 698 55 75 the
1375 698 166 75 following
1558 698 148 75 analogy.
1757 698 48 75 As
1822 698 56 75 the
1895 698 78 75 time
2001 698 40 75 of
2059 698 55 75 the
2131 698 124 75 moon’s
2279 698 58 75 de-

1301 746 138 75 feribing
1456 746 55 75 the
1528 746 54 75 arc
1597 746 60 75 EO
1685 746 27 75 is
1740 746 36 75 to
1799 746 46 75 90
1862 746 145 75 degrees,
2032 746 35 75 fo
2082 746 27 75 is
2130 746 21 75 6
2174 746 99 75 hours
2295 746 40 75 12

1300 794 138 75 minutes
1454 794 35 75 to
1506 794 55 75 the
1578 794 132 75 degrees
1728 794 41 75 of
1786 794 56 75 the
1860 794 54 75 arc
1931 794 103 75 DdE,
2059 794 107 75 which
2179 794 158 75 meafures

1301 840 55 75 the
1385 840 92 75 angle
1492 840 119 75 EAL;
1637 840 86 75 from
1748 840 105 75 which
1880 840 140 75 fubtradt
2037 840 46 75 90
2104 840 145 75 degrees,
2275 840 63 75 and

1301 888 58 75 the'
1359 888 32 75 re
1409 888 134 75 remains
1560 888 56 75 the
1634 888 93 75 angle
1744 888 105 75 OAL,
1879 888 95 75 equal
1991 888 36 75 to
2043 888 55 75 the
2117 888 91 75 angle
2233 888 102 75 ALC,

1300 934 101 75 under
1428 934 106 75 which
1565 934 56 75 the
1644 934 120 75 earth’s
1789 934 232 75 femidiameter
2039 934 62 75 AC
2121 934 26 75 is
2164 934 71 75 feen
2253 934 84 75 from

1301 981 54 75 the
1372 981 109 75 moon.
1530 981 100 75 Now,
1656 981 82 75 fince
1762 981 43 75 all
1834 981 55 75 the
1911 981 108 75 angles
2043 981 41 75 of
2102 981 18 75 a
2147 981 191 75 right-linfcd

1300 1028 135 75 triangle
1452 1028 53 75 are
1522 1028 95 75 equal
1633 1028 35 75 to
1689 1028 65 75 180
1766 1028 146 75 degrees,
1929 1028 38 75 or
1982 1028 36 75 to
2034 1028 65 75 two
2116 1028 84 75 right
2212 1028 123 75 angles,

1300 1074 61 75 and
1380 1074 56 75 the
1460 1074 80 75 fides
1557 1074 40 75 of
1611 1074 19 75 a
1645 1074 137 75 triangle
1799 1074 53 75 are
1869 1074 117 75 always
1998 1074 218 75 proportional
2235 1074 33 75 to
2280 1074 58 75 the

1299 1121 79 75 fines
1396 1121 40 75 of
1453 1121 57 75 the
1526 1121 141 75 oppofite
1684 1121 121 75 angles,
1830 1121 66 75 fay,
1922 1121 43 75 by
1988 1121 55 75 the
2061 1121 87 75 Rule
2159 1121 42 75 of
2217 1121 116 75 Three,

1299 1167 33 75 as
1350 1167 56 75 the
1438 1167 61 75 fine
1527 1167 39 75 of
1590 1167 55 75 the
1677 1167 93 75 angle
1789 1167 92 75 ALC
1910 1167 32 75 at
1960 1167 53 75 the
2031 1167 94 75 moon
2144 1167 28 75 L
2190 1167 26 75 is
2241 1167 34 75 to
2292 1167 42 75 its

1298 1214 140 75 oppofite
1466 1214 62 75 fide
1559 1214 68 75 AC,
1662 1214 55 75 the
1740 1214 120 75 earth’s
1889 1214 244 75 femidiameter,
2170 1214 107 75 which
2305 1214 28 75 is

1297 1261 117 75 known
1431 1261 35 75 to
1480 1261 38 75 be
1537 1261 90 75 3985
1646 1261 103 75 miles,
1763 1261 35 75 fo
1815 1261 25 75 is
1855 1261 54 75 the
1922 1261 119 75 radius,
2060 1261 69 75 viz.
2149 1261 55 75 the
2221 1261 62 75 fine
2299 1261 42 75 of

1298 1309 45 75 90
1363 1309 145 75 degrees,
1534 1309 37 75 or
1588 1309 39 75 of
1640 1309 55 75 the
1712 1309 87 75 right
1815 1309 93 75 angle
1933 1309 101 75 ACL,
2061 1309 34 75 to
2120 1309 41 75 its
2190 1309 142 75 oppofite

1296 1354 63 75 fide
1378 1354 75 75 AL,
1480 1354 104 75 which
1601 1354 26 75 is
1653 1354 54 75 the
1731 1354 125 75 moon’s
1884 1354 138 75 diftance
2050 1354 33 75 at
2108 1354 41 75 L,
2174 1354 85 75 from
2276 1354 57 75 the

1296 1402 175 75 obferver’s
1489 1402 89 75 place
1594 1402 33 75 at
1646 1402 45 75 y^,
1717 1402 41 75 on
1775 1402 55 75 the
1858 1402 121 75 earth’s
1994 1402 124 75 furface
2132 1402 6 75 ,
2166 1402 52 75 or,
2243 1402 34 75 fo
2304 1402 29 75 is

1296 1450 55 75 the
1374 1450 62 75 fine
1452 1450 40 75 of
1505 1450 55 75 the
1577 1450 91 75 angle
1684 1450 90 75 CAL
1791 1450 35 75 to
1842 1450 42 75 its
1901 1450 140 75 oppofite
2059 1450 63 75 fide
2138 1450 71 75 CL,
2225 1450 108 75 which

1295 1497 27 75 is
1339 1497 55 75 the
1412 1497 123 75 moon’s
1552 1497 138 75 diftance
1701 1497 85 75 from
1803 1497 55 75 the
1874 1497 120 75 earth’s
2006 1497 121 75 centre,
2153 1497 63 75 and
2227 1497 108 75 comes

1295 1543 69 75 out,
1387 1543 32 75 at
1436 1543 19 75 a
1471 1543 92 75 mean
1585 1543 79 75 rate,
1694 1543 35 75 to
1752 1543 40 75 be
1819 1543 152 75 240,000
1991 1543 102 75 miles.
2143 1543 78 75 The
2240 1543 94 75 angle

1295 1590 91 75 CAL
1402 1590 26 75 is
1448 1590 95 75 equal
1557 1590 39 75 to
1613 1590 87 75 what
1717 1590 92 75 OAL
1826 1590 116 75 want^
1951 1590 43 75 of
2005 1590 46 75 90
2067 1590 145 75 degrees.

1340 1637 77 75 The
1433 1637 86 75 fun’s
1536 1637 138 75 diftance
1691 1637 84 75 from
1792 1637 55 75 the
1870 1637 91 75 earth
1985 1637 26 75 is
2039 1637 99 75 found
2168 1637 57 75 the
2246 1637 86 75 fame

1294 1684 84 75 way,
1405 1684 57 75 but
1482 1684 77 75 with
1578 1684 96 75 much
1697 1684 126 75 greater
1840 1684 179 75 difficulty;
2046 1684 131 75 becaufe
2204 1684 50 75 his
2271 1684 59 75 boi-

1296 1730 139 75 rizontal
1452 1730 158 75 parallax,
1636 1730 38 75 or
1690 1730 55 75 the
1763 1730 92 75 angle
1872 1730 90 75 OAS
1986 1730 96 75 equal
2098 1730 36 75 to
2156 1730 57 75 the
2236 1730 95 75 angle

1296 1778 97 75 ASC,
1419 1778 26 75 is
1464 1778 33 75 fo
1512 1778 90 75 fmall
1620 1778 32 75 as
1671 1778 34 75 to
1722 1778 39 75 be
1777 1778 117 75 hardly
1910 1778 208 75 perceptible,
2144 1778 94 75 being
2253 1778 78 75 only

1300 1825 184 75 icfeconds
1500 1825 40 75 of
1552 1825 18 75 a
1586 1825 133 75 minute,
1744 1825 37 75 or
1799 1825 55 75 the
1875 1825 104 75 360th
2008 1825 71 75 part
2096 1825 39 75 of
2158 1825 19 75 a
2201 1825 128 75 degree.

1294 1871 68 75 But
1373 1871 56 75 the
1441 1871 124 75 moon’s
1577 1871 184 75 horizontal
1778 1871 157 75 parallax,
1953 1871 38 75 or
2007 1871 92 75 angle
2115 1871 105 75 OAL,
2234 1871 95 75 equal

1294 1917 34 75 to
1346 1917 55 75 the
1419 1917 92 75 an^le
1532 1917 101 75 ALC,
1659 1917 27 75 is
1711 1917 77 75 very
1814 1917 201 75 difcernible,
2041 1917 95 75 being
2167 1917 52 75 5/
2249 1917 81 75 qf,

1295 1964 36 75 or
1362 1964 90 75 3469
1502 1964 33 75 at
1563 1964 40 75 its
1632 1964 91 75 mean
1748 1964 77 75 ftate
1840 1964 11 75 ;
1893 1964 105 75 which
2015 1964 27 75 is
2060 1964 88 75 more
2165 1964 75 75 than
2260 1964 69 75 340

1295 2011 93 75 times
1406 2011 32 75 as
1456 2011 90 75 great
1563 2011 33 75 as
1615 2011 174 75 the-fun’s:
1818 2011 78 75 And
1914 2011 163 75 therefore
2101 2011 56 75 the
2173 2011 157 75 diftances

1295 2059 40 75 of
1346 2059 55 75 the
1417 2059 156 75 heavenly
1590 2059 111 75 bodies
1717 2059 95 75 being
1828 2059 157 75 inverfely
2000 2059 34 75 as
2051 2059 55 75 the
2122 2059 147 75 tangents
2294 2059 42 75 of

1295 2105 85 75 their
1395 2105 183 75 horizontal
1595 2105 192 75 parallaxes,
1812 2105 56 75 the
1895 2105 83 75 fun’s
1995 2105 138 75 diftance
2159 2105 85 75 from
2273 2105 57 75 the

1294 2152 90 75 earth
1397 2152 26 75 is
1436 2152 32 75 at
1480 2152 75 75 leaft
1575 2152 67 75 340
1658 2152 94 75 times
1765 2152 33 75 as
1811 2152 90 75 great
1918 2152 33 75 as
1968 2152 56 75 the
2040 2152 124 75 moon’s
2177 2152 12 75 ;
2216 2152 62 75 and
2301 2152 28 75 is

1294 2199 109 75 rather
1425 2199 204 75 underftated
1656 2199 33 75 at
1717 2199 41 75 81
1788 2199 138 75 millions
1953 2199 42 75 of
2013 2199 102 75 miles,
2150 2199 92 75 when
2271 2199 58 75 the

1294 2246 125 75 moon’s
1442 2246 138 75 diftance
1603 2246 26 75 is
1657 2246 156 75 certainly
1829 2246 116 75 known
1962 2246 35 75 to
2013 2246 40 75 be
2072 2246 67 75 240
2156 2246 171 75 thoufand.

1295 2293 66 75 But
1377 2293 154 75 becaufe,*
1546 2293 173 75 according
1742 2293 35 75 to
1802 2293 86 75 feme
1913 2293 223 75 aftronomers,
2160 2293 56 75 the
2242 2293 88 75 fun’s

1294 2340 184 75 horizontal
1505 2340 145 75 parallax
1677 2340 25 75 is
1733 2340 36 75 11
1791 2340 146 75 feconds,
1962 2340 63 75 and
2050 2340 172 75 according
2239 2340 35 75 to
2290 2340 37 75 o-

1294 2387 88 75 thers
1399 2387 76 75 only
1497 2387 54 75 10,
1577 2387 55 75 the
1657 2387 120 75 former
1801 2387 145 75 parallax
1963 2387 127 75 making
2106 2387 55 75 the
2178 2387 84 75 fun’s
2278 2387 49 75 di-

1294 2434 102 75 ftance
1413 2434 34 75 to
1464 2434 40 75 be
1530 2434 98 75 about
1658 2434 215 75 75,000,000
1891 2434 40 75 of
1952 2434 105 75 miles,
2082 2434 62 75 and
2160 2434 54 75 the
2230 2434 99 75 latter

1296 2482 240 75 82,000,000.;
1562 2482 47 75 we
1626 2482 74 75 may
1716 2482 75 75 take
1803 2482 27 75 it
1841 2482 52 75 for
1909 2482 148 75 granted,
2082 2482 71 75 that
2169 2482 56 75 the
2239 2482 87 75 fun’s

1294 2527 138 75 diftance
1447 2527 27 75 is
1500 2527 57 75 not
1584 2527 59 75 lefs
1672 2527 76 75 than
1774 2527 34 75 as
1834 2527 144 75 deduced
2006 2527 85 75 from
2115 2527 57 75 the
2193 2527 135 75 former,

1295 2575 58 75 nor
1370 2575 87 75 more
1474 2575 75 75 than
1568 2575 33 75 as
1618 2575 104 75 ffiewn
1749 2575 43 75 by
1820 2575 56 75 the
1903 2575 114 75 latter:
2045 2575 77 75 And
2146 2575 96 75 every
2267 2575 61 75 one

1293 2621 75 75 who
1395 2621 27 75 is
1450 2621 196 75 accuftomed
1675 2621 36 75 to
1737 2621 93 75 make
1857 2621 77 75 fuch
1961 2621 229 75 obfervations,
2215 2621 113 75 knows

1291 2668 76 75 how
1381 2668 81 75 hard
1479 2668 25 75 it
1520 2668 40 75 is,
1585 2668 30 75 if
1626 2668 55 75 nqt
1698 2668 185 75 impoffible,
1908 2668 35 75 to
1967 2668 96 75 avoid
2081 2668 39 75 an
2138 2668 90 75 error
2244 2668 41 75 of
2307 2668 20 75 a

1291 2715 130 75 fecond,
1446 2715 167 75 efpecially
1629 2715 42 75 on
1688 2715 134 75 account
1839 2715 39 75 of
1901 2715 56 75 the
1984 2715 202 75 inconftancy
2209 2715 40 75 of
2265 2715 61 75 ho-

1293 2762 139 75 rizontal
1449 2762 187 75 refractions
1651 2762 9 75 :
1695 2762 77 75 And
1788 2762 89 75 here,
1895 2762 56 75 the
1968 2762 89 75 error
2069 2762 40 75 of
2119 2762 60 75 one
2195 2762 129 75 fecond,

1292 2809 32 75 in
1341 2809 34 75 fo
1392 2809 89 75 fmall
1494 2809 40 75 an
1551 2809 105 75 angle,
1672 2809 67 75 will
1756 2809 92 75 make
1864 2809 39 75 an
1921 2809 90 75 error
2026 2809 41 75 of
2077 2809 91 75 feven
2187 2809 138 75 millions

1292 2857 40 75 of
1345 2857 89 75 miles
1452 2857 31 75 in
1502 2857 33 75 fo
1551 2857 90 75 great
1659 2857 18 75 a
1692 2857 138 75 diftance
1848 2857 33 75 as
1899 2857 70 75 that
1985 2857 41 75 of
2036 2857 55 75 the
2108 2857 98 75 fun’s.

1337 2903 77 75 The
1425 2903 55 75 fun
1498 2903 63 75 and
1576 2903 95 75 moon
1689 2903 116 75 appear
1827 2903 95 75 much
1939 2903 99 75 about
2053 2903 56 75 the
2121 2903 82 75 fame
2219 2903 102 75 bulk;

1290 2949 63 75 and
1377 2949 96 75 every
1501 2949 61 75 one
1589 2949 75 75 who
1687 2949 205 75 underftands
1920 2949 178 75 geometry,
2120 2949 112 75 knows
2248 2949 76 75 how

1290 2995 83 75 their
1397 2995 72 75 true
1497 2995 93 75 bulks
1616 2995 70 75 may
1716 2995 39 75 be
1782 2995 145 75 deduced
1955 2995 84 75 from
2067 2995 56 75 the
2154 2995 166 75 apparent,

1289 3043 92 75 when
1396 3043 85 75 their
1496 3043 66 75 real
1578 3043 153 75 diftances
1748 3043 53 75 are
1816 3043 131 75 known.
1982 3043 140 75 Spheres
2140 3043 54 75 are
2212 3043 33 75 to
2261 3043 61 75 one

2188 3091 135 75 another
