2517 3387
874 170 34 75 B
1027 170 41 75 O
1186 170 39 75 T

1500 171 43 75 N

226 242 77 75 .Fig.

234 288 55 75 57.
316 288 148 75 Erofuvi,
490 288 34 75 as
535 288 32 75 if
578 288 120 75 eroded
713 288 37 75 or
766 288 52 75 eat
834 288 191 75 irregularly
1040 288 44 75 by
1095 288 85 75 fome
1191 288 71 75 cor-

374 334 97 75 rofive
488 334 172 75 fubftance.

232 383 57 75 58.
316 383 205 75 Palmatum,
547 383 190 75 refembling
752 383 19 75 a
786 383 98 75 hand.

234 428 55 75 59.
316 428 197 75 Pinnatum,
539 428 131 75 divided
686 428 67 75 into
770 428 103 75 pieces
891 428 188 75 refembling
1096 428 71 75 fins.

232 477 57 75 60.
317 477 223 75 Laciniatum,
566 477 79 75 with
670 477 96 75 many
782 477 70 75 cuts
877 477 38 75 or
938 477 185 75 indentures
1148 477 33 75 in
1209 477 55 75 the

374 521 135 75 margin.

230 571 60 75 6t.
316 571 183 75 Sinuatim,
532 571 117 75 having
676 571 83 75 wide
787 571 113 75 finufes
926 571 37 75 or
988 571 134 75 hollows
1149 571 31 75 in
1209 571 56 75 the

373 614 135 75 margin.

230 665 57 75 6-2.
316 665 338 75 Dertato-Jinuatum,
679 665 119 75 having
822 665 115 75 finufes
962 665 62 75 and
1047 665 148 75 divifions
1212 665 50 75 re-

373 707 153 75 fembling
543 707 102 75 teeth.

229 757 58 75 63.
315 757 188 75 Retrorfum
507 757 186 75 finuatum,
719 757 164 75 hollowed
895 757 63 75 and
973 757 77 75 bent
1062 757 200 75 backwards.

227 804 62 75 64.
313 804 190 75 Partitum,
522 804 92 75 when
633 804 53 75 the
699 804 147 75 divifions
859 804 37 75 or
907 804 158 75 fegments
1081 804 96 75 reach
1187 804 76 75 near

373 847 55 75 the
445 847 72 75 bafe
527 847 39 75 of
579 847 55 75 the
650 847 76 75 leaf.

229 898 59 75 65.
314 898 201 75 Repandtim,
542 898 18 75 a
572 898 124 75 waving
710 898 59 75 but
786 898 173 75 undivided
972 898 133 75 margin.

229 944 58 75 66.
314 944 199 75 Dentatum,
539 944 142 75 teethed,
707 944 25 75 /.
750 944 28 75 e.
804 944 93 75 when
914 944 56 75 the
986 944 73 75 tops
1071 944 40 75 of
1122 944 55 75 the
1191 944 68 75 feg-

373 987 104 75 ments
494 987 54 75 are
564 987 123 75 remote
703 987 84 75 from
803 987 79 75 each
899 987 108 75 other.

231 1037 59 75 67.
318 1037 187 75 Serratum,
531 1037 94 75 when
641 1037 56 75 the
723 1037 156 75 fegments
905 1037 175 75 uniformly
1094 1037 116 75 incline
1227 1037 35 75 to

373 1079 55 75 the
445 1079 188 75 extremity.

230 1131 58 75 68.
315 1131 371 75 Duplicalo-ferratum,
705 1131 121 75 doubly
843 1131 153 75 ferrated,
1013 1131 25 75 i.
1057 1131 29 75 e.
1103 1131 92 75 when
1207 1131 57 75 the

370 1174 90 75 leffer
484 1174 157 75 fegments
657 1174 115 75 incline
790 1174 34 75 to
852 1174 55 75 the
931 1174 201 75 extremities
1148 1174 41 75 of
1207 1174 56 75 the

373 1220 105 75 larger
494 1220 90 75 ones.

231 1270 57 75 69.
316 1270 377 75 Duplicato-crenatuni,
720 1270 122 75 doubly
858 1270 161 75 crenated,
1049 1270 77 75 (74)
1168 1270 7 75 ,

231 1318 58 75 70.
314 1318 274 75 Cartilagineum,
613 1318 94 75 when
727 1318 55 75 the
806 1318 121 75 margin
945 1318 40 75 of
1002 1318 58 75 the
1076 1318 67 75 leaf
1163 1318 57 75 has
1238 1318 19 75 a

378 1359 223 75 cartilaginous
619 1359 37 75 or
672 1359 111 75 griftly
798 1359 143 75 texture.

233 1408 57 75 71.
320 1408 302 75 Acute-crenatum,
648 1408 89 75 fnarp
764 1408 157 75 fegments
948 1408 118 75 having
1090 1408 42 75 no
1156 1408 107 75 deter-

373 1453 117 75 minate
507 1453 183 75 inclination
707 1453 36 75 to
760 1453 102 75 either
877 1453 188 75 extremity.

232 1505 56 75 72.
314 1505 312 75 Ohtufe-crenatum,
649 1505 56 75 the
721 1505 84 75 fame
817 1505 78 75 with
912 1505 55 75 the
985 1505 112 75 above,
1122 1505 75 75 only
1209 1505 56 75 the

373 1546 156 75 fegments
546 1546 53 75 are
614 1546 105 75 blunt.

234 1594 57 75 73.
316 1594 182 75 Plicatum,
524 1594 134 75 plaited,
676 1594 37 75 or
729 1594 162 75 confifting
904 1594 39 75 of
955 1594 127 75 regular
1097 1594 98 75 folds.

232 1642 57 75 74.
316 1642 189 75 Crenatum,
531 1642 157 75 fegments
704 1642 118 75 having
847 1642 41 75 no
905 1642 184 75 inclination
1110 1642 34 75 to
1162 1642 102 75 either

375 1685 187 75 extremity.

235 1731 56 75 77.
316 1731 160 75 Crifpttm,
502 1731 93 75 when
618 1731 57 75 the
692 1731 121 75 margin
830 1731 27 75 is
883 1731 106 75 larger
1006 1731 77 75 than
1111 1731 56 75 the
1184 1731 79 75 difc,

374 1780 63 75 and
452 1780 127 75 formed
594 1780 68 75 into
679 1780 19 75 a
713 1780 78 75 kind
803 1780 39 75 of
855 1780 116 75 waves.

235 1832 57 75 76.
319 1832 166 75 Obtufum,
511 1832 94 75 blunt
621 1832 33 75 at
671 1832 55 75 the
743 1832 69 75 top.

235 1875 58 75 77.
319 1875 157 75 Jcutum,
502 1875 102 75 fharp,
631 1875 36 75 or
680 1875 143 75 pointed.

236 1922 56 75 78.
323 1922 249 75 Acuminatum,
598 1922 94 75 when
708 1922 56 75 the
780 1922 69 75 leaf
861 1922 105 75 tapers
983 1922 35 75 to
1035 1922 18 75 a
1069 1922 90 75 fiiarp
1176 1922 90 75 point

377 1967 32 75 at
425 1967 56 75 the
497 1967 69 75 top.

235 2015 58 75 79.
319 2015 153 75 Obtufum
488 2015 160 75 acumine,
669 2015 121 75 having
807 2015 18 75 a
840 2015 87 75 ftiort
945 2015 165 75 Tubulated
1127 2015 101 75 point.

235 2065 58 75 80.
318 2065 255 75 Emarginatum
601 2065 106 75 acute,
732 2065 117 75 having
875 2065 90 75 lharp
990 2065 147 75 divifions
1154 2065 33 75 at
1209 2065 55 75 the

379 2107 57 75 top
453 2107 40 75 of
505 2107 55 75 the
576 2107 78 75 leaf.

236 2158 58 75 81.
321 2158 190 75 Unciforme
526 2158 236 75 marginatum,
785 2158 119 75 having
919 2158 243 75 wedge-fliaped
1183 2158 82 75 divi-

380 2200 79 75 fions
478 2200 33 75 at
528 2200 55 75 the
596 2200 69 75 top.

238 2251 55 75 82.
321 2251 167 75 Retufum,
513 2251 117 75 having
644 2251 95 75 blunt
761 2251 126 75 finufes.

237 2298 57 75 83.
321 2298 157 75 Pilofum,
504 2298 137 75 covered
655 2298 79 75 with
751 2298 76 75 long
843 2298 124 75 diftinft
982 2298 99 75 hairs.

236 2344 58 75 84.
320 2344 233 75 Tomentofum,
577 2344 196 75 interwoven
788 2344 81 75 with
885 2344 65 75 foft
975 2344 98 75 hairs,
1099 2344 62 75 and
1176 2344 90 75 often

378 2386 39 75 of
429 2386 19 75 a
464 2386 97 75 white
579 2386 124 75 colour.

236 2438 59 75 85.
321 2438 186 75 Hifpidum,
524 2438 119 75 having
658 2438 109 75 brittle
780 2438 102 75 rough
894 2438 123 75 bridles
1027 2438 148 75 diffufely
1185 2438 80 75 fcat-

379 2479 90 75 tered
484 2479 85 75 upon
585 2479 56 75 the
657 2479 66 75 difc
735 2479 39 75 of
786 2479 55 75 the
857 2479 77 75 leaf.

239 2531 58 75 86.
322 2531 171 75 Ciliatum,
518 2531 118 75 having
651 2531 131 75 parallel
799 2531 122 75 briftles
938 2531 104 75 round
1057 2531 55 75 the
1131 2531 136 75 margin.

238 2577 58 75 87.
323 2577 172 75 Rugofum,
519 2577 61 75 full
591 2577 40 75 of
642 2577 85 75 rugae
745 2577 37 75 or
798 2577 162 75 wrinkles.

238 2624 58 75 88.
322 2624 165 75 Vencfum,
513 2624 117 75 having
645 2624 88 75 veins
750 2624 36 75 or
814 2624 110 75 nerves
942 2624 163 75 confifting
1122 2624 39 75 of
1173 2624 95 75 many

383 2664 235 75 ramifications.

240 2716 57 75 89.
325 2716 195 75 Nervofum,
545 2716 92 75 when
654 2716 55 75 the
728 2716 88 75 veins
834 2716 36 75 or
898 2716 111 75 nerves
1038 2716 53 75 are
1107 2716 161 75 extended

381 2759 86 75 from
483 2759 56 75 the
555 2759 74 75 bafe
644 2759 37 75 to
696 2759 56 75 the
768 2759 56 75 top
834 2759 138 75 without
989 2759 62 75 any
1061 2759 167 75 branches.

240 2809 57 75 90.
323 2809 212 75 Papilhfum,
560 2809 138 75 covered
713 2809 80 75 with
809 2809 138 75 veficles,
964 2809 162 75 bladders,
1144 2809 37 75 or
1196 2809 71 75 hol-

380 2852 63 75 low
459 2852 118 75 points.

238 2901 57 75 91.
322 2901 237 75 Linguifsrme,
577 2901 65 75 like
658 2901 18 75 a
692 2901 130 75 tongue,
841 2901 25 75 i.
880 2901 29 75 e.
942 2901 108 75 flelhy,
1069 2901 111 75 linear,
1209 2901 58 75 ob-

378 2945 78 75 tufe,
483 2945 125 75 convex
623 2945 117 75 below,
754 2945 63 75 and
831 2945 117 75 having
963 2945 184 75 frequently
1164 2945 19 75 a
1198 2945 69 75 car-

379 2991 168 75 tilaginous
565 2991 134 75 margin.

259 3043 56 75 92.
343 3043 256 75 Acinaciforme,
625 3043 190 75 refembling
837 3043 20 75 a
878 3043 387 75 kernel;comprefled.

1317 244 70 75 Fig.
1480 288 106 75 flelhy,
1612 288 118 75 having
1745 288 59 75 one
1817 288 80 75 edge
1914 288 125 75 narrow
2052 288 60 75 and
2129 288 135 75 convex,
2282 288 62 75 and

1480 335 54 75 the
1550 335 94 75 other
1660 335 124 75 thicker
1800 335 61 75 and
1878 335 88 75 more
1983 335 144 75 ftraight.

1340 381 57 75 93.
1433 381 256 75 Dolabrifcrnte,
1726 381 188 75 refembling
1945 381 40 75 an
2014 381 329 75 ax;comprefled,

1481 427 157 75 roundilh,
1665 427 134 75 gibbous
1816 427 42 75 on
1886 427 55 75 the
1956 427 134 75 outfide,
2115 427 80 75 with
2221 427 19 75 a
2254 427 89 75 lharp

1479 473 92 75 edge,
1596 473 106 75 which
1718 473 27 75 is
1761 473 19 75 a
1796 473 83 75 little
1896 473 126 75 blunter
2038 473 116 75 below.

1340 521 59 75 94.
1426 521 173 75 Deltoidcs,
1637 521 39 75 an
1703 521 157 75 irregular
1888 521 202 75 rhomboidal
2109 521 116 75 figure.
2282 521 62 75 See

1480 566 54 75 the
1552 566 67 75 leaf
1630 566 41 75 of
1681 566 55 75 the
1753 566 94 75 black
1858 566 124 75 poplar.

1341 613 57 75 95.
1426 613 226 75 Triquetrum,
1676 613 118 75 having
1805 613 92 75 three
1913 613 85 75 plain
2014 613 93 75 fides.

1340 662 58 75 96.
1424 662 277 75 Canaliculatum,
1719 662 118 75 having
1854 662 18 75 a
1887 662 81 75 deep
1985 662 211 75 longitudinal
2208 662 133 75 furrow.

1338 706 57 75 97.
1421 706 182 75 Sulcatum,
1629 706 117 75 having
1762 706 118 75 feveraJ
1896 706 80 75 deep
1992 706 149 75 furrows.

1338 754 57 75 98.
1421 754 111 75 Teres,
1558 754 199 75 cylindrical,
1782 754 38 75 or
1834 754 66 75 like
1917 754 18 75 a
1951 754 156 75 cylinder.

1338 799 58 75 99.
1422 799 172 75 Binat.um,
1620 799 92 75 when
1730 799 19 75 a
1775 799 106 75 Ample
1907 799 138 75 petiolus
2070 799 57 75 has
2154 799 66 75 two
2237 799 105 75 leaves

1476 846 171 75 connected
1664 846 34 75 to
1710 846 41 75 its
1768 846 96 75 apex.

1319 893 76 75 100.
1422 893 182 75 Ternatum
1610 893 102 75 foliis
1725 893 167 75 fejjilibus,
1910 893 92 75 three
2018 893 95 75 fellile
2128 893 105 75 leaves
2252 893 43 75 (/.
2312 893 30 75 e.

1478 938 116 75 having
1623 938 43 75 no
1689 938 125 75 petioli)
1841 938 173 75 conne&ed
2042 938 35 75 to
2104 938 63 75 one
2194 938 148 75 common

1477 985 151 75 petiolus.

1318 1033 77 75 101.
1422 1033 183 75 Ternatum
1624 1033 132 75 foliclis
1778 1033 181 75 petiolatis,
1985 1033 89 75 three
2101 1033 104 75 leaves
2222 1033 85 75 upon
2323 1033 20 75 a

1459 1079 6 75 '
1478 1079 146 75 common
1638 1079 148 75 petiolus,
1811 1079 78 75 each
1904 1079 118 75 having
2038 1079 32 75 at
2092 1079 56 75 the
2164 1079 84 75 fame
2265 1079 77 75 time

1478 1125 19 75 a
1513 1125 141 75 feparate
1671 1125 149 75 petiolus.

1317 1174 77 75 102.
1422 1174 206 75 Digitatum,
1655 1174 36 75 or
1722 1174 189 75 refembling
1940 1174 129 75 fingers,
2094 1174 27 75 /.
2149 1174 29 75 e.
2206 1174 94 75 when
2324 1174 20 75 a

1478 1219 105 75 Ample
1610 1219 138 75 petiolus
1777 1219 56 75 has
1852 1219 76 75 two,
1953 1219 103 75 three,
2086 1219 88 75 four,
2200 1219 38 75 or
2253 1219 89 75 more

1479 1265 105 75 leaves
1601 1265 172 75 connected
1789 1265 34 75 to
1840 1265 41 75 its
1899 1265 94 75 apex.

1313 1311 81 75 -J03.
1420 1311 176 75 Pedatum,
1621 1311 19 75 a
1657 1311 75 75 bifid
1751 1311 38 75 or
1803 1311 116 75 forked
1944 1311 150 75 petiolus,
2118 1311 118 75 having
2249 1311 91 75 fmall

1478 1356 104 75 leaves
1598 1356 172 75 conneded
1779 1356 35 75 to
1830 1356 41 75 its
1888 1356 130 75 interior
2028 1356 75 75 fide.

1318 1404 77 75 104.
1421 1404 183 75 Pinnatum
1621 1404 72 75 cum
1709 1404 142 75 impart',
1877 1404 89 75 fmall
1987 1404 105 75 leaves
2109 1404 172 75 connefted
2304 1404 37 75 to

1478 1448 54 75 the
1549 1448 77 75 fides
1644 1448 40 75 of
1704 1448 18 75 a
1738 1448 106 75 fimple
1860 1448 151 75 petiolus,
2037 1448 190 75 terminated
2241 1448 44 75 by
2302 1448 39 75 an

1479 1495 64 75 odd
1559 1495 76 75 leaf.

1320 1544 77 75 ioj.
1423 1544 183 75 Pinnatum
1618 1544 186 75 abruptum,
1821 1544 125 75 neither
1957 1544 192 75 terminated
2164 1544 44 75 by
2220 1544 39 75 an
2276 1544 67 75 odd

1481 1588 68 75 leaf
1560 1588 58 75 nor
1635 1588 18 75 a
1665 1588 136 75 cirrhus.

1317 1637 78 75 106.
1478 1681 113 75 higher
1604 1681 63 75 and
1681 1681 115 75 higher
1808 1681 187 75 alternately
2007 1681 85 75 upon
2107 1681 55 75 the
2174 1681 148 75 petiolus.

1318 1729 76 75 107.
1481 1775 190 75 alternately
1687 1775 105 75 larger
1809 1775 63 75 and
1887 1775 137 75 fmaller.

1318 1825 78 75 108.
1480 1869 76 75 ends
1572 1869 32 75 in
1617 1869 18 75 a
1651 1869 135 75 cirrhus.

1319 1919 76 75 109.

1634 1919 218 75 conjugatum,
1870 1919 92 75 when
1975 1919 54 75 the
2042 1919 146 75 common
2205 1919 137 75 petiolus

1478 1961 57 75 has
1551 1961 76 75 only
1642 1961 66 75 two
1724 1961 104 75 leaves
1849 1961 184 75 connected.

1319 2009 77 75 no.

1633 2009 174 75 decurfive,
1839 2009 93 75 when
1956 2009 55 75 the
2035 2009 91 75 fmall
2148 2009 107 75 leaves
2283 2009 58 75 run

1479 2054 93 75 along
1588 2054 56 75 the
1660 2054 149 75 petiolus.

1320 2099 76 75 Hi.

1612 2099 213 75 articulate,
1849 2099 95 75 when
1960 2099 56 75 the
2031 2099 147 75 common
2205 2099 136 75 petiolus

1479 2147 26 75 is
1519 2147 140 75 jointed.

1321 2196 76 75 112.
1423 2196 170 75 Lyratum,
1618 2196 64 75 like
1699 2196 18 75 a
1732 2196 92 75 harp,
1850 2196 25 75 /.
1894 2196 28 75 e.
1947 2196 93 75 when
2056 2196 55 75 the
2127 2196 69 75 leaf
2206 2196 136 75 istranf-

1480 2241 121 75 verfely
1616 2241 129 75 divided
1770 2241 68 75 into
1865 2241 169 75 fegments,
2060 2241 55 75 the
2143 2241 140 75 fuperior
2307 2241 41 75 of

1482 2287 104 75 which
1604 2287 53 75 are
1683 2287 106 75 larger
1805 2287 76 75 than
1906 2287 55 75 the
1977 2287 144 75 inferior,
2145 2287 63 75 and
2224 2287 55 75 the
2294 2287 48 75 in-

1482 2334 97 75 ferior
1596 2334 75 75 ones
1688 2334 53 75 are
1757 2334 89 75 more
1863 2334 114 75 diftant
1993 2334 84 75 from
2094 2334 78 75 each
2188 2334 107 75 other.

1321 2381 77 75 113.
1425 2381 225 75 Biternatum,
1667 2381 37 75 or
1715 2381 356 75 duplicato-ternatum,
2084 2381 93 75 when
2189 2381 55 75 the
2257 2381 86 75 com-

1481 2427 74 75 mon
1579 2427 136 75 petiolus
1742 2427 58 75 has
1826 2427 90 75 three
1940 2427 147 75 ternated
2111 2427 102 75 (100)
2237 2427 106 75 leaves

1480 2474 88 75 fixed
1583 2474 35 75 to
1631 2474 41 75 it.
1720 2474 77 75 The
1825 2474 190 75 epimedium
2031 2474 27 75 is
2084 2474 39 75 an
2139 2474 146 75 example
2309 2474 40 75 of

1483 2521 76 75 this.

1322 2569 78 75 114.
1426 2569 146 75 Bipinna
1574 2569 82 75 turn,
1666 2569 38 75 or
1715 2569 363 75 duplicato-pinnatum,
2088 2569 95 75 when
2192 2569 55 75 the
2257 2569 86 75 com-

1483 2613 75 75 mon
1581 2613 136 75 petiolus
1742 2613 88 75 gives
1852 2613 52 75 off
1923 2613 152 75 pinnated
2104 2613 103 75 (104)
2235 2613 110 75 petioli

1481 2660 83 75 from
1579 2660 42 75 its
1638 2660 91 75 fides.

1323 2708 76 75 115.
1426 2708 244 75 Triternatum,
1713 2708 37 75 or
1777 2708 362 75 triplicato-ternatum,
2170 2708 93 75 when
2291 2708 55 75 the

1481 2753 146 75 common
1653 2753 134 75 petiolus
1812 2753 91 75 fends
1921 2753 51 75 off
1994 2753 84 75 from
2095 2753 40 75 its
2159 2753 79 75 fides
2255 2753 91 75 three

1482 2799 181 75 biternated
1681 2799 100 75 (113)
1795 2799 117 75 leaves.

1324 2849 77 75 116.
1427 2849 234 75 Tripinnatum
1676 2849 76 75 fine
1781 2849 133 75 impari,
1937 2849 94 75 when
2047 2849 55 75 the
2130 2849 146 75 common
2292 2849 53 75 pe-

1483 2893 96 75 tiolus
1596 2893 56 75 has
1665 2893 90 75 three
1771 2893 37 75 or
1821 2893 87 75 more
1925 2893 184 75 bipinnated
2128 2893 99 75 (114)
2242 2893 104 75 leaves

1483 2940 88 75 fixed
1582 2940 35 75 to
1632 2940 42 75 its
1687 2940 92 75 fides,
1795 2940 58 75 not
1868 2940 190 75 terminated
2074 2940 44 75 by
2130 2940 18 75 a
2164 2940 94 75 Angle
2269 2940 77 75 leaf.

1323 2982 77 75 XI7,

1616 2982 94 75 cum
1728 2982 133 75 impari,
1879 2982 56 75 the
1951 2982 83 75 fame
2047 2982 78 75 with
2142 2982 56 75 the
2213 2982 133 75 former,

1482 3033 76 75 only
1573 3033 191 75 terminated
1780 3033 44 75 by
1836 3033 18 75 a
1870 3033 95 75 fingle
1980 3033 76 75 leaf.

2231 3072 114 75 Terms
