2428 3377
106 151 81 75 174

659 151 41 75 A
813 151 44 75 N
971 151 42 75 A
1127 151 27 75 1

99 206 35 75 A
149 206 86 75 little
254 206 72 75 way
343 206 85 75 from
445 206 65 75 this
530 206 96 75 head,
652 206 49 75 we
728 206 78 75 find,
833 206 42 75 on
904 206 55 75 the
987 206 148 75 external

98 251 137 75 furface,
262 251 18 75 a
304 251 88 75 Imall
422 251 119 75 cavity,
566 251 108 75 where
700 251 231 75 mucilaginous
954 251 112 75 glands
1084 251 52 75 are

97 298 145 75 lodged;
269 298 63 75 and
349 298 103 75 round
470 298 53 75 the
539 298 96 75 head,
661 298 56 75 the
745 298 83 75 bone
853 298 132 75 appears
1001 298 133 75 fpongy,

101 344 109 75 where
230 344 56 75 the
303 344 143 75 capfular
467 344 153 75 ligament
636 344 40 75 of
692 344 55 75 the
765 344 202 75 articulation
992 344 26 75 is
1035 344 101 75 fixed.

193 390 225 75 Immediately
447 390 126 75 beyond
601 390 64 75 this
690 390 19 75 a
732 390 114 75 flatted
874 390 143 75 tubercle
1046 390 87 75 rifes,

97 437 81 75 with
194 437 19 75 a
228 437 91 75 fmall
336 437 107 75 cavity
460 437 45 75 at,
532 437 62 75 and
606 437 175 75 roughnefs
799 437 97 75 about
913 437 42 75 its
974 437 83 75 root,
1084 437 53 75 for

96 483 57 75 the
170 483 202 75 articulation
390 483 40 75 of
441 483 55 75 the
515 483 48 75 rib
586 483 79 75 with
689 483 55 75 the
761 483 174 75 tranfverfe
951 483 127 75 procefs
1101 483 41 75 of

94 530 58 75 the
168 530 108 75 loweft
292 530 42 75 of
345 530 55 75 the
417 530 67 75 two
500 530 168 75 vertebrae,
687 530 79 75 with
784 530 57 75 the
852 530 111 75 bodies
980 530 41 75 of
1032 530 105 75 which

95 577 57 75 the
177 577 85 75 head
290 577 41 75 of
345 577 56 75 the
426 577 49 75 rib
498 577 26 75 is
550 577 369 75 joined.—Advancing
944 577 127 75 further
1094 577 41 75 on

95 623 65 75 this
177 623 146 75 external
346 623 137 75 furface,
509 623 48 75 we
575 623 131 75 obferve
723 623 33 75 in
773 623 79 75 moll:
873 623 40 75 of
926 623 53 75 the
998 623 64 75 ribs
1081 623 55 75 an-

96 670 94 75 other
215 670 126 75 fmaller
357 670 158 75 tubercle,
540 670 70 75 into
626 670 106 75 which
748 670 170 75 ligaments
935 670 106 75 which
1060 670 75 75 con-

98 717 71 75 ned
186 717 56 75 the
259 717 65 75 ribs
342 717 35 75 to
384 717 86 75 .each
483 717 107 75 other,
617 717 63 75 and
696 717 36 75 to
748 717 56 75 the
822 717 173 75 tranfverfe
1012 717 124 75 procef-

98 763 47 75 fes
158 763 41 75 of
211 763 55 75 the
279 763 167 75 vertebrae,
466 763 62 75 and
544 763 146 75 portions
707 763 40 75 of
759 763 55 75 the
830 763 193 75 longiffimus
1039 763 96 75 dorfi,

98 810 56 75 are
170 810 149 75 inferred.
417 810 138 75 Beyond
575 810 64 75 this
659 810 57 75 the
732 810 66 75 ribs
815 810 54 75 are
893 810 93 75 made
1009 810 57 75 flat
1093 810 45 75 by

97 856 57 75 the
184 856 256 75 facro-lumbalis
469 856 129 75 mufcle,
632 856 108 75 which
765 856 26 75 is
815 856 137 75 inferred
981 856 67 75 into
1081 856 56 75 the

95 902 74 75 part
186 902 40 75 of
238 902 65 75 this
320 902 56 75 flat
398 902 124 75 furface
546 902 135 75 farthefi
708 902 86 75 from
821 902 56 75 the
904 902 100 75 fpine,
1029 902 108 75 where

95 949 79 75 each
191 949 51 75 rib
261 949 107 75 makes
386 949 19 75 a
421 949 213 75 confiderable
652 949 109 75 curve,
788 949 104 75 called
915 949 45 75 by
980 949 86 75 fome
1094 949 41 75 its

99 997 109 75 angle.
301 997 102 75 Then
422 997 55 75 the
495 997 49 75 rib
563 997 110 75 begins
691 997 35 75 to
743 997 76 75 turn
836 997 113 75 broad,
984 997 62 75 and
1062 997 75 75 con-

95 1043 105 75 tinues
216 1043 35 75 fo
267 1043 35 75 to
314 1043 44 75 its
377 1043 140 75 anterior
534 1043 74 75 end,
626 1043 107 75 which
745 1043 26 75 is
783 1043 122 75 hollow
922 1043 62 75 and
1002 1043 132 75 fpongy,

96 1090 54 75 for
177 1090 54 75 the
259 1090 163 75 reception
449 1090 48 75 of,
523 1090 63 75 and
609 1090 72 75 firm
705 1090 151 75 coalition
874 1090 78 75 with
969 1090 56 75 the
1042 1090 94 75 carti-

99 1137 73 75 lage
189 1137 71 75 that
286 1137 74 75 runs
389 1137 115 75 thence
529 1137 35 75 to
589 1137 40 75 be
655 1137 140 75 inferted
818 1137 69 75 into
911 1137 54 75 the
985 1137 150 75 fternum,

99 1183 39 75 or
154 1183 35 75 to
207 1183 38 75 be
257 1183 114 75 joined
387 1183 78 75 with
478 1183 85 75 fome
580 1183 94 75 other
692 1183 166 75 cartilage.

144 1229 57 75 To
219 1229 56 75 the
293 1229 148 75 fore-end
458 1229 40 75 of
518 1229 77 75 each
613 1229 49 75 rib
681 1229 18 75 a
715 1229 78 75 long
821 1229 100 75 broad
944 1229 64 75 and
1030 1229 105 75 ftrong

98 1276 152 75 cartilage
267 1276 27 75 is
317 1276 101 75 fixed,
444 1276 63 75 and
524 1276 129 75 reaches
666 1276 115 75 thence
798 1276 36 75 to
850 1276 55 75 the
923 1276 149 75 fternum,
1098 1276 37 75 or

96 1323 27 75 is
137 1323 112 75 joined
266 1323 35 75 to
318 1323 56 75 the
393 1323 150 75 cartilage
562 1323 39 75 of
612 1323 57 75 the
697 1323 80 75 next
793 1323 63 75 rib.
905 1323 87 75 This
1009 1323 124 75 courfe,

96 1369 163 75 however,
277 1369 26 75 is
322 1369 57 75 not
395 1369 30 75 in
444 1369 18 75 a
478 1369 132 75 ftreight
628 1369 64 75 line
709 1369 78 75 with
805 1369 55 75 the
876 1369 72 75 rib;
975 1369 52 75 for
1038 1369 95 75 gene-

96 1416 84 75 jally
200 1416 55 75 the
276 1416 169 75 cartilages
462 1416 93 75 make
572 1416 19 75 a
608 1416 214 75 confiderable
845 1416 109 75 curve,
980 1416 54 75 the
1058 1416 76 75 con-

98 1463 76 75 cave
191 1463 71 75 part
275 1463 41 75 of
324 1463 103 75 which
444 1463 28 75 is
488 1463 148 75 upwards
648 1463 10 75 ;
685 1463 175 75 therefore,
888 1463 32 75 at
937 1463 84 75 their
1037 1463 97 75 infer-

96 1509 69 75 tion
182 1509 69 75 into
267 1509 56 75 the
346 1509 149 75 flernum,
522 1509 78 75 they
617 1509 92 75 make
727 1509 38 75 an
782 1509 111 75 obtufe
910 1509 92 75 angle
1019 1509 114 75 above,

99 1557 61 75 and
177 1557 39 75 an
233 1557 95 75 acute
341 1557 61 75 one
414 1557 275 75 below.—Thele
706 1557 181 75 cartilages,
906 1557 32 75 as
951 1557 43 75 all
1010 1557 123 75 others,

101 1604 53 75 are
171 1604 107 75 firmer
302 1604 62 75 and
383 1604 119 75 harder
524 1604 184 75 internally,
734 1604 78 75 than
828 1604 77 75 they
923 1604 53 75 are
993 1604 41 75 on
1051 1604 84 75 their

99 1649 147 75 external
262 1649 136 75 furface.

145 1696 75 75 The
237 1696 66 75 ribs
320 1696 77 75 then
415 1696 53 75 are
485 1696 188 75 articulated
704 1696 32 75 at
761 1696 78 75 each
864 1696 74 75 end,
964 1696 41 75 of
1026 1696 108 75 which

98 1742 57 75 the
172 1742 60 75 one
244 1742 121 75 behind
380 1742 27 75 is
423 1742 122 75 doubly
556 1742 114 75 joined
689 1742 35 75 to
740 1742 59 75 thfr
809 1742 178 75 vertebra;;
1015 1742 50 75 for
1077 1742 56 75 the

98 1788 86 75 head
199 1788 27 75 is
245 1788 146 75 received
418 1788 69 75 into
510 1788 56 75 the
584 1788 130 75 cavities
742 1788 40 75 of
804 1788 68 75 two
886 1788 114 75 bodies
1016 1788 40 75 of
1078 1788 56 75 the

98 1834 168 75 vertebra,
292 1834 62 75 and
369 1834 55 75 the
439 1834 106 75 larger
558 1834 145 75 tubercle
718 1834 27 75 is
762 1834 147 75 received
920 1834 69 75 into
1005 1834 55 75 the
1076 1834 56 75 de-

98 1882 131 75 preffion
247 1882 32 75 in
297 1882 55 75 the
368 1882 174 75 tranfverfe
559 1882 125 75 procefs
702 1882 41 75 of
761 1882 55 75 the
832 1882 100 75 lower
949 1882 158 75 vertebra.

146 1928 156 75 Hitherto
319 1928 48 75 we
382 1928 83 75 have
487 1928 66 75 laid
569 1928 95 75 down
681 1928 56 75 the
760 1928 127 75 general
904 1928 150 75 flru&ure
1071 1928 63 75 and

98 1975 185 75 conne&ion
295 1975 39 75 of
344 1975 56 75 the
417 1975 78 75 ribs,
522 1975 63 75 and
607 1975 78 75 fhall
702 1975 79 75 next
804 1975 91 75 mark
920 1975 85 75 their
1022 1975 110 75 differ-

99 2022 108 75 ences.

146 2067 39 75 In
207 2067 139 75 viewing
372 2067 56 75 the
444 2067 66 75 ribs
526 2067 85 75 from
629 2067 100 75 above
757 2067 214 75 downwards,
996 2067 84 75 their
1096 2067 37 75 fi-

99 2114 78 75 gure
192 2114 28 75 is
244 2114 60 75 ftill
332 2114 188 75 ftreighter;
563 2114 56 75 the
644 2114 179 75 uppermoft
850 2114 95 75 being
972 2114 56 75 the
1056 2114 79 75 moft

98 2161 141 75 crooked
255 2161 41 75 of
307 2161 220 75 any.—Their
539 2161 175 75 obliquity,
732 2161 32 75 in
782 2161 118 75 refpedt
912 2161 40 75 of
965 2161 54 75 the
1033 2161 98 75 fpine,

99 2208 155 75 increafes
270 2208 35 75 as
332 2208 77 75 they
436 2208 158 75 defcend;
621 2208 34 75 fo
682 2208 72 75 that
777 2208 124 75 though
918 2208 84 75 their
1017 2208 116 75 diftan-

100 2254 51 75 ces
169 2254 85 75 from
271 2254 77 75 each
365 2254 93 75 other
475 2254 25 75 is
517 2254 78 75 very
612 2254 83 75 little
712 2254 151 75 different
881 2254 32 75 at
930 2254 83 75 their
1032 2254 102 75 back-

99 2300 83 75 part,
207 2300 56 75 yet
288 2300 32 75 at
349 2300 84 75 their
463 2300 167 75 fore-ends
653 2300 55 75 the
732 2300 152 75 diftances
909 2300 145 75 between
1078 2300 55 75 the

99 2347 101 75 lower
217 2347 75 75 ones
308 2347 81 75 muft
405 2347 152 75 increafe.

144 2394 77 75 The
237 2394 114 75 length
372 2394 40 75 of
434 2394 58 75 the
516 2394 63 75 ribs
603 2394 154 75 increafes
783 2394 85 75 from
895 2394 56 75 the
979 2394 64 75 firft
1071 2394 63 75 and

99 2439 179 75 nppermoft
295 2439 62 75 rib,
383 2439 33 75 as
434 2439 50 75 far
507 2439 95 75 down
631 2439 33 75 as
693 2439 56 75 the
776 2439 130 75 feventh
921 2439 10 75 ;
958 2439 62 75 and
1047 2439 86 75 from

99 2486 70 75 that
182 2486 35 75 to
233 2486 55 75 the
306 2486 140 75 twelfth,
472 2486 33 75 as
526 2486 167 75 gradually
708 2486 193 75 diminifhes.
989 2486 77 75 The
1082 2486 51 75 fu-

99 2532 107 75 perior
221 2532 40 75 of
272 2532 56 75 the
344 2532 67 75 two
431 2532 99 75 plain,
555 2532 38 75 or
620 2532 109 75 rather
752 2532 122 75 hollow
900 2532 152 75 furfaces,
1088 2532 46 75 by

99 2579 106 75 which
223 2579 54 75 the
295 2579 64 75 ribs
376 2579 53 75 are
447 2579 190 75 articulated
660 2579 36 75 to
718 2579 55 75 the
796 2579 110 75 bodies
929 2579 41 75 of
988 2579 56 75 the
1061 2579 70 75 ver-

98 2626 113 75 tebra,
236 2626 168 75 gradually
427 2626 155 75 increafies
607 2626 85 75 from
718 2626 55 75 the
798 2626 64 75 firft
887 2626 35 75 to
948 2626 54 75 the
1019 2626 115 75 fourth

100 2672 61 75 rib,
187 2672 62 75 and
267 2672 28 75 is
311 2672 187 75 diminilhed
515 2672 84 75 after
615 2672 70 75 that
708 2672 32 75 in
763 2672 79 75 each
866 2672 100 75 lower
982 2672 61 75 rib.
1111 2672 21 75 -

99 2718 76 75 The
193 2718 140 75 diftance
354 2718 41 75 of
413 2718 85 75 their
521 2718 108 75 angles
657 2718 85 75 from
760 2718 54 75 the
831 2718 99 75 heads
946 2718 120 75 always
1082 2718 49 75 in-

102 2765 119 75 creafes
247 2765 34 75 as
311 2765 78 75 they
412 2765 137 75 defcend
572 2765 35 75 to
634 2765 56 75 the
718 2765 104 75 ninth,
853 2765 131 75 becaufe
1013 2765 40 75 of
1075 2765 56 75 the

83 2810 143 75 'greater
243 2810 135 75 breadth
396 2810 40 75 of
447 2810 55 75 the
518 2810 253 75 facro-lumbalis
789 2810 129 75 mufcle.

149 2856 75 75 The
241 2856 64 75 ribs
322 2856 54 75 are
389 2856 182 75 commonly
587 2856 130 75 divided
735 2856 70 75 into
821 2856 75 75 true
908 2856 62 75 and
979 2856 105 75 falfe.

148 2903 77 75 The
238 2903 74 75 true
329 2903 90 75 coftae
437 2903 52 75 are
506 2903 55 75 the
577 2903 92 75 feven
690 2903 98 75 upper
805 2903 76 75 ones
902 2903 41 75 of
950 2903 82 75 each
1053 2903 76 75 fide,

101 2950 105 75 whofe
215 2950 165 75 cartilages
390 2950 53 75 are
451 2950 42 75 all
503 2950 167 75 gradually
677 2950 113 75 longer
799 2950 33 75 as
842 2950 56 75 the
908 2950 64 75 ribs
982 2950 148 75 defcend,

102 2997 61 75 and
180 2997 53 75 are
244 2997 112 75 joined
374 2997 34 75 to
424 2997 55 75 the
494 2997 225 75 breaft-hone;
744 2997 35 75 fo
804 2997 71 75 that
898 2997 97 75 being
1010 2997 122 75 preffed

1284 141 39 75 O
1439 141 49 75 M
1603 141 52 75 Y.

2057 141 99 75 Part
2185 141 30 75 I.

1185 203 176 75 conftantly
1377 203 146 75 between
1547 203 66 75 two
1641 203 111 75 bones,
1778 203 78 75 they
1883 203 54 75 are
1962 203 112 75 flatted
2090 203 33 75 at
2140 203 79 75 both

1185 251 89 75 ends,
1300 251 64 75 and
1380 251 53 75 are
1449 251 138 75 thicker,
1611 251 128 75 harder,
1765 251 63 75 and
1843 251 88 75 more
1947 251 96 75 liable
2066 251 35 75 to
2117 251 101 75 offify,

1186 297 77 75 than
1281 297 55 75 the
1353 297 94 75 other
1464 297 167 75 cartilages
1647 297 72 75 that
1736 297 53 75 are
1805 297 56 75 not
1877 297 121 75 fubject
2014 297 34 75 to
2064 297 34 75 fo
2122 297 97 75 much

1186 344 149 75 preflure.
1399 344 111 75 Thefe
1527 344 64 75 ribs
1614 344 127 75 include
1758 344 55 75 the
1830 344 90 75 heart
1938 344 61 75 and
2016 344 114 75 lungs;
2158 344 63 75 and

1185 391 161 75 therefore
1363 391 54 75 are
1428 391 56 75 the
1500 391 117 75 proper
1634 391 37 75 or
1687 391 71 75 true
1775 391 143 75 cuftodes
1931 391 40 75 of
1985 391 68 75 life.

1231 436 76 75 The
1325 436 60 75 five
1402 436 132 75 inferior
1551 436 64 75 ribs
1633 436 41 75 of
1694 436 78 75 each
1789 436 63 75 fide
1870 436 52 75 are
1940 436 55 75 the
2002 436 93 75 falfe
2110 436 38 75 or
2165 436 54 75 ha-

1176 483 112 75 Jlard,
1313 483 106 75 whofe
1447 483 170 75 cartilages
1639 483 44 75 do
1711 483 57 75 not
1792 483 96 75 reach
1916 483 36 75 to
1978 483 54 75 the
2056 483 138 75 fternum
2208 483 11 75 ;

1186 530 61 75 and
1272 530 175 75 therefore,
1472 530 142 75 wanting
1638 530 55 75 the
1722 530 160 75 refiftance
1899 530 34 75 at
1950 530 82 75 their
2049 530 169 75 fore-part,

1182 576 82 75 -they
1288 576 54 75 are
1369 576 94 75 there
1488 576 152 75 pointed;
1667 576 74 75 and,
1767 576 43 75 on
1838 576 63 75 this
1930 576 146 75 account,
2102 576 117 75 having

1186 622 59 75 lefs
1263 622 152 75 preffure,
1433 622 86 75 their
1531 622 160 75 fubftance
1707 622 26 75 is
1750 622 131 75 fofter.-
1956 622 78 75 The
2051 622 168 75 cartilages

1185 670 40 75 of
1236 670 87 75 thefe
1340 670 79 75 falfe
1436 670 65 75 ribs
1519 670 54 75 are
1595 670 122 75 ftiorter
1745 670 33 75 as
1802 670 56 75 the
1883 670 66 75 ribs
1976 670 148 75 defcend.

1184 716 56 75 To
1257 716 42 75 all
1317 716 88 75 thefe
1421 716 61 75 five
1499 716 65 75 ribs
1581 716 55 75 the
1659 716 136 75 circular
1811 716 80 75 edge
1908 716 40 75 of
1960 716 55 75 the
2031 716 187 75 diaphragm

1186 762 27 75 is
1231 762 197 75 connected;
1456 762 63 75 and
1534 762 42 75 its
1603 762 108 75 fibres,
1736 762 120 75 inftead
1883 762 41 75 of
1938 762 95 75 being
2060 762 161 75 ftretched

1185 809 218 75 immediately
1419 809 220 75 tranfverfely,
1665 809 63 75 and
1754 809 34 75 fo
1816 809 137 75 running
1977 809 243 75 perpendicular

1184 855 35 75 to
1236 855 55 75 the
1308 855 78 75 ribs,
1412 855 54 75 are
1483 855 121 75 preffed
1620 855 34 75 fo
1679 855 34 75 as
1741 855 36 75 to
1804 855 40 75 be
1872 855 103 75 often,
2000 855 169 75 efpecially
2184 855 34 75 in

1185 901 194 75 expiration,
1405 901 131 75 parallel
1552 901 36 75 to
1605 901 54 75 the
1676 901 91 75 plane
1783 901 32 75 in
1834 901 104 75 which
1956 901 55 75 the
2028 901 64 75 ribs
2108 901 56 75 lie.

1233 949 76 75 The
1326 949 64 75 firft
1408 949 49 75 rib
1486 949 40 75 of
1548 949 78 75 each
1655 949 64 75 fide
1735 949 27 75 is
1779 949 34 75 fo
1829 949 147 75 fituated,
2002 949 75 75 that
2088 949 55 75 the
2159 949 57 75 flat

1187 995 79 75 fides
1284 995 52 75 are
1354 995 99 75 above
1468 995 62 75 and
1546 995 117 75 below,
1689 995 95 75 while
1812 995 60 75 one
1901 995 80 75 edge
1998 995 25 75 is
2042 995 109 75 placed
2168 995 48 75 in-

1186 1042 116 75 wards,
1329 1042 63 75 and
1415 1042 55 75 the
1496 1042 94 75 other
1619 1042 175 75 outwards,
1820 1042 37 75 or
1884 1042 109 75 nearly
2020 1042 55 75 fo;
2111 1042 107 75 there-

1185 1089 70 75 fore
1272 1089 155 75 fufficient
1438 1089 90 75 fpace
1543 1089 28 75 is
1587 1089 63 75 left
1666 1089 100 75 above
1779 1089 26 75 it
1816 1089 52 75 for
1885 1089 54 75 the
1954 1089 180 75 fubclavian
2150 1089 67 75 vef-

1183 1134 62 75 iels
1264 1134 62 75 and
1341 1134 138 75 mufcle;
1514 1134 63 75 and
1594 1134 55 75 the
1667 1134 99 75 broad
1782 1134 137 75 concave
1935 1134 123 75 furface
2074 1134 27 75 is
2118 1134 99 75 eppo-

1184 1181 55 75 fed
1255 1181 35 75 to
1307 1181 54 75 the
1378 1181 94 75 lungs
1485 1181 8 75 :
1522 1181 67 75 But
1601 1181 90 75 then,
1716 1181 32 75 in
1765 1181 216 75 confequence
1998 1181 41 75 of
2056 1181 63 75 this
2143 1181 73 75 litu-

1186 1228 99 75 ation,
1312 1228 55 75 the
1385 1228 133 75 channel
1535 1228 53 75 for
1603 1228 56 75 the
1674 1228 182 75 intercoftal
1883 1228 109 75 veftels
2009 1228 26 75 is
2053 1228 57 75 not
2126 1228 35 75 to
2177 1228 41 75 be

1185 1274 113 75 found,
1324 1274 63 75 and
1403 1274 56 75 the
1475 1274 97 75 edges
1589 1274 53 75 are
1659 1274 185 75 differently
1862 1274 124 75 formed
2000 1274 84 75 from
2102 1274 42 75 all
2161 1274 55 75 the

1184 1321 106 75 other,
1315 1321 117 75 except
1448 1321 56 75 the
1520 1321 116 75 fecond
1646 1321 5 75 •
1651 1321 4 75 ,
1684 1321 55 75 the
1761 1321 101 75 lower
1877 1321 61 75 one
1954 1321 94 75 being
2060 1321 157 75 rounded,

1185 1367 61 75 and
1263 1367 55 75 the
1332 1367 98 75 other
1456 1367 103 75 fharp.
1655 1367 76 75 The
1753 1367 84 75 head
1854 1367 39 75 of
1905 1367 64 75 this
1987 1367 48 75 rib
2051 1367 27 75 is
2094 1367 56 75 not
2166 1367 50 75 di-

1186 1415 94 75 vided
1295 1415 69 75 into
1381 1415 66 75 two
1467 1415 85 75 plain
1570 1415 138 75 furfaces
1726 1415 43 75 by
1784 1415 19 75 a
1819 1415 119 75 middle
1955 1415 102 75 ridge,
2085 1415 133 75 becaufe

1184 1460 25 75 it
1225 1460 28 75 is
1271 1460 77 75 only
1365 1460 190 75 articulated
1583 1460 78 75 wiih
1690 1460 54 75 the
1772 1460 64 75 flrft
1857 1460 146 75 vertebra
2020 1460 40 75 of
2071 1460 55 75 the
2143 1460 73 75 tho-

1185 1507 70 75 rax.
1352 1507 47 75 Its
1413 1507 151 75 cartilage
1576 1507 25 75 is
1619 1507 116 75 oflified
1750 1507 32 75 in
1799 1507 118 75 adults,
1935 1507 62 75 and
2012 1507 27 75 is
2056 1507 108 75 united
2182 1507 36 75 to

1184 1554 54 75 the
1255 1554 136 75 fternum
1408 1554 33 75 at
1457 1554 87 75 right
1561 1554 369 75 angles.—Frequently
1940 1554 64 75 this
2017 1554 64 75 firft
2098 1554 9 75 i
2126 1554 90 75 bhas

1184 1601 17 75 a
1218 1601 89 75 ridge
1323 1601 94 75 riling
1429 1601 75 75 near
1517 1601 55 75 the
1584 1601 120 75 middle
1721 1601 41 75 of
1772 1601 41 75 its
1831 1601 152 75 pofterior
1996 1601 92 75 edge,
2107 1601 107 75 where

1182 1647 61 75 one
1260 1647 40 75 of
1311 1647 54 75 the
1381 1647 100 75 heads
1506 1647 40 75 of
1568 1647 56 75 the
1639 1647 141 75 fealenus
1808 1647 117 75 mufcle
1954 1647 86 75 rifes.
2137 1647 22 75 f
2167 1647 49 75 ar-

1183 1693 72 75 ther
1274 1693 142 75 forward
1431 1693 26 75 it
1472 1693 28 75 is
1516 1693 125 75 flatted,
1667 1693 38 75 or
1726 1693 180 75 fometimes
1922 1693 163 75 depreffed
2102 1693 43 75 by
2162 1693 55 75 the

1183 1740 143 75 clavicle.

1229 1786 77 75 The
1328 1786 87 75 fifth,
1440 1786 97 75 fixth,
1572 1786 62 75 and
1658 1786 144 75 feventh,
1835 1786 38 75 or
1901 1786 110 75 rather
2037 1786 56 75 the
2116 1786 98 75 fixth,

1181 1832 143 75 feventh,
1349 1832 125 75 eighth,
1499 1832 62 75 and
1578 1832 179 75 fometimes
1775 1832 55 75 the
1846 1832 86 75 fifth,
1950 1832 94 75 fixth,
2069 1832 143 75 feventb,

1181 1878 127 75 eighth,
1333 1878 93 75 ninth
1443 1878 78 75 ribs,
1547 1878 81 75 have
1644 1878 84 75 their
1744 1878 168 75 cartilages
1930 1878 32 75 at
1979 1878 74 75 leaft
2070 1878 145 75 contigu-

1182 1925 57 75 ous
1252 1925 10 75 ;
1289 1925 62 75 and
1374 1925 187 75 frequently
1576 1925 77 75 they
1671 1925 53 75 are
1740 1925 114 75 joined
1879 1925 35 75 to
1941 1925 78 75 each
2047 1925 95 75 other
2171 1925 44 75 by

1184 1971 83 75 crofs
1285 1971 190 75 cartilages;
1503 1971 63 75 and
1589 1971 79 75 moft
1697 1971 182 75 commonly
1902 1971 55 75 the
1985 1971 168 75 cartilages
2179 1971 40 75 of

1183 2018 56 75 the
1255 2018 124 75 eighth,
1404 2018 105 75 ninth,
1534 2018 105 75 tenth,
1665 2018 53 75 are
1747 2018 185 75 connedted.
1947 2018 36 75 to
2008 2018 54 75 the
2079 2018 134 75 former,

1182 2064 64 75 and
1263 2064 34 75 to
1314 2064 78 75 each
1408 2064 106 75 other,
1531 2064 44 75 by
1591 2064 71 75 firm
1679 2064 181 75 ligaments.

1230 2111 76 75 The
1325 2111 159 75 eleventh,
1503 2111 62 75 and
1581 2111 180 75 fometimes
1777 2111 56 75 the
1845 2111 91 75 tenth
1951 2111 61 75 rib,
2029 2111 56 75 has
2102 2111 43 75 no
2162 2111 51 75 tu-

1183 2158 107 75 bercle
1306 2158 52 75 for
1378 2158 41 75 its
1437 2158 201 75 articulation
1660 2158 78 75 with
1755 2158 57 75 the
1827 2158 175 75 tranfverfe
2029 2158 126 75 procefs
2181 2158 41 75 of

1185 2204 54 75 the
1256 2204 159 75 vertebra,
1440 2204 35 75 to
1491 2204 106 75 which
1614 2204 26 75 it
1655 2204 28 75 is
1703 2204 76 75 only
1804 2204 122 75 loofely
1951 2204 89 75 fixed
2067 2204 44 75 by
2135 2204 79 75 liga-

1184 2250 240 75 ments.—The
1440 2250 79 75 foffa
1533 2250 31 75 in
1585 2250 42 75 its
1649 2250 102 75 lower
1767 2250 80 75 edge
1863 2250 26 75 is
1907 2250 56 75 not
1979 2250 35 75 fo
2030 2250 80 75 deep
2127 2250 33 75 as
2183 2250 32 75 in

1185 2297 55 75 the
1256 2297 111 75 upper,
1376 2297 77 75 ribs,
1470 2297 132 75 becaufe
1618 2297 56 75 the
1689 2297 111 75 veffels
1817 2297 59 75 run
1897 2297 88 75 more
2003 2297 140 75 towards
2160 2297 55 75 the

1185 2343 158 75 interftice
1359 2343 145 75 between
1522 2343 55 75 the
1600 2343 168 75 ribs.—Its
1784 2343 150 75 fore-end
1949 2343 27 75 is
1996 2343 124 75 fmaller
2137 2343 78 75 than

1184 2391 40 75 its
1242 2391 99 75 body,
1367 2391 63 75 and
1445 2391 42 75 its
1504 2391 87 75 Ihort
1607 2391 90 75 final!
1714 2391 151 75 cartilage
1882 2391 25 75 is
1927 2391 57 75 but
1999 2391 123 75 loofely
2138 2391 77 75 con-

1184 2437 112 75 nected
1311 2437 35 75 to
1364 2437 54 75 the
1435 2437 150 75 cartilage
1605 2437 40 75 of
1656 2437 55 75 the
1728 2437 49 75 rib
1794 2437 113 75 above.

1230 2483 77 75 The
1324 2483 128 75 twelfth
1477 2483 49 75 rib
1549 2483 27 75 is
1602 2483 56 75 the
1681 2483 131 75 fhorteft
1839 2483 63 75 and
1929 2483 285 75 ftreighteft.—Its

1184 2529 83 75 head
1288 2529 27 75 is
1340 2529 77 75 only
1438 2529 190 75 articulated
1656 2529 79 75 with
1763 2529 56 75 the
1847 2529 57 75 laft
1930 2529 148 75 vertebra
2097 2529 39 75 of
2159 2529 56 75 the

1184 2576 117 75 thorax
1316 2576 10 75 ;
1360 2576 162 75 therefore
1546 2576 27 75 is
1597 2576 56 75 not
1679 2576 131 75 divided
1834 2576 69 75 into
1925 2576 67 75 two
2014 2576 201 75 furfaces.—-

1183 2623 85 75 This
1290 2623 49 75 rib
1354 2623 27 75 is
1398 2623 57 75 not
1467 2623 113 75 joined
1602 2623 36 75 to
1663 2623 56 75 the
1746 2623 173 75 tranfveife
1946 2623 125 75 procefs
2095 2623 42 75 of
2158 2623 56 75 the

1181 2668 160 75 vertebra,
1366 2668 63 75 and
1445 2668 163 75 therefore
1624 2668 57 75 has
1698 2668 42 75 no
1756 2668 155 75 tubercle,
1929 2668 94 75 being
2039 2668 88 75 often
2144 2668 71 75 pul-

1181 2716 52 75 led
1247 2716 183 75 neceffarily
1444 2716 139 75 inwards
1599 2716 43 75 by
1659 2716 56 75 the
1732 2716 198 75 diaphragm,
1957 2716 106 75 which
2080 2716 38 75 an
2137 2716 76 75 arti-

1182 2762 142 75 culation
1348 2762 79 75 with
1451 2762 56 75 the
1534 2762 174 75 tranfverfe
1731 2762 126 75 procefs
1874 2762 107 75 would
1998 2762 57 75 not
2071 2762 80 75 have
2168 2762 45 75 al-

1182 2808 242 75 lowed.—The
1441 2808 79 75 foffa
1534 2808 27 75 is
1579 2808 57 75 not
1650 2808 101 75 found
1778 2808 34 75 at
1839 2808 42 75 its
1908 2808 104 75 under
2040 2808 92 75 edge,
2157 2808 56 75 be-

1185 2855 90 75 caufe
1291 2855 56 75 the
1363 2855 111 75 veffeis
1492 2855 59 75 run
1568 2855 104 75 below
1687 2855 164 75 it.—The
1863 2855 158 75 fore-part
2038 2855 39 75 of
2088 2855 64 75 this
2165 2855 49 75 rib

1184 2903 26 75 is
1227 2903 126 75 fmaller
1370 2903 78 75 than
1471 2903 42 75 its
1535 2903 134 75 middle,
1703 2903 61 75 and
1787 2903 58 75 has
1868 2903 76 75 only
1967 2903 18 75 a
2005 2903 80 75 very
2108 2903 106 75 findll-

1186 2947 133 75 pointed
1350 2947 153 75 cartilage
1527 2947 87 75 fixed
1641 2947 35 75 to
1704 2947 146 75 it.—To
1876 2947 41 75 its
1947 2947 104 75 whole
2078 2947 137 75 internal

1184 2996 62 75 fide
1263 2996 55 75 the
1334 2996 188 75 diaphragm
1537 2996 26 75 is
1580 2996 187 75 connected.

2135 3035 76 75 The
