2428 3377
179 177 81 75 254

733 177 44 75 A
890 177 43 75 N
1047 177 42 75 A
1205 177 40 75 T

223 243 98 75 rynx,
345 243 105 75 lungs,
469 243 64 75 and
548 243 183 75 abdominal
745 243 132 75 vifcera.
927 243 21 75 9
967 243 34 75 9,
1024 243 78 75 Xhe
1117 243 98 75 ninth,

248 289 56 75 air,
329 289 107 75 which
453 289 53 75 are
530 289 197 75 fpent'upon
749 289 56 75 the
821 289 132 75 topgue.
1006 289 42 75 xo
1069 289 54 75 10,
1147 289 63 75 &c.

248 337 53 75 "he
328 337 195 75 intercoftal,
548 337 38 75 or
608 337 92 75 great
723 337 224 75 fympathetic,
972 337 106 75 which
1090 337 26 75 is
1139 337 73 75 feen

224 383 84 75 from
325 383 55 75 the
397 383 84 75 fixth
497 383 70 75 pair
581 383 36 75 to
637 383 55 75 the
708 383 127 75 bottom
851 383 40 75 of
902 383 54 75 the
968 383 99 75 pelvis
1079 383 42 75 on
1133 383 79 75 each

222 430 65 75 fide
304 430 41 75 of
351 430 55 75 the
418 430 98 75 fpine,
534 430 61 75 and
608 430 126 75 joining
747 430 78 75 with
842 430 43 75 all
900 430 56 75 the
973 430 111 75 nerves
1104 430 40 75 of
1157 430 56 75 the

223 477 190 75 fpine;—in
434 477 42 75 its
493 477 144 75 progrefs
654 477 168 75 fupplying
840 477 54 75 the
910 477 104 75 heart,
1035 477 75 75 and,
1132 477 78 75 with

224 524 56 75 the
297 524 57 75 par
370 524 129 75 vagum,
524 524 55 75 the
597 524 148 75 contents
761 524 45 75 of
820 524 56 75 the
893 524 157 75 abdomen
1066 524 64 75 and
1145 524 67 75 pel-

222 570 62 75 vis.
338 570 36 75 11
402 570 53 75 11,
480 570 78 75 The
570 570 198 75 accelTorius,
794 570 105 75 which
912 570 25 75 is
950 570 90 75 fpent
1052 570 86 75 upon
1154 570 57 75 the

225 616 225 75 fterno-cleido
462 616 197 75 malloidasus
673 616 63 75 and
748 616 162 75 trapezius
923 616 147 75 mufcles.
1101 616 108 75 1212,

223 662 77 75 The
312 662 64 75 firll
389 662 133 75 cervical
540 662 221 75 nerves;—13
785 662 54 75 13,
856 662 77 75 The
949 662 262 75 fecondcervical

223 710 262 75 nerves;—both
506 710 89 75 fpent
612 710 84 75 upon
714 710 56 75 the
786 710 133 75 mufcles
935 710 71 75 that
1023 710 42 75 lie
1084 710 43 75 on
1153 710 56 75 the

224 757 92 75 neck,
336 757 62 75 and
405 757 181 75 teguments
596 757 39 75 of
645 757 57 75 the
711 757 80 75 neck
805 757 62 75 and
876 757 94 75 head.
1009 757 105 75 1414,
1132 757 77 75 The

222 803 90 75 third
328 803 134 75 cervical
477 803 123 75 nerves,
618 803 119 75 which,
755 803 82 75 after
851 803 132 75 fending
998 803 52 75 off
1070 803 61 75 (15
1154 803 55 75 15,

222 850 79 75 &c.)
327 850 55 75 the
393 850 131 75 phrenic
534 850 113 75 nerves
659 850 34 75 to
710 850 56 75 the
776 850 359 75 diaphragm,—fupply
1150 850 57 75 the

223 897 134 75 mufcles
374 897 62 75 and
451 897 180 75 teguments
648 897 71 75 that
734 897 42 75 lie
793 897 42 75 on
847 897 55 75 the
918 897 63 75 fide
996 897 41 75 of
1054 897 53 75 the
1126 897 82 75 neck

223 944 63 75 and
301 944 56 75 top
374 944 39 75 of
425 944 55 75 the
497 944 159 75 Ihoulder.
709 944 112 75 1616,
838 944 77 75 The
926 944 141 75 brachial
1079 944 126 75 plexus,

222 991 128 75 formed
371 991 45 75 by
439 991 56 75 the
512 991 124 75 fourth,
661 991 86 75 fifth,
773 991 96 75 fixth,
894 991 129 75 fevehth
1042 991 164 75 cervicals,

222 1037 64 75 and
301 1037 64 75 firft
377 1037 104 75 dorfal
498 1037 280 75 nerves,—-which
794 1037 113 75 fupply
922 1037 57 75 the
997 1037 131 75 mufcles
1146 1037 63 75 and

220 1083 182 75 teguments
427 1083 42 75 of
494 1083 55 75 the
577 1083 141 75 fuperior
741 1083 185 75 extremity.
986 1083 39 75 17
1049 1083 54 75 17,
1131 1083 77 75 The

221 1130 116 75 twelve
349 1130 119 75 dorfal,
493 1130 37 75 or
545 1130 116 75 proper
678 1130 179 75 intercoftal
873 1130 125 75 nerves,
1024 1130 105 75 which
1154 1130 54 75 are

220 1175 92 75 fpent
335 1175 85 75 upon
444 1175 56 75 the
523 1175 181 75 intercoftal
730 1175 134 75 mufcles
892 1175 63 75 and
982 1175 84 75 fome
1089 1175 41 75 of
1152 1175 56 75 the

221 1222 88 75 large
326 1222 132 75 mufcles
475 1222 106 75 which
596 1222 42 75 lie
655 1222 85 75 upon
756 1222 55 75 the
829 1222 131 75 thorax.
1002 1222 39 75 18
1060 1222 54 75 18,
1131 1222 77 75 The

221 1269 61 75 five
299 1269 126 75 lurribar
440 1269 84 75 pairs
541 1269 40 75 of
600 1269 125 75 nerves,
751 1269 105 75 which
878 1269 113 75 fupply
1010 1269 56 75 the
1082 1269 125 75 lumbar

221 1315 64 75 and
311 1315 180 75 abdominal
520 1315 147 75 mufcles,
692 1315 62 75 and
781 1315 85 75 fome
889 1315 40 75 of
948 1315 56 75 the
1027 1315 179 75 teguments

222 1360 64 75 and
301 1360 133 75 mufcles
452 1360 39 75 of
510 1360 56 75 the
590 1360 133 75 inferior
746 1360 187 75 extremity.
987 1360 41 75 19
1050 1360 55 75 19,
1129 1360 77 75 The

220 1406 228 75 facro-fciatk,
471 1406 38 75 or
524 1406 154 75 pofterior
694 1406 103 75 crural
814 1406 107 75 nerve,
948 1406 126 75 formed
1090 1406 43 75 by
1149 1406 57 75 the

221 1455 67 75 two
303 1455 133 75 inferior
456 1455 140 75 lumbar,
620 1455 62 75 and
699 1455 90 75 three
811 1455 142 75 fuperior
969 1455 40 75 of
1027 1455 56 75 the
1106 1455 36 75 os
1158 1455 48 75 fa-

1362 174 38 75 O
1470 174 7 75 .
1517 174 48 75 M
1680 174 53 75 Y.

2111 174 101 75 Part
2235 174 50 75 V.

1305 247 235 75 crum.—This
1556 247 88 75 large
1659 247 96 75 nerve
1778 247 135 75 fupplies
1937 247 56 75 the
2017 247 136 75 greateft
2169 247 70 75 part
2255 247 41 75 of

1306 293 55 75 the
1378 293 132 75 mufcles
1528 293 62 75 and
1607 293 178 75 teguments
1808 293 40 75 of
1867 293 56 75 the
1947 293 131 75 inferior
2102 293 187 75 extremity.

1309 340 56 75 2b,
1389 340 77 75 The
1483 340 169 75 ftomachic
1669 340 125 75 plexus,
1820 340 125 75 formed
1956 340 42 75 by
2011 340 55 75 the
2082 340 110 75 eighth
2209 340 84 75 pair.'

1309 388 120 75 2121,
1453 388 165 75 Branches
1635 388 40 75 of
1694 388 54 75 the
1763 388 83 75 folar
1862 388 37 75 or
1916 388 107 75 cadiac
2038 388 127 75 plexus,
2191 388 97 75 form-

1308 431 42 75 ed
1376 431 43 75 by
1437 431 55 75 the
1519 431 112 75 eighth
1656 431 68 75 pair
1739 431 63 75 and
1824 431 208 75 intercoftals,
2058 431 106 75 which
2181 431 111 75 fupply

1306 478 56 75 the
1378 478 140 75 ftomach
1536 478 63 75 and
1614 478 202 75 chylopoetic
1832 478 130 75 vifcera.
1989 478 42 75 22
2048 478 57 75 22,
2123 478 164 75 Branches

1308 524 40 75 of
1359 524 55 75 the
1427 524 143 75 fuperior
1584 524 62 75 and
1660 524 131 75 inferior
1809 524 184 75 mefenteric
2011 524 157 75 plexufes,
2187 524 102 75 form-

1305 571 41 75 ed
1369 571 44 75 by
1436 571 55 75 the
1515 571 109 75 eighth
1650 571 69 75 pair
1741 571 61 75 and
1826 571 206 75 intercoftals,
2058 571 102 75 which
2180 571 112 75 fupply

1306 617 54 75 the
1380 617 203 75 chyjopoetic
1602 617 132 75 vifcera,
1761 617 77 75 with
1868 617 70 75 part
1965 617 47 75 of.
2024 617 55 75 the
2107 617 115 75 organs
2255 617 40 75 of

1305 665 90 75 urine
1423 665 62 75 and
1512 665 197 75 generation.
1752 665 42 75 23
1815 665 58 75 23,
1898 665 126 75 Nerves
2039 665 106 75 which
2162 665 125 75 accom-

1304 710 82 75 pany
1414 710 56 75 the
1497 710 167 75 fpermatic
1688 710 91 75 cord.
1830 710 44 75 24
1898 710 57 75 24,
1979 710 78 75 The
2085 710 201 75 hypogaftric

1303 758 128 75 plexus,
1456 758 105 75 which
1588 758 136 75 fupplies
1742 758 55 75 the
1813 758 116 75 organs
1946 758 41 75 of
2005 758 90 75 urine
2111 758 62 75 and
2190 758 95 75 gene-

1305 804 106 75 ration
1427 804 110 75 within
1551 804 55 75 the
1622 804 112 75 pelv>s.

1254 850 86 75 Fig.
1360 850 35 75 2,
1414 850 33 75 3,
1466 850 33 75 4,
1521 850 32 75 5.
1603 850 113 75 Shews
1732 850 151 75 different
1907 850 95 75 views
2019 850 40 75 of
2077 850 56 75 the
2150 850 135 75 inferior

1300 896 71 75 part
1398 896 41 75 of
1463 896 56 75 the
1546 896 103 75 brain,
1681 896 54 75 cut
1761 896 278 75 perpendicularly
2067 896 141 75 through
2233 896 56 75 the

1301 943 261 75 middle,—with
1578 943 56 75 the
1649 943 106 75 origin
1771 943 62 75 and
1849 943 88 75 large
1953 943 144 75 pordons
2114 943 41 75 of
2174 943 42 75 all
2233 943 56 75 the

1303 989 110 75 nerves
1437 989 105 75 which
1560 989 70 75 pafs
1653 989 58 75 out
1734 989 141 75 through
1894 989 56 75 the
1966 989 98 75 bones
2081 989 39 75 of
2140 989 56 75 the
2218 989 71 75 cra-

1302 1036 210 75 nium,—and
1528 1036 56 75 the
1600 1036 90 75 three
1706 1036 64 75 firft
1786 1036 165 75 cervicals.

1255 1083 46 75 A,
1325 1083 78 75 The
1419 1083 140 75 anterior
1576 1083 86 75 lobe.
1710 1083 29 75 B
1739 1115 22 49 r
1778 1083 77 75 The
1872 1083 111 75 lateral
2008 1083 74 75 lobe
2106 1083 44 75 of
2164 1083 56 75 the
2237 1083 51 75 ce-

1303 1128 142 75 rebrum.
1495 1128 43 75 C,
1573 1128 75 75 One
1675 1128 39 75 of
1734 1128 54 75 the
1816 1128 96 75 lobes,
1933 1128 40 75 of
2000 1128 56 75 the
2083 1128 205 75 cerebellum.

1304 1175 47 75 D,
1376 1175 115 75 Tuber
1507 1175 163 75 annulare.
1717 1175 45 75 E,
1788 1175 128 75 Corpus
1940 1175 209 75 pyrainidale,
2174 1175 32 75 in
2232 1175 57 75 the

1303 1220 118 75 middle
1438 1220 39 75 of
1499 1220 55 75 the
1570 1220 140 75 medulla
1726 1220 185 75 oblongata,
1961 1220 39 75 r.
2025 1220 76 75 The
2119 1220 114 75 corpus
2250 1220 36 75 o-

1302 1266 110 75 livare,
1437 1266 32 75 in
1482 1266 55 75 the
1549 1266 63 75 fide
1629 1266 40 75 of
1680 1266 55 75 the
1751 1266 152 75 medulla'
1903 1266 187 75 dblongata.
2139 1266 48 75 G,
2210 1266 78 75 The

1303 1311 341 75 medulla-oblongata.
1693 1311 47 75 H,
1765 1311 76 75 The
1858 1311 140 75 medulla
2013 1311 97 75 fpinal
2125 1311 27 75 s.

1348 1358 238 75 Nerves.—1
1608 1358 302 75 23456788c
1928 1358 34 75 9,
1987 1358 90 75 Pairs
2101 1358 40 75 of
2161 1358 125 75 nerves.

1306 1406 40 75 IO
1368 1406 53 75 10,
1447 1406 129 75 Nervus
1593 1406 199 75 acceftbrius,
1811 1406 105 75 which
1928 1406 106 75 comes
2046 1406 174 75 from—11
2246 1406 39 75 12

1302 1451 29 75 &
1353 1451 54 75 13,
1432 1451 56 75 the
1505 1451 91 75 three
1612 1451 64 75 firft
1693 1451 135 75 cervical
1843 1451 123 75 nerves.

805 1629 552 75 PART

1544 1629 106 75 VI.

177 1754 70 75 Of
253 1754 113 75 fitch
400 1754 143 75 Parts
578 1754 58 75 ofi
656 1754 73 75 the
768 1754 119 75 Body
924 1754 51 75 as
1000 1754 131 75 could
1152 1754 73 75 not
1255 1754 208 75 properly
1493 1754 49 75 he
1578 1754 225 75 deficrihed
1834 1754 137 75 under
2007 1754 79 75 any
2132 1754 58 75 ofi
2213 1754 73 75 the

803 1823 175 75 former
1008 1823 185 75 general
1231 1823 253 75 Divifiions.

245 1995 151 75 Sect.
425 1995 32 75 I.
517 1995 64 75 Of
602 1995 65 75 the
693 1995 153 75 common
873 1995 267 75 Integuments.

510 2100 134 75 THE
694 2100 174 75 SKIN.

177 2182 168 75 THE
364 2182 67 75 Ikin
447 2182 26 75 is
499 2182 18 75 a
533 2182 159 75 fubftance
708 2182 41 75 of
766 2182 79 75 very
860 2182 89 75 large
964 2182 126 75 extent,
1114 2182 94 75 made

324 2226 42 75 up
389 2226 41 75 of
449 2226 119 75 feveral
589 2226 94 75 kinds
706 2226 44 75 of
765 2226 182 75 tendinous,
972 2226 235 75 membranous,

177 2273 155 75 vafcular,
356 2273 64 75 and
431 2273 135 75 nervous
583 2273 107 75 fibres,
708 2273 56 75 the
779 2273 214 75 intertexture
1010 2273 39 75 of
1060 2273 106 75 which
1183 2273 28 75 is

176 2319 35 75 £0
227 2319 95 75 much
338 2319 55 75 the
409 2319 88 75 more
513 2319 193 75 wonderful,
732 2319 34 75 as
789 2319 25 75 it
826 2319 26 75 is
869 2319 137 75 difficult
1021 2319 36 75 to
1072 2319 135 75 unfold;

177 2366 53 75 for
254 2366 85 75 their
354 2366 170 75 directions
541 2366 52 75 are
610 2366 33 75 as
660 2366 127 75 various
804 2366 33 75 as
855 2366 89 75 thofe
967 2366 40 75 of
1019 2366 55 75 the
1089 2366 78 75 fluff
1178 2366 41 75 of

169 2386 3 104 ■
172 2412 113 75 which
311 2412 38 75 an
373 2412 56 75 hat
445 2412 136 75 confifts.

225 2459 85 75 This
327 2459 128 75 texture
470 2459 28 75 is
513 2459 88 75 what
624 2459 49 75 we
696 2459 183 75 commonly
900 2459 62 75 call
984 2459 137 75 leather,
1146 2459 63 75 and

179 2506 26 75 it
221 2506 123 75 makes,
361 2506 33 75 as
411 2506 28 75 it
448 2506 97 75 were,
569 2506 57 75 the
641 2506 88 75 body
745 2506 40 75 of
796 2506 55 75 the
868 2506 78 75 fkin.
995 2506 33 75 It
1044 2506 27 75 is
1084 2506 55 75 not
1155 2506 53 75 ea-

179 2551 58 75 fily
252 2551 89 75 torn,
363 2551 73 75 may
451 2551 40 75 be
514 2551 169 75 elongated
705 2551 30 75 in
753 2551 43 75 all
819 2551 183 75 directions,
1026 2551 63 75 and
1112 2551 98 75 after-

181 2597 105 75 wards
304 2597 145 75 recovers
466 2597 96 75 itfelf,
582 2597 32 75 as
632 2597 47 75 we
697 2597 49 75 fee
762 2597 33 75 in
808 2597 47 75 fat
871 2597 141 75 perfons,
1036 2597 32 75 in
1085 2597 124 75 women

180 2644 81 75 with
279 2644 99 75 child,
403 2644 61 75 and
480 2644 32 75 in
530 2644 179 75 fwellings;
736 2644 61 75 and
813 2644 27 75 it
855 2644 28 75 is
898 2644 125 75 thicker
1039 2644 63 75 and
1120 2644 89 75 more

180 2691 142 75 compadt
337 2691 32 75 in
382 2691 84 75 fome
483 2691 103 75 places
603 2691 76 75 than
692 2691 32 75 in
741 2691 122 75 others.

228 2736 47 75 Its
299 2736 157 75 thicknefs
481 2736 63 75 and
566 2736 210 75 compadtnefs
801 2736 53 75 are
877 2736 70 75 not,
969 2736 162 75 however,
1163 2736 46 75 al-

181 2783 88 75 ways
291 2783 257 75 proportionable
563 2783 10 75 ;
597 2783 52 75 for
670 2783 42 75 on
730 2783 55 75 the
809 2783 153 75 pofterior
986 2783 86 75 parts
1096 2783 39 75 of
1154 2783 55 75 the

181 2831 101 75 body,
307 2831 26 75 it
349 2831 27 75 is
391 2831 125 75 thicker
532 2831 62 75 and
610 2831 88 75 more
715 2831 57 75 lax
789 2831 77 75 than
882 2831 42 75 on
939 2831 56 75 the
1010 2831 196 75 fore-parts;

183 2876 62 75 and
260 2876 41 75 on
319 2876 55 75 the
390 2876 101 75 psalms
508 2876 40 75 of
566 2876 54 75 the
637 2876 112 75 bands,
775 2876 63 75 and
852 2876 81 75 foies
950 2876 39 75 of
1007 2876 55 75 the
1078 2876 80 75 feet,
1182 2876 27 75 it

183 2923 25 75 is
225 2923 80 75 bbth
320 2923 78 75 very
414 2923 89 75 thick
519 2923 63 75 and
601 2923 82 75 venf
694 2923 92 75 folid.

229 2968 77 75 The
322 2968 92 75 outer
431 2968 122 75 fufface
570 2968 38 75 of
627 2968 65 75 this
714 2968 158 75 fubftance
895 2968 28 75 is
946 2968 161 75 furniffied
1130 2968 79 75 with

182 3016 89 75 fmall
295 3016 190 75 eminences,
508 3016 107 75 which
638 3016 179 75 anatomifts
839 3016 81 75 have
946 3016 138 75 thought
1111 3016 37 75 fit
1175 3016 35 75 to

1253 1945 60 75 call
1330 1945 144 75 papillte,
1498 1945 32 75 in
1547 1945 103 75 which
1668 1945 55 75 the
1740 1945 152 75 capillary
1908 1945 157 75 filaments
2090 1945 41 75 of
2149 1945 55 75 the
2228 1945 53 75 cu-

1253 1991 130 75 taneous
1401 1991 110 75 nerves
1529 1991 166 75 terminate
1711 1991 44 75 by
1767 1991 88 75 fmall
1872 1991 145 75 radiated
2032 1991 132 75 pencils.

1298 2037 107 75 Thefe
1420 2037 123 75 papillae
1560 2037 96 75 differ
1678 2037 78 75 very
1772 2037 95 75 much
1890 2037 33 75 in
1947 2037 99 75 figure
2069 2037 63 75 and
2153 2037 126 75 difpofi-

1252 2083 67 75 tion
1343 2083 33 75 in
1400 2083 55 75 the
1478 2083 151 75 different
1653 2083 87 75 parts
1764 2083 40 75 of
1820 2083 59 75 the
1900 2083 101 75 body,
2026 2083 63 75 and
2111 2083 76 75 they
2210 2083 75 75 may

1255 2130 39 75 be
1311 2130 221 75 diftinguifhed
1547 2130 68 75 into
1631 2130 118 75 feveral
1764 2130 108 75 kinds.

1301 2177 76 75 The
1394 2177 135 75 greateft
1545 2177 71 75 part
1633 2177 39 75 of
1683 2177 86 75 them
1782 2177 26 75 is
1821 2177 68 75 Sat,
1906 2177 40 75 of
1957 2177 149 75 different
2119 2177 163 75 breadths,

1256 2223 61 75 and
1333 2223 163 75 feparated
1517 2223 44 75 by
1577 2223 90 75 fulci,
1691 2223 107 75 which
1822 2223 84 75 form
1931 2223 19 75 a
1973 2223 77 75 kind
2073 2223 40 75 of
2132 2223 155 75 irregular

1257 2269 164 75 lozenges.
1468 2269 76 75 The
1569 2269 174 75 pyramidal
1772 2269 101 75 figure
1900 2269 143 75 aferibed
2069 2269 35 75 to
2127 2269 100 75 them,
2259 2269 26 75 is

1259 2316 56 75 not
1331 2316 137 75 natural,
1494 2316 62 75 and
1573 2316 129 75 appears
1720 2316 75 75 only
1811 2316 94 75 when
1930 2316 75 75 they
2028 2316 53 75 are
2103 2316 183 75 contradled

1261 2362 42 75 by
1316 2362 73 75 oold
1405 2362 37 75 or
1458 2362 43 75 by
1517 2362 145 75 difeafes.

1308 2409 76 75 The
1399 2409 123 75 papillae
1540 2409 39 75 of
1598 2409 54 75 the
1668 2409 84 75 palm
1768 2409 40 75 of
1827 2409 55 75 the
1905 2409 98 75 hand,
2028 2409 41 75 of
2087 2409 55 75 the
2164 2409 73 75 fble-
2251 2409 41 75 of

1256 2454 55 75 the
1327 2454 84 75 foot,
1436 2454 63 75 and
1523 2454 40 75 of
1581 2454 55 75 the
1660 2454 115 75 fingers
1801 2454 63 75 and
1887 2454 83 75 toes,
1995 2454 53 75 are
2071 2454 113 75 higher
2208 2454 76 75 than

1257 2501 41 75 on
1315 2501 55 75 the
1386 2501 92 75 other
1494 2501 87 75 parts
1606 2501 40 75 of
1665 2501 54 75 the
1742 2501 110 75 body;
1883 2501 58 75 but
1966 2501 77 75 they
2071 2501 52 75 are
2146 2501 140 75 likewife

1257 2546 137 75 fmaller,
1419 2546 116 75 clofely
1559 2546 111 75 united
1693 2546 161 75 together,
1880 2546 62 75 and
1966 2546 114 75 placed
2102 2546 34 75 as
2160 2546 26 75 it
2202 2546 83 75 were

1258 2593 148 75 endwife,
1429 2593 79 75 with
1526 2593 117 75 refpeft
1659 2593 34 75 to
1710 2593 79 75 each
1805 2593 106 75 other,
1936 2593 33 75 in
1993 2593 171 75 particular
2187 2593 98 75 rows,

1257 2639 105 75 which
1378 2639 160 75 reprefent
1553 2639 42 75 on
1611 2639 56 75 the
1692 2639 66 75 fkin
1784 2639 42 75 all
1848 2639 94 75 kinds
1966 2639 39 75 of
2023 2639 94 75 lines,
2142 2639 142 75 ftraight,

1256 2685 152 75 crooked,
1432 2685 137 75 waving,
1595 2685 105 75 fpiral,
1735 2685 65 75 6r.
1846 2685 109 75 Thefe
1982 2685 119 75 feveral
2128 2685 78 75 lines
2232 2685 53 75 are

1257 2731 87 75 often
1362 2731 157 75 diftinftly
1534 2731 109 75 vifible
1659 2731 32 75 in
1707 2731 90 75 thofe
1813 2731 88 75 parts
1925 2731 42 75 of
1984 2731 55 75 the
2065 2731 84 75 palm
2172 2731 35 75 ol
2231 2731 55 75 the

1257 2777 84 75 hand
1357 2777 106 75 which
1479 2777 53 75 are
1548 2777 80 75 next
1644 2777 54 75 the
1715 2777 63 75 firft
1794 2777 170 75 phalanges
1982 2777 39 75 of
2040 2777 54 75 the
2111 2777 129 75 fingers.

1302 2824 76 75 The
1391 2824 56 75 red
1463 2824 71 75 part
1551 2824 40 75 of
1603 2824 55 75 the
1674 2824 60 75 lips
1751 2824 27 75 is
1795 2824 92 75 made
1907 2824 42 75 up
1966 2824 41 75 of
2016 2824 138 75 papilla?,
2179 2824 107 75 repre-

1256 2870 122 75 fenting
1393 2870 77 75 very
1486 2870 61 75 fine
1559 2870 84 75 hairs
1659 2870 37 75 or
1712 2870 80 75 villi,
1818 2870 118 75 clofely
1952 2870 107 75 united
2077 2870 161 75 together.

1302 2916 112 75 There
1429 2916 26 75 is
1474 2916 134 75 another
1628 2916 170 75 particular
1814 2916 80 75 kind
1908 2916 101 75 under
2028 2916 55 75 the
2099 2916 80 75 nails
2191 2916 10 75 ;
2228 2916 57 75 the

1257 2963 122 75 papillae
1395 2963 96 75 being
1503 2963 90 75 there
1608 2963 88 75 more
1712 2963 144 75 pointed,
1873 2963 39 75 or
1927 2963 30 75 in
1976 2963 17 75 a
2009 2963 129 75 manner
2151 2963 132 75 conical,

1258 3011 63 75 and
1347 3011 115 75 turned
1486 3011 165 75 obliquely
1676 3011 140 75 towards
1840 3011 55 75 the
1921 3011 77 75 ends
2022 3011 40 75 of
2079 3011 55 75 the
2156 3011 127 75 fingers.
2173 3046 112 75 Thofe
