<?xml version="1.0" encoding="UTF-8"?>
<alto xmlns="http://www.loc.gov/standards/alto/v3/alto.xsd"><Description><MeasurementUnit>pixel</MeasurementUnit><sourceImageInformation><fileName>./data/pdfs/c_188936619/i_144133901/188082693.23.pdf</fileName></sourceImageInformation><OCRProcessing ID="IdOcr"><ocrProcessingStep><processingDateTime>Fri Jul 12 10:36:52 2019
</processingDateTime><processingSoftware><softwareCreator>CONTRIBUTORS</softwareCreator><softwareName>pdfalto</softwareName><softwareVersion>0.1</softwareVersion></processingSoftware></ocrProcessingStep></OCRProcessing></Description><Styles><TextStyle ID="font0" FONTFAMILY="times" FONTSIZE="10.000" FONTTYPE="serif" FONTWIDTH="proportional" FONTCOLOR="#WWWWWW" FONTSTYLE=""/></Styles><Layout><Page ID="Page199" PHYSICAL_IMG_NR="199" WIDTH="2428" HEIGHT="3377"><PrintSpace><TextLine WIDTH="159" HEIGHT="75" ID="p199_t1" HPOS="127" VPOS="124"><String ID="p199_w1" CONTENT="Part" HPOS="127" VPOS="124" WIDTH="100" HEIGHT="75" STYLEREFS="font0"/><SP WIDTH="28" VPOS="124" HPOS="227"/><String ID="p199_w2" CONTENT="I." HPOS="255" VPOS="124" WIDTH="31" HEIGHT="75" STYLEREFS="font0"/></TextLine><TextLine WIDTH="359" HEIGHT="75" ID="p199_t2" HPOS="686" VPOS="124"><String ID="p199_w3" CONTENT="ANA" HPOS="686" VPOS="124" WIDTH="359" HEIGHT="75" STYLEREFS="font0"/></TextLine><TextLine WIDTH="1032" HEIGHT="75" ID="p199_t3" HPOS="128" VPOS="192"><String ID="p199_w4" CONTENT="they" HPOS="128" VPOS="192" WIDTH="79" HEIGHT="75" STYLEREFS="font0"/><SP WIDTH="15" VPOS="192" HPOS="207"/><String ID="p199_w5" CONTENT="run" HPOS="222" VPOS="192" WIDTH="59" HEIGHT="75" STYLEREFS="font0"/><SP WIDTH="22" VPOS="192" HPOS="281"/><String ID="p199_w6" CONTENT="dmde4" HPOS="303" VPOS="192" WIDTH="131" HEIGHT="75" STYLEREFS="font0"/><SP WIDTH="21" VPOS="192" HPOS="434"/><String ID="p199_w7" CONTENT="within" HPOS="455" VPOS="192" WIDTH="111" HEIGHT="75" STYLEREFS="font0"/><SP WIDTH="21" VPOS="192" HPOS="566"/><String ID="p199_w8" CONTENT=".the" HPOS="587" VPOS="192" WIDTH="64" HEIGHT="75" STYLEREFS="font0"/><SP WIDTH="15" VPOS="192" HPOS="651"/><String ID="p199_w9" CONTENT="fltull.—Between" HPOS="666" VPOS="192" WIDTH="295" HEIGHT="75" STYLEREFS="font0"/><SP WIDTH="17" VPOS="192" HPOS="961"/><String ID="p199_w10" CONTENT="that" HPOS="978" VPOS="192" WIDTH="70" HEIGHT="75" STYLEREFS="font0"/><SP WIDTH="22" VPOS="192" HPOS="1048"/><String ID="p199_w11" CONTENT="third" HPOS="1070" VPOS="192" WIDTH="90" HEIGHT="75" STYLEREFS="font0"/></TextLine><TextLine WIDTH="1031" HEIGHT="75" ID="p199_t4" HPOS="128" VPOS="241"><String ID="p199_w12" CONTENT="protuberance" HPOS="128" VPOS="241" WIDTH="231" HEIGHT="75" STYLEREFS="font0"/><SP WIDTH="16" VPOS="241" HPOS="359"/><String ID="p199_w13" CONTENT="and" HPOS="375" VPOS="241" WIDTH="63" HEIGHT="75" STYLEREFS="font0"/><SP WIDTH="15" VPOS="241" HPOS="438"/><String ID="p199_w14" CONTENT="the" HPOS="453" VPOS="241" WIDTH="55" HEIGHT="75" STYLEREFS="font0"/><SP WIDTH="16" VPOS="241" HPOS="508"/><String ID="p199_w15" CONTENT="pofterior" HPOS="524" VPOS="241" WIDTH="152" HEIGHT="75" STYLEREFS="font0"/><SP WIDTH="19" VPOS="241" HPOS="676"/><String ID="p199_w16" CONTENT="clinoid" HPOS="695" VPOS="241" WIDTH="119" HEIGHT="75" STYLEREFS="font0"/><SP WIDTH="15" VPOS="241" HPOS="814"/><String ID="p199_w17" CONTENT="proceis," HPOS="829" VPOS="241" WIDTH="138" HEIGHT="75" STYLEREFS="font0"/><SP WIDTH="18" VPOS="241" HPOS="967"/><String ID="p199_w18" CONTENT="the" HPOS="985" VPOS="241" WIDTH="54" HEIGHT="75" STYLEREFS="font0"/><SP WIDTH="15" VPOS="241" HPOS="1039"/><String ID="p199_w19" CONTENT="larger" HPOS="1054" VPOS="241" WIDTH="105" HEIGHT="75" STYLEREFS="font0"/></TextLine><TextLine WIDTH="1029" HEIGHT="75" ID="p199_t5" HPOS="129" VPOS="283"><String ID="p199_w20" CONTENT="pit" HPOS="129" VPOS="283" WIDTH="47" HEIGHT="75" STYLEREFS="font0"/><SP WIDTH="16" VPOS="283" HPOS="176"/><String ID="p199_w21" CONTENT="for" HPOS="192" VPOS="283" WIDTH="54" HEIGHT="75" STYLEREFS="font0"/><SP WIDTH="24" VPOS="283" HPOS="246"/><String ID="p199_w22" CONTENT="the" HPOS="270" VPOS="283" WIDTH="56" HEIGHT="75" STYLEREFS="font0"/><SP WIDTH="19" VPOS="283" HPOS="326"/><String ID="p199_w23" CONTENT="glandula" HPOS="345" VPOS="283" WIDTH="151" HEIGHT="75" STYLEREFS="font0"/><SP WIDTH="21" VPOS="283" HPOS="496"/><String ID="p199_w24" CONTENT="pituitaria" HPOS="517" VPOS="283" WIDTH="164" HEIGHT="75" STYLEREFS="font0"/><SP WIDTH="15" VPOS="283" HPOS="681"/><String ID="p199_w25" CONTENT="may" HPOS="696" VPOS="283" WIDTH="74" HEIGHT="75" STYLEREFS="font0"/><SP WIDTH="16" VPOS="283" HPOS="770"/><String ID="p199_w26" CONTENT="be" HPOS="786" VPOS="283" WIDTH="39" HEIGHT="75" STYLEREFS="font0"/><SP WIDTH="21" VPOS="283" HPOS="825"/><String ID="p199_w27" CONTENT="remarked." HPOS="846" VPOS="283" WIDTH="178" HEIGHT="75" STYLEREFS="font0"/><SP WIDTH="47" VPOS="283" HPOS="1024"/><String ID="p199_w28" CONTENT="This" HPOS="1071" VPOS="283" WIDTH="87" HEIGHT="75" STYLEREFS="font0"/></TextLine><TextLine WIDTH="1029" HEIGHT="75" ID="p199_t6" HPOS="129" VPOS="330"><String ID="p199_w29" CONTENT="cavity," HPOS="129" VPOS="330" WIDTH="118" HEIGHT="75" STYLEREFS="font0"/><SP WIDTH="24" VPOS="330" HPOS="247"/><String ID="p199_w30" CONTENT="becaufe" HPOS="271" VPOS="330" WIDTH="131" HEIGHT="75" STYLEREFS="font0"/><SP WIDTH="23" VPOS="330" HPOS="402"/><String ID="p199_w31" CONTENT="of" HPOS="425" VPOS="330" WIDTH="40" HEIGHT="75" STYLEREFS="font0"/><SP WIDTH="18" VPOS="330" HPOS="465"/><String ID="p199_w32" CONTENT="its" HPOS="483" VPOS="330" WIDTH="42" HEIGHT="75" STYLEREFS="font0"/><SP WIDTH="26" VPOS="330" HPOS="525"/><String ID="p199_w33" CONTENT="refemblance" HPOS="551" VPOS="330" WIDTH="215" HEIGHT="75" STYLEREFS="font0"/><SP WIDTH="16" VPOS="330" HPOS="766"/><String ID="p199_w34" CONTENT="to" HPOS="782" VPOS="330" WIDTH="35" HEIGHT="75" STYLEREFS="font0"/><SP WIDTH="24" VPOS="330" HPOS="817"/><String ID="p199_w35" CONTENT="a" HPOS="841" VPOS="330" WIDTH="20" HEIGHT="75" STYLEREFS="font0"/><SP WIDTH="17" VPOS="330" HPOS="861"/><String ID="p199_w36" CONTENT="Turkifh" HPOS="878" VPOS="330" WIDTH="142" HEIGHT="75" STYLEREFS="font0"/><SP WIDTH="17" VPOS="330" HPOS="1020"/><String ID="p199_w37" CONTENT="faddle," HPOS="1037" VPOS="330" WIDTH="121" HEIGHT="75" STYLEREFS="font0"/></TextLine><TextLine WIDTH="1031" HEIGHT="75" ID="p199_t7" HPOS="129" VPOS="376"><String ID="p199_w38" CONTENT="is" HPOS="129" VPOS="376" WIDTH="26" HEIGHT="75" STYLEREFS="font0"/><SP WIDTH="22" VPOS="376" HPOS="155"/><String ID="p199_w39" CONTENT="always" HPOS="177" VPOS="376" WIDTH="117" HEIGHT="75" STYLEREFS="font0"/><SP WIDTH="16" VPOS="376" HPOS="294"/><String ID="p199_w40" CONTENT="defcribed" HPOS="310" VPOS="376" WIDTH="165" HEIGHT="75" STYLEREFS="font0"/><SP WIDTH="20" VPOS="376" HPOS="475"/><String ID="p199_w41" CONTENT="under" HPOS="495" VPOS="376" WIDTH="100" HEIGHT="75" STYLEREFS="font0"/><SP WIDTH="20" VPOS="376" HPOS="595"/><String ID="p199_w42" CONTENT="the" HPOS="615" VPOS="376" WIDTH="55" HEIGHT="75" STYLEREFS="font0"/><SP WIDTH="17" VPOS="376" HPOS="670"/><String ID="p199_w43" CONTENT="name" HPOS="687" VPOS="376" WIDTH="90" HEIGHT="75" STYLEREFS="font0"/><SP WIDTH="16" VPOS="376" HPOS="777"/><String ID="p199_w44" CONTENT="of" HPOS="793" VPOS="376" WIDTH="42" HEIGHT="75" STYLEREFS="font0"/><SP WIDTH="10" VPOS="376" HPOS="835"/><String ID="p199_w45" CONTENT="fella" HPOS="845" VPOS="376" WIDTH="86" HEIGHT="75" STYLEREFS="font0"/><SP WIDTH="18" VPOS="376" HPOS="931"/><String ID="p199_w46" CONTENT="Turcica," HPOS="949" VPOS="376" WIDTH="154" HEIGHT="75" STYLEREFS="font0"/><SP WIDTH="19" VPOS="376" HPOS="1103"/><String ID="p199_w47" CONTENT="or" HPOS="1122" VPOS="376" WIDTH="38" HEIGHT="75" STYLEREFS="font0"/></TextLine><TextLine WIDTH="1031" HEIGHT="75" ID="p199_t8" HPOS="129" VPOS="421"><String ID="p199_w48" CONTENT="ephippium." HPOS="129" VPOS="421" WIDTH="191" HEIGHT="75" STYLEREFS="font0"/><SP WIDTH="96" VPOS="421" HPOS="320"/><String ID="p199_w49" CONTENT="On" HPOS="416" VPOS="421" WIDTH="57" HEIGHT="75" STYLEREFS="font0"/><SP WIDTH="15" VPOS="421" HPOS="473"/><String ID="p199_w50" CONTENT="the" HPOS="488" VPOS="421" WIDTH="57" HEIGHT="75" STYLEREFS="font0"/><SP WIDTH="16" VPOS="421" HPOS="545"/><String ID="p199_w51" CONTENT="fides" HPOS="561" VPOS="421" WIDTH="80" HEIGHT="75" STYLEREFS="font0"/><SP WIDTH="17" VPOS="421" HPOS="641"/><String ID="p199_w52" CONTENT="of" HPOS="658" VPOS="421" WIDTH="40" HEIGHT="75" STYLEREFS="font0"/><SP WIDTH="18" VPOS="421" HPOS="698"/><String ID="p199_w53" CONTENT="the" HPOS="716" VPOS="421" WIDTH="56" HEIGHT="75" STYLEREFS="font0"/><SP WIDTH="16" VPOS="421" HPOS="772"/><String ID="p199_w54" CONTENT="pofterior" HPOS="788" VPOS="421" WIDTH="153" HEIGHT="75" STYLEREFS="font0"/><SP WIDTH="12" VPOS="421" HPOS="941"/><String ID="p199_w55" CONTENT="clinoid" HPOS="953" VPOS="421" WIDTH="118" HEIGHT="75" STYLEREFS="font0"/><SP WIDTH="16" VPOS="421" HPOS="1071"/><String ID="p199_w56" CONTENT="pro-" HPOS="1087" VPOS="421" WIDTH="73" HEIGHT="75" STYLEREFS="font0"/></TextLine><TextLine WIDTH="1029" HEIGHT="75" ID="p199_t9" HPOS="130" VPOS="469"><String ID="p199_w57" CONTENT="cefs" HPOS="130" VPOS="469" WIDTH="64" HEIGHT="75" STYLEREFS="font0"/><SP WIDTH="31" VPOS="469" HPOS="194"/><String ID="p199_w58" CONTENT="a" HPOS="225" VPOS="469" WIDTH="18" HEIGHT="75" STYLEREFS="font0"/><SP WIDTH="26" VPOS="469" HPOS="243"/><String ID="p199_w59" CONTENT="fofia" HPOS="269" VPOS="469" WIDTH="80" HEIGHT="75" STYLEREFS="font0"/><SP WIDTH="15" VPOS="469" HPOS="349"/><String ID="p199_w60" CONTENT="may" HPOS="364" VPOS="469" WIDTH="73" HEIGHT="75" STYLEREFS="font0"/><SP WIDTH="15" VPOS="469" HPOS="437"/><String ID="p199_w61" CONTENT="be" HPOS="452" VPOS="469" WIDTH="40" HEIGHT="75" STYLEREFS="font0"/><SP WIDTH="26" VPOS="469" HPOS="492"/><String ID="p199_w62" CONTENT="remarked," HPOS="518" VPOS="469" WIDTH="180" HEIGHT="75" STYLEREFS="font0"/><SP WIDTH="28" VPOS="469" HPOS="698"/><String ID="p199_w63" CONTENT="that" HPOS="726" VPOS="469" WIDTH="72" HEIGHT="75" STYLEREFS="font0"/><SP WIDTH="21" VPOS="469" HPOS="798"/><String ID="p199_w64" CONTENT="ftretches" HPOS="819" VPOS="469" WIDTH="153" HEIGHT="75" STYLEREFS="font0"/><SP WIDTH="27" VPOS="469" HPOS="972"/><String ID="p199_w65" CONTENT="upwards," HPOS="999" VPOS="469" WIDTH="160" HEIGHT="75" STYLEREFS="font0"/></TextLine><TextLine WIDTH="1032" HEIGHT="75" ID="p199_t10" HPOS="129" VPOS="515"><String ID="p199_w66" CONTENT="then" HPOS="129" VPOS="515" WIDTH="75" HEIGHT="75" STYLEREFS="font0"/><SP WIDTH="25" VPOS="515" HPOS="204"/><String ID="p199_w67" CONTENT="is" HPOS="229" VPOS="515" WIDTH="26" HEIGHT="75" STYLEREFS="font0"/><SP WIDTH="29" VPOS="515" HPOS="255"/><String ID="p199_w68" CONTENT="continued" HPOS="284" VPOS="515" WIDTH="172" HEIGHT="75" STYLEREFS="font0"/><SP WIDTH="23" VPOS="515" HPOS="456"/><String ID="p199_w69" CONTENT="forwards" HPOS="479" VPOS="515" WIDTH="157" HEIGHT="75" STYLEREFS="font0"/><SP WIDTH="23" VPOS="515" HPOS="636"/><String ID="p199_w70" CONTENT="along" HPOS="659" VPOS="515" WIDTH="95" HEIGHT="75" STYLEREFS="font0"/><SP WIDTH="23" VPOS="515" HPOS="754"/><String ID="p199_w71" CONTENT="the" HPOS="777" VPOS="515" WIDTH="56" HEIGHT="75" STYLEREFS="font0"/><SP WIDTH="22" VPOS="515" HPOS="833"/><String ID="p199_w72" CONTENT="fides" HPOS="855" VPOS="515" WIDTH="78" HEIGHT="75" STYLEREFS="font0"/><SP WIDTH="18" VPOS="515" HPOS="933"/><String ID="p199_w73" CONTENT="of" HPOS="951" VPOS="515" WIDTH="41" HEIGHT="75" STYLEREFS="font0"/><SP WIDTH="21" VPOS="515" HPOS="992"/><String ID="p199_w74" CONTENT="the" HPOS="1013" VPOS="515" WIDTH="56" HEIGHT="75" STYLEREFS="font0"/><SP WIDTH="15" VPOS="515" HPOS="1069"/><String ID="p199_w75" CONTENT="fella" HPOS="1084" VPOS="515" WIDTH="77" HEIGHT="75" STYLEREFS="font0"/></TextLine><TextLine WIDTH="1034" HEIGHT="75" ID="p199_t11" HPOS="126" VPOS="561"><String ID="p199_w76" CONTENT="Turcica," HPOS="126" VPOS="561" WIDTH="155" HEIGHT="75" STYLEREFS="font0"/><SP WIDTH="17" VPOS="561" HPOS="281"/><String ID="p199_w77" CONTENT="near" HPOS="298" VPOS="561" WIDTH="77" HEIGHT="75" STYLEREFS="font0"/><SP WIDTH="21" VPOS="561" HPOS="375"/><String ID="p199_w78" CONTENT="to" HPOS="396" VPOS="561" WIDTH="37" HEIGHT="75" STYLEREFS="font0"/><SP WIDTH="15" VPOS="561" HPOS="433"/><String ID="p199_w79" CONTENT="the" HPOS="448" VPOS="561" WIDTH="57" HEIGHT="75" STYLEREFS="font0"/><SP WIDTH="15" VPOS="561" HPOS="505"/><String ID="p199_w80" CONTENT="anterior" HPOS="520" VPOS="561" WIDTH="141" HEIGHT="75" STYLEREFS="font0"/><SP WIDTH="17" VPOS="561" HPOS="661"/><String ID="p199_w81" CONTENT="clinoid" HPOS="678" VPOS="561" WIDTH="117" HEIGHT="75" STYLEREFS="font0"/><SP WIDTH="20" VPOS="561" HPOS="795"/><String ID="p199_w82" CONTENT="procefl'" HPOS="815" VPOS="561" WIDTH="122" HEIGHT="75" STYLEREFS="font0"/><String ID="p199_w83" CONTENT="es," HPOS="937" VPOS="561" WIDTH="44" HEIGHT="75" STYLEREFS="font0"/><SP WIDTH="32" VPOS="561" HPOS="981"/><String ID="p199_w84" CONTENT="where" HPOS="1013" VPOS="561" WIDTH="106" HEIGHT="75" STYLEREFS="font0"/><SP WIDTH="23" VPOS="561" HPOS="1119"/><String ID="p199_w85" CONTENT="a" HPOS="1142" VPOS="561" WIDTH="18" HEIGHT="75" STYLEREFS="font0"/></TextLine><TextLine WIDTH="1031" HEIGHT="75" ID="p199_t12" HPOS="129" VPOS="607"><String ID="p199_w86" CONTENT="pit" HPOS="129" VPOS="607" WIDTH="47" HEIGHT="75" STYLEREFS="font0"/><SP WIDTH="16" VPOS="607" HPOS="176"/><String ID="p199_w87" CONTENT="on" HPOS="192" VPOS="607" WIDTH="41" HEIGHT="75" STYLEREFS="font0"/><SP WIDTH="25" VPOS="607" HPOS="233"/><String ID="p199_w88" CONTENT="each" HPOS="258" VPOS="607" WIDTH="78" HEIGHT="75" STYLEREFS="font0"/><SP WIDTH="24" VPOS="607" HPOS="336"/><String ID="p199_w89" CONTENT="fids" HPOS="360" VPOS="607" WIDTH="64" HEIGHT="75" STYLEREFS="font0"/><SP WIDTH="24" VPOS="607" HPOS="424"/><String ID="p199_w90" CONTENT="is" HPOS="448" VPOS="607" WIDTH="26" HEIGHT="75" STYLEREFS="font0"/><SP WIDTH="25" VPOS="607" HPOS="474"/><String ID="p199_w91" CONTENT="made." HPOS="499" VPOS="607" WIDTH="106" HEIGHT="75" STYLEREFS="font0"/><SP WIDTH="47" VPOS="607" HPOS="605"/><String ID="p199_w92" CONTENT="Thefe" HPOS="652" VPOS="607" WIDTH="110" HEIGHT="75" STYLEREFS="font0"/><SP WIDTH="31" VPOS="607" HPOS="762"/><String ID="p199_w93" CONTENT="fo/fe" HPOS="793" VPOS="607" WIDTH="85" HEIGHT="75" STYLEREFS="font0"/><SP WIDTH="29" VPOS="607" HPOS="878"/><String ID="p199_w94" CONTENT="point" HPOS="907" VPOS="607" WIDTH="90" HEIGHT="75" STYLEREFS="font0"/><SP WIDTH="22" VPOS="607" HPOS="997"/><String ID="p199_w95" CONTENT="out" HPOS="1019" VPOS="607" WIDTH="58" HEIGHT="75" STYLEREFS="font0"/><SP WIDTH="28" VPOS="607" HPOS="1077"/><String ID="p199_w96" CONTENT="the" HPOS="1105" VPOS="607" WIDTH="55" HEIGHT="75" STYLEREFS="font0"/></TextLine><TextLine WIDTH="1032" HEIGHT="75" ID="p199_t13" HPOS="129" VPOS="655"><String ID="p199_w97" CONTENT="courfe" HPOS="129" VPOS="655" WIDTH="109" HEIGHT="75" STYLEREFS="font0"/><SP WIDTH="27" VPOS="655" HPOS="238"/><String ID="p199_w98" CONTENT="of" HPOS="265" VPOS="655" WIDTH="40" HEIGHT="75" STYLEREFS="font0"/><SP WIDTH="22" VPOS="655" HPOS="305"/><String ID="p199_w99" CONTENT="the" HPOS="327" VPOS="655" WIDTH="56" HEIGHT="75" STYLEREFS="font0"/><SP WIDTH="27" VPOS="655" HPOS="383"/><String ID="p199_w100" CONTENT="two" HPOS="410" VPOS="655" WIDTH="66" HEIGHT="75" STYLEREFS="font0"/><SP WIDTH="26" VPOS="655" HPOS="476"/><String ID="p199_w101" CONTENT="internal" HPOS="502" VPOS="655" WIDTH="137" HEIGHT="75" STYLEREFS="font0"/><SP WIDTH="20" VPOS="655" HPOS="639"/><String ID="p199_w102" CONTENT="carotid" HPOS="659" VPOS="655" WIDTH="125" HEIGHT="75" STYLEREFS="font0"/><SP WIDTH="19" VPOS="655" HPOS="784"/><String ID="p199_w103" CONTENT="arteries," HPOS="803" VPOS="655" WIDTH="143" HEIGHT="75" STYLEREFS="font0"/><SP WIDTH="29" VPOS="655" HPOS="946"/><String ID="p199_w104" CONTENT="after" HPOS="975" VPOS="655" WIDTH="84" HEIGHT="75" STYLEREFS="font0"/><SP WIDTH="23" VPOS="655" HPOS="1059"/><String ID="p199_w105" CONTENT="they" HPOS="1082" VPOS="655" WIDTH="79" HEIGHT="75" STYLEREFS="font0"/></TextLine><TextLine WIDTH="409" HEIGHT="75" ID="p199_t14" HPOS="129" VPOS="700"><String ID="p199_w106" CONTENT="have" HPOS="129" VPOS="700" WIDTH="81" HEIGHT="75" STYLEREFS="font0"/><SP WIDTH="16" VPOS="700" HPOS="210"/><String ID="p199_w107" CONTENT="entered" HPOS="226" VPOS="700" WIDTH="133" HEIGHT="75" STYLEREFS="font0"/><SP WIDTH="16" VPOS="700" HPOS="359"/><String ID="p199_w108" CONTENT="the" HPOS="375" VPOS="700" WIDTH="55" HEIGHT="75" STYLEREFS="font0"/><SP WIDTH="17" VPOS="700" HPOS="430"/><String ID="p199_w109" CONTENT="fkull." HPOS="447" VPOS="700" WIDTH="91" HEIGHT="75" STYLEREFS="font0"/></TextLine><TextLine WIDTH="983" HEIGHT="75" ID="p199_t15" HPOS="175" VPOS="747"><String ID="p199_w110" CONTENT="The" HPOS="175" VPOS="747" WIDTH="77" HEIGHT="75" STYLEREFS="font0"/><SP WIDTH="16" VPOS="747" HPOS="252"/><String ID="p199_w111" CONTENT="holes" HPOS="268" VPOS="747" WIDTH="90" HEIGHT="75" STYLEREFS="font0"/><SP WIDTH="17" VPOS="747" HPOS="358"/><String ID="p199_w112" CONTENT="on" HPOS="375" VPOS="747" WIDTH="42" HEIGHT="75" STYLEREFS="font0"/><SP WIDTH="12" VPOS="747" HPOS="417"/><String ID="p199_w113" CONTENT="each" HPOS="429" VPOS="747" WIDTH="78" HEIGHT="75" STYLEREFS="font0"/><SP WIDTH="12" VPOS="747" HPOS="507"/><String ID="p199_w114" CONTENT="fide" HPOS="519" VPOS="747" WIDTH="63" HEIGHT="75" STYLEREFS="font0"/><SP WIDTH="12" VPOS="747" HPOS="582"/><String ID="p199_w115" CONTENT="of" HPOS="594" VPOS="747" WIDTH="41" HEIGHT="75" STYLEREFS="font0"/><SP WIDTH="9" VPOS="747" HPOS="635"/><String ID="p199_w116" CONTENT="the" HPOS="644" VPOS="747" WIDTH="55" HEIGHT="75" STYLEREFS="font0"/><SP WIDTH="13" VPOS="747" HPOS="699"/><String ID="p199_w117" CONTENT="os" HPOS="712" VPOS="747" WIDTH="30" HEIGHT="75" STYLEREFS="font0"/><SP WIDTH="8" VPOS="747" HPOS="742"/><String ID="p199_w118" CONTENT="fphenoides" HPOS="750" VPOS="747" WIDTH="187" HEIGHT="75" STYLEREFS="font0"/><SP WIDTH="18" VPOS="747" HPOS="937"/><String ID="p199_w119" CONTENT="are" HPOS="955" VPOS="747" WIDTH="52" HEIGHT="75" STYLEREFS="font0"/><SP WIDTH="17" VPOS="747" HPOS="1007"/><String ID="p199_w120" CONTENT="fix" HPOS="1024" VPOS="747" WIDTH="48" HEIGHT="75" STYLEREFS="font0"/><SP WIDTH="12" VPOS="747" HPOS="1072"/><String ID="p199_w121" CONTENT="pro-" HPOS="1084" VPOS="747" WIDTH="74" HEIGHT="75" STYLEREFS="font0"/></TextLine><TextLine WIDTH="1031" HEIGHT="75" ID="p199_t16" HPOS="128" VPOS="793"><String ID="p199_w122" CONTENT="per," HPOS="128" VPOS="793" WIDTH="69" HEIGHT="75" STYLEREFS="font0"/><SP WIDTH="27" VPOS="793" HPOS="197"/><String ID="p199_w123" CONTENT="and" HPOS="224" VPOS="793" WIDTH="60" HEIGHT="75" STYLEREFS="font0"/><SP WIDTH="24" VPOS="793" HPOS="284"/><String ID="p199_w124" CONTENT="three" HPOS="308" VPOS="793" WIDTH="93" HEIGHT="75" STYLEREFS="font0"/><SP WIDTH="23" VPOS="793" HPOS="401"/><String ID="p199_w125" CONTENT="common.;" HPOS="424" VPOS="793" WIDTH="165" HEIGHT="75" STYLEREFS="font0"/><SP WIDTH="61" VPOS="793" HPOS="589"/><String ID="p199_w126" CONTENT="—The" HPOS="650" VPOS="793" WIDTH="106" HEIGHT="75" STYLEREFS="font0"/><SP WIDTH="8" VPOS="793" HPOS="756"/><String ID="p199_w127" CONTENT="jirjl" HPOS="764" VPOS="793" WIDTH="76" HEIGHT="75" STYLEREFS="font0"/><SP WIDTH="15" VPOS="793" HPOS="840"/><String ID="p199_w128" CONTENT="is" HPOS="855" VPOS="793" WIDTH="26" HEIGHT="75" STYLEREFS="font0"/><SP WIDTH="17" VPOS="793" HPOS="881"/><String ID="p199_w129" CONTENT="the" HPOS="898" VPOS="793" WIDTH="56" HEIGHT="75" STYLEREFS="font0"/><SP WIDTH="19" VPOS="793" HPOS="954"/><String ID="p199_w130" CONTENT="round" HPOS="973" VPOS="793" WIDTH="103" HEIGHT="75" STYLEREFS="font0"/><SP WIDTH="23" VPOS="793" HPOS="1076"/><String ID="p199_w131" CONTENT="one" HPOS="1099" VPOS="793" WIDTH="60" HEIGHT="75" STYLEREFS="font0"/></TextLine><TextLine WIDTH="1030" HEIGHT="75" ID="p199_t17" HPOS="128" VPOS="838"><String ID="p199_w132" CONTENT="immediately" HPOS="128" VPOS="838" WIDTH="216" HEIGHT="75" STYLEREFS="font0"/><SP WIDTH="15" VPOS="838" HPOS="344"/><String ID="p199_w133" CONTENT="below" HPOS="359" VPOS="838" WIDTH="106" HEIGHT="75" STYLEREFS="font0"/><SP WIDTH="15" VPOS="838" HPOS="465"/><String ID="p199_w134" CONTENT="the" HPOS="480" VPOS="838" WIDTH="55" HEIGHT="75" STYLEREFS="font0"/><SP WIDTH="16" VPOS="838" HPOS="535"/><String ID="p199_w135" CONTENT="anterior" HPOS="551" VPOS="838" WIDTH="141" HEIGHT="75" STYLEREFS="font0"/><SP WIDTH="16" VPOS="838" HPOS="692"/><String ID="p199_w136" CONTENT="clinoid" HPOS="708" VPOS="838" WIDTH="118" HEIGHT="75" STYLEREFS="font0"/><SP WIDTH="15" VPOS="838" HPOS="826"/><String ID="p199_w137" CONTENT="proceffes," HPOS="841" VPOS="838" WIDTH="168" HEIGHT="75" STYLEREFS="font0"/><SP WIDTH="16" VPOS="838" HPOS="1009"/><String ID="p199_w138" CONTENT="for" HPOS="1025" VPOS="838" WIDTH="52" HEIGHT="75" STYLEREFS="font0"/><SP WIDTH="25" VPOS="838" HPOS="1077"/><String ID="p199_w139" CONTENT="the" HPOS="1102" VPOS="838" WIDTH="56" HEIGHT="75" STYLEREFS="font0"/></TextLine><TextLine WIDTH="1031" HEIGHT="75" ID="p199_t18" HPOS="128" VPOS="886"><String ID="p199_w140" CONTENT="pafiage" HPOS="128" VPOS="886" WIDTH="122" HEIGHT="75" STYLEREFS="font0"/><SP WIDTH="17" VPOS="886" HPOS="250"/><String ID="p199_w141" CONTENT="of" HPOS="267" VPOS="886" WIDTH="39" HEIGHT="75" STYLEREFS="font0"/><SP WIDTH="18" VPOS="886" HPOS="306"/><String ID="p199_w142" CONTENT="the" HPOS="324" VPOS="886" WIDTH="55" HEIGHT="75" STYLEREFS="font0"/><SP WIDTH="17" VPOS="886" HPOS="379"/><String ID="p199_w143" CONTENT="optic" HPOS="396" VPOS="886" WIDTH="87" HEIGHT="75" STYLEREFS="font0"/><SP WIDTH="16" VPOS="886" HPOS="483"/><String ID="p199_w144" CONTENT="nerve," HPOS="499" VPOS="886" WIDTH="108" HEIGHT="75" STYLEREFS="font0"/><SP WIDTH="25" VPOS="886" HPOS="607"/><String ID="p199_w145" CONTENT="and" HPOS="632" VPOS="886" WIDTH="62" HEIGHT="75" STYLEREFS="font0"/><SP WIDTH="22" VPOS="886" HPOS="694"/><String ID="p199_w146" CONTENT="of" HPOS="716" VPOS="886" WIDTH="41" HEIGHT="75" STYLEREFS="font0"/><SP WIDTH="16" VPOS="886" HPOS="757"/><String ID="p199_w147" CONTENT="the" HPOS="773" VPOS="886" WIDTH="55" HEIGHT="75" STYLEREFS="font0"/><SP WIDTH="16" VPOS="886" HPOS="828"/><String ID="p199_w148" CONTENT="branch" HPOS="844" VPOS="886" WIDTH="120" HEIGHT="75" STYLEREFS="font0"/><SP WIDTH="17" VPOS="886" HPOS="964"/><String ID="p199_w149" CONTENT="of" HPOS="981" VPOS="886" WIDTH="40" HEIGHT="75" STYLEREFS="font0"/><SP WIDTH="11" VPOS="886" HPOS="1021"/><String ID="p199_w150" CONTENT="the" HPOS="1032" VPOS="886" WIDTH="56" HEIGHT="75" STYLEREFS="font0"/><SP WIDTH="22" VPOS="886" HPOS="1088"/><String ID="p199_w151" CONTENT="in-" HPOS="1110" VPOS="886" WIDTH="49" HEIGHT="75" STYLEREFS="font0"/></TextLine><TextLine WIDTH="1029" HEIGHT="75" ID="p199_t19" HPOS="128" VPOS="931"><String ID="p199_w152" CONTENT="ternal" HPOS="128" VPOS="931" WIDTH="102" HEIGHT="75" STYLEREFS="font0"/><SP WIDTH="17" VPOS="931" HPOS="230"/><String ID="p199_w153" CONTENT="carotid" HPOS="247" VPOS="931" WIDTH="124" HEIGHT="75" STYLEREFS="font0"/><SP WIDTH="15" VPOS="931" HPOS="371"/><String ID="p199_w154" CONTENT="artery" HPOS="386" VPOS="931" WIDTH="106" HEIGHT="75" STYLEREFS="font0"/><SP WIDTH="16" VPOS="931" HPOS="492"/><String ID="p199_w155" CONTENT="that" HPOS="508" VPOS="931" WIDTH="71" HEIGHT="75" STYLEREFS="font0"/><SP WIDTH="15" VPOS="931" HPOS="579"/><String ID="p199_w156" CONTENT="is" HPOS="594" VPOS="931" WIDTH="27" HEIGHT="75" STYLEREFS="font0"/><SP WIDTH="17" VPOS="931" HPOS="621"/><String ID="p199_w157" CONTENT="fent" HPOS="638" VPOS="931" WIDTH="68" HEIGHT="75" STYLEREFS="font0"/><SP WIDTH="16" VPOS="931" HPOS="706"/><String ID="p199_w158" CONTENT="to" HPOS="722" VPOS="931" WIDTH="34" HEIGHT="75" STYLEREFS="font0"/><SP WIDTH="18" VPOS="931" HPOS="756"/><String ID="p199_w159" CONTENT="the" HPOS="774" VPOS="931" WIDTH="55" HEIGHT="75" STYLEREFS="font0"/><SP WIDTH="16" VPOS="931" HPOS="829"/><String ID="p199_w160" CONTENT="eye.^" HPOS="845" VPOS="931" WIDTH="76" HEIGHT="75" STYLEREFS="font0"/><SP WIDTH="91" VPOS="931" HPOS="921"/><String ID="p199_w161" CONTENT="The" HPOS="1012" VPOS="931" WIDTH="77" HEIGHT="75" STYLEREFS="font0"/><SP WIDTH="13" VPOS="931" HPOS="1089"/><String ID="p199_w162" CONTENT="fe-" HPOS="1102" VPOS="931" WIDTH="55" HEIGHT="75" STYLEREFS="font0"/></TextLine><TextLine WIDTH="1032" HEIGHT="75" ID="p199_t20" HPOS="127" VPOS="978"><String ID="p199_w163" CONTENT="cond" HPOS="127" VPOS="978" WIDTH="82" HEIGHT="75" STYLEREFS="font0"/><SP WIDTH="12" VPOS="978" HPOS="209"/><String ID="p199_w164" CONTENT="is" HPOS="221" VPOS="978" WIDTH="28" HEIGHT="75" STYLEREFS="font0"/><SP WIDTH="17" VPOS="978" HPOS="249"/><String ID="p199_w165" CONTENT="the" HPOS="266" VPOS="978" WIDTH="55" HEIGHT="75" STYLEREFS="font0"/><SP WIDTH="5" VPOS="978" HPOS="321"/><String ID="p199_w166" CONTENT="foramen" HPOS="326" VPOS="978" WIDTH="158" HEIGHT="75" STYLEREFS="font0"/><SP WIDTH="19" VPOS="978" HPOS="484"/><String ID="p199_w167" CONTENT="lacerum," HPOS="503" VPOS="978" WIDTH="157" HEIGHT="75" STYLEREFS="font0"/><SP WIDTH="26" VPOS="978" HPOS="660"/><String ID="p199_w168" CONTENT="or" HPOS="686" VPOS="978" WIDTH="38" HEIGHT="75" STYLEREFS="font0"/><SP WIDTH="19" VPOS="978" HPOS="724"/><String ID="p199_w169" CONTENT="large" HPOS="743" VPOS="978" WIDTH="89" HEIGHT="75" STYLEREFS="font0"/><SP WIDTH="26" VPOS="978" HPOS="832"/><String ID="p199_w170" CONTENT="flit" HPOS="858" VPOS="978" WIDTH="49" HEIGHT="75" STYLEREFS="font0"/><SP WIDTH="24" VPOS="978" HPOS="907"/><String ID="p199_w171" CONTENT="between" HPOS="931" VPOS="978" WIDTH="145" HEIGHT="75" STYLEREFS="font0"/><SP WIDTH="28" VPOS="978" HPOS="1076"/><String ID="p199_w172" CONTENT="the" HPOS="1104" VPOS="978" WIDTH="55" HEIGHT="75" STYLEREFS="font0"/></TextLine><TextLine WIDTH="1031" HEIGHT="75" ID="p199_t21" HPOS="128" VPOS="1025"><String ID="p199_w173" CONTENT="tranfverfe" HPOS="128" VPOS="1025" WIDTH="172" HEIGHT="75" STYLEREFS="font0"/><SP WIDTH="17" VPOS="1025" HPOS="300"/><String ID="p199_w174" CONTENT="fpinous" HPOS="317" VPOS="1025" WIDTH="125" HEIGHT="75" STYLEREFS="font0"/><SP WIDTH="18" VPOS="1025" HPOS="442"/><String ID="p199_w175" CONTENT="and" HPOS="460" VPOS="1025" WIDTH="62" HEIGHT="75" STYLEREFS="font0"/><SP WIDTH="15" VPOS="1025" HPOS="522"/><String ID="p199_w176" CONTENT="orbitar" HPOS="537" VPOS="1025" WIDTH="121" HEIGHT="75" STYLEREFS="font0"/><SP WIDTH="16" VPOS="1025" HPOS="658"/><String ID="p199_w177" CONTENT="procefies" HPOS="674" VPOS="1025" WIDTH="153" HEIGHT="75" STYLEREFS="font0"/><SP WIDTH="16" VPOS="1025" HPOS="827"/><String ID="p199_w178" CONTENT=":" HPOS="843" VPOS="1025" WIDTH="9" HEIGHT="75" STYLEREFS="font0"/><SP WIDTH="30" VPOS="1025" HPOS="852"/><String ID="p199_w179" CONTENT="Through" HPOS="882" VPOS="1025" WIDTH="161" HEIGHT="75" STYLEREFS="font0"/><SP WIDTH="18" VPOS="1025" HPOS="1043"/><String ID="p199_w180" CONTENT="it" HPOS="1061" VPOS="1025" WIDTH="25" HEIGHT="75" STYLEREFS="font0"/><SP WIDTH="17" VPOS="1025" HPOS="1086"/><String ID="p199_w181" CONTENT="the" HPOS="1103" VPOS="1025" WIDTH="56" HEIGHT="75" STYLEREFS="font0"/></TextLine><TextLine WIDTH="1031" HEIGHT="75" ID="p199_t22" HPOS="128" VPOS="1070"><String ID="p199_w182" CONTENT="third," HPOS="128" VPOS="1070" WIDTH="101" HEIGHT="75" STYLEREFS="font0"/><SP WIDTH="13" VPOS="1070" HPOS="229"/><String ID="p199_w183" CONTENT="fourth," HPOS="242" VPOS="1070" WIDTH="122" HEIGHT="75" STYLEREFS="font0"/><SP WIDTH="13" VPOS="1070" HPOS="364"/><String ID="p199_w184" CONTENT="the" HPOS="377" VPOS="1070" WIDTH="56" HEIGHT="75" STYLEREFS="font0"/><SP WIDTH="15" VPOS="1070" HPOS="433"/><String ID="p199_w185" CONTENT="firfl:" HPOS="448" VPOS="1070" WIDTH="64" HEIGHT="75" STYLEREFS="font0"/><SP WIDTH="17" VPOS="1070" HPOS="512"/><String ID="p199_w186" CONTENT="branch" HPOS="529" VPOS="1070" WIDTH="119" HEIGHT="75" STYLEREFS="font0"/><SP WIDTH="11" VPOS="1070" HPOS="648"/><String ID="p199_w187" CONTENT="of" HPOS="659" VPOS="1070" WIDTH="41" HEIGHT="75" STYLEREFS="font0"/><SP WIDTH="11" VPOS="1070" HPOS="700"/><String ID="p199_w188" CONTENT="the" HPOS="711" VPOS="1070" WIDTH="55" HEIGHT="75" STYLEREFS="font0"/><SP WIDTH="13" VPOS="1070" HPOS="766"/><String ID="p199_w189" CONTENT="fifth," HPOS="779" VPOS="1070" WIDTH="85" HEIGHT="75" STYLEREFS="font0"/><SP WIDTH="19" VPOS="1070" HPOS="864"/><String ID="p199_w190" CONTENT="and" HPOS="883" VPOS="1070" WIDTH="63" HEIGHT="75" STYLEREFS="font0"/><SP WIDTH="15" VPOS="1070" HPOS="946"/><String ID="p199_w191" CONTENT="the" HPOS="961" VPOS="1070" WIDTH="55" HEIGHT="75" STYLEREFS="font0"/><SP WIDTH="16" VPOS="1070" HPOS="1016"/><String ID="p199_w192" CONTENT="greater" HPOS="1032" VPOS="1070" WIDTH="127" HEIGHT="75" STYLEREFS="font0"/></TextLine><TextLine WIDTH="1030" HEIGHT="75" ID="p199_t23" HPOS="127" VPOS="1117"><String ID="p199_w193" CONTENT="fliare" HPOS="127" VPOS="1117" WIDTH="87" HEIGHT="75" STYLEREFS="font0"/><SP WIDTH="17" VPOS="1117" HPOS="214"/><String ID="p199_w194" CONTENT="of" HPOS="231" VPOS="1117" WIDTH="40" HEIGHT="75" STYLEREFS="font0"/><SP WIDTH="11" VPOS="1117" HPOS="271"/><String ID="p199_w195" CONTENT="the" HPOS="282" VPOS="1117" WIDTH="54" HEIGHT="75" STYLEREFS="font0"/><SP WIDTH="16" VPOS="1117" HPOS="336"/><String ID="p199_w196" CONTENT="fixth" HPOS="352" VPOS="1117" WIDTH="85" HEIGHT="75" STYLEREFS="font0"/><SP WIDTH="16" VPOS="1117" HPOS="437"/><String ID="p199_w197" CONTENT="pair" HPOS="453" VPOS="1117" WIDTH="68" HEIGHT="75" STYLEREFS="font0"/><SP WIDTH="22" VPOS="1117" HPOS="521"/><String ID="p199_w198" CONTENT="of" HPOS="543" VPOS="1117" WIDTH="40" HEIGHT="75" STYLEREFS="font0"/><SP WIDTH="11" VPOS="1117" HPOS="583"/><String ID="p199_w199" CONTENT="nerves," HPOS="594" VPOS="1117" WIDTH="123" HEIGHT="75" STYLEREFS="font0"/><SP WIDTH="26" VPOS="1117" HPOS="717"/><String ID="p199_w200" CONTENT="and" HPOS="743" VPOS="1117" WIDTH="62" HEIGHT="75" STYLEREFS="font0"/><SP WIDTH="17" VPOS="1117" HPOS="805"/><String ID="p199_w201" CONTENT="an" HPOS="822" VPOS="1117" WIDTH="38" HEIGHT="75" STYLEREFS="font0"/><SP WIDTH="18" VPOS="1117" HPOS="860"/><String ID="p199_w202" CONTENT="artery" HPOS="878" VPOS="1117" WIDTH="107" HEIGHT="75" STYLEREFS="font0"/><SP WIDTH="16" VPOS="1117" HPOS="985"/><String ID="p199_w203" CONTENT="from" HPOS="1001" VPOS="1117" WIDTH="84" HEIGHT="75" STYLEREFS="font0"/><SP WIDTH="17" VPOS="1117" HPOS="1085"/><String ID="p199_w204" CONTENT="the" HPOS="1102" VPOS="1117" WIDTH="55" HEIGHT="75" STYLEREFS="font0"/></TextLine><TextLine WIDTH="1031" HEIGHT="75" ID="p199_t24" HPOS="126" VPOS="1163"><String ID="p199_w205" CONTENT="internal" HPOS="126" VPOS="1163" WIDTH="135" HEIGHT="75" STYLEREFS="font0"/><SP WIDTH="18" VPOS="1163" HPOS="261"/><String ID="p199_w206" CONTENT="carotid," HPOS="279" VPOS="1163" WIDTH="137" HEIGHT="75" STYLEREFS="font0"/><SP WIDTH="28" VPOS="1163" HPOS="416"/><String ID="p199_w207" CONTENT="go" HPOS="444" VPOS="1163" WIDTH="42" HEIGHT="75" STYLEREFS="font0"/><SP WIDTH="16" VPOS="1163" HPOS="486"/><String ID="p199_w208" CONTENT="into" HPOS="502" VPOS="1163" WIDTH="69" HEIGHT="75" STYLEREFS="font0"/><SP WIDTH="16" VPOS="1163" HPOS="571"/><String ID="p199_w209" CONTENT="the" HPOS="587" VPOS="1163" WIDTH="55" HEIGHT="75" STYLEREFS="font0"/><SP WIDTH="23" VPOS="1163" HPOS="642"/><String ID="p199_w210" CONTENT="orbit." HPOS="665" VPOS="1163" WIDTH="98" HEIGHT="75" STYLEREFS="font0"/><SP WIDTH="50" VPOS="1163" HPOS="763"/><String ID="p199_w211" CONTENT="Sometimes" HPOS="813" VPOS="1163" WIDTH="192" HEIGHT="75" STYLEREFS="font0"/><SP WIDTH="29" VPOS="1163" HPOS="1005"/><String ID="p199_w212" CONTENT="a" HPOS="1034" VPOS="1163" WIDTH="18" HEIGHT="75" STYLEREFS="font0"/><SP WIDTH="15" VPOS="1163" HPOS="1052"/><String ID="p199_w213" CONTENT="fmaJJ" HPOS="1067" VPOS="1163" WIDTH="90" HEIGHT="75" STYLEREFS="font0"/></TextLine><TextLine WIDTH="1031" HEIGHT="75" ID="p199_t25" HPOS="126" VPOS="1209"><String ID="p199_w214" CONTENT="branch" HPOS="126" VPOS="1209" WIDTH="120" HEIGHT="75" STYLEREFS="font0"/><SP WIDTH="19" VPOS="1209" HPOS="246"/><String ID="p199_w215" CONTENT="of" HPOS="265" VPOS="1209" WIDTH="39" HEIGHT="75" STYLEREFS="font0"/><SP WIDTH="12" VPOS="1209" HPOS="304"/><String ID="p199_w216" CONTENT="the" HPOS="316" VPOS="1209" WIDTH="55" HEIGHT="75" STYLEREFS="font0"/><SP WIDTH="15" VPOS="1209" HPOS="371"/><String ID="p199_w217" CONTENT="external" HPOS="386" VPOS="1209" WIDTH="144" HEIGHT="75" STYLEREFS="font0"/><SP WIDTH="18" VPOS="1209" HPOS="530"/><String ID="p199_w218" CONTENT="carotid" HPOS="548" VPOS="1209" WIDTH="124" HEIGHT="75" STYLEREFS="font0"/><SP WIDTH="15" VPOS="1209" HPOS="672"/><String ID="p199_w219" CONTENT="enters" HPOS="687" VPOS="1209" WIDTH="106" HEIGHT="75" STYLEREFS="font0"/><SP WIDTH="23" VPOS="1209" HPOS="793"/><String ID="p199_w220" CONTENT="near" HPOS="816" VPOS="1209" WIDTH="76" HEIGHT="75" STYLEREFS="font0"/><SP WIDTH="15" VPOS="1209" HPOS="892"/><String ID="p199_w221" CONTENT="its" HPOS="907" VPOS="1209" WIDTH="42" HEIGHT="75" STYLEREFS="font0"/><SP WIDTH="16" VPOS="1209" HPOS="949"/><String ID="p199_w222" CONTENT="end," HPOS="965" VPOS="1209" WIDTH="74" HEIGHT="75" STYLEREFS="font0"/><SP WIDTH="26" VPOS="1209" HPOS="1039"/><String ID="p199_w223" CONTENT="to" HPOS="1065" VPOS="1209" WIDTH="35" HEIGHT="75" STYLEREFS="font0"/><SP WIDTH="17" VPOS="1209" HPOS="1100"/><String ID="p199_w224" CONTENT="be" HPOS="1117" VPOS="1209" WIDTH="40" HEIGHT="75" STYLEREFS="font0"/></TextLine><TextLine WIDTH="1030" HEIGHT="75" ID="p199_t26" HPOS="127" VPOS="1255"><String ID="p199_w225" CONTENT="diflributed" HPOS="127" VPOS="1255" WIDTH="188" HEIGHT="75" STYLEREFS="font0"/><SP WIDTH="23" VPOS="1255" HPOS="315"/><String ID="p199_w226" CONTENT="to" HPOS="338" VPOS="1255" WIDTH="35" HEIGHT="75" STYLEREFS="font0"/><SP WIDTH="23" VPOS="1255" HPOS="373"/><String ID="p199_w227" CONTENT="the" HPOS="396" VPOS="1255" WIDTH="55" HEIGHT="75" STYLEREFS="font0"/><SP WIDTH="16" VPOS="1255" HPOS="451"/><String ID="p199_w228" CONTENT="dura" HPOS="467" VPOS="1255" WIDTH="81" HEIGHT="75" STYLEREFS="font0"/><SP WIDTH="15" VPOS="1255" HPOS="548"/><String ID="p199_w229" CONTENT="mater," HPOS="563" VPOS="1255" WIDTH="114" HEIGHT="75" STYLEREFS="font0"/><SP WIDTH="18" VPOS="1255" HPOS="677"/><String ID="p199_w230" CONTENT="and" HPOS="695" VPOS="1255" WIDTH="63" HEIGHT="75" STYLEREFS="font0"/><SP WIDTH="22" VPOS="1255" HPOS="758"/><String ID="p199_w231" CONTENT="a" HPOS="780" VPOS="1255" WIDTH="19" HEIGHT="75" STYLEREFS="font0"/><SP WIDTH="23" VPOS="1255" HPOS="799"/><String ID="p199_w232" CONTENT="vein," HPOS="822" VPOS="1255" WIDTH="85" HEIGHT="75" STYLEREFS="font0"/><SP WIDTH="23" VPOS="1255" HPOS="907"/><String ID="p199_w233" CONTENT="fome" HPOS="930" VPOS="1255" WIDTH="87" HEIGHT="75" STYLEREFS="font0"/><SP WIDTH="27" VPOS="1255" HPOS="1017"/><String ID="p199_w234" CONTENT="call" HPOS="1044" VPOS="1255" WIDTH="62" HEIGHT="75" STYLEREFS="font0"/><SP WIDTH="24" VPOS="1255" HPOS="1106"/><String ID="p199_w235" CONTENT="it" HPOS="1130" VPOS="1255" WIDTH="27" HEIGHT="75" STYLEREFS="font0"/></TextLine><TextLine WIDTH="1030" HEIGHT="75" ID="p199_t27" HPOS="127" VPOS="1302"><String ID="p199_w236" CONTENT="the" HPOS="127" VPOS="1302" WIDTH="56" HEIGHT="75" STYLEREFS="font0"/><SP WIDTH="16" VPOS="1302" HPOS="183"/><String ID="p199_w237" CONTENT="venous" HPOS="199" VPOS="1302" WIDTH="117" HEIGHT="75" STYLEREFS="font0"/><SP WIDTH="17" VPOS="1302" HPOS="316"/><String ID="p199_w238" CONTENT="dud?," HPOS="333" VPOS="1302" WIDTH="86" HEIGHT="75" STYLEREFS="font0"/><SP WIDTH="23" VPOS="1302" HPOS="419"/><String ID="p199_w239" CONTENT="or" HPOS="442" VPOS="1302" WIDTH="40" HEIGHT="75" STYLEREFS="font0"/><SP WIDTH="19" VPOS="1302" HPOS="482"/><String ID="p199_w240" CONTENT="Nuck’s" HPOS="501" VPOS="1302" WIDTH="123" HEIGHT="75" STYLEREFS="font0"/><SP WIDTH="13" VPOS="1302" HPOS="624"/><String ID="p199_w241" CONTENT="aquadudl," HPOS="637" VPOS="1302" WIDTH="179" HEIGHT="75" STYLEREFS="font0"/><SP WIDTH="18" VPOS="1302" HPOS="816"/><String ID="p199_w242" CONTENT="returns" HPOS="834" VPOS="1302" WIDTH="126" HEIGHT="75" STYLEREFS="font0"/><SP WIDTH="17" VPOS="1302" HPOS="960"/><String ID="p199_w243" CONTENT="through" HPOS="977" VPOS="1302" WIDTH="142" HEIGHT="75" STYLEREFS="font0"/><SP WIDTH="11" VPOS="1302" HPOS="1119"/><String ID="p199_w244" CONTENT="it" HPOS="1130" VPOS="1302" WIDTH="27" HEIGHT="75" STYLEREFS="font0"/></TextLine><TextLine WIDTH="1031" HEIGHT="75" ID="p199_t28" HPOS="127" VPOS="1348"><String ID="p199_w245" CONTENT="to" HPOS="127" VPOS="1348" WIDTH="35" HEIGHT="75" STYLEREFS="font0"/><SP WIDTH="16" VPOS="1348" HPOS="162"/><String ID="p199_w246" CONTENT="the" HPOS="178" VPOS="1348" WIDTH="56" HEIGHT="75" STYLEREFS="font0"/><SP WIDTH="20" VPOS="1348" HPOS="234"/><String ID="p199_w247" CONTENT="cavernous" HPOS="254" VPOS="1348" WIDTH="173" HEIGHT="75" STYLEREFS="font0"/><SP WIDTH="24" VPOS="1348" HPOS="427"/><String ID="p199_w248" CONTENT="finus.-" HPOS="451" VPOS="1348" WIDTH="111" HEIGHT="75" STYLEREFS="font0"/><SP WIDTH="78" VPOS="1348" HPOS="562"/><String ID="p199_w249" CONTENT="The" HPOS="640" VPOS="1348" WIDTH="79" HEIGHT="75" STYLEREFS="font0"/><SP WIDTH="24" VPOS="1348" HPOS="719"/><String ID="p199_w250" CONTENT="third" HPOS="743" VPOS="1348" WIDTH="95" HEIGHT="75" STYLEREFS="font0"/><SP WIDTH="22" VPOS="1348" HPOS="838"/><String ID="p199_w251" CONTENT="hole," HPOS="860" VPOS="1348" WIDTH="87" HEIGHT="75" STYLEREFS="font0"/><SP WIDTH="30" VPOS="1348" HPOS="947"/><String ID="p199_w252" CONTENT="fituated" HPOS="977" VPOS="1348" WIDTH="134" HEIGHT="75" STYLEREFS="font0"/><SP WIDTH="28" VPOS="1348" HPOS="1111"/><String ID="p199_w253" CONTENT="a" HPOS="1139" VPOS="1348" WIDTH="19" HEIGHT="75" STYLEREFS="font0"/></TextLine><TextLine WIDTH="1030" HEIGHT="75" ID="p199_t29" HPOS="124" VPOS="1395"><String ID="p199_w254" CONTENT="little" HPOS="124" VPOS="1395" WIDTH="87" HEIGHT="75" STYLEREFS="font0"/><SP WIDTH="19" VPOS="1395" HPOS="211"/><String ID="p199_w255" CONTENT="below" HPOS="230" VPOS="1395" WIDTH="104" HEIGHT="75" STYLEREFS="font0"/><SP WIDTH="16" VPOS="1395" HPOS="334"/><String ID="p199_w256" CONTENT="the" HPOS="350" VPOS="1395" WIDTH="55" HEIGHT="75" STYLEREFS="font0"/><SP WIDTH="18" VPOS="1395" HPOS="405"/><String ID="p199_w257" CONTENT="one" HPOS="423" VPOS="1395" WIDTH="58" HEIGHT="75" STYLEREFS="font0"/><SP WIDTH="14" VPOS="1395" HPOS="481"/><String ID="p199_w258" CONTENT="jult" HPOS="495" VPOS="1395" WIDTH="63" HEIGHT="75" STYLEREFS="font0"/><SP WIDTH="15" VPOS="1395" HPOS="558"/><String ID="p199_w259" CONTENT="now" HPOS="573" VPOS="1395" WIDTH="73" HEIGHT="75" STYLEREFS="font0"/><SP WIDTH="16" VPOS="1395" HPOS="646"/><String ID="p199_w260" CONTENT="defcribed," HPOS="662" VPOS="1395" WIDTH="177" HEIGHT="75" STYLEREFS="font0"/><SP WIDTH="28" VPOS="1395" HPOS="839"/><String ID="p199_w261" CONTENT="is" HPOS="867" VPOS="1395" WIDTH="27" HEIGHT="75" STYLEREFS="font0"/><SP WIDTH="22" VPOS="1395" HPOS="894"/><String ID="p199_w262" CONTENT="called" HPOS="916" VPOS="1395" WIDTH="104" HEIGHT="75" STYLEREFS="font0"/><SP WIDTH="24" VPOS="1395" HPOS="1020"/><String ID="p199_w263" CONTENT="rotun-" HPOS="1044" VPOS="1395" WIDTH="110" HEIGHT="75" STYLEREFS="font0"/></TextLine><TextLine WIDTH="1031" HEIGHT="75" ID="p199_t30" HPOS="126" VPOS="1441"><String ID="p199_w264" CONTENT="dum," HPOS="126" VPOS="1441" WIDTH="89" HEIGHT="75" STYLEREFS="font0"/><SP WIDTH="23" VPOS="1441" HPOS="215"/><String ID="p199_w265" CONTENT="from" HPOS="238" VPOS="1441" WIDTH="86" HEIGHT="75" STYLEREFS="font0"/><SP WIDTH="22" VPOS="1441" HPOS="324"/><String ID="p199_w266" CONTENT="its" HPOS="346" VPOS="1441" WIDTH="42" HEIGHT="75" STYLEREFS="font0"/><SP WIDTH="20" VPOS="1441" HPOS="388"/><String ID="p199_w267" CONTENT="drape." HPOS="408" VPOS="1441" WIDTH="104" HEIGHT="75" STYLEREFS="font0"/><SP WIDTH="48" VPOS="1441" HPOS="512"/><String ID="p199_w268" CONTENT="It" HPOS="560" VPOS="1441" WIDTH="33" HEIGHT="75" STYLEREFS="font0"/><SP WIDTH="27" VPOS="1441" HPOS="593"/><String ID="p199_w269" CONTENT="allows" HPOS="620" VPOS="1441" WIDTH="110" HEIGHT="75" STYLEREFS="font0"/><SP WIDTH="25" VPOS="1441" HPOS="730"/><String ID="p199_w270" CONTENT="pafiage" HPOS="755" VPOS="1441" WIDTH="122" HEIGHT="75" STYLEREFS="font0"/><SP WIDTH="21" VPOS="1441" HPOS="877"/><String ID="p199_w271" CONTENT="to" HPOS="898" VPOS="1441" WIDTH="36" HEIGHT="75" STYLEREFS="font0"/><SP WIDTH="23" VPOS="1441" HPOS="934"/><String ID="p199_w272" CONTENT="the" HPOS="957" VPOS="1441" WIDTH="57" HEIGHT="75" STYLEREFS="font0"/><SP WIDTH="26" VPOS="1441" HPOS="1014"/><String ID="p199_w273" CONTENT="fecond" HPOS="1040" VPOS="1441" WIDTH="117" HEIGHT="75" STYLEREFS="font0"/></TextLine><TextLine WIDTH="1032" HEIGHT="75" ID="p199_t31" HPOS="126" VPOS="1487"><String ID="p199_w274" CONTENT="branch" HPOS="126" VPOS="1487" WIDTH="121" HEIGHT="75" STYLEREFS="font0"/><SP WIDTH="16" VPOS="1487" HPOS="247"/><String ID="p199_w275" CONTENT="of" HPOS="263" VPOS="1487" WIDTH="40" HEIGHT="75" STYLEREFS="font0"/><SP WIDTH="10" VPOS="1487" HPOS="303"/><String ID="p199_w276" CONTENT="the" HPOS="313" VPOS="1487" WIDTH="56" HEIGHT="75" STYLEREFS="font0"/><SP WIDTH="17" VPOS="1487" HPOS="369"/><String ID="p199_w277" CONTENT="fifth" HPOS="386" VPOS="1487" WIDTH="74" HEIGHT="75" STYLEREFS="font0"/><SP WIDTH="18" VPOS="1487" HPOS="460"/><String ID="p199_w278" CONTENT="pair" HPOS="478" VPOS="1487" WIDTH="69" HEIGHT="75" STYLEREFS="font0"/><SP WIDTH="21" VPOS="1487" HPOS="547"/><String ID="p199_w279" CONTENT="of" HPOS="568" VPOS="1487" WIDTH="41" HEIGHT="75" STYLEREFS="font0"/><SP WIDTH="16" VPOS="1487" HPOS="609"/><String ID="p199_w280" CONTENT="nerves," HPOS="625" VPOS="1487" WIDTH="124" HEIGHT="75" STYLEREFS="font0"/><SP WIDTH="29" VPOS="1487" HPOS="749"/><String ID="p199_w281" CONTENT="or" HPOS="778" VPOS="1487" WIDTH="36" HEIGHT="75" STYLEREFS="font0"/><SP WIDTH="16" VPOS="1487" HPOS="814"/><String ID="p199_w282" CONTENT="fuperior" HPOS="830" VPOS="1487" WIDTH="140" HEIGHT="75" STYLEREFS="font0"/><SP WIDTH="17" VPOS="1487" HPOS="970"/><String ID="p199_w283" CONTENT="maxillary" HPOS="987" VPOS="1487" WIDTH="171" HEIGHT="75" STYLEREFS="font0"/></TextLine><TextLine WIDTH="1030" HEIGHT="75" ID="p199_t32" HPOS="125" VPOS="1534"><String ID="p199_w284" CONTENT="nerve," HPOS="125" VPOS="1534" WIDTH="110" HEIGHT="75" STYLEREFS="font0"/><SP WIDTH="24" VPOS="1534" HPOS="235"/><String ID="p199_w285" CONTENT="into" HPOS="259" VPOS="1534" WIDTH="67" HEIGHT="75" STYLEREFS="font0"/><SP WIDTH="17" VPOS="1534" HPOS="326"/><String ID="p199_w286" CONTENT="the" HPOS="343" VPOS="1534" WIDTH="56" HEIGHT="75" STYLEREFS="font0"/><SP WIDTH="21" VPOS="1534" HPOS="399"/><String ID="p199_w287" CONTENT="bottom" HPOS="420" VPOS="1534" WIDTH="127" HEIGHT="75" STYLEREFS="font0"/><SP WIDTH="17" VPOS="1534" HPOS="547"/><String ID="p199_w288" CONTENT="of" HPOS="564" VPOS="1534" WIDTH="43" HEIGHT="75" STYLEREFS="font0"/><SP WIDTH="16" VPOS="1534" HPOS="607"/><String ID="p199_w289" CONTENT="the" HPOS="623" VPOS="1534" WIDTH="56" HEIGHT="75" STYLEREFS="font0"/><SP WIDTH="16" VPOS="1534" HPOS="679"/><String ID="p199_w290" CONTENT="orbit." HPOS="695" VPOS="1534" WIDTH="98" HEIGHT="75" STYLEREFS="font0"/><SP WIDTH="96" VPOS="1534" HPOS="793"/><String ID="p199_w291" CONTENT="The" HPOS="889" VPOS="1534" WIDTH="76" HEIGHT="75" STYLEREFS="font0"/><SP WIDTH="18" VPOS="1534" HPOS="965"/><String ID="p199_w292" CONTENT="fourth" HPOS="983" VPOS="1534" WIDTH="120" HEIGHT="75" STYLEREFS="font0"/><SP WIDTH="25" VPOS="1534" HPOS="1103"/><String ID="p199_w293" CONTENT="is" HPOS="1128" VPOS="1534" WIDTH="27" HEIGHT="75" STYLEREFS="font0"/></TextLine><TextLine WIDTH="1033" HEIGHT="75" ID="p199_t33" HPOS="124" VPOS="1580"><String ID="p199_w294" CONTENT="the" HPOS="124" VPOS="1580" WIDTH="56" HEIGHT="75" STYLEREFS="font0"/><SP WIDTH="15" VPOS="1580" HPOS="180"/><String ID="p199_w295" CONTENT="foramen" HPOS="195" VPOS="1580" WIDTH="149" HEIGHT="75" STYLEREFS="font0"/><SP WIDTH="17" VPOS="1580" HPOS="344"/><String ID="p199_w296" CONTENT="ovale," HPOS="361" VPOS="1580" WIDTH="102" HEIGHT="75" STYLEREFS="font0"/><SP WIDTH="25" VPOS="1580" HPOS="463"/><String ID="p199_w297" CONTENT="about" HPOS="488" VPOS="1580" WIDTH="97" HEIGHT="75" STYLEREFS="font0"/><SP WIDTH="15" VPOS="1580" HPOS="585"/><String ID="p199_w298" CONTENT="half" HPOS="600" VPOS="1580" WIDTH="74" HEIGHT="75" STYLEREFS="font0"/><SP WIDTH="19" VPOS="1580" HPOS="674"/><String ID="p199_w299" CONTENT="an" HPOS="693" VPOS="1580" WIDTH="39" HEIGHT="75" STYLEREFS="font0"/><SP WIDTH="21" VPOS="1580" HPOS="732"/><String ID="p199_w300" CONTENT="inch" HPOS="753" VPOS="1580" WIDTH="74" HEIGHT="75" STYLEREFS="font0"/><SP WIDTH="17" VPOS="1580" HPOS="827"/><String ID="p199_w301" CONTENT="behind" HPOS="844" VPOS="1580" WIDTH="118" HEIGHT="75" STYLEREFS="font0"/><SP WIDTH="16" VPOS="1580" HPOS="962"/><String ID="p199_w302" CONTENT="the" HPOS="978" VPOS="1580" WIDTH="55" HEIGHT="75" STYLEREFS="font0"/><SP WIDTH="20" VPOS="1580" HPOS="1033"/><String ID="p199_w303" CONTENT="round" HPOS="1053" VPOS="1580" WIDTH="104" HEIGHT="75" STYLEREFS="font0"/></TextLine><TextLine WIDTH="1033" HEIGHT="75" ID="p199_t34" HPOS="124" VPOS="1626"><String ID="p199_w304" CONTENT="hole." HPOS="124" VPOS="1626" WIDTH="88" HEIGHT="75" STYLEREFS="font0"/><SP WIDTH="48" VPOS="1626" HPOS="212"/><String ID="p199_w305" CONTENT="Through" HPOS="260" VPOS="1626" WIDTH="165" HEIGHT="75" STYLEREFS="font0"/><SP WIDTH="16" VPOS="1626" HPOS="425"/><String ID="p199_w306" CONTENT="it" HPOS="441" VPOS="1626" WIDTH="26" HEIGHT="75" STYLEREFS="font0"/><SP WIDTH="16" VPOS="1626" HPOS="467"/><String ID="p199_w307" CONTENT="the" HPOS="483" VPOS="1626" WIDTH="56" HEIGHT="75" STYLEREFS="font0"/><SP WIDTH="16" VPOS="1626" HPOS="539"/><String ID="p199_w308" CONTENT="third" HPOS="555" VPOS="1626" WIDTH="88" HEIGHT="75" STYLEREFS="font0"/><SP WIDTH="16" VPOS="1626" HPOS="643"/><String ID="p199_w309" CONTENT="branch" HPOS="659" VPOS="1626" WIDTH="119" HEIGHT="75" STYLEREFS="font0"/><SP WIDTH="17" VPOS="1626" HPOS="778"/><String ID="p199_w310" CONTENT="of" HPOS="795" VPOS="1626" WIDTH="41" HEIGHT="75" STYLEREFS="font0"/><SP WIDTH="18" VPOS="1626" HPOS="836"/><String ID="p199_w311" CONTENT="the" HPOS="854" VPOS="1626" WIDTH="56" HEIGHT="75" STYLEREFS="font0"/><SP WIDTH="16" VPOS="1626" HPOS="910"/><String ID="p199_w312" CONTENT="fifth" HPOS="926" VPOS="1626" WIDTH="74" HEIGHT="75" STYLEREFS="font0"/><SP WIDTH="15" VPOS="1626" HPOS="1000"/><String ID="p199_w313" CONTENT="pair," HPOS="1015" VPOS="1626" WIDTH="80" HEIGHT="75" STYLEREFS="font0"/><SP WIDTH="23" VPOS="1626" HPOS="1095"/><String ID="p199_w314" CONTENT="or" HPOS="1118" VPOS="1626" WIDTH="39" HEIGHT="75" STYLEREFS="font0"/></TextLine><TextLine WIDTH="1032" HEIGHT="75" ID="p199_t35" HPOS="124" VPOS="1671"><String ID="p199_w315" CONTENT="inferior" HPOS="124" VPOS="1671" WIDTH="131" HEIGHT="75" STYLEREFS="font0"/><SP WIDTH="16" VPOS="1671" HPOS="255"/><String ID="p199_w316" CONTENT="maxillary" HPOS="271" VPOS="1671" WIDTH="172" HEIGHT="75" STYLEREFS="font0"/><SP WIDTH="11" VPOS="1671" HPOS="443"/><String ID="p199_w317" CONTENT="nerve," HPOS="454" VPOS="1671" WIDTH="108" HEIGHT="75" STYLEREFS="font0"/><SP WIDTH="17" VPOS="1671" HPOS="562"/><String ID="p199_w318" CONTENT="goes" HPOS="579" VPOS="1671" WIDTH="76" HEIGHT="75" STYLEREFS="font0"/><SP WIDTH="16" VPOS="1671" HPOS="655"/><String ID="p199_w319" CONTENT="out;" HPOS="671" VPOS="1671" WIDTH="79" HEIGHT="75" STYLEREFS="font0"/><SP WIDTH="24" VPOS="1671" HPOS="750"/><String ID="p199_w320" CONTENT="and" HPOS="774" VPOS="1671" WIDTH="66" HEIGHT="75" STYLEREFS="font0"/><SP WIDTH="14" VPOS="1671" HPOS="840"/><String ID="p199_w321" CONTENT="fometimes" HPOS="854" VPOS="1671" WIDTH="179" HEIGHT="75" STYLEREFS="font0"/><SP WIDTH="18" VPOS="1671" HPOS="1033"/><String ID="p199_w322" CONTENT="a" HPOS="1051" VPOS="1671" WIDTH="18" HEIGHT="75" STYLEREFS="font0"/><SP WIDTH="15" VPOS="1671" HPOS="1069"/><String ID="p199_w323" CONTENT="vein" HPOS="1084" VPOS="1671" WIDTH="72" HEIGHT="75" STYLEREFS="font0"/></TextLine><TextLine WIDTH="1032" HEIGHT="75" ID="p199_t36" HPOS="124" VPOS="1718"><String ID="p199_w324" CONTENT="from" HPOS="124" VPOS="1718" WIDTH="85" HEIGHT="75" STYLEREFS="font0"/><SP WIDTH="23" VPOS="1718" HPOS="209"/><String ID="p199_w325" CONTENT="the" HPOS="232" VPOS="1718" WIDTH="54" HEIGHT="75" STYLEREFS="font0"/><SP WIDTH="22" VPOS="1718" HPOS="286"/><String ID="p199_w326" CONTENT="dura" HPOS="308" VPOS="1718" WIDTH="81" HEIGHT="75" STYLEREFS="font0"/><SP WIDTH="17" VPOS="1718" HPOS="389"/><String ID="p199_w327" CONTENT="mater" HPOS="406" VPOS="1718" WIDTH="100" HEIGHT="75" STYLEREFS="font0"/><SP WIDTH="12" VPOS="1718" HPOS="506"/><String ID="p199_w328" CONTENT="pafies" HPOS="518" VPOS="1718" WIDTH="101" HEIGHT="75" STYLEREFS="font0"/><SP WIDTH="18" VPOS="1718" HPOS="619"/><String ID="p199_w329" CONTENT="out" HPOS="637" VPOS="1718" WIDTH="56" HEIGHT="75" STYLEREFS="font0"/><SP WIDTH="17" VPOS="1718" HPOS="693"/><String ID="p199_w330" CONTENT="here." HPOS="710" VPOS="1718" WIDTH="89" HEIGHT="75" STYLEREFS="font0"/><SP WIDTH="87" VPOS="1718" HPOS="799"/><String ID="p199_w331" CONTENT="Very" HPOS="886" VPOS="1718" WIDTH="99" HEIGHT="75" STYLEREFS="font0"/><SP WIDTH="16" VPOS="1718" HPOS="985"/><String ID="p199_w332" CONTENT="near" HPOS="1001" VPOS="1718" WIDTH="77" HEIGHT="75" STYLEREFS="font0"/><SP WIDTH="22" VPOS="1718" HPOS="1078"/><String ID="p199_w333" CONTENT="the" HPOS="1100" VPOS="1718" WIDTH="56" HEIGHT="75" STYLEREFS="font0"/></TextLine><TextLine WIDTH="1029" HEIGHT="75" ID="p199_t37" HPOS="121" VPOS="1764"><String ID="p199_w334" CONTENT="point" HPOS="121" VPOS="1764" WIDTH="92" HEIGHT="75" STYLEREFS="font0"/><SP WIDTH="16" VPOS="1764" HPOS="213"/><String ID="p199_w335" CONTENT="of" HPOS="229" VPOS="1764" WIDTH="40" HEIGHT="75" STYLEREFS="font0"/><SP WIDTH="6" VPOS="1764" HPOS="269"/><String ID="p199_w336" CONTENT="the" HPOS="275" VPOS="1764" WIDTH="55" HEIGHT="75" STYLEREFS="font0"/><SP WIDTH="13" VPOS="1764" HPOS="330"/><String ID="p199_w337" CONTENT="fpinous" HPOS="343" VPOS="1764" WIDTH="125" HEIGHT="75" STYLEREFS="font0"/><SP WIDTH="18" VPOS="1764" HPOS="468"/><String ID="p199_w338" CONTENT="procefs" HPOS="486" VPOS="1764" WIDTH="124" HEIGHT="75" STYLEREFS="font0"/><SP WIDTH="17" VPOS="1764" HPOS="610"/><String ID="p199_w339" CONTENT="is" HPOS="627" VPOS="1764" WIDTH="27" HEIGHT="75" STYLEREFS="font0"/><SP WIDTH="17" VPOS="1764" HPOS="654"/><String ID="p199_w340" CONTENT="xht" HPOS="671" VPOS="1764" WIDTH="56" HEIGHT="75" STYLEREFS="font0"/><SP WIDTH="15" VPOS="1764" HPOS="727"/><String ID="p199_w341" CONTENT="fifth" HPOS="742" VPOS="1764" WIDTH="75" HEIGHT="75" STYLEREFS="font0"/><SP WIDTH="15" VPOS="1764" HPOS="817"/><String ID="p199_w342" CONTENT="hole" HPOS="832" VPOS="1764" WIDTH="75" HEIGHT="75" STYLEREFS="font0"/><SP WIDTH="12" VPOS="1764" HPOS="907"/><String ID="p199_w343" CONTENT="of" HPOS="919" VPOS="1764" WIDTH="41" HEIGHT="75" STYLEREFS="font0"/><SP WIDTH="5" VPOS="1764" HPOS="960"/><String ID="p199_w344" CONTENT="this" HPOS="965" VPOS="1764" WIDTH="64" HEIGHT="75" STYLEREFS="font0"/><SP WIDTH="17" VPOS="1764" HPOS="1029"/><String ID="p199_w345" CONTENT="bone" HPOS="1046" VPOS="1764" WIDTH="83" HEIGHT="75" STYLEREFS="font0"/><SP WIDTH="12" VPOS="1764" HPOS="1129"/><String ID="p199_w346" CONTENT=":" HPOS="1141" VPOS="1764" WIDTH="9" HEIGHT="75" STYLEREFS="font0"/></TextLine><TextLine WIDTH="1031" HEIGHT="75" ID="p199_t38" HPOS="124" VPOS="1810"><String ID="p199_w347" CONTENT="It" HPOS="124" VPOS="1810" WIDTH="31" HEIGHT="75" STYLEREFS="font0"/><SP WIDTH="19" VPOS="1810" HPOS="155"/><String ID="p199_w348" CONTENT="is" HPOS="174" VPOS="1810" WIDTH="27" HEIGHT="75" STYLEREFS="font0"/><SP WIDTH="20" VPOS="1810" HPOS="201"/><String ID="p199_w349" CONTENT="fmall" HPOS="221" VPOS="1810" WIDTH="89" HEIGHT="75" STYLEREFS="font0"/><SP WIDTH="19" VPOS="1810" HPOS="310"/><String ID="p199_w350" CONTENT="and" HPOS="329" VPOS="1810" WIDTH="63" HEIGHT="75" STYLEREFS="font0"/><SP WIDTH="18" VPOS="1810" HPOS="392"/><String ID="p199_w351" CONTENT="round," HPOS="410" VPOS="1810" WIDTH="113" HEIGHT="75" STYLEREFS="font0"/><SP WIDTH="26" VPOS="1810" HPOS="523"/><String ID="p199_w352" CONTENT="for" HPOS="549" VPOS="1810" WIDTH="51" HEIGHT="75" STYLEREFS="font0"/><SP WIDTH="24" VPOS="1810" HPOS="600"/><String ID="p199_w353" CONTENT="a" HPOS="624" VPOS="1810" WIDTH="16" HEIGHT="75" STYLEREFS="font0"/><SP WIDTH="18" VPOS="1810" HPOS="640"/><String ID="p199_w354" CONTENT="pafiage" HPOS="658" VPOS="1810" WIDTH="122" HEIGHT="75" STYLEREFS="font0"/><SP WIDTH="16" VPOS="1810" HPOS="780"/><String ID="p199_w355" CONTENT="to" HPOS="796" VPOS="1810" WIDTH="35" HEIGHT="75" STYLEREFS="font0"/><SP WIDTH="15" VPOS="1810" HPOS="831"/><String ID="p199_w356" CONTENT="the" HPOS="846" VPOS="1810" WIDTH="55" HEIGHT="75" STYLEREFS="font0"/><SP WIDTH="17" VPOS="1810" HPOS="901"/><String ID="p199_w357" CONTENT="largeft" HPOS="918" VPOS="1810" WIDTH="113" HEIGHT="75" STYLEREFS="font0"/><SP WIDTH="16" VPOS="1810" HPOS="1031"/><String ID="p199_w358" CONTENT="artery" HPOS="1047" VPOS="1810" WIDTH="108" HEIGHT="75" STYLEREFS="font0"/></TextLine><TextLine WIDTH="1032" HEIGHT="75" ID="p199_t39" HPOS="123" VPOS="1856"><String ID="p199_w359" CONTENT="of" HPOS="123" VPOS="1856" WIDTH="41" HEIGHT="75" STYLEREFS="font0"/><SP WIDTH="17" VPOS="1856" HPOS="164"/><String ID="p199_w360" CONTENT="the" HPOS="181" VPOS="1856" WIDTH="56" HEIGHT="75" STYLEREFS="font0"/><SP WIDTH="22" VPOS="1856" HPOS="237"/><String ID="p199_w361" CONTENT="dura" HPOS="259" VPOS="1856" WIDTH="81" HEIGHT="75" STYLEREFS="font0"/><SP WIDTH="17" VPOS="1856" HPOS="340"/><String ID="p199_w362" CONTENT="mater," HPOS="357" VPOS="1856" WIDTH="113" HEIGHT="75" STYLEREFS="font0"/><SP WIDTH="24" VPOS="1856" HPOS="470"/><String ID="p199_w363" CONTENT="which" HPOS="494" VPOS="1856" WIDTH="106" HEIGHT="75" STYLEREFS="font0"/><SP WIDTH="20" VPOS="1856" HPOS="600"/><String ID="p199_w364" CONTENT="often" HPOS="620" VPOS="1856" WIDTH="90" HEIGHT="75" STYLEREFS="font0"/><SP WIDTH="25" VPOS="1856" HPOS="710"/><String ID="p199_w365" CONTENT="is" HPOS="735" VPOS="1856" WIDTH="26" HEIGHT="75" STYLEREFS="font0"/><SP WIDTH="27" VPOS="1856" HPOS="761"/><String ID="p199_w366" CONTENT="accompanied" HPOS="788" VPOS="1856" WIDTH="223" HEIGHT="75" STYLEREFS="font0"/><SP WIDTH="21" VPOS="1856" HPOS="1011"/><String ID="p199_w367" CONTENT="with" HPOS="1032" VPOS="1856" WIDTH="79" HEIGHT="75" STYLEREFS="font0"/><SP WIDTH="25" VPOS="1856" HPOS="1111"/><String ID="p199_w368" CONTENT="a" HPOS="1136" VPOS="1856" WIDTH="19" HEIGHT="75" STYLEREFS="font0"/></TextLine><TextLine WIDTH="1031" HEIGHT="75" ID="p199_t40" HPOS="121" VPOS="1904"><String ID="p199_w369" CONTENT="vein." HPOS="121" VPOS="1904" WIDTH="84" HEIGHT="75" STYLEREFS="font0"/><SP WIDTH="86" VPOS="1904" HPOS="205"/><String ID="p199_w370" CONTENT="-The" HPOS="291" VPOS="1904" WIDTH="86" HEIGHT="75" STYLEREFS="font0"/><SP WIDTH="5" VPOS="1904" HPOS="377"/><String ID="p199_w371" CONTENT="fxth" HPOS="382" VPOS="1904" WIDTH="91" HEIGHT="75" STYLEREFS="font0"/><SP WIDTH="17" VPOS="1904" HPOS="473"/><String ID="p199_w372" CONTENT="proper" HPOS="490" VPOS="1904" WIDTH="116" HEIGHT="75" STYLEREFS="font0"/><SP WIDTH="15" VPOS="1904" HPOS="606"/><String ID="p199_w373" CONTENT="hole" HPOS="621" VPOS="1904" WIDTH="75" HEIGHT="75" STYLEREFS="font0"/><SP WIDTH="16" VPOS="1904" HPOS="696"/><String ID="p199_w374" CONTENT="cannot" HPOS="712" VPOS="1904" WIDTH="115" HEIGHT="75" STYLEREFS="font0"/><SP WIDTH="16" VPOS="1904" HPOS="827"/><String ID="p199_w375" CONTENT="be" HPOS="843" VPOS="1904" WIDTH="40" HEIGHT="75" STYLEREFS="font0"/><SP WIDTH="22" VPOS="1904" HPOS="883"/><String ID="p199_w376" CONTENT="well" HPOS="905" VPOS="1904" WIDTH="73" HEIGHT="75" STYLEREFS="font0"/><SP WIDTH="22" VPOS="1904" HPOS="978"/><String ID="p199_w377" CONTENT="feen," HPOS="1000" VPOS="1904" WIDTH="85" HEIGHT="75" STYLEREFS="font0"/><SP WIDTH="18" VPOS="1904" HPOS="1085"/><String ID="p199_w378" CONTENT="till" HPOS="1103" VPOS="1904" WIDTH="49" HEIGHT="75" STYLEREFS="font0"/></TextLine><TextLine WIDTH="1032" HEIGHT="75" ID="p199_t41" HPOS="121" VPOS="1950"><String ID="p199_w379" CONTENT="the" HPOS="121" VPOS="1950" WIDTH="55" HEIGHT="75" STYLEREFS="font0"/><SP WIDTH="21" VPOS="1950" HPOS="176"/><String ID="p199_w380" CONTENT="cuneiform" HPOS="197" VPOS="1950" WIDTH="177" HEIGHT="75" STYLEREFS="font0"/><SP WIDTH="17" VPOS="1950" HPOS="374"/><String ID="p199_w381" CONTENT="bone" HPOS="391" VPOS="1950" WIDTH="81" HEIGHT="75" STYLEREFS="font0"/><SP WIDTH="22" VPOS="1950" HPOS="472"/><String ID="p199_w382" CONTENT="is" HPOS="494" VPOS="1950" WIDTH="27" HEIGHT="75" STYLEREFS="font0"/><SP WIDTH="17" VPOS="1950" HPOS="521"/><String ID="p199_w383" CONTENT="feparated" HPOS="538" VPOS="1950" WIDTH="164" HEIGHT="75" STYLEREFS="font0"/><SP WIDTH="16" VPOS="1950" HPOS="702"/><String ID="p199_w384" CONTENT="from" HPOS="718" VPOS="1950" WIDTH="84" HEIGHT="75" STYLEREFS="font0"/><SP WIDTH="17" VPOS="1950" HPOS="802"/><String ID="p199_w385" CONTENT="all" HPOS="819" VPOS="1950" WIDTH="42" HEIGHT="75" STYLEREFS="font0"/><SP WIDTH="12" VPOS="1950" HPOS="861"/><String ID="p199_w386" CONTENT="the" HPOS="873" VPOS="1950" WIDTH="56" HEIGHT="75" STYLEREFS="font0"/><SP WIDTH="16" VPOS="1950" HPOS="929"/><String ID="p199_w387" CONTENT="other" HPOS="945" VPOS="1950" WIDTH="93" HEIGHT="75" STYLEREFS="font0"/><SP WIDTH="16" VPOS="1950" HPOS="1038"/><String ID="p199_w388" CONTENT="bones" HPOS="1054" VPOS="1950" WIDTH="99" HEIGHT="75" STYLEREFS="font0"/></TextLine><TextLine WIDTH="1030" HEIGHT="75" ID="p199_t42" HPOS="122" VPOS="1996"><String ID="p199_w389" CONTENT="pf" HPOS="122" VPOS="1996" WIDTH="40" HEIGHT="75" STYLEREFS="font0"/><SP WIDTH="11" VPOS="1996" HPOS="162"/><String ID="p199_w390" CONTENT="the" HPOS="173" VPOS="1996" WIDTH="55" HEIGHT="75" STYLEREFS="font0"/><SP WIDTH="19" VPOS="1996" HPOS="228"/><String ID="p199_w391" CONTENT="cranium" HPOS="247" VPOS="1996" WIDTH="141" HEIGHT="75" STYLEREFS="font0"/><SP WIDTH="14" VPOS="1996" HPOS="388"/><String ID="p199_w392" CONTENT=";" HPOS="402" VPOS="1996" WIDTH="11" HEIGHT="75" STYLEREFS="font0"/><SP WIDTH="25" VPOS="1996" HPOS="413"/><String ID="p199_w393" CONTENT="for" HPOS="438" VPOS="1996" WIDTH="52" HEIGHT="75" STYLEREFS="font0"/><SP WIDTH="17" VPOS="1996" HPOS="490"/><String ID="p199_w394" CONTENT="one" HPOS="507" VPOS="1996" WIDTH="60" HEIGHT="75" STYLEREFS="font0"/><SP WIDTH="16" VPOS="1996" HPOS="567"/><String ID="p199_w395" CONTENT="end" HPOS="583" VPOS="1996" WIDTH="61" HEIGHT="75" STYLEREFS="font0"/><SP WIDTH="17" VPOS="1996" HPOS="644"/><String ID="p199_w396" CONTENT="of" HPOS="661" VPOS="1996" WIDTH="40" HEIGHT="75" STYLEREFS="font0"/><SP WIDTH="14" VPOS="1996" HPOS="701"/><String ID="p199_w397" CONTENT="it" HPOS="715" VPOS="1996" WIDTH="25" HEIGHT="75" STYLEREFS="font0"/><SP WIDTH="16" VPOS="1996" HPOS="740"/><String ID="p199_w398" CONTENT="is" HPOS="756" VPOS="1996" WIDTH="27" HEIGHT="75" STYLEREFS="font0"/><SP WIDTH="23" VPOS="1996" HPOS="783"/><String ID="p199_w399" CONTENT="hid" HPOS="806" VPOS="1996" WIDTH="57" HEIGHT="75" STYLEREFS="font0"/><SP WIDTH="16" VPOS="1996" HPOS="863"/><String ID="p199_w400" CONTENT="by" HPOS="879" VPOS="1996" WIDTH="44" HEIGHT="75" STYLEREFS="font0"/><SP WIDTH="17" VPOS="1996" HPOS="923"/><String ID="p199_w401" CONTENT="a" HPOS="940" VPOS="1996" WIDTH="18" HEIGHT="75" STYLEREFS="font0"/><SP WIDTH="14" VPOS="1996" HPOS="958"/><String ID="p199_w402" CONTENT="fmall" HPOS="972" VPOS="1996" WIDTH="90" HEIGHT="75" STYLEREFS="font0"/><SP WIDTH="16" VPOS="1996" HPOS="1062"/><String ID="p199_w403" CONTENT="pro-" HPOS="1078" VPOS="1996" WIDTH="74" HEIGHT="75" STYLEREFS="font0"/></TextLine><TextLine WIDTH="1030" HEIGHT="75" ID="p199_t43" HPOS="120" VPOS="2043"><String ID="p199_w404" CONTENT="tuberance" HPOS="120" VPOS="2043" WIDTH="169" HEIGHT="75" STYLEREFS="font0"/><SP WIDTH="18" VPOS="2043" HPOS="289"/><String ID="p199_w405" CONTENT="of" HPOS="307" VPOS="2043" WIDTH="39" HEIGHT="75" STYLEREFS="font0"/><SP WIDTH="17" VPOS="2043" HPOS="346"/><String ID="p199_w406" CONTENT="the" HPOS="363" VPOS="2043" WIDTH="55" HEIGHT="75" STYLEREFS="font0"/><SP WIDTH="17" VPOS="2043" HPOS="418"/><String ID="p199_w407" CONTENT="internal" HPOS="435" VPOS="2043" WIDTH="135" HEIGHT="75" STYLEREFS="font0"/><SP WIDTH="16" VPOS="2043" HPOS="570"/><String ID="p199_w408" CONTENT="plate" HPOS="586" VPOS="2043" WIDTH="86" HEIGHT="75" STYLEREFS="font0"/><SP WIDTH="17" VPOS="2043" HPOS="672"/><String ID="p199_w409" CONTENT="of" HPOS="689" VPOS="2043" WIDTH="40" HEIGHT="75" STYLEREFS="font0"/><SP WIDTH="22" VPOS="2043" HPOS="729"/><String ID="p199_w410" CONTENT="the" HPOS="751" VPOS="2043" WIDTH="55" HEIGHT="75" STYLEREFS="font0"/><SP WIDTH="16" VPOS="2043" HPOS="806"/><String ID="p199_w411" CONTENT="pterygoid" HPOS="822" VPOS="2043" WIDTH="170" HEIGHT="75" STYLEREFS="font0"/><SP WIDTH="20" VPOS="2043" HPOS="992"/><String ID="p199_w412" CONTENT="procefs," HPOS="1012" VPOS="2043" WIDTH="138" HEIGHT="75" STYLEREFS="font0"/></TextLine><TextLine WIDTH="1031" HEIGHT="75" ID="p199_t44" HPOS="120" VPOS="2088"><String ID="p199_w413" CONTENT="and" HPOS="120" VPOS="2088" WIDTH="63" HEIGHT="75" STYLEREFS="font0"/><SP WIDTH="15" VPOS="2088" HPOS="183"/><String ID="p199_w414" CONTENT="by" HPOS="198" VPOS="2088" WIDTH="44" HEIGHT="75" STYLEREFS="font0"/><SP WIDTH="13" VPOS="2088" HPOS="242"/><String ID="p199_w415" CONTENT="the" HPOS="255" VPOS="2088" WIDTH="54" HEIGHT="75" STYLEREFS="font0"/><SP WIDTH="16" VPOS="2088" HPOS="309"/><String ID="p199_w416" CONTENT="point" HPOS="325" VPOS="2088" WIDTH="89" HEIGHT="75" STYLEREFS="font0"/><SP WIDTH="16" VPOS="2088" HPOS="414"/><String ID="p199_w417" CONTENT="of" HPOS="430" VPOS="2088" WIDTH="40" HEIGHT="75" STYLEREFS="font0"/><SP WIDTH="11" VPOS="2088" HPOS="470"/><String ID="p199_w418" CONTENT="the" HPOS="481" VPOS="2088" WIDTH="55" HEIGHT="75" STYLEREFS="font0"/><SP WIDTH="15" VPOS="2088" HPOS="536"/><String ID="p199_w419" CONTENT="procefius" HPOS="551" VPOS="2088" WIDTH="158" HEIGHT="75" STYLEREFS="font0"/><SP WIDTH="11" VPOS="2088" HPOS="709"/><String ID="p199_w420" CONTENT="petrofus" HPOS="720" VPOS="2088" WIDTH="141" HEIGHT="75" STYLEREFS="font0"/><SP WIDTH="17" VPOS="2088" HPOS="861"/><String ID="p199_w421" CONTENT="of" HPOS="878" VPOS="2088" WIDTH="40" HEIGHT="75" STYLEREFS="font0"/><SP WIDTH="11" VPOS="2088" HPOS="918"/><String ID="p199_w422" CONTENT="the" HPOS="929" VPOS="2088" WIDTH="55" HEIGHT="75" STYLEREFS="font0"/><SP WIDTH="12" VPOS="2088" HPOS="984"/><String ID="p199_w423" CONTENT="temporal" HPOS="996" VPOS="2088" WIDTH="155" HEIGHT="75" STYLEREFS="font0"/></TextLine><TextLine WIDTH="1029" HEIGHT="75" ID="p199_t45" HPOS="121" VPOS="2134"><String ID="p199_w424" CONTENT="bone." HPOS="121" VPOS="2134" WIDTH="95" HEIGHT="75" STYLEREFS="font0"/><SP WIDTH="49" VPOS="2134" HPOS="216"/><String ID="p199_w425" CONTENT="Its" HPOS="265" VPOS="2134" WIDTH="46" HEIGHT="75" STYLEREFS="font0"/><SP WIDTH="18" VPOS="2134" HPOS="311"/><String ID="p199_w426" CONTENT="canal" HPOS="329" VPOS="2134" WIDTH="88" HEIGHT="75" STYLEREFS="font0"/><SP WIDTH="18" VPOS="2134" HPOS="417"/><String ID="p199_w427" CONTENT="is" HPOS="435" VPOS="2134" WIDTH="27" HEIGHT="75" STYLEREFS="font0"/><SP WIDTH="12" VPOS="2134" HPOS="462"/><String ID="p199_w428" CONTENT="extended" HPOS="474" VPOS="2134" WIDTH="162" HEIGHT="75" STYLEREFS="font0"/><SP WIDTH="16" VPOS="2134" HPOS="636"/><String ID="p199_w429" CONTENT="above" HPOS="652" VPOS="2134" WIDTH="100" HEIGHT="75" STYLEREFS="font0"/><SP WIDTH="11" VPOS="2134" HPOS="752"/><String ID="p199_w430" CONTENT="the" HPOS="763" VPOS="2134" WIDTH="56" HEIGHT="75" STYLEREFS="font0"/><SP WIDTH="16" VPOS="2134" HPOS="819"/><String ID="p199_w431" CONTENT="inner" HPOS="835" VPOS="2134" WIDTH="90" HEIGHT="75" STYLEREFS="font0"/><SP WIDTH="17" VPOS="2134" HPOS="925"/><String ID="p199_w432" CONTENT="plate" HPOS="942" VPOS="2134" WIDTH="85" HEIGHT="75" STYLEREFS="font0"/><SP WIDTH="16" VPOS="2134" HPOS="1027"/><String ID="p199_w433" CONTENT="of" HPOS="1043" VPOS="2134" WIDTH="40" HEIGHT="75" STYLEREFS="font0"/><SP WIDTH="12" VPOS="2134" HPOS="1083"/><String ID="p199_w434" CONTENT="the" HPOS="1095" VPOS="2134" WIDTH="55" HEIGHT="75" STYLEREFS="font0"/></TextLine><TextLine WIDTH="1043" HEIGHT="75" ID="p199_t46" HPOS="114" VPOS="2180"><String ID="p199_w435" CONTENT="pterygoid" HPOS="114" VPOS="2180" WIDTH="177" HEIGHT="75" STYLEREFS="font0"/><SP WIDTH="14" VPOS="2180" HPOS="291"/><String ID="p199_w436" CONTENT="procefs" HPOS="305" VPOS="2180" WIDTH="124" HEIGHT="75" STYLEREFS="font0"/><SP WIDTH="15" VPOS="2180" HPOS="429"/><String ID="p199_w437" CONTENT=";" HPOS="444" VPOS="2180" WIDTH="10" HEIGHT="75" STYLEREFS="font0"/><SP WIDTH="27" VPOS="2180" HPOS="454"/><String ID="p199_w438" CONTENT="and" HPOS="481" VPOS="2180" WIDTH="62" HEIGHT="75" STYLEREFS="font0"/><SP WIDTH="16" VPOS="2180" HPOS="543"/><String ID="p199_w439" CONTENT="where" HPOS="559" VPOS="2180" WIDTH="107" HEIGHT="75" STYLEREFS="font0"/><SP WIDTH="16" VPOS="2180" HPOS="666"/><String ID="p199_w440" CONTENT="it" HPOS="682" VPOS="2180" WIDTH="25" HEIGHT="75" STYLEREFS="font0"/><SP WIDTH="18" VPOS="2180" HPOS="707"/><String ID="p199_w441" CONTENT="opens" HPOS="725" VPOS="2180" WIDTH="96" HEIGHT="75" STYLEREFS="font0"/><SP WIDTH="16" VPOS="2180" HPOS="821"/><String ID="p199_w442" CONTENT="into" HPOS="837" VPOS="2180" WIDTH="68" HEIGHT="75" STYLEREFS="font0"/><SP WIDTH="16" VPOS="2180" HPOS="905"/><String ID="p199_w443" CONTENT="the" HPOS="921" VPOS="2180" WIDTH="56" HEIGHT="75" STYLEREFS="font0"/><SP WIDTH="17" VPOS="2180" HPOS="977"/><String ID="p199_w444" CONTENT="cavity" HPOS="994" VPOS="2180" WIDTH="105" HEIGHT="75" STYLEREFS="font0"/><SP WIDTH="17" VPOS="2180" HPOS="1099"/><String ID="p199_w445" CONTENT="of" HPOS="1116" VPOS="2180" WIDTH="41" HEIGHT="75" STYLEREFS="font0"/></TextLine><TextLine WIDTH="1037" HEIGHT="75" ID="p199_t47" HPOS="120" VPOS="2226"><String ID="p199_w446" CONTENT="the" HPOS="120" VPOS="2226" WIDTH="55" HEIGHT="75" STYLEREFS="font0"/><SP WIDTH="24" VPOS="2226" HPOS="175"/><String ID="p199_w447" CONTENT="nofe," HPOS="199" VPOS="2226" WIDTH="86" HEIGHT="75" STYLEREFS="font0"/><SP WIDTH="28" VPOS="2226" HPOS="285"/><String ID="p199_w448" CONTENT="it" HPOS="313" VPOS="2226" WIDTH="25" HEIGHT="75" STYLEREFS="font0"/><SP WIDTH="26" VPOS="2226" HPOS="338"/><String ID="p199_w449" CONTENT="is" HPOS="364" VPOS="2226" WIDTH="26" HEIGHT="75" STYLEREFS="font0"/><SP WIDTH="30" VPOS="2226" HPOS="390"/><String ID="p199_w450" CONTENT="concealed" HPOS="420" VPOS="2226" WIDTH="171" HEIGHT="75" STYLEREFS="font0"/><SP WIDTH="23" VPOS="2226" HPOS="591"/><String ID="p199_w451" CONTENT="by" HPOS="614" VPOS="2226" WIDTH="43" HEIGHT="75" STYLEREFS="font0"/><SP WIDTH="18" VPOS="2226" HPOS="657"/><String ID="p199_w452" CONTENT="the" HPOS="675" VPOS="2226" WIDTH="55" HEIGHT="75" STYLEREFS="font0"/><SP WIDTH="17" VPOS="2226" HPOS="730"/><String ID="p199_w453" CONTENT="thin" HPOS="747" VPOS="2226" WIDTH="70" HEIGHT="75" STYLEREFS="font0"/><SP WIDTH="20" VPOS="2226" HPOS="817"/><String ID="p199_w454" CONTENT="laminous" HPOS="837" VPOS="2226" WIDTH="156" HEIGHT="75" STYLEREFS="font0"/><SP WIDTH="28" VPOS="2226" HPOS="993"/><String ID="p199_w455" CONTENT="part" HPOS="1021" VPOS="2226" WIDTH="71" HEIGHT="75" STYLEREFS="font0"/><SP WIDTH="24" VPOS="2226" HPOS="1092"/><String ID="p199_w456" CONTENT="of" HPOS="1116" VPOS="2226" WIDTH="41" HEIGHT="75" STYLEREFS="font0"/></TextLine><TextLine WIDTH="1037" HEIGHT="75" ID="p199_t48" HPOS="120" VPOS="2272"><String ID="p199_w457" CONTENT="the" HPOS="120" VPOS="2272" WIDTH="56" HEIGHT="75" STYLEREFS="font0"/><SP WIDTH="17" VPOS="2272" HPOS="176"/><String ID="p199_w458" CONTENT="palate-bone." HPOS="193" VPOS="2272" WIDTH="214" HEIGHT="75" STYLEREFS="font0"/><SP WIDTH="49" VPOS="2272" HPOS="407"/><String ID="p199_w459" CONTENT="Through" HPOS="456" VPOS="2272" WIDTH="162" HEIGHT="75" STYLEREFS="font0"/><SP WIDTH="28" VPOS="2272" HPOS="618"/><String ID="p199_w460" CONTENT="it" HPOS="646" VPOS="2272" WIDTH="26" HEIGHT="75" STYLEREFS="font0"/><SP WIDTH="23" VPOS="2272" HPOS="672"/><String ID="p199_w461" CONTENT="a" HPOS="695" VPOS="2272" WIDTH="19" HEIGHT="75" STYLEREFS="font0"/><SP WIDTH="21" VPOS="2272" HPOS="714"/><String ID="p199_w462" CONTENT="confiderable" HPOS="735" VPOS="2272" WIDTH="212" HEIGHT="75" STYLEREFS="font0"/><SP WIDTH="26" VPOS="2272" HPOS="947"/><String ID="p199_w463" CONTENT="branch" HPOS="973" VPOS="2272" WIDTH="120" HEIGHT="75" STYLEREFS="font0"/><SP WIDTH="23" VPOS="2272" HPOS="1093"/><String ID="p199_w464" CONTENT="of" HPOS="1116" VPOS="2272" WIDTH="41" HEIGHT="75" STYLEREFS="font0"/></TextLine><TextLine WIDTH="1030" HEIGHT="75" ID="p199_t49" HPOS="119" VPOS="2320"><String ID="p199_w465" CONTENT="the" HPOS="119" VPOS="2320" WIDTH="56" HEIGHT="75" STYLEREFS="font0"/><SP WIDTH="16" VPOS="2320" HPOS="175"/><String ID="p199_w466" CONTENT="fecond" HPOS="191" VPOS="2320" WIDTH="115" HEIGHT="75" STYLEREFS="font0"/><SP WIDTH="15" VPOS="2320" HPOS="306"/><String ID="p199_w467" CONTENT="branch" HPOS="321" VPOS="2320" WIDTH="122" HEIGHT="75" STYLEREFS="font0"/><SP WIDTH="16" VPOS="2320" HPOS="443"/><String ID="p199_w468" CONTENT="of" HPOS="459" VPOS="2320" WIDTH="39" HEIGHT="75" STYLEREFS="font0"/><SP WIDTH="12" VPOS="2320" HPOS="498"/><String ID="p199_w469" CONTENT="xhtt" HPOS="510" VPOS="2320" WIDTH="55" HEIGHT="75" STYLEREFS="font0"/><SP WIDTH="10" VPOS="2320" HPOS="565"/><String ID="p199_w470" CONTENT="fifth" HPOS="575" VPOS="2320" WIDTH="75" HEIGHT="75" STYLEREFS="font0"/><SP WIDTH="17" VPOS="2320" HPOS="650"/><String ID="p199_w471" CONTENT="pair" HPOS="667" VPOS="2320" WIDTH="69" HEIGHT="75" STYLEREFS="font0"/><SP WIDTH="16" VPOS="2320" HPOS="736"/><String ID="p199_w472" CONTENT="of" HPOS="752" VPOS="2320" WIDTH="40" HEIGHT="75" STYLEREFS="font0"/><SP WIDTH="17" VPOS="2320" HPOS="792"/><String ID="p199_w473" CONTENT="nerves" HPOS="809" VPOS="2320" WIDTH="110" HEIGHT="75" STYLEREFS="font0"/><SP WIDTH="20" VPOS="2320" HPOS="919"/><String ID="p199_w474" CONTENT="is" HPOS="939" VPOS="2320" WIDTH="27" HEIGHT="75" STYLEREFS="font0"/><SP WIDTH="24" VPOS="2320" HPOS="966"/><String ID="p199_w475" CONTENT="reflecled." HPOS="990" VPOS="2320" WIDTH="159" HEIGHT="75" STYLEREFS="font0"/></TextLine><TextLine WIDTH="932" HEIGHT="75" ID="p199_t50" HPOS="212" VPOS="2364"><String ID="p199_w476" CONTENT="Often" HPOS="212" VPOS="2364" WIDTH="102" HEIGHT="75" STYLEREFS="font0"/><SP WIDTH="16" VPOS="2364" HPOS="314"/><String ID="p199_w477" CONTENT="in" HPOS="330" VPOS="2364" WIDTH="32" HEIGHT="75" STYLEREFS="font0"/><SP WIDTH="24" VPOS="2364" HPOS="362"/><String ID="p199_w478" CONTENT="the" HPOS="386" VPOS="2364" WIDTH="55" HEIGHT="75" STYLEREFS="font0"/><SP WIDTH="21" VPOS="2364" HPOS="441"/><String ID="p199_w479" CONTENT="middle" HPOS="462" VPOS="2364" WIDTH="119" HEIGHT="75" STYLEREFS="font0"/><SP WIDTH="17" VPOS="2364" HPOS="581"/><String ID="p199_w480" CONTENT="of" HPOS="598" VPOS="2364" WIDTH="40" HEIGHT="75" STYLEREFS="font0"/><SP WIDTH="19" VPOS="2364" HPOS="638"/><String ID="p199_w481" CONTENT="the" HPOS="657" VPOS="2364" WIDTH="55" HEIGHT="75" STYLEREFS="font0"/><SP WIDTH="14" VPOS="2364" HPOS="712"/><String ID="p199_w482" CONTENT="fella" HPOS="726" VPOS="2364" WIDTH="87" HEIGHT="75" STYLEREFS="font0"/><SP WIDTH="26" VPOS="2364" HPOS="813"/><String ID="p199_w483" CONTENT="Turcica," HPOS="839" VPOS="2364" WIDTH="153" HEIGHT="75" STYLEREFS="font0"/><SP WIDTH="27" VPOS="2364" HPOS="992"/><String ID="p199_w484" CONTENT="a" HPOS="1019" VPOS="2364" WIDTH="18" HEIGHT="75" STYLEREFS="font0"/><SP WIDTH="19" VPOS="2364" HPOS="1037"/><String ID="p199_w485" CONTENT="fmall" HPOS="1056" VPOS="2364" WIDTH="88" HEIGHT="75" STYLEREFS="font0"/></TextLine><TextLine WIDTH="1032" HEIGHT="75" ID="p199_t51" HPOS="118" VPOS="2411"><String ID="p199_w486" CONTENT="hole" HPOS="118" VPOS="2411" WIDTH="74" HEIGHT="75" STYLEREFS="font0"/><SP WIDTH="17" VPOS="2411" HPOS="192"/><String ID="p199_w487" CONTENT="or" HPOS="209" VPOS="2411" WIDTH="37" HEIGHT="75" STYLEREFS="font0"/><SP WIDTH="16" VPOS="2411" HPOS="246"/><String ID="p199_w488" CONTENT="two" HPOS="262" VPOS="2411" WIDTH="66" HEIGHT="75" STYLEREFS="font0"/><SP WIDTH="17" VPOS="2411" HPOS="328"/><String ID="p199_w489" CONTENT="pierce" HPOS="345" VPOS="2411" WIDTH="105" HEIGHT="75" STYLEREFS="font0"/><SP WIDTH="17" VPOS="2411" HPOS="450"/><String ID="p199_w490" CONTENT="as" HPOS="467" VPOS="2411" WIDTH="33" HEIGHT="75" STYLEREFS="font0"/><SP WIDTH="16" VPOS="2411" HPOS="500"/><String ID="p199_w491" CONTENT="far" HPOS="516" VPOS="2411" WIDTH="50" HEIGHT="75" STYLEREFS="font0"/><SP WIDTH="17" VPOS="2411" HPOS="566"/><String ID="p199_w492" CONTENT="as" HPOS="583" VPOS="2411" WIDTH="33" HEIGHT="75" STYLEREFS="font0"/><SP WIDTH="17" VPOS="2411" HPOS="616"/><String ID="p199_w493" CONTENT="the" HPOS="633" VPOS="2411" WIDTH="55" HEIGHT="75" STYLEREFS="font0"/><SP WIDTH="17" VPOS="2411" HPOS="688"/><String ID="p199_w494" CONTENT="cellular" HPOS="705" VPOS="2411" WIDTH="130" HEIGHT="75" STYLEREFS="font0"/><SP WIDTH="25" VPOS="2411" HPOS="835"/><String ID="p199_w495" CONTENT="fubflance" HPOS="860" VPOS="2411" WIDTH="159" HEIGHT="75" STYLEREFS="font0"/><SP WIDTH="17" VPOS="2411" HPOS="1019"/><String ID="p199_w496" CONTENT="of" HPOS="1036" VPOS="2411" WIDTH="39" HEIGHT="75" STYLEREFS="font0"/><SP WIDTH="20" VPOS="2411" HPOS="1075"/><String ID="p199_w497" CONTENT="the" HPOS="1095" VPOS="2411" WIDTH="55" HEIGHT="75" STYLEREFS="font0"/></TextLine><TextLine WIDTH="1032" HEIGHT="75" ID="p199_t52" HPOS="118" VPOS="2457"><String ID="p199_w498" CONTENT="bone;" HPOS="118" VPOS="2457" WIDTH="101" HEIGHT="75" STYLEREFS="font0"/><SP WIDTH="28" VPOS="2457" HPOS="219"/><String ID="p199_w499" CONTENT="and" HPOS="247" VPOS="2457" WIDTH="61" HEIGHT="75" STYLEREFS="font0"/><SP WIDTH="27" VPOS="2457" HPOS="308"/><String ID="p199_w500" CONTENT="fometimes" HPOS="335" VPOS="2457" WIDTH="180" HEIGHT="75" STYLEREFS="font0"/><SP WIDTH="13" VPOS="2457" HPOS="515"/><String ID="p199_w501" CONTENT="at" HPOS="528" VPOS="2457" WIDTH="35" HEIGHT="75" STYLEREFS="font0"/><SP WIDTH="18" VPOS="2457" HPOS="563"/><String ID="p199_w502" CONTENT="the" HPOS="581" VPOS="2457" WIDTH="54" HEIGHT="75" STYLEREFS="font0"/><SP WIDTH="17" VPOS="2457" HPOS="635"/><String ID="p199_w503" CONTENT="fides" HPOS="652" VPOS="2457" WIDTH="80" HEIGHT="75" STYLEREFS="font0"/><SP WIDTH="22" VPOS="2457" HPOS="732"/><String ID="p199_w504" CONTENT="of" HPOS="754" VPOS="2457" WIDTH="41" HEIGHT="75" STYLEREFS="font0"/><SP WIDTH="22" VPOS="2457" HPOS="795"/><String ID="p199_w505" CONTENT="this" HPOS="817" VPOS="2457" WIDTH="63" HEIGHT="75" STYLEREFS="font0"/><SP WIDTH="28" VPOS="2457" HPOS="880"/><String ID="p199_w506" CONTENT="fella," HPOS="908" VPOS="2457" WIDTH="87" HEIGHT="75" STYLEREFS="font0"/><SP WIDTH="28" VPOS="2457" HPOS="995"/><String ID="p199_w507" CONTENT="one" HPOS="1023" VPOS="2457" WIDTH="62" HEIGHT="75" STYLEREFS="font0"/><SP WIDTH="27" VPOS="2457" HPOS="1085"/><String ID="p199_w508" CONTENT="or" HPOS="1112" VPOS="2457" WIDTH="38" HEIGHT="75" STYLEREFS="font0"/></TextLine><TextLine WIDTH="981" HEIGHT="75" ID="p199_t53" HPOS="118" VPOS="2503"><String ID="p199_w509" CONTENT="more" HPOS="118" VPOS="2503" WIDTH="88" HEIGHT="75" STYLEREFS="font0"/><SP WIDTH="17" VPOS="2503" HPOS="206"/><String ID="p199_w510" CONTENT="fmall" HPOS="223" VPOS="2503" WIDTH="89" HEIGHT="75" STYLEREFS="font0"/><SP WIDTH="16" VPOS="2503" HPOS="312"/><String ID="p199_w511" CONTENT="holes" HPOS="328" VPOS="2503" WIDTH="90" HEIGHT="75" STYLEREFS="font0"/><SP WIDTH="16" VPOS="2503" HPOS="418"/><String ID="p199_w512" CONTENT="penetrate" HPOS="434" VPOS="2503" WIDTH="162" HEIGHT="75" STYLEREFS="font0"/><SP WIDTH="16" VPOS="2503" HPOS="596"/><String ID="p199_w513" CONTENT="into" HPOS="612" VPOS="2503" WIDTH="68" HEIGHT="75" STYLEREFS="font0"/><SP WIDTH="17" VPOS="2503" HPOS="680"/><String ID="p199_w514" CONTENT="the" HPOS="697" VPOS="2503" WIDTH="54" HEIGHT="75" STYLEREFS="font0"/><SP WIDTH="15" VPOS="2503" HPOS="751"/><String ID="p199_w515" CONTENT="fphenoidal" HPOS="766" VPOS="2503" WIDTH="183" HEIGHT="75" STYLEREFS="font0"/><SP WIDTH="25" VPOS="2503" HPOS="949"/><String ID="p199_w516" CONTENT="finufes." HPOS="974" VPOS="2503" WIDTH="125" HEIGHT="75" STYLEREFS="font0"/></TextLine><TextLine WIDTH="985" HEIGHT="75" ID="p199_t54" HPOS="164" VPOS="2547"><String ID="p199_w517" CONTENT="The" HPOS="164" VPOS="2547" WIDTH="76" HEIGHT="75" STYLEREFS="font0"/><SP WIDTH="14" VPOS="2547" HPOS="240"/><String ID="p199_w518" CONTENT="firfl" HPOS="254" VPOS="2547" WIDTH="70" HEIGHT="75" STYLEREFS="font0"/><SP WIDTH="19" VPOS="2547" HPOS="324"/><String ID="p199_w519" CONTENT="of" HPOS="343" VPOS="2547" WIDTH="40" HEIGHT="75" STYLEREFS="font0"/><SP WIDTH="19" VPOS="2547" HPOS="383"/><String ID="p199_w520" CONTENT="the" HPOS="402" VPOS="2547" WIDTH="55" HEIGHT="75" STYLEREFS="font0"/><SP WIDTH="17" VPOS="2547" HPOS="457"/><String ID="p199_w521" CONTENT="common" HPOS="474" VPOS="2547" WIDTH="145" HEIGHT="75" STYLEREFS="font0"/><SP WIDTH="16" VPOS="2547" HPOS="619"/><String ID="p199_w522" CONTENT="holes" HPOS="635" VPOS="2547" WIDTH="92" HEIGHT="75" STYLEREFS="font0"/><SP WIDTH="16" VPOS="2547" HPOS="727"/><String ID="p199_w523" CONTENT="is" HPOS="743" VPOS="2547" WIDTH="26" HEIGHT="75" STYLEREFS="font0"/><SP WIDTH="18" VPOS="2547" HPOS="769"/><String ID="p199_w524" CONTENT="that" HPOS="787" VPOS="2547" WIDTH="71" HEIGHT="75" STYLEREFS="font0"/><SP WIDTH="22" VPOS="2547" HPOS="858"/><String ID="p199_w525" CONTENT="unequal" HPOS="880" VPOS="2547" WIDTH="139" HEIGHT="75" STYLEREFS="font0"/><SP WIDTH="27" VPOS="2547" HPOS="1019"/><String ID="p199_w526" CONTENT="fifiure" HPOS="1046" VPOS="2547" WIDTH="103" HEIGHT="75" STYLEREFS="font0"/></TextLine><TextLine WIDTH="1031" HEIGHT="75" ID="p199_t55" HPOS="117" VPOS="2595"><String ID="p199_w527" CONTENT="at" HPOS="117" VPOS="2595" WIDTH="32" HEIGHT="75" STYLEREFS="font0"/><SP WIDTH="17" VPOS="2595" HPOS="149"/><String ID="p199_w528" CONTENT="the" HPOS="166" VPOS="2595" WIDTH="54" HEIGHT="75" STYLEREFS="font0"/><SP WIDTH="24" VPOS="2595" HPOS="220"/><String ID="p199_w529" CONTENT="fide" HPOS="244" VPOS="2595" WIDTH="64" HEIGHT="75" STYLEREFS="font0"/><SP WIDTH="18" VPOS="2595" HPOS="308"/><String ID="p199_w530" CONTENT="of" HPOS="326" VPOS="2595" WIDTH="40" HEIGHT="75" STYLEREFS="font0"/><SP WIDTH="23" VPOS="2595" HPOS="366"/><String ID="p199_w531" CONTENT="the" HPOS="389" VPOS="2595" WIDTH="55" HEIGHT="75" STYLEREFS="font0"/><SP WIDTH="27" VPOS="2595" HPOS="444"/><String ID="p199_w532" CONTENT="fella" HPOS="471" VPOS="2595" WIDTH="76" HEIGHT="75" STYLEREFS="font0"/><SP WIDTH="20" VPOS="2595" HPOS="547"/><String ID="p199_w533" CONTENT="Turcica," HPOS="567" VPOS="2595" WIDTH="155" HEIGHT="75" STYLEREFS="font0"/><SP WIDTH="28" VPOS="2595" HPOS="722"/><String ID="p199_w534" CONTENT="between" HPOS="750" VPOS="2595" WIDTH="145" HEIGHT="75" STYLEREFS="font0"/><SP WIDTH="24" VPOS="2595" HPOS="895"/><String ID="p199_w535" CONTENT="the" HPOS="919" VPOS="2595" WIDTH="54" HEIGHT="75" STYLEREFS="font0"/><SP WIDTH="27" VPOS="2595" HPOS="973"/><String ID="p199_w536" CONTENT="extreme" HPOS="1000" VPOS="2595" WIDTH="148" HEIGHT="75" STYLEREFS="font0"/></TextLine><TextLine WIDTH="1031" HEIGHT="75" ID="p199_t56" HPOS="117" VPOS="2641"><String ID="p199_w537" CONTENT="point" HPOS="117" VPOS="2641" WIDTH="90" HEIGHT="75" STYLEREFS="font0"/><SP WIDTH="17" VPOS="2641" HPOS="207"/><String ID="p199_w538" CONTENT="of" HPOS="224" VPOS="2641" WIDTH="41" HEIGHT="75" STYLEREFS="font0"/><SP WIDTH="19" VPOS="2641" HPOS="265"/><String ID="p199_w539" CONTENT="the" HPOS="284" VPOS="2641" WIDTH="56" HEIGHT="75" STYLEREFS="font0"/><SP WIDTH="21" VPOS="2641" HPOS="340"/><String ID="p199_w540" CONTENT="os" HPOS="361" VPOS="2641" WIDTH="36" HEIGHT="75" STYLEREFS="font0"/><SP WIDTH="18" VPOS="2641" HPOS="397"/><String ID="p199_w541" CONTENT="petrofum" HPOS="415" VPOS="2641" WIDTH="157" HEIGHT="75" STYLEREFS="font0"/><SP WIDTH="18" VPOS="2641" HPOS="572"/><String ID="p199_w542" CONTENT="and" HPOS="590" VPOS="2641" WIDTH="62" HEIGHT="75" STYLEREFS="font0"/><SP WIDTH="16" VPOS="2641" HPOS="652"/><String ID="p199_w543" CONTENT="the" HPOS="668" VPOS="2641" WIDTH="56" HEIGHT="75" STYLEREFS="font0"/><SP WIDTH="16" VPOS="2641" HPOS="724"/><String ID="p199_w544" CONTENT="fpinous" HPOS="740" VPOS="2641" WIDTH="124" HEIGHT="75" STYLEREFS="font0"/><SP WIDTH="24" VPOS="2641" HPOS="864"/><String ID="p199_w545" CONTENT="procefs" HPOS="888" VPOS="2641" WIDTH="126" HEIGHT="75" STYLEREFS="font0"/><SP WIDTH="17" VPOS="2641" HPOS="1014"/><String ID="p199_w546" CONTENT="of" HPOS="1031" VPOS="2641" WIDTH="41" HEIGHT="75" STYLEREFS="font0"/><SP WIDTH="20" VPOS="2641" HPOS="1072"/><String ID="p199_w547" CONTENT="the" HPOS="1092" VPOS="2641" WIDTH="56" HEIGHT="75" STYLEREFS="font0"/></TextLine><TextLine WIDTH="1030" HEIGHT="75" ID="p199_t57" HPOS="118" VPOS="2686"><String ID="p199_w548" CONTENT="cuneiform" HPOS="118" VPOS="2686" WIDTH="176" HEIGHT="75" STYLEREFS="font0"/><SP WIDTH="34" VPOS="2686" HPOS="294"/><String ID="p199_w549" CONTENT="bone." HPOS="328" VPOS="2686" WIDTH="95" HEIGHT="75" STYLEREFS="font0"/><SP WIDTH="96" VPOS="2686" HPOS="423"/><String ID="p199_w550" CONTENT="The" HPOS="519" VPOS="2686" WIDTH="75" HEIGHT="75" STYLEREFS="font0"/><SP WIDTH="18" VPOS="2686" HPOS="594"/><String ID="p199_w551" CONTENT="fecond" HPOS="612" VPOS="2686" WIDTH="122" HEIGHT="75" STYLEREFS="font0"/><SP WIDTH="24" VPOS="2686" HPOS="734"/><String ID="p199_w552" CONTENT="common" HPOS="758" VPOS="2686" WIDTH="146" HEIGHT="75" STYLEREFS="font0"/><SP WIDTH="32" VPOS="2686" HPOS="904"/><String ID="p199_w553" CONTENT="hole" HPOS="936" VPOS="2686" WIDTH="74" HEIGHT="75" STYLEREFS="font0"/><SP WIDTH="27" VPOS="2686" HPOS="1010"/><String ID="p199_w554" CONTENT="is" HPOS="1037" VPOS="2686" WIDTH="26" HEIGHT="75" STYLEREFS="font0"/><SP WIDTH="29" VPOS="2686" HPOS="1063"/><String ID="p199_w555" CONTENT="the" HPOS="1092" VPOS="2686" WIDTH="56" HEIGHT="75" STYLEREFS="font0"/></TextLine><TextLine WIDTH="1032" HEIGHT="75" ID="p199_t58" HPOS="115" VPOS="2734"><String ID="p199_w556" CONTENT="large" HPOS="115" VPOS="2734" WIDTH="89" HEIGHT="75" STYLEREFS="font0"/><SP WIDTH="12" VPOS="2734" HPOS="204"/><String ID="p199_w557" CONTENT="difcontinuation" HPOS="216" VPOS="2734" WIDTH="267" HEIGHT="75" STYLEREFS="font0"/><SP WIDTH="15" VPOS="2734" HPOS="483"/><String ID="p199_w558" CONTENT="of" HPOS="498" VPOS="2734" WIDTH="39" HEIGHT="75" STYLEREFS="font0"/><SP WIDTH="7" VPOS="2734" HPOS="537"/><String ID="p199_w559" CONTENT="the" HPOS="544" VPOS="2734" WIDTH="56" HEIGHT="75" STYLEREFS="font0"/><SP WIDTH="16" VPOS="2734" HPOS="600"/><String ID="p199_w560" CONTENT="external" HPOS="616" VPOS="2734" WIDTH="147" HEIGHT="75" STYLEREFS="font0"/><SP WIDTH="16" VPOS="2734" HPOS="763"/><String ID="p199_w561" CONTENT="fide" HPOS="779" VPOS="2734" WIDTH="62" HEIGHT="75" STYLEREFS="font0"/><SP WIDTH="17" VPOS="2734" HPOS="841"/><String ID="p199_w562" CONTENT="of" HPOS="858" VPOS="2734" WIDTH="39" HEIGHT="75" STYLEREFS="font0"/><SP WIDTH="7" VPOS="2734" HPOS="897"/><String ID="p199_w563" CONTENT="the" HPOS="904" VPOS="2734" WIDTH="55" HEIGHT="75" STYLEREFS="font0"/><SP WIDTH="17" VPOS="2734" HPOS="959"/><String ID="p199_w564" CONTENT="orbit," HPOS="976" VPOS="2734" WIDTH="97" HEIGHT="75" STYLEREFS="font0"/><SP WIDTH="13" VPOS="2734" HPOS="1073"/><String ID="p199_w565" CONTENT="left" HPOS="1086" VPOS="2734" WIDTH="61" HEIGHT="75" STYLEREFS="font0"/></TextLine><TextLine WIDTH="1031" HEIGHT="75" ID="p199_t59" HPOS="117" VPOS="2779"><String ID="p199_w566" CONTENT="between" HPOS="117" VPOS="2779" WIDTH="144" HEIGHT="75" STYLEREFS="font0"/><SP WIDTH="17" VPOS="2779" HPOS="261"/><String ID="p199_w567" CONTENT="the" HPOS="278" VPOS="2779" WIDTH="55" HEIGHT="75" STYLEREFS="font0"/><SP WIDTH="18" VPOS="2779" HPOS="333"/><String ID="p199_w568" CONTENT="orbitar" HPOS="351" VPOS="2779" WIDTH="121" HEIGHT="75" STYLEREFS="font0"/><SP WIDTH="16" VPOS="2779" HPOS="472"/><String ID="p199_w569" CONTENT="procefles" HPOS="488" VPOS="2779" WIDTH="152" HEIGHT="75" STYLEREFS="font0"/><SP WIDTH="18" VPOS="2779" HPOS="640"/><String ID="p199_w570" CONTENT="of" HPOS="658" VPOS="2779" WIDTH="39" HEIGHT="75" STYLEREFS="font0"/><SP WIDTH="12" VPOS="2779" HPOS="697"/><String ID="p199_w571" CONTENT="the" HPOS="709" VPOS="2779" WIDTH="55" HEIGHT="75" STYLEREFS="font0"/><SP WIDTH="17" VPOS="2779" HPOS="764"/><String ID="p199_w572" CONTENT="cuneiform" HPOS="781" VPOS="2779" WIDTH="176" HEIGHT="75" STYLEREFS="font0"/><SP WIDTH="17" VPOS="2779" HPOS="957"/><String ID="p199_w573" CONTENT="bone," HPOS="974" VPOS="2779" WIDTH="94" HEIGHT="75" STYLEREFS="font0"/><SP WIDTH="24" VPOS="2779" HPOS="1068"/><String ID="p199_w574" CONTENT="the" HPOS="1092" VPOS="2779" WIDTH="56" HEIGHT="75" STYLEREFS="font0"/></TextLine><TextLine WIDTH="1031" HEIGHT="75" ID="p199_t60" HPOS="117" VPOS="2826"><String ID="p199_w575" CONTENT="os" HPOS="117" VPOS="2826" WIDTH="31" HEIGHT="75" STYLEREFS="font0"/><SP WIDTH="18" VPOS="2826" HPOS="148"/><String ID="p199_w576" CONTENT="maxi!tare," HPOS="166" VPOS="2826" WIDTH="190" HEIGHT="75" STYLEREFS="font0"/><SP WIDTH="19" VPOS="2826" HPOS="356"/><String ID="p199_w577" CONTENT="vtalx," HPOS="375" VPOS="2826" WIDTH="104" HEIGHT="75" STYLEREFS="font0"/><SP WIDTH="27" VPOS="2826" HPOS="479"/><String ID="p199_w578" CONTENT="and" HPOS="506" VPOS="2826" WIDTH="61" HEIGHT="75" STYLEREFS="font0"/><SP WIDTH="13" VPOS="2826" HPOS="567"/><String ID="p199_w579" CONTENT="palati." HPOS="580" VPOS="2826" WIDTH="120" HEIGHT="75" STYLEREFS="font0"/><SP WIDTH="50" VPOS="2826" HPOS="700"/><String ID="p199_w580" CONTENT="In" HPOS="750" VPOS="2826" WIDTH="38" HEIGHT="75" STYLEREFS="font0"/><SP WIDTH="18" VPOS="2826" HPOS="788"/><String ID="p199_w581" CONTENT="this" HPOS="806" VPOS="2826" WIDTH="62" HEIGHT="75" STYLEREFS="font0"/><SP WIDTH="18" VPOS="2826" HPOS="868"/><String ID="p199_w582" CONTENT="large" HPOS="886" VPOS="2826" WIDTH="87" HEIGHT="75" STYLEREFS="font0"/><SP WIDTH="23" VPOS="2826" HPOS="973"/><String ID="p199_w583" CONTENT="hole" HPOS="996" VPOS="2826" WIDTH="74" HEIGHT="75" STYLEREFS="font0"/><SP WIDTH="23" VPOS="2826" HPOS="1070"/><String ID="p199_w584" CONTENT="the" HPOS="1093" VPOS="2826" WIDTH="55" HEIGHT="75" STYLEREFS="font0"/></TextLine><TextLine WIDTH="1033" HEIGHT="75" ID="p199_t61" HPOS="115" VPOS="2871"><String ID="p199_w585" CONTENT="fat" HPOS="115" VPOS="2871" WIDTH="49" HEIGHT="75" STYLEREFS="font0"/><SP WIDTH="28" VPOS="2871" HPOS="164"/><String ID="p199_w586" CONTENT="for" HPOS="192" VPOS="2871" WIDTH="51" HEIGHT="75" STYLEREFS="font0"/><SP WIDTH="19" VPOS="2871" HPOS="243"/><String ID="p199_w587" CONTENT="lubricating" HPOS="262" VPOS="2871" WIDTH="191" HEIGHT="75" STYLEREFS="font0"/><SP WIDTH="20" VPOS="2871" HPOS="453"/><String ID="p199_w588" CONTENT="the" HPOS="473" VPOS="2871" WIDTH="55" HEIGHT="75" STYLEREFS="font0"/><SP WIDTH="25" VPOS="2871" HPOS="528"/><String ID="p199_w589" CONTENT="globe" HPOS="553" VPOS="2871" WIDTH="94" HEIGHT="75" STYLEREFS="font0"/><SP WIDTH="8" VPOS="2871" HPOS="647"/><String ID="p199_w590" CONTENT="," HPOS="655" VPOS="2871" WIDTH="4" HEIGHT="75" STYLEREFS="font0"/><SP WIDTH="12" VPOS="2871" HPOS="659"/><String ID="p199_w591" CONTENT="of" HPOS="671" VPOS="2871" WIDTH="41" HEIGHT="75" STYLEREFS="font0"/><SP WIDTH="22" VPOS="2871" HPOS="712"/><String ID="p199_w592" CONTENT="the" HPOS="734" VPOS="2871" WIDTH="56" HEIGHT="75" STYLEREFS="font0"/><SP WIDTH="28" VPOS="2871" HPOS="790"/><String ID="p199_w593" CONTENT="eye" HPOS="818" VPOS="2871" WIDTH="58" HEIGHT="75" STYLEREFS="font0"/><SP WIDTH="28" VPOS="2871" HPOS="876"/><String ID="p199_w594" CONTENT="and" HPOS="904" VPOS="2871" WIDTH="63" HEIGHT="75" STYLEREFS="font0"/><SP WIDTH="24" VPOS="2871" HPOS="967"/><String ID="p199_w595" CONTENT="temporal" HPOS="991" VPOS="2871" WIDTH="157" HEIGHT="75" STYLEREFS="font0"/></TextLine><TextLine WIDTH="1032" HEIGHT="75" ID="p199_t62" HPOS="116" VPOS="2918"><String ID="p199_w596" CONTENT="mufcle" HPOS="116" VPOS="2918" WIDTH="120" HEIGHT="75" STYLEREFS="font0"/><SP WIDTH="14" VPOS="2918" HPOS="236"/><String ID="p199_w597" CONTENT="is" HPOS="250" VPOS="2918" WIDTH="26" HEIGHT="75" STYLEREFS="font0"/><SP WIDTH="17" VPOS="2918" HPOS="276"/><String ID="p199_w598" CONTENT="lodged," HPOS="293" VPOS="2918" WIDTH="130" HEIGHT="75" STYLEREFS="font0"/><SP WIDTH="27" VPOS="2918" HPOS="423"/><String ID="p199_w599" CONTENT="and" HPOS="450" VPOS="2918" WIDTH="61" HEIGHT="75" STYLEREFS="font0"/><SP WIDTH="15" VPOS="2918" HPOS="511"/><String ID="p199_w600" CONTENT="branches" HPOS="526" VPOS="2918" WIDTH="155" HEIGHT="75" STYLEREFS="font0"/><SP WIDTH="16" VPOS="2918" HPOS="681"/><String ID="p199_w601" CONTENT="pf" HPOS="697" VPOS="2918" WIDTH="41" HEIGHT="75" STYLEREFS="font0"/><SP WIDTH="10" VPOS="2918" HPOS="738"/><String ID="p199_w602" CONTENT="the" HPOS="748" VPOS="2918" WIDTH="56" HEIGHT="75" STYLEREFS="font0"/><SP WIDTH="16" VPOS="2918" HPOS="804"/><String ID="p199_w603" CONTENT="fuperior" HPOS="820" VPOS="2918" WIDTH="140" HEIGHT="75" STYLEREFS="font0"/><SP WIDTH="17" VPOS="2918" HPOS="960"/><String ID="p199_w604" CONTENT="maxillary" HPOS="977" VPOS="2918" WIDTH="171" HEIGHT="75" STYLEREFS="font0"/></TextLine><TextLine WIDTH="1027" HEIGHT="75" ID="p199_t63" HPOS="116" VPOS="2963"><String ID="p199_w605" CONTENT="nerve," HPOS="116" VPOS="2963" WIDTH="107" HEIGHT="75" STYLEREFS="font0"/><SP WIDTH="13" VPOS="2963" HPOS="223"/><String ID="p199_w606" CONTENT="with" HPOS="236" VPOS="2963" WIDTH="80" HEIGHT="75" STYLEREFS="font0"/><SP WIDTH="11" VPOS="2963" HPOS="316"/><String ID="p199_w607" CONTENT="fmall" HPOS="327" VPOS="2963" WIDTH="89" HEIGHT="75" STYLEREFS="font0"/><SP WIDTH="17" VPOS="2963" HPOS="416"/><String ID="p199_w608" CONTENT="arteries" HPOS="433" VPOS="2963" WIDTH="130" HEIGHT="75" STYLEREFS="font0"/><SP WIDTH="14" VPOS="2963" HPOS="563"/><String ID="p199_w609" CONTENT="from" HPOS="577" VPOS="2963" WIDTH="84" HEIGHT="75" STYLEREFS="font0"/><SP WIDTH="12" VPOS="2963" HPOS="661"/><String ID="p199_w610" CONTENT="the" HPOS="673" VPOS="2963" WIDTH="54" HEIGHT="75" STYLEREFS="font0"/><SP WIDTH="9" VPOS="2963" HPOS="727"/><String ID="p199_w611" CONTENT="carotid" HPOS="736" VPOS="2963" WIDTH="124" HEIGHT="75" STYLEREFS="font0"/><SP WIDTH="13" VPOS="2963" HPOS="860"/><String ID="p199_w612" CONTENT="and" HPOS="873" VPOS="2963" WIDTH="64" HEIGHT="75" STYLEREFS="font0"/><SP WIDTH="7" VPOS="2963" HPOS="937"/><String ID="p199_w613" CONTENT="veins," HPOS="944" VPOS="2963" WIDTH="99" HEIGHT="75" STYLEREFS="font0"/><SP WIDTH="16" VPOS="2963" HPOS="1043"/><String ID="p199_w614" CONTENT="pafs." HPOS="1059" VPOS="2963" WIDTH="84" HEIGHT="75" STYLEREFS="font0"/></TextLine><TextLine WIDTH="528" HEIGHT="75" ID="p199_t64" HPOS="1162" VPOS="128"><String ID="p199_w615" CONTENT="T" HPOS="1162" VPOS="128" WIDTH="38" HEIGHT="75" STYLEREFS="font0"/><SP WIDTH="118" VPOS="128" HPOS="1200"/><String ID="p199_w616" CONTENT="O" HPOS="1318" VPOS="128" WIDTH="40" HEIGHT="75" STYLEREFS="font0"/><SP WIDTH="116" VPOS="128" HPOS="1358"/><String ID="p199_w617" CONTENT="M" HPOS="1474" VPOS="128" WIDTH="49" HEIGHT="75" STYLEREFS="font0"/><SP WIDTH="115" VPOS="128" HPOS="1523"/><String ID="p199_w618" CONTENT="Y." HPOS="1638" VPOS="128" WIDTH="52" HEIGHT="75" STYLEREFS="font0"/></TextLine><TextLine WIDTH="81" HEIGHT="75" ID="p199_t65" HPOS="2158" VPOS="128"><String ID="p199_w619" CONTENT="159" HPOS="2158" VPOS="128" WIDTH="81" HEIGHT="75" STYLEREFS="font0"/></TextLine><TextLine WIDTH="941" HEIGHT="75" ID="p199_t66" HPOS="1300" VPOS="191"><String ID="p199_w620" CONTENT="The" HPOS="1300" VPOS="191" WIDTH="77" HEIGHT="75" STYLEREFS="font0"/><SP WIDTH="24" VPOS="191" HPOS="1377"/><String ID="p199_w621" CONTENT="third" HPOS="1401" VPOS="191" WIDTH="91" HEIGHT="75" STYLEREFS="font0"/><SP WIDTH="15" VPOS="191" HPOS="1492"/><String ID="p199_w622" CONTENT="hole" HPOS="1507" VPOS="191" WIDTH="74" HEIGHT="75" STYLEREFS="font0"/><SP WIDTH="21" VPOS="191" HPOS="1581"/><String ID="p199_w623" CONTENT="is" HPOS="1602" VPOS="191" WIDTH="26" HEIGHT="75" STYLEREFS="font0"/><SP WIDTH="18" VPOS="191" HPOS="1628"/><String ID="p199_w624" CONTENT="formed" HPOS="1646" VPOS="191" WIDTH="127" HEIGHT="75" STYLEREFS="font0"/><SP WIDTH="18" VPOS="191" HPOS="1773"/><String ID="p199_w625" CONTENT="between" HPOS="1791" VPOS="191" WIDTH="146" HEIGHT="75" STYLEREFS="font0"/><SP WIDTH="17" VPOS="191" HPOS="1937"/><String ID="p199_w626" CONTENT="the" HPOS="1954" VPOS="191" WIDTH="55" HEIGHT="75" STYLEREFS="font0"/><SP WIDTH="14" VPOS="191" HPOS="2009"/><String ID="p199_w627" CONTENT="bafe" HPOS="2023" VPOS="191" WIDTH="74" HEIGHT="75" STYLEREFS="font0"/><SP WIDTH="17" VPOS="191" HPOS="2097"/><String ID="p199_w628" CONTENT="of" HPOS="2114" VPOS="191" WIDTH="40" HEIGHT="75" STYLEREFS="font0"/><SP WIDTH="21" VPOS="191" HPOS="2154"/><String ID="p199_w629" CONTENT="this" HPOS="2175" VPOS="191" WIDTH="66" HEIGHT="75" STYLEREFS="font0"/></TextLine><TextLine WIDTH="1036" HEIGHT="75" ID="p199_t67" HPOS="1206" VPOS="237"><String ID="p199_w630" CONTENT="bone" HPOS="1206" VPOS="237" WIDTH="83" HEIGHT="75" STYLEREFS="font0"/><SP WIDTH="16" VPOS="237" HPOS="1289"/><String ID="p199_w631" CONTENT="and" HPOS="1305" VPOS="237" WIDTH="64" HEIGHT="75" STYLEREFS="font0"/><SP WIDTH="15" VPOS="237" HPOS="1369"/><String ID="p199_w632" CONTENT="the" HPOS="1384" VPOS="237" WIDTH="55" HEIGHT="75" STYLEREFS="font0"/><SP WIDTH="17" VPOS="237" HPOS="1439"/><String ID="p199_w633" CONTENT="root" HPOS="1456" VPOS="237" WIDTH="72" HEIGHT="75" STYLEREFS="font0"/><SP WIDTH="17" VPOS="237" HPOS="1528"/><String ID="p199_w634" CONTENT="of" HPOS="1545" VPOS="237" WIDTH="40" HEIGHT="75" STYLEREFS="font0"/><SP WIDTH="22" VPOS="237" HPOS="1585"/><String ID="p199_w635" CONTENT="the" HPOS="1607" VPOS="237" WIDTH="55" HEIGHT="75" STYLEREFS="font0"/><SP WIDTH="16" VPOS="237" HPOS="1662"/><String ID="p199_w636" CONTENT="orbitar" HPOS="1678" VPOS="237" WIDTH="121" HEIGHT="75" STYLEREFS="font0"/><SP WIDTH="21" VPOS="237" HPOS="1799"/><String ID="p199_w637" CONTENT="procefs" HPOS="1820" VPOS="237" WIDTH="126" HEIGHT="75" STYLEREFS="font0"/><SP WIDTH="25" VPOS="237" HPOS="1946"/><String ID="p199_w638" CONTENT="of" HPOS="1971" VPOS="237" WIDTH="41" HEIGHT="75" STYLEREFS="font0"/><SP WIDTH="26" VPOS="237" HPOS="2012"/><String ID="p199_w639" CONTENT="the" HPOS="2038" VPOS="237" WIDTH="56" HEIGHT="75" STYLEREFS="font0"/><SP WIDTH="27" VPOS="237" HPOS="2094"/><String ID="p199_w640" CONTENT="palate-" HPOS="2121" VPOS="237" WIDTH="121" HEIGHT="75" STYLEREFS="font0"/></TextLine><TextLine WIDTH="1035" HEIGHT="75" ID="p199_t68" HPOS="1207" VPOS="283"><String ID="p199_w641" CONTENT="bone" HPOS="1207" VPOS="283" WIDTH="82" HEIGHT="75" STYLEREFS="font0"/><SP WIDTH="16" VPOS="283" HPOS="1289"/><String ID="p199_w642" CONTENT="of" HPOS="1305" VPOS="283" WIDTH="42" HEIGHT="75" STYLEREFS="font0"/><SP WIDTH="9" VPOS="283" HPOS="1347"/><String ID="p199_w643" CONTENT="each" HPOS="1356" VPOS="283" WIDTH="78" HEIGHT="75" STYLEREFS="font0"/><SP WIDTH="17" VPOS="283" HPOS="1434"/><String ID="p199_w644" CONTENT="fide." HPOS="1451" VPOS="283" WIDTH="75" HEIGHT="75" STYLEREFS="font0"/><SP WIDTH="47" VPOS="283" HPOS="1526"/><String ID="p199_w645" CONTENT="Through" HPOS="1573" VPOS="283" WIDTH="163" HEIGHT="75" STYLEREFS="font0"/><SP WIDTH="16" VPOS="283" HPOS="1736"/><String ID="p199_w646" CONTENT="this" HPOS="1752" VPOS="283" WIDTH="64" HEIGHT="75" STYLEREFS="font0"/><SP WIDTH="17" VPOS="283" HPOS="1816"/><String ID="p199_w647" CONTENT="a" HPOS="1833" VPOS="283" WIDTH="20" HEIGHT="75" STYLEREFS="font0"/><SP WIDTH="15" VPOS="283" HPOS="1853"/><String ID="p199_w648" CONTENT="branch" HPOS="1868" VPOS="283" WIDTH="122" HEIGHT="75" STYLEREFS="font0"/><SP WIDTH="17" VPOS="283" HPOS="1990"/><String ID="p199_w649" CONTENT="of" HPOS="2007" VPOS="283" WIDTH="41" HEIGHT="75" STYLEREFS="font0"/><SP WIDTH="12" VPOS="283" HPOS="2048"/><String ID="p199_w650" CONTENT="the" HPOS="2060" VPOS="283" WIDTH="55" HEIGHT="75" STYLEREFS="font0"/><SP WIDTH="16" VPOS="283" HPOS="2115"/><String ID="p199_w651" CONTENT="exter-" HPOS="2131" VPOS="283" WIDTH="111" HEIGHT="75" STYLEREFS="font0"/></TextLine><TextLine WIDTH="1035" HEIGHT="75" ID="p199_t69" HPOS="1208" VPOS="329"><String ID="p199_w652" CONTENT="nal" HPOS="1208" VPOS="329" WIDTH="50" HEIGHT="75" STYLEREFS="font0"/><SP WIDTH="17" VPOS="329" HPOS="1258"/><String ID="p199_w653" CONTENT="carotid" HPOS="1275" VPOS="329" WIDTH="126" HEIGHT="75" STYLEREFS="font0"/><SP WIDTH="15" VPOS="329" HPOS="1401"/><String ID="p199_w654" CONTENT="artery," HPOS="1416" VPOS="329" WIDTH="119" HEIGHT="75" STYLEREFS="font0"/><SP WIDTH="26" VPOS="329" HPOS="1535"/><String ID="p199_w655" CONTENT="and" HPOS="1561" VPOS="329" WIDTH="62" HEIGHT="75" STYLEREFS="font0"/><SP WIDTH="16" VPOS="329" HPOS="1623"/><String ID="p199_w656" CONTENT="of" HPOS="1639" VPOS="329" WIDTH="40" HEIGHT="75" STYLEREFS="font0"/><SP WIDTH="10" VPOS="329" HPOS="1679"/><String ID="p199_w657" CONTENT="the" HPOS="1689" VPOS="329" WIDTH="56" HEIGHT="75" STYLEREFS="font0"/><SP WIDTH="19" VPOS="329" HPOS="1745"/><String ID="p199_w658" CONTENT="fecond" HPOS="1764" VPOS="329" WIDTH="116" HEIGHT="75" STYLEREFS="font0"/><SP WIDTH="16" VPOS="329" HPOS="1880"/><String ID="p199_w659" CONTENT="branch" HPOS="1896" VPOS="329" WIDTH="120" HEIGHT="75" STYLEREFS="font0"/><SP WIDTH="17" VPOS="329" HPOS="2016"/><String ID="p199_w660" CONTENT="of" HPOS="2033" VPOS="329" WIDTH="40" HEIGHT="75" STYLEREFS="font0"/><SP WIDTH="22" VPOS="329" HPOS="2073"/><String ID="p199_w661" CONTENT="the" HPOS="2095" VPOS="329" WIDTH="56" HEIGHT="75" STYLEREFS="font0"/><SP WIDTH="17" VPOS="329" HPOS="2151"/><String ID="p199_w662" CONTENT="fifth" HPOS="2168" VPOS="329" WIDTH="75" HEIGHT="75" STYLEREFS="font0"/></TextLine><TextLine WIDTH="1036" HEIGHT="75" ID="p199_t70" HPOS="1208" VPOS="375"><String ID="p199_w663" CONTENT="pair" HPOS="1208" VPOS="375" WIDTH="68" HEIGHT="75" STYLEREFS="font0"/><SP WIDTH="15" VPOS="375" HPOS="1276"/><String ID="p199_w664" CONTENT="of" HPOS="1291" VPOS="375" WIDTH="41" HEIGHT="75" STYLEREFS="font0"/><SP WIDTH="10" VPOS="375" HPOS="1332"/><String ID="p199_w665" CONTENT="nerves," HPOS="1342" VPOS="375" WIDTH="125" HEIGHT="75" STYLEREFS="font0"/><SP WIDTH="24" VPOS="375" HPOS="1467"/><String ID="p199_w666" CONTENT="are" HPOS="1491" VPOS="375" WIDTH="54" HEIGHT="75" STYLEREFS="font0"/><SP WIDTH="17" VPOS="375" HPOS="1545"/><String ID="p199_w667" CONTENT="allowed" HPOS="1562" VPOS="375" WIDTH="137" HEIGHT="75" STYLEREFS="font0"/><SP WIDTH="15" VPOS="375" HPOS="1699"/><String ID="p199_w668" CONTENT="a" HPOS="1714" VPOS="375" WIDTH="19" HEIGHT="75" STYLEREFS="font0"/><SP WIDTH="16" VPOS="375" HPOS="1733"/><String ID="p199_w669" CONTENT="paflage" HPOS="1749" VPOS="375" WIDTH="122" HEIGHT="75" STYLEREFS="font0"/><SP WIDTH="16" VPOS="375" HPOS="1871"/><String ID="p199_w670" CONTENT="to" HPOS="1887" VPOS="375" WIDTH="35" HEIGHT="75" STYLEREFS="font0"/><SP WIDTH="24" VPOS="375" HPOS="1922"/><String ID="p199_w671" CONTENT="the" HPOS="1946" VPOS="375" WIDTH="55" HEIGHT="75" STYLEREFS="font0"/><SP WIDTH="18" VPOS="375" HPOS="2001"/><String ID="p199_w672" CONTENT="noftrils," HPOS="2019" VPOS="375" WIDTH="137" HEIGHT="75" STYLEREFS="font0"/><SP WIDTH="24" VPOS="375" HPOS="2156"/><String ID="p199_w673" CONTENT="and" HPOS="2180" VPOS="375" WIDTH="64" HEIGHT="75" STYLEREFS="font0"/></TextLine><TextLine WIDTH="641" HEIGHT="75" ID="p199_t71" HPOS="1209" VPOS="423"><String ID="p199_w674" CONTENT="a" HPOS="1209" VPOS="423" WIDTH="18" HEIGHT="75" STYLEREFS="font0"/><SP WIDTH="17" VPOS="423" HPOS="1227"/><String ID="p199_w675" CONTENT="returning" HPOS="1244" VPOS="423" WIDTH="164" HEIGHT="75" STYLEREFS="font0"/><SP WIDTH="15" VPOS="423" HPOS="1408"/><String ID="p199_w676" CONTENT="vein" HPOS="1423" VPOS="423" WIDTH="71" HEIGHT="75" STYLEREFS="font0"/><SP WIDTH="17" VPOS="423" HPOS="1494"/><String ID="p199_w677" CONTENT="accompanies" HPOS="1511" VPOS="423" WIDTH="216" HEIGHT="75" STYLEREFS="font0"/><SP WIDTH="23" VPOS="423" HPOS="1727"/><String ID="p199_w678" CONTENT="them." HPOS="1750" VPOS="423" WIDTH="100" HEIGHT="75" STYLEREFS="font0"/></TextLine><TextLine WIDTH="986" HEIGHT="75" ID="p199_t72" HPOS="1255" VPOS="468"><String ID="p199_w679" CONTENT="Under" HPOS="1255" VPOS="468" WIDTH="114" HEIGHT="75" STYLEREFS="font0"/><SP WIDTH="27" VPOS="468" HPOS="1369"/><String ID="p199_w680" CONTENT="the" HPOS="1396" VPOS="468" WIDTH="56" HEIGHT="75" STYLEREFS="font0"/><SP WIDTH="23" VPOS="468" HPOS="1452"/><String ID="p199_w681" CONTENT="fella" HPOS="1475" VPOS="468" WIDTH="76" HEIGHT="75" STYLEREFS="font0"/><SP WIDTH="14" VPOS="468" HPOS="1551"/><String ID="p199_w682" CONTENT="Turcica," HPOS="1565" VPOS="468" WIDTH="156" HEIGHT="75" STYLEREFS="font0"/><SP WIDTH="21" VPOS="468" HPOS="1721"/><String ID="p199_w683" CONTENT="and" HPOS="1742" VPOS="468" WIDTH="63" HEIGHT="75" STYLEREFS="font0"/><SP WIDTH="26" VPOS="468" HPOS="1805"/><String ID="p199_w684" CONTENT="fome" HPOS="1831" VPOS="468" WIDTH="86" HEIGHT="75" STYLEREFS="font0"/><SP WIDTH="19" VPOS="468" HPOS="1917"/><String ID="p199_w685" CONTENT="way" HPOS="1936" VPOS="468" WIDTH="73" HEIGHT="75" STYLEREFS="font0"/><SP WIDTH="16" VPOS="468" HPOS="2009"/><String ID="p199_w686" CONTENT="farther" HPOS="2025" VPOS="468" WIDTH="126" HEIGHT="75" STYLEREFS="font0"/><SP WIDTH="22" VPOS="468" HPOS="2151"/><String ID="p199_w687" CONTENT="for-" HPOS="2173" VPOS="468" WIDTH="68" HEIGHT="75" STYLEREFS="font0"/></TextLine><TextLine WIDTH="1035" HEIGHT="75" ID="p199_t73" HPOS="1208" VPOS="513"><String ID="p199_w688" CONTENT="ward," HPOS="1208" VPOS="513" WIDTH="101" HEIGHT="75" STYLEREFS="font0"/><SP WIDTH="18" VPOS="513" HPOS="1309"/><String ID="p199_w689" CONTENT="but" HPOS="1327" VPOS="513" WIDTH="58" HEIGHT="75" STYLEREFS="font0"/><SP WIDTH="16" VPOS="513" HPOS="1385"/><String ID="p199_w690" CONTENT="within" HPOS="1401" VPOS="513" WIDTH="113" HEIGHT="75" STYLEREFS="font0"/><SP WIDTH="16" VPOS="513" HPOS="1514"/><String ID="p199_w691" CONTENT="the" HPOS="1530" VPOS="513" WIDTH="56" HEIGHT="75" STYLEREFS="font0"/><SP WIDTH="15" VPOS="513" HPOS="1586"/><String ID="p199_w692" CONTENT="fubftance" HPOS="1601" VPOS="513" WIDTH="160" HEIGHT="75" STYLEREFS="font0"/><SP WIDTH="16" VPOS="513" HPOS="1761"/><String ID="p199_w693" CONTENT="of" HPOS="1777" VPOS="513" WIDTH="41" HEIGHT="75" STYLEREFS="font0"/><SP WIDTH="14" VPOS="513" HPOS="1818"/><String ID="p199_w694" CONTENT="the" HPOS="1832" VPOS="513" WIDTH="55" HEIGHT="75" STYLEREFS="font0"/><SP WIDTH="17" VPOS="513" HPOS="1887"/><String ID="p199_w695" CONTENT="fphenoid" HPOS="1904" VPOS="513" WIDTH="154" HEIGHT="75" STYLEREFS="font0"/><SP WIDTH="14" VPOS="513" HPOS="2058"/><String ID="p199_w696" CONTENT="bone," HPOS="2072" VPOS="513" WIDTH="98" HEIGHT="75" STYLEREFS="font0"/><SP WIDTH="18" VPOS="513" HPOS="2170"/><String ID="p199_w697" CONTENT="are" HPOS="2188" VPOS="513" WIDTH="55" HEIGHT="75" STYLEREFS="font0"/></TextLine><TextLine WIDTH="1033" HEIGHT="75" ID="p199_t74" HPOS="1208" VPOS="559"><String ID="p199_w698" CONTENT="two" HPOS="1208" VPOS="559" WIDTH="65" HEIGHT="75" STYLEREFS="font0"/><SP WIDTH="17" VPOS="559" HPOS="1273"/><String ID="p199_w699" CONTENT="finufes," HPOS="1290" VPOS="559" WIDTH="125" HEIGHT="75" STYLEREFS="font0"/><SP WIDTH="27" VPOS="559" HPOS="1415"/><String ID="p199_w700" CONTENT="feparated" HPOS="1442" VPOS="559" WIDTH="163" HEIGHT="75" STYLEREFS="font0"/><SP WIDTH="15" VPOS="559" HPOS="1605"/><String ID="p199_w701" CONTENT="by" HPOS="1620" VPOS="559" WIDTH="45" HEIGHT="75" STYLEREFS="font0"/><SP WIDTH="16" VPOS="559" HPOS="1665"/><String ID="p199_w702" CONTENT="a" HPOS="1681" VPOS="559" WIDTH="18" HEIGHT="75" STYLEREFS="font0"/><SP WIDTH="22" VPOS="559" HPOS="1699"/><String ID="p199_w703" CONTENT="bony" HPOS="1721" VPOS="559" WIDTH="88" HEIGHT="75" STYLEREFS="font0"/><SP WIDTH="15" VPOS="559" HPOS="1809"/><String ID="p199_w704" CONTENT="plate." HPOS="1824" VPOS="559" WIDTH="98" HEIGHT="75" STYLEREFS="font0"/><SP WIDTH="49" VPOS="559" HPOS="1922"/><String ID="p199_w705" CONTENT="Each" HPOS="1971" VPOS="559" WIDTH="94" HEIGHT="75" STYLEREFS="font0"/><SP WIDTH="25" VPOS="559" HPOS="2065"/><String ID="p199_w706" CONTENT="of" HPOS="2090" VPOS="559" WIDTH="40" HEIGHT="75" STYLEREFS="font0"/><SP WIDTH="23" VPOS="559" HPOS="2130"/><String ID="p199_w707" CONTENT="them" HPOS="2153" VPOS="559" WIDTH="88" HEIGHT="75" STYLEREFS="font0"/></TextLine><TextLine WIDTH="1035" HEIGHT="75" ID="p199_t75" HPOS="1208" VPOS="605"><String ID="p199_w708" CONTENT="is" HPOS="1208" VPOS="605" WIDTH="26" HEIGHT="75" STYLEREFS="font0"/><SP WIDTH="17" VPOS="605" HPOS="1234"/><String ID="p199_w709" CONTENT="lined" HPOS="1251" VPOS="605" WIDTH="88" HEIGHT="75" STYLEREFS="font0"/><SP WIDTH="16" VPOS="605" HPOS="1339"/><String ID="p199_w710" CONTENT="with" HPOS="1355" VPOS="605" WIDTH="79" HEIGHT="75" STYLEREFS="font0"/><SP WIDTH="17" VPOS="605" HPOS="1434"/><String ID="p199_w711" CONTENT="a" HPOS="1451" VPOS="605" WIDTH="18" HEIGHT="75" STYLEREFS="font0"/><SP WIDTH="17" VPOS="605" HPOS="1469"/><String ID="p199_w712" CONTENT="membrane," HPOS="1486" VPOS="605" WIDTH="193" HEIGHT="75" STYLEREFS="font0"/><SP WIDTH="25" VPOS="605" HPOS="1679"/><String ID="p199_w713" CONTENT="and" HPOS="1704" VPOS="605" WIDTH="62" HEIGHT="75" STYLEREFS="font0"/><SP WIDTH="20" VPOS="605" HPOS="1766"/><String ID="p199_w714" CONTENT="opens" HPOS="1786" VPOS="605" WIDTH="97" HEIGHT="75" STYLEREFS="font0"/><SP WIDTH="16" VPOS="605" HPOS="1883"/><String ID="p199_w715" CONTENT="into" HPOS="1899" VPOS="605" WIDTH="70" HEIGHT="75" STYLEREFS="font0"/><SP WIDTH="19" VPOS="605" HPOS="1969"/><String ID="p199_w716" CONTENT="the" HPOS="1988" VPOS="605" WIDTH="57" HEIGHT="75" STYLEREFS="font0"/><SP WIDTH="16" VPOS="605" HPOS="2045"/><String ID="p199_w717" CONTENT="upper" HPOS="2061" VPOS="605" WIDTH="101" HEIGHT="75" STYLEREFS="font0"/><SP WIDTH="17" VPOS="605" HPOS="2162"/><String ID="p199_w718" CONTENT="and" HPOS="2179" VPOS="605" WIDTH="64" HEIGHT="75" STYLEREFS="font0"/></TextLine><TextLine WIDTH="1035" HEIGHT="75" ID="p199_t76" HPOS="1208" VPOS="653"><String ID="p199_w719" CONTENT="back" HPOS="1208" VPOS="653" WIDTH="81" HEIGHT="75" STYLEREFS="font0"/><SP WIDTH="9" VPOS="653" HPOS="1289"/><String ID="p199_w720" CONTENT="part" HPOS="1298" VPOS="653" WIDTH="71" HEIGHT="75" STYLEREFS="font0"/><SP WIDTH="11" VPOS="653" HPOS="1369"/><String ID="p199_w721" CONTENT="of" HPOS="1380" VPOS="653" WIDTH="41" HEIGHT="75" STYLEREFS="font0"/><SP WIDTH="11" VPOS="653" HPOS="1421"/><String ID="p199_w722" CONTENT="each" HPOS="1432" VPOS="653" WIDTH="77" HEIGHT="75" STYLEREFS="font0"/><SP WIDTH="17" VPOS="653" HPOS="1509"/><String ID="p199_w723" CONTENT="noftril" HPOS="1526" VPOS="653" WIDTH="108" HEIGHT="75" STYLEREFS="font0"/><SP WIDTH="15" VPOS="653" HPOS="1634"/><String ID="p199_w724" CONTENT="by" HPOS="1649" VPOS="653" WIDTH="45" HEIGHT="75" STYLEREFS="font0"/><SP WIDTH="8" VPOS="653" HPOS="1694"/><String ID="p199_w725" CONTENT="a" HPOS="1702" VPOS="653" WIDTH="19" HEIGHT="75" STYLEREFS="font0"/><SP WIDTH="9" VPOS="653" HPOS="1721"/><String ID="p199_w726" CONTENT="round" HPOS="1730" VPOS="653" WIDTH="103" HEIGHT="75" STYLEREFS="font0"/><SP WIDTH="16" VPOS="653" HPOS="1833"/><String ID="p199_w727" CONTENT="hole," HPOS="1849" VPOS="653" WIDTH="87" HEIGHT="75" STYLEREFS="font0"/><SP WIDTH="13" VPOS="653" HPOS="1936"/><String ID="p199_w728" CONTENT="which" HPOS="1949" VPOS="653" WIDTH="106" HEIGHT="75" STYLEREFS="font0"/><SP WIDTH="13" VPOS="653" HPOS="2055"/><String ID="p199_w729" CONTENT="is" HPOS="2068" VPOS="653" WIDTH="26" HEIGHT="75" STYLEREFS="font0"/><SP WIDTH="19" VPOS="653" HPOS="2094"/><String ID="p199_w730" CONTENT="at" HPOS="2113" VPOS="653" WIDTH="32" HEIGHT="75" STYLEREFS="font0"/><SP WIDTH="11" VPOS="653" HPOS="2145"/><String ID="p199_w731" CONTENT="their" HPOS="2156" VPOS="653" WIDTH="87" HEIGHT="75" STYLEREFS="font0"/></TextLine><TextLine WIDTH="1033" HEIGHT="75" ID="p199_t77" HPOS="1209" VPOS="699"><String ID="p199_w732" CONTENT="upper" HPOS="1209" VPOS="699" WIDTH="101" HEIGHT="75" STYLEREFS="font0"/><SP WIDTH="15" VPOS="699" HPOS="1310"/><String ID="p199_w733" CONTENT="fore-part." HPOS="1325" VPOS="699" WIDTH="172" HEIGHT="75" STYLEREFS="font0"/><SP WIDTH="47" VPOS="699" HPOS="1497"/><String ID="p199_w734" CONTENT="This" HPOS="1544" VPOS="699" WIDTH="87" HEIGHT="75" STYLEREFS="font0"/><SP WIDTH="23" VPOS="699" HPOS="1631"/><String ID="p199_w735" CONTENT="hole" HPOS="1654" VPOS="699" WIDTH="74" HEIGHT="75" STYLEREFS="font0"/><SP WIDTH="23" VPOS="699" HPOS="1728"/><String ID="p199_w736" CONTENT="is" HPOS="1751" VPOS="699" WIDTH="27" HEIGHT="75" STYLEREFS="font0"/><SP WIDTH="24" VPOS="699" HPOS="1778"/><String ID="p199_w737" CONTENT="not" HPOS="1802" VPOS="699" WIDTH="58" HEIGHT="75" STYLEREFS="font0"/><SP WIDTH="23" VPOS="699" HPOS="1860"/><String ID="p199_w738" CONTENT="formed" HPOS="1883" VPOS="699" WIDTH="126" HEIGHT="75" STYLEREFS="font0"/><SP WIDTH="24" VPOS="699" HPOS="2009"/><String ID="p199_w739" CONTENT="only" HPOS="2033" VPOS="699" WIDTH="76" HEIGHT="75" STYLEREFS="font0"/><SP WIDTH="16" VPOS="699" HPOS="2109"/><String ID="p199_w740" CONTENT="by" HPOS="2125" VPOS="699" WIDTH="45" HEIGHT="75" STYLEREFS="font0"/><SP WIDTH="15" VPOS="699" HPOS="2170"/><String ID="p199_w741" CONTENT="the" HPOS="2185" VPOS="699" WIDTH="57" HEIGHT="75" STYLEREFS="font0"/></TextLine><TextLine WIDTH="1035" HEIGHT="75" ID="p199_t78" HPOS="1207" VPOS="745"><String ID="p199_w742" CONTENT="bs" HPOS="1207" VPOS="745" WIDTH="36" HEIGHT="75" STYLEREFS="font0"/><SP WIDTH="16" VPOS="745" HPOS="1243"/><String ID="p199_w743" CONTENT="fphenoides," HPOS="1259" VPOS="745" WIDTH="201" HEIGHT="75" STYLEREFS="font0"/><SP WIDTH="19" VPOS="745" HPOS="1460"/><String ID="p199_w744" CONTENT="which" HPOS="1479" VPOS="745" WIDTH="106" HEIGHT="75" STYLEREFS="font0"/><SP WIDTH="15" VPOS="745" HPOS="1585"/><String ID="p199_w745" CONTENT="has" HPOS="1600" VPOS="745" WIDTH="58" HEIGHT="75" STYLEREFS="font0"/><SP WIDTH="13" VPOS="745" HPOS="1658"/><String ID="p199_w746" CONTENT="an" HPOS="1671" VPOS="745" WIDTH="39" HEIGHT="75" STYLEREFS="font0"/><SP WIDTH="17" VPOS="745" HPOS="1710"/><String ID="p199_w747" CONTENT="aperture" HPOS="1727" VPOS="745" WIDTH="146" HEIGHT="75" STYLEREFS="font0"/><SP WIDTH="12" VPOS="745" HPOS="1873"/><String ID="p199_w748" CONTENT="near" HPOS="1885" VPOS="745" WIDTH="77" HEIGHT="75" STYLEREFS="font0"/><SP WIDTH="11" VPOS="745" HPOS="1962"/><String ID="p199_w749" CONTENT="as" HPOS="1973" VPOS="745" WIDTH="34" HEIGHT="75" STYLEREFS="font0"/><SP WIDTH="16" VPOS="745" HPOS="2007"/><String ID="p199_w750" CONTENT="large" HPOS="2023" VPOS="745" WIDTH="89" HEIGHT="75" STYLEREFS="font0"/><SP WIDTH="17" VPOS="745" HPOS="2112"/><String ID="p199_w751" CONTENT="as" HPOS="2129" VPOS="745" WIDTH="33" HEIGHT="75" STYLEREFS="font0"/><SP WIDTH="17" VPOS="745" HPOS="2162"/><String ID="p199_w752" CONTENT="any" HPOS="2179" VPOS="745" WIDTH="63" HEIGHT="75" STYLEREFS="font0"/></TextLine><TextLine WIDTH="1034" HEIGHT="75" ID="p199_t79" HPOS="1207" VPOS="792"><String ID="p199_w753" CONTENT="tranfverfe" HPOS="1207" VPOS="792" WIDTH="172" HEIGHT="75" STYLEREFS="font0"/><SP WIDTH="27" VPOS="792" HPOS="1379"/><String ID="p199_w754" CONTENT="febtion" HPOS="1406" VPOS="792" WIDTH="116" HEIGHT="75" STYLEREFS="font0"/><SP WIDTH="24" VPOS="792" HPOS="1522"/><String ID="p199_w755" CONTENT="of" HPOS="1546" VPOS="792" WIDTH="42" HEIGHT="75" STYLEREFS="font0"/><SP WIDTH="21" VPOS="792" HPOS="1588"/><String ID="p199_w756" CONTENT="the" HPOS="1609" VPOS="792" WIDTH="56" HEIGHT="75" STYLEREFS="font0"/><SP WIDTH="27" VPOS="792" HPOS="1665"/><String ID="p199_w757" CONTENT="finus," HPOS="1692" VPOS="792" WIDTH="94" HEIGHT="75" STYLEREFS="font0"/><SP WIDTH="28" VPOS="792" HPOS="1786"/><String ID="p199_w758" CONTENT="but" HPOS="1814" VPOS="792" WIDTH="60" HEIGHT="75" STYLEREFS="font0"/><SP WIDTH="27" VPOS="792" HPOS="1874"/><String ID="p199_w759" CONTENT="alfo" HPOS="1901" VPOS="792" WIDTH="65" HEIGHT="75" STYLEREFS="font0"/><SP WIDTH="23" VPOS="792" HPOS="1966"/><String ID="p199_w760" CONTENT="by" HPOS="1989" VPOS="792" WIDTH="43" HEIGHT="75" STYLEREFS="font0"/><SP WIDTH="16" VPOS="792" HPOS="2032"/><String ID="p199_w761" CONTENT="the" HPOS="2048" VPOS="792" WIDTH="56" HEIGHT="75" STYLEREFS="font0"/><SP WIDTH="16" VPOS="792" HPOS="2104"/><String ID="p199_w762" CONTENT="palate-" HPOS="2120" VPOS="792" WIDTH="121" HEIGHT="75" STYLEREFS="font0"/></TextLine><TextLine WIDTH="1033" HEIGHT="75" ID="p199_t80" HPOS="1207" VPOS="838"><String ID="p199_w763" CONTENT="bones" HPOS="1207" VPOS="838" WIDTH="97" HEIGHT="75" STYLEREFS="font0"/><SP WIDTH="18" VPOS="838" HPOS="1304"/><String ID="p199_w764" CONTENT="which" HPOS="1322" VPOS="838" WIDTH="106" HEIGHT="75" STYLEREFS="font0"/><SP WIDTH="17" VPOS="838" HPOS="1428"/><String ID="p199_w765" CONTENT="are" HPOS="1445" VPOS="838" WIDTH="53" HEIGHT="75" STYLEREFS="font0"/><SP WIDTH="17" VPOS="838" HPOS="1498"/><String ID="p199_w766" CONTENT="applied" HPOS="1515" VPOS="838" WIDTH="124" HEIGHT="75" STYLEREFS="font0"/><SP WIDTH="15" VPOS="838" HPOS="1639"/><String ID="p199_w767" CONTENT="to" HPOS="1654" VPOS="838" WIDTH="35" HEIGHT="75" STYLEREFS="font0"/><SP WIDTH="16" VPOS="838" HPOS="1689"/><String ID="p199_w768" CONTENT="the" HPOS="1705" VPOS="838" WIDTH="55" HEIGHT="75" STYLEREFS="font0"/><SP WIDTH="18" VPOS="838" HPOS="1760"/><String ID="p199_w769" CONTENT="fore-part" HPOS="1778" VPOS="838" WIDTH="159" HEIGHT="75" STYLEREFS="font0"/><SP WIDTH="16" VPOS="838" HPOS="1937"/><String ID="p199_w770" CONTENT="of" HPOS="1953" VPOS="838" WIDTH="40" HEIGHT="75" STYLEREFS="font0"/><SP WIDTH="17" VPOS="838" HPOS="1993"/><String ID="p199_w771" CONTENT="thefe" HPOS="2010" VPOS="838" WIDTH="87" HEIGHT="75" STYLEREFS="font0"/><SP WIDTH="17" VPOS="838" HPOS="2097"/><String ID="p199_w772" CONTENT="finufes," HPOS="2114" VPOS="838" WIDTH="126" HEIGHT="75" STYLEREFS="font0"/></TextLine><TextLine WIDTH="1031" HEIGHT="75" ID="p199_t81" HPOS="1207" VPOS="883"><String ID="p199_w773" CONTENT="and" HPOS="1207" VPOS="883" WIDTH="63" HEIGHT="75" STYLEREFS="font0"/><SP WIDTH="15" VPOS="883" HPOS="1270"/><String ID="p199_w774" CONTENT="clofe" HPOS="1285" VPOS="883" WIDTH="83" HEIGHT="75" STYLEREFS="font0"/><SP WIDTH="23" VPOS="883" HPOS="1368"/><String ID="p199_w775" CONTENT="them" HPOS="1391" VPOS="883" WIDTH="88" HEIGHT="75" STYLEREFS="font0"/><SP WIDTH="18" VPOS="883" HPOS="1479"/><String ID="p199_w776" CONTENT="up," HPOS="1497" VPOS="883" WIDTH="54" HEIGHT="75" STYLEREFS="font0"/><SP WIDTH="22" VPOS="883" HPOS="1551"/><String ID="p199_w777" CONTENT="that" HPOS="1573" VPOS="883" WIDTH="71" HEIGHT="75" STYLEREFS="font0"/><SP WIDTH="23" VPOS="883" HPOS="1644"/><String ID="p199_w778" CONTENT="hole" HPOS="1667" VPOS="883" WIDTH="74" HEIGHT="75" STYLEREFS="font0"/><SP WIDTH="23" VPOS="883" HPOS="1741"/><String ID="p199_w779" CONTENT="only" HPOS="1764" VPOS="883" WIDTH="77" HEIGHT="75" STYLEREFS="font0"/><SP WIDTH="16" VPOS="883" HPOS="1841"/><String ID="p199_w780" CONTENT="excepted," HPOS="1857" VPOS="883" WIDTH="170" HEIGHT="75" STYLEREFS="font0"/><SP WIDTH="25" VPOS="883" HPOS="2027"/><String ID="p199_w781" CONTENT="which" HPOS="2052" VPOS="883" WIDTH="106" HEIGHT="75" STYLEREFS="font0"/><SP WIDTH="17" VPOS="883" HPOS="2158"/><String ID="p199_w782" CONTENT="was" HPOS="2175" VPOS="883" WIDTH="63" HEIGHT="75" STYLEREFS="font0"/></TextLine><TextLine WIDTH="1039" HEIGHT="75" ID="p199_t82" HPOS="1209" VPOS="930"><String ID="p199_w783" CONTENT="already" HPOS="1209" VPOS="930" WIDTH="129" HEIGHT="75" STYLEREFS="font0"/><SP WIDTH="16" VPOS="930" HPOS="1338"/><String ID="p199_w784" CONTENT="mentioned." HPOS="1354" VPOS="930" WIDTH="196" HEIGHT="75" STYLEREFS="font0"/><SP WIDTH="48" VPOS="930" HPOS="1550"/><String ID="p199_w785" CONTENT="Frequently" HPOS="1598" VPOS="930" WIDTH="198" HEIGHT="75" STYLEREFS="font0"/><SP WIDTH="17" VPOS="930" HPOS="1796"/><String ID="p199_w786" CONTENT="the" HPOS="1813" VPOS="930" WIDTH="56" HEIGHT="75" STYLEREFS="font0"/><SP WIDTH="27" VPOS="930" HPOS="1869"/><String ID="p199_w787" CONTENT="two" HPOS="1896" VPOS="930" WIDTH="66" HEIGHT="75" STYLEREFS="font0"/><SP WIDTH="24" VPOS="930" HPOS="1962"/><String ID="p199_w788" CONTENT="finufes" HPOS="1986" VPOS="930" WIDTH="113" HEIGHT="75" STYLEREFS="font0"/><SP WIDTH="28" VPOS="930" HPOS="2099"/><String ID="p199_w789" CONTENT="are" HPOS="2127" VPOS="930" WIDTH="54" HEIGHT="75" STYLEREFS="font0"/><SP WIDTH="25" VPOS="930" HPOS="2181"/><String ID="p199_w790" CONTENT="of" HPOS="2206" VPOS="930" WIDTH="42" HEIGHT="75" STYLEREFS="font0"/></TextLine><TextLine WIDTH="1036" HEIGHT="75" ID="p199_t83" HPOS="1206" VPOS="976"><String ID="p199_w791" CONTENT="unequal" HPOS="1206" VPOS="976" WIDTH="138" HEIGHT="75" STYLEREFS="font0"/><SP WIDTH="27" VPOS="976" HPOS="1344"/><String ID="p199_w792" CONTENT="dimenfions," HPOS="1371" VPOS="976" WIDTH="202" HEIGHT="75" STYLEREFS="font0"/><SP WIDTH="29" VPOS="976" HPOS="1573"/><String ID="p199_w793" CONTENT="and" HPOS="1602" VPOS="976" WIDTH="63" HEIGHT="75" STYLEREFS="font0"/><SP WIDTH="31" VPOS="976" HPOS="1665"/><String ID="p199_w794" CONTENT="fometimes" HPOS="1696" VPOS="976" WIDTH="179" HEIGHT="75" STYLEREFS="font0"/><SP WIDTH="28" VPOS="976" HPOS="1875"/><String ID="p199_w795" CONTENT="there" HPOS="1903" VPOS="976" WIDTH="92" HEIGHT="75" STYLEREFS="font0"/><SP WIDTH="27" VPOS="976" HPOS="1995"/><String ID="p199_w796" CONTENT="is" HPOS="2022" VPOS="976" WIDTH="28" HEIGHT="75" STYLEREFS="font0"/><SP WIDTH="29" VPOS="976" HPOS="2050"/><String ID="p199_w797" CONTENT="only" HPOS="2079" VPOS="976" WIDTH="76" HEIGHT="75" STYLEREFS="font0"/><SP WIDTH="25" VPOS="976" HPOS="2155"/><String ID="p199_w798" CONTENT="one" HPOS="2180" VPOS="976" WIDTH="62" HEIGHT="75" STYLEREFS="font0"/></TextLine><TextLine WIDTH="829" HEIGHT="75" ID="p199_t84" HPOS="1207" VPOS="1023"><String ID="p199_w799" CONTENT="large" HPOS="1207" VPOS="1023" WIDTH="88" HEIGHT="75" STYLEREFS="font0"/><SP WIDTH="17" VPOS="1023" HPOS="1295"/><String ID="p199_w800" CONTENT="cavity," HPOS="1312" VPOS="1023" WIDTH="118" HEIGHT="75" STYLEREFS="font0"/><SP WIDTH="19" VPOS="1023" HPOS="1430"/><String ID="p199_w801" CONTENT="with" HPOS="1449" VPOS="1023" WIDTH="78" HEIGHT="75" STYLEREFS="font0"/><SP WIDTH="17" VPOS="1023" HPOS="1527"/><String ID="p199_w802" CONTENT="an" HPOS="1544" VPOS="1023" WIDTH="40" HEIGHT="75" STYLEREFS="font0"/><SP WIDTH="16" VPOS="1023" HPOS="1584"/><String ID="p199_w803" CONTENT="opening" HPOS="1600" VPOS="1023" WIDTH="137" HEIGHT="75" STYLEREFS="font0"/><SP WIDTH="15" VPOS="1023" HPOS="1737"/><String ID="p199_w804" CONTENT="into" HPOS="1752" VPOS="1023" WIDTH="68" HEIGHT="75" STYLEREFS="font0"/><SP WIDTH="17" VPOS="1023" HPOS="1820"/><String ID="p199_w805" CONTENT="one" HPOS="1837" VPOS="1023" WIDTH="60" HEIGHT="75" STYLEREFS="font0"/><SP WIDTH="17" VPOS="1023" HPOS="1897"/><String ID="p199_w806" CONTENT="noflril." HPOS="1914" VPOS="1023" WIDTH="122" HEIGHT="75" STYLEREFS="font0"/></TextLine><TextLine WIDTH="987" HEIGHT="75" ID="p199_t85" HPOS="1254" VPOS="1070"><String ID="p199_w807" CONTENT="As" HPOS="1254" VPOS="1070" WIDTH="49" HEIGHT="75" STYLEREFS="font0"/><SP WIDTH="24" VPOS="1070" HPOS="1303"/><String ID="p199_w808" CONTENT="this" HPOS="1327" VPOS="1070" WIDTH="65" HEIGHT="75" STYLEREFS="font0"/><SP WIDTH="18" VPOS="1070" HPOS="1392"/><String ID="p199_w809" CONTENT="bone" HPOS="1410" VPOS="1070" WIDTH="82" HEIGHT="75" STYLEREFS="font0"/><SP WIDTH="16" VPOS="1070" HPOS="1492"/><String ID="p199_w810" CONTENT="is" HPOS="1508" VPOS="1070" WIDTH="26" HEIGHT="75" STYLEREFS="font0"/><SP WIDTH="18" VPOS="1070" HPOS="1534"/><String ID="p199_w811" CONTENT="extremely" HPOS="1552" VPOS="1070" WIDTH="180" HEIGHT="75" STYLEREFS="font0"/><SP WIDTH="17" VPOS="1070" HPOS="1732"/><String ID="p199_w812" CONTENT="ragged" HPOS="1749" VPOS="1070" WIDTH="120" HEIGHT="75" STYLEREFS="font0"/><SP WIDTH="17" VPOS="1070" HPOS="1869"/><String ID="p199_w813" CONTENT="and" HPOS="1886" VPOS="1070" WIDTH="63" HEIGHT="75" STYLEREFS="font0"/><SP WIDTH="15" VPOS="1070" HPOS="1949"/><String ID="p199_w814" CONTENT="unequal," HPOS="1964" VPOS="1070" WIDTH="151" HEIGHT="75" STYLEREFS="font0"/><SP WIDTH="27" VPOS="1070" HPOS="2115"/><String ID="p199_w815" CONTENT="fo" HPOS="2142" VPOS="1070" WIDTH="34" HEIGHT="75" STYLEREFS="font0"/><SP WIDTH="23" VPOS="1070" HPOS="2176"/><String ID="p199_w816" CONTENT="its" HPOS="2199" VPOS="1070" WIDTH="42" HEIGHT="75" STYLEREFS="font0"/></TextLine><TextLine WIDTH="1035" HEIGHT="75" ID="p199_t86" HPOS="1207" VPOS="1116"><String ID="p199_w817" CONTENT="fubftance" HPOS="1207" VPOS="1116" WIDTH="160" HEIGHT="75" STYLEREFS="font0"/><SP WIDTH="22" VPOS="1116" HPOS="1367"/><String ID="p199_w818" CONTENT="is" HPOS="1389" VPOS="1116" WIDTH="27" HEIGHT="75" STYLEREFS="font0"/><SP WIDTH="25" VPOS="1116" HPOS="1416"/><String ID="p199_w819" CONTENT="of" HPOS="1441" VPOS="1116" WIDTH="40" HEIGHT="75" STYLEREFS="font0"/><SP WIDTH="22" VPOS="1116" HPOS="1481"/><String ID="p199_w820" CONTENT="very" HPOS="1503" VPOS="1116" WIDTH="79" HEIGHT="75" STYLEREFS="font0"/><SP WIDTH="15" VPOS="1116" HPOS="1582"/><String ID="p199_w821" CONTENT="different" HPOS="1597" VPOS="1116" WIDTH="149" HEIGHT="75" STYLEREFS="font0"/><SP WIDTH="29" VPOS="1116" HPOS="1746"/><String ID="p199_w822" CONTENT="thicknefs," HPOS="1775" VPOS="1116" WIDTH="171" HEIGHT="75" STYLEREFS="font0"/><SP WIDTH="29" VPOS="1116" HPOS="1946"/><String ID="p199_w823" CONTENT="being" HPOS="1975" VPOS="1116" WIDTH="94" HEIGHT="75" STYLEREFS="font0"/><SP WIDTH="24" VPOS="1116" HPOS="2069"/><String ID="p199_w824" CONTENT="in" HPOS="2093" VPOS="1116" WIDTH="32" HEIGHT="75" STYLEREFS="font0"/><SP WIDTH="28" VPOS="1116" HPOS="2125"/><String ID="p199_w825" CONTENT="fome" HPOS="2153" VPOS="1116" WIDTH="89" HEIGHT="75" STYLEREFS="font0"/></TextLine><TextLine WIDTH="1034" HEIGHT="75" ID="p199_t87" HPOS="1205" VPOS="1163"><String ID="p199_w826" CONTENT="places" HPOS="1205" VPOS="1163" WIDTH="104" HEIGHT="75" STYLEREFS="font0"/><SP WIDTH="17" VPOS="1163" HPOS="1309"/><String ID="p199_w827" CONTENT="diaphanous;" HPOS="1326" VPOS="1163" WIDTH="213" HEIGHT="75" STYLEREFS="font0"/><SP WIDTH="27" VPOS="1163" HPOS="1539"/><String ID="p199_w828" CONTENT="in" HPOS="1566" VPOS="1163" WIDTH="33" HEIGHT="75" STYLEREFS="font0"/><SP WIDTH="15" VPOS="1163" HPOS="1599"/><String ID="p199_w829" CONTENT="others" HPOS="1614" VPOS="1163" WIDTH="109" HEIGHT="75" STYLEREFS="font0"/><SP WIDTH="16" VPOS="1163" HPOS="1723"/><String ID="p199_w830" CONTENT="it" HPOS="1739" VPOS="1163" WIDTH="27" HEIGHT="75" STYLEREFS="font0"/><SP WIDTH="19" VPOS="1163" HPOS="1766"/><String ID="p199_w831" CONTENT="is" HPOS="1785" VPOS="1163" WIDTH="26" HEIGHT="75" STYLEREFS="font0"/><SP WIDTH="17" VPOS="1163" HPOS="1811"/><String ID="p199_w832" CONTENT="of" HPOS="1828" VPOS="1163" WIDTH="41" HEIGHT="75" STYLEREFS="font0"/><SP WIDTH="17" VPOS="1163" HPOS="1869"/><String ID="p199_w833" CONTENT="a" HPOS="1886" VPOS="1163" WIDTH="19" HEIGHT="75" STYLEREFS="font0"/><SP WIDTH="15" VPOS="1163" HPOS="1905"/><String ID="p199_w834" CONTENT="middle" HPOS="1920" VPOS="1163" WIDTH="120" HEIGHT="75" STYLEREFS="font0"/><SP WIDTH="25" VPOS="1163" HPOS="2040"/><String ID="p199_w835" CONTENT="thicknefs," HPOS="2065" VPOS="1163" WIDTH="174" HEIGHT="75" STYLEREFS="font0"/></TextLine><TextLine WIDTH="1040" HEIGHT="75" ID="p199_t88" HPOS="1206" VPOS="1209"><String ID="p199_w836" CONTENT="and" HPOS="1206" VPOS="1209" WIDTH="63" HEIGHT="75" STYLEREFS="font0"/><SP WIDTH="14" VPOS="1209" HPOS="1269"/><String ID="p199_w837" CONTENT="its" HPOS="1283" VPOS="1209" WIDTH="42" HEIGHT="75" STYLEREFS="font0"/><SP WIDTH="18" VPOS="1209" HPOS="1325"/><String ID="p199_w838" CONTENT="middle" HPOS="1343" VPOS="1209" WIDTH="119" HEIGHT="75" STYLEREFS="font0"/><SP WIDTH="23" VPOS="1209" HPOS="1462"/><String ID="p199_w839" CONTENT="back-part" HPOS="1485" VPOS="1209" WIDTH="171" HEIGHT="75" STYLEREFS="font0"/><SP WIDTH="26" VPOS="1209" HPOS="1656"/><String ID="p199_w840" CONTENT="furpafies" HPOS="1682" VPOS="1209" WIDTH="150" HEIGHT="75" STYLEREFS="font0"/><SP WIDTH="28" VPOS="1209" HPOS="1832"/><String ID="p199_w841" CONTENT="the" HPOS="1860" VPOS="1209" WIDTH="56" HEIGHT="75" STYLEREFS="font0"/><SP WIDTH="28" VPOS="1209" HPOS="1916"/><String ID="p199_w842" CONTENT="greatefl" HPOS="1944" VPOS="1209" WIDTH="134" HEIGHT="75" STYLEREFS="font0"/><SP WIDTH="16" VPOS="1209" HPOS="2078"/><String ID="p199_w843" CONTENT="fhare" HPOS="2094" VPOS="1209" WIDTH="87" HEIGHT="75" STYLEREFS="font0"/><SP WIDTH="23" VPOS="1209" HPOS="2181"/><String ID="p199_w844" CONTENT="of" HPOS="2204" VPOS="1209" WIDTH="42" HEIGHT="75" STYLEREFS="font0"/></TextLine><TextLine WIDTH="450" HEIGHT="75" ID="p199_t89" HPOS="1207" VPOS="1255"><String ID="p199_w845" CONTENT="the" HPOS="1207" VPOS="1255" WIDTH="54" HEIGHT="75" STYLEREFS="font0"/><SP WIDTH="17" VPOS="1255" HPOS="1261"/><String ID="p199_w846" CONTENT="cranium" HPOS="1278" VPOS="1255" WIDTH="141" HEIGHT="75" STYLEREFS="font0"/><SP WIDTH="17" VPOS="1255" HPOS="1419"/><String ID="p199_w847" CONTENT="in" HPOS="1436" VPOS="1255" WIDTH="32" HEIGHT="75" STYLEREFS="font0"/><SP WIDTH="17" VPOS="1255" HPOS="1468"/><String ID="p199_w848" CONTENT="thieknefs." HPOS="1485" VPOS="1255" WIDTH="172" HEIGHT="75" STYLEREFS="font0"/></TextLine><TextLine WIDTH="986" HEIGHT="75" ID="p199_t90" HPOS="1252" VPOS="1301"><String ID="p199_w849" CONTENT="The" HPOS="1252" VPOS="1301" WIDTH="77" HEIGHT="75" STYLEREFS="font0"/><SP WIDTH="16" VPOS="1301" HPOS="1329"/><String ID="p199_w850" CONTENT="os" HPOS="1345" VPOS="1301" WIDTH="36" HEIGHT="75" STYLEREFS="font0"/><SP WIDTH="22" VPOS="1301" HPOS="1381"/><String ID="p199_w851" CONTENT="fphenoides" HPOS="1403" VPOS="1301" WIDTH="187" HEIGHT="75" STYLEREFS="font0"/><SP WIDTH="17" VPOS="1301" HPOS="1590"/><String ID="p199_w852" CONTENT="is" HPOS="1607" VPOS="1301" WIDTH="26" HEIGHT="75" STYLEREFS="font0"/><SP WIDTH="14" VPOS="1301" HPOS="1633"/><String ID="p199_w853" CONTENT="joined," HPOS="1647" VPOS="1301" WIDTH="124" HEIGHT="75" STYLEREFS="font0"/><SP WIDTH="28" VPOS="1301" HPOS="1771"/><String ID="p199_w854" CONTENT="by" HPOS="1799" VPOS="1301" WIDTH="45" HEIGHT="75" STYLEREFS="font0"/><SP WIDTH="15" VPOS="1301" HPOS="1844"/><String ID="p199_w855" CONTENT="its" HPOS="1859" VPOS="1301" WIDTH="41" HEIGHT="75" STYLEREFS="font0"/><SP WIDTH="16" VPOS="1301" HPOS="1900"/><String ID="p199_w856" CONTENT="wings," HPOS="1916" VPOS="1301" WIDTH="114" HEIGHT="75" STYLEREFS="font0"/><SP WIDTH="26" VPOS="1301" HPOS="2030"/><String ID="p199_w857" CONTENT="to" HPOS="2056" VPOS="1301" WIDTH="35" HEIGHT="75" STYLEREFS="font0"/><SP WIDTH="20" VPOS="1301" HPOS="2091"/><String ID="p199_w858" CONTENT="the" HPOS="2111" VPOS="1301" WIDTH="57" HEIGHT="75" STYLEREFS="font0"/><SP WIDTH="15" VPOS="1301" HPOS="2168"/><String ID="p199_w859" CONTENT="pa-" HPOS="2183" VPOS="1301" WIDTH="55" HEIGHT="75" STYLEREFS="font0"/></TextLine><TextLine WIDTH="1034" HEIGHT="75" ID="p199_t91" HPOS="1206" VPOS="1347"><String ID="p199_w860" CONTENT="rietal" HPOS="1206" VPOS="1347" WIDTH="91" HEIGHT="75" STYLEREFS="font0"/><SP WIDTH="17" VPOS="1347" HPOS="1297"/><String ID="p199_w861" CONTENT="bones" HPOS="1314" VPOS="1347" WIDTH="98" HEIGHT="75" STYLEREFS="font0"/><SP WIDTH="16" VPOS="1347" HPOS="1412"/><String ID="p199_w862" CONTENT="above," HPOS="1428" VPOS="1347" WIDTH="113" HEIGHT="75" STYLEREFS="font0"/><SP WIDTH="30" VPOS="1347" HPOS="1541"/><String ID="p199_w863" CONTENT="to" HPOS="1571" VPOS="1347" WIDTH="35" HEIGHT="75" STYLEREFS="font0"/><SP WIDTH="24" VPOS="1347" HPOS="1606"/><String ID="p199_w864" CONTENT="the" HPOS="1630" VPOS="1347" WIDTH="55" HEIGHT="75" STYLEREFS="font0"/><SP WIDTH="22" VPOS="1347" HPOS="1685"/><String ID="p199_w865" CONTENT="os" HPOS="1707" VPOS="1347" WIDTH="36" HEIGHT="75" STYLEREFS="font0"/><SP WIDTH="25" VPOS="1347" HPOS="1743"/><String ID="p199_w866" CONTENT="frontis" HPOS="1768" VPOS="1347" WIDTH="114" HEIGHT="75" STYLEREFS="font0"/><SP WIDTH="29" VPOS="1347" HPOS="1882"/><String ID="p199_w867" CONTENT="and" HPOS="1911" VPOS="1347" WIDTH="63" HEIGHT="75" STYLEREFS="font0"/><SP WIDTH="21" VPOS="1347" HPOS="1974"/><String ID="p199_w868" CONTENT="ofla" HPOS="1995" VPOS="1347" WIDTH="65" HEIGHT="75" STYLEREFS="font0"/><SP WIDTH="23" VPOS="1347" HPOS="2060"/><String ID="p199_w869" CONTENT="malarum" HPOS="2083" VPOS="1347" WIDTH="157" HEIGHT="75" STYLEREFS="font0"/></TextLine><TextLine WIDTH="1036" HEIGHT="75" ID="p199_t92" HPOS="1206" VPOS="1395"><String ID="p199_w870" CONTENT="before," HPOS="1206" VPOS="1395" WIDTH="123" HEIGHT="75" STYLEREFS="font0"/><SP WIDTH="26" VPOS="1395" HPOS="1329"/><String ID="p199_w871" CONTENT="to" HPOS="1355" VPOS="1395" WIDTH="35" HEIGHT="75" STYLEREFS="font0"/><SP WIDTH="17" VPOS="1395" HPOS="1390"/><String ID="p199_w872" CONTENT="the" HPOS="1407" VPOS="1395" WIDTH="56" HEIGHT="75" STYLEREFS="font0"/><SP WIDTH="16" VPOS="1395" HPOS="1463"/><String ID="p199_w873" CONTENT="temporal" HPOS="1479" VPOS="1395" WIDTH="156" HEIGHT="75" STYLEREFS="font0"/><SP WIDTH="16" VPOS="1395" HPOS="1635"/><String ID="p199_w874" CONTENT="bones" HPOS="1651" VPOS="1395" WIDTH="97" HEIGHT="75" STYLEREFS="font0"/><SP WIDTH="13" VPOS="1395" HPOS="1748"/><String ID="p199_w875" CONTENT="behind;—by" HPOS="1761" VPOS="1395" WIDTH="233" HEIGHT="75" STYLEREFS="font0"/><SP WIDTH="16" VPOS="1395" HPOS="1994"/><String ID="p199_w876" CONTENT="the" HPOS="2010" VPOS="1395" WIDTH="55" HEIGHT="75" STYLEREFS="font0"/><SP WIDTH="16" VPOS="1395" HPOS="2065"/><String ID="p199_w877" CONTENT="fore-part" HPOS="2081" VPOS="1395" WIDTH="161" HEIGHT="75" STYLEREFS="font0"/></TextLine><TextLine WIDTH="1032" HEIGHT="75" ID="p199_t93" HPOS="1206" VPOS="1441"><String ID="p199_w878" CONTENT="of" HPOS="1206" VPOS="1441" WIDTH="40" HEIGHT="75" STYLEREFS="font0"/><SP WIDTH="16" VPOS="1441" HPOS="1246"/><String ID="p199_w879" CONTENT="its" HPOS="1262" VPOS="1441" WIDTH="42" HEIGHT="75" STYLEREFS="font0"/><SP WIDTH="15" VPOS="1441" HPOS="1304"/><String ID="p199_w880" CONTENT="body" HPOS="1319" VPOS="1441" WIDTH="89" HEIGHT="75" STYLEREFS="font0"/><SP WIDTH="15" VPOS="1441" HPOS="1408"/><String ID="p199_w881" CONTENT="and" HPOS="1423" VPOS="1441" WIDTH="63" HEIGHT="75" STYLEREFS="font0"/><SP WIDTH="15" VPOS="1441" HPOS="1486"/><String ID="p199_w882" CONTENT="fpinous" HPOS="1501" VPOS="1441" WIDTH="127" HEIGHT="75" STYLEREFS="font0"/><SP WIDTH="16" VPOS="1441" HPOS="1628"/><String ID="p199_w883" CONTENT="procefies," HPOS="1644" VPOS="1441" WIDTH="167" HEIGHT="75" STYLEREFS="font0"/><SP WIDTH="18" VPOS="1441" HPOS="1811"/><String ID="p199_w884" CONTENT="to" HPOS="1829" VPOS="1441" WIDTH="35" HEIGHT="75" STYLEREFS="font0"/><SP WIDTH="16" VPOS="1441" HPOS="1864"/><String ID="p199_w885" CONTENT="the" HPOS="1880" VPOS="1441" WIDTH="56" HEIGHT="75" STYLEREFS="font0"/><SP WIDTH="15" VPOS="1441" HPOS="1936"/><String ID="p199_w886" CONTENT="frontal" HPOS="1951" VPOS="1441" WIDTH="120" HEIGHT="75" STYLEREFS="font0"/><SP WIDTH="17" VPOS="1441" HPOS="2071"/><String ID="p199_w887" CONTENT="and" HPOS="2088" VPOS="1441" WIDTH="63" HEIGHT="75" STYLEREFS="font0"/><SP WIDTH="15" VPOS="1441" HPOS="2151"/><String ID="p199_w888" CONTENT="eth-" HPOS="2166" VPOS="1441" WIDTH="72" HEIGHT="75" STYLEREFS="font0"/></TextLine><TextLine WIDTH="1032" HEIGHT="75" ID="p199_t94" HPOS="1204" VPOS="1487"><String ID="p199_w889" CONTENT="moid" HPOS="1204" VPOS="1487" WIDTH="88" HEIGHT="75" STYLEREFS="font0"/><SP WIDTH="23" VPOS="1487" HPOS="1292"/><String ID="p199_w890" CONTENT="bones" HPOS="1315" VPOS="1487" WIDTH="97" HEIGHT="75" STYLEREFS="font0"/><SP WIDTH="15" VPOS="1487" HPOS="1412"/><String ID="p199_w891" CONTENT=";—by" HPOS="1427" VPOS="1487" WIDTH="104" HEIGHT="75" STYLEREFS="font0"/><SP WIDTH="15" VPOS="1487" HPOS="1531"/><String ID="p199_w892" CONTENT="its" HPOS="1546" VPOS="1487" WIDTH="42" HEIGHT="75" STYLEREFS="font0"/><SP WIDTH="23" VPOS="1487" HPOS="1588"/><String ID="p199_w893" CONTENT="back-part," HPOS="1611" VPOS="1487" WIDTH="183" HEIGHT="75" STYLEREFS="font0"/><SP WIDTH="25" VPOS="1487" HPOS="1794"/><String ID="p199_w894" CONTENT="behind" HPOS="1819" VPOS="1487" WIDTH="120" HEIGHT="75" STYLEREFS="font0"/><SP WIDTH="15" VPOS="1487" HPOS="1939"/><String ID="p199_w895" CONTENT="the" HPOS="1954" VPOS="1487" WIDTH="57" HEIGHT="75" STYLEREFS="font0"/><SP WIDTH="16" VPOS="1487" HPOS="2011"/><String ID="p199_w896" CONTENT="two" HPOS="2027" VPOS="1487" WIDTH="67" HEIGHT="75" STYLEREFS="font0"/><SP WIDTH="16" VPOS="1487" HPOS="2094"/><String ID="p199_w897" CONTENT="finufes," HPOS="2110" VPOS="1487" WIDTH="126" HEIGHT="75" STYLEREFS="font0"/></TextLine><TextLine WIDTH="1032" HEIGHT="75" ID="p199_t95" HPOS="1206" VPOS="1533"><String ID="p199_w898" CONTENT="to" HPOS="1206" VPOS="1533" WIDTH="35" HEIGHT="75" STYLEREFS="font0"/><SP WIDTH="16" VPOS="1533" HPOS="1241"/><String ID="p199_w899" CONTENT="the" HPOS="1257" VPOS="1533" WIDTH="56" HEIGHT="75" STYLEREFS="font0"/><SP WIDTH="16" VPOS="1533" HPOS="1313"/><String ID="p199_w900" CONTENT="occipital," HPOS="1329" VPOS="1533" WIDTH="161" HEIGHT="75" STYLEREFS="font0"/><SP WIDTH="19" VPOS="1533" HPOS="1490"/><String ID="p199_w901" CONTENT="where" HPOS="1509" VPOS="1533" WIDTH="106" HEIGHT="75" STYLEREFS="font0"/><SP WIDTH="17" VPOS="1533" HPOS="1615"/><String ID="p199_w902" CONTENT="it." HPOS="1632" VPOS="1533" WIDTH="34" HEIGHT="75" STYLEREFS="font0"/><SP WIDTH="7" VPOS="1533" HPOS="1666"/><String ID="p199_w903" CONTENT="looks" HPOS="1673" VPOS="1533" WIDTH="92" HEIGHT="75" STYLEREFS="font0"/><SP WIDTH="23" VPOS="1533" HPOS="1765"/><String ID="p199_w904" CONTENT="like" HPOS="1788" VPOS="1533" WIDTH="66" HEIGHT="75" STYLEREFS="font0"/><SP WIDTH="16" VPOS="1533" HPOS="1854"/><String ID="p199_w905" CONTENT="a" HPOS="1870" VPOS="1533" WIDTH="18" HEIGHT="75" STYLEREFS="font0"/><SP WIDTH="16" VPOS="1533" HPOS="1888"/><String ID="p199_w906" CONTENT="bone" HPOS="1904" VPOS="1533" WIDTH="82" HEIGHT="75" STYLEREFS="font0"/><SP WIDTH="19" VPOS="1533" HPOS="1986"/><String ID="p199_w907" CONTENT="with" HPOS="2005" VPOS="1533" WIDTH="77" HEIGHT="75" STYLEREFS="font0"/><SP WIDTH="18" VPOS="1533" HPOS="2082"/><String ID="p199_w908" CONTENT="the" HPOS="2100" VPOS="1533" WIDTH="55" HEIGHT="75" STYLEREFS="font0"/><SP WIDTH="17" VPOS="1533" HPOS="2155"/><String ID="p199_w909" CONTENT="epi-" HPOS="2172" VPOS="1533" WIDTH="66" HEIGHT="75" STYLEREFS="font0"/></TextLine><TextLine WIDTH="1033" HEIGHT="75" ID="p199_t96" HPOS="1206" VPOS="1581"><String ID="p199_w910" CONTENT="phyfes" HPOS="1206" VPOS="1581" WIDTH="112" HEIGHT="75" STYLEREFS="font0"/><SP WIDTH="33" VPOS="1581" HPOS="1318"/><String ID="p199_w911" CONTENT="taken" HPOS="1351" VPOS="1581" WIDTH="95" HEIGHT="75" STYLEREFS="font0"/><SP WIDTH="23" VPOS="1581" HPOS="1446"/><String ID="p199_w912" CONTENT="off;—to" HPOS="1469" VPOS="1581" WIDTH="158" HEIGHT="75" STYLEREFS="font0"/><SP WIDTH="27" VPOS="1581" HPOS="1627"/><String ID="p199_w913" CONTENT="the" HPOS="1654" VPOS="1581" WIDTH="56" HEIGHT="75" STYLEREFS="font0"/><SP WIDTH="22" VPOS="1581" HPOS="1710"/><String ID="p199_w914" CONTENT="palate-bones," HPOS="1732" VPOS="1581" WIDTH="234" HEIGHT="75" STYLEREFS="font0"/><SP WIDTH="31" VPOS="1581" HPOS="1966"/><String ID="p199_w915" CONTENT="by" HPOS="1997" VPOS="1581" WIDTH="44" HEIGHT="75" STYLEREFS="font0"/><SP WIDTH="31" VPOS="1581" HPOS="2041"/><String ID="p199_w916" CONTENT="the" HPOS="2072" VPOS="1581" WIDTH="55" HEIGHT="75" STYLEREFS="font0"/><SP WIDTH="32" VPOS="1581" HPOS="2127"/><String ID="p199_w917" CONTENT="ends" HPOS="2159" VPOS="1581" WIDTH="80" HEIGHT="75" STYLEREFS="font0"/></TextLine><TextLine WIDTH="1032" HEIGHT="75" ID="p199_t97" HPOS="1205" VPOS="1629"><String ID="p199_w918" CONTENT="of" HPOS="1205" VPOS="1629" WIDTH="40" HEIGHT="75" STYLEREFS="font0"/><SP WIDTH="21" VPOS="1629" HPOS="1245"/><String ID="p199_w919" CONTENT="the" HPOS="1266" VPOS="1629" WIDTH="57" HEIGHT="75" STYLEREFS="font0"/><SP WIDTH="22" VPOS="1629" HPOS="1323"/><String ID="p199_w920" CONTENT="pterygoid" HPOS="1345" VPOS="1629" WIDTH="171" HEIGHT="75" STYLEREFS="font0"/><SP WIDTH="16" VPOS="1629" HPOS="1516"/><String ID="p199_w921" CONTENT="procefies," HPOS="1532" VPOS="1629" WIDTH="166" HEIGHT="75" STYLEREFS="font0"/><SP WIDTH="25" VPOS="1629" HPOS="1698"/><String ID="p199_w922" CONTENT="and" HPOS="1723" VPOS="1629" WIDTH="62" HEIGHT="75" STYLEREFS="font0"/><SP WIDTH="27" VPOS="1629" HPOS="1785"/><String ID="p199_w923" CONTENT="ftill" HPOS="1812" VPOS="1629" WIDTH="61" HEIGHT="75" STYLEREFS="font0"/><SP WIDTH="26" VPOS="1629" HPOS="1873"/><String ID="p199_w924" CONTENT="more" HPOS="1899" VPOS="1629" WIDTH="88" HEIGHT="75" STYLEREFS="font0"/><SP WIDTH="24" VPOS="1629" HPOS="1987"/><String ID="p199_w925" CONTENT="by" HPOS="2011" VPOS="1629" WIDTH="44" HEIGHT="75" STYLEREFS="font0"/><SP WIDTH="16" VPOS="1629" HPOS="2055"/><String ID="p199_w926" CONTENT="the" HPOS="2071" VPOS="1629" WIDTH="56" HEIGHT="75" STYLEREFS="font0"/><SP WIDTH="23" VPOS="1629" HPOS="2127"/><String ID="p199_w927" CONTENT="fore-" HPOS="2150" VPOS="1629" WIDTH="87" HEIGHT="75" STYLEREFS="font0"/></TextLine><TextLine WIDTH="1034" HEIGHT="75" ID="p199_t98" HPOS="1205" VPOS="1674"><String ID="p199_w928" CONTENT="part" HPOS="1205" VPOS="1674" WIDTH="71" HEIGHT="75" STYLEREFS="font0"/><SP WIDTH="16" VPOS="1674" HPOS="1276"/><String ID="p199_w929" CONTENT="of" HPOS="1292" VPOS="1674" WIDTH="39" HEIGHT="75" STYLEREFS="font0"/><SP WIDTH="12" VPOS="1674" HPOS="1331"/><String ID="p199_w930" CONTENT="the" HPOS="1343" VPOS="1674" WIDTH="55" HEIGHT="75" STYLEREFS="font0"/><SP WIDTH="20" VPOS="1674" HPOS="1398"/><String ID="p199_w931" CONTENT="internal" HPOS="1418" VPOS="1674" WIDTH="135" HEIGHT="75" STYLEREFS="font0"/><SP WIDTH="17" VPOS="1674" HPOS="1553"/><String ID="p199_w932" CONTENT="plates" HPOS="1570" VPOS="1674" WIDTH="100" HEIGHT="75" STYLEREFS="font0"/><SP WIDTH="18" VPOS="1674" HPOS="1670"/><String ID="p199_w933" CONTENT="of" HPOS="1688" VPOS="1674" WIDTH="40" HEIGHT="75" STYLEREFS="font0"/><SP WIDTH="11" VPOS="1674" HPOS="1728"/><String ID="p199_w934" CONTENT="the" HPOS="1739" VPOS="1674" WIDTH="55" HEIGHT="75" STYLEREFS="font0"/><SP WIDTH="17" VPOS="1674" HPOS="1794"/><String ID="p199_w935" CONTENT="pterygoid" HPOS="1811" VPOS="1674" WIDTH="170" HEIGHT="75" STYLEREFS="font0"/><SP WIDTH="16" VPOS="1674" HPOS="1981"/><String ID="p199_w936" CONTENT="procefles," HPOS="1997" VPOS="1674" WIDTH="167" HEIGHT="75" STYLEREFS="font0"/><SP WIDTH="12" VPOS="1674" HPOS="2164"/><String ID="p199_w937" CONTENT="and" HPOS="2176" VPOS="1674" WIDTH="63" HEIGHT="75" STYLEREFS="font0"/></TextLine><TextLine WIDTH="1033" HEIGHT="75" ID="p199_t99" HPOS="1205" VPOS="1718"><String ID="p199_w938" CONTENT="of" HPOS="1205" VPOS="1718" WIDTH="40" HEIGHT="75" STYLEREFS="font0"/><SP WIDTH="11" VPOS="1718" HPOS="1245"/><String ID="p199_w939" CONTENT="the" HPOS="1256" VPOS="1718" WIDTH="55" HEIGHT="75" STYLEREFS="font0"/><SP WIDTH="15" VPOS="1718" HPOS="1311"/><String ID="p199_w940" CONTENT="finufes;—to" HPOS="1326" VPOS="1718" WIDTH="221" HEIGHT="75" STYLEREFS="font0"/><SP WIDTH="17" VPOS="1718" HPOS="1547"/><String ID="p199_w941" CONTENT="the" HPOS="1564" VPOS="1718" WIDTH="55" HEIGHT="75" STYLEREFS="font0"/><SP WIDTH="16" VPOS="1718" HPOS="1619"/><String ID="p199_w942" CONTENT="maxillary" HPOS="1635" VPOS="1718" WIDTH="171" HEIGHT="75" STYLEREFS="font0"/><SP WIDTH="12" VPOS="1718" HPOS="1806"/><String ID="p199_w943" CONTENT="bones," HPOS="1818" VPOS="1718" WIDTH="111" HEIGHT="75" STYLEREFS="font0"/><SP WIDTH="18" VPOS="1718" HPOS="1929"/><String ID="p199_w944" CONTENT="by" HPOS="1947" VPOS="1718" WIDTH="43" HEIGHT="75" STYLEREFS="font0"/><SP WIDTH="14" VPOS="1718" HPOS="1990"/><String ID="p199_w945" CONTENT="the" HPOS="2004" VPOS="1718" WIDTH="58" HEIGHT="75" STYLEREFS="font0"/><SP WIDTH="16" VPOS="1718" HPOS="2062"/><String ID="p199_w946" CONTENT="fore-part" HPOS="2078" VPOS="1718" WIDTH="160" HEIGHT="75" STYLEREFS="font0"/></TextLine><TextLine WIDTH="1032" HEIGHT="75" ID="p199_t100" HPOS="1207" VPOS="1765"><String ID="p199_w947" CONTENT="of" HPOS="1207" VPOS="1765" WIDTH="39" HEIGHT="75" STYLEREFS="font0"/><SP WIDTH="10" VPOS="1765" HPOS="1246"/><String ID="p199_w948" CONTENT="the" HPOS="1256" VPOS="1765" WIDTH="56" HEIGHT="75" STYLEREFS="font0"/><SP WIDTH="15" VPOS="1765" HPOS="1312"/><String ID="p199_w949" CONTENT="external" HPOS="1327" VPOS="1765" WIDTH="147" HEIGHT="75" STYLEREFS="font0"/><SP WIDTH="17" VPOS="1765" HPOS="1474"/><String ID="p199_w950" CONTENT="pterygoid" HPOS="1491" VPOS="1765" WIDTH="170" HEIGHT="75" STYLEREFS="font0"/><SP WIDTH="16" VPOS="1765" HPOS="1661"/><String ID="p199_w951" CONTENT="plates" HPOS="1677" VPOS="1765" WIDTH="101" HEIGHT="75" STYLEREFS="font0"/><SP WIDTH="15" VPOS="1765" HPOS="1778"/><String ID="p199_w952" CONTENT=";—to" HPOS="1793" VPOS="1765" WIDTH="96" HEIGHT="75" STYLEREFS="font0"/><SP WIDTH="15" VPOS="1765" HPOS="1889"/><String ID="p199_w953" CONTENT="the" HPOS="1904" VPOS="1765" WIDTH="56" HEIGHT="75" STYLEREFS="font0"/><SP WIDTH="15" VPOS="1765" HPOS="1960"/><String ID="p199_w954" CONTENT="vomer" HPOS="1975" VPOS="1765" WIDTH="112" HEIGHT="75" STYLEREFS="font0"/><SP WIDTH="16" VPOS="1765" HPOS="2087"/><String ID="p199_w955" CONTENT="and" HPOS="2103" VPOS="1765" WIDTH="62" HEIGHT="75" STYLEREFS="font0"/><SP WIDTH="16" VPOS="1765" HPOS="2165"/><String ID="p199_w956" CONTENT="na-" HPOS="2181" VPOS="1765" WIDTH="58" HEIGHT="75" STYLEREFS="font0"/></TextLine><TextLine WIDTH="1033" HEIGHT="75" ID="p199_t101" HPOS="1203" VPOS="1811"><String ID="p199_w957" CONTENT="fal" HPOS="1203" VPOS="1811" WIDTH="43" HEIGHT="75" STYLEREFS="font0"/><SP WIDTH="17" VPOS="1811" HPOS="1246"/><String ID="p199_w958" CONTENT="plate" HPOS="1263" VPOS="1811" WIDTH="85" HEIGHT="75" STYLEREFS="font0"/><SP WIDTH="16" VPOS="1811" HPOS="1348"/><String ID="p199_w959" CONTENT="of" HPOS="1364" VPOS="1811" WIDTH="40" HEIGHT="75" STYLEREFS="font0"/><SP WIDTH="22" VPOS="1811" HPOS="1404"/><String ID="p199_w960" CONTENT="the" HPOS="1426" VPOS="1811" WIDTH="56" HEIGHT="75" STYLEREFS="font0"/><SP WIDTH="17" VPOS="1811" HPOS="1482"/><String ID="p199_w961" CONTENT="os" HPOS="1499" VPOS="1811" WIDTH="35" HEIGHT="75" STYLEREFS="font0"/><SP WIDTH="18" VPOS="1811" HPOS="1534"/><String ID="p199_w962" CONTENT="ethmoides," HPOS="1552" VPOS="1811" WIDTH="190" HEIGHT="75" STYLEREFS="font0"/><SP WIDTH="28" VPOS="1811" HPOS="1742"/><String ID="p199_w963" CONTENT="by" HPOS="1770" VPOS="1811" WIDTH="44" HEIGHT="75" STYLEREFS="font0"/><SP WIDTH="20" VPOS="1811" HPOS="1814"/><String ID="p199_w964" CONTENT="the" HPOS="1834" VPOS="1811" WIDTH="55" HEIGHT="75" STYLEREFS="font0"/><SP WIDTH="24" VPOS="1811" HPOS="1889"/><String ID="p199_w965" CONTENT="procefius" HPOS="1913" VPOS="1811" WIDTH="159" HEIGHT="75" STYLEREFS="font0"/><SP WIDTH="28" VPOS="1811" HPOS="2072"/><String ID="p199_w966" CONTENT="azygos." HPOS="2100" VPOS="1811" WIDTH="136" HEIGHT="75" STYLEREFS="font0"/></TextLine><TextLine WIDTH="1035" HEIGHT="75" ID="p199_t102" HPOS="1201" VPOS="1858"><String ID="p199_w967" CONTENT="All" HPOS="1201" VPOS="1858" WIDTH="58" HEIGHT="75" STYLEREFS="font0"/><SP WIDTH="17" VPOS="1858" HPOS="1259"/><String ID="p199_w968" CONTENT="thefe" HPOS="1276" VPOS="1858" WIDTH="88" HEIGHT="75" STYLEREFS="font0"/><SP WIDTH="17" VPOS="1858" HPOS="1364"/><String ID="p199_w969" CONTENT="conjundtio'" HPOS="1381" VPOS="1858" WIDTH="183" HEIGHT="75" STYLEREFS="font0"/><String ID="p199_w970" CONTENT="ns," HPOS="1564" VPOS="1858" WIDTH="47" HEIGHT="75" STYLEREFS="font0"/><SP WIDTH="18" VPOS="1858" HPOS="1611"/><String ID="p199_w971" CONTENT="except" HPOS="1629" VPOS="1858" WIDTH="116" HEIGHT="75" STYLEREFS="font0"/><SP WIDTH="26" VPOS="1858" HPOS="1745"/><String ID="p199_w972" CONTENT="the" HPOS="1771" VPOS="1858" WIDTH="54" HEIGHT="75" STYLEREFS="font0"/><SP WIDTH="17" VPOS="1858" HPOS="1825"/><String ID="p199_w973" CONTENT="laft," HPOS="1842" VPOS="1858" WIDTH="69" HEIGHT="75" STYLEREFS="font0"/><SP WIDTH="18" VPOS="1858" HPOS="1911"/><String ID="p199_w974" CONTENT="which" HPOS="1929" VPOS="1858" WIDTH="104" HEIGHT="75" STYLEREFS="font0"/><SP WIDTH="18" VPOS="1858" HPOS="2033"/><String ID="p199_w975" CONTENT="is" HPOS="2051" VPOS="1858" WIDTH="27" HEIGHT="75" STYLEREFS="font0"/><SP WIDTH="19" VPOS="1858" HPOS="2078"/><String ID="p199_w976" CONTENT="a" HPOS="2097" VPOS="1858" WIDTH="17" HEIGHT="75" STYLEREFS="font0"/><SP WIDTH="16" VPOS="1858" HPOS="2114"/><String ID="p199_w977" CONTENT="fchin-" HPOS="2130" VPOS="1858" WIDTH="106" HEIGHT="75" STYLEREFS="font0"/></TextLine><TextLine WIDTH="1030" HEIGHT="75" ID="p199_t103" HPOS="1204" VPOS="1905"><String ID="p199_w978" CONTENT="dylefis," HPOS="1204" VPOS="1905" WIDTH="127" HEIGHT="75" STYLEREFS="font0"/><SP WIDTH="19" VPOS="1905" HPOS="1331"/><String ID="p199_w979" CONTENT="are" HPOS="1350" VPOS="1905" WIDTH="52" HEIGHT="75" STYLEREFS="font0"/><SP WIDTH="16" VPOS="1905" HPOS="1402"/><String ID="p199_w980" CONTENT="faid" HPOS="1418" VPOS="1905" WIDTH="66" HEIGHT="75" STYLEREFS="font0"/><SP WIDTH="17" VPOS="1905" HPOS="1484"/><String ID="p199_w981" CONTENT="to" HPOS="1501" VPOS="1905" WIDTH="35" HEIGHT="75" STYLEREFS="font0"/><SP WIDTH="16" VPOS="1905" HPOS="1536"/><String ID="p199_w982" CONTENT="be" HPOS="1552" VPOS="1905" WIDTH="39" HEIGHT="75" STYLEREFS="font0"/><SP WIDTH="16" VPOS="1905" HPOS="1591"/><String ID="p199_w983" CONTENT="by" HPOS="1607" VPOS="1905" WIDTH="44" HEIGHT="75" STYLEREFS="font0"/><SP WIDTH="16" VPOS="1905" HPOS="1651"/><String ID="p199_w984" CONTENT="the" HPOS="1667" VPOS="1905" WIDTH="55" HEIGHT="75" STYLEREFS="font0"/><SP WIDTH="15" VPOS="1905" HPOS="1722"/><String ID="p199_w985" CONTENT="future" HPOS="1737" VPOS="1905" WIDTH="106" HEIGHT="75" STYLEREFS="font0"/><SP WIDTH="17" VPOS="1905" HPOS="1843"/><String ID="p199_w986" CONTENT="proper" HPOS="1860" VPOS="1905" WIDTH="116" HEIGHT="75" STYLEREFS="font0"/><SP WIDTH="21" VPOS="1905" HPOS="1976"/><String ID="p199_w987" CONTENT="to" HPOS="1997" VPOS="1905" WIDTH="35" HEIGHT="75" STYLEREFS="font0"/><SP WIDTH="17" VPOS="1905" HPOS="2032"/><String ID="p199_w988" CONTENT="this" HPOS="2049" VPOS="1905" WIDTH="62" HEIGHT="75" STYLEREFS="font0"/><SP WIDTH="18" VPOS="1905" HPOS="2111"/><String ID="p199_w989" CONTENT="bone;" HPOS="2129" VPOS="1905" WIDTH="105" HEIGHT="75" STYLEREFS="font0"/></TextLine><TextLine WIDTH="1032" HEIGHT="75" ID="p199_t104" HPOS="1203" VPOS="1950"><String ID="p199_w990" CONTENT="though" HPOS="1203" VPOS="1950" WIDTH="124" HEIGHT="75" STYLEREFS="font0"/><SP WIDTH="19" VPOS="1950" HPOS="1327"/><String ID="p199_w991" CONTENT="it" HPOS="1346" VPOS="1950" WIDTH="26" HEIGHT="75" STYLEREFS="font0"/><SP WIDTH="16" VPOS="1950" HPOS="1372"/><String ID="p199_w992" CONTENT="is" HPOS="1388" VPOS="1950" WIDTH="26" HEIGHT="75" STYLEREFS="font0"/><SP WIDTH="19" VPOS="1950" HPOS="1414"/><String ID="p199_w993" CONTENT="at" HPOS="1433" VPOS="1950" WIDTH="32" HEIGHT="75" STYLEREFS="font0"/><SP WIDTH="16" VPOS="1950" HPOS="1465"/><String ID="p199_w994" CONTENT="firft" HPOS="1481" VPOS="1950" WIDTH="64" HEIGHT="75" STYLEREFS="font0"/><SP WIDTH="17" VPOS="1950" HPOS="1545"/><String ID="p199_w995" CONTENT="fight" HPOS="1562" VPOS="1950" WIDTH="81" HEIGHT="75" STYLEREFS="font0"/><SP WIDTH="23" VPOS="1950" HPOS="1643"/><String ID="p199_w996" CONTENT="evident," HPOS="1666" VPOS="1950" WIDTH="141" HEIGHT="75" STYLEREFS="font0"/><SP WIDTH="25" VPOS="1950" HPOS="1807"/><String ID="p199_w997" CONTENT="that" HPOS="1832" VPOS="1950" WIDTH="71" HEIGHT="75" STYLEREFS="font0"/><SP WIDTH="22" VPOS="1950" HPOS="1903"/><String ID="p199_w998" CONTENT="feveral" HPOS="1925" VPOS="1950" WIDTH="119" HEIGHT="75" STYLEREFS="font0"/><SP WIDTH="26" VPOS="1950" HPOS="2044"/><String ID="p199_w999" CONTENT="other" HPOS="2070" VPOS="1950" WIDTH="94" HEIGHT="75" STYLEREFS="font0"/><SP WIDTH="20" VPOS="1950" HPOS="2164"/><String ID="p199_w1000" CONTENT="fu-" HPOS="2184" VPOS="1950" WIDTH="51" HEIGHT="75" STYLEREFS="font0"/></TextLine><TextLine WIDTH="1031" HEIGHT="75" ID="p199_t105" HPOS="1205" VPOS="1996"><String ID="p199_w1001" CONTENT="tures," HPOS="1205" VPOS="1996" WIDTH="98" HEIGHT="75" STYLEREFS="font0"/><SP WIDTH="19" VPOS="1996" HPOS="1303"/><String ID="p199_w1002" CONTENT="as" HPOS="1322" VPOS="1996" WIDTH="33" HEIGHT="75" STYLEREFS="font0"/><SP WIDTH="17" VPOS="1996" HPOS="1355"/><String ID="p199_w1003" CONTENT="the" HPOS="1372" VPOS="1996" WIDTH="56" HEIGHT="75" STYLEREFS="font0"/><SP WIDTH="16" VPOS="1996" HPOS="1428"/><String ID="p199_w1004" CONTENT="tranfveife," HPOS="1444" VPOS="1996" WIDTH="187" HEIGHT="75" STYLEREFS="font0"/><SP WIDTH="29" VPOS="1996" HPOS="1631"/><String ID="p199_w1005" CONTENT="ethmoidal," HPOS="1660" VPOS="1996" WIDTH="188" HEIGHT="75" STYLEREFS="font0"/><SP WIDTH="26" VPOS="1996" HPOS="1848"/><String ID="p199_w1006" CONTENT="&lt;&amp;c." HPOS="1874" VPOS="1996" WIDTH="63" HEIGHT="75" STYLEREFS="font0"/><SP WIDTH="25" VPOS="1996" HPOS="1937"/><String ID="p199_w1007" CONTENT="are" HPOS="1962" VPOS="1996" WIDTH="54" HEIGHT="75" STYLEREFS="font0"/><SP WIDTH="17" VPOS="1996" HPOS="2016"/><String ID="p199_w1008" CONTENT="confot/nded" HPOS="2033" VPOS="1996" WIDTH="203" HEIGHT="75" STYLEREFS="font0"/></TextLine><TextLine WIDTH="133" HEIGHT="75" ID="p199_t106" HPOS="1203" VPOS="2042"><String ID="p199_w1009" CONTENT="with" HPOS="1203" VPOS="2042" WIDTH="77" HEIGHT="75" STYLEREFS="font0"/><SP WIDTH="17" VPOS="2042" HPOS="1280"/><String ID="p199_w1010" CONTENT="it." HPOS="1297" VPOS="2042" WIDTH="39" HEIGHT="75" STYLEREFS="font0"/></TextLine><TextLine WIDTH="986" HEIGHT="75" ID="p199_t107" HPOS="1248" VPOS="2089"><String ID="p199_w1011" CONTENT="We" HPOS="1248" VPOS="2089" WIDTH="67" HEIGHT="75" STYLEREFS="font0"/><SP WIDTH="31" VPOS="2089" HPOS="1315"/><String ID="p199_w1012" CONTENT="fee" HPOS="1346" VPOS="2089" WIDTH="51" HEIGHT="75" STYLEREFS="font0"/><SP WIDTH="31" VPOS="2089" HPOS="1397"/><String ID="p199_w1013" CONTENT="now" HPOS="1428" VPOS="2089" WIDTH="72" HEIGHT="75" STYLEREFS="font0"/><SP WIDTH="28" VPOS="2089" HPOS="1500"/><String ID="p199_w1014" CONTENT="how" HPOS="1528" VPOS="2089" WIDTH="75" HEIGHT="75" STYLEREFS="font0"/><SP WIDTH="31" VPOS="2089" HPOS="1603"/><String ID="p199_w1015" CONTENT="this" HPOS="1634" VPOS="2089" WIDTH="65" HEIGHT="75" STYLEREFS="font0"/><SP WIDTH="32" VPOS="2089" HPOS="1699"/><String ID="p199_w1016" CONTENT="bone" HPOS="1731" VPOS="2089" WIDTH="82" HEIGHT="75" STYLEREFS="font0"/><SP WIDTH="32" VPOS="2089" HPOS="1813"/><String ID="p199_w1017" CONTENT="is" HPOS="1845" VPOS="2089" WIDTH="27" HEIGHT="75" STYLEREFS="font0"/><SP WIDTH="24" VPOS="2089" HPOS="1872"/><String ID="p199_w1018" CONTENT="joined" HPOS="1896" VPOS="2089" WIDTH="112" HEIGHT="75" STYLEREFS="font0"/><SP WIDTH="30" VPOS="2089" HPOS="2008"/><String ID="p199_w1019" CONTENT="to" HPOS="2038" VPOS="2089" WIDTH="36" HEIGHT="75" STYLEREFS="font0"/><SP WIDTH="33" VPOS="2089" HPOS="2074"/><String ID="p199_w1020" CONTENT="all" HPOS="2107" VPOS="2089" WIDTH="41" HEIGHT="75" STYLEREFS="font0"/><SP WIDTH="30" VPOS="2089" HPOS="2148"/><String ID="p199_w1021" CONTENT="the" HPOS="2178" VPOS="2089" WIDTH="56" HEIGHT="75" STYLEREFS="font0"/></TextLine><TextLine WIDTH="1034" HEIGHT="75" ID="p199_t108" HPOS="1201" VPOS="2135"><String ID="p199_w1022" CONTENT="bones" HPOS="1201" VPOS="2135" WIDTH="98" HEIGHT="75" STYLEREFS="font0"/><SP WIDTH="17" VPOS="2135" HPOS="1299"/><String ID="p199_w1023" CONTENT="of" HPOS="1316" VPOS="2135" WIDTH="40" HEIGHT="75" STYLEREFS="font0"/><SP WIDTH="17" VPOS="2135" HPOS="1356"/><String ID="p199_w1024" CONTENT="the" HPOS="1373" VPOS="2135" WIDTH="55" HEIGHT="75" STYLEREFS="font0"/><SP WIDTH="27" VPOS="2135" HPOS="1428"/><String ID="p199_w1025" CONTENT="cranium," HPOS="1455" VPOS="2135" WIDTH="154" HEIGHT="75" STYLEREFS="font0"/><SP WIDTH="30" VPOS="2135" HPOS="1609"/><String ID="p199_w1026" CONTENT="and" HPOS="1639" VPOS="2135" WIDTH="62" HEIGHT="75" STYLEREFS="font0"/><SP WIDTH="16" VPOS="2135" HPOS="1701"/><String ID="p199_w1027" CONTENT="to" HPOS="1717" VPOS="2135" WIDTH="35" HEIGHT="75" STYLEREFS="font0"/><SP WIDTH="23" VPOS="2135" HPOS="1752"/><String ID="p199_w1028" CONTENT="rhoft" HPOS="1775" VPOS="2135" WIDTH="80" HEIGHT="75" STYLEREFS="font0"/><SP WIDTH="15" VPOS="2135" HPOS="1855"/><String ID="p199_w1029" CONTENT="of" HPOS="1870" VPOS="2135" WIDTH="40" HEIGHT="75" STYLEREFS="font0"/><SP WIDTH="22" VPOS="2135" HPOS="1910"/><String ID="p199_w1030" CONTENT="the" HPOS="1932" VPOS="2135" WIDTH="57" HEIGHT="75" STYLEREFS="font0"/><SP WIDTH="27" VPOS="2135" HPOS="1989"/><String ID="p199_w1031" CONTENT="upper" HPOS="2016" VPOS="2135" WIDTH="98" HEIGHT="75" STYLEREFS="font0"/><SP WIDTH="25" VPOS="2135" HPOS="2114"/><String ID="p199_w1032" CONTENT="jaw-;" HPOS="2139" VPOS="2135" WIDTH="96" HEIGHT="75" STYLEREFS="font0"/></TextLine><TextLine WIDTH="1043" HEIGHT="75" ID="p199_t109" HPOS="1187" VPOS="2182"><String ID="p199_w1033" CONTENT="'" HPOS="1187" VPOS="2182" WIDTH="7" HEIGHT="75" STYLEREFS="font0"/><String ID="p199_w1034" CONTENT="aind" HPOS="1194" VPOS="2182" WIDTH="69" HEIGHT="75" STYLEREFS="font0"/><SP WIDTH="32" VPOS="2182" HPOS="1263"/><String ID="p199_w1035" CONTENT="therefore" HPOS="1295" VPOS="2182" WIDTH="162" HEIGHT="75" STYLEREFS="font0"/><SP WIDTH="32" VPOS="2182" HPOS="1457"/><String ID="p199_w1036" CONTENT="obtained" HPOS="1489" VPOS="2182" WIDTH="150" HEIGHT="75" STYLEREFS="font0"/><SP WIDTH="27" VPOS="2182" HPOS="1639"/><String ID="p199_w1037" CONTENT="the" HPOS="1666" VPOS="2182" WIDTH="55" HEIGHT="75" STYLEREFS="font0"/><SP WIDTH="32" VPOS="2182" HPOS="1721"/><String ID="p199_w1038" CONTENT="name" HPOS="1753" VPOS="2182" WIDTH="91" HEIGHT="75" STYLEREFS="font0"/><SP WIDTH="35" VPOS="2182" HPOS="1844"/><String ID="p199_w1039" CONTENT="of" HPOS="1879" VPOS="2182" WIDTH="40" HEIGHT="75" STYLEREFS="font0"/><SP WIDTH="31" VPOS="2182" HPOS="1919"/><String ID="p199_w1040" CONTENT="the" HPOS="1950" VPOS="2182" WIDTH="56" HEIGHT="75" STYLEREFS="font0"/><SP WIDTH="32" VPOS="2182" HPOS="2006"/><String ID="p199_w1041" CONTENT="nuedge-fike" HPOS="2038" VPOS="2182" WIDTH="192" HEIGHT="75" STYLEREFS="font0"/></TextLine><TextLine WIDTH="88" HEIGHT="75" ID="p199_t110" HPOS="1200" VPOS="2227"><String ID="p199_w1042" CONTENT="bone." HPOS="1200" VPOS="2227" WIDTH="88" HEIGHT="75" STYLEREFS="font0"/></TextLine><TextLine WIDTH="988" HEIGHT="75" ID="p199_t111" HPOS="1246" VPOS="2272"><String ID="p199_w1043" CONTENT="The" HPOS="1246" VPOS="2272" WIDTH="76" HEIGHT="75" STYLEREFS="font0"/><SP WIDTH="17" VPOS="2272" HPOS="1322"/><String ID="p199_w1044" CONTENT="Face" HPOS="1339" VPOS="2272" WIDTH="102" HEIGHT="75" STYLEREFS="font0"/><SP WIDTH="31" VPOS="2272" HPOS="1441"/><String ID="p199_w1045" CONTENT="is" HPOS="1472" VPOS="2272" WIDTH="26" HEIGHT="75" STYLEREFS="font0"/><SP WIDTH="26" VPOS="2272" HPOS="1498"/><String ID="p199_w1046" CONTENT="the" HPOS="1524" VPOS="2272" WIDTH="55" HEIGHT="75" STYLEREFS="font0"/><SP WIDTH="24" VPOS="2272" HPOS="1579"/><String ID="p199_w1047" CONTENT="irregular" HPOS="1603" VPOS="2272" WIDTH="157" HEIGHT="75" STYLEREFS="font0"/><SP WIDTH="22" VPOS="2272" HPOS="1760"/><String ID="p199_w1048" CONTENT="pile" HPOS="1782" VPOS="2272" WIDTH="64" HEIGHT="75" STYLEREFS="font0"/><SP WIDTH="17" VPOS="2272" HPOS="1846"/><String ID="p199_w1049" CONTENT="of" HPOS="1863" VPOS="2272" WIDTH="39" HEIGHT="75" STYLEREFS="font0"/><SP WIDTH="19" VPOS="2272" HPOS="1902"/><String ID="p199_w1050" CONTENT="bones," HPOS="1921" VPOS="2272" WIDTH="111" HEIGHT="75" STYLEREFS="font0"/><SP WIDTH="18" VPOS="2272" HPOS="2032"/><String ID="p199_w1051" CONTENT="compoftng" HPOS="2050" VPOS="2272" WIDTH="184" HEIGHT="75" STYLEREFS="font0"/></TextLine><TextLine WIDTH="1029" HEIGHT="75" ID="p199_t112" HPOS="1201" VPOS="2319"><String ID="p199_w1052" CONTENT="the" HPOS="1201" VPOS="2319" WIDTH="55" HEIGHT="75" STYLEREFS="font0"/><SP WIDTH="16" VPOS="2319" HPOS="1256"/><String ID="p199_w1053" CONTENT="fore" HPOS="1272" VPOS="2319" WIDTH="71" HEIGHT="75" STYLEREFS="font0"/><SP WIDTH="18" VPOS="2319" HPOS="1343"/><String ID="p199_w1054" CONTENT="and" HPOS="1361" VPOS="2319" WIDTH="61" HEIGHT="75" STYLEREFS="font0"/><SP WIDTH="16" VPOS="2319" HPOS="1422"/><String ID="p199_w1055" CONTENT="under" HPOS="1438" VPOS="2319" WIDTH="100" HEIGHT="75" STYLEREFS="font0"/><SP WIDTH="27" VPOS="2319" HPOS="1538"/><String ID="p199_w1056" CONTENT="part" HPOS="1565" VPOS="2319" WIDTH="70" HEIGHT="75" STYLEREFS="font0"/><SP WIDTH="24" VPOS="2319" HPOS="1635"/><String ID="p199_w1057" CONTENT="of" HPOS="1659" VPOS="2319" WIDTH="40" HEIGHT="75" STYLEREFS="font0"/><SP WIDTH="22" VPOS="2319" HPOS="1699"/><String ID="p199_w1058" CONTENT="the" HPOS="1721" VPOS="2319" WIDTH="55" HEIGHT="75" STYLEREFS="font0"/><SP WIDTH="24" VPOS="2319" HPOS="1776"/><String ID="p199_w1059" CONTENT="head," HPOS="1800" VPOS="2319" WIDTH="96" HEIGHT="75" STYLEREFS="font0"/><SP WIDTH="28" VPOS="2319" HPOS="1896"/><String ID="p199_w1060" CONTENT="which" HPOS="1924" VPOS="2319" WIDTH="107" HEIGHT="75" STYLEREFS="font0"/><SP WIDTH="23" VPOS="2319" HPOS="2031"/><String ID="p199_w1061" CONTENT="is" HPOS="2054" VPOS="2319" WIDTH="27" HEIGHT="75" STYLEREFS="font0"/><SP WIDTH="17" VPOS="2319" HPOS="2081"/><String ID="p199_w1062" CONTENT="divided" HPOS="2098" VPOS="2319" WIDTH="132" HEIGHT="75" STYLEREFS="font0"/></TextLine><TextLine WIDTH="771" HEIGHT="75" ID="p199_t113" HPOS="1200" VPOS="2364"><String ID="p199_w1063" CONTENT="into" HPOS="1200" VPOS="2364" WIDTH="69" HEIGHT="75" STYLEREFS="font0"/><SP WIDTH="22" VPOS="2364" HPOS="1269"/><String ID="p199_w1064" CONTENT="the" HPOS="1291" VPOS="2364" WIDTH="56" HEIGHT="75" STYLEREFS="font0"/><SP WIDTH="16" VPOS="2364" HPOS="1347"/><String ID="p199_w1065" CONTENT="upper" HPOS="1363" VPOS="2364" WIDTH="99" HEIGHT="75" STYLEREFS="font0"/><SP WIDTH="16" VPOS="2364" HPOS="1462"/><String ID="p199_w1066" CONTENT="and" HPOS="1478" VPOS="2364" WIDTH="62" HEIGHT="75" STYLEREFS="font0"/><SP WIDTH="14" VPOS="2364" HPOS="1540"/><String ID="p199_w1067" CONTENT="lower" HPOS="1554" VPOS="2364" WIDTH="101" HEIGHT="75" STYLEREFS="font0"/><SP WIDTH="16" VPOS="2364" HPOS="1655"/><String ID="p199_w1068" CONTENT="maxillae" HPOS="1671" VPOS="2364" WIDTH="139" HEIGHT="75" STYLEREFS="font0"/><SP WIDTH="16" VPOS="2364" HPOS="1810"/><String ID="p199_w1069" CONTENT="or" HPOS="1826" VPOS="2364" WIDTH="38" HEIGHT="75" STYLEREFS="font0"/><SP WIDTH="12" VPOS="2364" HPOS="1864"/><String ID="p199_w1070" CONTENT="jaws." HPOS="1876" VPOS="2364" WIDTH="95" HEIGHT="75" STYLEREFS="font0"/></TextLine><TextLine WIDTH="984" HEIGHT="75" ID="p199_t114" HPOS="1249" VPOS="2411"><String ID="p199_w1071" CONTENT="The" HPOS="1249" VPOS="2411" WIDTH="75" HEIGHT="75" STYLEREFS="font0"/><SP WIDTH="3" VPOS="2411" HPOS="1324"/><String ID="p199_w1072" CONTENT="fuperior" HPOS="1327" VPOS="2411" WIDTH="153" HEIGHT="75" STYLEREFS="font0"/><SP WIDTH="15" VPOS="2411" HPOS="1480"/><String ID="p199_w1073" CONTENT="maxilla" HPOS="1495" VPOS="2411" WIDTH="138" HEIGHT="75" STYLEREFS="font0"/><SP WIDTH="16" VPOS="2411" HPOS="1633"/><String ID="p199_w1074" CONTENT="is" HPOS="1649" VPOS="2411" WIDTH="27" HEIGHT="75" STYLEREFS="font0"/><SP WIDTH="17" VPOS="2411" HPOS="1676"/><String ID="p199_w1075" CONTENT="the" HPOS="1693" VPOS="2411" WIDTH="56" HEIGHT="75" STYLEREFS="font0"/><SP WIDTH="17" VPOS="2411" HPOS="1749"/><String ID="p199_w1076" CONTENT="common" HPOS="1766" VPOS="2411" WIDTH="146" HEIGHT="75" STYLEREFS="font0"/><SP WIDTH="16" VPOS="2411" HPOS="1912"/><String ID="p199_w1077" CONTENT="defignation" HPOS="1928" VPOS="2411" WIDTH="195" HEIGHT="75" STYLEREFS="font0"/><SP WIDTH="16" VPOS="2411" HPOS="2123"/><String ID="p199_w1078" CONTENT="given" HPOS="2139" VPOS="2411" WIDTH="94" HEIGHT="75" STYLEREFS="font0"/></TextLine><TextLine WIDTH="1033" HEIGHT="75" ID="p199_t115" HPOS="1199" VPOS="2457"><String ID="p199_w1079" CONTENT="to" HPOS="1199" VPOS="2457" WIDTH="35" HEIGHT="75" STYLEREFS="font0"/><SP WIDTH="16" VPOS="2457" HPOS="1234"/><String ID="p199_w1080" CONTENT="the" HPOS="1250" VPOS="2457" WIDTH="55" HEIGHT="75" STYLEREFS="font0"/><SP WIDTH="23" VPOS="2457" HPOS="1305"/><String ID="p199_w1081" CONTENT="upper" HPOS="1328" VPOS="2457" WIDTH="98" HEIGHT="75" STYLEREFS="font0"/><SP WIDTH="24" VPOS="2457" HPOS="1426"/><String ID="p199_w1082" CONTENT="immoveable" HPOS="1450" VPOS="2457" WIDTH="208" HEIGHT="75" STYLEREFS="font0"/><SP WIDTH="16" VPOS="2457" HPOS="1658"/><String ID="p199_w1083" CONTENT="fhare" HPOS="1674" VPOS="2457" WIDTH="86" HEIGHT="75" STYLEREFS="font0"/><SP WIDTH="18" VPOS="2457" HPOS="1760"/><String ID="p199_w1084" CONTENT="of" HPOS="1778" VPOS="2457" WIDTH="39" HEIGHT="75" STYLEREFS="font0"/><SP WIDTH="19" VPOS="2457" HPOS="1817"/><String ID="p199_w1085" CONTENT="the" HPOS="1836" VPOS="2457" WIDTH="55" HEIGHT="75" STYLEREFS="font0"/><SP WIDTH="24" VPOS="2457" HPOS="1891"/><String ID="p199_w1086" CONTENT="face." HPOS="1915" VPOS="2457" WIDTH="83" HEIGHT="75" STYLEREFS="font0"/><SP WIDTH="48" VPOS="2457" HPOS="1998"/><String ID="p199_w1087" CONTENT="The" HPOS="2046" VPOS="2457" WIDTH="76" HEIGHT="75" STYLEREFS="font0"/><SP WIDTH="16" VPOS="2457" HPOS="2122"/><String ID="p199_w1088" CONTENT="fhape" HPOS="2138" VPOS="2457" WIDTH="94" HEIGHT="75" STYLEREFS="font0"/></TextLine><TextLine WIDTH="1030" HEIGHT="75" ID="p199_t116" HPOS="1201" VPOS="2505"><String ID="p199_w1089" CONTENT="of" HPOS="1201" VPOS="2505" WIDTH="39" HEIGHT="75" STYLEREFS="font0"/><SP WIDTH="12" VPOS="2505" HPOS="1240"/><String ID="p199_w1090" CONTENT="the" HPOS="1252" VPOS="2505" WIDTH="54" HEIGHT="75" STYLEREFS="font0"/><SP WIDTH="17" VPOS="2505" HPOS="1306"/><String ID="p199_w1091" CONTENT="fuperior" HPOS="1323" VPOS="2505" WIDTH="140" HEIGHT="75" STYLEREFS="font0"/><SP WIDTH="14" VPOS="2505" HPOS="1463"/><String ID="p199_w1092" CONTENT="jaw" HPOS="1477" VPOS="2505" WIDTH="67" HEIGHT="75" STYLEREFS="font0"/><SP WIDTH="16" VPOS="2505" HPOS="1544"/><String ID="p199_w1093" CONTENT="cannot" HPOS="1560" VPOS="2505" WIDTH="115" HEIGHT="75" STYLEREFS="font0"/><SP WIDTH="16" VPOS="2505" HPOS="1675"/><String ID="p199_w1094" CONTENT="eafily" HPOS="1691" VPOS="2505" WIDTH="95" HEIGHT="75" STYLEREFS="font0"/><SP WIDTH="15" VPOS="2505" HPOS="1786"/><String ID="p199_w1095" CONTENT="be" HPOS="1801" VPOS="2505" WIDTH="39" HEIGHT="75" STYLEREFS="font0"/><SP WIDTH="16" VPOS="2505" HPOS="1840"/><String ID="p199_w1096" CONTENT="expreffed" HPOS="1856" VPOS="2505" WIDTH="164" HEIGHT="75" STYLEREFS="font0"/><SP WIDTH="13" VPOS="2505" HPOS="2020"/><String ID="p199_w1097" CONTENT=";" HPOS="2033" VPOS="2505" WIDTH="9" HEIGHT="75" STYLEREFS="font0"/><SP WIDTH="27" VPOS="2505" HPOS="2042"/><String ID="p199_w1098" CONTENT="nor" HPOS="2069" VPOS="2505" WIDTH="59" HEIGHT="75" STYLEREFS="font0"/><SP WIDTH="24" VPOS="2505" HPOS="2128"/><String ID="p199_w1099" CONTENT="is" HPOS="2152" VPOS="2505" WIDTH="27" HEIGHT="75" STYLEREFS="font0"/><SP WIDTH="25" VPOS="2505" HPOS="2179"/><String ID="p199_w1100" CONTENT="it" HPOS="2204" VPOS="2505" WIDTH="27" HEIGHT="75" STYLEREFS="font0"/></TextLine><TextLine WIDTH="1032" HEIGHT="75" ID="p199_t117" HPOS="1199" VPOS="2549"><String ID="p199_w1101" CONTENT="neceffary," HPOS="1199" VPOS="2549" WIDTH="171" HEIGHT="75" STYLEREFS="font0"/><SP WIDTH="29" VPOS="2549" HPOS="1370"/><String ID="p199_w1102" CONTENT="provided" HPOS="1399" VPOS="2549" WIDTH="152" HEIGHT="75" STYLEREFS="font0"/><SP WIDTH="29" VPOS="2549" HPOS="1551"/><String ID="p199_w1103" CONTENT="the" HPOS="1580" VPOS="2549" WIDTH="54" HEIGHT="75" STYLEREFS="font0"/><SP WIDTH="27" VPOS="2549" HPOS="1634"/><String ID="p199_w1104" CONTENT="fhape" HPOS="1661" VPOS="2549" WIDTH="91" HEIGHT="75" STYLEREFS="font0"/><SP WIDTH="29" VPOS="2549" HPOS="1752"/><String ID="p199_w1105" CONTENT="and" HPOS="1781" VPOS="2549" WIDTH="61" HEIGHT="75" STYLEREFS="font0"/><SP WIDTH="23" VPOS="2549" HPOS="1842"/><String ID="p199_w1106" CONTENT="fituation" HPOS="1865" VPOS="2549" WIDTH="147" HEIGHT="75" STYLEREFS="font0"/><SP WIDTH="24" VPOS="2549" HPOS="2012"/><String ID="p199_w1107" CONTENT="of" HPOS="2036" VPOS="2549" WIDTH="41" HEIGHT="75" STYLEREFS="font0"/><SP WIDTH="27" VPOS="2549" HPOS="2077"/><String ID="p199_w1108" CONTENT="all" HPOS="2104" VPOS="2549" WIDTH="43" HEIGHT="75" STYLEREFS="font0"/><SP WIDTH="28" VPOS="2549" HPOS="2147"/><String ID="p199_w1109" CONTENT="the" HPOS="2175" VPOS="2549" WIDTH="56" HEIGHT="75" STYLEREFS="font0"/></TextLine><TextLine WIDTH="1032" HEIGHT="75" ID="p199_t118" HPOS="1199" VPOS="2595"><String ID="p199_w1110" CONTENT="bones" HPOS="1199" VPOS="2595" WIDTH="98" HEIGHT="75" STYLEREFS="font0"/><SP WIDTH="24" VPOS="2595" HPOS="1297"/><String ID="p199_w1111" CONTENT="which" HPOS="1321" VPOS="2595" WIDTH="106" HEIGHT="75" STYLEREFS="font0"/><SP WIDTH="33" VPOS="2595" HPOS="1427"/><String ID="p199_w1112" CONTENT="compofe" HPOS="1460" VPOS="2595" WIDTH="145" HEIGHT="75" STYLEREFS="font0"/><SP WIDTH="24" VPOS="2595" HPOS="1605"/><String ID="p199_w1113" CONTENT="it" HPOS="1629" VPOS="2595" WIDTH="26" HEIGHT="75" STYLEREFS="font0"/><SP WIDTH="27" VPOS="2595" HPOS="1655"/><String ID="p199_w1114" CONTENT="are" HPOS="1682" VPOS="2595" WIDTH="53" HEIGHT="75" STYLEREFS="font0"/><SP WIDTH="25" VPOS="2595" HPOS="1735"/><String ID="p199_w1115" CONTENT="defcrjbed." HPOS="1760" VPOS="2595" WIDTH="175" HEIGHT="75" STYLEREFS="font0"/><SP WIDTH="49" VPOS="2595" HPOS="1935"/><String ID="p199_w1116" CONTENT="It" HPOS="1984" VPOS="2595" WIDTH="33" HEIGHT="75" STYLEREFS="font0"/><SP WIDTH="20" VPOS="2595" HPOS="2017"/><String ID="p199_w1117" CONTENT="is" HPOS="2037" VPOS="2595" WIDTH="26" HEIGHT="75" STYLEREFS="font0"/><SP WIDTH="16" VPOS="2595" HPOS="2063"/><String ID="p199_w1118" CONTENT="bounded" HPOS="2079" VPOS="2595" WIDTH="152" HEIGHT="75" STYLEREFS="font0"/></TextLine><TextLine WIDTH="1036" HEIGHT="75" ID="p199_t119" HPOS="1200" VPOS="2641"><String ID="p199_w1119" CONTENT="above" HPOS="1200" VPOS="2641" WIDTH="98" HEIGHT="75" STYLEREFS="font0"/><SP WIDTH="17" VPOS="2641" HPOS="1298"/><String ID="p199_w1120" CONTENT="by" HPOS="1315" VPOS="2641" WIDTH="43" HEIGHT="75" STYLEREFS="font0"/><SP WIDTH="10" VPOS="2641" HPOS="1358"/><String ID="p199_w1121" CONTENT="the" HPOS="1368" VPOS="2641" WIDTH="54" HEIGHT="75" STYLEREFS="font0"/><SP WIDTH="16" VPOS="2641" HPOS="1422"/><String ID="p199_w1122" CONTENT="tranfverfe" HPOS="1438" VPOS="2641" WIDTH="172" HEIGHT="75" STYLEREFS="font0"/><SP WIDTH="16" VPOS="2641" HPOS="1610"/><String ID="p199_w1123" CONTENT="future," HPOS="1626" VPOS="2641" WIDTH="119" HEIGHT="75" STYLEREFS="font0"/><SP WIDTH="17" VPOS="2641" HPOS="1745"/><String ID="p199_w1124" CONTENT="behind" HPOS="1762" VPOS="2641" WIDTH="118" HEIGHT="75" STYLEREFS="font0"/><SP WIDTH="17" VPOS="2641" HPOS="1880"/><String ID="p199_w1125" CONTENT="by" HPOS="1897" VPOS="2641" WIDTH="44" HEIGHT="75" STYLEREFS="font0"/><SP WIDTH="12" VPOS="2641" HPOS="1941"/><String ID="p199_w1126" CONTENT="the" HPOS="1953" VPOS="2641" WIDTH="55" HEIGHT="75" STYLEREFS="font0"/><SP WIDTH="16" VPOS="2641" HPOS="2008"/><String ID="p199_w1127" CONTENT="fore-part" HPOS="2024" VPOS="2641" WIDTH="158" HEIGHT="75" STYLEREFS="font0"/><SP WIDTH="13" VPOS="2641" HPOS="2182"/><String ID="p199_w1128" CONTENT="of" HPOS="2195" VPOS="2641" WIDTH="41" HEIGHT="75" STYLEREFS="font0"/></TextLine><TextLine WIDTH="804" HEIGHT="75" ID="p199_t120" HPOS="1200" VPOS="2687"><String ID="p199_w1129" CONTENT="the" HPOS="1200" VPOS="2687" WIDTH="54" HEIGHT="75" STYLEREFS="font0"/><SP WIDTH="17" VPOS="2687" HPOS="1254"/><String ID="p199_w1130" CONTENT="fphenoid" HPOS="1271" VPOS="2687" WIDTH="153" HEIGHT="75" STYLEREFS="font0"/><SP WIDTH="15" VPOS="2687" HPOS="1424"/><String ID="p199_w1131" CONTENT="bone," HPOS="1439" VPOS="2687" WIDTH="94" HEIGHT="75" STYLEREFS="font0"/><SP WIDTH="27" VPOS="2687" HPOS="1533"/><String ID="p199_w1132" CONTENT="and" HPOS="1560" VPOS="2687" WIDTH="61" HEIGHT="75" STYLEREFS="font0"/><SP WIDTH="16" VPOS="2687" HPOS="1621"/><String ID="p199_w1133" CONTENT="below" HPOS="1637" VPOS="2687" WIDTH="103" HEIGHT="75" STYLEREFS="font0"/><SP WIDTH="12" VPOS="2687" HPOS="1740"/><String ID="p199_w1134" CONTENT="by" HPOS="1752" VPOS="2687" WIDTH="43" HEIGHT="75" STYLEREFS="font0"/><SP WIDTH="11" VPOS="2687" HPOS="1795"/><String ID="p199_w1135" CONTENT="the" HPOS="1806" VPOS="2687" WIDTH="55" HEIGHT="75" STYLEREFS="font0"/><SP WIDTH="16" VPOS="2687" HPOS="1861"/><String ID="p199_w1136" CONTENT="mouth." HPOS="1877" VPOS="2687" WIDTH="127" HEIGHT="75" STYLEREFS="font0"/></TextLine><TextLine WIDTH="993" HEIGHT="75" ID="p199_t121" HPOS="1244" VPOS="2734"><String ID="p199_w1137" CONTENT="The" HPOS="1244" VPOS="2734" WIDTH="76" HEIGHT="75" STYLEREFS="font0"/><SP WIDTH="16" VPOS="2734" HPOS="1320"/><String ID="p199_w1138" CONTENT="upper" HPOS="1336" VPOS="2734" WIDTH="100" HEIGHT="75" STYLEREFS="font0"/><SP WIDTH="12" VPOS="2734" HPOS="1436"/><String ID="p199_w1139" CONTENT="jaw" HPOS="1448" VPOS="2734" WIDTH="66" HEIGHT="75" STYLEREFS="font0"/><SP WIDTH="16" VPOS="2734" HPOS="1514"/><String ID="p199_w1140" CONTENT="confifts" HPOS="1530" VPOS="2734" WIDTH="124" HEIGHT="75" STYLEREFS="font0"/><SP WIDTH="17" VPOS="2734" HPOS="1654"/><String ID="p199_w1141" CONTENT="of" HPOS="1671" VPOS="2734" WIDTH="39" HEIGHT="75" STYLEREFS="font0"/><SP WIDTH="27" VPOS="2734" HPOS="1710"/><String ID="p199_w1142" CONTENT="fix" HPOS="1737" VPOS="2734" WIDTH="47" HEIGHT="75" STYLEREFS="font0"/><SP WIDTH="15" VPOS="2734" HPOS="1784"/><String ID="p199_w1143" CONTENT="bones" HPOS="1799" VPOS="2734" WIDTH="99" HEIGHT="75" STYLEREFS="font0"/><SP WIDTH="27" VPOS="2734" HPOS="1898"/><String ID="p199_w1144" CONTENT="on" HPOS="1925" VPOS="2734" WIDTH="41" HEIGHT="75" STYLEREFS="font0"/><SP WIDTH="24" VPOS="2734" HPOS="1966"/><String ID="p199_w1145" CONTENT="each" HPOS="1990" VPOS="2734" WIDTH="79" HEIGHT="75" STYLEREFS="font0"/><SP WIDTH="20" VPOS="2734" HPOS="2069"/><String ID="p199_w1146" CONTENT="fide," HPOS="2089" VPOS="2734" WIDTH="75" HEIGHT="75" STYLEREFS="font0"/><SP WIDTH="31" VPOS="2734" HPOS="2164"/><String ID="p199_w1147" CONTENT="of" HPOS="2195" VPOS="2734" WIDTH="42" HEIGHT="75" STYLEREFS="font0"/></TextLine><TextLine WIDTH="1028" HEIGHT="75" ID="p199_t122" HPOS="1201" VPOS="2780"><String ID="p199_w1148" CONTENT="a" HPOS="1201" VPOS="2780" WIDTH="17" HEIGHT="75" STYLEREFS="font0"/><SP WIDTH="16" VPOS="2780" HPOS="1218"/><String ID="p199_w1149" CONTENT="thirteenth" HPOS="1234" VPOS="2780" WIDTH="175" HEIGHT="75" STYLEREFS="font0"/><SP WIDTH="14" VPOS="2780" HPOS="1409"/><String ID="p199_w1150" CONTENT="bone" HPOS="1423" VPOS="2780" WIDTH="80" HEIGHT="75" STYLEREFS="font0"/><SP WIDTH="17" VPOS="2780" HPOS="1503"/><String ID="p199_w1151" CONTENT="which" HPOS="1520" VPOS="2780" WIDTH="104" HEIGHT="75" STYLEREFS="font0"/><SP WIDTH="17" VPOS="2780" HPOS="1624"/><String ID="p199_w1152" CONTENT="has" HPOS="1641" VPOS="2780" WIDTH="57" HEIGHT="75" STYLEREFS="font0"/><SP WIDTH="17" VPOS="2780" HPOS="1698"/><String ID="p199_w1153" CONTENT="no" HPOS="1715" VPOS="2780" WIDTH="42" HEIGHT="75" STYLEREFS="font0"/><SP WIDTH="16" VPOS="2780" HPOS="1757"/><String ID="p199_w1154" CONTENT="fellow," HPOS="1773" VPOS="2780" WIDTH="121" HEIGHT="75" STYLEREFS="font0"/><SP WIDTH="14" VPOS="2780" HPOS="1894"/><String ID="p199_w1155" CONTENT="placed" HPOS="1908" VPOS="2780" WIDTH="111" HEIGHT="75" STYLEREFS="font0"/><SP WIDTH="16" VPOS="2780" HPOS="2019"/><String ID="p199_w1156" CONTENT="in" HPOS="2035" VPOS="2780" WIDTH="32" HEIGHT="75" STYLEREFS="font0"/><SP WIDTH="13" VPOS="2780" HPOS="2067"/><String ID="p199_w1157" CONTENT="the" HPOS="2080" VPOS="2780" WIDTH="54" HEIGHT="75" STYLEREFS="font0"/><SP WIDTH="11" VPOS="2780" HPOS="2134"/><String ID="p199_w1158" CONTENT="mid-" HPOS="2145" VPOS="2780" WIDTH="84" HEIGHT="75" STYLEREFS="font0"/></TextLine><TextLine WIDTH="1031" HEIGHT="75" ID="p199_t123" HPOS="1199" VPOS="2826"><String ID="p199_w1159" CONTENT="dle," HPOS="1199" VPOS="2826" WIDTH="64" HEIGHT="75" STYLEREFS="font0"/><SP WIDTH="26" VPOS="2826" HPOS="1263"/><String ID="p199_w1160" CONTENT="and" HPOS="1289" VPOS="2826" WIDTH="62" HEIGHT="75" STYLEREFS="font0"/><SP WIDTH="16" VPOS="2826" HPOS="1351"/><String ID="p199_w1161" CONTENT="of" HPOS="1367" VPOS="2826" WIDTH="41" HEIGHT="75" STYLEREFS="font0"/><SP WIDTH="15" VPOS="2826" HPOS="1408"/><String ID="p199_w1162" CONTENT="fixteen" HPOS="1423" VPOS="2826" WIDTH="120" HEIGHT="75" STYLEREFS="font0"/><SP WIDTH="17" VPOS="2826" HPOS="1543"/><String ID="p199_w1163" CONTENT="teeth." HPOS="1560" VPOS="2826" WIDTH="100" HEIGHT="75" STYLEREFS="font0"/><SP WIDTH="49" VPOS="2826" HPOS="1660"/><String ID="p199_w1164" CONTENT="The" HPOS="1709" VPOS="2826" WIDTH="76" HEIGHT="75" STYLEREFS="font0"/><SP WIDTH="16" VPOS="2826" HPOS="1785"/><String ID="p199_w1165" CONTENT="thirteen" HPOS="1801" VPOS="2826" WIDTH="139" HEIGHT="75" STYLEREFS="font0"/><SP WIDTH="16" VPOS="2826" HPOS="1940"/><String ID="p199_w1166" CONTENT="bones" HPOS="1956" VPOS="2826" WIDTH="98" HEIGHT="75" STYLEREFS="font0"/><SP WIDTH="17" VPOS="2826" HPOS="2054"/><String ID="p199_w1167" CONTENT="are," HPOS="2071" VPOS="2826" WIDTH="66" HEIGHT="75" STYLEREFS="font0"/><SP WIDTH="27" VPOS="2826" HPOS="2137"/><String ID="p199_w1168" CONTENT="two" HPOS="2164" VPOS="2826" WIDTH="66" HEIGHT="75" STYLEREFS="font0"/></TextLine><TextLine WIDTH="1030" HEIGHT="75" ID="p199_t124" HPOS="1198" VPOS="2873"><String ID="p199_w1169" CONTENT="offa" HPOS="1198" VPOS="2873" WIDTH="61" HEIGHT="75" STYLEREFS="font0"/><SP WIDTH="17" VPOS="2873" HPOS="1259"/><String ID="p199_w1170" CONTENT="naf," HPOS="1276" VPOS="2873" WIDTH="79" HEIGHT="75" STYLEREFS="font0"/><SP WIDTH="27" VPOS="2873" HPOS="1355"/><String ID="p199_w1171" CONTENT="two" HPOS="1382" VPOS="2873" WIDTH="65" HEIGHT="75" STYLEREFS="font0"/><SP WIDTH="15" VPOS="2873" HPOS="1447"/><String ID="p199_w1172" CONTENT="effa" HPOS="1462" VPOS="2873" WIDTH="59" HEIGHT="75" STYLEREFS="font0"/><SP WIDTH="17" VPOS="2873" HPOS="1521"/><String ID="p199_w1173" CONTENT="unguis," HPOS="1538" VPOS="2873" WIDTH="130" HEIGHT="75" STYLEREFS="font0"/><SP WIDTH="34" VPOS="2873" HPOS="1668"/><String ID="p199_w1174" CONTENT="two" HPOS="1702" VPOS="2873" WIDTH="66" HEIGHT="75" STYLEREFS="font0"/><SP WIDTH="25" VPOS="2873" HPOS="1768"/><String ID="p199_w1175" CONTENT="ojja" HPOS="1793" VPOS="2873" WIDTH="57" HEIGHT="75" STYLEREFS="font0"/><SP WIDTH="26" VPOS="2873" HPOS="1850"/><String ID="p199_w1176" CONTENT="malaruni," HPOS="1876" VPOS="2873" WIDTH="177" HEIGHT="75" STYLEREFS="font0"/><SP WIDTH="28" VPOS="2873" HPOS="2053"/><String ID="p199_w1177" CONTENT="two" HPOS="2081" VPOS="2873" WIDTH="65" HEIGHT="75" STYLEREFS="font0"/><SP WIDTH="24" VPOS="2873" HPOS="2146"/><String ID="p199_w1178" CONTENT="offa" HPOS="2170" VPOS="2873" WIDTH="58" HEIGHT="75" STYLEREFS="font0"/></TextLine><TextLine WIDTH="1028" HEIGHT="75" ID="p199_t125" HPOS="1199" VPOS="2921"><String ID="p199_w1179" CONTENT="maxillaria," HPOS="1199" VPOS="2921" WIDTH="202" HEIGHT="75" STYLEREFS="font0"/><SP WIDTH="30" VPOS="2921" HPOS="1401"/><String ID="p199_w1180" CONTENT="two" HPOS="1431" VPOS="2921" WIDTH="66" HEIGHT="75" STYLEREFS="font0"/><SP WIDTH="15" VPOS="2921" HPOS="1497"/><String ID="p199_w1181" CONTENT="ojfa" HPOS="1512" VPOS="2921" WIDTH="59" HEIGHT="75" STYLEREFS="font0"/><SP WIDTH="5" VPOS="2921" HPOS="1571"/><String ID="p199_w1182" CONTENT="falati," HPOS="1576" VPOS="2921" WIDTH="123" HEIGHT="75" STYLEREFS="font0"/><SP WIDTH="19" VPOS="2921" HPOS="1699"/><String ID="p199_w1183" CONTENT="two" HPOS="1718" VPOS="2921" WIDTH="66" HEIGHT="75" STYLEREFS="font0"/><SP WIDTH="17" VPOS="2921" HPOS="1784"/><String ID="p199_w1184" CONTENT="offa" HPOS="1801" VPOS="2921" WIDTH="58" HEIGHT="75" STYLEREFS="font0"/><SP WIDTH="6" VPOS="2921" HPOS="1859"/><String ID="p199_w1185" CONTENT="fpongiofa" HPOS="1865" VPOS="2921" WIDTH="168" HEIGHT="75" STYLEREFS="font0"/><SP WIDTH="16" VPOS="2921" HPOS="2033"/><String ID="p199_w1186" CONTENT="inferior" HPOS="2049" VPOS="2921" WIDTH="140" HEIGHT="75" STYLEREFS="font0"/><SP WIDTH="2" VPOS="2921" HPOS="2189"/><String ID="p199_w1187" CONTENT="a," HPOS="2191" VPOS="2921" WIDTH="36" HEIGHT="75" STYLEREFS="font0"/></TextLine><TextLine WIDTH="267" HEIGHT="75" ID="p199_t126" HPOS="1197" VPOS="2968"><String ID="p199_w1188" CONTENT="and" HPOS="1197" VPOS="2968" WIDTH="63" HEIGHT="75" STYLEREFS="font0"/><SP WIDTH="13" VPOS="2968" HPOS="1260"/><String ID="p199_w1189" CONTENT="the" HPOS="1273" VPOS="2968" WIDTH="54" HEIGHT="75" STYLEREFS="font0"/><SP WIDTH="17" VPOS="2968" HPOS="1327"/><String ID="p199_w1190" CONTENT="vomer." HPOS="1344" VPOS="2968" WIDTH="120" HEIGHT="75" STYLEREFS="font0"/></TextLine><TextLine WIDTH="77" HEIGHT="75" ID="p199_t127" HPOS="2151" VPOS="3012"><String ID="p199_w1191" CONTENT="The" HPOS="2151" VPOS="3012" WIDTH="77" HEIGHT="75" STYLEREFS="font0"/></TextLine></PrintSpace></Page></Layout></alto>