2406 3327
1201 126 33 75 L
1309 126 38 75 T
1424 126 45 75 U
1545 126 36 75 R
1656 126 49 75 E.

2112 137 53 75 67

515 128 42 75 A
636 128 40 75 G
752 128 37 75 R
866 128 18 75 I
962 128 35 75 C
1075 128 45 75 U

67 199 111 75 attend
193 199 55 75 the
264 199 118 75 plough
398 199 53 75 are
466 199 168 75 fufficient.
682 199 100 75 After
803 199 55 75 the
875 199 75 75 field
966 199 26 75 is
1009 199 80 75 once

68 245 171 75 ploughed,
264 245 26 75 it
305 245 101 75 ought
425 245 35 75 to
487 245 39 75 be
553 245 182 75 harrowed,
760 245 44 75 by
819 245 105 75 which
940 245 85 75 fome
1053 245 41 75 of

68 291 55 75 the
139 291 143 75 potatoes
305 291 67 75 will
389 291 39 75 be
445 291 99 75 raifed
558 291 10 75 ;
596 291 73 75 and,
688 291 92 75 when
792 291 86 75 thefe
895 291 53 75 are
960 291 128 75 gather-

68 337 52 75 ed,
144 337 25 75 it
185 337 111 75 ftiould
312 337 39 75 be
368 337 161 75 ploughed
544 337 19 75 a
577 337 115 75 fecond
707 337 90 75 time.

279 446 65 75 Of
363 446 65 75 the
456 446 156 75 Culture
637 446 47 75 of
701 446 177 75 Turnips.

111 523 177 75 Turnips
306 523 81 75 have
399 523 80 75 been
500 523 76 75 long
588 523 174 75 cultivated
778 523 31 75 in
825 523 162 75 England,
1012 523 75 75 and,

65 567 32 75 in
113 567 85 75 fome
216 567 118 75 places,
360 567 53 75 are
436 567 155 75 efteemed
618 567 60 75 one
701 567 40 75 of
758 567 55 75 the
837 567 80 75 moft
943 567 145 75 valuable

67 614 90 75 crops
174 614 71 75 that
269 614 58 75 can
344 614 39 75 be
400 614 114 75 raifed.
565 614 77 75 The
662 614 89 75 trials
776 614 93 75 made
884 614 32 75 in
934 614 156 75 Scotland

65 660 81 75 have
165 660 81 75 been
262 660 78 75 very
353 660 182 75 fuccefsful,
560 660 105 75 which
683 660 87 75 gives
790 660 88 75 great
895 660 193 75 encourage-

65 705 88 75 ment
169 705 35 75 to
219 705 150 75 proceed.

112 752 76 75 The
211 752 155 75 goodnefs
382 752 41 75 of
436 752 56 75 the
510 752 76 75 crop
602 752 140 75 depends
757 752 89 75 more
862 752 42 75 on
920 752 54 75 the
990 752 98 75 open-

65 798 68 75 nefs
157 798 39 75 of
208 798 55 75 the
282 798 57 75 foil
354 798 77 75 than
450 798 41 75 its
508 798 149 75 richnefs.
704 798 97 75 Land
814 798 105 75 newly
929 798 99 75 broke
1045 798 42 75 up

64 843 26 75 is
108 843 206 75 particularly
332 843 114 75 proper
468 843 52 75 for
535 843 134 75 turnips.
716 843 146 75 Though
879 843 63 75 this
958 843 79 75 kind
1053 843 41 75 of

64 889 75 75 land
161 889 39 75 be
219 889 160 75 naturally
401 889 91 75 poor,
517 889 68 75 yet,
609 889 80 75 with
704 889 55 75 the
779 889 151 75 afiiltance
948 889 40 75 of
999 889 18 75 a
1032 889 54 75 lit-

65 935 45 75 tle
130 935 99 75 dung,
253 935 27 75 it
299 935 120 75 feldom
442 935 73 75 fails
531 935 35 75 to
582 935 140 75 produce
750 935 38 75 an
812 935 161 75 excellent
995 935 90 75 crop.

63 982 78 75 The
156 982 75 75 land
247 982 151 75 intended
414 982 51 75 for
488 982 122 75 turnips
634 982 112 75 Ihould
771 982 40 75 be
837 982 162 75 ploughed
1026 982 62 75 and

64 1028 66 75 laid
148 1028 42 75 up
218 1028 32 75 in
274 1028 104 75 ridges
400 1028 111 75 before
531 1028 127 75 winter,
682 1028 71 75 that
777 1028 26 75 it
825 1028 74 75 may
921 1028 80 75 have
1029 1028 58 75 the

64 1073 117 75 benefit
203 1073 41 75 of
263 1073 54 75 the
339 1073 90 75 froft.
477 1073 85 75 This
586 1073 314 75 winter-ploughing,
924 1073 162 75 however,

64 1120 26 75 is
116 1120 200 75 unheceifary
340 1120 93 75 when
460 1120 56 75 the
540 1120 74 75 land
641 1120 25 75 is
694 1120 63 75 dry
783 1120 63 75 and
866 1120 105 75 light:
1008 1120 77 75 The

64 1166 106 75 fpring
191 1166 26 75 is
242 1166 89 75 early
346 1166 126 75 enough
496 1166 52 75 for
572 1166 64 75 this
661 1166 76 75 kind
760 1166 40 75 of
820 1166 88 75 land.
958 1166 32 75 It
1012 1166 74 75 may

64 1212 55 75 get
135 1212 19 75 a
169 1212 114 75 fecond
300 1212 173 75 ploughing
489 1212 32 75 in
537 1212 56 75 the
610 1212 63 75 end
695 1212 41 75 of
753 1212 95 75 May,
873 1212 63 75 and
952 1212 17 75 a
996 1212 90 75 third

63 1258 33 75 in
112 1258 54 75 the
183 1258 118 75 middle
318 1258 37 75 or
371 1258 63 75 end
450 1258 39 75 of
511 1258 94 75 June,
631 1258 91 75 when
750 1258 55 75 the
832 1258 74 75 feed
932 1258 26 75 is
987 1258 35 75 to
1045 1258 40 75 be

64 1304 98 75 fown.
210 1304 146 75 Though
380 1304 91 75 three
498 1304 191 75 ploughings
715 1304 52 75 are
787 1304 79 75 here
887 1304 197 75 mentioned,

64 1349 42 75 no
125 1349 174 75 particulur
314 1349 132 75 number
461 1349 27 75 is
504 1349 151 75 intended
667 1349 9 75 ;
702 1349 53 75 for
769 1349 55 75 the
840 1349 75 75 land
937 1349 101 75 ought
1050 1349 34 75 to

64 1395 40 75 be
120 1395 161 75 ploughed
303 1395 79 75 over
405 1395 63 75 and
490 1395 102 75 over,-
602 1395 50 75 till
679 1395 26 75 it
728 1395 42 75 be
791 1395 196 75 thoroughly
1014 1395 70 75 pul-

63 1442 134 75 verifed.
246 1442 38 75 If
294 1442 87 75 dung
396 1442 41 75 be
453 1442 86 75 ufed,
564 1442 24 75 it
605 1442 112 75 fhould
732 1442 40 75 be
789 1442 72 75 well
878 1442 119 75 rotted,
1023 1442 63 75 and

63 1488 66 75 laid
144 1488 41 75 on
201 1488 110 75 before
329 1488 55 75 the
404 1488 56 75 laft
475 1488 186 75 ploughing.

109 1533 217 75 Turnip-feed
342 1533 27 75 is
385 1533 121 75 ufually
522 1533 85 75 fown
631 1533 42 75 by
689 1533 55 75 the
768 1533 107 75 hand;
903 1533 63 75 and
986 1533 98 75 about

63 1579 74 75 half
149 1579 18 75 a
183 1579 107 75 pound
305 1579 26 75 is
343 1579 154 75 fufficient
512 1579 52 75 for
581 1579 37 75 an
637 1579 83 75 acre.
768 1579 33 75 It
816 1579 112 75 ffiould
943 1579 40 75 be
1000 1579 84 75 mix-

63 1624 40 75 ed
120 1624 77 75 with
217 1624 88 75 fand;
328 1624 72 75 that
414 1624 26 75 it
456 1624 73 75 may
544 1624 40 75 be
600 1624 157 75 fcattered
768 1624 54 75 the
838 1624 88 75 more
943 1624 141 75 equally.

63 1670 67 75 But
145 1670 121 75 fowing
281 1670 43 75 by
341 1670 18 75 a
374 1670 75 75 drill
468 1670 149 75 is'better
632 1670 76 75 than
725 1670 120 75 fowing
860 1670 43 75 by
915 1670 55 75 the
984 1670 99 75 hand,

63 1715 46 75 as,
135 1715 31 75 in
183 1715 64 75 this
260 1715 82 75 way,
367 1715 55 75 the
438 1715 104 75 plants
558 1715 57 75 can
632 1715 39 75 be
688 1715 89 75 more
793 1715 93 75 eafily
899 1715 98 75 hoed,
1021 1715 64 75 and

63 1760 146 75 thinned.
255 1760 145 75 Turnips
420 1760 113 75 fhould
547 1760 40 75 be
602 1760 86 75 hoed
711 1760 32 75 as
760 1760 75 75 foon
857 1760 33 75 as
908 1760 57 75 the.
979 1760 104 75 plants

64 1806 58 75 can
153 1806 40 75 be
224 1806 93 75 eafily
347 1806 243 75 diftinguifhed;
632 1806 53 75 for
711 1806 78 75 they
815 1806 90 75 gsow
939 1806 143 75 quickly,

65 1853 73 75 and,
174 1853 31 75 if
231 1853 77 75 they
334 1853 85 75 meet
443 1853 78 75 with
549 1853 62 75 any
637 1853 190 75 obftrudrion
851 1853 96 75 from,
962 1853 119 75 weeds,

63 1897 76 75 they
155 1897 52 75 are
224 1897 53 75 apt
295 1897 34 75 to
348 1897 130 75 become
494 1897 120 75 fickly*
639 1897 74 75 and,
738 1897 92 75 when
847 1897 63 75 this
927 1897 154 75 happens,

60 1944 77 75 they
162 1944 56 75 can
243 1944 96 75 never
363 1944 39 75 be
426 1944 173 75 recovered
617 1944 35 75 fo
676 1944 32 75 as
732 1944 36 75 to
790 1944 140 75 produce
955 1944 19 75 a
997 1944 86 75 good

58 1989 91 75 crop.

104 2035 141 75 Turnips
263 2035 73 75 may
352 2035 39 75 be
408 2035 173 75 cultivated
608 2035 78 75 with
707 2035 89 75 great
817 2035 119 75 fuccefs
959 2035 44 75 by
1025 2035 56 75 the

58 2081 70 75 new
142 2081 192 75 hulbandry.
381 2081 99 75 They
495 2081 81 75 have
592 2081 80 75 been
688 2081 83 75 tried
782 2081 31 75 in
822 2081 111 75 ilngle,
950 2081 131 75 double,

59 2127 63 75 and
144 2127 101 75 triple,
264 2127 95 75 rows,
385 2127 73 75 and,
483 2127 32 75 in
542 2127 112 75 alleys,
678 2127 83 75 from
789 2127 73 75 four
888 2127 36 75 to
949 2127 47 75 fix
1016 2127 66 75 feet

58 2174 95 75 wide,
178 2174 169 75 according
362 2174 35 75 to
413 2174 56 75 the
484 2174 145 75 fituation
646 2174 40 75 of
697 2174 55 75 the
767 2174 87 75 land.
902 2174 77 75 The
987 2174 94 75 poor-

58 2219 36 75 er
110 2219 55 75 the
180 2219 76 75 land
270 2219 40 75 is,
339 2219 38 75 or
400 2219 55 75 the
471 2219 88 75 more
576 2219 134 75 difficult
727 2219 35 75 to
786 2219 39 75 be
849 2219 150 75 reduced,
1025 2219 56 75 the

58 2265 99 75 alleys
170 2265 100 75 ought
282 2265 35 75 to
331 2265 41 75 be
383 2265 55 75 the
451 2265 110 75 wider.
610 2265 98 75 After
724 2265 55 75 the
795 2265 104 75 ridges
914 2265 53 75 are
979 2265 100 75 form-

58 2312 52 75 ed,
135 2312 56 75 the
210 2312 106 75 turnip
332 2312 113 75 ffiould
460 2312 41 75 be
516 2312 117 75 drilled
647 2312 85 75 upon
755 2312 55 75 the
833 2312 144 75 crowns;
1004 2312 73 75 and,

57 2357 35 75 as
111 2357 77 75 foon
204 2357 33 75 as
258 2357 79 75 they
360 2357 90 75 come
476 2357 54 75 up,
557 2357 60 75 and
635 2357 52 75 are
703 2357 66 75 pad
796 2357 43 75 all
856 2357 119 75 danger
991 2357 87 75 from

57 2404 55 75 the
129 2404 55 75 fly,
208 2404 79 75 they
303 2404 110 75 ffiould
428 2404 40 75 be
484 2404 206 75 horfe-hoed.

102 2450 76 75 The
194 2450 107 75 turnip
317 2450 26 75 is
360 2450 116 75 proper
503 2450 91 75 food,
616 2450 105 75 either
736 2450 52 75 for
803 2450 91 75 ffieep
921 2450 38 75 or
985 2450 94 75 black

57 2495 109 75 cattle.
215 2495 111 75 When
341 2495 56 75 the
419 2495 74 75 land
517 2495 26 75 is
571 2495 61 75 dry
655 2495 62 75 and
738 2495 95 75 needs
855 2495 142 75 manure,
1024 2495 55 75 the

56 2542 90 75 ffieep
163 2542 72 75 may
251 2542 39 75 be
306 2542 112 75 folded
428 2542 41 75 on
487 2542 46 75 it:
560 2542 67 75 But
639 2542 54 75 the
705 2542 69 75 fold
786 2542 79 75 mull
877 2542 39 75 be
928 2542 151 75 removed

57 2588 95 75 every
163 2588 84 75 day;
274 2588 51 75 for
345 2588 26 75 it
386 2588 26 75 is
429 2588 158 75 improper
604 2588 35 75 to
655 2588 95 75 allow
766 2588 87 75 them
870 2588 35 75 to
922 2588 51 75 eat
990 2588 88 75 more

58 2634 32 75 at
118 2634 79 75 once
221 2634 77 75 than
322 2634 78 75 they
416 2634 57 75 can
501 2634 145 75 confume
672 2634 33 75 in
733 2634 69 75 that
829 2634 90 75 time.
966 2634 111 75 When

55 2680 55 75 the
127 2680 74 75 land
217 2680 26 75 is
261 2680 74 75 wet,
360 2680 38 75 or
412 2680 77 75 very
506 2680 81 75 rich,
612 2680 55 75 the
683 2680 106 75 turnip
804 2680 73 75 may
899 2680 40 75 be
955 2680 122 75 pulled,

57 2725 62 75 and
130 2725 55 75 the
200 2725 92 75 ffieep
308 2725 56 75 fed
378 2725 79 75 with
474 2725 86 75 them
588 2725 41 75 on
657 2725 132 75 another
805 2725 74 75 field
896 2725 70 75 that
982 2725 95 75 needs

56 2772 142 75 manure.
256 2772 79 75 But,
359 2772 93 75 when
476 2772 148 75 defigned
652 2772 50 75 for
729 2772 94 75 black
850 2772 108 75 cattle,
1001 2772 78 75 they

56 2818 79 75 muft
157 2818 41 75 be
224 2818 110 75 pulled
356 2818 42 75 up
421 2818 62 75 and
510 2818 93 75 given
634 2818 100 75 them,
759 2818 103 75 either
877 2818 32 75 in
934 2818 84 75 flails
1042 2818 38 75 or

56 2862 33 75 in
113 2862 132 75 another
270 2862 88 75 field,
394 2862 33 75 as
452 2862 54 75 the
529 2862 119 75 farmer
671 2862 78 75 ffiall
771 2862 67 75 find
861 2862 79 75 moft
965 2862 116 75 conve-

56 2909 100 75 nient.

1354 255 66 75 Of
1439 255 66 75 the
1532 255 156 75 Culture
1716 255 47 75 of
1786 255 148 75 Carrot.

1185 332 85 75 The
1289 332 107 75 carrot
1412 332 27 75 is
1458 332 58 75 but
1537 332 107 75 rarely
1659 332 176 75 cultivated
1850 332 32 75 in
1896 332 61 75 our
1970 332 93 75 fields
2075 332 9 75 :
2110 332 56 75 In-

1139 377 93 75 deed,
1250 377 54 75 the
1320 377 123 75 prefent
1459 377 123 75 market
1599 377 77 75 does
1692 377 57 75 not
1765 377 177 75 encourage
1959 377 55 75 the
2032 377 134 75 cultiva-

1137 423 67 75 tion
1222 423 39 75 of
1272 423 63 75 this
1351 423 101 75 plant.
1501 423 68 75 But
1583 423 79 75 they
1673 423 80 75 have
1763 423 99 75 lately
1874 423 81 75 been
1966 423 101 75 found
2077 423 36 75 to
2124 423 43 75 be

1138 470 160 75 excellent
1324 470 79 75 food
1417 470 53 75 for
1485 470 130 75 horfes;
1641 470 78 75 they
1742 470 52 75 eat
1817 470 88 75 them
1921 470 155 75 greedily,
2101 470 66 75 and

1138 515 53 75 are
1207 515 73 75 well
1295 515 56 75 fed
1366 515 44 75 by
1425 515 101 75 them.
1576 515 134 75 Carrots
1727 515 53 75 are
1796 515 56 75 not
1868 515 136 75 difficult
2016 515 34 75 to
2062 515 102 75 raife;

1138 561 18 75 a
1172 561 77 75 very
1260 561 90 75 fmall
1366 561 75 75 field
1456 561 27 75 is
1500 561 166 75 fufficient,
1692 561 62 75 and
1770 561 56 75 the
1843 561 74 75 trial
1930 561 73 75 may
2014 561 95 75 eafily
2125 561 40 75 be

1138 607 91 75 made
1246 607 43 75 by
1303 607 62 75 any
1380 607 131 75 farmer,
1536 607 33 75 at
1586 607 18 75 a
1620 607 77 75 very
1712 607 90 75 fmall
1819 607 155 75 expence.

1184 654 76 75 The
1276 654 66 75 beft
1354 654 91 75 crops
1461 654 40 75 of
1512 654 135 75 carrots,
1672 654 32 75 in
1720 654 60 75 our
1795 654 149 75 gardens,
1969 654 53 75 are
2038 654 124 75 produ-

1138 699 60 75 ced
1213 699 43 75 by
1277 699 180 75 trenching.
1505 699 112 75 When
1628 699 56 75 the
1700 699 58 75 foil
1769 699 26 75 is
1807 699 83 75 hard
1904 699 117 75 below,
2039 699 127 75 though

1137 745 25 75 it
1180 745 39 75 be
1235 745 75 75 well
1330 745 141 75 dunged,
1504 745 27 75 it
1557 745 78 75 does
1662 745 59 75 not
1746 745 141 75 produce
1914 745 19 75 a
1959 745 86 75 good
2072 745 91 75 crop.

1138 792 186 75 Whenever
1339 792 55 75 the
1410 792 89 75 roots
1527 792 95 75 reach
1648 792 57 75 the
1731 792 83 75 hard
1836 792 70 75 foil,
1938 792 79 75 they
2033 792 133 75 become

1137 838 128 75 forked,
1326 838 29 75 e.
1372 838 56 75 the
1445 838 88 75 roots
1550 838 120 75 divide,
1687 838 105 75 which
1808 838 148 75 prevents
1972 838 89 75 them
2077 838 87 75 from

1136 884 144 75 growing
1295 884 100 75 large.
1442 884 189 75 Trenching
1646 884 108 75 makes
1771 884 55 75 the
1849 884 91 75 earth
1967 884 94 75 deep,
2087 884 75 75 and,

1137 929 42 75 by
1194 929 160 75 throwing
1369 929 87 75 what
1473 929 65 75 was
1554 929 42 75 on
1623 929 55 75 the
1693 929 121 75 furface
1830 929 69 75 into
1914 929 55 75 the
1985 929 127 75 bottom
2129 929 41 75 of

1136 977 55 75 the
1207 977 124 75 trench,
1356 977 68 75 lays
1443 977 86 75 good
1544 977 58 75 foil
1618 977 106 75 below
1739 977 52 75 for
1814 977 56 75 the
1886 977 89 75 roots
1991 977 36 75 to
2043 977 122 75 extend

1136 1023 193 75 themfelve^
1338 1023 81 75 into.
1469 1023 191 75 Something
1676 1023 65 75 like
1768 1023 65 75 this
1856 1023 80 75 muft
1958 1023 40 75 be
2022 1023 84 75 done
2130 1023 33 75 in

1135 1068 59 75 our
1209 1068 91 75 fields
1324 1068 111 75 before
1450 1068 50 75 we
1516 1068 59 75 can
1591 1068 114 75 expedt
1724 1068 19 75 a
1758 1068 86 75 good
1860 1068 89 75 crop.

1181 1115 53 75 M.
1252 1115 41 75 de
1309 1115 244 75 Chateauvieux
1568 1115 86 75 tried
1669 1115 36 75 to
1729 1115 79 75 raife
1832 1115 20 75 a
1874 1115 76 75 crop
1978 1115 40 75 of
2040 1115 125 75 carrots

1133 1160 44 75 by
1194 1160 55 75 the
1268 1160 227 75 horfe-hoeing
1510 1160 192 75 hufbandry,
1728 1160 61 75 and
1806 1160 64 75 was
1887 1160 78 75 very
1980 1160 182 75 fuccefsful.

1133 1207 54 75 He
1210 1207 107 75 fowed
1332 1207 89 75 them
1437 1207 33 75 in
1486 1207 78 75 beds
1588 1207 47 75 fix
1662 1207 65 75 feet
1755 1207 114 75 broad,
1894 1207 42 75 on
1961 1207 55 75 the
2041 1207 59 75 4th
2126 1207 42 75 of

1134 1253 94 75 May.
1276 1253 54 75 He
1346 1253 112 75 ftirred
1478 1253 55 75 the
1554 1253 100 75 alleys
1671 1253 79 75 with
1767 1253 55 75 the
1838 1253 94 75 fpade
1948 1253 42 75 on
2005 1253 57 75 the
2082 1253 82 75 15th

1134 1299 62 75 and
1212 1299 82 75 27th
1311 1299 40 75 of
1362 1299 89 75 July,
1469 1299 63 75 and
1544 1299 18 75 a
1573 1299 177 75 third^ime
1762 1299 42 75 on
1815 1299 55 75 the
1887 1299 60 75 6th
1964 1299 39 75 of
2015 1299 149 75 Septem-

1133 1344 68 75 ber.
1249 1344 100 75 They
1371 1344 85 75 were
1480 1344 119 75 digged
1623 1344 42 75 up
1692 1344 42 75 on
1756 1344 56 75 the
1830 1344 60 75 8th
1907 1344 40 75 of
1959 1344 200 75 November,

1134 1391 162 75 meafured
1312 1391 83 75 from
1416 1391 39 75 18
1474 1391 34 75 to
1526 1391 18 75 2
1554 1391 15 75 J
1591 1391 108 75 inches
1716 1391 32 75 in
1764 1391 122 75 length,
1913 1391 63 75 and
1992 1391 85 75 from
2094 1391 66 75 two

1134 1437 34 75 to
1184 1437 76 75 four
1275 1437 33 75 in
1322 1437 166 75 diameter,
1506 1437 63 75 and
1584 1437 145 75 weighed
1746 1437 84 75 from
1848 1437 41 75 25
1909 1437 35 75 to
1966 1437 41 75 33
2027 1437 132 75 ounces.

1180 1483 97 75 Land
1287 1483 71 75 that
1369 1483 56 75 has
1439 1483 18 75 a
1467 1483 82 75 hard
1560 1483 126 75 bottom
1697 1483 41 75 of
1744 1483 73 75 clay
1828 1483 37 75 or
1874 1483 49 75 till
1935 1483 26 75 is
1973 1483 183 75 improper;

1134 1528 62 75 and
1210 1528 26 75 it
1252 1528 27 75 is
1297 1528 72 75 vain
1385 1528 36 75 to
1437 1528 113 75 expedt
1574 1528 79 75 that
1671 1528 76 75 fuch
1774 1528 76 75 land
1872 1528 58 75 can
1945 1528 40 75 be
2002 1528 158 75 prepared

1134 1574 51 75 for
1201 1574 120 75 carrots
1338 1574 45 75 by
1398 1574 55 75 the
1465 1574 133 75 plough,
1623 1574 135 75 without
1774 1574 91 75 great
1880 1574 126 75 trouble
2023 1574 62 75 and
2102 1574 58 75 ex-

1133 1621 111 75 pence.
1293 1621 79 75 But,
1396 1621 93 75 when
1506 1621 76 75 land
1597 1621 57 75 has
1671 1621 19 75 a
1705 1621 65 75 foft
1786 1621 138 75 bottom,
1950 1621 19 75 a
1985 1621 87 75 good
2083 1621 82 75 crop

1134 1666 39 75 of
1184 1666 123 75 carrots
1329 1666 71 75 may
1417 1666 40 75 be
1475 1666 101 75 raifed
1599 1666 33 75 at
1661 1666 18 75 a
1703 1666 89 75 fmall
1816 1666 141 75 expence
1984 1666 44 75 by
2051 1666 109 75 horfe-

1131 1713 130 75 hoeing.

1179 1759 49 75 As
1243 1759 56 75 the
1315 1759 84 75 feed,
1424 1759 33 75 in
1473 1759 64 75 this
1554 1759 147 75 country,
1726 1759 80 75 muft
1822 1759 41 75 be
1879 1759 86 75 fown
1977 1759 32 75 in
2026 1759 133 75 March,

1132 1804 56 75 the
1202 1804 77 75 land
1298 1804 110 75 ffiould
1433 1804 55 75 get
1513 1804 18 75 a
1550 1804 176 75 ploughing
1750 1804 111 75 before
1883 1804 127 75 winter,
2035 1804 62 75 and
2118 1804 46 75 bo

1131 1849 64 75 laid
1211 1849 58 75 out
1284 1849 34 75 in
1334 1849 77 75 beds
1428 1849 37 75 or
1483 1849 104 75 ridges
1604 1849 40 75 of
1664 1849 56 75 the
1743 1849 134 75 breadth
1894 1849 155 75 propofed
2065 1849 95 75 when

1131 1897 55 75 the
1209 1897 122 75 carrots
1356 1897 54 75 are
1432 1897 35 75 to
1490 1897 40 75 be
1549 1897 108 75 fown;
1687 1897 56 75 the
1763 1897 137 75 furrows
1917 1897 135 75 betwixt
2068 1897 90 75 thefe

1131 1944 105 75 ridges
1253 1944 112 75 ffiould
1391 1944 40 75 be
1458 1944 91 75 made
1566 1944 33 75 as
1616 1944 80 75 deep
1721 1944 33 75 as
1775 1944 138 75 poffible,
1938 1944 132 75 becaufe
2087 1944 27 75 it
2130 1944 34 75 is'

1131 1989 85 75 upon
1233 1989 86 75 thefe
1342 1989 136 75 furrows
1507 1989 71 75 that
1605 1989 56 75 the
1686 1989 83 75 rows
1798 1989 40 75 of
1856 1989 122 75 carrots
1997 1989 53 75 are
2067 1989 35 75 to
2118 1989 40 75 be

1131 2035 98 75 fown.
1277 2035 33 75 A
1326 2035 114 75 fecond
1458 2035 176 75 ploughing
1649 2035 33 75 in
1697 2035 114 75 Winter
1827 2035 113 75 fhould
1960 2035 123 75 reverfe
2100 2035 60 75 the

1131 2080 75 75 firft,
1235 2080 63 75 and
1322 2080 74 75 turn
1424 2080 54 75 the
1502 2080 137 75 furrows
1667 2080 68 75 into
1758 2080 143 75 crowns;
1936 2080 82 75 and,,
2046 2080 112 75 before

1131 2127 54 75 the
1202 2127 125 75 carrots
1352 2127 53 75 are
1431 2127 99 75 fown,
1555 2127 60 75 one
1632 2127 78 75 bout
1726 2127 41 75 of
1777 2127 55 75 the
1849 2127 120 75 plough
1985 2127 74 75 may
2077 2127 85 75 raife

1131 2174 54 75 the
1201 2174 108 75 crown
1324 2174 41 75 of
1379 2174 55 75 the
1450 2174 90 75 ridge
1556 2174 61 75 ftill
1632 2174 127 75 higher.
1807 2174 99 75 Upon
1922 2174 89 75 thefe
2032 2174 127 75 crowns

1130 2221 54 75 the
1211 2221 74 75 feed
1301 2221 80 75 muft
1403 2221 40 75 be
1462 2221 86 75 fo\vn
1575 2221 56 75 out
1659 2221 39 75 of
1720 2221 55 75 the
1802 2221 97 75 hand,
1924 2221 69 75 into
2021 2221 19 75 a
2066 2221 93 75 fmall

1129 2266 122 75 trench,
1269 2266 109 75 drawn
1394 2266 34 75 as
1445 2266 132 75 ftraight
1593 2266 33 75 as
1648 2266 139 75 poffible,
1813 2266 63 75 and
1891 2266 136 75 covered
2042 2266 77 75 with
2137 2266 20 75 a

1129 2312 88 75 rake.

1175 2358 111 75 When
1308 2358 56 75 the
1380 2358 106 75 weeds
1514 2358 64 75 firft
1594 2358 127 75 appear,
1746 2358 56 75 the
1818 2358 175 75 remaining
2020 2358 73 75 part
2119 2358 45 75 of

1127 2405 56 75 the
1202 2405 106 75 ridges
1323 2405 74 75 may
1410 2405 38 75 be
1464 2405 162 75 ploughed
1642 2405 69 75 out,
1728 2405 128 75 turning
1872 2405 55 75 the
1941 2405 91 75 earth
2044 2405 35 75 to
2097 2405 63 75 the

1129 2451 95 75 rows,
1249 2451 63 75 and
1334 2451 111 75 taking
1467 2451 72 75 care
1557 2451 56 75 not
1629 2451 36 75 to
1686 2451 41 75 go
1743 2451 34 75 fo
1792 2451 77 75 near
1884 2451 33 75 as
1933 2451 36 75 to
1986 2451 96 75 cover
2096 2451 58 75 the

1127 2497 115 75 plants.
1293 2497 119 75 Before
1428 2497 55 75 the
1498 2497 73 75 feed
1583 2497 27 75 is
1626 2497 100 75 fown,
1751 2497 105 75 which
1873 2497 27 75 is
1924 2497 85 75 fome
2025 2497 77 75 time
2118 2497 35 75 in

1128 2542 130 75 March,
1282 2542 120 75 inftead
1412 2542 41 75 of
1462 2542 176 75 ploughing
1653 2542 55 75 the
1723 2542 106 75 whole
1846 2542 103 75 ridge,
1965 2542 55 75 the
2032 2542 120 75 plough

1127 2589 110 75 ffiould
1253 2589 76 75 only
1345 2589 42 75 go
1411 2589 79 75 once
1507 2589 96 75 about
1621 2589 40 75 on
1679 2589 55 75 the
1750 2589 120 75 crown,
1895 2589 36 75 to
1947 2589 132 75 prevent
2095 2589 57 75 the

1127 2635 64 75 bad
1209 2635 107 75 effects
1334 2635 39 75 of
1386 2635 56 75 too
1461 2635 96 75 much
1577 2635 160 75 moifture.

1173 2681 49 75 As
1238 2681 76 75 foon
1331 2681 33 75 as
1381 2681 55 75 the
1453 2681 104 75 plants
1573 2681 59 75 can
1648 2681 39 75 be
1704 2681 95 75 eafily
1813 2681 240 75 diftinguiffied,-
2073 2681 79 75 they

1127 2727 110 75 ffiould
1252 2727 40 75 be
1307 2727 197 75 hand-hoed,
1531 2727 61 75 and
1607 2727 133 75 thinned
1755 2727 106 75 where
1877 2727 77 75 they
1982 2727 89 75 ftand
2093 2727 58 75 too

1127 2773 111 75 thick;
1269 2773 62 75 and
1353 2773 83 75 after
1451 2773 66 75 this
1534 2773 55 75 the
1604 2773 100 75 alleys
1720 2773 80 75 muft
1818 2773 40 75 be
1874 2773 161 75 regularly
2051 2773 98 75 hoed,

1128 2820 32 75 as
1177 2820 139 75 diredled
1332 2820 31 75 in
1379 2820 56 75 the
1452 2820 124 75 culture
1596 2820 39 75 of
1655 2820 136 75 turnips.

1175 2864 31 75 It
1221 2864 27 75 is
1264 2864 123 75 natural
1403 2864 35 75 to
1454 2864 124 75 expecft,
1596 2864 71 75 that
1683 2864 120 75 carrots
1821 2864 100 75 raifed
1942 2864 31 75 in
1995 2864 64 75 this
2076 2864 72 75 way

1128 2912 115 75 ffiould
1269 2912 40 75 be
1340 2912 86 75 freer
1452 2912 84 75 from
1563 2912 130 75 worms,
1718 2912 64 75 and
1799 2912 97 75 much
1922 2912 106 75 better
2052 2912 98 75 every

2063 2963 83 75 way.
