2431 3327
492 132 241 75 ADO

117 204 187 75 Apmiral
327 204 26 75 is
377 204 64 75 alfo
469 204 40 75 an
532 204 192 75 appellation
740 204 94 75 given
850 204 34 75 to
902 204 55 75 the
973 204 80 75 mod
1069 204 76 75 con-

165 250 150 75 liderable
332 250 65 75 Ihip
414 250 40 75 of
476 250 19 75 a
522 250 74 75 fleet
623 250 42 75 of
686 250 266 75 merchant-men,
978 250 37 75 or
1032 250 39 75 of
1089 250 56 75 the

166 297 108 75 vefleb
296 297 169 75 employed
481 297 33 75 in
536 297 56 75 the
609 297 192 75 cod-fifliery
817 297 40 75 of
868 297 274 75 Newfoundland.

162 344 86 75 This
276 344 56 75 laft
349 344 58 75 has
435 344 57 75 the
515 344 153 75 privilege
685 344 40 75 of
743 344 130 75 chufing
889 344 87 75 what
999 344 89 75 place
1103 344 42 75 he

164 389 119 75 pleafcs
303 389 41 75 on
361 389 56 75 the
435 389 89 75 fhore
547 389 37 75 to
609 389 62 75 dry
685 389 52 75 his
752 389 78 75 fifli;
857 389 87 75 gives
961 389 116 75 proper
1092 389 53 75 or-

164 437 87 75 ders,
269 437 64 75 and
348 437 146 75 appoints
508 437 55 75 the
580 437 109 75 filhing
701 437 106 75 places
820 437 35 75 to
867 437 90 75 thofe
969 437 73 75 who
1055 437 90 75 come

164 482 84 75 after
264 482 87 75 him;
378 482 62 75 and
456 482 33 75 as
505 482 76 75 long
602 482 32 75 as
647 482 56 75 the
718 482 231 75 fiftiing-feafon
967 482 177 75 continues,

163 530 42 75 he
221 530 117 75 carries
355 530 18 75 a
388 530 64 75 flag
467 530 43 75 on
525 530 50 75 his
592 530 189 75 main-mart.

117 574 203 75 Admiral,
345 574 33 75 in
401 574 152 75 zoology,
571 574 55 75 the
644 574 130 75 Englifli
786 574 91 75 name
889 574 41 75 of
943 574 19 75 a
976 574 118 75 fpecies
1112 574 40 75 of

165 621 56 75 the
237 621 122 75 voluta,
384 621 19 75 a
419 621 76 75 (hell
511 621 55 75 fifti
590 621 171 75 belonging
779 621 35 75 to
830 621 56 75 the
905 621 95 75 order
1017 621 41 75 of
1074 621 71 75 ver-

165 667 66 75 mes
249 667 147 75 tertacea.
446 667 62 75 See
525 667 184 75 Voluta.

118 714 97 75 High
227 714 101 75 Court
351 714 43 75 of
406 714 311 75 ADMIRALTY,
742 714 33 75 in
792 714 167 75 Scotland,
985 714 56 75 the
1053 714 93 75 court
1172 696 10 49 4

165 759 33 75 in
230 759 107 75 which
368 759 56 75 the
450 759 228 75 high-admiral
710 759 27 75 is
757 759 114 75 judge.
929 759 62 75 See
1017 759 128 75 Admi-

171 805 86 75 ral.

118 850 335 75 ADMIRATION,
478 850 32 75 in
530 850 140 75 general,
688 850 133 75 denotes
837 850 145 75 furprife,
1000 850 145 75 wonder,

165 897 38 75 or
219 897 220 75 aftoniflufient
463 897 33 75 at
518 897 63 75 any
603 897 246 75 extraordinary
874 897 106 75 event.
1032 897 114 75 Some-

164 943 92 75 times
277 943 64 75 alfo
357 943 27 75 it
395 943 132 75 fignifies
544 943 56 75 the
617 943 174 75 expreffion
809 943 40 75 of
859 943 143 75 wonder.

117 989 285 75 ADMISSION,
420 989 115 75 among
546 989 216 75 ecclefiaftical
780 989 135 75 writers,
934 989 26 75 is
978 989 53 75 the
1048 989 48 75 a<rt
1112 989 42 75 of

164 1035 20 75 a
197 1035 138 75 bifliop’s
351 1035 150 75 allowing
513 1035 122 75 axlerk
650 1035 36 75 to
702 1035 39 75 be
761 1035 150 75 properly
928 1035 152 75 qualified
1096 1035 52 75 for

165 1080 123 75 ferving
305 1080 18 75 a
343 1080 87 75 cure.

118 1127 341 75 ADMITTENDO
487 1127 128 75 clerico,
640 1127 33 75 in
693 1127 54 75 the
772 1127 132 75 Englifli
926 1127 74 75 law,
1028 1127 18 75 a
1073 1127 75 75 writ

165 1173 135 75 granted
316 1173 36 75 to
364 1173 18 75 a
394 1173 111 75 perfon
522 1173 74 75 who
608 1173 56 75 has
677 1173 174 75 recovered
862 1173 49 75 his
925 1173 86 75 right
1024 1173 41 75 of
1075 1173 72 75 pre-

164 1219 157 75 fentation
339 1219 117 75 againft
467 1219 55 75 the
538 1219 120 75 bifhop,
677 1219 64 75 <bc.
766 1219 32 75 in
816 1219 55 75 the
884 1219 145 75 common
1047 1219 99 75 pleas,

165 1266 44 75 by
225 1266 105 75 which
342 1266 55 75 the
409 1266 119 75 bifliop,
546 1266 37 75 or
599 1266 225 75 metropolitan
832 1266 35 75 's
879 1266 154 75 ordained
1044 1266 34 75 to
1090 1266 56 75 ad-

167 1311 58 75 mit
237 1311 50 75 his
299 1311 101 75 clerk.

121 1357 275 75 Admittendo
424 1357 36 75 in
475 1357 138 75 focium,
638 1357 32 75 in
697 1357 55 75 the
778 1357 134 75 Englifli
935 1357 73 75 law,
1034 1357 19 75 a
1075 1357 74 75 writ

168 1403 51 75 for
235 1403 55 75 the
307 1403 179 75 aflbciation
502 1403 40 75 of
552 1403 119 75 certain
686 1403 127 75 perfons
838 1403 35 75 to
898 1403 127 75 juftices
1041 1403 41 75 of
1099 1403 48 75 af-

168 1449 61 75 fize
246 1449 156 75 formerly
418 1449 181 75 appointed.

122 1497 337 75 ADMONITION,
484 1497 33 75 in
527 1497 215 75 ecclefiaftical
759 1497 176 75 difcipline,
952 1497 27 75 is
997 1497 19 75 a
1032 1497 116 75 formal

168 1541 142 75 warning
325 1541 40 75 of
377 1541 39 75 an
439 1541 145 75 offender
611 1541 40 75 of
665 1541 50 75 his
738 1541 241 75 irregularities,
1006 1541 63 75 and
1091 1541 57 75 ad-

169 1587 96 75 vifing
281 1587 66 75 him
368 1587 36 75 to
421 1587 130 75 reform.

123 1633 389 75 ADMONITIO;/"«/?/'
512 1633 65 75 aw,
603 1633 115 75 among
733 1633 55 75 the
805 1633 157 75 Romans,
997 1633 18 75 a
1031 1633 118 75 milita-

170 1677 37 75 ry
222 1677 210 75 punifliment,
457 1677 58 75 not
530 1677 108 75 unlike
654 1677 60 75 our
729 1677 174 75 whipping,
928 1677 78 75 only
1030 1677 27 75 it
1084 1677 65 75 was

170 1721 185 75 performed
373 1721 79 75 with
470 1721 256 75 vine-branches.

125 1767 432 75 ADMORTIZATION,
582 1767 31 75 in
636 1767 55 75 the
714 1767 109 75 feudal
848 1767 147 75 cuftoms,
1020 1767 56 75 the
1099 1767 50 75 re-

171 1812 128 75 duftion
314 1812 40 75 of
365 1812 55 75 the
440 1812 151 75 property
606 1812 40 75 of
656 1812 90 75 lands
763 1812 37 75 or
811 1812 175 75 tenements
1003 1812 35 75 to
1049 1812 99 75 mort-

171 1858 95 75 main.
316 1858 61 75 See
392 1858 241 75 Mortmain.

123 1904 219 75 ADNATA,
352 1904 194 75 inanatomy,
559 1904 61 75 one
631 1904 41 75 of
678 1904 55 75 the
746 1904 87 75 coats
845 1904 41 75 of
891 1904 56 75 the
959 1904 70 75 eye,
1039 1904 108 75 which

167 1949 27 75 is
211 1949 64 75 alfo
291 1949 103 75 called
411 1949 206 75 conjundiva
644 1949 63 75 and
732 1949 185 75 albuginea.
968 1949 61 75 See
1045 1949 101 75 Ana-

171 1996 125 75 tomy,
322 1996 77 75 Part
418 1996 64 75 VI.

121 2042 178 75 Adnata,
324 2042 27 75 is
376 2042 64 75 alfo
457 2042 76 75 ufed
549 2042 52 75 for
616 2042 62 75 any
693 2042 84 75 hair,
801 2042 98 75 wool,
925 2042 38 75 or
985 2042 56 75 the
1067 2042 79 75 like,

167 2087 103 75 which
287 2087 104 75 grows
411 2087 85 75 upon
513 2087 129 75 animals
660 2087 37 75 or
713 2087 194 75 vegetables.

119 2135 231 75 ADNOUN,"
370 2135 20 75 a
404 2135 82 75 term
504 2135 75 75 ufed
600 2135 44 75 by
661 2135 85 75 feme
771 2135 226 75 giammarians
1026 2135 53 75 for
1107 2135 40 75 an

167 2180 164 75 adjediive.

119 2224 69 75 AD
205 2224 76 75 o/flo,
298 2224 130 75 implied
444 2224 54 75 the
509 2224 124 75 higheft
649 2224 116 75 degree
777 2224 41 75 of
828 2224 186 75 perfeflion,
1032 2224 115 75 among

166 2271 125 75 ancient
309 2271 233 75 philofophers.

118 2319 372 75 ADOLESCENCE,
515 2319 55 75 the
597 2319 111 75 flower
733 2319 41 75 of
796 2319 115 75 youth,
945 2319 36 75 or
1006 2319 77 75 time
1111 2319 42 75 of

164 2363 126 75 growth
306 2363 32 75 in
356 2363 55 75 the
426 2363 118 75 human
560 2363 130 75 fpecies,
715 2363 218 75 commencing
955 2363 32 75 at
1003 2363 142 75 infancy,

165 2409 61 75 and
240 2409 204 75 terminating
459 2409 33 75 in
508 2409 172 75 manhood.

117 2455 200 75 ADOLPH
334 2455 164 75 Fredrick'
498 2455 18 75 s
534 2455 150 75 Schacht,
709 2455 19 75 a
742 2455 191 75 filver-mine
950 2455 32 75 in
997 2455 148 75 Sweden,

164 2502 119 75 which,
308 2502 86 75 from
414 2502 86 75 1742
517 2502 38 75 to
575 2502 102 75 1747,
703 2502 164 75 produced
882 2502 19 75 a
917 2502 90 75 great
1023 2502 72 75 deal
1112 2502 40 75 of

164 2547 103 75 fllver.

116 2595 160 75 ADOM,
300 2595 34 75 in
350 2595 195 75 geography,
572 2595 19 75 a
605 2595 157 75 populous
784 2595 116 75 village
928 2595 32 75 in
989 2595 56 75 the
1072 2595 73 75 pro-

163 2639 91 75 vince
278 2639 408 75 of-Stuhl-Weiffenberg,
719 2639 172 75 belonging
914 2639 35 75 to
973 2639 171 75 Hungary.

164 2685 30 75 It
210 2685 58 75 lies
292 2685 32 75 in
354 2685 18 75 a
394 2685 127 75 fruitful
545 2685 148 75 country,
718 2685 141 75 towards
882 2685 55 75 the
965 2685 84 75 river
1074 2685 72 75 Da-

165 2731 94 75 nube,
288 2731 54 75 19.
362 2731 59 75 20.
443 2731 89 75 long.
557 2731 59 75 47.
636 2731 56 75 30.
710 2731 58 75 lat.

116 2778 207 75 ADONAI,
348 2778 60 75 one
424 2778 40 75 of
475 2778 55 75 the
548 2778 106 75 names
679 2778 39 75 of
740 2778 57 75 the
824 2778 153 75 Supreme
994 2778 104 75 Being
1113 2778 33 75 in

164 2823 55 75 the
239 2823 183 75 feriptures.
486 2823 77 75 The
590 2823 117 75 proper
723 2823 33 75 m
766 2823 106 75 .aning
887 2823 41 75 of
938 2823 56 75 the
1011 2823 92 75 word
1118 2823 28 75 is

163 2867 48 75 my
227 2867 99 75 lords,
353 2867 33 75 in
409 2867 55 75 the
481 2867 104 75 plural
612 2867 147 75 number,
785 2867 33 75 as
837 2867 109 75 Adoni
962 2867 27 75 is
1009 2867 47 75 my
1073 2867 79 75 lord

165 2913 31 75 in
214 2913 55 75 the
290 2913 148 75 Angular.

117 2962 204 75 ADONIA,
344 2962 34 75 in
393 2962 200 75 mythology,
618 2962 138 75 feftivals
780 2962 34 75 in
829 2962 125 75 honour
970 2962 41 75 of
1021 2962 124 75 Venus,

1616 129 40 75 A
1714 129 42 75 D
1815 129 36 75 P

1244 198 62 75 and
1321 198 32 75 in
1370 198 144 75 memory
1531 198 42 75 of
1582 198 139 75 Adonis,
1748 198 80 75 with
1850 198 109 75 whom
1981 198 53 75 flie
2058 198 26 75 is
2111 198 68 75 faid
2193 198 37 75 to

1242 245 81 75 l?ave
1339 245 79 75 been
1435 245 32 75 in
1483 245 86 75 love.

1195 291 232 75 ADONIAS,
1444 291 33 75 in
1489 291 133 75 botany,
1640 291 40 75 an
1692 291 141 75 obfolete
1846 291 91 75 name
1950 291 40 75 of
1996 291 54 75 the
2064 291 163 75 anemone.

1245 336 60 75 See
1322 336 210 75 Anemone.

1196 383 268 75 ADONIDES,
1489 383 32 75 in
1534 383 133 75 botany,
1694 383 18 75 a
1728 383 91 75 name
1832 383 93 75 given
1938 383 35 75 to
1989 383 152 75 botanifts
2153 383 76 75 who

1244 429 165 75 deferibed
1424 429 38 75 or
1486 429 93 75 made
1605 429 182 75 catalogues
1812 429 41 75 of
1873 429 104 75 plants
2003 429 175 75 cultivated
2197 429 33 75 in

1245 475 61 75 any
1327 475 173 75 particular
1528 475 101 75 place.

1195 522 243 75 ADONION,
1455 522 32 75 in
1503 522 132 75 botany,
1653 522 41 75 an
1710 522 142 75 obfolete
1868 522 92 75 name
1973 522 40 75 of
2025 522 19 75 a
2058 522 118 75 fpecies
2194 522 42 75 of

1243 568 260 75 fouthernwood.

1196 615 199 75 ADONIS,
1420 615 32 75 in
1470 615 152 75 zoology.
1673 615 62 75 See
1752 615 262 75 Exocoetus.

1196 660 170 75 Adonis,
1398 660 33 75 in
1454 660 132 75 botany,
1620 660 19 75 a
1662 660 99 75 genus
1785 660 41 75 of
1844 660 56 75 the
1923 660 188 75 polyandria
2135 660 93 75 poly-

1243 706 96 75 gynia
1355 706 91 75 clafs.
1493 706 78 75 The
1598 706 131 75 Englifli
1753 706 108 75 names
1879 706 66 75 are,
1978 706 249 75 adonis-flower,

1244 752 177 75 pheafant’s
1447 752 70 75 eye,
1544 752 57 75 red
1627 752 149 75 maithes,
1802 752 37 75 or
1857 752 58 75 red
1941 752 162 75 morocco.
2151 752 79 75 The

1244 800 86 75 calix
1346 800 41 75 of
1405 800 63 75 this
1494 800 98 75 genus
1617 800 27 75 is
1665 800 259 75 pentaphyllous,
1958 800 56 75 the
2042 800 101 75 petals
2174 800 56 75 are

1244 845 72 75 five,
1342 845 63 75 and
1421 845 56 75 the
1493 845 87 75 leeds
1598 845 52 75 are
1667 845 115 75 naked.
1829 845 115 75 There
1960 845 53 75 are
2032 845 61 75 five
2109 845 120 75 fpecies

1244 891 41 75 of
1295 891 55 75 the
1375 891 123 75 adonis,
1523 891 71 75 viz.
1628 891 55 75 the
1704 891 157 75 aeftivalis,
1888 891 203 75 autumnalis,
2116 891 114 75 verna-

1244 938 52 75 lis,
1314 938 186 75 appennina,
1517 938 63 75 and
1596 938 155 75 capenlis;
1776 938 81 75 none
1873 938 41 75 of
1925 938 105 75 which
2043 938 54 75 are
2107 938 121 75 natives

1243 984 41 75 of
1295 984 139 75 Britain,
1460 984 171 75 excepting
1648 984 54 75 the
1719 984 203 75 autumnalis.
1973 984 61 75 See
2050 984 94 75 Plate
2161 984 67 75 III.

1244 1031 55 75 fig.
1318 1031 30 75 1.
1366 1031 105 75 which
1489 1031 174 75 reprefents
1687 1031 55 75 the
1768 1031 111 75 adonis
1901 1031 187 75 appennina.

1198 1077 154 75 Adonis
1372 1077 102 75 A?/;?,
1500 1077 31 75 in
1557 1077 174 75 antiquity,
1757 1077 39 75 an
1822 1077 125 75 ancient
1963 1077 155 75 beverage
2135 1077 94 75 made

1243 1123 41 75 of
1294 1123 95 75 wine,
1414 1123 112 75 mixed
1540 1123 79 75 with
1635 1123 111 75 flower
1761 1123 42 75 of
1813 1123 124 75 roafted
1957 1123 97 75 adon.
2114 1123 34 75 It
2163 1123 66 75 was

1241 1169 58 75 the
1320 1169 82 75 fame
1424 1169 79 75 with
1522 1169 132 75 cyceon.

1197 1216 288 75 ADOPTIANI,
1511 1216 31 75 in
1563 1216 119 75 church
1699 1216 134 75 hiftory,
1860 1216 18 75 a
1897 1216 118 75 fedt/Of
2034 1216 122 75 antient
2172 1216 58 75 he-

1244 1261 109 75 retics,
1379 1261 161 75 followers
1558 1261 39 75 of
1616 1261 95 75 Felix
1735 1261 40 75 of
1799 1261 117 75 Urgel,
1942 1261 63 75 and
2031 1261 141 75 Elipand
2194 1261 43 75 of

1242 1307 144 75 Toledo,
1412 1307 86 75 who,
1522 1307 141 75 towards
1680 1307 57 75 the
1753 1307 63 75 end
1832 1307 40 75 of
1883 1307 55 75 the
1954 1307 112 75 eighth
2082 1307 146 75 century,

1244 1353 162 75 advanced
1421 1353 56 75 the
1497 1353 123 75 notion,
1646 1353 72 75 that
1741 1353 90 75 Jefus
1849 1353 121 75 Chrift,
1995 1353 33 75 in
2044 1353 50 75 his
2111 1353 119 75 human

1243 1400 124 75 nature,
1384 1400 27 75 is
1425 1400 54 75 the
1494 1400 65 75 Son
1573 1400 40 75 of
1623 1400 93 75 God,
1734 1400 56 75 not
1803 1400 43 75 by
1857 1400 125 75 nature,
2000 1400 58 75 but
2073 1400 45 75 by
2131 1400 98 75 adop-

1243 1446 80 75 tion.

1197 1492 268 75 ADOPTION,
1492 1492 19 75 a
1533 1492 121 75 folemn
1676 1492 49 75 adt
1740 1492 152 75 whereby
1908 1492 63 75 any
1988 1492 61 75 one
2065 1492 91 75 takes
2174 1492 55 75 an-

1244 1537 95 75 other
1355 1537 101 75 man’s
1474 1537 56 75 fon
1546 1537 68 75 into
1642 1537 50 75 his
1710 1537 123 75 family,
1860 1537 62 75 and
1950 1537 108 75 makes
2086 1537 68 75 him
2178 1537 51 75 his

1244 1583 82 75 heir,
1352 1583 151 75 inverting
1527 1583 68 75 him
1609 1583 86 75 -with
1713 1583 42 75 all
1771 1583 55 75 the
1853 1583 103 75 rights
1980 1583 64 75 and
2059 1583 170 75 privileges

1246 1629 39 75 of
1297 1629 18 75 a
1333 1629 67 75 fon.

1198 1675 265 75 ADOPTIVE,
1488 1675 32 75 in
1537 1675 140 75 general,
1702 1675 132 75 fignifies
1867 1675 62 75 any
1956 1675 92 75 thing
2075 1675 153 75 adopted.

1245 1723 94 75 Thus
1356 1723 49 75 we
1422 1723 66 75 fay,
1513 1723 149 75 adoptive
1680 1723 159 75 children,
1864 1723 62 75 &c.

1198 1767 207 75 Adoptive
1432 1767 103 75 arms,
1560 1767 32 75 in
1615 1767 163 75 heraldry,
1804 1767 50 75 or,
1878 1767 90 75 arms
2001 1767 45 75 of
2061 1767 166 75 adoption,

1244 1814 89 75 thofe
1346 1814 107 75 which
1465 1814 19 75 a
1495 1814 109 75 perfon
1617 1814 112 75 enjoys
1746 1814 44 75 by
1807 1814 55 75 the
1879 1814 61 75 gift
1957 1814 37 75 or
2009 1814 172 75 concelfion
2193 1814 41 75 of

1245 1860 145 75 another,
1416 1860 62 75 and
1494 1860 35 75 to
1544 1860 106 75 which
1667 1860 42 75 he
1726 1860 64 75 was
1811 1860 57 75 not
1885 1860 167 75 otherwife
2063 1860 140 75 intitled.

1199 1907 249 75 ADOPTIVE
1500 1907 60 75 See
1578 1907 245 75 Adoptiani.

1196 1953 309 75 ADORATION,
1530 1953 25 75 is
1579 1953 55 75 the
1649 1953 137 75 homage
1812 1953 62 75 and
1897 1953 176 75 fubmiflion
2098 1953 63 75 due
2192 1953 35 75 to

1244 1998 54 75 the
1316 1998 154 75 Supreme
1487 1998 115 75 Being.

1196 2044 277 75 ADOSSEE,in
1485 2044 163 75 heraldry,
1662 2044 132 75 fignifies
1808 2044 67 75 two
1887 2044 117 75 figures
2016 2044 38 75 or
2066 2044 159 75 bearings,

1244 2090 93 75 being
1368 2090 114 75 placed
1512 2090 81 75 back
1626 2090 36 75 to
1691 2090 93 75 back.
1802 2090 7 75 -
1831 2090 97 75 Thus
1946 2090 55 75 the
2018 2090 82 75 arms
2118 2090 41 75 of
2170 2090 56 75 the

1243 2137 122 75 dutchy
1381 2137 40 75 of
1432 2137 66 75 Bar
1522 2137 53 75 are
1596 2137 66 75 two
1679 2137 74 75 bars
1770 2137 133 75 adojfee,
1921 2137 37 75 or
1980 2137 82 75 back
2079 2137 35 75 to
2130 2137 95 75 back.

1196 2184 187 75 ADOUR,
1408 2184 57 75 the
1481 2184 90 75 name
1588 2184 40 75 of
1636 2184 18 75 a
1665 2184 85 75 river
1765 2184 40 75 of
1816 2184 136 75 France,
1977 2184 107 75 which
2095 2184 77 75 rifes
2189 2184 34 75 in

1243 2229 55 75 the
1315 2229 179 75 mountains
1512 2229 39 75 of
1564 2229 150 75 Bigorre,
1740 2229 62 75 and
1820 2229 134 75 running
1970 2229 48 75 N.
2036 2229 44 75 by
2093 2229 129 75 Tarbes

1242 2276 139 75 through
1398 2276 165 75 Gafcony,
1589 2276 188 75 afterwards
1794 2276 89 75 turns
1901 2276 44 75 E.
1959 2276 74 75 and,
2052 2276 115 75 palfing
2180 2276 44 75 by

1243 2321 92 75 Dax,
1361 2321 73 75 falls
1451 2321 69 75 into
1539 2321 55 75 the
1612 2321 63 75 bay
1698 2321 40 75 of
1753 2321 127 75 Bifcay,
1905 2321 106 75 below
2027 2321 167 75 Baycnne.

1194 2368 186 75 ADOXA,
1406 2368 37 75 or
1465 2368 210 75 Tuberose
1701 2368 266 75 Moschatel,
1991 2368 34 75 in
2050 2368 131 75 botany,
2208 2368 19 75 a

1202 2414 2 75 .
1241 2414 97 75 genus
1355 2414 40 75 of
1407 2414 54 75 the
1479 2414 160 75 odlandria
1655 2414 180 75 tetragynia
1851 2414 91 75 clafs.
1990 2414 111 75 There
2118 2414 27 75 is
2164 2414 58 75 on-

1240 2460 35 75 ly
1291 2460 60 75 one
1362 2460 118 75 fpecies
1501 2460 40 75 of
1552 2460 56 75 the
1620 2460 117 75 adoxa,
1762 2460 106 75 which
1885 2460 26 75 is
1933 2460 19 75 a
1969 2460 106 75 native
2091 2460 41 75 of
2150 2460 75 75 Bri-

1242 2505 64 75 tain
1325 2505 61 75 and
1403 2505 93 75 other
1513 2505 87 75 parts
1618 2505 40 75 of
1671 2505 145 75 Europe.

1194 2554 392 75 ADPERCEPTION,
1606 2554 18 75 a
1635 2554 82 75 term
1728 2554 77 75 uled
1817 2554 43 75 by
1872 2554 155 75 Leibnitz
2045 2554 52 75 for
2108 2554 55 75 the
2176 2554 49 75 aft

1241 2598 149 75 whereby
1404 2598 54 75 the
1471 2598 87 75 mind
1571 2598 146 75 becomes
1731 2598 163 75 ccnfcious
1908 2598 38 75 of
1954 2598 42 75 its
2009 2598 214 75 perceptions.

1194 2644 70 75 AD
1277 2644 124 75 pondus
1424 2644 153 75 omnium,
1603 2644 116 75 among
1735 2644 188 75 phyficians,
1948 2644 40 75 an
2005 2644 220 75 abbreviation

1242 2689 32 75 in
1291 2689 85 75 their
1391 2689 237 75 preferiptions,
1653 2689 170 75 fignifying
1839 2689 69 75 that
1922 2689 64 75 the.
1993 2689 57 75 laft
2065 2689 158 75 mention-

1242 2735 39 75 ed
1298 2735 178 75 ingredient
1492 2735 27 75 is
1545 2735 35 75 to
1601 2735 103 75 weigh
1730 2735 33 75 as
1792 2735 95 75 much
1905 2735 34 75 as
1956 2735 42 75 all
2015 2735 55 75 the
2095 2735 61 75 reft
2171 2735 52 75 to-

1242 2782 123 75 gether.

1195 2827 68 75 AD
1290 2827 84 75 quod
1395 2827 165 75 damnum,
1585 2827 32 75 in
1635 2827 57 75 the
1708 2827 132 75 Englifli
1857 2827 74 75 law,
1957 2827 19 75 a
1991 2827 74 75 writ
2081 2827 143 75 direcled

1242 2874 33 75 to
1292 2874 55 75 the
1363 2874 119 75 IheriiF,
1508 2874 222 75 commanding
1742 2874 67 75 him
1821 2874 37 75 to
1869 2874 134 75 enquire
2017 2874 69 75 into
2098 2874 56 75 the
2165 2874 56 75 da-

1241 2921 90 75 mage
1347 2921 108 75 which
1471 2921 71 75 may
1557 2921 85 75 befal
1658 2921 85 75 from
1760 2921 148 75 granting
1924 2921 118 75 certain
2054 2921 168 75 privileges

1241 2968 34 75 to
1292 2968 18 75 a
1325 2968 103 75 place,
1459 2968 33 75 as
1515 2968 18 75 a
1548 2968 73 75 fair,
1645 2968 136 75 market,
1807 2968 38 75 or
1860 2968 55 75 the
1931 2968 77 75 like.

1072 143 18 75 (
1150 143 52 75 27
1260 143 19 75 )

2067 3025 151 75 ADRA,
