2483 3387
769 149 38 75 R
881 149 20 75 I
975 149 41 75 T
1092 149 44 75 H
1211 149 51 75 M
1337 149 37 75 E
1449 149 39 75 T
1565 149 19 75 I
1663 149 35 75 C
1776 149 50 75 K.

188 224 29 75 is
237 224 56 75 35,
318 224 33 75 in
374 224 105 75 which
496 224 55 75 the
566 224 118 75 divifor
704 224 18 75 7
739 224 27 75 is
783 224 167 75 contained
969 224 17 75 5
1004 224 107 75 times.
1135 224 89 75 Now

190 268 26 75 it
232 268 27 75 is
275 268 139 75 evident,
440 268 71 75 that
527 268 55 75 the
597 268 68 75 fum
692 268 41 75 of
751 268 56 75 the
823 268 114 75 partial
954 268 109 75 qaots,
1094 268 76 75 125,
1196 268 26 75 is

190 315 57 75 the
270 315 80 75 total
367 315 93 75 quot,
478 315 38 75 or
532 315 19 75 a
565 315 134 75 number
714 315 175 75 exprelling
905 315 74 75 how
995 315 90 75 often
1102 315 55 75 the
1174 315 49 75 di-

173 361 135 75 vidend
323 361 67 75 875
408 361 144 75 contains
570 361 56 75 the
642 361 117 75 divifor
778 361 32 75 7.

239 406 97 75 From
353 406 54 75 the
430 406 100 75 above
556 406 148 75 example
732 406 49 75 we
808 406 74 75 may
907 406 100 75 learn,
1033 406 70 75 that
1131 406 90 75 there

191 454 54 75 are
261 454 118 75 always
392 454 65 75 juft
483 454 35 75 fo
542 454 95 75 many
664 454 116 75 figures
796 454 32 75 in
845 454 55 75 the
917 454 147 75 quotient
1080 454 34 75 as
1130 454 92 75 there
1268 454 112 75 eighth
1396 454 70 75 part
1483 454 40 75 of
1542 454 18 75 a
1576 454 14 75 t

2218 162 81 75 377

1272 219 84 75 vifor
1372 219 20 75 8
1410 219 106 75 below
1530 219 38 75 it,
1593 219 167 75 fignifying
1777 219 70 75 that
1867 219 13 75 1
1902 219 135 75 remains
2059 219 35 75 to
2113 219 41 75 be
2169 219 131 75 divided

1271 267 43 75 by
1323 267 20 75 8
1356 267 10 75 ;
1393 267 37 75 or
1452 267 64 75 this
1533 267 72 75 part
1621 267 40 75 of
1679 267 56 75 the
1751 267 147 75 quotient
1914 267 74 75 may
2004 267 40 75 be
2061 267 181 75 confidered
2265 267 34 75 as

1272 311 17 75 a
1304 311 146 75 fradlion,
1477 311 106 75 whofe
1607 311 186 75 numerator
1815 311 27 75 is
1872 311 30 75 1,
1929 311 62 75 and
2014 311 40 75 its
2077 311 223 75 denominator

1272 359 19 75 8
1305 359 10 75 ;
1342 359 62 75 and
1419 359 55 75 the
1490 359 147 75 quotient
1656 359 75 75 thus
1748 359 178 75 completed
1950 359 111 75 Ihews,
2086 359 71 75 that
2177 359 56 75 the
2249 359 50 75 di-

1269 404 119 75 vidend
1419 404 142 75 contains
1589 404 56 75 the
1672 404 118 75 divifor
1816 404 160 75 7004112
2002 404 106 75 times,
2149 404 62 75 and
2238 404 60 75 one

190 500 53 75 are
260 500 177 75 dividuals;
464 500 38 75 or
524 500 56 75 the
604 500 64 75 firft
690 500 154 75 dividual,
869 500 79 75 with
965 500 56 75 the
1037 500 133 75 number
1186 500 41 75 of

189 545 189 75 fubfequent
393 545 116 75 figures
534 545 33 75 in
592 545 55 75 the
663 545 163 75 dividend,
851 545 27 75 is
895 545 94 75 equal
1005 545 36 75 to
1056 545 56 75 the
1128 545 91 75 num-

190 592 58 75 ber
263 592 40 75 of
315 592 104 75 places
437 592 37 75 or
489 592 117 75 figures
630 592 32 75 in
678 592 56 75 the
750 592 159 75 quotient.

234 639 113 75 Hence
362 639 140 75 likewife
528 639 75 75 may
630 639 39 75 be
696 639 154 75 inferred,
882 639 72 75 that
982 639 42 75 no
1051 639 117 75 divifor
1191 639 27 75 is

188 684 172 75 contained
373 684 33 75 in
423 684 62 75 any
500 684 143 75 dividual
658 684 128 75 oftener
811 684 77 75 than
906 684 21 75 9
943 684 93 75 times
1051 684 10 75 ;
1095 684 52 75 for
1163 684 57 75 the

189 730 155 75 dividual,
371 730 173 75 excluding
560 730 55 75 the
640 730 189 75 right-hand
844 730 112 75 figure,
981 730 25 75 is
1022 730 120 75 always
1159 730 59 75 lefs

186 777 79 75 than
281 777 55 75 the
352 777 118 75 divifor
485 777 43 75 by
549 777 13 75 1
583 777 33 75 at
631 777 77 75 leaft
721 777 9 75 ;
758 777 64 75 and
843 777 33 75 if
887 777 78 75 both
983 777 39 75 be
1038 777 182 75 multiplied

187 823 45 75 by
252 823 54 75 10,
331 823 38 75 or
385 823 81 75 have
489 823 18 75 a
535 823 109 75 cipher
670 823 147 75 annexed
833 823 35 75 to
884 823 78 75 each
978 823 41 75 of
1036 823 100 75 them,
1161 823 57 75 the

186 869 135 75 produdt
342 869 41 75 of
394 869 56 75 the
466 869 142 75 dividual
625 869 65 75 will
708 869 39 75 be
764 869 59 75 lefs
848 869 76 75 than
949 869 57 75 the
1033 869 133 75 produd
1182 869 41 75 of

185 916 57 75 the
259 916 117 75 divifor
397 916 44 75 by
461 916 41 75 10
518 916 33 75 at
566 916 77 75 leaft
656 916 11 75 ;
704 916 59 75 but
778 916 44 75 no
838 916 189 75 right-hand
1043 916 100 75 figure
1158 916 59 75 can

185 962 112 75 fupply
319 962 64 75 this
399 962 105 75 defed
526 962 41 75 of
591 962 62 75 10;
695 962 162 75 therefore
885 962 56 75 the
961 962 119 75 divifor
1108 962 25 75 is
1161 962 58 75 not

185 1008 171 75 contained
376 1008 41 75 10
433 1008 92 75 times
542 1008 33 75 in
592 1008 61 75 any
669 1008 155 75 dividual,
842 1008 62 75 and
921 1008 229 75 confequently
1161 1008 59 75 not

184 1053 127 75 oftener
327 1053 77 75 than
422 1053 20 75 9
459 1053 107 75 times.

233 1100 90 75 Here
338 1100 55 75 too
410 1100 142 75 obferve,
569 1100 72 75 that
654 1100 55 75 the
725 1100 188 75 right-hand
925 1100 101 75 figure
1037 1100 41 75 of
1089 1100 55 75 the
1155 1100 65 75 firft

185 1146 155 75 dividual,
371 1146 63 75 and
449 1146 43 75 all
508 1146 55 75 the
579 1146 189 75 fubfequent
784 1146 115 75 figures
922 1146 40 75 of
981 1146 56 75 the
1053 1146 163 75 dividend,

183 1193 84 75 have
283 1193 19 75 a
317 1193 90 75 point
422 1193 38 75 or
475 1193 59 75 dot
550 1193 47 75 fet
612 1193 105 75 below
732 1193 101 75 them,
856 1193 34 75 as
908 1193 78 75 they
1005 1193 53 75 are
1079 1193 140 75 brought

184 1239 96 75 down
293 1239 9 75 ;
330 1239 105 75 which
448 1239 26 75 is
491 1239 84 75 done
591 1239 35 75 to
641 1239 134 75 prevent
790 1239 160 75 miftakes,
967 1239 44 75 by
1022 1239 195 75 diftinguilh-

182 1285 56 75 ing
251 1285 99 75 them,
368 1285 32 75 in
413 1285 64 75 this
485 1285 144 75 manner,
647 1285 85 75 from
744 1285 55 75 the
810 1285 117 75 figures
938 1285 58 75 not
1009 1285 54 75 yet
1075 1285 142 75 brought

183 1332 107 75 down.

867 1380 154 75 Examp.
1033 1380 49 75 II.
1115 1380 102 75 Here,

820 1427 134 75 becaufe
980 1427 19 75 8
1026 1427 26 75 is
1069 1427 57 75 not
1142 1427 75 75 con-

822 1472 109 75 tained
947 1472 32 75 in
999 1472 32 75 5,
1056 1472 91 75 point
1171 1472 52 75 off

828 1520 42 75 56
887 1520 33 75 as
941 1520 55 75 the
1013 1520 64 75 firft
1092 1520 126 75 dividu-

820 1566 44 75 al,
889 1566 62 75 and
967 1566 65 75 fay,
1058 1566 86 75 How
1168 1566 50 75 of-

818 1612 53 75 ten
889 1612 20 75 8
927 1612 31 75 in
978 1612 42 75 56
1032 1612 12 75 ?
1073 1612 82 75 Anf.
1174 1612 19 75 7
1206 1612 10 75 ;

820 1659 106 75 which
942 1659 57 75 put
1015 1659 32 75 in
1063 1659 56 75 the
1136 1659 81 75 quo-

819 1705 81 75 tient
912 1705 8 75 ;
940 1705 76 75 then
1032 1705 148 75 multiply
1198 1705 18 75 7

818 1751 69 75 into
904 1751 54 75 the
972 1751 118 75 divifor
1101 1751 38 75 8,
1152 1751 68 75 and

819 1798 200 75 fubtradthe
1031 1798 133 75 produd
1175 1798 42 75 56

817 1845 85 75 from
914 1845 54 75 the
980 1845 160 75 dividual;
1154 1845 64 75 and

820 1892 34 75 as
892 1892 136 75 nothing
1066 1892 149 75 remains,

820 1939 93 75 bring
940 1939 97 75 down
1059 1939 56 75 the
1137 1939 80 75 next

818 1986 100 75 figure
934 1986 42 75 of
985 1986 55 75 the
1051 1986 164 75 dividend,

819 2032 103 75 which
938 2032 140 75 happens
1096 2032 34 75 to
1146 2032 40 75 be
1198 2032 19 75 a

820 2078 135 75 cipher;
990 2078 63 75 and
1084 2078 34 75 as
1150 2078 67 75 you

815 2124 122 75 cannot
962 2124 81 75 have
1071 2124 20 75 8
1120 2124 32 75 in
1178 2124 35 75 o,

820 2170 58 75 put
894 2170 22 75 o
932 2170 33 75 in
977 2170 54 75 the
1047 2170 166 75 quotient;

182 2218 76 75 and,
298 2218 34 75 as
364 2218 207 75 multiplying
603 2218 62 75 and
696 2218 194 75 fubtrading
921 2218 28 75 is
981 2218 31 75 in
1045 2218 65 75 this
1145 2218 69 75 cafe

181 2265 154 75 needlefs,
361 2265 64 75 you
457 2265 94 75 bring
583 2265 95 75 down
711 2265 55 75 the
797 2265 79 75 next
903 2265 99 75 figure
1026 2265 41 75 of
1086 2265 55 75 the
1164 2265 49 75 di-

181 2312 118 75 vidend
317 2312 17 75 3
353 2312 10 75 ;
388 2312 63 75 and
468 2312 34 75 as
522 2312 65 75 you
603 2312 116 75 cannot
735 2312 82 75 have
842 2312 20 75 8
887 2312 34 75 in
947 2312 32 75 3,
1005 2312 57 75 put
1079 2312 135 75 another

181 2360 23 75 o
227 2360 33 75 in
284 2360 56 75 the
373 2360 159 75 quotient,
574 2360 75 75 and-
668 2360 94 75 bring
790 2360 96 75 down
917 2360 57 75 the
1002 2360 82 75 next
1113 2360 100 75 figure

181 2405 40 75 of
240 2405 56 75 the
318 2405 163 75 dividend'
497 2405 17 75 2
529 2405 9 75 :
580 2405 97 75 Then
704 2405 68 75 fay,
803 2405 87 75 How
914 2405 91 75 often
1033 2405 20 75 8
1079 2405 33 75 in
1139 2405 40 75 32
1198 2405 12 75 ?

181 2451 82 75 Anf
292 2451 42 75 4;
377 2451 104 75 which
509 2451 58 75 put
589 2451 33 75 in
650 2451 56 75 the
734 2451 168 75 quotient:
943 2451 98 75 Then
1067 2451 147 75 multiply

180 2497 237 75 andfubtrad;
444 2497 63 75 and
530 2497 33 75 as
587 2497 134 75 nothing
745 2497 149 75 remains,
919 2497 94 75 bring
1037 2497 95 75 down
1156 2497 56 75 the

179 2542 79 75 next
282 2542 100 75 figure
405 2542 41 75 of
472 2542 56 75 the
551 2542 151 75 dividend
718 2542 35 75 8,
779 2542 62 75 and
865 2542 66 75 fay,
964 2542 87 75 How
1076 2542 89 75 often
1190 2542 20 75 8

178 2591 32 75 in
228 2591 19 75 8
260 2591 12 75 ?
316 2591 82 75 Anf.
421 2591 13 75 1
450 2591 10 75 ;
487 2591 106 75 which
618 2591 58 75 put
700 2591 33 75 in
756 2591 55 75 the
836 2591 146 75 quotient
998 2591 8 75 :
1034 2591 77 75 then
1128 2591 82 75 mul-

179 2635 83 75 tiply
284 2635 62 75 and
363 2635 160 75 fubtrad,-
549 2635 63 75 and
628 2635 33 75 as
678 2635 135 75 nothing
829 2635 146 75 remains,
1000 2635 93 75 bring
1115 2635 95 75 down

179 2682 55 75 the
252 2682 78 75 rxxt
348 2682 99 75 figure
462 2682 40 75 of
522 2682 55 75 the
592 2682 152 75 dividend
757 2682 33 75 9,
808 2682 63 75 and
886 2682 66 75 fay,
977 2682 88 75 How
1080 2682 90 75 often
1188 2682 19 75 8

181 2729 32 75 in
233 2729 20 75 9
268 2729 10 75 r
315 2729 81 75 Anf.
421 2729 38 75 1;
493 2729 106 75 which
624 2729 57 75 put
704 2729 32 75 in
760 2729 56 75 the
839 2729 168 75 quotient:
1034 2729 75 75 then
1127 2729 82 75 mul-

179 2773 82 75 tiply
278 2773 62 75 gnd
356 2773 159 75 fubtrad;
547 2773 64 75 and
634 2773 35 75 to
691 2773 57 75 the
774 2773 177 75 remainder
971 2773 13 75 1
1005 2773 93 75 bring
1113 2773 95 75 down

179 2819 54 75 The
251 2819 77 75 next
347 2819 63 75 and
424 2819 57 75 laft
497 2819 101 75 figure
615 2819 40 75 of
666 2819 54 75 the
736 2819 152 75 dividend
903 2819 32 75 7,
954 2819 61 75 and
1031 2819 65 75 fay,
1122 2819 87 75 How

180 2867 89 75 often
295 2867 20 75 8
341 2867 32 75 in
399 2867 66 75 17?
508 2867 82 75 Anf
616 2867 19 75 2
650 2867 10 75 ;
695 2867 105 75 which
824 2867 57 75 put
905 2867 32 75 in
962 2867 55 75 the
1038 2867 167 75 quotient:

182 2912 71 75 awn
274 2912 145 75 multiply
436 2912 62 75 and
513 2912 150 75 fubtrad,
689 2912 63 75 and
775 2912 9 75 1
807 2912 148 75 remains.

231 2958 59 75 TV
305 2958 157 75 complete
485 2958 56 75 the
566 2958 158 75 quotient,
749 2958 89 75 draw
863 2958 19 75 a
904 2958 64 75 line
984 2958 40 75 on
1049 2958 54 75 the
1121 2958 86 75 right

181 3004 94 75 band,
303 3004 61 75 and
380 3004 26 75 ft
442 3004 56 75 the
515 3004 179 75 remainder
710 3004 100 75 above
835 3004 56 75 the
906 3004 76 75 line,
1007 3004 63 75 and
1085 3004 55 75 the
1156 3004 50 75 di-

224 3053 100 75 Vol.
352 3053 31 75 I.
432 3053 72 75 No.
534 3053 57 75 16.

1175 3053 19 75 3

256 1381 12 75 ^

417 1381 11 75 /

614 1363 10 49 1
648 1381 122 75 numer.

186 1403 109 49 8)^0
295 1421 115 75 ?????
410 1403 184 49 (704lI2
594 1421 176 75 8'denom.

277 1587 70 75 032

301 1642 44 75 32

333 1725 42 75 8

355 1771 20 75 8

374 2012 39 75 17
374 2048 41 75 16

371 2149 55 75 (0

1909 1152 387 75 36)789426(21928-54

1972 1245 41 75 72

1992 1346 45 75 dp
1995 1387 44 75 36

2206 1387 11 75 /
2284 1387 17 75 -

1316 497 88 75 Here
1420 497 142 75 obferve,
1587 497 72 75 that
1683 497 58 75 riot
1764 497 77 75 only
1864 497 56 75 the
1945 497 56 75 laft
2021 497 194 75 remainder,
2240 497 59 75 but

1268 542 97 75 every
1380 542 94 75 other
1490 542 190 75 remainder,
1698 542 132 75 muftbe
1846 542 59 75 lefs
1923 542 77 75 than
2014 542 54 75 the
2076 542 120 75 divifor
2209 542 10 75 ;
2246 542 53 75 for

1267 589 31 75 if
1315 589 25 75 it
1358 589 38 75 be
1421 589 103 75 either
1546 589 128 75 greater
1698 589 38 75 or
1758 589 107 75 equal,
1892 589 54 75 the
1962 589 120 75 divifor
2098 589 103 75 might
2216 589 82 75 have

1267 636 78 75 been
1371 636 126 75 oftener
1522 636 68 75 got,
1617 636 62 75 and
1704 636 55 75 the
1784 636 262 75 quotient-figure
2064 636 27 75 is
2117 636 55 75 too
2198 636 97 75 little.

1266 682 78 75 And
1358 682 115 75 ftiould
1488 682 62 75 any
1566 682 61 75 one
1642 682 33 75 in
1691 682 65 75 this
1774 682 69 75 cafe
1860 682 134 75 attempt
2019 682 34 75 to
2075 682 150 75 continue
2242 682 56 75 the

1266 728 178 75 operation,
1470 728 55 75 the
1542 728 280 75 quotient-figures
1846 728 109 75 would
1970 728 39 75 be
2027 728 41 75 all
2087 728 62 75 9s,
2177 728 54 75 the
2246 728 50 75 di-

1265 775 123 75 viduals
1413 775 109 75 would
1546 775 98 75 prove
1664 775 243 75 inexhauftible,
1933 775 64 75 and
2020 775 57 75 the
2102 775 195 75 remaindeis

1265 821 109 75 would
1389 821 177 75 conftantly
1581 821 148 75 increafe.

1314 868 111 75 Hence
1442 868 65 75 alfo
1523 868 100 75 learn,
1641 868 71 75 that
1724 868 31 75 if
1767 868 62 75 any
1843 868 142 75 dividual
1997 868 123 75 happen
2132 868 35 75 to
2183 868 41 75 be
2236 868 60 75 lefs

1267 914 76 75 than
1368 914 57 75 the
1449 914 131 75 divifor,
1604 914 64 75 you
1694 914 80 75 muft
1797 914 56 75 put
1869 914 23 75 o
1909 914 32 75 in
1965 914 57 75 the
2047 914 161 75 quotient,
2234 914 64 75 and

1266 961 93 75 bring
1374 961 95 75 down
1487 961 55 75 the
1558 961 80 75 next
1654 961 100 75 figure
1771 961 40 75 of
1828 961 55 75 the
1895 961 152 75 dividend
2058 961 100 75 ;and
2173 961 30 75 if
2214 961 26 75 it
2258 961 39 75 be

1266 1006 61 75 ftill
1344 1006 59 75 lefs
1421 1006 77 75 than
1515 1006 56 75 the
1586 1006 131 75 divifor,
1742 1006 62 75 you
1824 1006 79 75 muft
1919 1006 57 75 put
1997 1006 134 75 another
2153 1006 23 75 o
2193 1006 31 75 in
2241 1006 57 75 the

1265 1053 161 75 quotient,
1451 1053 63 75 and
1530 1053 94 75 bring
1638 1053 96 75 down
1747 1053 59 75 the
1822 1053 167 75 following
2005 1053 99 75 figure
2122 1053 40 75 of
2176 1053 56 75 the
2246 1053 50 75 di-

1267 1099 129 75 vidend,
1422 1099 65 75 <bc.

1310 1146 67 75 III.
1401 1146 92 75 Here
1515 1146 56 75 the
1595 1146 117 75 divifor
1733 1146 124 75 confifts

1263 1192 42 75 of
1321 1192 67 75 two
1410 1192 136 75 figures;
1584 1192 63 75 and
1674 1192 132 75 becaufe
1833 1192 27 75 it

1263 1239 28 75 is
1323 1239 170 75 contained
1522 1239 34 75 in
1588 1239 55 75 the
1676 1239 69 75 two
1781 1239 77 75 left-

1262 1287 88 75 hand
1380 1287 117 75 figures
1537 1287 41 75 of
1611 1287 55 75 the
1706 1287 150 75 dividend

1265 1335 56 75 78,
1346 1335 91 75 point
1463 1335 89 75 them
1576 1335 53 75 off
1650 1335 33 75 as
1710 1335 57 75 the
1792 1335 64 75 firft

1262 1379 166 75 dividual;
1469 1379 63 75 and
1557 1379 67 75 fay,
1658 1379 88 75 How
1767 1379 89 75 often

1267 1426 18 75 3
1302 1426 33 75 in
1354 1426 19 75 7
1387 1426 13 75 ?
1427 1426 80 75 Anf.
1531 1426 32 75 2,
1581 1426 62 75 and
1662 1426 14 75 1
1697 1426 156 75 remains;

1265 1472 105 75 which
1402 1472 13 75 1
1452 1472 123 75 placed,
1616 1472 39 75 or
1685 1472 173 75 conceived

1264 1519 34 75 as
1322 1519 124 75 placed,
1472 1519 42 75 on
1540 1519 55 75 the
1622 1519 60 75 left
1707 1519 85 75 hand
1821 1519 42 75 of

1267 1566 56 75 the
1350 1566 167 75 following
1548 1566 101 75 figure
1681 1566 35 75 8,
1749 1566 109 75 makes

1270 1615 38 75 18
1325 1615 9 75 :
1367 1615 76 75 then
1468 1615 66 75 fay.
1566 1615 71 75 Can
1662 1615 16 75 I
1703 1615 81 75 have
1801 1615 56 75 the

1266 1659 165 75 following
1451 1659 100 75 figure
1567 1659 41 75 of
1628 1659 54 75 the
1695 1659 121 75 divifor
1832 1659 21 75 6

1264 1704 65 75 alfo
1349 1704 17 75 2
1384 1704 92 75 times
1492 1704 32 75 in
1545 1704 40 75 18
1603 1704 12 75 ?
1657 1704 82 75 Anf
1765 1704 85 75 Yes.;

1264 1751 227 75 confequently
1517 1751 17 75 I
1557 1751 56 75 get
1642 1751 43 75 36
1717 1751 56 75 the
1804 1751 49 75 di-

1265 1798 82 75 vifor
1388 1798 18 75 2
1434 1798 92 75 times
1553 1798 32 75 in
1616 1798 41 75 78
1687 1798 55 75 the
1774 1798 82 75 divi-

1263 1845 96 75 dual;
1402 1845 178 75 wherefore
1603 1845 59 75 put
1689 1845 18 75 2
1736 1845 32 75 in
1797 1845 56 75 the

1260 1892 162 75 quotient,
1470 1892 63 75 and
1559 1892 151 75 multiply
1736 1892 71 75 that
1835 1892 20 75 2

1262 1938 68 75 into
1365 1938 55 75 the
1448 1938 118 75 divifor
1595 1938 57 75 36,
1694 1938 62 75 and
1779 1938 73 75 fuh-

2007 1938 56 75 ^

1260 1985 80 75 tradt
1352 1985 55 75 the
1432 1985 132 75 product
1583 1985 18 75 7
1608 1985 17 75 2
1650 1985 85 75 from
1759 1985 56 75 the
1834 1985 143 75 dividual
1997 1985 69 75 7^
2092 1985 63 75 and
2178 1985 36 75 to
2234 1985 56 75 the

1262 2032 175 75 remainder
1454 2032 21 75 6
1492 2032 92 75 bring
1600 2032 96 75 down
1712 2032 55 75 the
1790 2032 166 75 following
1982 2032 99 75 figure
2105 2032 40 75 of
2162 2032 55 75 the
2242 2032 48 75 di-

1260 2078 117 75 vidend
1401 2078 33 75 9,
1460 2078 52 75 for
1535 2078 19 75 a
1577 2078 71 75 new
1673 2078 162 75 dividual:
1863 2078 76 75 then
1962 2078 64 75 fay,
2053 2078 87 75 How
2155 2078 90 75 often
2271 2078 17 75 3

1260 2123 31 75 in
1309 2123 20 75 6
1343 2123 13 75 ?
1400 2123 81 75 Anf.
1508 2123 32 75 2,
1564 2123 64 75 and
1655 2123 22 75 o
1706 2123 134 75 remains
1856 2123 10 75 ;
1894 2123 91 75 again
2013 2123 64 75 you
2094 2123 66 75 fay.
2186 2123 70 75 Can
2274 2123 17 75 I

1261 2170 81 75 have
1359 2170 21 75 6
1398 2170 64 75 alfo
1482 2170 17 75 2
1518 2170 93 75 times
1632 2170 32 75 in
1683 2170 44 75 9?
1764 2170 84 75 Anf
1866 2170 56 75 No
1937 2170 10 75 ;
1974 2170 161 75 therefore
2152 2170 63 75 you
2232 2170 59 75 can

1260 2217 81 75 have
1371 2217 43 75 36
1441 2217 32 75 in
1500 2217 44 75 69
1572 2217 78 75 only
1682 2217 13 75 1
1726 2217 92 75 time,
1844 2217 104 75 which
1970 2217 13 75 1
2013 2217 64 75 you
2099 2217 56 75 put
2177 2217 32 75 in
2235 2217 56 75 the

1260 2262 165 75 quotient:
1453 2262 76 75 then
1549 2262 150 75 multiply
1725 2262 62 75 and
1803 2262 136 75 fubtradl
1956 2262 32 75 as
2007 2262 109 75 before
2131 2262 10 75 ;
2169 2262 64 75 and
2254 2262 35 75 to

1259 2309 55 75 the
1331 2309 179 75 remainder
1534 2309 40 75 33
1599 2309 93 75 bring
1715 2309 94 75 down
1834 2309 55 75 die
1914 2309 79 75 next
2019 2309 101 75 figurq
2148 2309 22 75 4
2197 2309 53 75 for
2270 2309 21 75 a

1259 2356 70 75 new
1344 2356 162 75 dividual:
1532 2356 110 75 Then,
1667 2356 132 75 becaufe
1827 2356 55 75 the
1909 2356 142 75 dividual
2076 2356 124 75 confifts
2218 2356 40 75 of
2270 2356 19 75 a

1258 2402 100 75 figure
1374 2402 89 75 more
1479 2402 77 75 than
1573 2402 55 75 the
1643 2402 130 75 divifor,
1798 2402 67 75 fay,
1889 2402 87 75 How
1993 2402 88 75 often
2100 2402 54 75 the
2171 2402 64 75 firft
2252 2402 36 75 fi-

1259 2448 78 75 gure
1350 2448 40 75 of
1409 2448 55 75 tlje
1487 2448 118 75 divifor
1623 2448 16 75 3
1658 2448 32 75 in
1708 2448 55 75 the
1787 2448 64 75 firft
1868 2448 66 75 two
1950 2448 116 75 figures
2083 2448 40 75 of
2136 2448 54 75 the
2206 2448 82 75 divi-

1257 2494 75 75 dual
1352 2494 39 75 33
1407 2494 12 75 ?
1455 2494 82 75 Anf
1564 2494 33 75 9,
1623 2494 62 75 and
1709 2494 21 75 6
1755 2494 157 75 remains;
1940 2494 105 75 which
2068 2494 21 75 6
2118 2494 111 75 placed
2243 2494 45 75 on

1257 2541 56 75 the
1329 2541 61 75 left
1413 2541 87 75 hand
1527 2541 39 75 of
1583 2541 54 75 the
1662 2541 168 75 following
1857 2541 99 75 figure
1976 2541 20 75 4
2014 2541 106 75 makes
2141 2541 68 75 64,.:
2238 2541 48 75 A-

1255 2587 87 75 gain,
1367 2587 67 75 fay.
1459 2587 70 75 Can
1547 2587 15 75 I
1583 2587 80 75 have
1680 2587 21 75 6
1719 2587 64 75 alfo
1801 2587 20 75 9
1838 2587 94 75 times
1944 2587 32 75 in
1994 2587 44 75 64
2052 2587 12 75 ?
2093 2587 164 75 AnfAcs

1256 2633 227 75 confequently
1500 2633 43 75 36
1561 2633 55 75 can
1634 2633 39 75 be
1690 2633 64 75 had
1777 2633 21 75 9
1816 2633 92 75 times
1925 2633 32 75 in
1976 2633 89 75 334;
2107 2633 180 75 wherefore

1255 2680 63 75 you
1338 2680 57 75 put
1413 2680 20 75 9
1451 2680 31 75 in
1499 2680 55 75 the
1570 2680 166 75 quotient:
1762 2680 98 75 Then
1878 2680 148 75 multiply
2043 2680 62 75 and
2121 2680 162 75 fabtrafb;

1255 2726 63 75 and
1340 2726 35 75 to
1403 2726 54 75 the
1474 2726 176 75 remainder
1671 2726 41 75 10
1728 2726 93 75 bring
1837 2726 95 75 down
1960 2726 56 75 the
2040 2726 79 75 next
2145 2726 139 75 figure's

1254 2772 52 75 for
1323 2772 17 75 a
1356 2772 70 75 new
1442 2772 161 75 dividual:
1631 2772 89 75 Here
1734 2772 154 75 likewife,,
1914 2772 133 75 becaufe
2063 2772 55 75 tbe
2141 2772 144 75 dividual

1253 2819 56 75 has
1328 2819 18 75 a
1368 2819 100 75 figure
1485 2819 89 75 more
1590 2819 77 75 than
1684 2819 55 75 the
1756 2819 129 75 divifor,
1910 2819 66 75 fay,
2002 2819 87 75 How
2104 2819 90 75 often
2216 2819 16 75 3
2252 2819 32 75 in

1259 2867 39 75 10
1312 2867 12 75 ?
1352 2867 81 75 Anf
1462 2867 32 75 3,
1520 2867 61 75 and
1607 2867 12 75 1
1652 2867 157 75 remains;
1848 2867 104 75 which
1975 2867 13 75 x
2016 2867 113 75 placed
2157 2867 40 75 on
2227 2867 57 75 the

1252 2912 61 75 left
1324 2912 84 75 hand
1424 2912 39 75 of
1475 2912 54 75 the
1541 2912 166 75 following
1719 2912 100 75 figure
1838 2912 18 75 2
1874 2912 108 75 makes
2004 2912 39 75 12
2057 2912 8 75 :
2093 2912 106 75 Again
2215 2912 68 75 fay.

1254 2959 70 75 Can
1336 2959 16 75 I
1369 2959 80 75 have
1467 2959 20 75 6
1505 2959 64 75 alfo
1588 2959 16 75 3
1624 2959 93 75 times
1730 2959 31 75 in
1783 2959 38 75 12
1836 2959 12 75 ?
1877 2959 82 75 Anf.
1977 2959 55 75 No
2044 2959 9 75 ;
2074 2959 209 75 confequent-

1252 3008 34 75 ly
1304 3008 43 75 36
1364 3008 116 75 cannot
1497 3008 40 75 be
1552 3008 66 75 had
1643 3008 17 75 3
1690 3008 93 75 times
1800 3008 31 75 in
1865 3008 62 75 102
1943 3008 15 75 ;
1980 3008 180 75 wherefore
2184 3008 52 75 try
2258 3008 32 75 if

1787 3060 17 75 5
1830 3060 30 75 C

2220 3060 65 75 you

1995 1486 67 75 334

1994 1531 67 75 324

2021 1616 64 75 102

2040 1667 42 75 72

2033 1751 73 75 306

2039 1803 66 75 288

2025 1896 90 75 (7s7
