2428 3377
182 106 80 75 238

744 106 41 75 A
899 106 43 75 N
1058 106 42 75 A
1216 106 22 75 1

180 176 54 75 the
251 176 80 75 dura
346 176 115 75 mater,
486 176 63 75 and
565 176 33 75 in
617 176 119 75 feveral
753 176 107 75 places
879 176 80 75 with
987 176 55 75 the
1067 176 147 75 external

176 222 132 75 jugular
327 222 98 75 veins.

1205 222 8 75 '

227 269 75 75 The
313 269 159 75 vertebral
483 269 87 75 veins
584 269 69 75 pafs
669 269 142 75 through
824 269 56 75 the
891 269 91 75 holes
994 269 33 75 in
1039 269 56 75 the
1112 269 100 75 tranf-

181 316 91 75 verfe
300 316 174 75 apophyfes
503 316 40 75 of
560 316 56 75 the
644 316 153 75 vertebrse
822 316 41 75 of
885 316 55 75 the
965 316 93 75 neck,
1083 316 131 75 fending

180 361 154 75 branches
351 361 35 75 to
403 361 54 75 the
474 361 81 75 neck
570 361 64 75 and
649 361 139 75 occiput.
838 361 100 75 They
956 361 84 75 form
1058 361 56 75 the
1130 361 82 75 finus

179 408 128 75 venales
323 408 40 75 of
374 408 88 75 thefe
478 408 168 75 vertebrse,
672 408 63 75 and
754 408 231 75 communicate
1002 408 80 75 with
1099 408 55 75 the
1174 408 39 75 fi-

179 454 91 75 nufes
288 454 40 75 of
339 454 56 75 the
418 454 80 75 dura
515 454 114 75 mater.

227 500 77 75 The
321 500 139 75 axillary
474 500 89 75 veins
577 500 53 75 are
646 500 235 75 continuations
909 500 40 75 of
959 500 57 75 the
1032 500 178 75 fubclaviae,

181 547 85 75 from
285 547 107 75 where
409 547 87 75 thefe
515 547 89 75 leave
621 547 55 75 the
692 547 131 75 thorax,
841 547 36 75 to
888 547 56 75 the
960 547 118 75 axilla.
1114 547 100 75 They

180 594 140 75 produce
337 594 56 75 the
409 594 191 75 mammarise
616 594 144 75 interna,
787 594 181 75 thoracica,
986 594 176 75 fcapulares
1179 594 38 75 or

186 639 192 75 humerales,
404 639 63 75 and
486 639 19 75 a
521 639 120 75 branch
662 639 36 75 to
720 639 78 75 each
819 639 81 75 arm,
925 639 119 75 which,
1069 639 149 75 together

187 686 79 75 with
283 686 71 75 that
378 686 85 75 from
489 686 55 75 the
560 686 148 75 external
732 686 171 75 jugularis,
930 686 100 75 forms
1055 686 55 75 the
1137 686 82 75 vena

182 732 175 75 cephalica.

225 779 204 75 Afterwards
445 779 56 75 the
517 779 139 75 axillary
670 779 73 75 vein
763 779 184 75 terminates
971 779 42 75 in.
1021 779 55 75 the
1095 779 116 75 princi-

178 825 54 75 pal
248 825 73 75 vein
346 825 40 75 of
405 825 54 75 the
487 825 80 75 arm,
593 825 104 75 called
720 825 153 75 bafilica;
907 825 120 75 which,
1062 825 149 75 together

178 871 80 75 with
280 871 56 75 the
359 871 175 75 cephalica,
558 871 27 75 is
601 871 188 75 diftributed
805 871 45 75 by
869 871 169 75 numerous
1057 871 155 75 ramifica-

178 918 85 75 tiqns
280 918 35 75 to
332 918 42 75 all
391 918 87 75 parts
492 918 38 75 of
545 918 56 75 the
613 918 80 75 arm,
718 918 169 75 fore.-arm,
916 918 62 75 and
994 918 98 75 hand.

227 965 77 75 The
322 965 129 75 portion
466 965 41 75 of
518 965 54 75 the
589 965 131 75 inferior
740 965 79 75 vena
831 965 77 75 cava
920 965 170 75 contained
1106 965 32 75 in
1157 965 56 75 the

179 1011 210 75 pericardium
403 1011 26 75 is
446 1011 79 75 very
540 1011 101 75 fmall,
659 1011 95 75 being
770 1011 140 75 fcarcely
922 1011 56 75 the
994 1011 129 75 twelfth
1142 1011 71 75 part

181 1057 40 75 of
233 1057 39 75 an
288 1057 74 75 inch
378 1057 42 75 on
436 1057 54 75 the
507 1057 170 75 fore-part,
704 1057 62 75 and
793 1057 58 75 not
875 1057 101 75 above
994 1057 18 75 a
1030 1057 131 75 quarter
1179 1057 40 75 of

178 1103 42 75 an
243 1103 74 75 inch
334 1103 42 75 on
402 1103 57 75 the
475 1103 82 75 back
573 1103 83 75 part.
707 1103 98 75 From
823 1103 112 75 thence
952 1103 25 75 it
995 1103 220 75 immediately

180 1150 178 75 perforates
383 1150 55 75 the
465 1150 199 75 diaphragm,
689 1150 36 75 to
754 1150 104 75 which
886 1150 26 75 it
933 1150 88 75 gives
1050 1150 54 75 the
1129 1150 86 75 vense

181 1199 278 75 diaphragmaticae
476 1199 166 75 inferiores
662 1199 37 75 or
716 1199 170 75 phrenicse.
909 1199 8 75 ;

230 1242 32 75 It
286 1242 99 75 paffes
413 1242 81 75 next
521 1242 119 75 behind
666 1242 55 75 the
750 1242 90 75 liver,
869 1242 143 75 through
1041 1242 55 75 the
1125 1242 91 75 great

182 1289 82 75 finus
277 1289 34 75 of
327 1289 70 75 that
408 1289 115 75 vifcus,
540 1289 36 75 to
588 1289 104 75 which
705 1289 26 75 it
743 1289 155 75 furnilhes
913 1289 120 75 feveral
1050 1289 167 75 branches,

184 1336 127 75 termed
327 1336 87 75 venue
430 1336 165 75 hepatica.

230 1381 38 75 In
296 1381 63 75 this
392 1381 109 75 courfe
520 1381 27 75 it
574 1381 132 75 inclines
734 1381 19 75 a
779 1381 87 75 little
893 1381 125 75 toward
1049 1381 56 75 the
1133 1381 87 75 fpina

185 1428 82 75 dorfi
285 1428 62 75 and
366 1428 91 75 aorta
482 1428 146 75 inferior,
653 1428 55 75 the
736 1428 98 75 trunk
859 1428 62 75 and
939 1428 221 75 ramiucations
1186 1428 40 75 of

184 1474 107 75 which
307 1474 26 75 it
351 1474 188 75 afterwards
554 1474 218 75 .accompanies
789 1474 32 75 in
839 1474 55 75 the
911 1474 169 75 abdomen,
1106 1474 40 75 all
1165 1474 55 75 the

190 1521 72 75 way
278 1521 36 75 to
338 1521 55 75 the
411 1521 35 75 os
470 1521 135 75 facrum.

232 1568 94 75 Thus
344 1568 55 75 the
416 1568 133 75 inferior
569 1568 77 75 cava
670 1568 90 75 fends
776 1568 57 75 out
853 1568 41 75 on
919 1568 79 75 each
1015 1568 74 75 fide,
1115 1568 31 75 in
1164 1568 55 75 the

183 1614 84 75 fame
285 1614 131 75 manner
431 1614 79 75 with
527 1614 55 75 the
599 1614 100 75 aorta,
727 1614 55 75 the
805 1614 86 75 venae
910 1614 147 75 adipofse,
1083 1614 135 75 renales,

185 1659 207 75 fpermaticae,
416 1659 172 75 lumbares,
614 1659 63 75 and
703 1659 106 75 facrse.
867 1659 129 75 Having
1025 1659 136 75 reached
1184 1659 35 75 to

185 1707 56 75 the
269 1707 35 75 os
333 1707 135 75 facrurn,
493 1707 26 75 it
546 1707 81 75 lofes
644 1707 56 75 the
716 1707 94 75 name
825 1707 40 75 of
877 1707 89 75 cava,
992 1707 61 75 and
1069 1707 150 75 termina-

186 1752 70 75 ting
279 1752 44 75 by
340 1752 18 75 a
375 1752 209 75 bifurcation^
605 1752 64 75 like
692 1752 71 75 that
779 1752 40 75 of
839 1752 56 75 the
910 1752 191 75 defcending
1117 1752 102 75 aorta,

187 1798 27 75 it
231 1798 98 75 forms
347 1798 55 75 the
424 1798 66 75 two
509 1798 86 75 vense
615 1798 112 75 iliacae.

234 1845 108 75 Thefe
358 1845 74 75 iliac
455 1845 87 75 veins
566 1845 118 75 having
707 1845 93 75 given
828 1845 53 75 off
898 1845 57 75 the
979 1845 239 75 hypogaflricae,

186 1891 81 75 with
284 1891 41 75 all
353 1891 83 75 their
452 1891 238 75 ramifications,
715 1891 35 75 to
762 1891 55 75 the
834 1891 119 75 vifcera
976 1891 39 75 of
1033 1891 54 75 the
1105 1891 113 75 pelvis,

186 1937 64 75 and
274 1937 34 75 to
328 1937 86 75 fome
445 1937 93 75 other
562 1937 147 75 external
737 1937 62 75 and
826 1937 135 75 internal
988 1937 232 75 neighbouring

186 1983 101 75 parts,
305 1983 42 75 go
360 1983 56 75 out
432 1983 41 75 of
483 1983 56 75 the
556 1983 168 75 abdomen,
741 1983 102 75 under
856 1983 55 75 the
923 1983 204 75 ligamentum
1145 1983 74 75 Fal-

187 2029 113 75 loppii,
326 2029 67 75 and.
403 2029 91 75 there
506 2029 73 75 take
591 2029 55 75 the
663 2029 91 75 name
770 2029 40 75 ot
821 2029 86 75 vente
918 2029 160 75 cruraies.

236 2075 89 75 Each
344 2075 104 75 crural
462 2075 70 75 vein
544 2075 91 75 fends
648 2075 51 75 off
710 2075 171 75 numerous
895 2075 223 75 ramifications
1131 2075 35 75 ^o
1178 2075 42 75 all

188 2121 57 75 the
261 2121 100 75 lower
378 2121 186 75 extremity.

235 2168 76 75 The
327 2168 80 75 vena
423 2168 120 75 azygos
558 2168 37 75 or
612 2168 62 75 fine
690 2168 67 75 pari
773 2168 27 75 is
817 2168 81 75 very
918 2168 223 75 confiderable,
1160 2168 62 75 and

189 2213 95 75 arifes
302 2213 185 75 pofleriorly
502 2213 86 75 from
604 2213 55 75 the
675 2213 140 75 fuperior
834 2213 75 75 cava
925 2213 19 75 a
959 2213 84 75 little
1055 2213 99 75 above
1167 2213 55 75 the

191 2261 226 75 pericardium.

238 2305 31 75 It
287 2305 26 75 is
330 2305 217 75 immediately
572 2305 187 75 afterwards
784 2305 77 75 bent
881 2305 170 75 backward
1073 2305 78 75 over
1166 2305 57 75 the

193 2352 105 75 origin
314 2352 40 75 of
365 2352 55 75 the
438 2352 87 75 right
536 2352 89 75 lung,
644 2352 138 75 forming
794 2352 38 75 an
847 2352 76 75 arch
934 2352 106 75 which
1052 2352 171 75 furrounds

192 2399 57 75 the
266 2399 90 75 great
376 2399 189 75 pulmonary
576 2399 109 75 veffels
702 2399 42 75 on
760 2399 71 75 that
847 2399 75 75 fide.

241 2445 97 75 From
356 2445 114 75 thence
486 2445 26 75 it
528 2445 75 75 runs
629 2445 95 75 down
753 2445 42 75 on
822 2445 56 75 the
906 2445 86 75 right
1016 2445 62 75 fide
1103 2445 40 75 of
1164 2445 55 75 the

193 2491 155 75 vertebrse
366 2491 81 75 dorfi
464 2491 41 75 on
522 2491 60 75 one
598 2491 64 75 fide
686 2491 39 75 of
740 2491 56 75 the
820 2491 102 75 aorta,
947 2491 63 75 and
1036 2491 111 75 before
1168 2491 56 75 the

198 2538 181 75 intercoftal
409 2538 130 75 arteries
551 2538 11 75 ;
599 2538 62 75 and
678 2538 123 75 getting
818 2538 120 75 behind
953 2538 55 75 the
1024 2538 200 75 diaphragm,

194 2583 28 75 it
238 2583 183 75 terminates
444 2583 44 75 by
506 2583 17 75 a
539 2583 78 75 very
645 2583 127 75 fenfible
802 2583 210 75 anaftomofis,
1046 2583 178 75 fometimes

193 2631 80 75 with
297 2631 56 75 the
376 2631 81 75 vena
484 2631 130 75 renalis,
638 2631 179 75 fometimes
839 2631 80 75 with
947 2631 20 75 a
993 2631 232 75 neighbouring

193 2677 125 75 lumbar
335 2677 84 75 vein,
445 2677 63 75 and
531 2677 178 75 fometimes
727 2677 216 75 immediately
955 2677 80 75 with
1051 2677 55 75 the
1129 2677 98 75 trunk,

195 2724 40 75 of
246 2724 55 75 the
326 2724 78 75 cava
423 2724 144 75 inferior.

240 2769 76 75 The
340 2769 80 75 vena
445 2769 121 75 azygos
593 2769 91 75 fends
711 2769 58 75 out
786 2769 65 75 two
868 2769 38 75 or
923 2769 91 75 three
1031 2769 89 75 fmall
1136 2769 89 75 veins

196 2814 84 75 from
298 2814 54 75 the
376 2814 56 75 top
457 2814 40 75 of
524 2814 56 75 the
605 2814 88 75 arch,
727 2814 60 75 one
815 2814 49 75 of.
875 2814 103 75 which
1003 2814 75 75 goes
1107 2814 36 75 to
1170 2814 55 75 the

194 2861 108 75 afpera
326 2861 136 75 arteria;
497 2861 56 75 the
579 2861 108 75 others
707 2861 107 75 partly
837 2861 36 75 to
892 2861 56 75 the
974 2861 107 75 afpera
1106 2861 116 75 artera,

201 2908 63 75 and
288 2908 106 75 partly
427 2908 34 75 to
495 2908 56 75 the
578 2908 166 75 bronchia,
780 2908 43 75 by
856 2908 56 75 the
947 2908 91 75 name
1071 2908 40 75 of
1138 2908 85 75 vena;

1374 108 39 75 O
1530 108 48 75 M
1694 108 51 75 Y.

2092 108 101 75 Part
2221 108 72 75 IV.

1258 179 214 75 bronchiales,
1498 179 248 75 accompanying
1765 179 55 75 the
1833 179 223 75 ramifications
2072 179 41 75 of
2124 179 55 75 the
2195 179 96 75 bron-

1263 226 83 75 chial
1364 226 119 75 artery.

1307 272 204 75 Afterwards
1528 272 57 75 the
1602 272 120 75 azygos
1746 272 150 75 detaches
1926 272 85 75 from
2034 272 56 75 the
2118 272 175 75 extremity

1260 317 40 75 of
1312 317 53 75 the
1383 317 76 75 arch
1476 317 19 75 a
1511 317 89 75 fmall
1617 317 96 75 trunk
1730 317 146 75 common
1893 317 35 75 to
1944 317 66 75 two
2027 317 38 75 or
2086 317 91 75 three
2202 317 90 75 fmail

1259 364 102 75 veins,
1382 364 104 75 Called
1503 364 218 75 intercojialss
1727 364 182 75 fnperiores
1927 364 130 75 dextne,
2076 364 106 75 which
2199 364 94 75 bring

1260 410 81 75 back
1369 410 55 75 the
1449 410 99 75 blood
1564 410 85 75 from
1666 410 55 75 the
1738 410 63 75 firft
1818 410 89 75 three
1930 410 93 75 feries
2051 410 41 75 of
2114 410 178 75 intercoftal

1260 457 144 75 mufcles,
1431 457 60 75 and
1508 457 85 75 from
1605 457 55 75 the
1678 457 230 75 neighbouring
1920 457 71 75 part
2008 457 41 75 of
2058 457 55 75 the
2131 457 122 75 pleura.

1306 504 108 75 Thefe
1430 504 179 75 intercollal
1625 504 86 75 veins
1730 504 72 75 fend
1821 504 153 75 branches
1999 504 139 75 through
2162 504 55 75 the
2241 504 49 75 in-

1260 549 145 75 tercoftal
1421 549 134 75 mufcles
1571 549 37 75 to
1625 549 54 75 the
1696 549 135 75 ferratus
1851 549 141 75 fuperior
2017 549 149 75 pofticus,
2191 549 100 75 ferra-

1261 595 51 75 tus
1336 595 116 75 major,
1478 595 64 75 &c.
1569 595 62 75 and
1648 595 188 75 afterwards
1860 595 77 75 they
1962 595 59 75 run
2046 595 94 75 along
2165 595 54 75 the
2243 595 48 75 in-

1262 642 138 75 terftices
1417 642 146 75 between
1579 642 55 75 the
1651 642 78 75 ribs,
1754 642 268 75 communicating
2037 642 79 75 with
2133 642 56 75 the
2207 642 87 75 venae

1261 689 204 75 mammariae.

1309 735 99 75 They
1424 735 139 75 likewife
1580 735 78 75 fend
1682 735 90 75 fmall
1796 735 156 75 branches
1979 735 171 75 backward
2178 735 36 75 to
2238 735 56 75 the

1260 781 159 75 vertebral
1442 781 132 75 mufcles
1599 781 63 75 and
1690 781 89 75 canal
1809 781 40 75 of
1866 781 56 75 the
1949 781 98 75 fpine,
2082 781 106 75 where
2216 781 79 75 they

1261 828 229 75 communicate
1515 828 78 75 with
1622 828 57 75 the
1706 828 91 75 venal
1826 828 124 75 circles,
1985 828 37 75 or
2048 828 112 75 finufes
2186 828 107 75 which

1261 871 92 75 bring
1370 871 82 75 back
1468 871 55 75 the
1540 871 98 75 blood
1660 871 84 75 from
1761 871 55 75 the
1833 871 139 75 medulla
1988 871 139 75 fpinalis.

1310 920 46 75 As
1374 920 55 75 the
1454 920 119 75 azygos
1602 920 74 75 runs
1704 920 106 75 down,
1837 920 25 75 it
1889 920 91 75 fends
2008 920 52 75 off
2060 902 7 49 -
2067 920 67 75 the
2162 920 133 75 inferioy

1261 966 179 75 intercoftal
1457 966 87 75 veins
1568 966 41 75 on
1626 966 55 75 the
1702 966 87 75 right
1808 966 74 75 fide,
1908 966 59 75 one
1988 966 96 75 going
2100 966 34 75 to
2151 966 77 75 each
2246 966 47 75 fer-

1260 1012 62 75 ries
1350 1012 41 75 of
1412 1012 178 75 intercpftal
1618 1012 146 75 mufcles.
1811 1012 110 75 Thefe
1945 1012 89 75 veins
2051 1012 59 75 run
2127 1012 94 75 along
2238 1012 55 75 the

1262 1058 100 75 lower
1378 1058 96 75 edges
1503 1058 51 75 of-
1567 1058 54 75 the
1646 1058 79 75 ribs,
1750 1058 60 75 and
1839 1058 161 75 perforate
2023 1058 55 75 the
2103 1058 132 75 mufcles
2250 1058 45 75 by

1261 1105 168 75 branches,
1454 1105 106 75 which
1577 1105 43 75 go
1639 1105 35 75 to
1692 1105 55 75 the
1763 1105 153 75 pofterior
1933 1105 63 75 and
2011 1105 148 75 external
2176 1105 71 75 part
2259 1105 42 75 of

1264 1150 55 75 the
1336 1150 132 75 thorax.

1311 1197 98 75 They
1426 1197 229 75 communicate
1672 1197 77 75 with
1767 1197 54 75 the
1833 1197 86 75 venae
1932 1197 183 75 thoracicae,
2141 1197 62 75 and
2214 1197 80 75 moft

1265 1244 182 75 commonly
1466 1244 79 75 with
1561 1244 55 75 the
1634 1244 183 75 mammaria
1832 1244 124 75 interna
1970 1244 10 75 ;
2007 1244 61 75 and
2084 1244 103 75 laftly,
2205 1244 89 75 more

1264 1288 36 75 or
1319 1288 60 75 lefs
1396 1288 78 75 with
1492 1288 78 75 each
1591 1288 105 75 other,
1721 1288 44 75 by
1781 1288 239 75 perpendicular
2032 1288 167 75 branches,
2217 1288 75 75 near

1265 1335 58 75 the
1337 1335 153 75 pofterior
1514 1335 199 75 extremities
1730 1335 40 75 of
1790 1335 54 75 the
1861 1335 79 75 ribs.

1312 1384 85 75 The.
1405 1384 121 75 azygos
1542 1384 92 75 fends
1650 1384 52 75 off
1713 1384 138 75 likewife
1863 1384 55 75 the
1930 1384 60 75 left
2001 1384 179 75 intercoftal
2192 1384 101 75 veins,

1266 1430 57 75 but
1341 1430 121 75 feldom
1491 1430 56 75 the
1574 1430 106 75 whole
1705 1430 151 75 number;
1883 1430 52 75 for
1959 1430 55 75 the
2041 1430 140 75 fuperior
2207 1430 88 75 veins

1267 1476 90 75 come
1374 1476 90 75 often
1481 1476 84 75 from
1590 1476 55 75 the
1670 1476 60 75 left
1754 1476 189 75 fubclavian.
1991 1476 77 75 The
2091 1476 130 75 inferior
2246 1476 48 75 in-

1264 1522 146 75 tercoftal
1422 1522 101 75 veins,
1541 1522 35 75 to
1587 1522 56 75 the
1656 1522 132 75 number
1800 1522 40 75 of
1854 1522 48 75 fix
1913 1522 37 75 or
1962 1522 104 75 feven,
2091 1522 91 75 come
2202 1522 91 75 often

1264 1569 84 75 from
1365 1569 55 75 the
1437 1569 97 75 trunk
1550 1569 40 75 of
1607 1569 55 75 the
1679 1569 142 75 azygos;
1848 1569 63 75 and
1930 1569 136 75 running
2078 1569 142 75 between
2238 1569 60 75 the

1266 1615 90 75 aorta
1372 1615 61 75 and
1445 1615 167 75 vertebrae,
1637 1615 78 75 they
1732 1615 75 75 fend
1823 1615 51 75 off
1885 1615 109 75 almoft
2007 1615 55 75 the
2077 1615 83 75 fame
2178 1615 116 75 ramifi-

1267 1661 119 75 cations
1415 1661 78 75 with
1514 1661 56 75 the
1590 1661 88 75 veins
1701 1661 41 75 on
1770 1661 56 75 the
1854 1661 87 75 right
1960 1661 75 75 fide,
2066 1661 63 75 and
2155 1661 139 75 likewife

1267 1707 84 75 fome
1368 1707 35 75 to
1420 1707 55 75 the
1492 1707 199 75 cefophagus.

1313 1754 76 75 The
1407 1754 133 75 azygos,
1564 1754 119 75 having
1700 1754 137 75 reached
1853 1754 104 75 below
1973 1754 56 75 the
2045 1754 57 75 laft
2118 1754 61 75 rib,
2204 1754 93 75 fends

1267 1800 53 75 off
1332 1800 17 75 a
1365 1800 87 75 large
1480 1800 131 75 branch,
1638 1800 103 75 which
1769 1800 138 75 bending
1935 1800 160 75 outward,
2119 1800 178 75 perforates

1267 1845 54 75 the
1342 1845 132 75 mufcles
1496 1845 40 75 of
1552 1845 56 75 the
1633 1845 170 75 abdomen,
1828 1845 27 75 is
1878 1845 143 75 ramified
2047 1845 143 75 betv/een
2213 1845 84 75 their

1266 1891 150 75 different
1440 1891 120 75 planes,
1587 1891 63 75 and
1665 1891 247 75 communicates
1930 1891 76 75 with
2024 1891 55 75 the
2096 1891 65 75 like
2175 1891 118 75 ramifi-

1267 1937 122 75 cations
1405 1937 39 75 of
1456 1937 55 75 the
1535 1937 56 75 laft
1615 1937 37 75 or
1669 1937 56 75 laft
1742 1937 66 75 two
1835 1937 180 75 intercoftal
2032 1937 101 75 veins.

1312 1983 76 75 The
1412 1983 174 75 peftorales
1610 1983 144 75 internse,
1780 1983 53 75 are
1860 1983 89 75 fmall
1976 1983 88 75 veins
2093 1983 144 75 difpofed
2262 1983 31 75 in

1267 2029 83 75 pairs
1363 2029 125 75 toward
1505 2029 55 75 the
1576 2029 86 75 right
1683 2029 62 75 and
1760 2029 60 75 left
1836 2029 99 75 hand,
1958 2029 119 75 behind
2093 2029 55 75 the
2160 2029 137 75 fternum

1267 2076 61 75 and
1343 2076 87 75 parts
1451 2076 75 75 near
1541 2076 39 75 it,
1605 2076 162 75 including
1794 2076 56 75 the
1874 2076 277 75 diaphragmaticse
2178 2076 119 75 fuperi-

1267 2122 84 75 ores,
1384 2122 38 75 or
1448 2122 484 75 pericardio-diaphragmaticae,
1968 2122 203 75 mediaftinae,
2197 2122 98 75 mam-

1268 2169 104 75 mariae
1398 2169 144 75 internae,
1567 2169 163 75 thymicae,
1754 2169 197 75 pericardiae,
1976 2169 61 75 and
2061 2169 176 75 gutturales
2260 2169 38 75 or

1268 2217 190 75 tracheales.

1316 2263 75 75 The
1408 2263 88 75 right
1517 2263 81 75 vena
1624 2263 182 75 mediaftina
1832 2263 77 75 goes
1932 2263 57 75 out
2014 2263 174 75 anteriorly
2212 2263 84 75 from

1269 2309 54 75 the
1340 2309 97 75 trunk
1461 2309 40 75 of
1520 2309 55 75 the
1598 2309 141 75 fuperior
1759 2309 88 75 cava,
1873 2309 18 75 a
1907 2309 84 75 link
2008 2309 99 75 above
2124 2309 55 75 the
2195 2309 103 75 origin

1270 2356 39 75 of
1322 2356 53 75 the
1393 2356 141 75 azygos;
1561 2356 57 75 the
1638 2356 59 75 left
1714 2356 106 75 comes
1837 2356 83 75 from
1942 2356 55 75 the
2017 2356 171 75 fubclavia.

1317 2402 76 75 The
1410 2402 86 75 right
1511 2402 141 75 fuperior
1668 2402 282 75 diaphragmatica,
1975 2402 37 75 or
2034 2402 262 75 pericardio-dia-

1273 2448 229 75 phragmatica,
1528 2448 105 75 comes
1655 2448 172 75 anteriorly
1855 2448 84 75 from
1964 2448 55 75 the
2039 2448 74 75 root
2128 2448 39 75 of
2178 2448 55 75 the
2250 2448 49 75 bi-

1271 2496 157 75 furcation
1445 2496 75 75 near
1544 2496 55 75 the
1615 2496 203 75 mediaftina;
1844 2496 62 75 and
1927 2496 26 75 is
1969 2496 200 75 diftributed,
2193 2496 43 75 by
2252 2496 47 75 fe-

1272 2541 85 75 veral
1381 2541 166 75 branches,
1573 2541 34 75 to
1631 2541 55 75 the
1713 2541 112 75 upper,
1851 2541 83 75 fore,
1960 2541 62 75 and
2045 2541 81 75 back
2154 2541 85 75 parts
2265 2541 41 75 of

1270 2588 55 75 the
1341 2588 222 75 pericardium,
1589 2588 267 75 communicating
1872 2588 78 75 with
1978 2588 90 75 thofe
2095 2588 41 75 of
2157 2588 55 75 the
2238 2588 61 75 left
2313 2588 9 75 -

1272 2634 279 75 diaphragmatica.
1591 2634 77 75 The
1684 2634 60 75 left
1759 2634 142 75 fuperior
1912 2634 270 75 diaphragmatica
2193 2634 106 75 comes

1272 2681 83 75 from
1372 2681 55 75 the
1443 2681 60 75 left
1518 2681 193 75 fubclavian,
1736 2681 19 75 a
1771 2681 84 75 little
1871 2681 105 75 below
1993 2681 55 75 the
2064 2681 103 75 origin
2185 2681 40 75 of
2243 2681 54 75 the

1271 2727 194 75 mammaria.

1318 2774 75 75 The
1418 2774 86 75 right
1527 2774 135 75 internal
1689 2774 183 75 mammaria
1898 2774 95 75 arifes
2015 2774 176 75 anteriorly
2213 2774 85 75 from

1272 2821 54 75 the
1343 2821 80 75 vena
1439 2821 89 75 cava,
1553 2821 18 75 a
1586 2821 84 75 little
1686 2821 104 75 below
1806 2821 55 75 the
1889 2821 92 75 angle
2009 2821 40 75 of
2071 2821 54 75 the
2141 2821 156 75 birfurca-

1272 2867 81 75 tion.
1401 2867 33 75 It
1450 2867 75 75 runs
1542 2867 94 75 along
1651 2867 56 75 the
1723 2867 118 75 neareft
1857 2867 135 75 internal
2004 2867 37 75 or
2050 2867 155 75 pofterior
2216 2867 82 75 edge

1272 2914 39 75 of
1330 2914 56 75 the
1402 2914 148 75 fternum,
1576 2914 62 75 and
1660 2914 42 75 on
1718 2914 56 75 the
1791 2914 225 75 cartilaginous
2040 2914 198 75 extremities
2263 2914 45 75 of

2242 2955 54 75 the
