2428 3377
521 165 242 75 ANA

1112 165 19 75 C
1195 165 74 75 145
1331 165 18 75 )

1685 165 243 75 ANA

202 228 56 75 the
274 228 96 75 fhith,
396 228 63 75 and
475 228 85 75 their
575 228 152 75 decifions
751 228 82 75 have
857 228 80 75 been
960 228 172 75 conceived
1156 228 33 75 in

203 273 56 75 the
284 273 167 75 following
476 273 106 75 form:
626 273 40 75 Si
694 273 70 75 quis
792 273 134 75 dixepit.
959 273 61 75 See.
1052 273 135 75 anathe-

203 319 53 75 ma
268 319 66 75 Jit.

249 364 112 75 There
388 364 54 75 are
468 364 68 75 two
563 364 95 75 kinds
686 364 40 75 of
745 364 195 75 anathemas,
971 364 56 75 the
1055 364 60 75 one
1135 364 54 75 ju-

202 410 135 75 diciary,
363 410 63 75 and
448 410 56 75 the
524 410 96 75 other
643 410 201 75 abjuratory.
891 410 78 75 The
994 410 121 75 former
1133 410 58 75 can

203 457 75 75 only
295 457 40 75 be
351 457 188 75 denounced
554 457 46 75 by
618 457 19 75 a
653 457 138 75 council,
817 457 18 75 a
850 457 94 75 pope,
970 457 38 75 or
1026 457 18 75 a
1059 457 129 75 bilhop;

201 504 55 75 the
271 504 97 75 latter
384 504 108 75 makes
510 504 19 75 a
544 504 72 75 part
633 504 40 75 of
689 504 57 75 the
763 504 170 75 ceremony
944 504 40 75 of
996 504 193 75 abjuration,

200 550 57 75 the
273 550 132 75 convert
420 550 94 75 being
530 550 128 75 obliged
681 550 34 75 to
738 550 235 75 anathematize
997 550 56 75 the
1075 550 113 75 herefy

201 597 41 75 he
258 597 140 75 abjures.

153 641 240 75 Anathema,
417 641 33 75 in
472 641 139 75 heathen
634 641 172 75 antiquity,
831 641 65 75 was
922 641 41 75 an
988 641 138 75 offering
1150 641 38 75 or

201 687 123 75 prefent
335 687 93 75 made
445 687 35 75 to
491 687 85 75 fome
592 687 102 75 deity,
712 687 63 75 and
786 687 89 75 hung
888 687 41 75 up
940 687 32 75 in
986 687 56 75 the
1052 687 133 75 temple.

200 733 188 75 Whenever
403 733 19 75 a
432 733 112 75 perfon
559 733 61 75 left
635 733 51 75 off
704 733 51 75 his
771 733 229 75 employment,
1025 733 27 75 it
1067 733 65 75 was
1150 733 36 75 u-

201 780 66 75 fual
291 780 36 75 to
350 780 146 75 dedicate
520 780 56 75 the
600 780 85 75 tools
710 780 35 75 to
762 780 55 75 the
833 780 222 75 patron-deity
1071 780 40 75 of
1130 780 56 75 the

200 826 103 75 trade.
351 826 135 75 Perfons
503 826 57 75 too
576 826 74 75 who
672 826 65 75 had
760 826 133 75 efcaped
915 826 88 75 from
1025 826 166 75 imminent

205 872 133 75 danger,
364 872 34 75 as
414 872 176 75 /hipwreck
606 872 63 75 and
693 872 55 75 the
769 872 79 75 like,
874 872 38 75 or
929 872 68 75 had
1018 872 69 75 met
1111 872 78 75 with

1285 224 61 75 any
1369 224 94 75 other
1487 224 196 75 remarkable
1706 224 135 75 inftance
1865 224 42 75 of
1932 224 87 75 good
2045 224 140 75 fortune,
2209 224 61 75 fel-

1284 271 74 75 dom
1375 271 99 75 failed
1489 271 35 75 to
1541 271 107 75 teftify
1669 271 85 75 their
1777 271 162 75 gratitude
1963 271 43 75 by
2030 271 87 75 fome
2145 271 125 75 prefent

1286 318 40 75 of
1344 318 64 75 this
1425 318 89 75 kind.

1237 364 224 75 Anathema
1482 364 139 75 likewife
1637 364 133 75 denotes
1787 364 160 75 Chriftian
1969 364 165 75 offerings,
2160 364 109 75 other-

1286 409 73 75 wife
1375 409 105 75 called
1496 409 182 75 donations.
1728 409 62 75 See
1807 409 257 75 Donations.

1238 457 470 75 ANATHEMATIZING,
1735 457 55 75 the
1813 457 49 75 aft
1884 457 41 75 of
1943 457 219 75 pronouncing
2178 457 39 75 an
2235 457 33 75 a-

1286 502 149 75 nathema
1450 502 120 75 againft
1585 502 86 75 fome
1686 502 126 75 perfon.
1862 502 62 75 See
1941 502 239 75 Anathema.

1236 549 303 75 ANATICULA,
1565 549 90 75 little
1670 549 93 75 duck,
1788 549 32 75 in
1837 549 55 75 the
1914 549 125 75 ancient
2063 549 129 75 Roman
2210 549 57 75 cu-

1284 594 105 75 ftoms,
1415 594 19 75 a
1449 594 83 75 term
1548 594 41 75 of
1608 594 149 75 fondnefs
1768 594 77 75 ufed
1861 594 44 75 by
1919 594 119 75 lovers.

1235 642 286 75 ANATIFERA
1537 642 129 75 concha,
1691 642 56 75 the
1770 642 105 75 trivial
1895 642 93 75 name
2004 642 40 75 of
2062 642 19 75 a
2097 642 117 75 Ijjecies
2232 642 41 75 of

1282 687 166 75 thelepas,
1475 687 19 75 a
1508 687 174 75 teftaceous
1699 687 127 75 animal.
1876 687 62 75 See
1954 687 138 75 Lepas.

1234 734 270 75 ANATOLIA,
1537 734 33 75 in
1595 734 195 75 geography,
1823 734 56 75 the
1903 734 83 75 fame
2014 734 79 75 with
2117 734 146 75 Natolia.

1283 779 60 75 See
1361 779 205 75 Natolia.

1237 826 345 75 ANATOMICAL,
1608 826 39 75 an
1669 826 124 75 epithet
1814 826 126 75 applied
1964 826 34 75 to
2022 826 62 75 any
2100 826 92 75 thing
2208 826 55 75 be-

1285 872 131 75 longing
1432 872 35 75 to
1479 872 162 75 anatomy.
1691 872 62 75 See
1769 872 213 75 Anatomy.

499 1179 1380 75 ANATOMY.

151 1373 114 75 AN
270 1373 174 75 ATOMY
465 1373 27 75 is
510 1373 56 75 the
581 1373 50 75 art
647 1373 40 75 of
698 1373 161 75 diffefting
874 1373 55 75 the
946 1373 81 75 folid
1045 1373 88 75 parts
1150 1373 39 75 of

280 1417 115 75 animal
410 1417 123 75 bodies,
558 1417 81 75 with
655 1417 19 75 a
689 1417 81 75 view
786 1417 34 75 to
831 1417 143 75 difeover
986 1417 84 75 their
1086 1417 97 75 ftruc-

152 1465 84 75 ture,
262 1465 198 75 conneftion,
485 1465 156 75 andufes.

197 1509 198 75 Anatomy
413 1509 27 75 is
463 1509 58 75 not
536 1509 77 75 only
628 1509 56 75 the
705 1509 77 75 bafis
799 1509 41 75 of
859 1509 42 75 all
917 1509 135 75 medical
1068 1509 112 75 know-

150 1557 105 75 ledge,
277 1557 61 75 but
353 1557 27 75 is
401 1557 18 75 a
442 1557 79 75 very
535 1557 183 75 interefting
734 1557 105 75 objeft
854 1557 35 75 to
905 1557 56 75 the
975 1557 205 75 philofopher

150 1604 62 75 and
228 1604 124 75 natural
367 1604 33 75 hi
403 1604 72 75 (tori
478 1604 51 75 an.

837 1834 363 75 PAR

677 1996 134 75 OF
935 1996 241 75 THE

586 2121 14 75 \

228 2195 157 75 Sect.
414 2195 30 75 I.
504 2195 64 75 Of
588 2195 66 75 the
676 2195 153 75 Bones
860 2195 42 75 in
924 2195 170 75 general.

150 2301 61 75 TO
225 2301 117 75 efore
362 2301 49 75 we
428 2301 147 75 examine
591 2301 56 75 the
671 2301 152 75 ftrufture
847 2301 41 75 of
907 2301 54 75 the
984 2301 111 75 bones,
1121 2301 56 75 the

268 2347 200 75 periofteum,
494 2347 18 75 a
528 2347 180 75 membrane
724 2347 77 75 with
820 2347 107 75 which
947 2347 78 75 they
1041 2347 54 75 are
1118 2347 54 75 co-

146 2393 109 75 vered,
281 2393 80 75 muff
376 2393 40 75 be
431 2393 177 75 deferibed.

191 2440 78 75 The
284 2440 189 75 periofteum
490 2440 57 75 can
570 2440 41 75 be
634 2440 129 75 divided
786 2440 68 75 into
877 2440 104 75 layers
1005 2440 40 75 of
1062 2440 107 75 fibres.

144 2486 77 75 The
237 2486 144 75 exterior
396 2486 89 75 ones,
510 2486 168 75 compofed
690 2486 40 75 of
748 2486 55 75 the
815 2486 94 75 fibres
921 2486 40 75 of
972 2486 55 75 the
1039 2486 132 75 mufcles

146 2531 172 75 connefted
333 2531 37 75 to
385 2531 55 75 the
451 2531 116 75 .bones,
591 2531 79 75 vary
685 2531 32 75 in
733 2531 86 75 their
840 2531 145 75 number,
1010 2531 75 75 fize,
1111 2531 63 75 and

146 2577 167 75 direftion,
339 2577 63 75 and
428 2577 227 75 confequently
681 2577 144 75 occafion
852 2577 18 75 a
892 2577 78 75 very
994 2577 90 75 great
1109 2577 64 75 dif-

146 2624 127 75 ference
288 2624 34 75 in
339 2624 55 75 the
419 2624 158 75 thicknefs
601 2624 63 75 and
686 2624 140 75 ftrength
848 2624 43 75 of
908 2624 56 75 the
987 2624 188 75 periofteum

146 2669 40 75 of
196 2669 151 75 different
371 2669 111 75 bones.
530 2669 77 75 The
628 2669 135 75 internal
787 2669 88 75 layer
900 2669 27 75 is
951 2669 97 75 every
1069 2669 110 75 where

144 2716 111 75 nearly
278 2716 41 75 of
336 2716 19 75 a
378 2716 114 75 fimilar
517 2716 165 75 ftrufture,
715 2716 63 75 and
798 2716 57 75 has
879 2716 41 75 its
945 2716 94 75 fibres
1064 2716 33 75 in
1121 2716 55 75 the

145 2763 83 75 fame
244 2763 152 75 direftion
412 2763 80 75 with
509 2763 90 75 thofe
616 2763 40 75 of
675 2763 55 75 the
745 2763 84 75 bone
845 2763 35 75 to
903 2763 106 75 which
1025 2763 79 75 they
1123 2763 53 75 are

146 2808 201 75 contiguous.

193 2855 129 75 Except
344 2855 107 75 where
475 2855 147 75 mufcles,
648 2855 181 75 cartilages,
853 2855 37 75 or
914 2855 181 75 ligaments,
1121 2855 53 75 are

145 2900 137 75 inferted
303 2900 69 75 into
394 2900 56 75 the
472 2900 198 75 periofteum,
695 2900 42 75 its
754 2900 144 75 external
915 2900 122 75 furface
1052 2900 27 75 is
1094 2900 78 75 con-

144 2946 113 75 nefted
278 2946 36 75 to
337 2946 55 75 the
414 2946 210 75 furrounding
648 2946 87 75 parts
758 2946 44 75 by
826 2946 70 75 thin
921 2946 131 75 cellular
1073 2946 98 75 mem-

144 2991 125 75 branes,
294 2991 107 75 which
417 2991 58 75 can
498 2991 93 75 eafily
615 2991 40 75 be
679 2991 158 75 ftretched
860 2991 226 75 confiderably,
1112 2991 58 75 but

192 3039 98 75 Vol.
308 3039 28 75 I.
363 3039 77 75 No.'
455 3039 32 75 7.

720 3039 9 75 '

1102 3039 33 75 3

1279 1371 38 75 In
1334 1371 138 75 treating
1489 1371 63 75 this
1569 1371 102 75 ufeful
1695 1371 130 75 fubjeft,
1850 1371 49 75 we
1922 1371 77 75 lhall
2021 1371 107 75 divide
2149 1371 27 75 it
2191 1371 70 75 into

1231 1417 56 75 the
1315 1417 165 75 following
1507 1417 106 75 parts:
1664 1417 29 75 I.
1719 1417 53 75 Of
1791 1417 55 75 the
1869 1417 142 75 Bones.
2060 1417 47 75 II.
2134 1417 52 75 Of
2205 1417 56 75 the

1232 1463 203 75 Musclcs.
1493 1463 66 75 III.
1594 1463 53 75 Of
1665 1463 56 75 the
1748 1463 234 75 Arteries.-
2024 1463 63 75 IV.
2122 1463 53 75 Of
2204 1463 56 75 the

1229 1510 136 75 Veins.
1414 1510 46 75 V.
1486 1510 53 75 Of
1558 1510 55 75 the
1635 1510 171 75 Nerves.
1856 1510 65 75 VI.
1946 1510 53 75 Of
2016 1510 80 75 fuch
2121 1510 85 75 parts
2223 1510 42 75 of

1228 1556 56 75 the
1300 1556 88 75 body
1404 1556 33 75 as
1454 1556 55 75 are
1525 1556 57 75 not
1601 1556 259 75 comprehended
1874 1556 33 75 in
1931 1556 63 75 any
2013 1556 41 75 of
2070 1556 55 75 the
2145 1556 112 75 above,

1229 1603 27 75 e.
1280 1603 38 75 g.
1350 1603 78 75 The
1447 1603 141 75 Brain,
1613 1603 184 75 Thorax,
1822 1603 205 75 Abdomen,
2145 1603 65 75 <bc.

1303 1835 59 75 T

1532 1835 49 75 I.

1296 1997 428 75 BONES.

1225 2161 126 75 fhorten
1367 2161 188 75 themfelves
1579 2161 169 75 whenever
1772 2161 55 75 the
1851 2161 172 75 ftretching
2047 2161 90 75 force
2158 2161 28 75 is
2204 2161 34 75 re

1225 2208 128 75 moved.

1272 2254 111 75 When
1399 2254 56 75 the
1470 2254 188 75 periofteum
1672 2254 27 75 is
1710 2254 73 75 torn
1799 2254 52 75 off
1869 2254 84 75 from
1970 2254 110 75 bones,
2105 2254 49 75 we
2170 2254 50 75 fee
2235 2254 20 75 a

1225 2299 90 75 great
1331 2299 132 75 number
1475 2299 41 75 of
1534 2299 97 75 white
1642 2299 129 75 threads
1789 2299 161 75 produced
1966 2299 84 75 from
2067 2299 70 75 that
2153 2299 99 75 mem-

1221 2346 96 75 brane
1333 2346 69 75 into
1425 2346 106 75 them;
1559 2346 61 75 and
1636 2346 84 75 after
1735 2346 19 75 a
1772 2346 169 75 fuecefsful
1965 2346 148 75 injeftion
2138 2346 40 75 of
2198 2346 56 75 the

1221 2392 132 75 arteries
1365 2392 80 75 with
1462 2392 18 75 a
1496 2392 56 75 red
1568 2392 119 75 liquor,
1713 2392 169 75 numerous
1900 2392 109 75 veffels
2033 2392 53 75 are
2102 2392 57 75 not
2176 2392 78 75 only

1219 2438 71 75 feen
1315 2438 40 75 on
1374 2438 55 75 the
1445 2438 201 75 periofteum,
1672 2438 58 75 but
1745 2438 79 75 moft
1843 2438 40 75 of
1901 2438 55 75 the
1972 2438 94 75 fibres
2083 2438 67 75 fent
2166 2438 86 75 from

1219 2485 54 75 the
1290 2485 182 75 membrane
1489 2485 33 75 to
1538 2485 55 75 the
1610 2485 82 75 bone
1715 2485 83 75 (hew
1813 2485 188 75 therafelves
2018 2485 35 75 to
2077 2485 39 75 be
2140 2485 110 75 veffels

1221 2530 143 75 entering
1386 2530 37 75 it,
1450 2530 81 75 with
1547 2530 55 75 the
1618 2530 137 75 injefted
1770 2530 106 75 liquor
1892 2530 33 75 in
1941 2530 88 75 them
2041 2530 10 75 ;
2078 2530 62 75 and
2157 2530 93 75 when

1221 2577 77 75 they
1314 2577 54 75 are
1385 2577 132 75 broken,
1544 2577 43 75 by
1602 2577 123 75 tearing
1741 2577 52 75 off
1811 2577 56 75 the
1886 2577 200 75 periofteum,
2111 2577 55 75 the
2182 2577 66 75 fur-

1222 2622 71 75 face
1308 2622 40 75 of
1366 2622 57 75 the
1438 2622 84 75 bone
1537 2622 27 75 is
1582 2622 109 75 almoft
1707 2622 136 75 covered
1858 2622 79 75 with
1953 2622 59 75 red
2027 2622 119 75 points.

1269 2670 76 75 The
1361 2670 90 75 great
1474 2670 171 75 fenfibility
1669 2670 39 75 of
1728 2670 54 75 the
1805 2670 187 75 periofteum
2016 2670 32 75 in
2073 2670 55 75 the
2151 2670 97 75 deep-

1224 2715 106 75 feated
1345 2715 116 75 Ipecies
1491 2715 40 75 of
1549 2715 204 75 paronychia,
1777 2715 33 75 in
1834 2715 171 75 exoftofes,
2029 2715 88 75 nodi,
2143 2715 105 75 tophi,

1225 2761 61 75 and
1309 2761 173 75 gummata,
1514 2761 84 75 from
1623 2761 18 75 a
1667 2761 68 75 lues
1759 2761 146 75 venerea,
1931 2761 37 75 or
1992 2761 169 75 whenever
2184 2761 64 75 this

1221 2809 181 75 membrane
1428 2809 27 75 is
1483 2809 32 75 in
1542 2809 39 75 an
1608 2809 148 75 inflamed
1779 2809 90 75 ftate,
1893 2809 27 75 is
1945 2809 19 75 a
1984 2809 155 75 fufficient
2154 2809 100 75 proof

1222 2853 71 75 that
1316 2853 26 75 it
1363 2853 26 75 is
1413 2853 74 75 well
1511 2853 153 75 provided
1685 2853 78 75 with
1786 2853 134 75 nerves;
1945 2853 125 75 though
2094 2853 77 75 they
2193 2853 54 75 are

1220 2902 132 75 perhaps
1370 2902 55 75 too
1441 2902 90 75 fmall
1548 2902 35 75 to
1598 2902 40 75 be
1654 2902 122 75 traced.

1265 2948 76 75 The
1358 2948 90 75 chief
1465 2948 68 75 ufes
1551 2948 40 75 of
1609 2948 55 75 the
1684 2948 188 75 periofteum
1897 2948 70 75 are:
2015 2948 30 75 1.
2070 2948 57 75 To
2151 2948 96 75 allow

1218 2994 54 75 the
1289 2994 145 75 mufcles,
1451 2994 92 75 when
1555 2994 77 75 they
1648 2994 142 75 contraft
1800 2994 39 75 or
1856 2994 52 75 are
1920 2994 170 75 ftretched,
2106 2994 35 75 to
2153 2994 94 75 move

1718 3044 30 75 O
1774 3044 20 75 o

2186 3044 63 75 and
