2396 3377
525 160 243 75 ANA

1099 160 18 75 (
1181 160 15 75 i

155 229 337 75 ANALOGICAL,
516 229 33 75 in
566 229 19 75 a
601 229 128 75 general
744 229 98 75 fenfe,
859 229 132 75 denotes
1007 229 179 75 fomething

203 277 170 75 belonging
389 277 47 75 to,
449 277 38 75 or
503 277 167 75 partaking
687 277 40 75 of
738 277 56 75 the
810 277 112 75 nature
938 277 39 75 of
989 277 197 75 analogy.—

204 323 123 75 Hence,

156 371 260 75 Analogical
453 371 176 75 fyllogyfm,
662 371 26 75 is
721 371 61 75 one
813 371 108 75 whofe
951 371 89 75 force
1073 371 115 75 chiefly

205 416 139 75 depends
361 416 42 75 on
420 416 54 75 the
490 416 137 75 analogy
641 416 143 75 between
804 416 56 75 the
875 416 67 75 two
958 416 170 75 premifles.

157 465 308 75 ANALOGISM,
490 465 115 75 among
620 465 167 75 logicians,
811 465 55 75 the
884 465 133 75 arguing
1032 465 85 75 from
1132 465 58 75 the

205 508 90 75 caufe
313 508 36 75 to
365 508 55 75 the
432 508 106 75 effect.

158 557 301 75 ANALGISTA,
477 557 115 75 among
609 557 153 75 civilians,
782 557 132 75 denotes
933 557 18 75 a
966 557 89 75 tutor
1071 557 75 75 who
1161 557 27 75 is

204 602 57 75 not
277 602 129 75 obliged
420 602 37 75 to
473 602 72 75 give
561 602 40 75 an
619 602 135 75 account
771 602 40 75 of
823 602 50 75 his
890 602 149 75 conduct.

157 650 253 75 ANALOGY,
427 650 34 75 in
477 650 131 75 matters
626 650 39 75 of
675 650 179 75 literature,
872 650 20 75 a
907 650 120 75 certain
1052 650 136 75 relation

204 696 64 75 and
286 696 181 75 agreement
483 696 143 75 between
641 696 67 75 two
727 696 38 75 or
780 696 90 75 more
886 696 121 75 things,
1034 696 105 75 which
1155 696 33 75 in

204 742 93 75 other
313 742 133 75 refpefts
463 742 53 75 are
532 742 137 75 entirely
684 742 161 75 different.

237 789 124 75 .There
385 789 27 75 is
428 789 140 75 likewife
591 789 39 75 an
657 789 138 75 analogy
811 789 142 75 between
977 789 111 75 beings
1115 789 73 75 that

205 836 79 75 have
304 836 85 75 fome
405 836 193 75 conformity
614 836 37 75 or
668 836 211 75 refemblance
896 836 35 75 to
947 836 61 75 one
1030 836 156 75 another;

204 883 53 75 for
281 883 159 75 example,
476 883 146 75 between
650 883 131 75 animals
810 883 64 75 and
891 883 103 75 plants
1009 883 10 75 ;
1046 883 57 75 but
1130 883 57 75 the

203 929 137 75 analogy
356 929 26 75 is
398 929 61 75 ftill
483 929 143 75 ftronger
645 929 144 75 between
816 929 67 75 two
905 929 151 75 different
1071 929 118 75 fpecies

203 976 40 75 of
260 976 121 75 certain
397 976 145 75 animals.

250 1023 152 75 Analogy
424 1023 105 75 enters
557 1023 95 75 much
677 1023 69 75 into
773 1023 42 75 all
843 1023 59 75 our
921 1023 176 75 reafoning,
1126 1023 63 75 and

203 1071 103 75 ferves
330 1071 36 75 to
386 1071 130 75 explain
533 1071 62 75 and
610 1071 165 75 illuflrate.
824 1071 33 75 A
874 1071 90 75 great
980 1071 71 75 part
1067 1071 41 75 of
1130 1071 59 75 our

202 1118 191 75 philofophy
407 1118 59 75 has
489 1118 42 75 no
547 1118 96 75 other
659 1118 187 75 foundation
864 1118 77 75 than
958 1118 146 75 analogy,
1133 1118 56 75 the

201 1163 110 75 utility
327 1163 41 75 of
388 1163 107 75 which
511 1163 123 75 confifts
659 1163 33 75 in
712 1163 201 75 foperfeding
929 1163 43 75 all
990 1163 147 75 rieceffity
1152 1163 41 75 of

200 1210 185 75 examining
412 1210 154 75 minutely
579 1210 97 75 every
692 1210 173 75 particular
881 1210 106 75 body;
1014 1210 52 75 for
1082 1210 25 75 it
1122 1210 65 75 fuf-

200 1257 75 75 fices
292 1257 37 75 us
346 1257 35 75 to
396 1257 96 75 know
508 1257 71 75 that
594 1257 98 75 every
707 1257 91 75 thing
813 1257 27 75 is
857 1257 159 75 governed
1032 1257 44 75 by
1092 1257 95 75 gene-

200 1303 48 75 ral
265 1303 63 75 and
342 1303 187 75 immutable
548 1303 92 75 laws,
664 1303 33 75 in
711 1303 97 75 order
826 1303 36 75 to
879 1303 141 75 regulate
1035 1303 60 75 our
1111 1303 76 75 con-

201 1350 75 75 du£t
291 1350 79 75 with
386 1350 116 75 regard
523 1350 36 75 to
575 1350 41 75 all
634 1350 116 75 fimilar
766 1350 124 75 bodies,
914 1350 33 75 as
963 1350 49 75 we
1029 1350 73 75 may
1117 1350 70 75 rea-

200 1397 133 75 fonably
348 1397 123 75 believe
497 1397 72 75 that
596 1397 78 75 they
690 1397 53 75 are
771 1397 43 75 all
842 1397 156 75 endowed
1025 1397 80 75 with
1132 1397 56 75 the

200 1445 85 75 fame
300 1445 197 75 properties:
523 1445 109 75 Thus,
649 1445 49 75 we
715 1445 95 75 never
826 1445 102 75 doubt
943 1445 72 75 that
1030 1445 55 75 the
1108 1445 81 75 fruit

202 1490 42 75 of
254 1490 55 75 the
324 1490 85 75 fame
424 1490 68 75 tree
508 1490 57 75 has
582 1490 55 75 the
654 1490 83 75 fame
756 1490 91 75 taftc.

154 1538 207 75 Analogy,
380 1538 116 75 among
512 1538 256 75 geometricians,
785 1538 132 75 denotes
935 1538 19 75 a
969 1538 168 75 fonilitude
1153 1538 41 75 of

202 1585 112 75 ratios.
364 1585 62 75 See
442 1585 151 75 Ratio.

154 1631 207 75 Analogy,
380 1631 31 75 in
435 1631 166 75 medicine,
623 1631 55 75 the
695 1631 212 75 refemblance
924 1631 183 75 obfervable
1131 1631 57 75 be-

201 1677 104 75 tween
336 1677 150 75 different
517 1677 147 75 difeafes,
696 1677 106 75 which
835 1677 154 75 indicates
1023 1677 19 75 a
1072 1677 118 75 fimilar

201 1722 183 75 treatment.

154 1770 206 75 Analogy,
385 1770 115 75 among
517 1770 239 75 grammarians,
782 1770 26 75 is
836 1770 56 75 the
920 1770 269 75 correfpondence

201 1816 106 75 which
324 1816 19 75 a
364 1816 92 75 word
471 1816 38 75 or
533 1816 111 75 phrafe
660 1816 92 75 bears
768 1816 36 75 to
826 1816 56 75 the
910 1816 110 75 genius
1049 1816 63 75 and
1138 1816 49 75 re-

201 1863 112 75 ceived
326 1863 102 75 forms
444 1863 40 75 of
495 1863 63 75 any
572 1863 169 75 language.

153 1910 197 75 Analogy
369 1910 42 75 of
423 1910 155 75 doClrine,
605 1910 115 75 among
745 1910 119 75 critics,
889 1910 25 75 is
932 1910 56 75 the
1004 1910 183 75 explaining

201 1957 55 75 the
272 1957 124 75 paffage
411 1957 41 75 of
462 1957 40 75 an
519 1957 127 75 author,
672 1957 32 75 in
729 1957 18 75 a
762 1957 129 75 manner
918 1957 163 75 confiftent
1108 1957 79 75 with

200 2003 56 75 the
272 2003 112 75 fyflem
400 2003 107 75 which
532 2003 42 75 he
598 2003 28 75 is
653 2003 117 75 known
787 2003 35 75 to
841 2003 81 75 have
945 2003 163 75 generally
1123 2003 62 75 fob

202 2049 117 75 lowed.

153 2096 207 75 Analogy,
377 2096 32 75 in
426 2096 153 75 rhetoric,
596 2096 19 75 a
631 2096 99 75 figure
748 2096 39 75 of
798 2096 126 75 fpeech,
938 2096 168 75 otherwife
1122 2096 63 75 cal-

202 2141 54 75 led
271 2141 208 75 comparifon.
530 2141 62 75 See
609 2141 275 75 Comparison.

153 2189 252 75 ANALYSIS,
442 2189 32 75 in
499 2189 18 75 a
541 2189 128 75 general
690 2189 98 75 fenfe,
816 2189 27 75 is
868 2189 56 75 the
952 2189 171 75 refolution
1151 2189 39 75 of

199 2234 179 75 fomething
408 2234 234 75 compounded,
686 2234 69 75 into
786 2234 41 75 its
864 2234 191 75 conflituent
1084 2234 100 75 parts.

200 2282 126 75 Hence,

153 2328 212 75 Analysis,
390 2328 116 75 among
521 2328 166 75 logicians,
717 2328 26 75 is
760 2328 57 75 the
833 2328 157 75 refolving
1013 2328 41 75 of
1074 2328 111 75 know-

199 2375 93 75 ledge
308 2375 69 75 into
393 2375 135 75 original
544 2375 182 75 principles,
756 2375 44 75 by
816 2375 125 75 tracing
968 2375 107 75 things
1088 2375 97 75 back-

199 2421 89 75 ward
304 2421 35 75 to
355 2421 84 75 their
455 2421 119 75 caufes.

153 2467 211 75 Analysis,
390 2467 115 75 among
520 2467 286 75 mathematicians,
835 2467 56 75 the
908 2467 49 75 art
976 2467 41 75 of
1043 2467 143 75 difeove-

200 2513 71 75 ring
287 2513 55 75 the
358 2513 91 75 truth
466 2513 37 75 or
519 2513 165 75 falfehood
700 2513 41 75 of
752 2513 18 75 a
787 2513 204 75 propofition,
1004 2513 36 75 or
1057 2513 41 75 its
1115 2513 70 75 pof-

199 2559 116 75 fibility
326 2559 38 75 or
379 2559 225 75 impoflibility.
652 2559 86 75 This
755 2559 27 75 is
799 2559 83 75 done
898 2559 43 75 by
952 2559 166 75 fuppofing
1129 2559 56 75 the

199 2606 205 75 propofition,
428 2606 74 75 fuch
529 2606 33 75 as
586 2606 25 75 it
629 2606 40 75 is,
699 2606 71 75 true
784 2606 10 75 ;
822 2606 63 75 and
900 2606 181 75 examining
1098 2606 88 75 what

199 2653 127 75 follows
343 2653 92 75 from,
451 2653 127 75 thence,
603 2653 80 75 until
708 2653 49 75 we
782 2653 103 75 arrive
906 2653 33 75 at
955 2653 84 75 fome
1057 2653 127 75 evident

200 2700 104 75 truth,
329 2700 37 75 or
382 2700 85 75 fome
496 2700 225 75 impoffibility,
746 2700 41 75 of
805 2700 104 75 which
938 2700 55 75 the
1025 2700 63 75 firft
1111 2700 73 75 pro-

198 2746 133 75 pofition
347 2746 26 75 is
399 2746 20 75 a
441 2746 159 75 neceffary
616 2746 235 75 confequence;
878 2746 63 75 and
962 2746 84 75 from
1069 2746 115 75 thence

200 2791 141 75 eftablifh
358 2791 55 75 the
429 2791 90 75 truth
536 2791 37 75 or
588 2791 212 75 impoffibility
817 2791 39 75 of
867 2791 71 75 that
954 2791 204 75 propofition.

153 2838 215 75 Analysis,
393 2838 32 75 in
453 2838 180 75 chemiftry,
657 2838 56 75 the
730 2838 152 75 reducing
897 2838 41 75 of
958 2838 38 75 an
1012 2838 168 75 heteroge-

200 2884 98 75 neous
315 2884 37 75 or
378 2884 86 75 mixt
489 2884 99 75 body,
617 2884 68 75 into
712 2884 41 75 its
778 2884 136 75 original
942 2884 170 75 principles
1144 2884 38 75 or

197 2930 192 75 component
404 2930 101 75 parts.
554 2930 62 75 See
632 2930 251 75 Chemistry.

153 2977 209 75 Analysis,
387 2977 26 75 is
442 2977 65 75 alfo
522 2977 77 75 ufed
625 2977 35 75 to
683 2977 114 75 fignify
827 2977 56 75 the
907 2977 191 75 anatomical
1117 2977 62 75 dif-

196 3024 114 75 fedion
326 3024 39 75 of
375 3024 40 75 an
431 3024 127 75 animal.
609 3024 60 75 See
680 3024 215 75 Anatomy.

1222 160 19 75 (.
1241 160 16 75 2
1316 160 20 75 )

1683 160 241 75 ANA

1236 228 212 75 Analysis,
1477 228 115 75 among
1617 228 239 75 grammarians,
1879 228 27 75 is
1930 228 56 75 the
2013 228 184 75 explaining
2212 228 57 75 the

1285 275 199 75 etymology,
1525 275 221 75 conflrudion,
1788 275 62 75 and
1888 275 95 75 other
2019 275 176 75 properties
2232 275 42 75 of

1285 321 119 75 words.

1238 368 172 75 Anlysis
1428 368 43 75 of
1473 368 139 75 powers,
1637 368 27 75 is
1681 368 56 75 the
1763 368 166 75 operation
1949 368 40 75 of
2007 368 158 75 refolving
2179 368 90 75 them

1286 414 69 75 into
1385 414 86 75 their
1502 414 102 75 roots,
1638 414 170 75 otherwife
1838 414 103 75 called
1972 414 177 75 evolution.
2207 414 61 75 See

1287 463 200 75 Algebra,
1504 463 64 75 and
1583 463 279 75 Arithmetic.

1240 509 211 75 Analysis,
1480 509 25 75 is
1523 509 64 75 alfo
1605 509 77 75 ufed
1697 509 51 75 for
1764 509 19 75 a
1797 509 96 75 brief,
1926 509 57 75 but
2007 509 194 75 methodical
2229 509 39 75 il-

1286 555 164 75 lullration
1464 555 40 75 of
1515 555 55 75 the
1586 555 169 75 principles
1772 555 40 75 of
1819 555 16 75 a
1848 555 141 75 fcience;
2015 555 32 75 in
2063 555 108 75 which
2182 555 87 75 fenfe

1286 600 25 75 it
1328 600 26 75 is
1372 600 109 75 nearly
1496 600 212 75 fynonymous
1737 600 79 75 with
1834 600 87 75 what
1945 600 48 75 we
2017 600 168 75 otherwife
2206 600 63 75 call

1287 647 18 75 a
1316 647 152 75 fynopfis.

1239 696 207 75 Analysis,
1470 696 140 75 likewife
1637 696 185 75 denotes-a
1851 696 86 75 table
1967 696 43 75 of
2035 696 55 75 the
2116 696 154 75 principal

1287 742 98 75 heads
1397 742 46 75 of
1452 742 20 75 a
1488 742 172 75 continued
1675 742 168 75 difeourfe,
1860 742 146 75 difpofed
2021 742 33 75 in
2070 742 85 75 their
2177 742 91 75 natu-

1287 788 45 75 ral
1353 788 107 75 order.

1239 836 165 75 ANALY
1411 836 70 75 ST,
1507 836 19 75 a
1551 836 111 75 perfon
1679 836 74 75 who
1768 836 109 75 makes
1893 836 55 75 ufe
1964 836 41 75 of
2023 836 56 75 the
2101 836 170 75 analytical

1287 882 132 75 method
1435 882 40 75 of
1493 882 157 75 refolving
1666 882 172 75 problems.

1240 931 266 75 ANALYTIC,
1523 931 38 75 or
1578 931 277 75 Analytical,
1872 931 32 75 in
1921 931 19 75 a
1955 931 129 75 general
2099 931 97 75 fenfe,
2213 931 56 75 de-

1288 976 90 75 notes
1394 976 178 75 fomething
1587 976 172 75 belonging
1775 976 35 75 to
1825 976 56 75 the
1897 976 144 75 analyfis.
2091 976 61 75 See
2171 976 99 75 Ana-

1290 1023 123 75 lysis.
1462 1023 32 75 It
1510 1023 25 75 is
1553 1023 88 75 more
1664 1023 207 75 particularly
1887 1023 76 75 ufed
1989 1023 51 75 for
2067 1023 56 75 the
2147 1023 122 75 mathe-

1289 1070 125 75 matical
1432 1070 61 75 and
1508 1070 117 75 logical
1642 1070 144 75 analyfis,
1803 1070 101 75 above
1921 1070 182 75 explained.

1240 1118 364 75 ANAMNESTICS,
1630 1118 115 75 among
1768 1118 186 75 phyficians,
1980 1118 81 75 figns
2094 1118 38 75 or
2164 1118 104 75 fymp-

1286 1163 84 75 toms
1388 1163 86 75 from
1488 1163 106 75 which
1611 1163 56 75 the
1690 1163 126 75 prefent
1832 1163 78 75 ftate
1925 1163 41 75 of
1983 1163 55 75 the
2061 1163 88 75 body
2164 1163 27 75 is
2207 1163 62 75 dif-

1288 1210 148 75 covered.

1240 1257 396 75 ANAMORPHOSIS,
1672 1257 33 75 in
1735 1257 201 75 perfpedive,
1971 1257 62 75 and
2063 1257 155 75 painting,
2253 1257 19 75 a

1286 1305 174 75 monflrous
1478 1305 186 75 projedion,
1677 1305 38 75 or
1730 1305 247 75 reprefentation
1993 1305 41 75 of
2045 1305 38 75 an
2101 1305 114 75 image,
2229 1305 45 75 on

1288 1350 18 75 a
1322 1350 92 75 plane
1430 1350 38 75 or
1484 1350 96 75 curve
1595 1350 135 75 furface,
1754 1350 119 75 which,
1898 1350 116 75 beheld
2045 1350 34 75 at
2110 1350 19 75 a
2155 1350 116 75 proper

1287 1396 148 75 difiance,
1453 1396 77 75 lhall
1548 1396 114 75 appear
1680 1396 138 75 regular,
1837 1396 61 75 and
1909 1396 32 75 in
1958 1396 200 75 proportion.
2209 1396 63 75 See

1287 1443 282 75 Perspective.

1240 1491 213 75 ANANAS,
1479 1491 32 75 fn
1527 1491 132 75 botany,
1686 1491 54 75 the
1756 1491 108 75 trivial
1880 1491 90 75 name
1986 1491 41 75 of
2047 1491 18 75 a
2091 1491 116 75 fpecies
2235 1491 41 75 of

1287 1537 165 75 bromelia.
1501 1537 300 75 SeeBROMELiA.

1239 1584 283 75 ANANCITIS,
1547 1584 31 75 in
1607 1584 173 75 antiquity,
1806 1584 18 75 a
1851 1584 79 75 kind
1956 1584 42 75 of
2018 1584 124 75 figured
2169 1584 99 75 ftone,

1289 1630 167 75 otherwife
1472 1630 104 75 called
1594 1630 188 75 Jynocbitii,
1812 1630 181 75 celebrated
2008 1630 51 75 for
2077 1630 39 75 its
2134 1630 135 75 magical

1288 1675 101 75 virtue
1406 1675 55 75 of-'
1461 1675 110 75 raifing
1587 1675 55 75 the
1658 1675 143 75 fhadows
1818 1675 40 75 of
1869 1675 56 75 the
1940 1675 135 75 infernal
2092 1675 94 75 gods.

1240 1723 449 75 ANANTHOCYCLUS,
1706 1723 32 75 in
1760 1723 134 75 botany.
1945 1723 61 75 See
2023 1723 207 75 Colutea.

1239 1769 239 75 ANAPEST,
1503 1769 32 75 in
1553 1769 125 75 ancient
1695 1769 126 75 poetry,
1846 1769 18 75 a
1879 1769 71 75 foot
1966 1769 164 75 confiding
2145 1769 41 75 of
2204 1769 66 75 two

1288 1815 85 75 foort
1395 1815 160 75 fyllables,
1576 1815 67 75 and
1659 1815 60 75 one
1744 1815 95 75 long:
1868 1815 85 75 Such
1971 1815 27 75 is
2013 1815 56 75 the
2085 1815 91 75 word
2198 1815 71 75 fco-

1286 1862 110 75 piifos.
1445 1862 33 75 It
1509 1862 26 75 is
1564 1862 64 75 juft
1659 1862 57 75 the
1740 1862 123 75 reverfe
1887 1862 41 75 of
1952 1862 55 75 the
2038 1862 120 75 dadyl.
2208 1862 62 75 See

1288 1908 182 75 Dactyl.

1239 1953 289 75 ANAPALSTIC
1546 1953 116 75 verfes,
1692 1953 91 75 thofe
1799 1953 163 75 confifting
1978 1953 121 75 wholly
2114 1953 37 75 or
2168 1953 100 75 chief-

1286 2000 33 75 ly
1335 2000 39 75 of
1385 2000 161 75 anapaefts.

1238 2047 202 75 ANAPES,
1467 2047 18 75 a
1500 2047 88 75 town
1613 2047 30 75 in
1669 2047 168 75 Flanders,
1861 2047 136 75 fituated
2011 2047 84 75 upon
2112 2047 57 75 the
2185 2047 84 75 river

1285 2093 154 75 Marque,
1456 2093 178 75 fomething
1650 2093 89 75 more
1750 2093 77 75 than
1844 2093 19 75 a
1877 2093 141 75 league’s
2034 2093 137 75 diftance
2182 2093 87 75 from

1285 2140 98 75 Lifle.

1238 2187 281 75 ANAPHORA,
1545 2187 32 75 in
1598 2187 152 75 rhetoric,
1774 2187 56 75 the
1857 2187 170 75 repetitfon
2049 2187 41 75 of
2107 2187 55 75 the
2183 2187 85 75 fame

1285 2233 91 75 word
1392 2233 35 75 or
1440 2233 106 75 words
1562 2233 34 75 in
1608 2233 54 75 the
1674 2233 170 75 beginning
1851 2233 40 75 of
1902 2233 19 75 a
1932 2233 158 75 fentence,
2107 2233 38 75 or
2156 2233 86 75 verfe
2254 2233 10 75 :

1282 2281 96 75 Thus
1394 2281 119 75 Virgil,

1334 2349 75 75 Pan
1425 2349 101 75 etiam
1542 2349 148 75 Arcadia
1713 2349 121 75 mecum
1847 2349 40 75 fe
1897 2349 114 75 judice
2034 2349 115 75 certet.

1333 2397 76 75 Pan
1425 2397 100 75 etiam
1542 2397 147 75 Arcadia
1709 2397 89 75 dicat
1804 2397 41 75 fe
1851 2397 116 75 judice
1981 2397 133 75 viclum.

1238 2467 229 75 Anaphora,
1496 2467 115 75 among
1639 2467 189 75 phyficians,
1852 2467 56 75 the
1923 2467 160 75 throwing
2100 2467 52 75 off
2169 2467 95 75 puru-

1285 2512 67 75 lent
1375 2512 117 75 matter
1506 2512 44 75 by
1565 2512 56 75 the
1637 2512 125 75 mouth.

1237 2559 383 75 ANAPHRODISIA,
1652 2559 133 75 fignifies
1817 2559 189 75 impotence,
2041 2559 37 75 or
2113 2559 86 75 want
2230 2559 41 75 of

1285 2605 107 75 power
1407 2605 36 75 to
1458 2605 178 75 procreate.

1236 2653 283 75 ANAPLASIS,
1543 2653 132 75 fignifies
1692 2653 55 75 the
1763 2653 162 75 replacing
1948 2653 38 75 or
2000 2653 117 75 fetting
2133 2653 18 75 a
2178 2653 84 75 frac-

1283 2698 95 75 tured
1392 2698 95 75 bone.

1236 2745 349 75 ANAPLEROSIS,
1599 2745 114 75 among
1729 2745 186 75 phyficians.
1958 2745 62 75 See
2035 2745 226 75 Plethora.

1235 2792 389 75 ANAPLEROTICS,
1643 2792 169 75 medicines
1824 2792 70 75 that
1907 2792 145 75 promote
2063 2792 56 75 the
2135 2792 127 75 growth

1282 2838 36 75 or
1334 2838 200 75 granulation
1552 2838 40 75 of
1602 2838 55 75 the
1674 2838 87 75 flefh,
1778 2838 32 75 in
1826 2838 146 75 wounds,
1991 2838 115 75 ulcers,
2125 2838 64 75 &c.

1234 2884 490 75 ANAPODOPHYLLUM,
1741 2884 32 75 in
1785 2884 133 75 botany.
1953 2884 61 75 See
2030 2884 230 75 Podophyl-

1281 2930 94 75 lum.

1231 2978 247 75 ANAPULA,
1504 2978 18 75 a
1538 2978 148 75 province
1710 2978 41 75 of
1773 2978 187 75 Venezuela
1980 2978 33 75 in
2039 2978 104 75 South
2159 2978 100 75 Ame-
