2517 3387
201 202 83 75 <$34

842 202 36 75 B
997 202 41 75 O
1152 202 40 75 T

244 259 179 75 Caleficiuk
438 259 179 75 officinalis,
633 259 39 75 or
689 259 119 75 garden
825 259 180 75 marygold.
1046 259 77 75 The
1138 259 93 75 dried

202 306 232 75 flower-leaves
452 306 53 75 are
521 306 180 75 fometimes
718 306 75 75 ufed
806 306 32 75 as
857 306 17 75 a
893 306 117 75 yellow
1020 306 82 75 dye:
1129 306 105 75 Their

200 353 164 75 expreffed
378 353 98 75 juice,
494 353 109 75 boiled
616 353 78 75 with
709 353 99 75 alum,
826 353 109 75 makes
946 353 38 75 an
996 353 159 75 excellent
1165 353 69 75 yel-

201 400 63 75 low
281 400 101 75 paint.

620 465 210 75 RED.

249 540 108 75 Rubia
372 540 184 75 tin&orum,
581 540 39 75 or
648 540 145 75 madder,
819 540 105 75 grows
952 540 34 75 in
1003 540 55 75 the
1085 540 150 75 fouthern

201 587 87 75 parts
300 587 40 75 of
351 587 142 75 Europe.
542 587 76 75 The
635 587 90 75 roots
742 587 53 75 are
811 587 95 75 much
923 587 77 75 ufed
1015 587 42 75 by
1074 587 95 75 dyers
1184 587 52 75 for

202 633 108 75 giving
328 633 18 75 a
362 633 56 75 red
435 633 111 75 colour
562 633 35 75 to
614 633 101 75 cloth.

251 681 145 75 Gallium
421 681 140 75 boreale,
594 681 37 75 or
654 681 169 75 crofswort
840 681 156 75 madder;
1030 681 129 75 gallium
1181 681 53 75 ve-

203 728 82 75 rum,
311 728 118 75 yellow
453 728 100 75 ladies
577 728 182 75 bed-ftraw,
785 728 37 75 or
847 728 250 75 cheefe-rening.
1147 728 88 75 Both

203 773 87 75 thefe
314 773 105 75 plants
436 773 89 75 grow
550 773 181 75 plentifully
756 773 32 75 in
812 773 58 75 our
892 773 71 75 own
988 773 159 75 country,
1175 773 61 75 and

202 820 86 75 their
300 820 87 75 roots
405 820 52 75 are
475 820 76 75 ufed
568 820 57 75 for.
635 820 99 75 dying
751 820 88 75 cloth
856 820 70 75 red.

252 867 261 75 Lithofpermum
536 867 195 75 tin&orium,
767 867 105 75 grows
901 867 31 75 in
960 867 135 75 France.
1158 867 80 75 The

203 913 73 75 root
292 913 87 75 gives
396 913 18 75 a
431 913 57 75 red
503 913 125 75 colour,
652 913 58 75 but
725 913 27 75 it
768 913 26 75 is
811 913 57 75 not
884 913 94 75 eaflly
995 913 98 75 fixed.

251 959 132 75 Rumex
398 959 137 75 acetofa,
560 959 38 75 or
614 959 147 75 common
777 959 111 75 forrel,
913 959 105 75 grows
1032 959 31 75 in
1077 959 160 75 meadows

204 1006 63 75 and
290 1006 289 75 pafture-grounds.
628 1006 78 75 The
723 1006 73 75 root
820 1006 27 75 is
872 1006 74 75 ufed
963 1006 42 75 by
1022 1006 216 75 apothecaries

203 1054 53 75 for
272 1054 124 75 tinging
418 1054 194 75 decoftions,
637 1054 65 75 «5>c.
729 1054 76 75 with
825 1054 18 75 a
859 1054 57 75 red
932 1054 131 75 colour;
1090 1054 58 75 but
1170 1054 25 75 it
1211 1054 27 75 is

202 1100 59 75 not
277 1100 76 75 ufed
371 1100 44 75 by
429 1100 108 75 dyers.

252 1147 176 75 Ctefalpina
455 1147 205 75 Brafilienfis,
683 1147 39 75 or
744 1147 101 75 Brafil
862 1147 108 75 wood,
997 1147 26 75 is
1049 1147 18 75 a
1083 1147 104 75 native
1203 1147 40 75 of

204 1194 57 75 the
280 1194 76 75 Eaft
373 1194 119 75 Indies,
541 1194 78 75 The
643 1194 95 75 wood
761 1194 27 75 is
809 1194 182 75 commonly
1015 1194 76 75 ufed
1115 1194 44 75 by
1183 1194 55 75 the

204 1240 96 75 dyers
318 1240 50 75 for
378 1240 115 75 .giving
509 1240 18 75 a
546 1240 54 75 red
618 1240 130 75 colour,.
766 1240 5 75 .

253 1287 152 75 Calamus
422 1287 128 75 rotang,
574 1287 37 75 or
626 1287 151 75 dragon’s
802 1287 110 75 blood,
937 1287 27 75 is
989 1287 39 75 an
1052 1287 186 75 Eaft-.India

204 1333 90 75 fruit.
344 1333 77 75 The
437 1333 177 75 infpifihted
637 1333 87 75 juice
747 1333 29 75 is
799 1333 187 75 principally
1003 1333 75 75 ufed
1095 1333 43 75 by
1161 1333 76 75 apo-

204 1379 158 75 thecaries
379 1379 52 75 for
446 1379 107 75 giving
570 1379 18 75 a
600 1379 55 75 red
672 1379 87 75 tinge
777 1379 34 75 to
827 1379 84 75 their
927 1379 182 75 medicines.

254 1426 86 75 Bixa
355 1426 152 75 Orellana,
533 1426 105 75 grows
659 1426 32 75 in
715 1426 79 75 both
812 1426 53 75 the
882 1426 119 75 Indies.
1049 1426 76 75 The
1150 1426 86 75 feeds

206 1473 40 75 of
264 1473 63 75 this
345 1473 68 75 tree
430 1473 53 75 are
500 1473 93 75 much
610 1473 76 75 ufed
702 1473 34 75 as
754 1473 17 75 a
788 1473 57 75 red
861 1473 75 75 dye,
960 1473 63 75 and
1045 1473 55 75 the
1116 1473 123 75 natives

206 1521 41 75 of
256 1521 154 75 America
426 1521 87 75 paint
528 1521 88 75 their,
629 1521 110 75 bodies
756 1521 79 75 with
847 1521 100 75 them.

501 1623 437 75 PURPLE.

254 1704 186 75 Caefalpinia
454 1704 158 75 veficaria.
659 1704 78 75 The
752 1704 96 75 wood
872 1704 40 75 of
930 1704 65 75 this
1019 1704 69 75 tree
1111 1704 87 75 gives
1220 1704 19 75 a

206 1750 112 75 purple
333 1750 75 75 dye.
456 1750 77 75 The
549 1750 177 75 eaefalpinia
741 1750 115 75 fappan
872 1750 27 75 is
918 1750 76 75 ufed
1016 1750 52 75 for
1083 1750 56 75 the
1155 1750 83 75 fame

206 1798 147 75 purpofe.
401 1798 78 75 The
503 1798 122 75 lignum
653 1798 146 75 rubrum,
823 1798 38 75 or
888 1798 219 75 Fernambuca
1131 1798 106 75 wood,

207 1844 88 75 gives
311 1844 138 75 likewife
467 1844 18 75 a
501 1844 125 75 reddiffi
642 1844 111 75 purple
771 1844 73 75 dye.

256 1891 177 75 Origanum
450 1891 144 75 vulgare,
611 1891 37 75 or
661 1891 75 75 wild
749 1891 185 75 marjoram,
952 1891 105 75 grows
1069 1891 33 75 in
1114 1891 123 75 woods,

206 1938 67 75 .he.
322 1938 77 75 The
421 1938 73 75 tops
518 1938 39 75 of
577 1938 64 75 this
665 1938 89 75 plant
778 1938 53 75 are
853 1938 77 75 ufed
957 1938 51 75 for
1030 1938 109 75 dying,
1151 1938 89 75 cloth

208 1984 125 75 purple.

256 2031 194 75 Carthamus
466 2031 178 75 tindorius,
668 2031 28 75 is
714 2031 38 75 an
769 2031 113 75 annual
898 2031 102 75 plant,
1025 2031 63 75 and
1101 2031 20 75 a
1136 2031 105 75 native

210 2078 39 75 of
267 2078 124 75 Egypt.
440 2078 76 75 The
540 2078 128 75 corolla;
692 2078 41 75 of
752 2078 63 75 this
841 2078 91 75 plant
952 2078 72 75 give
1048 2078 19 75 a
1082 2078 79 75 fiery
1185 2078 57 75 red

211 2124 109 75 colour
344 2124 35 75 to
395 2124 110 75 cloth;
532 2124 58 75 but
613 2124 78 75 they
708 2124 54 75 are
776 2124 188 75 principally
980 2124 76 75 ufed
1070 2124 53 75 for
1144 2124 100 75 dying

211 2171 84 75 filks.

581 2238 284 75 BLUE.

256 2311 96 75 Ifatis
372 2311 160 75 tindoria,
556 2311 37 75 or
615 2311 103 75 woad.
768 2311 85 75 This
877 2311 86 75 plant
985 2311 105 75 grows
1112 2311 80 75 wild
1211 2311 32 75 in

214 2357 197 75 corn-fields,
434 2357 62 75 and
513 2357 87 75 gives
617 2357 19 75 a
651 2357 73 75 blue
742 2357 109 75 colour
868 2357 35 75 to
920 2357 100 75 cloth.

260 2403 185 75 Indigofera
462 2403 159 75 tindoria,
646 2403 37 75 or
698 2403 120 75 indigo,
845 2403 105 75 grows
966 2403 31 75 in
1020 2403 56 75 the
1097 2403 75 75 Eafi
1189 2403 54 75 In-

214 2452 79 75 dies.
340 2452 77 75 The
434 2452 73 75 blue
523 2452 63 75 dye
602 2452 92 75 given
710 2452 36 75 to
762 2452 89 75 cloth
875 2452 42 75 by
934 2452 64 75 this
1024 2452 87 75 plant
1128 2452 27 75 is
1172 2452 70 75 pre-

213 2497 120 75 ferable
345 2497 35 75 to
396 2497 62 75 any
470 2497 270 75 otherbecaufe
757 2497 26 75 it
798 2497 28 75 is
839 2497 39 75 of
889 2497 33 75 fo
935 2497 87 75 fixed
1035 2497 61 75 and
1113 2497 131 75 durable

216 2544 18 75 %
250 2544 124 75 nature,
398 2544 71 75 that
486 2544 25 75 it
527 2544 27 75 is
570 2544 56 75 not
643 2544 135 75 afFeded
793 2544 101 75 either
911 2544 43 75 by
967 2544 74 75 acid
1053 2544 37 75 or
1109 2544 135 75 alkaline

215 2591 189 75 fubftances.

264 2638 126 75 Galega
405 2638 159 75 tindoria,
582 2638 27 75 is
626 2638 19 75 a
659 2638 163 75 perennial
832 2638 86 75 plant
930 2638 41 75 of
983 2638 137 75 Zeylon.
1159 2638 85 75 Her-

214 2684 132 75 mannus
363 2684 129 75 affirms,
518 2684 70 75 that
605 2684 55 75 the
676 2684 73 75 blue
764 2684 150 75 obtained
931 2684 84 75 from
1033 2684 63 75 this
1113 2684 89 75 plant
1218 2684 26 75 is

218 2730 76 75 even
310 2730 177 75 preferable
503 2730 36 75 to
554 2730 55 75 the
624 2730 122 75 indigo,
770 2730 153 75 although
947 2730 27 75 it
997 2730 58 75 has
1077 2730 96 75 never
1194 2730 50 75 hi-

218 2778 107 75 therto
341 2778 79 75 been
436 2778 76 75 ufed
528 2778 42 75 by
586 2778 202 75 Europeans.

1306 184 370 75 ANY.

1329 257 157 75 Fraxinus
1512 257 167 75 excelfior,
1704 257 38 75 or
1767 257 147 75 common
1937 257 150 75 alh-tree.
2137 257 76 75 The
2236 257 82 75 bark

1281 305 101 75 tinges
1399 305 99 75 water
1514 305 73 75 blue
1600 305 9 75 ;
1637 305 63 75 and
1716 305 162 75 the,inner
1887 305 82 75 bark
1980 305 25 75 is
2018 305 66 75 faid
2098 305 34 75 to
2145 305 71 75 give
2230 305 88 75 cloth

1281 353 19 75 a
1315 353 79 75 very
1410 353 87 75 good
1512 353 74 75 blue
1603 353 126 75 colour.

1583 462 434 75 VIOLET.

1330 540 250 75 Haematoxylon
1604 540 270 75 campechianum,
1905 540 38 75 or
1966 540 161 75 logwood,
2159 540 104 75 grows
2287 540 32 75 in

1284 586 53 75 the
1353 586 93 75 Weft
1463 586 119 75 Indies,
1608 586 62 75 and
1687 586 86 75 gives
1790 586 89 75 doth
1897 586 18 75 a
1931 586 98 75 violet
2055 586 122 75 colour.
2229 586 30 75 It
2277 586 40 75 is,

1283 631 162 75 however,
1471 631 115 75 chiefly
1601 631 75 75 ufed
1693 631 33 75 as
1745 631 17 75 a
1779 631 78 75 bafis
1876 631 50 75 for
1942 631 85 75 fome
2043 631 95 75 other
2153 631 139 75 colours.

1331 680 189 75 Empetruru
1534 680 137 75 nigrum,
1684 680 237 75 black-berried
1933 680 109 75 heath,
2061 680 86 75 crow
2159 680 37 75 or
2208 680 110 75 crake-

1284 724 132 75 berries,
1441 724 104 75 grows
1574 724 42 75 on
1639 724 78 75 high
1741 724 154 75 grounds.
1944 724 77 75 The
2046 724 132 75 berries,
2212 724 106 75 boiled

1285 772 77 75 with
1381 772 96 75 alum,
1503 772 53 75 are
1572 772 76 75 ufed
1665 772 33 75 as
1717 772 18 75 a
1751 772 115 75 purple-
1877 772 75 75 dye.

1615 878 193 75 GRE
1858 878 127 75 EN.

1333 956 134 75 Senecio
1487 956 154 75 jacobtea,
1666 956 38 75 or
1727 956 147 75 common
1898 956 153 75 raywort,
2076 956 104 75 grows
2205 956 32 75 in
2262 956 53 75 pa-

1285 1003 251 75 fture-grounds,
1562 1003 65 75 he.
1677 1003 76 75 The
1769 1003 105 75 whole
1890 1003 88 75 plant
1995 1003 26 75 is
2042 1003 88 75 ufed,
2155 1003 110 75 before
2290 1003 27 75 it

1285 1048 109 75 begins
1408 1048 35 75 to
1458 1048 121 75 flower,
1604 1048 52 75 for
1671 1048 99 75 dying
1787 1048 103 75 cloths
1907 1048 126 75 greeen.

1332 1097 261 75 Chserophyllum
1610 1097 160 75 fylveftre,
1795 1097 37 75 or
1851 1097 75 75 wild
1952 1097 113 75 cicely.
2112 1097 86 75 This
2214 1097 102 75 plant,

1285 1142 93 75 when
1394 1142 56 75 the
1466 1142 71 75 tops
1556 1142 52 75 are
1621 1142 93 75 taken
1727 1142 58 75 off,
1803 1142 79 75 dyes
1898 1142 88 75 cloth
2004 1142 19 75 a
2034 1142 154 75 beautiful
2207 1142 109 75 green.

1333 1189 61 75 Iris
1410 1189 193 75 germanica,
1621 1189 107 75 grows
1742 1189 31 75 in
1791 1189 55 75 the
1859 1189 147 75 fouthern
2019 1189 87 75 parts
2123 1189 40 75 of
2173 1189 143 75 Europe.

1287 1236 76 75 The
1375 1236 165 75 expreffed
1556 1236 86 75 juice
1656 1236 40 75 of
1714 1236 55 75 the
1785 1236 122 75 corolla
1921 1236 87 75 gives
2026 1236 18 75 a
2058 1236 96 75 green
2171 1236 74 75 dye.

1623 1339 362 75 BLACK.

1333 1419 149 75 Lycopus
1510 1419 177 75 europteus,
1723 1419 38 75 or
1793 1419 101 75 water
1910 1419 201 75 horehound,
2152 1419 105 75 grows
2284 1419 33 75 in

1285 1463 124 75 marflty
1430 1463 117 75 places.
1595 1463 78 75 The
1696 1463 87 75 juice
1808 1463 39 75 of
1867 1463 65 75 this
1956 1463 89 75 plant
2069 1463 86 75 gives
2181 1463 19 75 a
2222 1463 96 75 black

1285 1511 62 75 dye
1360 1511 39 75 of
1410 1511 76 75 fuch
1503 1511 19 75 a
1537 1511 88 75 fixed
1642 1511 123 75 nature,
1791 1511 71 75 that
1880 1511 26 75 it
1923 1511 115 75 cannot
2055 1511 40 75 be
2108 1511 122 75 waffied
2247 1511 68 75 out.

1333 1560 109 75 Aftaea
1457 1560 129 75 fpicata,
1611 1560 303 75 herb-chriltopher,
1939 1560 44 75 or-
1996 1560 189 75 barberries,
2211 1560 107 75 grows

1286 1605 115 75 among
1428 1605 203 75 brulhwood.
1695 1605 76 75 The
1795 1605 86 75 juice
1909 1605 40 75 of
1976 1605 56 75 the
2059 1605 131 75 berries,
2223 1605 95 75 when

1286 1655 108 75 boiled
1409 1655 79 75 with
1504 1655 98 75 alum,
1626 1655 121 75 affords
1760 1655 18 75 a
1793 1655 61 75 fine
1866 1655 94 75 black
1975 1655 68 75 ink.

1332 1699 129 75 Genipa
1476 1699 190 75 americana,
1691 1699 26 75 is
1735 1699 38 75 an
1798 1699 172 75 American
1987 1699 80 75 tree.
2114 1699 77 75 The
2207 1699 111 75 unripe

1286 1746 118 75 berries
1422 1746 86 75 tinge
1524 1746 104 75 cloths
1646 1746 77 75 with
1741 1746 18 75 a
1775 1746 79 75 deep
1871 1746 107 75 black.
2025 1746 78 75 The
2119 1746 120 75 natives
2256 1746 63 75 dye

1287 1793 84 75 their
1386 1793 113 75 mouth
1516 1793 78 75 with
1610 1793 88 75 thefe
1722 1793 133 75 berries,
1880 1793 36 75 to
1939 1793 72 75 give
2033 1793 88 75 them
2145 1793 19 75 a
2187 1793 132 75 terrible

1288 1839 102 75 afpedt
1402 1839 34 75 to
1452 1839 56 75 the
1519 1839 125 75 enemy.
1693 1839 32 75 It
1743 1839 133 75 remains
1894 1839 88 75 fixed
1993 1839 51 75 for
2061 1839 94 75 many
2170 1839 93 75 days.

1334 1889 162 75 Quercus,
1522 1889 38 75 or
1571 1889 158 75 oak-tree.
1769 1889 77 75 The
1859 1889 130 75 capfuls
2002 1889 40 75 of
2053 1889 54 75 the
2120 1889 74 75 oak,
2212 1889 41 75 on
2266 1889 54 75 ac-

1288 1932 97 75 count
1397 1932 39 75 of
1448 1932 83 75 their
1547 1932 90 75 great
1653 1932 165 75 ftipticity,
1836 1932 54 75 are
1906 1932 76 75 ufed
1998 1932 53 75 for
2062 1932 102 75 fixing
2180 1932 62 75 and
2257 1932 61 75 im-

1288 1978 133 75 proving
1432 1978 55 75 the
1499 1978 132 75 mineral
1647 1978 108 75 black.
1801 1978 99 75 They
1912 1978 53 75 are
1981 1978 78 75 ufed
2069 1978 78 75 both
2165 1978 42 75 by
2223 1978 95 75 dyers

1288 2027 62 75 and
1365 2027 149 75 curriers.

1336 2119 59 75 Th
1404 2119 10 75 i
1424 2119 15 75 s
1459 2119 86 75 ffiort
1562 2119 32 75 fit
1596 2119 72 75 etch
1686 2119 52 75 off
1740 2119 51 75 the
1804 2119 107 75 utility
1923 2119 39 75 of
1973 2119 120 75 botany
2109 2119 79 75 with
2205 2119 115 75 regard

1290 2167 34 75 to
1336 2167 105 75 Food,
1458 2167 176 75 Medicine,
1652 2167 63 75 and
1726 2167 55 75 the
1793 2167 93 75 Arts,
1902 2167 66 75 v/ill
1982 2167 39 75 be
2034 2167 153 75 fufficient
2199 2167 35 75 to
2246 2167 73 75 fug-

1290 2213 64 75 ged
1369 2213 57 75 the
1442 2213 95 75 many
1553 2213 191 75 advantages
1762 2213 70 75 that
1848 2213 72 75 may
1934 2213 38 75 be
1993 2213 154 75 expedled
2162 2213 85 75 from
2264 2213 55 75 the

1291 2259 186 75 cultivation
1494 2259 39 75 of
1551 2259 39 75 it.
1637 2259 76 75 The
1736 2259 121 75 objedts
1875 2259 165 75 prefented
2062 2259 43 75 by
2120 2259 56 75 the
2199 2259 121 75 fcience

1290 2307 54 75 are
1360 2307 139 75 curious,
1517 2307 200 75 refpedtable,
1735 2307 189 75 andufeful.
1972 2307 77 75 Tne
2061 2307 124 75 natural
2201 2307 120 75 hiftory

1290 2353 40 75 of
1349 2353 103 75 plants
1469 2353 25 75 is
1511 2353 56 75 not
1583 2353 79 75 even
1678 2353 145 75 confined
1838 2353 36 75 to
1889 2353 57 75 the
1962 2353 100 75 above
2077 2353 173 75 important
2270 2353 49 75 ar-

1292 2400 103 75 ticles.
1446 2400 31 75 It
1494 2400 26 75 is
1536 2400 117 75 ftridtly
1673 2400 171 75 connedted
1861 2400 78 75 with
1956 2400 192 75 agriculture
2164 2400 62 75 and
2248 2400 72 75 gar-

1291 2446 128 75 dening.
1466 2446 77 75 The
1557 2446 150 75 ftrudlure
1720 2446 39 75 of
1769 2446 195 75 vegetables,
1983 2446 55 75 the
2054 2446 73 75 foils
2139 2446 71 75 that
2226 2446 92 75 natu-

1290 2494 80 75 rally
1378 2494 139 75 produce
1525 2494 172 75 particular
1705 2494 107 75 kinds,
1821 2494 105 75 things
1934 2494 71 75 that
2015 2494 144 75 promote
2169 2494 35 75 or
2214 2494 107 75 retard

1292 2540 82 75 their
1391 2540 138 75 growth,
1554 2540 55 75 are
1625 2540 138 75 effential
1779 2540 87 75 parts
1883 2540 38 75 of
1940 2540 84 75 their
2048 2540 124 75 natural
2187 2540 133 75 hiftory.

1294 2586 112 75 Hence
1423 2586 18 75 a
1456 2586 108 75 fchool
1580 2586 40 75 of
1638 2586 131 75 botany,
1795 2586 166 75 efpecially
1977 2586 92 75 when
2095 2586 153 75 fufficient
2272 2586 48 75 at-

1293 2633 121 75 tention
1432 2633 27 75 is
1475 2633 74 75 paid
1564 2633 36 75 to
1615 2633 56 75 the
1694 2633 101 75 ufeful
1821 2633 70 75 part
1915 2633 40 75 of
1975 2633 54 75 the
2054 2633 131 75 fcience,
2210 2633 111 75 merits

1292 2679 55 75 the
1363 2679 124 75 higheft
1513 2679 264 75 encouragement
1802 2679 85 75 from
1910 2679 55 75 the
1990 2679 118 75 public,
2134 2679 63 75 and
2220 2679 105 75 ought

1292 2727 34 75 to
1337 2727 40 75 be
1394 2727 151 75 attended
1560 2727 43 75 by
1615 2727 145 75 farmers,
1785 2727 115 75 landed
1920 2727 191 75 gentlemen,
2136 2727 183 75 gardeners,

1293 2775 64 75 he.
1383 2775 34 75 as
1429 2775 72 75 well
1513 2775 34 75 as
1564 2775 43 75 by
1622 2775 176 75 phyficians
1815 2775 61 75 and
1893 2775 233 75 philofophers.

2116 3018 22 75 S
2162 3018 31 75 E
2217 3018 30 75 C
2270 3018 48 75 T:
