2396 3377
121 133 78 75 122

606 133 44 75 A
737 133 37 75 L
860 133 37 75 L
982 133 20 75 I
1089 133 43 75 G

117 200 64 75 and
196 200 144 75 almonds
357 200 33 75 at
407 200 20 75 6
440 200 34 75 d.
499 200 76 75 how
590 200 96 75 many
701 200 126 75 pounds
850 200 41 75 of
909 200 146 75 almonds
1072 200 85 75 were

117 246 35 75 in
168 246 55 75 the
239 246 142 75 mixture
393 246 12 75 ?

700 293 44 75 lb.
824 293 115 75 Rates,

684 340 70 75 400
849 340 22 75 6
883 340 36 75 d.
968 340 10 75 -

162 389 46 75 X.
224 389 31 75 s.
351 389 34 75 d.

733 389 137 75 44
884 389 36 75 d.

166 436 20 75 7
222 436 41 75 10
272 436 36 75 =
319 436 89 75 1800

319 481 90 75 1600

664 481 134 75 i6ood.
849 481 66 75 2d.

1056 529 39 75 L.
1116 529 28 75 s.

297 573 199 75 2)200(100
509 573 49 75 lh.
576 573 41 75 of
635 573 145 75 almonds
798 573 33 75 at
848 573 64 75 6d.
938 573 40 75 is,
1059 573 19 75 2
1110 573 42 75 10

325 621 80 75 And
430 621 67 75 300
511 621 49 75 Itr.
579 621 41 75 of
637 621 121 75 raifins,
783 621 34 75 at
834 621 22 75 4
865 621 34 75 d.
924 621 42 75 is,
1061 621 18 75 5
1129 621 24 75 o

310 715 103 75 Total
431 715 68 75 400

926 715 107 75 Proof
1066 715 18 75 7
1114 715 42 75 10

308 809 48 75 II,
405 809 259 75 Alligation
690 809 266 75 Alternate.

161 883 179 75 Alligation
363 883 168 75 alternate,
542 883 110 75 .being
676 883 56 75 the
757 883 149 75 con^erfe
931 883 41 75 of
990 883 164 75 alligation

114 931 130 75 medial,
269 931 86 75 from
380 931 55 75 the
461 931 83 75 rates
569 931 42 75 of
630 931 56 75 the
711 931 138 75 fimples,
875 931 63 75 and
954 931 69 75 rate
1038 931 42 75 of
1097 931 57 75 the

114 978 140 75 mixture
271 978 107 75 given,
403 978 83 75 finds
503 978 55 75 the
575 978 174 75 quantities
766 978 41 75 of
825 978 56 75 the
892 978 137 75 fimples.

449 1072 362 75 RULES.

158 1142 31 75 I.
238 1142 97 75 Place
351 1142 57 75 the
423 1142 69 75 rate
509 1142 41 75 of
568 1142 56 75 the
641 1142 141 75 mixture
795 1142 42 75 on
854 1142 55 75 the
926 1142 61 75 left
1002 1142 63 75 fide
1082 1142 41 75 of
1134 1142 19 75 a

111 1189 108 75 brace,
245 1189 33 75 as
291 1189 56 75 the
359 1189 96 75 root;
482 1189 61 75 and
561 1189 41 75 on
619 1189 56 75 the
686 1189 89 75 right
790 1189 64 75 fide
871 1189 39 75 of
922 1189 56 75 the
995 1189 94 75 brace
1104 1189 48 75 fet

111 1236 58 75 the
194 1236 84 75 rates
303 1236 40 75 of
361 1236 56 75 the
440 1236 120 75 feveral
585 1236 137 75 fimples,
748 1236 102 75 under
866 1236 60 75 one
943 1236 147 75 another,
1116 1236 35 75 as

112 1283 56 75 the
185 1283 168 75 branches.

159 1330 48 75 II.
257 1330 89 75 Link
369 1330 37 75 or
424 1330 127 75 alligate
564 1330 56 75 the
635 1330 171 75 branches,
830 1330 35 75 fo
882 1330 34 75 as
934 1330 60 75 one
1010 1330 139 75 greater,

110 1377 64 75 and
197 1377 136 75 another
355 1377 61 75 lefs
441 1377 77 75 than
542 1377 57 75 the
620 1377 75 75 root
712 1377 73 75 may
801 1377 40 75 be
856 1377 111 75 linked
989 1377 38 75 or
1043 1377 108 75 yoked

109 1424 160 75 together.

157 1471 65 75 III.
275 1471 58 75 Set
349 1471 56 75 the
427 1471 173 75 difference
622 1471 140 75 betwixt
787 1471 57 75 the
860 1471 75 75 root
951 1471 64 75 and
1029 1471 56 75 the
1100 1471 48 75 fe-

107 1517 90 75 veral
221 1517 168 75 branches,
422 1517 88 75 right
534 1517 118 75 againfi:
676 1517 86 75 their
790 1517 170 75 refpediye
986 1517 163 75 yoke-fel-

108 1565 96 75 lows.
253 1565 110 75 Thefe
379 1565 156 75 alternate
556 1565 190 75 differences
764 1565 53 75 are
833 1565 55 75 the
906 1565 175 75 quantities
1098 1565 48 75 re-

108 1612 129 75 quired.

157 1681 88 75 JVate
273 1681 31 75 1.
353 1681 39 75 If
410 1681 62 75 any
487 1681 120 75 branch
623 1681 125 75 happen
765 1681 36 75 to
816 1681 81 75 have
920 1681 68 75 two
1004 1681 38 75 or
1058 1681 89 75 more

108 1727 240 75 yoke-fellows,
373 1727 57 75 the
446 1727 174 75 difference
642 1727 139 75 ketwixt
805 1727 56 75 the
884 1727 73 75 root
980 1727 62 75 and
1058 1727 88 75 thefe

107 1775 227 75 yoke-fellows
347 1775 79 75 mult
442 1775 39 75 be
498 1775 115 75 placed
629 1775 86 75 right
732 1775 118 75 againft
862 1775 55 75 the
933 1775 67 75 faid
1011 1775 133 75 branch,

106 1822 62 75 one
186 1822 84 75 after
286 1822 147 75 another,
460 1822 62 75 and
539 1822 105 75 added
659 1822 70 75 into
745 1822 61 75 one
825 1822 82 75 fum.

158 1870 31 75 A
189 1852 14 49 r
203 1870 44 75 ote
271 1870 35 75 2.
355 1870 39 75 In
410 1870 87 75 fome
514 1870 174 75 queftions,
713 1870 56 75 the
785 1870 155 75 branches
956 1870 125 75 maybe
1097 1870 47 75 al-

103 1916 125 75 ligated
244 1916 89 75 more
350 1916 87 75 ways
454 1916 77 75 than
549 1916 81 75 one;
657 1916 61 75 and
735 1916 20 75 a
775 1916 142 75 queftion
934 1916 66 75 will
1024 1916 120 75 always

105 1964 102 75 admit
223 1964 41 75 of
282 1964 34 75 fo
328 1964 96 75 many
440 1964 148 75 anfwers,
614 1964 34 75 as
661 1964 91 75 there
768 1964 54 75 are
837 1964 152 75 different
1004 1964 87 75 ways
1109 1964 40 75 of

102 2009 126 75 linking
239 2009 56 75 the
310 2009 169 75 branches.

152 2055 181 75 Alligation
366 2055 154 75 alternate
549 2055 115 75 admits
692 2055 42 75 of
761 2055 92 75 three
875 2055 162 75 varieties,
1070 2055 70 75 v/z.

108 2102 33 75 1.
165 2102 77 75 The
259 2102 143 75 queftion
420 2102 74 75 may
509 2102 39 75 be
568 2102 181 75 unlimited,
774 2102 78 75 with
870 2102 119 75 refped
1005 2102 79 75 both
1108 2102 36 75 to

103 2150 58 75 the
185 2150 149 75 quantity
358 2150 40 75 of
416 2150 55 75 the
494 2150 136 75 fimples,
661 2150 64 75 and
748 2150 72 75 that
844 2150 40 75 of
908 2150 56 75 the
988 2150 154 75 mixture.

106 2199 35 75 2.
165 2199 77 75 The
259 2199 143 75 queftion
419 2199 73 75 may
506 2199 41 75 be
571 2199 128 75 limited
718 2199 36 75 to
771 2199 19 75 a
805 2199 122 75 certain
944 2199 149 75 quantity
1105 2199 45 75 of

105 2242 115 75 one-or
235 2242 90 75 more
341 2242 40 75 of
392 2242 55 75 the
464 2242 136 75 fimples.
651 2242 34 75 3.
709 2242 78 75 The
803 2242 143 75 queftion
957 2242 75 75 may
1047 2242 41 75 be
1103 2242 40 75 li-

103 2289 103 75 mited
221 2289 36 75 to
272 2289 20 75 a
307 2289 120 75 certain
440 2289 148 75 quantity
605 2289 40 75 of
664 2289 56 75 the
737 2289 153 75 mixture.

522 2385 133 75 Variety
687 2385 31 75 I.

150 2451 112 75 When
278 2451 56 75 the
351 2451 143 75 queftion
511 2451 26 75 is
554 2451 181 75 unlimited,
759 2451 80 75 with
865 2451 120 75 refped
1007 2451 81 75 both
1105 2451 36 75 to

104 2499 56 75 the
180 2499 149 75 quantity
344 2499 41 75 of
397 2499 55 75 the
469 2499 135 75 fimples,
623 2499 62 75 and
701 2499 71 75 that
788 2499 40 75 of
840 2499 54 75 the
906 2499 153 75 mixture,
1077 2499 64 75 this

100 2547 29 75 is
146 2547 104 75 called
265 2547 188 75 Alligation
470 2547 132 75 Simple.

150 2615 152 75 Examp.
351 2615 35 75 A
409 2615 115 75 grocer
547 2615 108 75 would
675 2615 69 75 mix
760 2615 122 75 fugars,
916 2615 33 75 at
977 2615 18 75 5
1009 2615 34 75 d.
1070 2615 67 75 yd.

103 2663 65 75 and
196 2663 41 75 10
250 2663 34 75 d.
303 2663 63 75 per
383 2663 49 75 lb.
456 2663 35 75 fo
509 2663 33 75 as
558 2663 36 75 to
610 2663 56 75 fell
679 2663 55 75 the
746 2663 142 75 mixture
905 2663 37 75 or
958 2663 183 75 compound

104 2709 34 75 at
157 2709 66 75 8*d.
242 2709 63 75 per
323 2709 58 75 lb:
407 2709 107 75 What
532 2709 150 75 quantity
698 2709 40 75 of
756 2709 78 75 each
851 2709 80 75 muft
946 2709 42 75 he
1005 2709 74 75 take
1092 2709 12 75 ?

753 2781 45 75 lb.

151 2989 88 75 Here
255 2989 55 75 the
326 2989 69 75 rate
411 2989 41 75 of
470 2989 55 75 the
541 2989 142 75 mixture
700 2989 20 75 8
743 2989 27 75 is
794 2989 115 75 placed
932 2989 43 75 on
1000 2989 56 75 the
1077 2989 62 75 left

1220 143 42 75 A
1348 143 39 75 T
1474 143 19 75 I
1581 143 41 75 O
1709 143 58 75 N.

1203 204 63 75 fide
1283 204 41 75 of
1342 204 57 75 the
1417 204 107 75 brace,
1550 204 33 75 as
1608 204 55 75 the
1680 204 99 75 root;
1805 204 64 75 and
1890 204 44 75 on
1949 204 57 75 the
2023 204 88 75 right
2127 204 63 75 fide
2205 204 41 75 of

1202 251 57 75 the
1275 251 84 75 fame
1375 251 94 75 brace
1486 251 54 75 are
1556 251 47 75 fet
1628 251 55 75 the
1711 251 85 75 rates
1821 251 40 75 of
1880 251 55 75 the
1961 251 120 75 feveral
2103 251 136 75 fimples,

1203 304 70 75 viz-
1369 304 32 75 7>
1433 304 53 75 10,
1520 304 102 75 under
1648 304 61 75 One
1737 304 146 75 another,
1917 304 34 75 as
1979 304 56 75 the
2062 304 176 75 branches;

1204 344 171 75 according
1391 344 35 75 to
1442 344 87 75 Rule
1546 344 30 75 I.

1250 391 76 75 The
1337 391 121 75 branch
1476 391 40 75 10
1533 391 95 75 being
1644 391 127 75 greater
1782 391 77 75 than
1871 391 56 75 the
1942 391 86 75 root,
2046 391 26 75 is
2089 391 151 75 alligated

1202 437 37 75 or
1254 437 111 75 linked
1381 437 79 75 with
1481 437 17 75 7
1517 437 63 75 and
1600 437 31 75 5,
1658 437 79 75 both
1762 437 87 75 thefe
1872 437 95 75 b^eing
1994 437 61 75 lefs
2080 437 79 75 than
2183 437 57 75 the

1202 485 97 75 root;
1324 485 32 75 as
1370 485 142 75 direded
1523 485 32 75 in
1568 485 86 75 Rule
1670 485 49 75 II.

1249 532 76 75 The
1341 532 182 75 difference,
1532 532 143 75 between
1699 532 56 75 the
1772 532 79 75 root
1861 532 21 75 8
1901 532 61 75 and
1987 532 55 75 the
2064 532 120 75 branch
2201 532 36 75 4,

1203 579 68 75 viz.
1292 579 31 75 3,
1350 579 26 75 is
1393 579 47 75 fet
1457 579 86 75 right
1560 579 117 75 againft
1693 579 63 75 this
1780 579 149 75 branchs
1952 579 210 75 yoke-feilow
2181 579 55 75 10.

1201 625 76 75 The
1294 625 173 75 difference
1491 625 154 75 between'
1661 625 20 75 8
1708 625 62 75 and
1789 625 18 75 7
1832 625 27 75 is
1875 625 139 75 likewife
2031 625 45 75 fet
2095 625 87 75 right
2204 625 34 75 a-

1202 672 97 75 gainft
1316 672 55 75 the
1395 672 210 75 yoke-fellow
1626 672 52 75 10.
1729 672 78 75 And
1829 672 67 75 the.
1906 672 173 75 difference
2102 672 138 75 betwixt

1203 721 19 75 8
1241 721 63 75 and
1325 721 53 75 10,
1404 721 70 75 viz.
1494 721 34 75 2,
1553 721 27 75 is
1597 721 46 75 fet
1660 721 86 75 right
1772 721 119 75 againft:
1914 721 56 75 the
1994 721 66 75 two
2076 721 161 75 yoke-fel-

1200 767 79 75 lows
1299 767 18 75 7
1334 767 64 75 and
1417 767 18 75 5
1448 767 9 75 ;
1485 767 34 75 as
1535 767 182 75 preferibed
1727 767 44 75 by
1783 767 86 75 Rule
1885 767 66 75 III.

1247 813 49 75 As
1312 813 56 75 the
1380 813 119 75 branch
1517 813 41 75 10
1570 813 56 75 has
1644 813 66 75 two
1726 813 190 75 differences
1928 813 40 75 on
1981 813 55 75 the
2048 813 99 75 right,
2165 813 71 75 viz.

1201 860 17 75 3
1237 860 64 75 and
1321 860 30 75 1,
1369 860 77 75 they
1459 860 53 75 are
1529 860 106 75 added
1647 860 9 75 ;
1684 860 63 75 and
1763 860 55 75 the
1836 860 120 75 anfwer
1968 860 107 75 to-the
2092 860 144 75 queftion

1199 907 39 75 is,
1256 907 71 75 that
1345 907 18 75 2
1377 907 48 75 lb.
1445 907 32 75 at
1497 907 16 75 5
1528 907 34 75 d.
1583 907 19 75 2
1622 907 49 75 lb.
1689 907 33 75 at
1742 907 17 75 7
1773 907 34 75 d.
1827 907 64 75 and
1907 907 82 75 41b.
2007 907 32 75 at
2061 907 41 75 10
2113 907 36 75 d.
2167 907 67 75 will

1199 954 93 75 make
1308 954 55 75 the
1380 954 141 75 mixture
1537 954 162 75 required.

1244 1001 76 75 The
1337 1001 89 75 truth
1447 1001 62 75 and
1529 1001 110 75 reafon
1660 1001 40 75 of
1719 1001 56 75 the
1792 1001 84 75 rules
1889 1001 67 75 will
1968 1001 115 75 appear
2098 1001 45 75 by
2158 1001 77 75 con-

1197 1047 146 75 fidering,
1369 1047 72 75 that
1463 1047 164 75 whatever
1650 1047 27 75 is
1700 1047 61 75 loft
1783 1047 85 75 upon
1892 1047 63 75 any
1979 1047 61 75 one
2065 1047 118 75 branch
2206 1047 29 75 is

1197 1095 114 75 gained
1336 1095 84 75 upon
1445 1095 42 75 its
1510 1095 224 75 yoke-fellow.
1781 1095 109 75 Thus,
1915 1095 33 75 in
1972 1095 55 75 the
2051 1095 101 75 above
2175 1095 59 75 ex-

1197 1142 115 75 ample,
1339 1142 43 75 by
1409 1142 113 75 felling
1547 1142 21 75 4
1596 1142 49 75 lb.
1663 1142 40 75 of
1727 1142 41 75 10
1780 1142 35 75 d.
1840 1142 93 75 fugar
1957 1142 32 75 at
2015 1142 19 75 8
2049 1142 34 75 d,
2104 1142 61 75 per
2182 1142 50 75 lb.

1197 1188 91 75 there
1303 1188 27 75 is
1349 1188 20 75 8
1383 1188 34 75 d.
1434 1188 81 75 loft:
1542 1188 59 75 but
1625 1188 56 75 the
1708 1188 67 75 like
1797 1188 67 75 fum
1891 1188 25 75 is
1941 1188 115 75 gained
2078 1188 86 75 upon
2190 1188 44 75 its

1196 1235 66 75 two
1286 1235 248 75 yoke-fellows;
1559 1235 54 75 for
1636 1235 45 75 by
1699 1235 113 75 felling
1829 1235 18 75 2
1869 1235 50 75 lb.
1936 1235 40 75 of
1997 1235 17 75 5
2030 1235 34 75 d.
2080 1235 94 75 fugar
2199 1235 35 75 at

1199 1281 19 75 8
1232 1281 34 75 d.
1285 1281 62 75 per
1364 1281 51 75 lb.
1439 1281 91 75 there
1554 1281 27 75 is
1600 1281 20 75 6
1633 1281 34 75 d.
1686 1281 136 75 gained;
1849 1281 63 75 and
1933 1281 44 75 by
2001 1281 113 75 felling
2140 1281 18 75 2
2182 1281 50 75 lb.

1195 1328 40 75 of
1255 1328 19 75 7
1287 1328 35 75 d.
1339 1328 94 75 fugar
1449 1328 33 75 at
1500 1328 19 75 8
1533 1328 34 75 d.
1593 1328 92 75 there
1700 1328 28 75 is
1747 1328 18 75 2
1780 1328 34 75 d.
1832 1328 137 75 gained;
1996 1328 63 75 and
2077 1328 20 75 6
2109 1328 35 75 d.
2170 1328 63 75 and

1196 1378 18 75 2
1229 1378 34 75 d.
1281 1378 93 75 make
1392 1378 19 75 8
1426 1378 34 75 d.

1242 1422 112 75 Hence
1377 1422 25 75 it
1425 1422 141 75 follows,
1591 1422 71 75 that
1684 1422 57 75 the
1765 1422 69 75 rate
1857 1422 42 75 of
1915 1422 57 75 the
1993 1422 142 75 mixture
2151 1422 81 75 muft

1194 1469 118 75 always
1329 1469 40 75 be
1385 1469 92 75 mean
1494 1469 38 75 or
1556 1469 120 75 middle
1698 1469 80 75 with
1803 1469 118 75 refpedl
1946 1469 36 75 to
2006 1469 56 75 the
2085 1469 86 75 rates
2195 1469 42 75 of

1193 1516 55 75 the
1272 1516 146 75 fimples;
1444 1516 71 75 that
1538 1516 40 75 is,
1603 1516 25 75 it
1653 1516 80 75 muft
1757 1516 40 75 be
1822 1516 61 75 lefs
1908 1516 75 75 than
2010 1516 54 75 the
2081 1516 148 75 greateft,

1194 1563 62 75 and
1271 1563 128 75 greater
1421 1563 79 75 than
1522 1563 57 75 the
1601 1563 98 75 leaft;
1725 1563 169 75 otherwife
1919 1563 19 75 a
1960 1563 138 75 folution
2121 1563 110 75 would

1192 1610 40 75 be
1247 1610 186 75 impdllible.
1480 1610 80 75 And
1575 1610 55 75 the
1643 1610 86 75 price
1742 1610 41 75 of
1800 1610 55 75 the
1872 1610 82 75 total
1979 1610 150 75 quantity
2145 1610 84 75 mix-

1193 1657 52 75 ed,
1271 1657 172 75 computed
1459 1657 32 75 at
1508 1657 55 75 the
1573 1657 76 75 .rate
1666 1657 40 75 of
1717 1657 56 75 the
1789 1657 155 75 mixture,
1969 1657 67 75 will
2053 1657 118 75 always
2188 1657 41 75 be

1192 1703 93 75 equal
1308 1703 36 75 to
1360 1703 57 75 the
1432 1703 68 75 fum
1517 1703 39 75 of
1575 1703 57 75 the
1650 1703 100 75 prices
1774 1703 40 75 of
1833 1703 57 75 the
1913 1703 117 75 feveral
2055 1703 172 75 quantities

1191 1751 62 75 call
1270 1751 42 75 up
1330 1751 32 75 at
1379 1751 55 75 the
1450 1751 171 75 refpedive
1637 1751 85 75 rates
1739 1751 41 75 of
1798 1751 55 75 the
1868 1751 137 75 fimples.

1604 1852 133 75 Variety
1764 1852 48 75 II.

1236 1928 111 75 When
1370 1928 57 75 the
1452 1928 143 75 queftion
1618 1928 27 75 is
1661 1928 126 75 limited
1803 1928 35 75 to
1855 1928 18 75 a
1889 1928 119 75 certain
2026 1928 150 75 quantity
2193 1928 40 75 of

1190 1972 60 75 one
1275 1972 37 75 or
1334 1972 90 75 more
1448 1972 40 75 of
1511 1972 56 75 the
1591 1972 137 75 fimples,
1758 1972 66 75 this
1849 1972 27 75 is
1904 1972 104 75 called
2037 1972 189 75 Alligation

1190 2018 153 75 Partial.

1237 2065 35 75 If
1290 2065 57 75 the
1363 2065 150 75 quantity
1530 2065 41 75 of
1588 2065 61 75 one
1666 2065 40 75 of
1724 2065 56 75 the
1796 2065 123 75 fimples
1936 2065 76 75 only
2028 2065 40 75 be
2084 2065 137 75 limited,

1191 2113 129 75 aligate
1344 2113 55 75 the
1427 2113 175 75 branches,,
1620 2113 63 75 and
1707 2113 75 75 take
1806 2113 85 75 their
1914 2113 203 75 differences,
2142 2113 33 75 as
2200 2113 33 75 if

1189 2159 90 75 there
1291 2159 65 75 had
1371 2159 81 75 been
1467 2159 43 75 no
1525 2159 78 75 fiich
1618 2159 194 75 limitation;
1840 2159 62 75 and
1918 2159 76 75 then
2008 2159 90 75 work
2111 2159 44 75 by
2170 2159 56 75 the

1191 2207 168 75 following
1375 2207 200 75 proportion.

1237 2291 50 75 K\
1302 2291 56 75 the
1382 2291 172 75 difference
1578 2291 88 75 right
1690 2291 117 75 againft
1824 2291 55 75 the
1895 2291 68 75 rate
1986 2291 41 75 of
2046 2291 55 75 the
2117 2291 109 75 fimple

1284 2335 106 75 whofe
1406 2335 149 75 quantity
1571 2335 26 75 is
1614 2335 106 75 given.

1234 2382 56 75 To
1307 2382 56 75 the
1380 2382 93 75 other
1489 2382 189 75 differences
1694 2382 227 75 refpe&ively;

1237 2429 45 75 So
1299 2429 55 75 the
1369 2429 149 75 quantity
1533 2429 107 75 given.

1233 2476 57 75 To
1302 2476 55 75 the
1368 2476 120 75 feveral
1500 2476 174 75 quantities
1685 2476 129 75 fought.

1234 2555 153 75 Examp.
1435 2555 33 75 A
1485 2555 133 75 diftiller
1633 2555 121 75 would,
1780 2555 78 75 with
1874 2555 45 75 40
1935 2555 123 75 gallons
2071 2555 41 75 of
2126 2555 96 75 bran-

1187 2601 44 75 dy
1248 2601 33 75 at
1304 2601 38 75 12
1357 2601 28 75 s.
1405 2601 61 75 per
1482 2601 132 75 gallon,"
1633 2601 69 75 mix
1718 2601 70 75 rum
1806 2601 31 75 at
1858 2601 17 75 7
1889 2601 28 75 s.
1938 2601 60 75 per
2014 2601 120 75 gallon,
2161 2601 63 75 and

1187 2647 52 75 gin
1258 2647 33 75 at
1308 2647 21 75 4
1341 2647 28 75 s.
1390 2647 61 75 per
1466 2647 129 75 gallon:
1623 2647 88 75 How
1727 2647 94 75 much
1848 2647 41 75 of
1906 2647 56 75 the
1987 2647 70 75 rum
2083 2647 63 75 and
2169 2647 54 75 gia

1187 2694 79 75 muft
1281 2694 42 75 he
1336 2694 87 75 take,
1451 2694 35 75 to
1502 2694 57 75 fell
1577 2694 55 75 the
1649 2694 141 75 mixture
1807 2694 32 75 at
1857 2694 19 75 8
1891 2694 28 75 s.
1938 2694 62 75 per
2016 2694 108 75 gallon
2137 2694 12 75 ?

1686 2772 77 75 Gal.

1366 2825 186 75 C1i,
1567 2825 21 75 4
1609 2825 8 75 I
1638 2825 18 75 5
1679 2825 7 75 !
1707 2825 45 75 40
1769 2825 41 75 of
1827 2825 170 75 brandy.^

1330 2868 20 75 8
1369 2868 21 75 <
1424 2868 57 75 ^
1497 2868 43 75 J4
1638 2868 19 75 4
1707 2868 42 75 32
1767 2868 40 75 of
1827 2868 82 75 rum.
1972 2868 23 75 C
2013 2868 81 75 Anf.

1368 2917 25 75 C
1423 2917 116 75 4''4
1606 2917 9 75 I
1636 2917 21 75 4
1677 2917 7 75 I
1707 2917 41 75 32
1767 2917 41 75 of
1826 2917 67 75 gin.
1969 2917 29 75 3

1232 2993 77 75 The
1325 2993 163 75 operation
1505 2993 88 75 gives
1617 2993 54 75 for
1687 2993 131 75 anfwer,
1845 2993 19 75 5
1883 2993 125 75 gallons
2026 2993 40 75 of
2083 2993 137 75 brandy,

2147 3040 22 75 4
2186 3040 42 75 of
