2443 3377
564 153 207 75 api

1128 153 99 75 (a

238 229 44 75 of
298 229 107 75 which
427 229 52 75 are
507 229 194 75 inhabitants
729 229 40 75 of
793 229 172 75 particular
992 229 125 75 plants;
1157 229 62 75 and

238 275 83 75 from
338 275 64 75 this
422 275 221 75 circumftance
666 275 84 75 their
777 275 104 75 trivial
901 275 106 75 names
1029 275 52 75 are
1101 275 114 75 taken;

241 322 32 75 as
302 322 89 75 aphis
416 322 89 75 ribis,
529 322 91 75 ulmi,
646 322 91 75 rofae,
763 322 64 75 fee.

191 368 264 75 APHORISM,
481 368 18 75 a
522 368 133 75 maxim,
682 368 39 75 or
737 368 164 75 principle,
928 368 40 75 of
980 368 18 75 a
1013 368 141 75 fcience;
1181 368 38 75 or

238 415 18 75 a
272 415 145 75 fentence
434 415 106 75 which
562 415 232 75 comprehends
811 415 18 75 a
845 415 89 75 great
958 415 72 75 deal
1054 415 31 75 in
1114 415 19 75 a
1156 415 64 75 few

239 461 118 75 words.

192 506 262 75 APHRATIC,
480 506 30 75 in
536 506 55 75 the
619 506 157 75 maritime
800 506 108 75 affairs
931 506 39 75 of
993 506 55 75 the
1062 506 155 75 ancients,

239 555 81 75 were
336 555 82 75 open
434 555 122 75 veffels,
581 555 137 75 without
735 555 61 75 any
816 555 109 75 decks.

190 599 313 75 APHRODISIA,
529 599 33 75 in
578 599 171 75 antiquity,
775 599 137 75 feftivals
935 599 77 75 kept
1036 599 32 75 in
1093 599 125 75 honour

235 649 40 75 of
286 649 126 75 Venus,
435 649 56 75 the
507 649 80 75 moft
609 649 197 75 remarkable
822 649 42 75 of
876 649 106 75 which
998 649 65 75 was
1080 649 69 75 that
1166 649 51 75 ce-

235 693 144 75 lebrated
395 693 44 75 by
456 693 56 75 the
528 693 171 75 Cyprians.

188 739 371 75 APHRODISIACS,
585 739 114 75 among
715 739 187 75 phyficiaos,
928 739 171 75 medicines
1113 739 104 75 which

235 787 70 75 incr'
305 787 67 75 eafe
388 787 57 75 the
464 787 148 75 quantity
628 787 39 75 of
676 787 85 75 feed,
780 787 63 75 and
859 787 106 75 create
985 787 39 75 an
1036 787 184 75 inclination

234 834 36 75 to
286 834 129 75 venery.

188 879 301 75 APHRODITA,
514 879 32 75 in
563 879 153 75 zoology,
742 879 38 75 an
798 879 95 75 infeH
916 879 40 75 of
978 879 55 75 the
1061 879 95 75 order
1184 879 39 75 of

232 926 121 75 vermes
370 926 161 75 mollufca.
578 926 77 75 The
676 926 87 75 body
778 926 42 75 of
831 926 54 75 the
903 926 168 75 aphrodita
1087 926 27 75 is
1131 926 84 75 oval,

232 973 80 75 with
328 973 95 75 many
438 973 90 75 fmall
556 973 160 75 tentacula
739 973 37 75 or
792 973 246 75 protuberances
1067 973 41 75 on
1136 973 78 75 each

230 1020 74 75 fide,
322 1020 106 75 which
442 1020 89 75 lerve
551 1020 33 75 as
601 1020 34 75 fo
654 1020 93 75 many
773 1020 85 75 feet:
893 1020 76 75 The
985 1020 111 75 mouth
1113 1020 32 75 is
1158 1020 54 75 cy-

230 1065 169 75 lyndrical,
424 1065 32 75 at
473 1065 59 75 one
549 1065 59 75 end
627 1065 40 75 of
678 1065 54 75 the
756 1065 109 75 body,,
882 1065 61 75 and
962 1065 128 75 capable
1108 1065 40 75 of
1157 1065 55 75 be-

229 1112 54 75 ing
299 1112 168 75 retraced,
493 1112 77 75 with
587 1112 66 75 two
669 1112 109 75 briffly
794 1112 175 75 tentacula.
1030 1112 112 75 There
1158 1112 54 75 are

231 1159 73 75 four
320 1159 118 75 fpecies
455 1159 39 75 of
506 1159 62 75 this
585 1159 108 75 infedt,
718 1159 69 75 viz.
818 1159 30 75 i.
866 1159 77 75 The
960 1159 156 75 aculeata,
1133 1159 79 75 with

231 1205 42 75 q2
290 1205 174 75 tentacula,
489 1205 37 75 or
554 1205 77 75 feet,
658 1205 37 75 an
717 1205 178 75 inhabitant
916 1205 39 75 of
967 1205 56 75 the
1039 1205 171 75 European

228 1253 79 75 feas.
357 1253 61 75 See
434 1253 92 75 Plate
542 1253 118 75 XXII.
678 1253 55 75 fig.
753 1253 33 75 4.
835 1253 86 75 This
944 1253 100 75 figure
1065 1253 27 75 is
1115 1253 95 75 taken

229 1299 84 75 from
325 1299 55 75 the
397 1299 69 75 life.
492 1299 33 75 It
537 1299 63 75 was
612 1299 101 75 found
725 1299 41 75 on
782 1299 56 75 the
854 1299 89 75 fhore
956 1299 39 75 of
1007 1299 55 75 the
1078 1299 80 75 frith
1176 1299 40 75 of

228 1345 115 75 Forth,
369 1345 96 75 about
483 1345 18 75 a
519 1345 72 75 mile
608 1345 63 75 eaft
687 1345 90 75 from'
794 1345 112 75 Leith,
932 1345 43 75 by
992 1345 53 75 Dr
1063 1345 145 75 Letfom,

227 1390 60 75 and
305 1390 43 75 by
363 1390 67 75 him
447 1390 250 75 communicated
725 1390 36 75 to
786 1390 55 75 the
868 1390 195 75 proprietors
1088 1390 40 75 of
1147 1390 62 75 this

226 1437 104 75 work.
368 1437 167 75 Johnflon,
554 1437 95 75 Seba,
668 1437 62 75 and
746 1437 94 75 other
857 1437 142 75 authors,
1020 1437 81 75 have
1116 1437 93 75 given

226 1483 115 75 figures
359 1483 39 75 of
409 1483 55 75 the
482 1483 186 75 aphrodita;
696 1483 56 75 but
773 1483 76 75 they
866 1483 53 75 are
936 1483 56 75 not
1008 1483 34 75 fo
1061 1483 146 75 accurate

226 1530 33 75 as
287 1530 96 75 could
407 1530 39 75 be
473 1530 129 75 wiflied.
653 1530 34 75 2.
712 1530 75 75 The
810 1530 121 75 fcabra,
956 1530 41 75 of
1022 1530 40 75 an
1090 1530 117 75 oblong

228 1576 104 75 lhape,
359 1576 147 75 fcabrous
523 1576 41 75 on
582 1576 54 75 the
653 1576 94 75 back,
771 1576 77 75 with
866 1576 96 75 about
978 1576 44 75 20
1035 1576 170 75 tentacula.

229 1623 32 75 3.
278 1623 77 75 The
371 1623 176 75 fquaraata,
564 1623 77 75 with
660 1623 44 75 24
721 1623 80 75 feet,
818 1623 158 75 andfealy
988 1623 40 75 on
1042 1623 53 75 the
1111 1623 94 75 back.

226 1669 33 75 4.
284 1669 77 75 The
378 1669 176 75 imbricata,
578 1669 27 75 is
630 1669 80 75 very
738 1669 63 75 like
829 1669 57 75 the
914 1669 131 75 former,
1071 1669 76 75 only
1163 1669 41 75 its

224 1715 94 75 feales
336 1715 52 75 are
406 1715 88 75 more
510 1715 162 75 glabrous.

175 1762 328 75 APHRODITES,
530 1762 54 75 the
601 1762 84 75 fame
700 1762 79 75 with
806 1762 125 75 gemma
945 1762 136 75 veneris.
1142 1762 63 75 See

222 1808 162 75 Gemma.

174 1855 333 75 APHRONITRE,
532 1855 30 75 in
580 1855 122 75 natural
725 1855 132 75 hiftory,
884 1855 18 75 a
925 1855 91 75 name
1039 1855 95 75 given
1160 1855 44 75 by

220 1901 53 75 the
290 1901 140 75 ancients
447 1901 35 75 to
498 1901 18 75 a
536 1901 171 75 particular
724 1901 77 75 kind
818 1901 40 75 of
868 1901 137 75 natrum.

172 1949 226 75 APHTHfE,
423 1949 32 75 in
484 1949 172 75 medicine,
677 1949 102 75 fmall,
806 1949 114 75 round,
946 1949 62 75 and
1025 1949 174 75 fuperficial

220 1995 103 75 ulcers
348 1995 110 75 arifing
475 1995 31 75 in
535 1995 56 75 the
618 1995 126 75 mouth.
791 1995 78 75 The
897 1995 150 75 principal
1073 1995 65 75 feat
1166 1995 42 75 of

220 2040 63 75 this
300 2040 129 75 difeafe,
454 2040 26 75 is
505 2040 54 75 the
576 2040 176 75 extremity
768 2040 40 75 of
818 2040 56 75 the
890 2040 171 75 excretory
1077 2040 127 75 veffels,

219 2086 107 75 falival
348 2086 124 75 glands,
498 2086 74 75 and,
599 2086 32 75 in
647 2086 97 75 fhort,
771 2086 42 75 all
831 2086 111 75 glands
959 2086 71 75 that
1046 2086 118 75 furnifh
1182 2086 18 75 a

217 2129 137 75 humour
370 2129 64 75 like
451 2129 54 75 the
523 2129 108 75 faliva,
658 2129 33 75 as
709 2129 54 75 the
783 2129 75 75 lips,
884 2129 103 75 gums,
1015 2129 65 75 fee.

172 2178 168 75 APHUA
356 2178 126 75 cobites,
508 2178 30 75 in
557 2178 222 75 ichthyology.
830 2178 61 75 See
908 2178 102 75 Gobi
1018 2178 58 75 us.

165 2225 412 75 'APHYLLANTHES,
596 2225 37 75 or
649 2225 86 75 Blue
746 2225 200 75 Montpelier
962 2225 112 75 Pink,
1093 2225 31 75 in
1138 2225 58 75 bo-

217 2269 89 75 tany,
324 2269 18 75 a
353 2269 98 75 genus
464 2269 40 75 of
510 2269 55 75 the
577 2269 175 75 hexandria
764 2269 192 75 monogynia
968 2269 91 75 clafs.
1084 2269 112 75 There

214 2317 27 75 is
258 2317 57 75 but
327 2317 60 75 one
399 2317 130 75 fpecies,
547 2317 70 75 viz.
636 2317 54 75 the
707 2317 241 75 monfpelienfis,
965 2317 104 75 which
1087 2317 106 75 grows

214 2362 33 75 in
264 2362 54 75 the
334 2362 78 75 high
429 2362 139 75 grounds
591 2362 75 75 near
689 2362 209 75 Montpelier.
945 2362 31 75 It
993 2362 27 75 is
1036 2362 158 75 extreme-

214 2408 34 75 ly
263 2408 64 75 like
354 2408 56 75 the
433 2408 128 75 juncus,
590 2408 76 75 only
691 2408 54 75 the
773 2408 108 75 flower
907 2408 58 75 has
993 2408 19 75 a
1037 2408 132 75 corolla.

167 2454 191 75 APIARY,
385 2454 18 75 a
419 2454 88 75 place
524 2454 106 75 where
647 2454 73 75 bees
737 2454 54 75 are
807 2454 88 75 kept.

168 2503 364 75 APIASTELLUM,
558 2503 36 75 or
610 2503 251 75 Apiastrum,
885 2503 32 75 in
933 2503 132 75 botany.
1131 2503 61 75 See

215 2548 190 75 Melissa.

166 2594 253 75 APIASTER,
444 2594 32 75 in
493 2594 216 75 ornithology,
735 2594 55 75 the
807 2594 106 75 trivial
929 2594 91 75 name
1037 2594 41 75 of
1088 2594 19 75 a
1123 2594 66 75 fpe-

214 2639 62 75 cies
298 2639 39 75 of
349 2639 55 75 the
420 2639 138 75 merops.
608 2639 61 75 See
685 2639 177 75 Merops.

163 2687 184 75 APICES,
373 2687 33 75 in
422 2687 132 75 botany,
578 2687 56 75 the
650 2687 83 75 fame
746 2687 77 75 with
835 2687 150 75 antherae.
1035 2687 62 75 See
1113 2687 75 75 An-

213 2732 155 75 therse.

164 2779 152 75 APIOS,
342 2779 26 75 it
384 2779 131 75 botany.
567 2779 60 75 See
643 2779 197 75 Glycine.

162 2826 117 75 APIS,
298 2826 38 75 or
347 2826 55 75 the
418 2826 91 75 Bee,
526 2826 33 75 in
574 2826 151 75 zoology,
743 2826 16 75 a
775 2826 96 75 genus
883 2826 41 75 of
931 2826 108 75 infedts
1053 2826 132 75 belongs

208 2870 54 75 ing
277 2870 37 75 tp
329 2870 54 75 the
399 2870 95 75 order
513 2870 40 75 of
563 2870 113 75 infedta
694 2870 240 75 hymenoptera.
981 2870 76 75 The
1073 2870 111 75 mouth

207 2917 26 75 is
251 2917 160 75 furnilhed
431 2917 77 75 with
524 2917 66 75 two
603 2917 93 75 jaws,
715 2917 61 75 and
788 2917 18 75 a
818 2917 158 75 probofeis
992 2917 144 75 infolded
1151 2917 33 75 in

207 2964 22 75 a-
241 2964 118 75 double
374 2964 107 75 fheath
496 2964 10 75 ;
532 2964 56 75 the
605 2964 98 75 wings
727 2964 53 75 are
803 2964 73 75 four
902 2964 32 75 in
961 2964 143 75 number,
1130 2964 55 75 the

206 3011 66 75 two
288 3011 150 75 foremoft
454 3011 148 75 covering
618 3011 89 75 thbfe
724 3011 118 75 behind
862 3011 93 75 when
979 3011 35 75 at
1040 3011 78 75 reft:
1146 3011 48 75 In.

1271 149 13 75 i
1345 149 19 75 )

1716 149 213 75 API

1270 220 53 75 the
1341 220 76 75 anus
1440 220 39 75 or
1496 220 55 75 tail
1568 220 41 75 of
1620 220 55 75 the
1693 220 130 75 females
1841 220 62 75 and
1919 220 145 75 working
2080 220 88 75 bees,
2193 220 111 75 which

1269 266 51 75 are
1338 266 39 75 of
1388 266 42 75 no
1446 266 68 75 fex,
1540 266 91 75 there
1646 266 26 75 is
1692 266 18 75 a
1725 266 119 75 hidden
1861 266 92 75 fling.
2003 266 153 75 Linnasus
2173 266 129 75 enume-

1270 312 83 75 rates
1376 312 42 75 no
1445 312 60 75 lefs
1534 312 77 75 than
1631 312 40 75 jy
1690 312 119 75 fpedes
1826 312 41 75 of
1887 312 55 75 the
1959 312 79 75 apis,
2068 312 69 75 viz.
2169 312 30 75 1.
2226 312 78 75 The

1269 360 204 75 longtcornis,
1498 360 38 75 or
1559 360 92 75 hairy
1675 360 118 75 yellow
1817 360 71 75 bee,
1913 360 79 75 with
2010 360 195 75 thread-like
2222 360 80 75 feel-

1268 406 63 75 ers,
1356 406 98 75 about
1471 406 54 75 the
1541 406 111 75 length
1670 406 40 75 of
1729 406 41 75 its
1788 406 99 75 body.
1938 406 33 75 2.
1995 406 78 75 The
2093 406 208 75 tumulorum;

1269 452 37 75 or
1322 452 95 75 black
1432 452 71 75 bee,
1532 452 78 75 with
1639 452 118 75 yellow
1786 452 65 75 feet
1879 452 63 75 and
1966 452 95 75 jaws,
2093 452 62 75 and
2173 452 129 75 thread-

1268 499 64 75 like
1349 499 126 75 feelers,
1493 499 98 75 about
1607 499 56 75 the
1679 499 110 75 length
1807 499 40 75 of
1859 499 55 75 the
1931 499 101 75 body.
2084 499 33 75 3.
2141 499 78 75 The
2236 499 65 75 cla-

1268 546 148 75 vicornis,
1441 546 39 75 or
1503 546 95 75 black
1624 546 70 75 bee,
1719 546 79 75 with
1816 546 145 75 clavated
1976 546 128 75 feelers,
2129 546 98 75 about
2244 546 56 75 the

1268 592 109 75 length
1395 592 40 75 of
1445 592 41 75 its
1503 592 99 75 body,
1621 592 62 75 and
1695 592 66 75 two
1776 592 118 75 yellow
1909 592 84 75 belts
2011 592 102 75 round
2130 592 55 75 the
2197 592 100 75 belly.

1271 640 33 75 4.
1329 640 75 75 The
1417 640 243 75 centuncularis,
1686 640 37 75 or
1739 640 98 75 black
1852 640 71 75 bee,
1948 640 121 75 having
2081 640 41 75 its
2140 640 86 75 belly
2242 640 56 75 co-

1268 687 98 75 vered
1383 687 76 75 with
1476 687 115 75 yellow
1609 687 108 75 down.
1764 687 78 75 The
1861 687 81 75 nefts
1959 687 40 75 of
2017 687 64 75 this
2103 687 119 75 fpecies
2244 687 55 75 are

1268 734 92 75 made
1384 734 40 75 of
1439 734 189 75 rofe-leaves
1644 734 157 75 curioufly
1817 734 117 75 plaited
1964 734 32 75 in
2021 734 55 75 the
2104 734 84 75 form
2216 734 41 75 of
2280 734 19 75 a

1268 780 80 75 matt
1365 780 36 75 or
1418 780 96 75 quilt.
1566 780 33 75 5.
1623 780 77 75 The
1723 780 165 75 cineraria,
1913 780 37 75 or
1975 780 93 75 black
2086 780 71 75 bee,
2182 780 78 75 with
2279 780 20 75 a

1270 828 96 75 white
1382 828 92 75 hairy
1490 828 112 75 breaft,
1628 828 62 75 and
1706 828 18 75 a
1739 828 141 75 greenifh
1909 828 67 75 belt
2003 828 104 75 round
2123 828 55 75 the
2195 828 100 75 belly.

1266 874 76 75 The
1359 874 99 75 above
1475 874 60 75 five
1552 874 117 75 fpecies
1686 874 53 75 are
1755 874 42 75 all
1812 874 122 75 natives
1947 874 40 75 of
1996 874 144 75 Europe.
2168 874 34 75 6.
2219 874 77 75 The

1267 921 177 75 mexicana,
1469 921 27 75 is
1514 921 18 75 a
1547 921 156 75 brownilh
1720 921 70 75 bee,
1815 921 79 75 with
1911 921 99 75 bluifh
2028 921 112 75 wings,
2167 921 61 75 and
2239 921 55 75 ve-

1266 966 39 75 ry
1318 966 100 75 large.
1467 966 32 75 It
1515 966 27 75 is
1559 966 18 75 a
1593 966 106 75 native
1715 966 43 75 of
1766 966 162 75 America.
1991 966 32 75 7.
2048 966 78 75 The
2142 966 153 75 catbona-

1265 1014 58 75 ria,
1341 1014 37 75 or
1396 1014 123 75 reddifh
1532 1014 70 75 bee,
1621 1014 77 75 with
1711 1014 124 75 darkifh
1847 1014 96 75 green
1959 1014 100 75 wings
2071 1014 10 75 ;
2108 1014 27 75 it
2151 1014 25 75 is
2194 1014 101 75 about

1265 1061 55 75 the
1335 1061 63 75 fize
1415 1061 40 75 of
1474 1061 55 75 the
1553 1061 165 75 mellefica,
1743 1061 37 75 or
1797 1061 146 75 common
1959 1061 193 75 honey-bee,
2177 1061 62 75 and
2266 1061 28 75 is

1263 1109 100 75 Found
1380 1109 31 75 in
1429 1109 126 75 Africa.
1616 1109 34 75 8.
1675 1109 77 75 The
1768 1109 115 75 retufa,
1910 1109 37 75 or
1971 1109 91 75 black
2080 1109 69 75 bee,
2175 1109 56 75 has
2249 1109 42 75 its

1261 1154 68 75 legs
1347 1154 139 75 covered
1501 1154 78 75 with
1596 1154 108 75 down.
1746 1154 33 75 9.
1797 1154 76 75 The
1891 1154 83 75 rufa,
1993 1154 37 75 or
2046 1154 154 75 brownifh
2218 1154 72 75 bee,

1263 1201 78 75 with
1363 1201 19 75 a
1403 1201 98 75 white
1517 1201 88 75 front
1622 1201 61 75 and
1699 1201 100 75 duiky
1815 1201 99 75 belly.
1968 1201 53 75 10.
2046 1201 77 75 The
2139 1201 155 75 bicornis>

1262 1249 56 75 has
1336 1249 65 75 two
1417 1249 98 75 horns
1533 1249 41 75 on
1590 1249 42 75 its
1654 1249 101 75 front,
1781 1249 18 75 a
1823 1249 94 75 black
1942 1249 95 75 head,
2062 1249 63 75 and
2153 1249 17 75 a
2197 1249 95 75 hairy

1262 1294 98 75 belly.
1414 1294 53 75 11.
1492 1294 77 75 The
1586 1294 177 75 maxillofa,
1787 1294 39 75 or
1852 1294 97 75 black
1977 1294 71 75 bee,
2074 1294 78 75 with
2169 1294 119 75 promi-

1262 1341 74 75 nent
1349 1341 95 75 jaws,
1468 1341 86 75 fhort
1567 1341 127 75 feelers,
1712 1341 62 75 and
1790 1341 18 75 a
1825 1341 186 75 cylindrical
2027 1341 101 75 belly,
2153 1341 139 75 covered

1259 1388 77 75 with
1359 1388 18 75 a
1401 1388 116 75 yellow
1541 1388 107 75 down.
1709 1388 54 75 12.
1787 1388 77 75 The
1891 1388 199 75 truncorum,
2128 1388 37 75 or
2193 1388 95 75 black

1258 1435 125 75 fmooth
1400 1435 71 75 bee,
1497 1435 78 75 with
1593 1435 18 75 a
1628 1435 97 75 white
1741 1435 92 75 hairy
1848 1435 101 75 front,
1974 1435 61 75 and
2053 1435 17 75 a
2087 1435 116 75 yellow
2219 1435 72 75 bel-

1258 1482 34 75 ly
1316 1482 103 75 edged
1442 1482 80 75 with
1544 1482 109 75 white.
1713 1482 53 75 13.
1791 1482 77 75 The
1896 1482 199 75 florifomnis,
2129 1482 38 75 or
2192 1482 95 75 black

1258 1528 68 75 bee,
1352 1528 78 75 with
1463 1528 19 75 a
1512 1528 186 75 cylindrical
1727 1528 186 75 incurvated
1945 1528 97 75 belly,
2079 1528 117 75 having
2220 1528 71 75 two

1257 1575 174 75 tooth-like
1458 1575 245 75 protuberances
1732 1575 33 75 at
1793 1575 55 75 the
1876 1575 90 75 anus,
2007 1575 62 75 and
2097 1575 18 75 a
2144 1575 80 75 kind
2250 1575 42 75 of

1256 1621 137 75 prickles
1422 1621 41 75 on
1490 1621 56 75 the
1573 1621 174 75 hind-legs.
1807 1621 85 75 This
1910 1621 169 75 bee,fleeps
2097 1621 31 75 in
2145 1621 139 75 flowers.

1263 1668 52 75 14.
1348 1668 77 75 The
1455 1668 141 75 dentata,
1629 1668 39 75 or
1698 1668 122 75 fhining
1849 1668 95 75 green
1977 1668 71 75 bee,
2084 1668 77 75 with
2189 1668 96 75 black

1255 1714 113 75 wings,
1395 1714 61 75 and
1484 1714 19 75 a
1525 1714 79 75 kind
1631 1714 40 75 of
1694 1714 85 75 teeth
1806 1714 41 75 on
1872 1714 55 75 the
1942 1714 79 75 hind
2037 1714 122 75 thighs.
2205 1714 86 75 The

1256 1764 117 75 tongue
1390 1764 40 75 of
1440 1764 64 75 this
1520 1764 58 75 bee
1594 1764 27 75 is
1638 1764 110 75 almoft
1774 1764 34 75 as
1836 1764 77 75 long
1940 1764 32 75 as
1999 1764 47 75 its
2059 1764 99 75 body.
2205 1764 82 75 The

1255 1808 72 75 nine
1341 1808 58 75 laft
1426 1808 116 75 fpecies
1571 1808 53 75 are
1652 1808 42 75 all
1722 1808 121 75 natives
1870 1808 40 75 of
1928 1808 143 75 Europe.
2125 1808 54 75 15.
2204 1808 84 75 The

1254 1855 144 75 cordata,
1422 1855 37 75 or
1482 1855 122 75 Ihimng
1620 1855 95 75 green
1733 1855 70 75 bee,
1829 1855 78 75 with
1921 1855 17 75 a
1950 1855 87 75 belly
2052 1855 114 75 fliaped
2180 1855 65 75 like
2262 1855 23 75 a-

1252 1902 103 75 heart,
1393 1902 62 75 and
1471 1902 100 75 wings
1594 1902 45 75 of
1650 1902 18 75 a
1689 1902 223 75 glafs-colour.
1961 1902 33 75 It
2021 1902 28 75 is
2077 1902 18 75 a
2123 1902 105 75 native
2245 1902 42 75 of

1252 1948 54 75 the
1323 1948 128 75 Indies..
1497 1948 45 75 16'
1542 1948 10 75 .
1577 1948 76 75 The
1669 1948 137 75 helvola,
1832 1948 27 75 is
1877 1948 38 75 an
1930 1948 119 75 oblong
2065 1948 123 75 reddiih
2205 1948 83 75 bee,,

1256 1994 76 75 with
1354 1994 19 75 a
1396 1994 96 75 white
1509 1994 99 75 belly.
1661 1994 54 75 17.
1740 1994 76 75 The
1833 1994 183 75 fabriciana,
2043 1994 36 75 or
2096 1994 93 75 black
2207 1994 70 75 bee,

1252 2042 78 75 with
1362 2042 41 75 an
1434 2042 242 75 iron-coloured
1707 2042 98 75 belly,
1846 2042 62 75 and
1939 2042 67 75 two
2032 2042 118 75 yellow
2176 2042 100 75 fpots.

1256 2090 53 75 18.
1334 2090 77 75 The
1434 2090 167 75 fuccindta,
1627 2090 56 75 has
1702 2090 18 75 a
1736 2090 117 75 yellow
1880 2090 91 75 hairy
1998 2090 113 75 breaft,
2137 2090 18 75 a
2182 2090 102 75 black

1251 2134 98 75 belly,
1375 2134 63 75 and
1460 2134 73 75 four
1550 2134 98 75 white
1665 2134 95 75 belts.
1808 2134 76 75 The
1900 2134 57 75 laft
1977 2134 90 75 three
2084 2134 58 75 are
2155 2134 127 75 natives'

1250 2180 39 75 of
1306 2180 144 75 Europe.
1504 2180 54 75 19.
1584 2180 76 75 The
1689 2180 129 75 zonata,
1842 2180 27 75 is
1897 2180 154 75 browniih
2081 2180 62 75 and
2169 2180 106 75 hairy,

1249 2227 77 75 with
1350 2227 75 75 four
1441 2227 99 75 bluilh
1557 2227 83 75 belts
1657 2227 41 75 on
1719 2227 55 75 the
1791 2227 98 75 belly.
1923 2227 32 75 It
1967 2227 26 75 is
2011 2227 17 75 a
2045 2227 104 75 native
2166 2227 41 75 of
2218 2227 57 75 the

1248 2274 120 75 Indies.
1404 2274 57 75 20.
1485 2274 76 75 The
1577 2274 99 75 senea,
1692 2274 27 75 is
1735 2274 105 75 hairy,
1858 2274 61 75 and
1936 2274 40 75 of
1989 2274 17 75 a
2019 2274 117 75 copper
2147 2274 124 75 colour.

1250 2323 55 75 21.
1331 2323 76 75 The
1436 2323 214 75 casrulefcens,
1676 2323 27 75 is
1731 2323 155 75 brownilh
1916 2323 62 75 and
2004 2323 105 75 hairy,
2147 2323 77 75 with
2254 2323 20 75 a

1248 2367 140 75 greenifli
1408 2367 98 75 belly,
1527 2367 163 75 margined
1710 2367 79 75 with
1809 2367 98 75 white
1919 2367 226 75 indentations.

1296 2414 139 75 22.The
1447 2414 165 75 viellefica,
1626 2414 37 75 or
1674 2414 192 75 honey-bee,
1880 2414 26 75 is
1919 2414 159 75 furnilhed
2090 2414 78 75 with
2181 2414 97 75 dow-

1246 2460 41 75 ny
1299 2460 98 75 hairs,
1411 2460 19 75 a
1441 2460 268 75 dulky-coloured
1721 2460 113 75 breaft,
1847 2460 61 75 and
1920 2460 155 75 brownirh
2088 2460 107 75 belly;
2215 2460 57 75 the

1244 2506 84 75 tibias
1345 2506 39 75 of
1396 2506 54 75 the
1466 2506 160 75 hind-legs
1641 2506 52 75 are
1704 2506 138 75 ciliated,
1861 2506 62 75 and
1934 2506 208 75 tranfverfely
2152 2506 118 75 llreak-

1243 2553 40 75 ed
1295 2553 40 75 on
1348 2553 55 75 the
1414 2553 109 75 infide.
1556 2553 91 75 Each
1664 2553 71 75 foot
1751 2553 40 75 of
1802 2553 68 75 this-
1883 2553 57 75 bee
1956 2553 183 75 terminates
2156 2553 32 75 in
2201 2553 71 75 two

1243 2599 115 75 hooks,
1369 2599 77 75 with
1458 2599 83 75 their
1553 2599 104 75 points
1669 2599 141 75 oppofite
1819 2599 35 75 to
1865 2599 76 75 each
1950 2599 113 75 other;
2078 2599 32 75 in
2123 2599 54 75 the
2186 2599 89 75 mid-

1242 2645 52 75 dle
1311 2645 39 75 of
1363 2645 85 75 thefe
1466 2645 101 75 hooks
1590 2645 91 75 there
1700 2645 26 75 is
1745 2645 18 75 a
1773 2645 84 75 little
1876 2645 69 75 thin
1958 2645 172 75 appendix,
2148 2645 118 75 which,

1241 2692 92 75 when
1351 2692 163 75 unfolded,
1540 2692 124 75 enables
1683 2692 55 75 the
1754 2692 73 75 bees
1852 2692 35 75 to
1910 2692 98 75 faften
2025 2692 187 75 themfelves
2231 2692 45 75 to*

1239 2738 80 75 glafs
1336 2738 38 75 or
1390 2738 55 75 the
1456 2738 79 75 moft
1546 2738 140 75 polilhed
1699 2738 122 75 bodies.
1853 2738 84 75 This
1950 2738 71 75 part
2034 2738 78 75 they
2126 2738 140 75 hkewife

1238 2785 126 75 employ
1388 2785 50 75 for
1462 2785 167 75 colledting
1656 2785 55 75 the
1735 2785 88 75 fmall
1848 2785 146 75 particles
2011 2785 45 75 of
2068 2785 76 75 wax
2159 2785 114 75 whiclv

1235 2832 77 75 they
1328 2832 63 75 find
1408 2832 84 75 upon
1508 2832 138 75 flowers,
1671 2832 62 75 and
1749 2832 51 75 for
1816 2832 214 75 tranfmitting
2046 2832 87 75 them
2158 2832 34 75 to
2207 2832 61 75 the

1234 2879 196 75 middlemoft
1446 2879 86 75 joint
1543 2879 39 75 of
1593 2879 54 75 the
1664 2879 65 75 two
1749 2879 113 75 hinder
1877 2879 77 75 feet,
1973 2879 31 75 in
2016 2879 104 75 which
2133 2879 90 75 there
2234 2879 29 75 is

1235 2925 17 75 a
1264 2925 82 75 little
1362 2925 117 75 cavity,
1497 2925 30 75 in
1540 2925 55 75 the
1610 2925 92 75 lhape
1718 2925 41 75 of
1770 2925 18 75 a
1804 2925 124 75 narrow
1940 2925 107 75 fpoon,
2065 2925 198 75 furrounded

1235 2972 44 75 by
1301 2972 18 75 a
1336 2972 130 75 number
1482 2972 39 75 of
1540 2972 99 75 hairs.
1687 2972 110 75 When
1826 2972 78 75 they
1929 2972 80 75 have
2035 2972 115 75 loaded
2177 2972 84 75 their

1235 3022 108 75 thighs
1360 3022 79 75 with
1455 3022 88 75 wax,
1567 3022 78 75 they
1665 3022 216 75 immediately
1905 3022 92 75 carry
2017 3022 28 75 it
2067 3022 52 75 off
2142 3022 34 75 to
2204 3022 57 75 the

2171 3076 99 75 hive..
