2477 3395
531 159 231 75 BRA

1136 159 17 75 (
1213 159 83 75 660
1354 159 17 75 ^

1719 159 229 75 BRA

218 224 70 75 •nf?
305 224 40 75 of
365 224 35 75 to
418 224 62 75 furl
498 224 55 75 the
581 224 71 75 fails
679 224 125 75 acrofs:
829 224 99 75 They
944 224 119 75 belong
1091 224 77 75 only
1184 224 36 75 to

237 270 54 75 the
307 270 65 75 two
399 270 126 75 courfes
544 270 66 75 &nd
634 270 53 75 the
706 270 103 75 mizen
828 270 76 75 fail;
930 270 79 75 they
1025 270 53 75 are
1106 270 118 75 reeved

238 316 139 75 through
393 316 55 75 the
464 316 124 75 blocks,
613 316 104 75 feized
745 316 40 75 on
804 316 76 75 e-ich
906 316 63 75 fide
990 316 55 75 the
1062 316 73 75 ties,
1162 316 61 75 and

239 363 89 75 come
357 363 96 75 down
479 363 111 75 before
616 363 54 75 the
694 363 69 75 fail,
778 363 106 75 ‘being
912 363 31 75 at
969 363 56 75 the
1054 363 78 75 very
1147 363 78 75 Ikirt

240 408 131 75 thereof
384 408 138 75 fattened
534 408 35 75 to
582 408 54 75 the
652 408 136 75 cringles
800 408 10 75 ;
837 408 84 75 their
938 408 53 75 ufe
1007 408 39 75 is,
1064 408 92 75 when
1169 408 57 75 the

241 455 54 75 fail
312 455 25 75 is
356 455 105 75 furled
490 455 117 75 acrofs,
634 455 34 75 to
685 455 72 75 hale
790 455 42 75 up
849 455 41 75 its
909 455 89 75 bunt,
1025 455 71 75 that
1112 455 25 75 it
1154 455 74 75 may

241 501 55 75 the
314 501 88 75 more
429 501 95 75 eafily
539 501 40 75 be
597 501 95 75 taken
715 501 44 75 up
773 501 38 75 or
828 501 45 75 let
890 501 69 75 fall.
1010 501 86 75 Hale
1113 501 42 75 up
1173 501 55 75 the

242 547 108 75 brails,
368 547 37 75 or
423 547 79 75 brail
520 547 41 75 up
580 547 53 75 the
653 547 66 75 fail,
745 547 70 75 that
833 547 39 75 is,
890 547 72 75 hale
978 547 42 75 up
1038 547 55 75 the
1110 547 68 75 fail,
1196 547 33 75 in

242 594 94 75 order
349 594 35 75 to
401 594 39 75 he
458 594 105 75 furled
579 594 37 75 or
634 594 106 75 bound
758 594 83 75 clofe
857 594 35 75 to
907 594 55 75 the
975 594 92 75 yard.

195 641 246 75 BRAILOW,
466 641 19 75 a
502 641 85 75 town
600 641 41 75 of
653 641 145 75 Podolia,
825 641 31 75 in
873 641 137 75 Poland,
1036 641 134 75 fituated
1187 641 42 75 on

244 687 54 75 the
309 687 84 75 river
410 687 84 75 Bog,
521 687 45 75 40
589 687 92 75 miles
698 687 97 75 north
806 687 41 75 of
857 687 170 75 Bracklow
1039 687 10 75 ;
1076 687 43 75 E.
1138 687 89 75 long.

247 735 42 75 29
289 717 23 49 0
312 735 14 75 ,
352 735 123 75 andN.
494 735 57 75 lat.
571 735 62 75 48°
655 735 43 75 50
712 735 9 75 .

197 780 164 75 BRAIN,
386 780 32 75 in
435 780 162 75 anatomy.
649 780 61 75 See
727 780 34 75 p.
780 780 80 75 283,
887 780 65 75 &c.

200 826 123 75 Brain
347 826 42 75 i.e
413 826 172 75 compte,
611 826 19 75 a
646 826 86 75 town
746 826 39 75 of
798 826 144 75 Hainalt,
960 826 30 75 in
1009 826 55 75 the
1081 826 148 75 Auftrian

246 872 230 75 Netherlands,
503 872 108 75 fifteen
637 872 89 75 miles
743 872 173 75 fouth-eaft
933 872 39 75 of
991 872 150 75 Bruflels,
1167 872 64 75 and

245 918 73 75 nine
347 918 180 75 north-eaft
551 918 39 75 of
611 918 124 75 Mons;
772 918 44 75 E.
834 918 88 75 long.
942 918 22 75 4
964 900 21 49 0
985 918 16 75 ,
1027 918 63 75 and
1106 918 47 75 N.
1171 918 58 75 lat.

252 966 62 75 50°
333 966 69 75 40'.

198 1011 298 75 BRAINTREE,
515 1011 255 75 a.market-town
784 1011 40 75 of
834 1011 110 75 Eflex,
969 1011 38 75 12
1026 1011 91 75 miles
1133 1011 96 75 north

247 1057 41 75 of
299 1057 227 75 Chelmsford;
553 1057 30 75 E
610 1057 88 75 long.
719 1057 17 75 3
746 1057 29 75 5'
775 1057 11 75 ,
812 1057 62 75 and
890 1057 46 75 N.
951 1057 57 75 lat.
1026 1057 62 75 51°
1105 1057 65 75 jo'.

199 1104 162 75 BRAKE
390 1104 132 75 denotes
548 1104 115 75 female
691 1104 83 75 fern,
808 1104 38 75 or
871 1104 56 75 the
956 1104 91 75 place
1075 1104 107 75 where
1206 1104 25 75 it

246 1149 106 75 grows
368 1149 8 75 :
404 1149 80 75 Alfo
501 1149 17 75 a
534 1149 91 75 (harp
646 1149 48 75 bit
718 1149 37 75 or
771 1149 105 75 Inattle
893 1149 51 75 for
967 1149 129 75 horfes;
1134 1149 61 75 and
1213 1149 19 75 a

247 1196 125 75 baker’s
401 1196 158 75 kneading
587 1196 135 75 trough:
764 1196 77 75 Alio
869 1196 39 75 an
936 1196 186 75 iuftruihent
1153 1196 78 75 with

247 1242 101 75 teeth,
374 1242 34 75 to
425 1242 103 75 bruife
544 1242 66 75 flax
626 1242 38 75 or
677 1242 107 75 hemp,

201 1289 209 75 BRAKEL,
437 1289 19 75 a
471 1289 86 75 town
570 1289 40 75 of
621 1289 56 75 the
692 1289 156 75 bifliopric
860 1289 40 75 of
910 1289 199 75 Paderborn,
1127 1289 32 75 in
1176 1289 56 75 the

249 1334 95 75 circle
364 1334 39 75 of
415 1334 210 75 Wettpha.lia,
651 1334 33 75 in
700 1334 188 75 Germany;
917 1334 42 75 E.
985 1334 86 75 long.
1092 1334 20 75 9
1112 1316 20 49 0
1132 1334 12 75 ,
1171 1334 61 75 and

251 1381 46 75 N.
314 1381 58 75 lat.
395 1381 63 75 yt°
475 1381 68 75 40'.

202 1428 62 75 BR
269 1428 240 75 ALROENS,
534 1428 60 75 one
607 1428 39 75 of
658 1428 55 75 the
737 1428 253 75 Sundadflands,
1015 1428 89 75 lying
1120 1428 110 75 north-

249 1473 61 75 eatt
328 1473 39 75 of
379 1473 93 75 Java,
499 1473 31 75 in
549 1473 20 75 4
569 1455 22 49 0
613 1473 52 75 30'
683 1473 47 75 N.
748 1473 58 75 lat.

202 1520 186 75 BRAMA,
414 1520 32 75 in
463 1520 222 75 ichthyology,
711 1520 54 75 the
782 1520 106 75 trivial
910 1520 90 75 name
1025 1520 38 75 of
1081 1520 19 75 a
1116 1520 116 75 fpecies

250 1565 40 75 of
301 1565 162 75 cyprinus.
514 1565 62 75 See
593 1565 219 75 Cyprinus.

203 1613 63 75 BR
273 1613 188 75 AMANT,
487 1613 16 75 a
521 1613 86 75 town
625 1613 39 75 of
677 1613 119 75 Savoy,
825 1613 40 75 35
887 1613 89 75 miles
994 1613 187 75 north-weft
1197 1613 41 75 of

247 1658 129 75 Turin;
404 1658 43 75 E.
468 1658 88 75 long.
576 1658 38 75 6°
628 1658 70 75 45',
724 1658 125 75 andN.
869 1658 58 75 lat.
947 1658 40 75 45
998 1658 30 75 °.

202 1705 250 75 BRAMBER,
478 1705 18 75 a
511 1705 250 75 borough-town
778 1705 41 75 of
832 1705 124 75 Sulfex,
971 1705 101 75 about
1090 1705 39 75 r6
1143 1705 90 75 miles

250 1750 172 75 fouth-eatt
449 1750 40 75 of
511 1750 174 75 Grinded;
714 1750 60 75 W.
803 1750 88 75 long.
924 1750 35 75 15
977 1750 9 75 ,
1022 1750 62 75 and
1100 1750 48 75 N.
1173 1750 59 75 lat.

256 1799 62 75 90°
342 1799 42 75 jo
384 1781 10 49 /
394 1799 12 75 .
455 1799 33 75 It
505 1799 90 75 fends
611 1799 64 75 two
693 1799 155 75 members
866 1799 34 75 to
917 1799 198 75 parliament.

204 1843 248 75 BRAMBLE,
478 1843 37 75 or
531 1843 319 75 Bramlle-bush,
877 1843 30 75 in
925 1843 132 75 botany,
1075 1843 55 75 the
1142 1843 90 75 Eng-

253 1889 55 75 lilh
327 1889 90 75 name
429 1889 40 75 of
480 1889 55 75 the
553 1889 109 75 rubus.
713 1889 61 75 See
791 1889 148 75 Rubus.

204 1935 295 75 Bramble-net,
517 1935 169 75 otherwife
697 1935 102 75 called
813 1935 125 75 hallier,
958 1935 27 75 is
998 1935 18 75 a
1027 1935 55 75 net
1093 1935 35 75 to
1140 1935 93 75 catch

252 1982 86 75 birds
357 1982 43 75 in,
426 1982 40 75 of
488 1982 118 75 feveral
622 1982 98 75 fizes;
747 1982 55 75 the
829 1982 90 75 great
941 1982 119 75 malhes
1087 1982 79 75 mutt
1193 1982 40 75 be

251 2028 73 75 four
335 2028 108 75 inches
461 2028 132 75 fqaure;
620 2028 90 75 thofe
721 2028 40 75 of
772 2028 55 75 th.e
843 2028 76 75 leaft
935 2028 63 75 fize
1014 2028 53 75 are
1080 2028 91 75 three
1195 2028 38 75 or

253 2075 73 75 four
342 2075 108 75 inches
468 2075 130 75 fquare;
625 2075 63 75 and
703 2075 90 75 thofe
814 2075 40 75 of
864 2075 56 75 the
937 2075 118 75 biggeft
1072 2075 72 75 five.
1194 2075 37 75 In

251 2122 55 75 the
328 2122 112 75 depth,
466 2122 77 75 they
566 2122 111 75 fliould
695 2122 62 75 .not
784 2122 40 75 be
852 2122 100 75 above
981 2122 90 75 three
1096 2122 39 75 or
1158 2122 74 75 four

253 2167 129 75 inches;
411 2167 58 75 but
485 2167 32 75 as
536 2167 50 75 for
598 2167 56 75 the
669 2167 124 75 length,
811 2167 77 75 they
900 2167 73 75 may
985 2167 38 75 be
1035 2167 152 75 enlarged
1202 2167 33 75 at

253 2214 162 75 pleafure;
442 2214 54 75 the
510 2214 128 75 fhorteft
655 2214 94 75 being
766 2214 145 75 eigtheen
928 2214 63 75 feet
1005 2214 87 75 long.

206 2259 202 75 Bramble,
433 2259 38 75 or
496 2259 248 75 Brambling.
770 2259 32 75 in
830 2259 217 75 ornithology,
1073 2259 55 75 the
1144 2259 90 75 Eng-

256 2307 53 75 lilh
327 2307 90 75 name
429 2307 40 75 of
480 2307 19 75 a
514 2307 116 75 fpecies
646 2307 40 75 of
698 2307 152 75 fringilla.
900 2307 61 75 See
974 2307 123 75 Bring
1107 2307 61 75 ill
1174 2307 37 75 a.

207 2353 234 75 BRAMIN3,
466 2353 55 75 the
537 2353 91 75 name
645 2353 39 75 of
705 2353 56 75 the
777 2353 109 75 priefts
910 2353 115 75 among
1052 2353 55 75 the
1134 2353 102 75 idola-

254 2400 88 75 trous
358 2400 151 75 Indians;
528 2400 55 75 the
595 2400 166 75 fucceflbrs
774 2400 40 75 of
825 2400 55 75 the
896 2400 125 75 ancient
1033 2400 200 75 brachmans.

256 2447 61 75 See
330 2447 259 75 Brachmans.

208 2492 281 75 BRxAMPORE,
508 2492 17 75 a
538 2492 85 75 town
636 2492 40 75 of
687 2492 54 75 the
754 2492 117 75 Blither
888 2492 168 75 Peninfula
1068 2492 40 75 of
1119 2492 113 75 India;

256 2540 43 75 E.
318 2540 86 75 long.
427 2540 41 75 77
468 2522 19 49 0
487 2540 14 75 ,
526 2540 121 75 andN.
665 2540 57 75 lat.
742 2540 38 75 21
780 2522 27 49 0
829 2540 54 75 30'
883 2540 12 75 .

208 2584 286 75 BRAMPTON,
528 2584 19 75 a
565 2584 227 75 market-town
816 2584 40 75 of
880 2584 230 75 Cumberland,
1138 2584 97 75 about

255 2631 47 75 fix
320 2631 88 75 miles
420 2631 176 75 north-eaft
608 2631 39 75 of
656 2631 135 75 Carlifle
804 2631 11 75 ;
840 2631 60 75 W.
917 2631 88 75 long.
1028 2631 18 75 2
1046 2613 19 49 0
1079 2631 68 75 40',
1174 2631 62 75 and

255 2679 48 75 N.
322 2679 57 75 lat.
401 2679 40 75 54
441 2661 23 49 0
484 2679 54 75 50'
538 2679 12 75 .

208 2724 290 75 BRAMYARD.
524 2724 17 75 a
558 2724 225 75 market-town
804 2724 40 75 of
855 2724 256 75 Herefordlhire,
1139 2724 97 75 about

261 2772 38 75 12
327 2772 90 75 miles
441 2772 175 75 north-eaft
636 2772 40 75 of
694 2772 184 75 Hereford;
904 2772 61 75 W.
989 2772 89 75 long.
1106 2772 18 75 2
1124 2754 23 49 0
1168 2772 67 75 30',

258 2816 58 75 and
334 2816 46 75 N.
401 2816 56 75 lat.
479 2816 40 75 52
519 2798 19 49 0
557 2816 54 75 20'
611 2816 12 75 .

209 2862 145 75 BRAN,
381 2862 55 75 the
464 2862 81 75 fltins
570 2862 37 75 or
629 2862 93 75 hulks
751 2862 40 75 of
813 2862 88 75 corn,
935 2862 168 75 efpecially
1130 2862 106 75 wheat

256 2909 133 75 ground,
408 2909 164 75 feparated
587 2909 84 75 from
687 2909 54 75 the
757 2909 81 75 flour
854 2909 44 75 by
914 2909 17 75 a
944 2909 80 75 fieve
1039 2909 38 75 or
1093 2909 140 75 boulter.

303 2955 31 75 It
357 2955 26 75 is
408 2955 38 75 of
457 2955 199 75 wheat-bran
681 2955 69 75 that
768 2955 242 75 ftarch-makers
1038 2955 94 75 make
1149 2955 84 75 their

256 3001 112 75 ftarch.
416 3001 77 75 The
517 3001 94 75 dyers
640 3001 117 75 reckon
785 3001 79 75 bran
891 3001 115 75 among
1032 3001 56 75 the
1104 3001 128 75 not-co-

1331 223 130 75 lourirg
1478 223 112 75 drugs,
1618 223 62 75 and
1708 223 52 75 ufe
1776 223 26 75 it
1820 223 50 75 for
1887 223 142 75 making,
2053 223 87 75 what
2158 223 74 75 they
2247 223 74 75 call,

1337 270 52 75 the
1408 270 81 75 Jour
1504 270 138 75 •waters,
1668 270 79 75 with
1764 270 105 75 which
1887 270 77 75 they
1988 270 132 75 prepare
2136 270 83 75 their
2235 270 86 75 leve-

1330 316 49 75 ral
1399 316 92 75 dyes.

1285 363 216 75 BRANCH,
1527 363 32 75 in
1587 363 134 75 botany,
1753 363 38 75 an
1818 363 67 75 arm
1914 363 40 75 of
1977 363 17 75 a
2020 363 81 75 tree,
2126 363 38 75 or
2191 363 18 75 a
2236 363 83 75 part,

1335 408 117 75 which,
1478 408 163 75 iproming
1658 408 57 75 out
1738 408 85 75 from
1843 408 56 75 the
1925 408 109 75 trunk,
2059 408 90 75 helps
2175 408 35 75 to
2236 408 85 75 form

1328 455 54 75 the
1400 455 86 75 head
1503 455 36 75 or
1558 455 107 75 crown
1684 455 139 75 thereof.

1279 500 208 75 Branches
1508 500 42 75 of
1558 500 20 75 a
1598 500 117 75 bridle,
1733 500 32 75 in
1782 500 55 75 the
1853 500 144 75 manege,
2016 500 53 75 are
2087 500 66 75 two
2169 500 103 75 pieces
2285 500 41 75 of

1326 547 70 75 iron
1413 547 140 75 bended,
1580 547 122 75 which,
1727 547 33 75 in
1778 547 55 75 the
1850 547 148 75 interval,
2023 547 143 75 between
2186 547 54 75 the
2257 547 62 75 one

1328 594 60 75 and
1412 594 55 75 the
1491 594 107 75 other,
1624 594 78 75 bear
1728 594 56 75 the
1802 594 190 75 bit-mouth,
2023 594 55 75 the
2095 594 222 75 crofs-chains,

1328 640 60 75 and
1405 640 55 75 the
1485 640 99 75 curb;
1611 640 34 75 fo
1663 640 70 75 that
1750 640 41 75 on
1817 640 60 75 one
1894 640 63 75 end
1982 640 78 75 they
2077 640 119 75 anfwer
2212 640 35 75 to
2263 640 56 75 the

1325 685 182 75 head-ftall,
1533 685 61 75 and
1617 685 41 75 on
1675 685 55 75 the
1753 685 95 75 other
1870 685 35 75 to
1922 685 57 75 the
1997 685 96 75 reins,
2120 685 32 75 in
2168 685 97 75 order
2282 685 35 75 to

1326 733 79 75 keep
1422 733 54 75 the
1493 733 120 75 horfe’s
1630 733 83 75 head
1738 733 31 75 in
1788 733 187 75 fubjeffion.
2033 733 97 75 With
2151 733 114 75 regard
2281 733 36 75 to

1326 778 84 75 their
1434 778 83 75 form
1546 778 61 75 and
1634 778 163 75 ftrudlure,
1821 778 155 75 branches
2001 778 53 75 are
2078 778 103 75 either
2207 778 101 75 ftrait,

1329 825 31 75 in
1378 825 83 75 form
1487 825 38 75 of
1550 825 18 75 a
1583 825 104 75 piftol,
1713 825 52 75 for
1793 825 108 75 young
1929 825 108 75 horfes
2055 825 34 75 to
2119 825 83 75 form
2232 825 85 75 their

1325 871 133 75 mouth;
1491 871 49 75 or,
1567 871 82 75 after
1678 871 54 75 the
1758 871 160 75 conftable
1944 871 41 75 of
2005 871 150 75 Brance’s
2181 871 134 75 falhion,

1326 917 114 75 proper
1465 917 50 75 for
1532 917 19 75 a
1566 917 93 75 horfe
1684 917 71 75 that
1775 917 117 75 carries
1909 917 49 75 his
1980 917 83 75 head
2081 917 85 75 well.
2218 917 97 75 Some

1326 964 53 75 are
1392 964 31 75 in
1435 964 85 75 form
1532 964 39 75 of
1583 964 18 75 a
1613 964 90 75 gigot
1717 964 38 75 or
1767 964 64 75 leg,
1849 964 105 75 which
1969 964 66 75 will
2054 964 130 75 prevent
2202 964 110 75 horfes

1328 1010 83 75 from
1429 1010 148 75 carrying
1588 1010 57 75 too
1661 1010 84 75 low:
1774 1010 97 75 Some
1888 1010 33 75 in
1938 1010 84 75 form
2036 1010 40 75 of
2089 1010 17 75 a
2127 1010 75 75 bent
2221 1010 95 75 knee,

1329 1056 167 75 contrived
1520 1056 53 75 for
1597 1056 108 75 horfes
1728 1056 71 75 that
1817 1056 66 75 arm
1902 1056 190 75 themfelves
2117 1056 117 75 again!!
2259 1056 56 75 the

1331 1102 166 75 operation
1514 1102 41 75 of
1573 1102 56 75 the
1652 1102 69 75 bit;
1748 1102 62 75 and
1827 1102 108 75 others
1953 1102 83 75 after
2052 1102 55 75 the
2124 1102 124 75 Breach
2267 1102 47 75 fa-

1334 1149 100 75 fhion,
1451 1149 105 75 which
1577 1149 27 75 is
1620 1149 115 75 hardly
1747 1149 98 75 about
1860 1149 26 75 \
1901 1149 40 75 of
1951 1149 38 75 an
2006 1149 73 75 inch
2097 1149 31 75 at
2152 1149 55 75 the
2223 1149 94 75 levile

1333 1195 89 75 hole,
1448 1195 63 75 and
1528 1195 107 75 kneed,
1710 1195 73 75 inch
1801 1195 32 75 at
1849 1195 55 75 the
1917 1195 101 75 jarret
2035 1195 36 75 or
2086 1195 87 75 ham.

1377 1241 32 75 It
1424 1241 27 75 is
1467 1241 35 75 to
1515 1241 40 75 be
1570 1241 165 75 obferved,
1760 1241 27 75 t.
1804 1241 93 75 That
1915 1241 56 75 the
1987 1241 122 75 farther
2123 1241 55 75 the
2194 1241 119 75 branch

1330 1287 26 75 is
1373 1287 83 75 from
1474 1287 38 75 an
1540 1287 120 75 horfe’s
1676 1287 92 75 neck,
1794 1287 55 75 the
1873 1287 88 75 more
1978 1287 93 75 effedt
2093 1287 26 75 it
2137 1287 65 75 will
2218 1287 92 75 have.

1330 1336 34 75 2*
1393 1336 91 75 That
1510 1336 86 75 fhort
1612 1336 168 75 branches,
1809 1336 125 75 cceteris
1956 1336 147 75 paribus,
2133 1336 53 75 are
2203 1336 107 75 ruder,

1331 1379 61 75 and
1407 1379 85 75 their
1508 1379 109 75 effedls
1633 1379 89 75 more
1737 1379 135 75 ^ndden,
1886 1379 75 75 than
1971 1379 89 75 thofe
2076 1379 40 75 of
2126 1379 123 75 longer.
2277 1379 34 75 3.

1327 1425 92 75 That
1437 1425 55 75 the
1519 1425 118 75 branch
1655 1425 27 75 is
1706 1425 33 75 to
1753 1425 43 75 be
1824 1425 227 75 proportioned
2067 1425 34 75 to
2129 1425 55 75 the
2200 1425 112 75 length

1328 1472 39 75 of
1379 1472 18 75 a
1412 1472 120 75 horfe’s
1549 1472 101 75 neck;
1677 1472 62 75 and
1755 1472 60 75 one
1832 1472 71 75 may
1925 1472 109 75 fooner
2057 1472 51 75 err
2124 1472 33 75 in
2184 1472 128 75 chuling

1329 1518 59 75 one
1406 1518 154 75 toofliort
1576 1518 77 75 than
1670 1518 55 75 too
1741 1518 87 75 long.

1283 1564 208 75 Branches
1513 1564 42 75 of
1562 1564 118 75 ogives,
1705 1564 32 75 in
1754 1564 219 75 architedhire,
1998 1564 54 75 are
2068 1564 56 75 the
2150 1564 109 75 arches
2276 1564 41 75 of

1330 1611 124 75 Gothic
1480 1611 116 75 vaults.
1658 1611 113 75 Thefe
1789 1611 120 75 .arches
1942 1611 172 75 traverfing
2141 1611 84 75 from
2251 1611 61 75 one

1330 1657 92 75 angle
1438 1657 35 75 to
1501 1657 134 75 another
1652 1657 148 75 diagonal
1818 1657 86 75 wife,
1930 1657 83 75 form
2029 1657 20 75 a
2067 1657 84 75 crof?
2167 1657 143 75 between

1330 1703 54 75 the
1400 1703 94 75 other
1510 1703 124 75 arches,
1659 1703 106 75 which
1781 1703 91 75 make
1888 1703 56 75 the
1961 1703 78 75 iides
2058 1703 41 75 of
2110 1703 55 75 the
2182 1703 126 75 fquare,

1330 1749 38 75 of
1382 1749 105 75 which
1506 1749 54 75 the
1577 1749 110 75 arches
1705 1749 52 75 are
1774 1749 177 75 diagonals.

1283 1796 161 75 Branch
1463 1796 43 75 of
1512 1796 21 75 a
1549 1796 124 75 trench.
1725 1796 61 75 See
1802 1796 156 75 Boyau.

1283 1842 159 75 Branch
1462 1842 44 75 of
1512 1842 21 75 a
1550 1842 96 75 mine.
1697 1842 60 75 See
1773 1842 205 75 Gallery.

1282 1888 322 75 Branch-stand,
1630 1888 77 75 with
1724 1888 169 75 falconers,
1921 1888 18 75 a
1951 1888 81 75 term
2057 1888 75 75 ufed
2145 1888 36 75 to
2198 1888 113 75 fignlfy

1330 1934 54 75 the
1396 1934 128 75 making
1539 1934 19 75 a
1574 1934 95 75 hawk
1680 1934 70 75 leap
1767 1934 84 75 from
1867 1934 67 75 tree
1951 1934 34 75 to
2002 1934 80 75 tree,
2108 1934 51 75 till
2175 1934 55 75 the
2245 1934 65 75 dog

1330 1980 119 75 fprings
1467 1980 54 75 the
1537 1980 103 75 game.

1282 2027 279 75 BRANCHER,
1587 2027 114 75 among
1718 2027 184 75 fportfmen,
1920 2027 19 75 a
1955 2027 106 75 young
2072 2027 107 75 hawk,
2204 2027 106 75 newdy

1332 2073 92 75 taken
1448 2073 56 75 out
1524 2073 40 75 of
1585 2073 55 75 the
1667 2073 78 75 nett,
1769 2073 71 75 that
1856 2073 58 75 can
1941 2073 63 75 hop
2032 2073 85 75 from
2142 2073 107 75 bough
2273 2073 37 75 to

1331 2119 119 75 bough.

1283 2169 279 75 BRANCHIAL
1588 2169 38 75 or
1643 2169 127 75 gills,
1789 2169 30 75 in
1837 2169 56 75 the
1908 2169 151 75 anatomy
2074 2169 40 75 of
2124 2169 102 75 fifhes,
2251 2169 57 75 the

1331 2213 86 75 parts
1434 2213 245 75 correfponding
1704 2213 37 75 to
1763 2213 55 75 the
1833 2213 94 75 lungs
1948 2213 39 75 of
2006 2213 235 75 land-animals,
2266 2213 43 75 by

1331 2258 104 75 which
1460 2258 89 75 fifties
1573 2258 75 75 take
1676 2258 31 75 in
1731 2258 62 75 and
1820 2258 106 75 throw
1949 2258 58 75 out
2037 2258 92 75 again
2145 2258 19 75 a
2191 2258 120 75 certain

1333 2304 147 75 quantity
1497 2304 39 75 of
1548 2304 110 75 water,
1683 2304 219 75 impregnated
1919 2304 78 75 with
2024 2304 57 75 air.
2132 2304 59 75 All
2207 2304 102 75 fifties,

1332 2351 116 75 except
1471 2351 55 75 the
1549 2351 165 75 cetaceous
1742 2351 75 75 ones
1840 2351 63 75 and
1926 2351 55 75 the
1998 2351 232 75 petromyzum,
2256 2351 54 75 are

1332 2398 159 75 furniftied
1507 2398 77 75 with
1602 2398 86 75 thefe
1712 2398 115 75 organs
1843 2398 41 75 of
1902 2398 182 75 refpiration
2099 2398 11 75 ;
2137 2398 103 75 which
2257 2398 55 75 are

1333 2444 117 75 always
1466 2444 89 75 eight
1571 2444 31 75 in
1619 2444 145 75 number,
1789 2444 73 75 four
1877 2444 42 75 on
1935 2444 78 75 each
2038 2444 63 75 fide
2115 2444 56 75 the
2187 2444 122 75 throat.

1330 2490 92 75 That
1438 2490 78 75 next
1541 2490 54 75 the
1619 2490 92 75 heart
1727 2490 27 75 is
1779 2490 118 75 always
1923 2490 56 75 the
1994 2490 87 75 leaft,
2106 2490 55 75 the
2178 2490 61 75 reft
2260 2490 48 75 in-

1332 2536 137 75 creafing
1495 2536 32 75 in
1543 2536 96 75 order
1663 2536 33 75 as
1715 2536 78 75 they
1813 2536 90 75 Hand
1923 2536 76 75 near
2025 2536 57 75 the
2097 2536 82 75 head
2196 2536 39 75 of
2255 2536 55 75 the

1332 2583 67 75 fifh.

1378 2629 90 75 Each
1485 2629 40 75 of
1536 2629 87 75 thefe
1639 2629 73 75 gills
1728 2629 26 75 is
1772 2629 168 75 compofed
1964 2629 40 75 of
2026 2629 18 75 a
2070 2629 88 75 bony
2178 2629 129 75 laming,

1331 2675 31 75 in
1380 2675 81 75 form
1478 2675 40 75 of
1535 2675 17 75 a
1568 2675 184 75 femicircle,
1778 2675 51 75 for
1851 2675 55 75 the
1922 2675 78 75 moft
2016 2675 92 75 part;
2136 2675 62 75 and
2214 2675 41 75 on
2267 2675 42 75 its

1330 2721 125 75 convex
1471 2721 64 75 fide
1551 2721 88 75 ftand
1663 2721 55 75 the
1742 2721 104 75 leaves
1868 2721 37 75 or
1928 2721 146 75 lamella?,
2100 2721 64 75 like
2184 2721 34 75 fo
2240 2721 69 75 ma-

1330 2768 42 75 ny
1388 2768 122 75 fickles.
1557 2768 78 75 The
1652 2768 103 75 whole
1771 2768 125 75 convex
1911 2768 72 75 part
1998 2768 40 75 of
2061 2768 55 75 the
2131 2768 134 75 lamellse
2281 2768 28 75 is

1331 2815 85 75 befet
1434 2815 78 75 with
1529 2815 97 75 hairs,
1652 2815 104 75 which
1774 2815 54 75 are
1844 2815 120 75 longeft
1979 2815 75 75 near
2071 2815 54 75 the
2141 2815 84 75 bafe,
2246 2815 63 75 and

1330 2860 143 75 decreafe
1488 2860 167 75 gradually
1672 2860 33 75 as
1722 2860 75 75 they
1810 2860 159 75 approach
1981 2860 139 75 towards
2137 2860 55 75 the
2206 2860 102 75 point.

1329 2907 112 75 There
1456 2907 54 75 are
1532 2907 64 75 alfo
1612 2907 84 75 hairs
1714 2907 41 75 on
1771 2907 56 75 the
1842 2907 137 75 concave
1997 2907 63 75 fide
2076 2907 41 75 of
2127 2907 55 75 the
2197 2907 113 75 lamel-

1328 2954 50 75 lae,
1404 2954 58 75 but
1478 2954 119 75 ftiorter
1611 2954 76 75 than
1705 2954 55 75 the
1780 2954 123 75 others,
1921 2954 62 75 and
1999 2954 172 75 continued
2186 2954 77 75 only
2273 2954 37 75 to

1325 3001 39 75 its
1381 3001 131 75 middle.

2232 3046 76 75 The
