2456 3337
511 123 42 52 A
601 123 36 52 B
687 123 35 52 L

1099 123 97 52 (5

183 206 95 37 being
292 206 89 37 often
399 206 195 37 condemned
605 206 36 37 to
656 206 56 37 the
729 206 113 37 mines,
867 206 208 37 banishment,
1100 206 64 37 and

184 249 177 37 fometimes
379 249 162 37 capitally.

139 295 296 37 AB1GEATUS,
461 295 37 37 or
520 305 200 24 ABACTUS,
748 295 115 37 among
886 295 191 37 phyficians,
1103 300 60 30 figr

184 343 87 37 nifies
289 343 18 37 a
318 343 198 37 mifearriage
528 343 135 37 effected
674 343 42 37 by
733 343 62 37 art.

136 387 209 37 ABIG1ES,
371 387 18 37 a
404 387 83 37 term
510 387 32 37 in
567 387 55 37 the
645 387 129 37 Roman
797 387 75 37 law,
897 387 126 37 applied
1044 387 36 37 to
1104 387 60 37 one

184 433 73 37 who
270 433 63 37 had
344 433 80 37 been
437 433 102 37 guilty
549 433 39 37 of
595 433 55 37 the
662 433 97 37 crime
769 443 100 24 ABIG
877 434 74 36 EAT
960 433 10 37 ;
982 433 105 37 which
1099 433 64 37 fee.

135 479 214 37 ABILITY,
367 479 19 37 a
398 479 82 37 term
496 479 32 37 in
540 479 74 37 law,
627 479 156 37 denoting
793 479 18 37 a
821 479 108 37 power
941 479 39 37 of
987 479 97 37 doing
1095 479 69 37 cer-

183 525 66 37 tain
259 525 117 37 actions
387 525 33 37 in
430 525 247 37 theacquifition
686 525 36 37 or
733 525 211 37 transferring
953 525 40 37 of
998 525 166 37 property.

136 571 277 37 ABINGDON,
447 571 20 37 a
490 571 87 37 town
606 571 39 37 of
663 571 181 37 Berklhire,
870 571 162 37 England,
1057 571 108 37 feated

183 617 42 37 on
245 617 55 37 the
317 617 158 37 Thames,
499 617 98 37 about
620 617 39 37 55
679 617 89 37 miles
784 617 62 37 W.
864 617 40 37 of
922 617 153 37 London,
1102 617 62 37 and

185 663 86 37 gives
285 663 71 37 title
373 663 40 37 of
424 663 78 37 Earl
521 663 34 37 to
568 663 54 37 the
639 663 96 37 noble
751 663 112 37 family
880 663 40 37 of
938 663 125 37 Bertie.

134 708 378 37 AB-INTESTATE,
545 708 33 37 in
600 708 56 37 the
681 708 73 37 civil
779 708 73 37 law,
884 708 27 37 is
937 708 127 37 applied
1085 708 35 37 to
1146 708 19 37 a

185 755 110 37 perfon
318 755 73 37 who
406 755 132 37 inherits
555 755 56 37 the
635 755 87 37 right
747 755 40 37 of
806 755 61 37 one
883 755 75 37 who
982 755 77 37 died
1081 755 82 37 inte-

185 801 88 37 ffate,
298 801 37 37 or
346 801 135 37 without
493 801 128 37 making
632 795 21 45 a
668 801 79 37 will.
797 801 62 37 See
875 802 240 36 INTESTATE.

135 847 315 37 ABISHERING,
476 847 18 37 a
509 847 82 37 term
607 847 103 37 found
726 847 32 37 in
778 847 58 37 old
847 847 62 37 law
925 847 114 37 books,
1064 847 100 37 deno-

183 892 68 37 ting
268 892 18 37 a
309 892 119 37 liberty
445 892 37 37 or
500 892 145 37 freedom
662 892 85 37 from
763 892 44 37 all
824 892 253 37 amerciaments,
1093 892 73 37 .and

183 939 18 37 a
217 939 86 37 right
319 939 35 37 to
375 939 93 37 exa<5t
488 939 185 37 forfeitures
691 939 42 37 of
744 939 122 37 others.

135 990 132 37 ABIT,
291 990 38 37 or
351 1000 144 24 ABOIT,
520 990 141 37 obfolete
678 990 99 37 terms
802 990 52 37 for
877 990 109 37 cerufe
1006 990 38 37 or
1065 990 101 37 white

183 1031 85 37 lead.
317 1031 63 37 See
395 1041 154 24 CERUSE
571 1031 64 37 and
654 1041 252 24 CHEMISTRY.

134 1077 329 37 ABJURATION,
496 1077 33 37 in
556 1077 60 37 our
638 1077 128 37 ancient
793 1077 147 37 cuftoms,
966 1077 133 37 implied
1114 1077 51 37 ;an

182 1123 89 37 oath,
289 1123 96 37 taken
401 1123 44 37 by
461 1123 18 37 a
495 1123 112 37 perfon
622 1123 105 37 guilty
738 1123 42 37 of
790 1123 122 37 felony,
931 1123 62 37 and
1009 1123 74 37 who
1099 1123 67 37 had

180 1170 65 37 fled
261 1170 35 37 to
319 1170 19 37 a
354 1170 92 37 place
462 1170 40 37 of
512 1170 176 37 fanffuary,
715 1170 151 37 whereby
883 1170 41 37 he
937 1170 156 37 folemnly
1109 1170 55 37 en-

183 1216 102 37 gaged
300 1216 35 37 to
351 1216 89 37 leave
462 1216 56 37 the
539 1216 154 37 kingdom
709 1216 54 37 for
779 1216 86 37 ever.

135 1274 268 24 ABJURATION,
428 1264 28 37 is
480 1264 166 37 now.ufed
672 1264 35 37 to
735 1264 114 37 fi'gnify
875 1264 56 37 the
955 1264 208 37 renouncing,

183 1306 209 37 declaiming,
410 1306 64 37 and
488 1306 152 37 denying,
656 1306 87 37 upon
760 1306 88 37 oath,
866 1306 55 37 the
937 1306 177 37 Pretender
1130 1306 38 37 to

183 1355 81 37 have
274 1355 60 37 any
348 1355 79 37 kind
437 1355 40 37 of
485 1355 87 37 right
589 1355 35 37 to
640 1355 55 37 the
709 1355 107 37 crown
829 1355 40 37 of
880 1355 88 37 thefe
979 1355 184 37 kingdoms.

138 1401 255 36 ABJURATION
413 1400 44 37 of
470 1400 114 37 herefy,
609 1400 56 37 the
681 1400 119 37 folemn
824 1400 197 37 recantation
1046 1400 40 37 of
1103 1400 63 37 any

184 1446 142 37 doftrine
345 1446 34 37 as
395 1446 77 37 falfe
494 1446 62 37 and
571 1446 138 37 wicked.

137 1494 177 37 ABLAC,
339 1494 20 37 a
374 1494 89 37 fmall
480 1494 81 37 river
578 1494 32 37 in
629 1494 140 37 Swabia,
795 1494 107 37 which
918 1494 73 37 falls
1016 1494 70 37 into
1110 1494 56 37 the

185 1539 139 37 Danube
340 1539 56 37 not
413 1539 50 37 far
484 1539 84 37 from
592 1539 228 37 Furftenburg.
843 1539 4 37 .

137 1587 368 37 ABLACTATION,
524 1587 56 37 the
591 1587 145 37 w'eaning
750 1587 18 37 a
780 1587 89 37 child
879 1587 89 37 from
978 1587 56 37 the
1050 1587 114 37 bread.

187 1632 61 37 See
263 1632 214 37 WEANINC.

139 1678 301 36 ABLACTATION,
469 1671 32 45 in
520 1671 187 45 gardening,
731 1671 135 45 fignifies
891 1671 142 45 grafting
1048 1671 45 45 by
1111 1671 55 45 ap-

187 1715 130 45 proach.
369 1721 60 37 See
445 1722 213 36 GRAFTING
682 1715 63 45 and
761 1722 165 36 GARDEN
936 1722 9 36 I
956 1722 65 36 NG.

141 1766 435 37 ABLACQUEATION,
602 1766 39 37 an
668 1766 57 37 old
747 1766 83 37 term
846 1766 32 37 in
895 1766 186 37 gardening,
1107 1766 59 37 fig-

187 1811 87 37 nifies
292 1811 55 37 the
370 1811 179 37 operations
566 1811 40 37 of
617 1811 164 37 removing
797 1811 55 37 the
869 1811 91 37 earth
980 1811 65 37 and
1055 1811 112 37 baring

186 1856 55 37 the
252 1856 89 37 roots
353 1856 41 37 of
404 1856 84 37 trees
500 1856 33 37 in
544 1856 125 37 winter,
688 1856 34 37 to
733 1856 117 37 expofe
860 1856 89 37 them
960 1856 91 37 more
1062 1856 105 37 freely

186 1902 34 37 to
236 1902 55 37 the
310 1902 59 37 air,
394 1902 80 37 rain,
499 1902 114 37 fnows,
639 1902 65 37 foe.

137 1950 263 37 ABLATIVE,
426 1950 26 37 is
472 1950 55 37 the
552 1950 59 37 6th
637 1950 68 37 cafe
729 1950 33 37 in
789 1950 101 37 Latin
907 1950 170 37 grammar,
1102 1950 63 37 and

184 1995 138 37 peculiar
337 1995 36 37 to
389 1995 70 37 that
470 1995 167 37 language.
687 1995 32 37 It
731 1995 25 37 is
770 1995 140 37 oppofed
920 1995 36 37 to
971 1995 56 37 the
1043 1995 119 37 dative,

184 2041 104 37 which
305 2041 158 37 expreffes
480 2041 55 37 the
549 2041 102 37 a&ion
667 2041 41 37 of
713 2041 130 37 giving,
869 2041 63 37 and
947 2041 56 37 the
1026 2041 138 37 ablative

183 2088 70 37 that
269 2088 41 37 of
320 2088 113 37 taking
448 2088 107 37 away.

136 2135 176 37 ABLAY,
329 2135 38 37 or
379 2145 79 24 ABL
465 2145 54 24 AI,
536 2135 19 37 a
567 2135 136 37 country
713 2135 43 37 of
763 2135 108 37 Great
882 2135 156 37 Tartary,
1056 2135 106 37 whofe

182 2181 207 37 inhabitants,
415 2181 104 37 called
542 2181 157 37 Bochars,
724 2181 55 37 are
800 2181 112 37 vaffals
940 2181 40 37 of
1001 2181 56 37 tire
1079 2181 84 37 Ruf-

183 2226 91 37 fians.
323 2226 32 37 It
367 2226 58 37 lies
438 2226 34 37 to
488 2226 129 37 thaeaft
634 2226 41 37 of
686 2226 55 37 the
759 2226 89 37 Intis,
866 2226 62 37 and
940 2226 135 37 extends
1095 2226 67 37 500

183 2274 126 37 leagues
327 2274 96 37 along
442 2274 55 37 the
510 2274 153 37 fouthern
679 2274 213 37 frontiers,4of
906 2274 136 37 Siberia.
1069 2274 6 37 :

137 2320 227 37 ABLECTI,
378 2320 32 37 in
423 2320 127 37 Roman
562 2320 172 37 antiquity,
752 2320 19 37 a
779 2320 96 37 feleht
886 2320 88 37 body
985 2320 39 37 of
1030 2320 132 37 foldiers

184 2366 113 37 chofen
314 2366 85 37 from
417 2366 114 37 among
556 2366 90 37 thofe
671 2366 104 37 called
788 2376 219 24 EXTRAORD
1016 2376 108 24 INAIUI
1133 2376 26 24 I,

184 2412 105 37 which
305 2412 63 37 Fee.

135 2459 310 37 ABLEGMINA,
469 2459 115 37 among
609 2459 55 37 the
692 2459 126 37 ancient
840 2459 156 37 Romans,
1017 2459 147 37 hgnified

184 2504 89 37 thofe
289 2504 86 37 parts
392 2504 33 37 in
437 2504 54 37 the
503 2504 179 37 intrails-cf
692 2504 122 37 vi&ims
823 2504 109 37 which
944 2504 83 37 were
1039 2504 123 37 fprihk-

182 2551 54 37 led
251 2551 78 37 with
344 2551 95 37 flour,
464 2551 63 37 and
541 2551 199 37 biirnt.upon
755 2551 56 37 the
828 2551 94 37 altar,
936 2551 36 37 in
987 2551 178 37 facrificing

182 2596 35 37 to
234 2596 55 37 the
305 2596 92 37 gods.

136 2643 177 37 ABLET,
340 2643 38 37 or
393 2653 146 24 ABLEN,
565 2643 39 37 an
621 2643 142 37 obfblete
784 2643 92 37 name
892 2643 41 37 of
938 2643 61 37 the
1015 2643 55 37 fidi
1097 2643 64 37 cal-

183 2704 53 30 led

475 2699 61 37 See
548 2709 215 24 CYPRLXCS.

136 2736 275 37 ABLUENTS,
437 2736 32 37 in
489 2736 168 37 medicine,
683 2736 53 37 are
753 2736 56 37 the
820 2736 82 37 fame
918 2736 241 37 with.diluters.

136 2783 269 37 ABLUTION,
424 2783 18 37 a
462 2783 170 37 ceremony
647 2783 80 37 ufed
741 2783 48 37 by
804 2783 55 37 the
875 2783 125 37 ancient
1017 2783 143 37 Romans

184 2827 109 37 before
305 2827 78 37 they
394 2827 101 37 began
508 2827 54 37 the
574 2827 150 37 facrifice,
737 2827 104 37 which
855 2827 152 37 confided
1013 2827 35 37 in
1058 2827 103 37 wafh-

184 2871 54 37 ing
258 2871 55 37 the
333 2871 99 37 body.
480 2871 99 37 They
594 2871 78 37 very
685 2871 156 37 probably
852 2871 129 37 learned
997 2871 64 37 this
1074 2871 86 37 cere-

184 2918 97 37 mony
300 2918 84 37 from
401 2918 55 37 the
473 2918 98 37 Jews,
597 2918 33 37 as
658 2918 81 37 have
759 2918 64 37 iilfo
845 2918 56 37 the
916 2918 243 37 Mahometans,

185 2963 74 37 who
275 2963 60 37 dill
356 2963 129 37 piactife
507 2963 27 37 it
553 2963 79 37 with
650 2963 191 37 the-utmod
854 2963 166 37 drictnefs.

233 3016 97 30 VOL.
347 3016 29 30 I.
404 3011 73 37 No.
500 3011 30 37 x.

1257 131 20 52 )

1656 131 42 52 A
1747 131 36 52 B
1832 131 36 52 R

1211 205 223 30 ABLUTION,
1460 200 116 37 among
1591 200 158 37 chemids,
1774 200 56 37 the
1847 200 191 37 fweetening
2055 200 186 37 anymatter

1259 246 218 37 impregnated
1493 246 80 37 with
1590 246 88 37 falts,
1704 246 44 37 by
1764 246 184 37 repeatedly
1965 246 138 37 walhing
2119 246 26 37 it
2160 246 82 37 with

1259 291 77 37 pure
1353 291 112 37 water.
1515 291 62 37 See
1590 292 255 36 CHEMISTRY.

1213 338 224 36 ABLUTION,
1463 337 80 37 with
1560 337 188 37 phylicians,
1765 337 28 37 is
1809 337 104 37 either
1930 337 55 37 the
2000 337 138 37 wafliing
2156 331 40 45 of
2206 337 34 37 a-

1260 384 44 37 ny
1316 384 145 37 external
1474 384 71 37 part
1562 384 44 37 by
1622 384 146 37 bathing,
1794 384 37 37 or
1843 384 40 37 of
1890 384 55 37 the
1961 384 141 37 domach
2114 384 64 37 and
2192 384 49 37 iu-

1262 430 125 37 tedines
1404 430 198 37 by.diluting
1618 430 138 37 liquors.

1215 477 112 37 ABO,
1353 477 18 37 a
1387 477 66 37 city
1469 477 40 37 of
1522 477 149 37 Sweden,
1697 477 116 37 capital
1839 477 41 37 of
1902 477 150 37 Finland,
2078 477 108 37 feated
2208 477 34 37 at

1261 522 54 37 the
1328 522 111 37 mouth
1453 522 39 37 of
1503 522 57 37 the
1573 522 84 37 river
1668 522 166 37 Aurojoks
1847 522 41 37 on
1905 522 56 37 the
1973 522 98 37 gulph
2084 522 39 37 of
2135 522 105 37 Both-

1261 569 62 37 nia,
1344 569 57 37 24.
1418 569 36 37 o.
1472 569 47 37 N.
1537 569 44 37 E.
1609 569 40 37 of
1670 569 204 37 Stockholm,
1900 569 32 37 in
1957 569 58 37 lat.
2035 569 58 37 60.
2115 569 57 37 30,
2190 569 51 37 N.

1261 615 62 37 and
1338 615 88 37 long.
1449 615 57 37 21.
1526 615 55 37 30.
1602 615 44 37 E.

1211 661 217 37 ABOARD,
1454 655 132 45 fignifies
1604 655 62 45 any
1683 655 71 45 part
1766 661 42 37 on
1826 655 55 45 the
1897 655 82 45 deck
2001 655 38 45 or
2054 655 96 45 infide
2166 655 41 45 of
2223 661 20 37 a

1260 701 83 45 diip;
1370 701 99 45 hence
1486 701 62 45 any
1565 701 111 45 perfon
1693 701 75 45 who
1784 701 76 45 goes
1876 701 43 45 on
1931 701 54 45 the
2001 701 94 45 deck,
2120 701 37 45 or
2172 701 69 45 into

1260 748 55 45 the
1330 748 193 45 apartments
1543 748 39 45 of
1593 748 20 45 a
1627 748 79 45 fhip,
1731 748 28 45 is
1775 748 66 45 faid
1856 748 36 45 to
1909 748 42 45 go
1967 748 132 45 aboard.

1211 800 287 37 ABOLITION,
1524 800 124 37 implies
1662 800 54 37 the
1733 800 49 37 adt
1798 800 40 37 of
1849 800 176 37 annulling,
2044 800 195 37 dedroying,

1259 846 128 37 making
1398 846 88 37 void,
1512 846 37 37 or
1566 846 152 37 reducing
1735 846 34 37 to
1785 846 148 37 nothing.
1982 846 40 37 In
2037 846 75 37 law',
2136 846 27 37 it
2179 846 61 37 fig-

1260 892 88 37 nilies
1365 892 56 37 the
1439 892 160 37 repealing
1616 892 62 37 any
1698 892 61 37 law
1779 892 37 37 or
1832 892 126 37 datute.

1213 939 212 37 ABOLLA,
1450 939 56 37 the
1528 939 90 37 name
1646 939 40 37 of
1706 939 19 37 a
1752 939 141 37 military
1920 939 145 37 garment
2081 939 89 37 worn
2197 939 45 37 by

1260 985 55 37 the
1333 985 128 37 Greeks
1478 985 63 37 and
1558 985 157 37 Romans.

1212 1031 278 37 ABOMASUS,
1515 1032 235 36 ABOMASUM,
1769 1031 38 37 or
1818 1032 244 36 ABOMASIUS,
2082 1031 107 37 names
2207 1031 41 37 of

1259 1078 55 37 the
1335 1078 111 37 fourth
1464 1078 141 37 domach
1622 1078 40 37 of
1677 1078 193 37 ruminating
1887 1078 144 37 animals.
2078 1078 77 37 The
2176 1078 66 37 fird

1259 1124 140 37 domach
1426 1124 28 37 is
1481 1124 105 37 called
1611 1124 125 37 venter,
1761 1124 56 37 the
1841 1124 118 37 fecond
1974 1124 185 37 reticulum,
2185 1124 57 37 the

1258 1170 90 37 third
1367 1170 134 37 omafus,
1528 1170 63 37 and
1616 1170 56 37 the
1700 1170 111 37 fourth
1834 1170 163 37 abonuifts.
2053 1170 77 37 Tire
2152 1170 91 37 third

1259 1217 153 37 domach,
1437 1217 124 37 omafis,
1587 1217 25 37 is
1630 1217 126 37 endued
1783 1217 78 37 with
1878 1217 56 37 the
1951 1217 137 37 lingular
2115 1217 127 37 quality

1260 1263 40 37 of
1312 1263 146 37 curdling
1474 1263 91 37 milk.
1617 1263 68 37 But
1702 1263 55 37 the
1778 1263 91 37 truth
1891 1263 40 37 is,
1957 1263 56 37 the
2031 1263 156 37 domachs
2205 1263 42 37 of

1265 1310 110 37 aimed
1390 1310 43 37 all
1446 1310 145 37 animals,
1617 1310 147 37 whether
1775 1310 79 37 they
1865 1310 156 37 ruminate
2033 1310 37 37 or
2087 1310 70 37 not,
2174 1310 69 37 will

1260 1356 140 37 produce
1417 1356 55 37 the
1491 1356 83 37 fame
1595 1356 104 37 effedt,
1726 1356 130 37 though,
1867 1356 57 37 not
1939 1356 136 37 perhaps
2092 1356 32 37 in
2141 1356 41 37 an
2206 1356 34 37 e-

1259 1402 75 37 qual
1362 1402 128 37 degree,
1527 1402 33 37 as
1588 1402 56 37 the
1671 1402 155 37 domachs
1859 1402 40 37 of
1921 1402 104 37 calves
2052 1402 37 37 or
2122 1402 117 37 lambs.

1262 1448 61 37 See
1341 1449 125 36 MILK,
1493 1449 182 36 RUNNET.

1213 1494 367 37 ABOMINATION,
1606 1494 18 37 a
1647 1494 84 37 term
1747 1494 77 37 ufed
1838 1494 33 37 in
1885 1494 158 37 feripture
2060 1494 35 37 to
2112 1494 129 37 exprefs

1261 1540 96 37 idols,
1382 1540 154 37 idolatry,
1562 1540 65 37 foe.

1215 1586 313 37 ABORIGINES,
1554 1586 39 37 an
1621 1586 123 37 epithet
1768 1586 127 37 applied
1916 1586 35 37 to
1976 1586 56 37 the
2054 1586 137 37 original
2202 1586 39 37 or

1261 1632 64 37 fird
1342 1632 194 37 inhabitants
1554 1632 40 37 of
1611 1632 62 37 any
1690 1632 148 37 country,
1856 1632 58 37 but
1937 1632 207 37 particularly
2164 1632 77 37 ufed

1262 1676 35 37 to
1309 1676 113 37 fignify
1440 1676 55 37 the
1513 1676 126 37 ancient
1655 1676 194 37 inhabitants
1867 1676 41 37 of
1918 1676 145 37 Latium,
2088 1676 37 37 or
2142 1676 98 37 coun-

1263 1722 52 37 try
1334 1722 73 37 now
1423 1722 103 37 called
1537 1722 184 37 Campagna
1734 1722 35 37 di
1785 1722 113 37 Roma,
1922 1722 95 37 when
2027 1722 121 37 iEneas
2160 1722 80 37 with

1262 1769 48 37 his
1327 1769 144 37 Trojans
1488 1769 88 37 came
1594 1769 68 37 into
1678 1769 99 37 Italy.

1213 1815 268 37 ABORTION,
1505 1815 32 37 in
1550 1815 191 37 midw'ifery,
1766 1815 56 37 the
1833 1815 88 37 birth
1938 1815 40 37 of
1985 1815 18 37 a
2015 1815 97 37 foetus
2129 1815 127 37 before.,

1260 1860 27 37 it.
1308 1860 58 37 has
1383 1860 153 37 acquired
1551 1860 19 37 a
1588 1860 155 37 fufficient
1759 1860 116 37 degree
1890 1860 40 37 of
1942 1860 173 37 perfedtion
2131 1860 35 37 to
2183 1860 56 37 en-

1259 1908 72 37 able
1346 1908 26 37 it
1388 1908 34 37 to
1439 1908 140 37 perform
1596 1908 186 37 refpiration
1799 1908 62 37 and
1876 1908 56 37 the
1948 1908 95 37 other
2058 1908 79 37 vital
2148 1908 91 37 func-

1259 1954 98 37 tions.
1407 1954 62 37 See
1484 1955 256 36 MIDWIFE;RY,
1764 1954 85 37 title,
1875 1954 53 37 Of
1936 1954 175 37 abortions.

1213 2001 237 36 ABORTION,,
1467 1994 115 45 among
1611 1994 182 45 gardeners,
1818 1994 134 45 fignifies
1980 1994 76 45 fuch
2079 1994 95 45 fruits
2189 1994 49 45 as,

1260 2040 94 45 being
1370 2040 164 45 produced
1546 2040 56 45 too
1619 2040 84 45 eafy,
1729 2040 97 45 never
1842 2040 102 45 arrive
1961 2040 33 45 at
2010 2040 168 45 maturity.

1212 2093 265 37 ABORTIVE,
1510 2093 33 37 in
1576 2093 18 37 a
1621 2093 128 37 general
1773 2093 97 37 fenfe,
1907 2093 124 37 implies
2058 2093 61 37 any
2147 2093 92 37 thing

1259 2139 106 37 which
1388 2139 107 37 comes
1512 2139 112 37 before
1643 2139 42 37 its
1709 2139 116 37 proper
1840 2139 90 37 time,
1956 2139 38 37 or
2015 2139 174 37 mifearries
2206 2139 34 37 in

1258 2185 55 37 the
1329 2185 184 37 execution.

1211 2232 143 37 ABOY,
1372 2232 19 37 a
1405 2232 91 37 fmall
1508 2232 88 37 town
1607 2232 33 37 in
1652 2232 141 37 Ireland,
1805 2232 34 37 in
1854 2232 56 37 the
1924 2232 150 37 province
2086 2232 41 37 of
2138 2232 99 37 Lein-

1258 2277 72 37 der.

1211 2325 145 37 ABRA,
1382 2325 19 37 a
1416 2325 90 37 filver
1521 2325 72 37 coin
1610 2325 40 37 of
1660 2325 135 37 Poland,
1820 2325 33 37 in
1869 2325 92 37 value
1981 2325 111 37 nearly
2107 2325 130 37 equiva-

1257 2371 67 37 lent
1339 2371 36 37 to
1393 2371 39 37 an
1455 2371 132 37 Englifli
1606 2371 141 37 Hulling.

1211 2417 381 37 ABRACADABRA,
1618 2417 18 37 a
1647 2417 134 37 magical
1792 2417 92 37 word
1898 2417 38 37 or
1952 2417 89 37 fpell,
2058 2417 106 37 which
2180 2417 57 37 be-

1258 2463 55 37 ing
1328 2463 128 37 written
1473 2463 32 37 as
1518 2463 97 37 many
1630 2463 93 37 times
1737 2463 33 37 as
1786 2463 56 37 the
1854 2463 91 37 word
1956 2463 143 37 contains
2110 2463 126 37 letters,

1259 2509 63 37 and
1344 2509 149 37 omitting
1508 2509 56 37 the
1579 2509 57 37 lad
1654 2509 97 37 letter
1767 2509 41 37 of
1826 2509 55 37 the
1898 2509 120 37 former
2033 2509 96 37 every
2145 2509 89 37 time,

1259 2555 77 37 was,
1361 2555 33 37 in
1411 2555 55 37 the
1485 2555 73 37 ages
1580 2555 40 37 of
1632 2555 174 37 ignorance
1828 2555 64 37 and
1911 2555 209 37 fuperdition,
2146 2555 90 37 vvyrn

1258 2601 98 37 about
1372 2601 55 37 the
1444 2601 93 37 neck,
1563 2601 32 37 as
1614 2601 39 37 an
1672 2601 143 37 antidote
1830 2601 118 37 againd
1964 2601 96 37 agues
2075 2601 160 37 andfeve-

1259 2648 48 37 ral
1322 2648 93 37 other
1431 2648 132 37 difeaies

1211 2696 271 37 ABRAHAMr
1499 2696 97 37 balm,
1613 2690 33 45 in
1665 2696 132 37 botany,
1846 2696 63 37 See
1927 2697 211 36 CANNABIS.

1211 2742 368 37 ABRAHAMITES,
1610 2742 41 37 an
1679 2742 96 37 order
1799 2742 41 37 of
1858 2742 114 37 monks
2000 2742 236 37 exterminated

1213 2787 5 37 -
1258 2787 52 37 for
1325 2787 142 37 idolatry
1478 2787 43 37 by
1534 2787 204 37 Theophilus
1749 2787 33 37 in
1794 2787 55 37 the
1866 2787 91 37 ninth
1969 2787 145 37 century.
2153 2787 83 37 Alfo

1258 2834 54 37 the
1329 2834 91 37 name
1440 2834 40 37 of
1491 2834 133 37 another
1640 2834 61 37 fedt
1717 2834 40 37 of
1774 2834 138 37 heretics
1928 2834 75 37 who
2018 2834 65 37 had
2096 2834 140 37 adopted

1257 2880 56 37 the
1335 2880 105 37 errors
1466 2874 40 45 of
1520 2880 132 37 Paulus.
1702 2880 60 37 See
1778 2881 256 36 PAULICIANS.

1209 2927 232 37 ABRAMIS,
1458 2927 40 37 an
1514 2927 140 37 obfclete
1665 2927 91 37 name
1772 2927 52 37 for
1836 2927 54 37 the
1905 2927 55 37 filh
1973 2927 163 37 cyprinus.
2174 2927 62 37 See

1258 2976 214 36 CYPRINUS,

1630 3021 28 36 B

2063 3021 169 36 ABRASA,
