2493 3387
183 155 79 75 472

730 159 42 75 A
848 159 29 75 S
956 159 39 75 T
1073 159 37 75 R
1189 159 41 75 O
1308 159 44 75 N
1431 159 42 75 O
1552 156 48 75 M
1678 156 52 75 Y.

396 337 34 75 N

374 385 85 75 1751

376 430 89 75 1770

375 478 87 75 1788
482 478 8 75 •

376 522 88 75 1807

376 571 87 75 1826
377 599 12 49 i
389 617 76 75 844

589 266 122 75 Tears
739 266 43 75 in
812 266 134 75 which
975 266 67 75 the
1070 266 310 75 Harveft-moons
1410 266 69 75 are
1508 266 96 75 leaft
1632 266 211 75 beneficial.

565 386 86 75 1752

567 432 84 75 1771

566 479 87 75 17S9

567 526 85 75 1808

565 571 87 75 1827

566 622 86 75 1845

566 826 85 75 1761

565 872 88 75 1780

564 919 90 75 1799

565 966 86 75 1817

565 1013 88 75 1836

565 1059 87 75 1834

755 395 85 75 1753
757 433 85 75 1772

754 478 89 75 1790

755 524 87 75 1809

754 571 87 75 1828

755 618 88 75 1846

944 396 89 75 1754
946 432 84 75 1773

943 478 87 75 1791

945 524 88 75 18x0

944 572 88 75 1829

943 618 87 75 1847

1163 338 31 75 L

1134 394 86 75 175?

1135 443 90 75 1774

1134 480 85 75 1792

1134 525 59 75 l8l
1206 525 12 75 £

1135 569 88 75 1830

1321 388 89 75 1756

1325 442 87 75 1775

1324 473 12 49 1
1336 491 73 75 793

1323 527 84 75 1812

1323 572 85 75 1831

1323 619 87 75 1849

1512 397 87 75 1757
1516 435 87 75 1776

1513 491 89 75 1794

1512 526 86 75 1813

1513 574 87 75 1832

1513 620 88 75 1850

1700 391 87 75 1758

1705 434 88 75 1777

1703 490 86 75 *795

1701 527 89 75 1814

1702 584 86 75 1833
1702 621 84 75 1851

791 716 122 75 Tears
942 716 43 75 in
1013 716 132 75 which
1175 716 88 75 they
1292 716 69 75 are
1390 716 86 75 mojl
1506 716 207 75 beneficial.

1156 778 41 75 M

755 827 87 75 1762

753 872 85 75 1781

754 917 90 75 1800

754 965 86 75 1818

755 1011 99 75 1837'

755 1058 85 75 1855

945 826 85 75 1763

943 874 87 75 1782

944 919 84 75 1801

943 965 88 75 1819

945 1012 86 75 1838

944 1058 87 75 1856

1134 825 90 75 1764

1132 878 86 75 1783
1132 919 87 75 1802

1132 964 89 75 1820

1134 1021 88 75 1839

1132 1058 61 75 i8j
1193 1090 26 49 7

1324 826 85 75 1765

1321 872 90 75 1784

1321 919 86 75 1803

1321 966 83 75 1821

1322 1012 89 75 1840

1321 1059 87 75 1858

1512 827 89 75 1766

1511 874 86 75 1785

1510 920 88 75 1804

1508 968 87 75 1822

1510 1013 83 75 1841

1510 1060 88 75 1859

1703 828 88 75 1767

1702 876 88 75 1786

1699 920 86 75 1805

1700 967 84 75 1823

1698 1014 86 75 1842

1699 1059 88 75 i860

1918 341 23 75 S

1887 398 89 75 *759

1895 440 87 75 1778

1892 482 88 75 1796

1889 528 86 75 1815

1892 574 88 75 1834

1892 621 85 75 1852

1917 781 35 75 N

1893 829 87 75 1768

1893 874 87 75 1787

1887 921 88 75 1806

1888 967 87 75 1824

1886 1013 84 75 1843

1887 1060 86 75 1861

2083 831 87 75 1769

2077 970 62 75 182
2146 970 18 75 j

404 779 22 75 S

376 826 91 75 1760

376 873 88 75 1779

376 919 86 75 1798

374 966 89 75 1816

374 1016 88 75 1835

375 1059 86 75 1853

229 1151 49 75 At
294 1151 55 75 the
364 1151 91 75 polar
467 1151 125 75 circles,
617 1151 94 75 when
727 1151 57 75 the
796 1151 55 75 fpn
864 1151 133 75 touches
1008 1151 58 75 the
1081 1151 139 75 fummer

183 1198 116 75 tropic,
316 1198 41 75 he
374 1198 165 75 continues
553 1198 44 75 24
614 1198 99 75 hours
731 1198 100 75 above
847 1198 57 75 the
919 1198 150 75 horizon,
1095 1198 62 75 and
1174 1198 45 75 24

183 1244 99 75 hours
299 1244 104 75 below
419 1244 26 75 it
461 1244 92 75 when
574 1244 40 75 he
631 1244 134 75 touches
782 1244 56 75 the
854 1244 115 75 winter
984 1244 118 75 tropic.
1152 1244 67 75 For

183 1292 57 75 the
256 1292 83 75 fame
356 1292 122 75 reafon,
504 1292 56 75 the
575 1292 61 75 full
653 1292 96 75 moon
772 1292 125 75 neither
920 1292 76 75 rifes
1020 1292 32 75 in
1067 1292 151 75 fummer,

183 1337 61 75 nor
265 1337 63 75 fets
346 1337 31 75 in
394 1337 126 75 winter,
545 1337 196 75 confidering
765 1337 59 75 her
841 1337 33 75 as
897 1337 129 75 moving
1042 1337 32 75 in
1091 1337 56 75 the
1163 1337 52 75 ec-

185 1383 101 75 liptic.
336 1383 65 75 For
426 1383 56 75 the
505 1383 113 75 winter
642 1383 60 75 full
726 1383 96 75 moon
847 1383 95 75 being
968 1383 33 75 as
1017 1383 80 75 high
1112 1383 33 75 in
1161 1383 56 75 the

182 1430 129 75 ecliptic
334 1430 33 75 as
384 1430 56 75 the
464 1430 135 75 fummer
624 1430 69 75 fun,
718 1430 80 75 muft
823 1430 162 75 therefore
1008 1430 149 75 continue
1181 1430 33 75 as

183 1477 77 75 long
276 1477 101 75 above
393 1477 55 75 the
460 1477 157 75 horizon;
644 1477 61 75 and
718 1477 55 75 the
788 1477 137 75 fummer
941 1477 60 75 full
1014 1477 96 75 moon
1122 1477 95 75 being

183 1523 34 75 as
234 1523 65 75 low
314 1523 33 75 in
364 1523 55 75 the
435 1523 129 75 ecliptic
580 1523 34 75 as
631 1523 57 75 the
704 1523 115 75 winter
834 1523 69 75 fun,
928 1523 59 75 can
998 1523 42 75 no
1053 1523 88 75 more
1158 1523 61 75 rife

183 1569 77 75 than
277 1569 41 75 he
334 1569 92 75 does.
474 1569 67 75 But
558 1569 88 75 thefe
670 1569 53 75 are
747 1569 77 75 only
848 1569 56 75 the
929 1569 67 75 two
1019 1569 62 75 full
1106 1569 111 75 moons

183 1616 107 75 which
301 1616 125 75 happen
437 1616 99 75 about
552 1616 56 75 the
617 1616 132 75 tropics,
767 1616 53 75 for
830 1616 43 75 all
882 1616 55 75 the
953 1616 111 75 others
1081 1616 59 75 rife
1156 1616 62 75 and

184 1663 58 75 fet.
291 1663 41 75 In
348 1663 147 75 fummer,
520 1663 56 75 the
592 1663 61 75 full
671 1663 112 75 moons
800 1663 53 75 are
870 1663 77 75 low,
972 1663 62 75 and
1051 1663 84 75 their
1151 1663 67 75 ftay

184 1709 26 75 is
228 1709 86 75 Ihort
329 1709 102 75 above
455 1709 56 75 the
535 1709 149 75 horizon,
709 1709 93 75 when
827 1709 56 75 the
906 1709 108 75 nights
1039 1709 54 75 are
1116 1709 100 75 ftiort,

185 1756 64 75 and
272 1756 49 75 we
344 1756 83 75 have
449 1756 76 75 leaft
548 1756 153 75 occafion.
716 1756 51 75 for
792 1756 215 75 moon-light:
1034 1756 183 75 In.winter,

184 1802 77 75 they
277 1802 42 75 go
335 1802 90 75 high,
451 1802 64 75 and
529 1802 67 75 ftay
611 1802 78 75 long
706 1802 100 75 above
823 1802 55 75 the
890 1802 148 75 horizon,
1056 1802 95 75 when
1163 1802 55 75 the

184 1849 107 75 nights
309 1849 54 75 are
386 1849 89 75 long,
501 1849 62 75 and
587 1849 48 75 we
659 1849 87 75 want
769 1849 56 75 the
849 1849 136 75 greateft
1007 1849 150 75 quantity
1180 1849 42 75 of

184 1894 210 75 moon-light.

233 1941 49 75 At
297 1941 55 75 the
368 1941 102 75 poles,
495 1941 61 75 one
572 1941 73 75 half
664 1941 42 75 of
723 1941 56 75 the
794 1941 129 75 ecliptic
937 1941 97 75 never
1051 1941 77 75 fets,
1153 1941 65 75 and

185 1988 56 75 the
257 1988 94 75 other
372 1988 78 75 half*
465 1988 96 75 never
578 1988 96 75 rifes;
701 1988 64 75 and
779 1988 176 75 therefore,
980 1988 33 75 as
1030 1988 56 75 the
1110 1988 57 75 fun
1189 1988 27 75 is

185 2034 118 75 always
320 2034 74 75 half
413 2034 18 75 a
446 2034 77 75 year
538 2034 31 75 in
586 2034 178 75 deferibing
781 2034 60 75 one
856 2034 75 75 half
947 2034 40 75 of
1005 2034 56 75 the
1077 2034 139 75 ecliptic,

186 2080 62 75 and
265 2080 33 75 as
311 2080 76 75 long
403 2080 31 75 in
451 2080 99 75 going
565 2080 141 75 through
724 2080 56 75 the
797 2080 93 75 other
906 2080 81 75 half,
1005 2080 26 75 it
1047 2080 26 75 is
1091 2080 126 75 natural

185 2127 35 75 to
236 2127 136 75 imagine
388 2127 72 75 that
476 2127 56 75 the
549 2127 55 75 fun
620 2127 165 75 continues
801 2127 73 75 half
893 2127 19 75 a
927 2127 77 75 year
1017 2127 151 75 together
1184 2127 34 75 a-

186 2173 81 75 bove
283 2173 56 75 the
356 2173 135 75 horizon
514 2173 40 75 of
572 2173 78 75 each
675 2173 73 75 pole
770 2173 34 75 in
828 2173 41 75 its
891 2173 87 75 turn,
1004 2173 62 75 and
1090 2173 34 75 as
1140 2173 79 75 long

186 2220 105 75 below
307 2220 37 75 it,
371 2220 92 75 rifing
480 2220 35 75 to
531 2220 61 75 one
608 2220 73 75 pole
704 2220 94 75 when
820 2220 41 75 he
885 2220 62 75 fets
972 2220 34 75 to
1029 2220 56 75 the
1108 2220 106 75 other.

186 2266 85 75 This
287 2266 110 75 would
418 2266 40 75 be
475 2266 126 75 exaftly
617 2266 57 75 the
691 2266 69 75 cafe
781 2266 31 75 if
832 2266 91 75 there
938 2266 85 75 were
1039 2266 42 75 no
1099 2266 117 75 refrac-

188 2312 67 75 tion
268 2312 10 75 ;
303 2312 59 75 but
378 2312 43 75 by
437 2312 56 75 the
516 2312 227 75 atmofphere’s
768 2312 169 75 refrading
959 2312 55 75 the
1029 2312 85 75 fun’s
1131 2312 86 75 rays,

187 2359 41 75 he
244 2359 147 75 becomes
407 2359 108 75 vifible
529 2359 86 75 fome
630 2359 79 75 days
726 2359 124 75 fooner,
876 2359 64 75 and
951 2359 164 75 continues
1131 2359 87 75 fome

187 2406 79 75 days
283 2406 113 75 longer
411 2406 32 75 in
459 2406 82 75 fight
556 2406 77 75 than
651 2406 40 75 he
707 2406 109 75 would
832 2406 167 75 otherwife
1011 2406 63 75 do:
1101 2406 34 75 fo
1147 2406 72 75 that

187 2451 40 75 he
245 2451 131 75 appears
398 2451 102 75 above
524 2451 55 75 the
602 2451 136 75 horizon
761 2451 39 75 of
820 2451 103 75 either
946 2451 74 75 pole
1043 2451 112 75 before
1177 2451 42 75 he

186 2498 58 75 has
262 2498 56 75 got
333 2498 105 75 below
454 2498 55 75 the
525 2498 135 75 horizon
677 2498 39 75 of
735 2498 55 75 the
806 2498 107 75 other.
962 2498 77 75 And
1055 2498 34 75 as
1106 2498 41 75 he
1163 2498 55 75 ne-

187 2544 57 75 ver
267 2544 77 75 goes
368 2544 89 75 more
481 2544 87 75 than'
583 2544 70 75 234
674 2544 132 75 degrees
830 2544 105 75 below
959 2544 56 75 the
1031 2544 134 75 horizon
1183 2544 40 75 of

188 2590 56 75 the
260 2590 102 75 poles,
388 2590 76 75 they
481 2590 80 75 have
576 2590 78 75 very
670 2590 85 75 little
766 2590 81 75 dark
864 2590 111 75 night;
1002 2590 25 75 it
1037 2590 93 75 being
1146 2590 71 75 twi-

188 2636 83 75 light
288 2636 91 75 there
395 2636 33 75 as
446 2636 72 75 well
541 2636 34 75 as
600 2636 33 75 at
657 2636 42 75 all
724 2636 94 75 other
833 2636 106 75 places
963 2636 50 75 till
1034 2636 55 75 the
1105 2636 56 75 fun
1178 2636 39 75 be

194 2685 39 75 18
251 2685 131 75 degrees
399 2685 104 75 below
522 2685 55 75 the
592 2685 150 75 horizon.
789 2685 77 75 The
878 2685 60 75 full
955 2685 96 75 moon
1063 2685 94 75 being
1172 2685 46 75 al-

188 2729 89 75 ways
293 2729 140 75 oppofite
446 2729 34 75 to
496 2729 55 75 the
566 2729 69 75 fun,
661 2729 58 75 can
736 2729 96 75 never
847 2729 40 75 be
903 2729 70 75 feen
988 2729 97 75 while
1096 2729 56 75 the
1163 2729 56 75 fun

188 2777 27 75 is
233 2777 101 75 above
349 2777 55 75 the
420 2777 150 75 horizon,
594 2777 117 75 except
727 2777 92 75 when
836 2777 55 75 the
907 2777 96 75 moon
1019 2777 74 75 falls
1110 2777 31 75 in
1164 2777 56 75 the

188 2821 154 75 northern
365 2821 73 75 half
455 2821 39 75 of
512 2821 59 75 her
595 2821 106 75 orbit;
727 2821 52 75 for
801 2821 170 75 whenever
994 2821 63 75 any
1072 2821 90 75 point
1184 2821 41 75 of

188 2867 55 75 the
259 2867 126 75 ecliptic
397 2867 88 75 rifes,
508 2867 56 75 the
581 2867 138 75 oppofite
734 2867 90 75 point
840 2867 75 75 fets.
964 2867 195 75 Therefore,
1184 2867 34 75 as

189 2913 56 75 the
260 2913 55 75 fun
331 2913 27 75 is
375 2913 99 75 above
497 2913 56 75 the
569 2913 136 75 horizon
722 2913 41 75 of
780 2913 56 75 the
851 2913 97 75 north
971 2913 73 75 pole
1061 2913 86 75 from
1163 2913 56 75 the

192 2960 82 75 20th
290 2960 41 75 of
349 2960 117 75 March
490 2960 50 75 till
563 2960 56 75 the
644 2960 67 75 23d
733 2960 39 75 of
792 2960 200 75 September,
1017 2960 26 75 it
1067 2960 27 75 is
1119 2960 97 75 plain,

190 3007 70 75 that
276 3007 55 75 the
346 3007 108 75 moon,
471 3007 94 75 when
580 3007 74 75 full,
671 3007 94 75 being
776 3007 139 75 oppofite
931 3007 36 75 to
979 3007 56 75 the
1050 3007 69 75 fun,
1136 3007 81 75 muft

1267 1151 39 75 be
1322 1151 106 75 below
1444 1151 56 75 the
1516 1151 138 75 horizon
1667 1151 116 75 during
1800 1151 72 75 that
1888 1151 75 75 half
1974 1151 41 75 of
2026 1151 56 75 the
2097 1151 89 75 year.
2235 1151 70 75 But

1267 1196 94 75 when
1378 1196 55 75 the
1449 1196 57 75 fun
1522 1196 27 75 is
1572 1196 32 75 in
1621 1196 57 75 the
1693 1196 151 75 fouthern
1866 1196 75 75 half
1958 1196 41 75 of
2017 1196 55 75 the
2097 1196 139 75 ecliptic,
2259 1196 44 75 he

1267 1242 96 75 never
1381 1242 73 75 rifes
1478 1242 35 75 to
1529 1242 57 75 the
1608 1242 99 75 north
1723 1242 86 75 pole,
1833 1242 117 75 during
1973 1242 105 75 which
2094 1242 75 75 half
2186 1242 40 75 of
2245 1242 57 75 the

1267 1288 87 75 year,
1373 1288 96 75 every
1485 1288 60 75 full
1562 1288 97 75 moon
1674 1288 140 75 happens
1831 1288 32 75 in
1879 1288 86 75 fome
1981 1288 73 75 part
2069 1288 41 75 of
2121 1288 55 75 the
2188 1288 113 75 north-

1265 1335 55 75 ern
1336 1335 74 75 half
1420 1335 41 75 of
1480 1335 55 75 the
1551 1335 141 75 ecliptic,
1717 1335 106 75 which
1839 1335 97 75 never
1951 1335 76 75 fets.
2076 1335 223 75 Confequent-

1266 1382 46 75 ly,
1338 1382 34 75 as
1397 1382 56 75 the
1476 1382 91 75 polar
1590 1382 195 75 inhabitants
1809 1382 97 75 never
1930 1382 51 75 fee
2004 1382 56 75 the
2076 1382 62 75 full
2153 1382 97 75 moon
2265 1382 37 75 in

1263 1429 150 75 fummer,
1435 1429 78 75 they
1529 1429 80 75 have
1625 1429 57 75 her
1699 1429 117 75 always
1833 1429 33 75 in
1882 1429 55 75 the
1954 1429 126 75 winter,
2097 1429 124 75 before,
2247 1429 48 75 at,

1265 1475 62 75 and
1343 1475 83 75 after
1444 1475 55 75 the
1516 1475 74 75 full,
1615 1475 120 75 Ihining
1751 1475 51 75 for
1824 1475 41 75 14
1882 1475 40 75 of
1932 1475 60 75 our
2008 1475 79 75 days
2104 1475 61 75 and
2177 1475 122 75 nights.

1267 1522 77 75 And
1360 1522 94 75 when
1471 1522 55 75 the
1542 1522 56 75 fun
1615 1522 28 75 is
1659 1522 34 75 at
1709 1522 50 75 his
1776 1522 134 75 greateft
1926 1522 173 75 depreflion
2123 1522 103 75 below
2243 1522 58 75 the

1266 1569 149 75 horizon,
1440 1569 96 75 being
1559 1569 78 75 then
1659 1569 32 75 in
1716 1569 191 75 Capricorn,
1931 1569 56 75 the
2014 1569 97 75 moon
2132 1569 28 75 is
2185 1569 33 75 at
2240 1569 61 75 her

1266 1613 63 75 firft
1346 1613 131 75 quarter
1494 1613 32 75 in
1546 1613 115 75 Aries,-
1677 1613 62 75 full
1763 1613 33 75 in
1821 1613 138 75 Cancer,
1985 1613 63 75 and
2071 1613 34 75 at
2125 1613 59 75 her
2209 1613 91 75 third

1267 1661 130 75 quarter
1409 1661 33 75 in
1459 1661 114 75 Libra.
1622 1661 79 75 And
1717 1661 35 75 as
1769 1661 54 75 the
1839 1661 173 75 beginning
2028 1661 40 75 of
2078 1661 96 75 Aries
2190 1661 27 75 is
2242 1661 59 75 the

1267 1708 92 75 rifing
1376 1708 92 75 point
1483 1708 40 75 of
1541 1708 56 75 the
1614 1708 142 75 ecliptic,
1782 1708 127 75 Cancer
1925 1708 56 75 the
1992 1708 135 75 higheft,
2153 1708 62 75 and
2237 1708 61 75 Li-

1266 1754 58 75 bra
1339 1754 56 75 the
1410 1754 117 75 fetting
1543 1754 103 75 point,
1670 1754 57 75 the
1743 1754 95 75 moon
1854 1754 76 75 rifes
1955 1754 34 75 at
2005 1754 58 75 her
2086 1754 65 75 firft
2167 1754 133 75 quarter

1267 1800 31 75 in
1314 1800 109 75 Aries,
1448 1800 27 75 is
1492 1800 80 75 moft
1585 1800 146 75 elevated
1748 1800 101 75 above
1865 1800 55 75 the
1935 1800 151 75 hqrizon,
2111 1800 62 75 and
2189 1800 59 75 full
2265 1800 34 75 in

1264 1846 136 75 Cancer,
1427 1846 61 75 and
1512 1846 62 75 fets
1592 1846 33 75 at
1649 1846 56 75 the
1721 1846 173 75 beginning
1910 1846 41 75 of
1970 1846 103 75 Libra
2087 1846 33 75 in
2135 1846 59 75 her
2209 1846 91 75 third

1263 1892 144 75 quarter,
1425 1892 117 75 having
1556 1892 174 75 continued
1744 1892 109 75 vifible
1869 1892 53 75 for
1942 1892 42 75 14
1999 1892 126 75 diurnal
2140 1892 160 75 rotations

1264 1939 40 75 of
1322 1939 56 75 the
1393 1939 104 75 earth.
1545 1939 97 75 Thus
1666 1939 55 75 the
1745 1939 90 75 poles
1856 1939 55 75 are
1936 1939 141 75 fupplied
2094 1939 61 75 one
2170 1939 75 75 half
2262 1939 43 75 of

1264 1985 55 75 the
1335 1985 114 75 winter
1473 1985 78 75 time
1577 1985 80 75 with
1682 1985 144 75 conftant
1849 1985 196 75 moon-light
2072 1985 33 75 in
2128 1985 56 75 the
2210 1985 87 75 fun’s

1265 2033 150 75 abfence;
1442 2033 63 75 and
1521 2033 77 75 only
1612 2033 66 75 lofe
1690 2033 83 75 fight
1788 2033 40 75 of
1846 2033 57 75 the
1921 2033 98 75 moon
2035 2033 85 75 from
2136 2033 57 75 her
2206 2033 91 75 third

1265 2079 35 75 to
1311 2079 59 75 her
1380 2079 65 75 firft
1464 2079 145 75 quarter,
1634 2079 97 75 while
1746 2079 52 75 fixe
1813 2079 89 75 gives
1918 2079 60 75 but
2000 2079 77 75 very
2100 2079 85 75 little
2200 2079 96 75 light,

1267 2126 62 75 and
1347 2126 98 75 could
1461 2126 40 75 be
1524 2126 60 75 but
1603 2126 40 75 of
1661 2126 97 75 little,
1783 2126 64 75 and
1867 2126 180 75 fometimes
2064 2126 40 75 of
2122 2126 42 75 no
2179 2126 119 75 fervice

1267 2173 34 75 to
1318 2173 101 75 them.
1467 2173 35 75 A
1519 2173 76 75 bare
1610 2173 83 75 view
1709 2173 41 75 of
1768 2173 56 75 the
1839 2173 101 75 figure
1958 2173 110 75 (Plate
2083 2173 134 75 XLIV.
2238 2173 58 75 fig.

1268 2219 51 75 3.)
1336 2219 31 75 u'
1367 2219 37 75 ill
1419 2219 93 75 make
1528 2219 65 75 this
1609 2219 106 75 plain;
1742 2219 33 75 in
1800 2219 106 75 which
1932 2219 47 75 let
2003 2219 26 75 S
2052 2219 40 75 be
2115 2219 56 75 the
2186 2219 69 75 fun,
2280 2219 18 75 e

1266 2266 54 75 the
1337 2266 92 75 earth
1446 2266 31 75 in
1494 2266 136 75 fummer
1647 2266 93 75 when
1763 2266 43 75 its
1830 2266 96 75 north
1951 2266 73 75 pole
2052 2266 21 75 n
2098 2266 149 75 inclines'
2247 2266 50 75 to-

1266 2312 89 75 ward
1366 2312 55 75 the
1438 2312 69 75 fun,
1530 2312 63 75 and
1608 2312 31 75 E
1656 2312 56 75 the
1728 2312 93 75 earth
1833 2312 32 75 in
1881 2312 125 75 winter,
2032 2312 94 75 when
2141 2312 42 75 its
2200 2312 97 75 north

1266 2359 95 75 north
1387 2359 73 75 pole
1479 2359 139 75 declines
1642 2359 84 75 from
1750 2359 80 75 him.
1880 2359 176 75 i’FAfand
2072 2359 102 75 NIVS
2189 2359 27 75 is
2240 2359 58 75 the

1267 2406 135 75 horizon
1419 2406 40 75 of
1476 2406 56 75 the
1548 2406 96 75 north
1668 2406 85 75 pole,
1778 2406 107 75 which
1905 2406 26 75 is
1948 2406 180 75 coincident
2144 2406 79 75 with
2240 2406 57 75 the

1268 2452 156 75 equator;
1462 2452 75 75 and,
1573 2452 32 75 in
1632 2452 80 75 both
1741 2452 88 75 thefe
1856 2452 150 75 pofitions
2034 2452 40 75 of
2102 2452 57 75 the
2190 2452 106 75 earth,

1477 2497 25 75 is
1518 2497 56 75 the
1590 2497 124 75 moon’s
1731 2497 98 75 orbit,
1853 2497 34 75 in
1910 2497 105 75 whieh
2031 2497 52 75 fixe
2100 2497 75 75 goes
2192 2497 105 75 round

1266 2545 55 75 the
1348 2545 91 75 earth
1466 2545 172 75 according
1665 2545 36 75 to
1728 2545 56 75 the
1810 2545 95 75 order
1932 2545 41 75 of
1992 2545 54 75 the
2069 2545 111 75 letters
2201 2545 94 75 abed,

1267 2592 140 75 ABCD.
1456 2592 112 75 When
1584 2592 56 75 the
1662 2592 96 75 moon
1784 2592 26 75 is
1836 2592 34 75 at
1893 2592 33 75 a,
1951 2592 52 75 (he
2027 2592 27 75 is
2077 2592 32 75 in
2126 2592 59 75 her
2207 2592 90 75 third

1266 2637 130 75 quarter
1412 2637 35 75 to
1458 2637 56 75 the
1530 2637 91 75 earth
1638 2637 33 75 at
1687 2637 28 75 <?,
1733 2637 63 75 and
1808 2637 64 75 juft
1887 2637 93 75 rifing
1996 2637 34 75 to
2042 2637 56 75 the
2113 2637 95 75 north
2221 2637 75 75 pole

1268 2684 42 75 n;
1336 2684 33 75 at
1385 2684 19 75 3
1426 2684 52 75 fhe
1495 2684 150 75 changes,
1670 2684 64 75 and
1752 2684 27 75 is
1797 2684 31 75 at
1845 2684 56 75 the
1916 2684 136 75 greateft
2067 2684 112 75 height
2194 2684 102 75 above

1267 2731 54 75 the
1333 2731 149 75 horizon,
1508 2731 33 75 as
1559 2731 55 75 the
1626 2731 55 75 fun
1698 2731 139 75 likewife
1849 2731 27 75 is
1888 2731 10 75 ;
1925 2731 32 75 at
1974 2731 17 75 r
2006 2731 52 75 Ihe
2069 2731 27 75 is
2112 2731 32 75 in
2161 2731 58 75 her
2230 2731 66 75 firft

1268 2777 141 75 quarter,
1434 2777 117 75 fetting
1567 2777 104 75 below
1687 2777 55 75 the
1765 2777 136 75 horizon
1913 2777 10 75 ;
1950 2777 62 75 and
2028 2777 25 75 is
2067 2777 107 75 loweft
2191 2777 42 75 of
2250 2777 43 75 all

1267 2824 99 75 under
1383 2824 26 75 it
1425 2824 33 75 at
1475 2824 32 75 d,
1532 2824 94 75 when
1642 2824 141 75 oppofite
1800 2824 34 75 to
1850 2824 57 75 the
1923 2824 67 75 fufl,
2008 2824 62 75 and
2085 2824 57 75 her
2155 2824 139 75 enlight-

1267 2870 80 75 ened
1364 2870 63 75 fide
1444 2870 125 75 toward
1584 2870 55 75 the
1655 2870 104 75 earth.
1808 2870 68 75 But
1886 2870 77 75 then
1980 2870 52 75 Ihe
2048 2870 26 75 is
2087 2870 60 75 full
2164 2870 31 75 in
2211 2870 83 75 view

1267 2917 34 75 to
1317 2917 55 75 the
1388 2917 93 75 fouth
1497 2917 72 75 pole
1588 2917 36 75 p,
1649 2917 106 75 which
1779 2917 26 75 is
1829 2917 33 75 as
1886 2917 94 75 much
2005 2917 116 75 turned
2136 2917 84 75 from
2237 2917 56 75 the

1264 2964 56 75 fun
1337 2964 33 75 as
1388 2964 55 75 the
1459 2964 96 75 north
1581 2964 73 75 pole
1676 2964 134 75 inclines
1835 2964 140 75 towards
1999 2964 79 75 him.
2126 2964 110 75 Thus,
2260 2964 33 75 in

1264 3011 58 75 our
1338 3011 149 75 fummer,
1513 3011 55 75 the
1585 3011 96 75 moon
1697 3011 26 75 is
1740 3011 100 75 above
1856 3011 56 75 the
1927 3011 136 75 horizon
2076 3011 39 75 of
2127 3011 54 75 the
2193 3011 98 75 north

2214 3053 73 75 pole
