2498 3377
220 140 103 75 Part
352 140 75 75 VI,

780 140 368 75 ANA

265 211 78 75 The
359 211 166 75 epiglottis
548 211 58 75 has
635 211 139 75 likewife
787 211 79 75 .two
882 211 114 75 lateral
1011 211 180 75 ligaments,
1218 211 44 75 by

219 257 106 75 which
342 257 68 75 it,is
427 257 173 75 conne&ed
627 257 35 75 to
679 257 55 75 the
757 257 216 75 arytenoides,
998 257 44 75 all
1059 257 55 75 the
1137 257 123 75 way.to

219 303 84 75 their
323 303 106 75 points
446 303 37 75 or
499 303 132 75 cornua.
680 303 33 75 It
729 303 56 75 has
812 303 65 75 alfo
901 303 19 75 a
940 303 221 75 membranous
1178 303 80 75 liga-

219 349 100 75 ment,
344 349 104 75 which
465 349 136 75 running
624 349 96 75 along
737 349 55 75 the
809 349 119 75 middle
946 349 39 75 of
996 349 43 75 its
1063 349 140 75 anterior
1220 349 38 75 or

219 395 136 75 concave
371 395 75 75 fide,
470 395 60 75 ties
558 395 25 75 it
608 395 36 75 to
671 395 55 75 the
749 395 73 75 root
845 395 38 75 or
899 395 78 75 bafis
994 395 41 75 of
1052 395 56 75 the
1124 395 132 75 tongue.

217 443 84 75 This
328 443 151 75 ligament
503 443 26 75 is
556 443 77 75 only
661 443 19 75 a
709 443 201 75 duplicature
934 443 41 75 of
994 443 55 75 the
1074 443 185 75 membrane

218 488 104 75 which
339 488 113 75 covers
469 488 55 75 the
544 488 176 75 epiglottis,
746 488 172 75 continued
940 488 34 75 to
992 488 55 75 the
1063 488 194 75 neighbour-

218 535 54 75 ing
288 535 101 75 parts.
439 535 125 75 Laftly,
589 535 92 75 there
698 535 53 75 are
762 535 66 75 two
844 535 112 75 lateral
976 535 222 75 membranous
1216 535 39 75 li-

216 581 142 75 gaments
375 581 172 75 belonging
559 581 35 75 to
606 581 38 75 it,
660 581 98 75 -fixed
769 581 77 75 near
865 581 56 75 the
937 581 190 75 glandulous
1145 581 110 75 bodies

218 629 105 75 called
338 629 187 75 amygdala.

262 674 76 75 The
354 674 162 75 epiglottis
543 674 26 75 is
586 674 69 75 -not
682 674 78 75 only
786 674 184 75 perforated
996 674 44 75 by
1055 674 55 75 the
1127 674 127 75 regular

214 720 90 75 holes
321 720 130 75 already
467 720 194 75 mentioned,
685 720 58 75 but
753 720 58 75 has
827 720 139 75 likewife
983 720 18 75 a
1017 720 91 75 great
1119 720 135 75 number

214 768 42 75 of
274 768 90 75 fmall
377 768 156 75 irregular
549 768 139 75 failures
708 768 62 75 and
782 768 126 75 breaks,
933 768 108 75 which
1058 768 53 75 are
1134 768 34 75 fo
1185 768 67 75 ma-

213 814 44 75 ny
273 814 151 75 different
440 814 118 75 lacuna
575 814 134 75 fituated
733 814 147 75 between
896 814 41 75 its
954 814 68 75 two
1038 814 210 75 membranes,

213 860 63 75 and
301 860 88 75 filled
412 860 78 75 with
513 860 89 75 fmall
627 860 127 75 glands,
785 860 55 75 the
866 860 172 75 excretory
1065 860 124 75 orifices
1214 860 42 75 of

213 906 106 75 which
336 906 53 75 are
406 906 115 75 chiefly
537 906 41 75 on
596 906 54 75 the
668 906 145 75 backfide
824 906 42 75 of
884 906 63 75 this
964 906 166 75 cartilage.

257 953 76 75 The
360 953 119 75 larynx
506 953 87 75 gives
621 953 150 75 infection
794 953 36 75 to
854 953 20 75 a
889 953 134 75 number
1049 953 40 75 of
1101 953 146 75 mufcles,

213 999 105 75 which
330 999 79 75 fhall
426 999 72 75 now
511 999 38 75 be
565 999 177 75 defcribed.

257 1045 77 75 The
349 1045 289 75 fterno-thyroidxi
654 1045 54 75 arc
725 1045 65 75 two
805 1045 89 75 long,
919 1045 69 75 flat,
1014 1045 137 75 narrow,
1177 1045 70 75 thin

211 1091 146 75 mufcles,
381 1091 65 75 like
461 1091 143 75 ribbons,
629 1091 137 75 broader
782 1091 100 75 above
899 1091 77 75 than
993 1091 116 75 below,
1134 1091 62 75 and
1208 1091 37 75 fi-

210 1138 111 75 tuated
336 1138 95 75 along
446 1138 71 75 that
533 1138 71 75 part
620 1138 40 75 of
671 1138 55 75 the
743 1138 81 75 neck
837 1138 106 75 which
962 1138 57 75 lies
1032 1138 143 75 between
1188 1138 56 75 the

206 1185 134 75 thyroid
355 1185 150 75 cartilage
521 1185 63 75 and
599 1185 55 75 the
670 1185 149 75 fternum.
866 1185 101 75 They
978 1185 53 75 are
1049 1185 136 75 covered
1202 1185 44 75 by

209 1231 54 75 the
280 1231 269 75 fterno-hyoidaei,
574 1231 62 75 and
660 1231 79 75 they
761 1231 96 75 cover
884 1231 55 75 the
962 1231 131 75 thyroid
1117 1231 125 75 glands,

206 1277 116 75 palling
337 1277 217 75 immediately
569 1277 110 75 before
695 1277 102 75 them.

254 1324 91 75 Each
362 1324 117 75 mufcle
495 1324 27 75 is
535 1324 98 75 fixed,
651 1324 44 75 by
710 1324 43 75 its
765 1324 99 75 lower
879 1324 190 75 extremity,
1094 1324 106 75 partly
1212 1324 32 75 in

210 1369 55 75 the
281 1369 141 75 fuperior
438 1369 126 75 portion
593 1369 40 75 of
652 1369 55 75 the
724 1369 89 75 inner
829 1369 37 75 or
882 1369 143 75 backfide
1041 1369 40 75 of
1096 1369 54 75 the
1167 1369 75 75 fter-

207 1415 88 75 num,
321 1415 105 75 partly
441 1415 33 75 in
490 1415 55 75 the
561 1415 152 75 ligament
738 1415 62 75 and
816 1415 231 75 neighbouring
1064 1415 124 75 portion
1206 1415 42 75 of

206 1461 57 75 the
285 1461 166 75 clavicula,
476 1461 62 75 and
559 1461 106 75 partly
687 1461 33 75 in
743 1461 55 75 the
821 1461 225 75 cartilaginous
1065 1461 124 75 portion
1207 1461 40 75 of

206 1509 56 75 the
286 1509 65 75 firft
374 1509 62 75 rib.
486 1509 191 75 Sometimes
702 1509 30 75 it
757 1509 73 75 runs
855 1509 17 75 a
895 1509 90 75 great
1001 1509 71 75 way
1088 1509 95 75 down
1200 1509 42 75 on

206 1556 55 75 the
278 1556 64 75 firfl
356 1556 84 75 bone
455 1556 41 75 of
520 1556 53 75 the
596 1556 150 75 fternum,
771 1556 63 75 and
850 1556 113 75 crofles
987 1556 55 75 the
1066 1556 117 75 mufcle
1199 1556 42 75 on

205 1602 56 75 the
278 1602 94 75 other
387 1602 76 75 fide.
512 1602 99 75 From
635 1602 114 75 thence
773 1602 25 75 it
826 1602 74 75 runs
928 1602 42 75 up
997 1602 43 75 on
1063 1602 54 75 the
1135 1602 107 75 afpera

208 1649 129 75 arteria,
363 1649 83 75 clofe
473 1649 45 75 by
544 1649 42 75 its
614 1649 123 75 fellow,
771 1649 95 75 pafles
893 1649 109 75 before
1026 1649 56 75 the
1109 1649 131 75 thyroid

206 1695 123 75 glands,
353 1695 77 75 over
447 1695 54 75 the
518 1695 122 75 cricoid
655 1695 175 75 cartilage;
856 1695 63 75 and
933 1695 26 75 is
977 1695 149 75 inferred,
1144 1695 41 75 by
1198 1695 41 75 Its

203 1740 102 75 upper
319 1740 186 75 extremity,
531 1740 32 75 in
579 1740 55 75 the
650 1740 101 75 lower
766 1740 72 75 part
859 1740 40 75 of
918 1740 55 75 the
996 1740 112 75 lateral
1126 1740 62 75 fide
1204 1740 41 75 of

206 1787 54 75 the
277 1787 131 75 thyroid
424 1787 164 75 cartilage,
612 1787 64 75 and
698 1787 108 75 partly
822 1787 94 75 along
932 1787 70 75 that
1019 1787 104 75 whole
1139 1787 75 75 fide.

248 1834 77 75 The
353 1834 263 75 thyro-hyoidaei,
649 1834 39 75 or
714 1834 251 75 hyo-thyroidaei
993 1834 54 75 are
1075 1834 65 75 two
1167 1834 70 75 flat,

205 1880 69 75 thin
292 1880 144 75 mufcles,
461 1880 89 75 lying
573 1880 83 75 clofe
672 1880 44 75 by
740 1880 78 75 each
835 1880 106 75 other,
966 1880 144 75 between
1126 1880 63 75 and
1204 1880 32 75 a-

199 1926 82 75 bove
295 1926 55 75 the
368 1926 131 75 former.
549 1926 91 75 Each
664 1926 41 75 of
716 1926 88 75 them
820 1926 26 75 is
859 1926 149 75 inferred,
1026 1926 42 75 by
1080 1926 41 75 its
1139 1926 98 75 upper

202 1973 188 75 extremity,
415 1973 107 75 partly
538 1973 32 75 in
597 1973 55 75 the
679 1973 91 75 bafis,
797 1973 62 75 and
875 1973 106 75 partly
998 1973 31 75 in
1052 1973 56 75 the
1125 1973 109 75 neigh-

201 2020 137 75 bouring
351 2020 70 75 part
439 2020 41 75 of
498 2020 55 75 the
570 2020 89 75 great
675 2020 119 75 cornua
815 2020 40 75 of
867 2020 54 75 the
938 2020 36 75 os
990 2020 155 75 hyoides;
1173 2020 62 75 and

199 2065 43 75 by
257 2065 42 75 its
316 2065 100 75 lower
439 2065 186 75 extremity,
650 2065 32 75 in
711 2065 55 75 the
790 2065 99 75 lower
906 2065 71 75 part
992 2065 41 75 of
1051 2065 54 75 the
1120 2065 115 75 lateral

198 2110 64 75 fide
278 2110 40 75 of
337 2110 54 75 the
407 2110 133 75 thyroid
556 2110 164 75 cartilage,
744 2110 218 75 immediately
980 2110 100 75 above
1103 2110 55 75 the
1182 2110 50 75 fu-

198 2157 106 75 perior
319 2157 174 75 extremity
509 2157 40 75 of
567 2157 56 75 the
639 2157 334 75 fterno-thyroidieus;
1000 2157 63 75 and
1078 2157 79 75 both
1169 2157 64 75 this

198 2204 141 75 fuperio/-
366 2204 175 75 extremity
569 2204 42 75 of
629 2204 55 75 the
711 2204 57 75 laft
796 2204 112 75 named
936 2204 130 75 mufcle,
1091 2204 63 75 and
1178 2204 56 75 the

196 2250 100 75 lower
328 2250 173 75 extremity
528 2250 41 75 of
591 2250 55 75 the
673 2250 289 75 thyro-hyoidaeus,
995 2250 65 75 are,
1086 2250 32 75 at
1146 2250 86 75 their

196 2297 90 75 place
309 2297 45 75 of
372 2297 110 75 union,
506 2297 204 75 confounded
733 2297 18 75 a
774 2297 85 75 little
874 2297 79 75 witla
969 2297 55 75 the
1040 2297 191 75 thyro-pha-

195 2343 149 75 ryngaus
361 2343 144 75 inferior.

242 2391 77 75 The
345 2391 269 75 crico-thyroidrei
642 2391 53 75 are
722 2391 66 75 two
815 2391 88 75 fmall
927 2391 146 75 mufcles,
1098 2391 132 75 fituated

196 2438 164 75 Obliquely
387 2438 33 75 at
448 2438 55 75 the
535 2438 99 75 lower
660 2438 71 75 part
763 2438 40 75 of
819 2438 56 75 the
906 2438 132 75 thyroid
1063 2438 165 75 cartilage.

194 2482 100 75 They
311 2482 53 75 are
376 2482 138 75 inferted
529 2482 44 75 by
591 2482 84 75 their
691 2482 100 75 lower
807 2482 199 75 extremities
1023 2482 32 75 in
1072 2482 55 75 the
1144 2482 87 75 ante-

196 2528 67 75 rior
275 2528 128 75 portion
414 2528 40 75 of
460 2528 54 75 the
527 2528 120 75 cricoid
663 2528 165 75 cartilage,
854 2528 75 75 near
941 2528 78 75 each
1036 2528 106 75 other,
1167 2528 64 75 and

193 2574 44 75 by
250 2574 84 75 their
349 2574 141 75 fuperior
506 2574 212 75 extremities,
742 2574 147 75 laterally
911 2574 33 75 in
960 2574 55 75 the
1031 2574 99 75 lower
1150 2574 80 75 edge

194 2620 39 75 of
252 2620 55 75 the
324 2620 131 75 thyroid
471 2620 163 75 cartilage,
663 2620 33 75 at
718 2620 20 75 a
753 2620 136 75 diftance
905 2620 84 75 from
1005 2620 78 75 each
1098 2620 106 75 other.

240 2666 76 75 The
340 2666 66 75 two
430 2666 132 75 mufculi
587 2666 306 75 crieo-arytenoidsei
917 2666 186 75 pofteriores
1120 2666 53 75 are
1190 2666 38 75 fi-

193 2712 110 75 tuated
321 2712 187 75 pofteriorly
524 2712 31 75 at
572 2712 57 75 the
645 2712 87 75 large
749 2712 37 75 or
801 2712 83 75 back
900 2712 126 75 portion
1042 2712 41 75 of
1096 2712 56 75 the
1165 2712 61 75 cri-

192 2759 122 75 coides,
338 2759 102 75 filling
456 2759 110 75 almoft
581 2759 56 75 the
653 2759 65 75 two
733 2759 211 75 longitudinal
961 2759 136 75 furfaces
1110 2759 40 75 of
1159 2759 68 75 that

192 2804 140 75 portion,
358 2804 60 75 and
436 2804 221 75 diftinguilhed
673 2804 43 75 by
732 2804 55 75 the
802 2804 179 75 prominent
997 2804 64 75 line
1080 2804 144 75 between

194 2850 86 75 thefe
292 2850 229 75 two.furfaces.
547 2850 93 75 Each
657 2850 40 75 of
708 2850 88 75 them
813 2850 75 75 runs
904 2850 42 75 up
962 2850 177 75 obliquely,
1164 2850 63 75 and

191 2894 27 75 is
234 2894 151 75 inferted,
402 2894 46 75 by.
460 2894 42 75 its
515 2894 97 75 ijpper
625 2894 187 75 extremity,
829 2894 34 75 in
880 2894 54 75 the
944 2894 150 75 pofterior
1106 2894 71 75 part
1189 2894 42 75 of

192 2941 55 75 the
263 2941 78 75 bafis
358 2941 40 75 of
409 2941 55 75 the
480 2941 167 75 arytenoid
663 2941 209 75 cartilage-of
883 2941 56 75 the
955 2941 83 75 fame
1054 2941 76 75 fide,
1148 2941 75 75 near

191 2988 56 75 the
264 2988 92 75 angle
367 2988 39 75 of
418 2988 70 75 that
503 2988 93 75 bafis.

285 3036 99 75 Vox,.
409 3036 30 75 I.
488 3036 70 75 No.
590 3036 52 75 13.

1262 136 39 75 T
1418 136 42 75 O
1575 136 53 75 M
1737 136 54 75 Y.

2266 136 79 75 301

1358 205 77 75 The
1449 205 66 75 two
1536 205 309 75 crico-arytenoidsei
1859 205 147 75 laterales
2031 205 53 75 are
2103 205 102 75 fmall,
2230 205 63 75 and
2307 205 40 75 fi-

1309 252 112 75 tuated
1437 252 89 75 more
1547 252 150 75 laterally
1719 252 76 75 than
1820 252 55 75 the
1891 252 132 75 former.
2072 252 92 75 Each
2183 252 116 75 mufcle
2317 252 28 75 is

1306 299 87 75 fixed
1408 299 44 75 by
1468 299 60 75 one
1549 299 63 75 end
1628 299 35 75 to
1680 299 54 75 the
1750 299 64 75 fide
1835 299 40 75 of
1885 299 56 75 the
1958 299 101 75 broad
2069 299 72 75 part
2158 299 41 75 of
2209 299 56 75 the
2280 299 63 75 cri-

1305 346 120 75 coides,
1451 346 63 75 and
1542 346 44 75 by
1610 346 56 75 the
1687 346 94 75 other
1806 346 35 75 to
1865 346 54 75 the
1946 346 100 75 lower
2062 346 71 75 part
2150 346 41 75 of
2208 346 55 75 the
2278 346 66 75 fide

1304 392 40 75 of
1363 392 55 75 the
1434 392 236 75 neighbouring
1685 392 215 75 arytenoides.

1350 439 76 75 The
1443 439 66 75 two
1525 439 319 75 thyro-arytenoidaei
1866 439 53 75 are
1936 439 77 75 very
2029 439 113 75 broad,
2167 439 78 75 each
2257 439 86 75 rmd-

1303 485 50 75 cle
1367 485 95 75 being
1478 485 134 75 fituated
1627 485 149 75 laterally
1791 485 143 75 between
1952 485 55 75 the
2024 485 165 75 thyroides
2205 485 62 75 and
2279 485 61 75 cn-

1304 532 119 75 coides.
1472 532 32 75 It
1532 532 27 75 is
1575 532 88 75 fixed
1684 532 44 75 by
1745 532 18 75 a
1789 532 103 75 broad
1907 532 148 75 infertion
2073 532 30 75 in
2121 532 55 75 the
2192 532 96 75 infide
2304 532 41 75 of

1304 578 54 75 the
1375 578 51 75 ala
1449 578 40 75 of
1507 578 56 75 the
1579 578 132 75 thyroid
1726 578 172 75 cartilage;
1926 578 63 75 and
2003 578 57 75 the
2076 578 95 75 fibres
2194 578 146 75 contrac-

1303 624 68 75 ting
1387 624 86 75 from
1496 624 128 75 thence,
1649 624 59 75 run
1734 624 84 75 from
1841 624 109 75 before
1967 624 183 75 backward,
2175 624 63 75 and
2250 624 89 75 from

1300 671 106 75 below
1432 671 144 75 upward,
1602 671 139 75 towards
1758 671 56 75 the
1831 671 231 75 neighbouring
2079 671 167 75 arytenoid
2269 671 69 75 car-

1299 718 109 75 tilage,
1433 718 32 75 in
1482 718 106 75 which
1604 718 78 75 they
1697 718 54 75 are
1763 718 150 75 iaferted,
1938 718 86 75 from
2040 718 54 75 the
2111 718 111 75 glottis
2235 718 35 75 to
2282 718 59 75 the

1301 765 92 75 angle
1410 765 41 75 of
1469 765 55 75 the
1540 765 92 75 bafis.

1345 812 75 75 The
1437 812 206 75 arytenoidsei
1659 812 53 75 are
1729 812 88 75 fraall
1840 812 132 75 mufcles
1998 812 90 75 lying
2103 812 42 75 on
2162 812 56 75 the
2234 812 101 75 pofte-

1300 857 64 75 rior
1381 857 136 75 concave
1534 857 79 75 fides
1640 857 41 75 of
1698 857 56 75 the
1781 857 168 75 arytenoid
1974 857 179 75 cartilages,
2179 857 39 75 of
2228 857 107 75 which

1298 903 65 75 two
1378 903 54 75 are
1448 903 104 75 called
1567 903 130 75 crucial
1710 903 218 75 arytenoidai,
1948 903 62 75 and
2031 903 61 75 one
2116 903 192 75 tranfverfe.

1343 951 76 75 The
1435 951 118 75 crucial
1570 951 132 75 mufcles
1725 951 59 75 run
1805 951 78 75 each
1900 951 166 75 obliquely
2082 951 83 75 from
2183 951 55 75 the
2256 951 77 75 bafis

1296 997 40 75 of
1352 997 62 75 one
1430 997 168 75 arytenoid
1614 997 165 75 cartilage,
1804 997 35 75 to
1867 997 55 75 the
1938 997 118 75 middle
2073 997 63 75 and
2151 997 100 75 upper
2262 997 73 75 part

1296 1043 39 75 of
1354 1043 54 75 the
1425 1043 106 75 other,
1557 1043 54 75 the
1627 1043 61 75 left
1700 1043 120 75 mufcle
1837 1043 150 75 covering
2002 1043 55 75 the
2074 1043 99 75 right.

1341 1091 76 75 The
1433 1091 232 75 arytenoidasus
1683 1091 212 75 traafverfalis
1912 1091 27 75 is
1955 1091 138 75 inferted
2108 1091 89 75 more
2218 1091 37 75 or
2271 1091 60 75 lefs

1294 1137 145 75 diredfly,
1458 1137 43 75 by
1517 1137 80 75 both
1620 1137 212 75 extremities,
1856 1137 33 75 in
1916 1137 57 75 the
1990 1137 65 75 two
2079 1137 167 75 arytenoid
2263 1137 69 75 car-

1295 1184 126 75 tilages.

1338 1231 77 75 The
1430 1231 66 75 two
1513 1231 289 75 thyro-epiglottici
1818 1231 85 75 crofs
1927 1231 56 75 the
1999 1231 331 75 thyro-arytenoida?!,

1292 1276 95 75 being
1403 1276 137 75 inferted
1563 1276 31 75 in
1612 1276 54 75 the
1682 1276 90 75 inner
1799 1276 111 75 lateral
1932 1276 73 75 part
2022 1276 39 75 of
2080 1276 54 75 the
2151 1276 178 75 thyroides,

1292 1322 63 75 and
1370 1322 148 75 laterally
1528 1322 33 75 in
1578 1322 55 75 the
1649 1322 176 75 epiglottis.

1339 1370 76 75 The
1433 1370 328 75 aryteno-epiglottici
1778 1370 53 75 are
1847 1370 90 75 fmall
1961 1370 97 75 flefhy
2074 1370 152 75 fafciculi,
2251 1370 80 75 each

1290 1416 40 75 of
1349 1416 106 75 which
1472 1416 26 75 is
1515 1416 88 75 fixed
1630 1416 43 75 by
1702 1416 60 75 one
1790 1416 178 75 extremity
1984 1416 31 75 in
2039 1416 55 75 the
2111 1416 137 75 head-of
2268 1416 61 75 one

1290 1464 39 75 of
1347 1464 56 75 the
1420 1464 167 75 arytenoid
1602 1464 179 75 cartilages,
1808 1464 61 75 and
1883 1464 43 75 by
1938 1464 55 75 the
2009 1464 94 75 other
2118 1464 34 75 in
2169 1464 55 75 the
2237 1464 91 75 near-

1292 1510 42 75 eft
1350 1510 81 75 edge
1447 1510 41 75 of
1506 1510 55 75 the
1578 1510 175 75 epiglottis.

1335 1557 79 75 The
1426 1557 117 75 larynx
1559 1557 101 75 ferves
1678 1557 207 75 particularly
1900 1557 35 75 to
1951 1557 100 75 admit
2067 1557 63 75 and
2146 1557 44 75 let
2202 1557 56 75 out
2271 1557 56 75 the

1289 1603 115 75 matter
1420 1603 40 75 of
1481 1603 185 75 refpiration
1684 1603 10 75 ;
1719 1603 63 75 and
1805 1603 55 75 the
1886 1603 128 75 folidity
2039 1603 39 75 of
2097 1603 57 75 the
2170 1603 104 75 pieces
2291 1603 41 75 of

1289 1649 102 75 which
1408 1649 25 75 it
1451 1649 26 75 is
1506 1649 168 75 compofed
1700 1649 130 75 hinders
1854 1649 57 75 not
1935 1649 77 75 only
2027 1649 148 75 external
2193 1649 130 75 objedls,

1289 1695 56 75 but
1362 1695 63 75 alfo
1455 1695 61 75 any
1543 1695 82 75 hard
1651 1695 92 75 thing
1760 1695 104 75 which
1881 1695 49 75 we
1946 1695 153 75 fwallow,
2123 1695 84 75 from
2224 1695 100 75 difor-

1287 1741 113 75 dering
1415 1741 64 75 this
1497 1741 134 75 pafiage.
1678 1741 77 75 The
1771 1741 125 75 glottis,
1909 1741 93 75 being
2015 1741 18 75 a
2044 1741 123 75 narrow
2180 1741 61 75 flit,
2254 1741 70 75 mo-

1287 1788 89 75 difies
1394 1788 54 75 the
1473 1788 47 75 air
1543 1788 105 75 which
1673 1788 50 75 we
1739 1788 151 75 breathe;
1917 1788 62 75 and
1996 1788 32 75 as
2045 1788 25 75 it
2085 1788 28 75 is
2134 1788 79 75 very
2228 1788 97 75 eafily

1287 1836 121 75 dilated
1424 1836 63 75 and
1515 1836 196 75 contradted,
1737 1836 26 75 it
1791 1836 100 75 forms
1924 1836 55 75 the
2002 1836 151 75 different
2178 1836 91 75 tones
2286 1836 41 75 of

1285 1882 55 75 the
1357 1882 101 75 voice,
1485 1882 114 75 chiefly
1615 1882 43 75 by
1682 1882 107 75 means
1816 1882 40 75 of
1876 1882 55 75 the
1955 1882 152 75 different
2123 1882 132 75 mufcles
2273 1882 48 75 in-

1284 1928 103 75 ferted
1404 1928 30 75 in
1452 1928 56 75 the
1534 1928 201 75 cartilagines
1764 1928 233 75 arytenoidaeae,
2022 1928 36 75 to
2074 1928 106 75 which
2203 1928 56 75 the
2283 1928 37 75 o-

1284 1973 72 75 ther
1372 1973 133 75 mufcles
1521 1973 43 75 of
1581 1973 55 75 the
1653 1973 117 75 larynx
1794 1973 52 75 are
1859 1973 161 75 afliftants.

1330 2022 76 75 The
1420 2022 103 75 whole
1535 2022 116 75 larynx
1673 2022 27 75 is
1716 2022 140 75 likewife
1873 2022 41 75 of
1931 2022 52 75 ufe
2000 2022 31 75 in
2048 2022 202 75 deglutition,
2275 2022 46 75 by

1282 2067 106 75 means
1405 2067 41 75 of
1464 2067 42 75 its
1534 2067 183 75 connedtion
1739 2067 78 75 with
1846 2067 54 75 the
1927 2067 37 75 os
1988 2067 148 75 hyoides,
2161 2067 35 75 to
2213 2067 106 75 which

1282 2114 55 75 the
1358 2114 148 75 digaftric
1534 2114 132 75 mufcles
1694 2114 41 75 of
1753 2114 57 75 the
1832 2114 101 75 lower
1953 2114 67 75 jaw
2047 2114 138 75 adhere;
2211 2114 107 75 which

1281 2159 133 75 irufcles
1431 2159 77 75 raife
1526 2159 54 75 the
1592 2159 117 75 larynx
1724 2159 149 75 together
1893 2159 81 75 with
1989 2159 56 75 the
2068 2159 37 75 os
2132 2159 134 75 hyoides
2279 2159 37 75 e-

1285 2206 74 75 *ery
1374 2206 77 75 time
1469 2206 47 75 we
1533 2206 152 75 fwallow.

1328 2253 75 75 The
1420 2253 124 75 facility
1557 2253 43 75 of
1620 2253 135 75 varying
1782 2253 61 75 and
1860 2253 157 75 changing
2038 2253 55 75 the
2105 2253 80 75 tone
2201 2253 41 75 of
2261 2253 55 75 the

1279 2299 100 75 voice,
1404 2299 142 75 depends
1568 2299 42 75 on
1626 2299 55 75 the
1697 2299 171 75 flexibility
1887 2299 40 75 of
1945 2299 55 75 the
2017 2299 167 75 cartilages
2200 2299 41 75 of
2258 2299 58 75 the

1278 2347 129 75 larynx,
1437 2347 64 75 and
1527 2347 162 75 decreafes
1716 2347 31 75 in
1772 2347 185 75 proportion
1983 2347 33 75 as
2045 2347 47 75 we
2119 2347 139 75 advance
2282 2347 33 75 in

1279 2391 69 75 age,
1382 2391 129 75 bccaufe
1526 2391 88 75 thefe
1631 2391 166 75 cardlages
1815 2391 167 75 gradually
2000 2391 121 75 harden
2132 2391 64 75 and
2208 2391 104 75 oflify.

1325 2437 75 75 The
1417 2437 131 75 mufculi
1570 2437 286 75 fterno-thyroidan
1878 2437 87 75 ferve
1987 2437 32 75 in
2043 2437 129 75 general
2195 2437 34 75 to
2247 2437 67 75 pull

1278 2483 93 75 down
1389 2483 55 75 the
1461 2483 130 75 thyroid
1608 2483 162 75 cartilage,
1796 2483 61 75 and
1875 2483 54 75 the
1957 2483 104 75 whole
2077 2483 117 75 larynx
2217 2483 97 75 along

1277 2530 78 75 with
1372 2530 37 75 it.
1457 2530 78 75 The
1561 2530 251 75 thyro-hyoidasi
1833 2530 86 75 may,
1945 2530 33 75 as
1993 2530 143 75 occafion
2153 2530 157 75 requires,

1278 2575 101 75 either
1395 2575 89 75 draw
1497 2575 41 75 up
1550 2575 54 75 the
1622 2575 112 75 larynx
1747 2575 124 75 toward
1885 2575 52 75 the
1951 2575 35 75 os
1999 2575 147 75 hyoides,
2171 2575 37 75 or
2221 2575 89 75 draw

1277 2622 70 75 that
1363 2622 82 75 bone
1462 2622 183 75 downward
1672 2622 124 75 toward
1817 2622 54 75 the
1885 2622 158 75 eartilago
2057 2622 181 75 thyroides.

1324 2667 31 75 It
1372 2667 26 75 is
1414 2667 135 75 difficult
1566 2667 35 75 to
1617 2667 173 75 determine
1807 2667 56 75 the
1880 2667 52 75 ufe
1957 2667 39 75 of
2008 2667 54 75 the
2079 2667 229 75 crico-thyroi-

1276 2714 58 75 dsei
1352 2714 83 75 from
1451 2714 84 75 their
1557 2714 175 75 fituation^.
1762 2714 101 75 They
1879 2714 73 75 may
1967 2714 102 75 either
2085 2714 66 75 pull
2168 2714 55 75 the
2246 2714 61 75 cri-

1276 2761 105 75 coides
1406 2761 168 75 obliquely
1595 2761 182 75 backward,
1810 2761 38 75 or
1869 2761 57 75 the
1953 2761 164 75 thyroides
2141 2761 167 75 obliquely

1276 2808 152 75 forward;

1320 2854 87 75 Both
1424 2854 56 75 the
1494 2854 110 75 lateral
1633 2854 61 75 and
1718 2854 152 75 pofterior
1886 2854 322 75 crico-arytenoidsr,
2232 2854 75 75 may

1272 2902 140 75 feparate
1428 2902 54 75 the
1498 2902 55 75 ary
1557 2902 107 75 tenoid
1682 2902 180 75 cartilages,
1888 2902 62 75 and
1966 2902 134 75 thereby
2112 2902 82 75 open
2207 2902 36 75 or
2254 2902 49 75 di-

1270 2947 63 75 late
1350 2947 55 75 the
1416 2947 123 75 glottis.

1320 2995 76 75 The
1412 2995 316 75 thyro-arytenoidari
1746 2995 17 75 a
1765 2995 82 75 fling
1864 2995 160 75 together,
2050 2995 89 75 draw
2153 2995 81 75 both
2251 2995 56 75 the

1446 3046 17 75 3

1747 3046 20 75 4
1791 3046 36 75 G

2141 3046 167 75 arytenoid
