2423 3387
143 167 87 75 484

705 167 503 75 ASTRO

142 231 111 75 centre
270 231 114 75 falling
400 231 41 75 on
458 231 56 75 the
526 231 121 75 middle
663 231 140 75 thereof,
828 231 32 75 at
872 231 56 75 the
945 231 121 75 middle
1082 231 39 75 of
1134 231 55 75 the

143 277 132 75 general
291 277 128 75 eclipfe.
469 277 78 75 The
576 277 123 75 farther
727 277 56 75 the
812 277 96 75 moon
937 277 138 75 changes
1104 277 85 75 from

143 325 107 75 either
277 325 97 75 node,
400 325 114 75 v/ithin
537 325 39 75 17
594 325 135 75 degrees
754 325 41 75 of
810 325 40 75 it,
876 325 55 75 the
949 325 123 75 fhorter
1088 325 27 75 is
1132 325 56 75 the

144 372 204 75 penumbra’s
370 372 210 75 continuance
597 372 42 75 on
656 372 55 75 the
729 372 104 75 earth,
863 372 133 75 becaufe
1013 372 25 75 it
1056 372 77 75 goes
1151 372 37 75 o-

144 419 57 75 ver
218 419 18 75 a
252 419 60 75 lefs
330 419 130 75 portion
485 419 40 75 of
545 419 57 75 the
627 419 80 75 diilc,
734 419 33 75 as
792 419 26 75 is
844 419 130 75 evident
1000 419 43 75 by
1068 419 57 75 the
1150 419 36 75 fi-

145 465 91 75 gure.

191 514 75 75 The
284 514 111 75 nearer
412 514 71 75 that
500 514 55 75 the
572 514 202 75 penumbra’s
791 514 108 75 centre
912 514 26 75 is
960 514 35 75 to
1016 514 55 75 the
1088 514 99 75 equa-

144 562 52 75 tor
213 562 33 75 at
263 562 56 75 the
336 562 122 75 mifldie
475 562 40 75 of
526 562 56 75 the
597 562 131 75 general
745 562 127 75 eclipfe,
891 562 56 75 the
963 562 113 75 longer
1087 562 27 75 is
1133 562 55 75 the

145 608 149 75 duration
319 608 40 75 of
378 608 56 75 the
450 608 115 75 eclipfe
590 608 34 75 at
650 608 40 75 all
722 608 90 75 thofe
812 590 15 49 -
827 608 115 75 places
970 608 108 75 where
1106 608 25 75 it
1160 608 26 75 is

145 655 142 75 central;
314 655 145 75 becaufe,
484 655 57 75 the
558 655 111 75 nearer
686 655 70 75 that
774 655 62 75 any
852 655 90 75 place
966 655 26 75 is
1017 655 36 75 to
1080 655 57 75 the
1153 655 33 75 e-

149 702 130 75 quator,
321 702 56 75 the
405 702 127 75 greater
563 702 26 75 is
621 702 55 75 the
701 702 97 75 circle
826 702 27 75 it
876 702 158 75 defcribes
1059 702 44 75 by
1130 702 58 75 the

147 750 119 75 earth’s
295 750 124 75 motion
448 750 42 75 on
518 750 42 75 its
588 750 91 75 axis:
707 750 77 75 And
801 750 46 75 fo,
873 750 56 75 the
953 750 88 75 place
1057 750 131 75 moving

145 796 148 75 quicker,
318 796 99 75 keeps
435 796 113 75 longer
563 796 31 75 in
612 796 56 75 the
684 796 188 75 penumbra,
898 796 107 75 whofe
1021 796 122 75 motion
1160 796 27 75 is

145 845 56 75 the
218 845 83 75 fame
318 845 72 75 way
406 845 79 75 with
503 845 71 75 that
597 845 42 75 of
660 845 56 75 the
741 845 102 75 place,
869 845 125 75 though
1018 845 108 75 falter,
1153 845 34 75 as

144 892 58 75 has
230 892 80 75 been
338 892 132 75 already
497 892 197 75 mentioned.
742 892 97 75 Thus
866 892 66 75 (fee
959 892 56 75 the
1039 892 92 75 earth
1154 892 34 75 at

146 938 36 75 D
201 938 62 75 and
279 938 55 75 the
351 938 174 75 penumbra
540 938 34 75 at
604 938 56 75 12)
690 938 104 75 whilft
824 938 57 75 the
909 938 91 75 point
1027 938 19 75 b
1070 938 32 75 in
1131 938 56 75 the

143 986 93 75 polar
253 986 95 75 circle
364 986 85 75 abed
461 986 25 75 is
507 986 126 75 carried
659 986 86 75 from
762 986 18 75 $
798 986 34 75 to
860 986 18 75 c
904 986 46 75 by
977 986 57 75 the
1062 986 122 75 earth’s

145 1033 124 75 diurnal
289 1033 134 75 motion,
449 1033 57 75 the
525 1033 91 75 point
632 1033 25 75 d
670 1033 42 75 on
742 1033 54 75 the
824 1033 102 75 tropic
950 1033 39 75 of
1011 1033 128 75 Cancer
1157 1033 35 75 T

145 1079 27 75 is
189 1079 126 75 carried
330 1079 19 75 a
365 1079 95 75 much
477 1079 127 75 greater
620 1079 111 75 length
744 1079 85 75 from
842 1079 68 75 dto
925 1079 59 75 D;
1006 1079 61 75 and
1080 1079 106 75 there-

145 1128 84 75 fore,
255 1128 31 75 if
297 1128 55 75 the
368 1128 202 75 penumbra’s
599 1128 109 75 centre
731 1128 77 75 goes
825 1128 61 75 one
903 1128 77 75 time
997 1128 78 75 over
1090 1128 18 75 c
1125 1128 62 75 and

145 1174 135 75 another
296 1174 78 75 time
392 1174 77 75 over
492 1174 49 75 D,
567 1174 56 75 the
650 1174 174 75 penumbra
851 1174 67 75 will
946 1174 40 75 be
1012 1174 113 75 longer
1153 1174 33 75 in

145 1221 116 75 palling
277 1221 78 75 over
370 1221 56 75 the
441 1221 131 75 moving
587 1221 90 75 place
694 1221 25 75 d
732 1221 77 75 than
826 1221 25 75 it
868 1221 66 75 was
959 1221 32 75 in
1019 1221 116 75 palling
1151 1221 35 75 o-

144 1268 58 75 ver
219 1268 55 75 the
291 1268 129 75 moving
436 1268 89 75 place
543 1268 30 75 b.
635 1268 256 75 Confequently,
917 1268 121 75 central
1055 1268 131 75 eclipfes

145 1315 99 75 about
267 1315 56 75 the
340 1315 88 75 poles
445 1315 53 75 are
514 1315 41 75 of
567 1315 54 75 the
637 1315 132 75 Ihortefl
784 1315 150 75 duration
949 1315 10 75 ;
998 1315 64 75 and
1089 1315 98 75 about

146 1363 56 75 the
218 1363 137 75 equator
372 1363 40 75 of
423 1363 55 75 the
494 1363 135 75 longell.

193 1410 38 75 In
247 1410 57 75 the
319 1410 124 75 middle
458 1410 40 75 of
509 1410 149 75 fummer,
683 1410 58 75 the
766 1410 108 75 whole
899 1410 98 75 frigid
1014 1410 95 75 zone,
1138 1410 49 75 in-

146 1458 117 75 cluded
275 1458 43 75 by
330 1458 58 75 the
404 1458 92 75 polar
512 1458 97 75 circle
625 1458 92 75 abed,
743 1458 27 75 is
787 1458 205 75 enlightened
1004 1458 10 75 ;
1041 1458 63 75 and
1119 1458 31 75 if
1161 1458 27 75 it

145 1505 78 75 then
239 1505 154 75 happens,
419 1505 71 75 that
507 1505 55 75 the
578 1505 201 75 penumbra’s
804 1505 109 75 centre
937 1505 76 75 goes
1035 1505 78 75 over
1132 1505 55 75 the

144 1552 98 75 north
267 1552 87 75 pole,
380 1552 56 75 the
453 1552 55 75 fun
526 1552 66 75 will
609 1552 39 75 be
661 1552 134 75 eclipfed
808 1552 96 75 much
922 1552 55 75 the
993 1552 85 75 fame
1096 1552 90 75 num-

146 1598 58 75 ber
220 1598 40 75 of
271 1598 99 75 digits
387 1598 33 75 at
436 1598 23 75 «
475 1598 33 75 as
526 1598 33 75 at
575 1598 39 75 c;
632 1598 59 75 but
703 1598 103 75 whilft
818 1598 55 75 the
890 1598 175 75 penumbra
1077 1598 108 75 moves

145 1646 151 75 eaftward
325 1646 78 75 over
426 1646 29 75 c,
488 1646 26 75 it
537 1646 109 75 moves
674 1646 74 75 weft
751 1646 89 75 ward
866 1646 77 75 over
962 1646 43 75 *7;
1040 1646 144 75 becaufe,

144 1693 79 75 with
241 1693 119 75 refpedt
376 1693 35 75 to
428 1693 56 75 the
506 1693 186 75 penumbra,
717 1693 56 75 the
802 1693 138 75 motions
969 1693 41 75 of
1032 1693 22 75 a
1083 1693 62 75 and
1169 1693 18 75 c

144 1740 54 75 are
215 1740 152 75 contrary
381 1740 9 75 :
418 1740 67 75 For
500 1740 18 75 c
534 1740 108 75 moves
672 1740 56 75 the
755 1740 85 75 fame
867 1740 70 75 way
961 1740 80 75 with
1058 1740 56 75 the
1131 1740 53 75 pe-

144 1787 135 75 numbra
293 1787 142 75 towards
461 1787 32 75 d,
519 1787 59 75 but
600 1787 22 75 a
645 1787 110 75 moves
780 1787 55 75 the
863 1787 152 75 contrary
1039 1787 72 75 way
1135 1787 50 75 to-

144 1835 105 75 wards
266 1835 18 75 b
300 1835 10 75 ;
339 1835 62 75 and
417 1835 164 75 therefore
597 1835 56 75 the
670 1835 114 75 eclipfe
800 1835 67 75 will
885 1835 41 75 be
945 1835 40 75 of
996 1835 113 75 longer
1125 1835 59 75 du-

146 1881 105 75 ration
268 1881 34 75 at
319 1881 16 75 c
352 1881 76 75 than
442 1881 33 75 at
487 1881 34 75 a.
548 1881 49 75 At
613 1881 21 75 «
650 1881 57 75 the
722 1881 113 75 eclipfe
847 1881 110 75 begins
970 1881 42 75 on
1029 1881 55 75 the
1100 1881 85 75 fun’s

145 1928 120 75 eaftern
281 1928 91 75 limb,
390 1928 59 75 but
465 1928 33 75 at
514 1928 17 75 c
549 1928 42 75 on
606 1928 52 75 his
674 1928 153 75 weftern:
855 1928 48 75 At
916 1928 41 75 all
975 1928 106 75 places
1097 1928 89 75 lying

144 1974 141 75 without
300 1974 55 75 the
372 1974 91 75 polar
479 1974 125 75 circles,
630 1974 56 75 the
701 1974 85 75 fun’s
802 1974 130 75 eclipfes
949 1974 95 75 begin
1068 1974 42 75 on
1133 1974 52 75 his

145 2021 132 75 weftern
295 2021 90 75 limb,
411 2021 37 75 or
464 2021 77 75 near
557 2021 39 75 it,
621 2021 63 75 and
700 2021 62 75 end
779 2021 42 75 on
837 2021 40 75 of
892 2021 76 75 near
984 2021 51 75 his
1051 2021 132 75 eaftern.

145 2068 49 75 At
211 2068 90 75 thofe
320 2068 106 75 places
444 2068 108 75 where
576 2068 56 75 the
658 2068 176 75 penumbra
854 2068 134 75 touches
1004 2068 57 75 the
1077 2068 106 75 earth,

144 2116 57 75 the
217 2116 115 75 eclipfe
347 2116 112 75 begins
483 2116 79 75 with
588 2116 55 75 the
667 2116 95 75 rifing
786 2116 68 75 fun,
881 2116 41 75 on
939 2116 55 75 the
1009 2116 59 75 top
1084 2116 40 75 of
1136 2116 49 75 his

144 2162 133 75 weftern
294 2162 38 75 or
348 2162 180 75 uppermoft
552 2162 81 75 edge
647 2162 10 75 ;
684 2162 64 75 and
775 2162 33 75 at
833 2162 90 75 thofe
951 2162 103 75 places
1078 2162 108 75 where

146 2209 57 75 the
219 2209 175 75 penumbra
409 2209 106 75 leaves
531 2209 56 75 the
603 2209 104 75 earth,
733 2209 56 75 the
806 2209 114 75 eclipfe
935 2209 80 75 ends
1031 2209 77 75 with
1130 2209 56 75 the

146 2257 115 75 fetting
279 2257 70 75 fun,
374 2257 41 75 on
431 2257 56 75 the
503 2257 56 75 top
572 2257 40 75 of
618 2257 50 75 his
685 2257 119 75 eaftern
821 2257 94 75 edge,
940 2257 107 75 which
1064 2257 26 75 is
1108 2257 77 75 then

145 2303 56 75 the
217 2303 193 75 uppermoft,
433 2303 64 75 juft
513 2303 34 75 at
562 2303 41 75 its
620 2303 220 75 difappearing
857 2303 31 75 in
905 2303 55 75 the
977 2303 149 75 horizon.

193 2350 36 75 If
240 2350 57 75 the
309 2350 96 75 moon
421 2350 84 75 were
522 2350 196 75 furrounded
734 2350 45 75 by
794 2350 40 75 an
851 2350 200 75 atraofphere
1067 2350 41 75 of
1122 2350 64 75 any

146 2397 215 75 confiderable
377 2397 135 75 denfity,
536 2397 28 75 it
589 2397 109 75 would
717 2397 84 75 feem
828 2397 35 75 to
891 2397 99 75 touch
1015 2397 57 75 the
1094 2397 54 75 fun
1167 2397 18 75 a

146 2445 85 75 little
254 2445 111 75 before
390 2445 56 75 the
470 2445 96 75 moon
588 2445 94 75 made
710 2445 59 75 her
797 2445 128 75 appulfe
952 2445 36 75 to
1010 2445 50 75 his
1089 2445 94 75 edge,

147 2491 61 75 and
226 2491 49 75 we
284 2491 8 75 '
292 2491 112 75 ftiould
419 2491 50 75 fee
485 2491 19 75 a
519 2491 86 75 little
622 2491 150 75 faintnefs
789 2491 42 75 on
848 2491 71 75 that
937 2491 80 75 edge
1030 2491 112 75 before
1159 2491 25 75 it

147 2538 86 75 were
249 2538 139 75 eclipfed
403 2538 44 75 by
459 2538 55 75 the
530 2538 117 75 moon:
675 2538 68 75 But
760 2538 33 75 as
811 2538 41 75 no
867 2538 77 75 fuch
961 2538 150 75 faintnefs
1128 2538 58 75 has

148 2585 79 75 been
244 2585 166 75 obferved,
436 2585 26 75 it
478 2585 99 75 feems
594 2585 98 75 plain,
717 2585 72 75 that
801 2585 55 75 the
872 2585 96 75 moon
977 2585 57 75 has
1051 2585 42 75 no
1110 2585 76 75 fuch

148 2632 200 75 atmofphere
361 2632 33 75 as
411 2632 71 75 that
499 2632 41 75 of
550 2632 56 75 the
623 2632 104 75 earth.
772 2632 77 75 The
866 2632 80 75 faint
962 2632 71 75 ring
1053 2632 40 75 of
1103 2632 84 75 light

148 2678 211 75 furrounding
379 2678 56 75 the
458 2678 57 75 fun
543 2678 32 75 in
604 2678 80 75 total
705 2678 144 75 eclipfes,
875 2678 103 75 called
1001 2678 43 75 by
1071 2678 115 75 Caffini

148 2726 35 75 la
200 2726 168 75 ckevelure
391 2726 43 75 da
445 2726 108 75 foleil,
572 2726 98 75 feems
688 2726 35 75 to
739 2726 39 75 be
795 2726 55 75 the
868 2726 199 75 atmofphere
1080 2726 40 75 of
1130 2726 57 75 the

150 2773 76 75 fun;
253 2773 132 75 becaufe
401 2773 26 75 it
443 2773 57 75 has
517 2773 80 75 been
614 2773 153 75 obferved
783 2773 35 75 to
835 2773 93 75 move
948 2773 132 75 equally
1106 2773 79 75 with

149 2820 56 75 the
221 2820 69 75 fun,
316 2820 56 75 not
389 2820 77 75 with
484 2820 55 75 the
557 2820 108 75 moon.

197 2866 130 75 Having
350 2866 82 75 been
454 2866 34 75 fo
512 2866 108 75 prolix
637 2866 192 75 concerning
845 2866 131 75 eclipfes
993 2866 40 75 of
1044 2866 55 75 the
1115 2866 70 75 fhn,

150 2913 48 75 we
212 2913 78 75 ihall
313 2913 81 75 drop
407 2913 70 75 that
493 2913 120 75 fubjeA
630 2913 32 75 at
680 2913 135 75 prefent,
843 2913 62 75 and
922 2913 137 75 proceed
1075 2913 35 75 to
1130 2913 56 75 the

149 2959 143 75 do&rine
320 2959 40 75 of
382 2959 91 75 lunar
499 2959 129 75 eclipfes
644 2959 10 75 ;
681 2959 118 75 which,
826 2959 94 75 being
947 2959 89 75 more
1063 2959 122 75 Ample,

148 3007 74 75 may
238 3007 40 75 be
295 3007 172 75 explained
483 3007 33 75 in
533 3007 60 75 lefs
611 3007 89 75 time.

196 3054 91 75 That
303 3054 55 75 the
374 3054 96 75 moon
488 3054 56 75 can
562 3054 96 75 never
674 3054 38 75 be
730 3054 136 75 eclipfed
882 3054 58 75 but
964 3054 34 75 at
1025 3054 55 75 the
1107 3054 79 75 time

1270 159 40 75 N
1393 159 40 75 O
1512 159 49 75 M
1658 159 53 75 Y.

1238 233 42 75 of
1296 233 70 75 her’
1377 233 96 75 being
1490 233 73 75 full,
1589 233 62 75 and
1666 233 57 75 the
1742 233 110 75 reafon
1865 233 76 75 why
1957 233 52 75 (he
2026 233 26 75 is
2070 233 56 75 not
2143 233 138 75 eclipfed

1238 279 33 75 at
1280 279 100 75 every
1387 279 74 75 full,
1472 279 56 75 has
1536 279 78 75 been
1623 279 104 75 Ihewn
1737 279 142 75 already.
1895 279 39 75 In
1942 279 94 75 Plate
2043 279 132 75 XLVI.
2186 279 55 75 fig.
2247 279 33 75 3.

1238 326 45 75 let
1296 326 25 75 S
1333 326 40 75 be
1387 326 54 75 the
1458 326 69 75 fun,
1545 326 31 75 E
1588 326 57 75 the
1657 326 104 75 earth,
1781 326 62 75 RR
1861 326 55 75 the
1928 326 120 75 earth’s
2060 326 140 75 lhadow,
2219 326 64 75 and

1239 374 63 75 and
1319 374 30 75 i?
1367 374 56 75 the
1440 374 98 75 moon
1554 374 32 75 in
1603 374 178 75 oppofition
1798 374 35 75 to
1854 374 55 75 the
1926 374 78 75 fun:
2032 374 39 75 In
2095 374 64 75 this
2185 374 96 75 fitua-

1238 421 68 75 tion
1324 421 55 75 the
1404 421 92 75 earth
1514 421 173 75 intercepts
1704 421 55 75 the
1776 421 84 75 fun’s
1877 421 83 75 light
1977 421 32 75 in
2025 421 42 75 its
2085 421 72 75 way
2173 421 35 75 to
2224 421 58 75 the

1239 468 96 75 moon
1347 468 10 75 ;
1384 468 63 75 and
1463 468 93 75 when
1568 468 57 75 the
1638 468 95 75 moon
1751 468 133 75 touches
1897 468 55 75 the
1965 468 123 75 earth’s
2104 468 129 75 ftiadow
2249 468 33 75 at

1238 516 33 75 v,
1296 516 53 75 ftie
1366 516 111 75 begins
1493 516 35 75 to
1549 516 40 75 be
1605 516 138 75 eclipfed
1760 516 40 75 on
1822 516 59 75 her
1896 516 121 75 eaftern
2045 516 78 75 limb
2152 516 32 75 x,
2219 516 63 75 and

1238 563 166 75 continues
1421 563 138 75 eclipfed
1576 563 80 75 until
1673 563 60 75 her
1748 563 131 75 weftern
1896 563 110 75 limby
2023 563 106 75 leaves
2140 563 56 75 the
2212 563 68 75 flia-

1237 610 75 75 dow
1329 610 33 75 at
1377 610 58 75 w:
1461 610 49 75 At
1578 610 53 75 Ihe
1648 610 26 75 is
1699 610 33 75 in
1759 610 57 75 the
1844 610 120 75 middle
1991 610 40 75 of
2053 610 56 75 the
2137 610 140 75 ftiadow,

1237 656 62 75 and
1323 656 230 75 confequently
1569 656 33 75 in
1626 656 54 75 the
1703 656 121 75 middle
1848 656 41 75 of
1907 656 55 75 the
1985 656 127 75 eclipfe.

1283 704 76 75 The
1376 704 110 75 moon,
1504 704 93 75 when
1615 704 117 75 totally
1748 704 148 75 eclipfed,
1917 704 27 75 is
1961 704 58 75 not
2034 704 141 75 invifible
2186 704 31 75 if
2229 704 52 75 ftie

1236 750 41 75 be
1301 750 100 75 above
1418 750 55 75 the
1489 750 138 75 horizon
1652 750 63 75 and
1731 750 55 75 the
1803 750 56 75 ftcy
1883 750 39 75 be
1940 750 105 75 clear;
2073 750 58 75 but
2147 750 133 75 appears

1237 798 164 75 generally
1411 798 42 75 of
1464 798 19 75 a
1499 798 100 75 dufky
1613 798 124 75 colour,
1763 798 65 75 like
1846 798 159 75 tarniftied
2017 798 129 75 copper,
2171 798 108 75 which

1237 846 86 75 fome
1338 846 82 75 have
1436 846 142 75 thought
1594 846 36 75 to
1654 846 40 75 be
1719 846 55 75 the
1792 846 124 75 moon’s
1933 846 105 75 native
2055 846 97 75 light.
2212 846 69 75 But

1238 892 55 75 the
1310 892 72 75 true
1398 892 92 75 caufe
1506 892 40 75 of
1557 892 59 75 her
1631 892 95 75 being
1743 892 108 75 vifible
1872 892 27 75 is
1921 892 58 75 the
1995 892 159 75 fcattered
2169 892 109 75 beams

1237 939 41 75 of
1301 939 56 75 the
1388 939 69 75 fun,
1497 939 89 75 bent,
1627 939 69 75 into
1729 939 56 75 the
1809 939 119 75 earth’s
1960 939 129 75 ftiadow
2115 939 45 75 by
2182 939 99 75 going

1237 986 141 75 through
1404 986 55 75 the
1484 986 222 75 atmofphere;
1748 986 120 75 which,
1900 986 97 75 being
2024 986 89 75 more
2146 986 38 75 or
2215 986 61 75 lels

1237 1034 94 75 denfe
1355 1034 76 75 near
1447 1034 56 75 the
1521 1034 91 75 earth
1629 1034 78 75 than
1735 1034 33 75 at
1796 1034 213 75 confiderable
2032 1034 126 75 heights
2177 1034 103 75 above

1236 1080 38 75 it,
1299 1080 132 75 refradts
1455 1080 37 75 or
1516 1080 100 75 bends
1640 1080 56 75 the
1728 1080 85 75 fun’s
1840 1080 75 75 rays
1942 1080 90 75 more
2060 1080 135 75 inward,
2222 1080 57 75 the

1237 1128 111 75 nearer
1363 1128 77 75 they
1461 1128 55 75 are
1533 1128 114 75 pafiing
1662 1128 46 75 by
1724 1128 55 75 the
1796 1128 119 75 earth’s
1932 1128 135 75 furface,
2092 1128 78 75 than
2187 1128 92 75 thofe

1237 1175 72 75 rays
1326 1175 107 75 which
1450 1175 42 75 go
1508 1175 141 75 through
1665 1175 116 75 higher
1804 1175 88 75 parts
1923 1175 40 75 of
1985 1175 57 75 the
2064 1175 212 75 atmofphere,

1236 1222 108 75 where
1359 1222 26 75 it
1401 1222 27 75 is
1445 1222 60 75 lefs
1522 1222 94 75 denfe
1633 1222 171 75 according
1820 1222 35 75 to
1871 1222 42 75 its
1930 1222 124 75 height,
2079 1222 83 75 until
2187 1222 27 75 it
2236 1222 41 75 be

1236 1269 34 75 fo
1286 1269 71 75 thin
1373 1269 39 75 or
1427 1269 70 75 rare
1514 1269 33 75 as
1564 1269 36 75 to
1623 1269 66 75 lofe
1708 1269 42 75 its
1768 1269 168 75 refradtive
1953 1269 122 75 power.
2124 1269 67 75 Let
2220 1269 57 75 the

1237 1315 403 75 circleconcentric
1663 1315 35 75 to
1725 1315 57 75 the
1806 1315 105 75 earth,
1936 1315 128 75 include
2091 1315 56 75 the
2172 1315 104 75 atmo-

1236 1362 112 75 fphere
1367 1362 108 75 whofe
1502 1362 170 75 refradtive
1695 1362 110 75 power
1824 1362 141 75 vanifties
1983 1362 34 75 at
2040 1362 56 75 the
2112 1362 129 75 heights
2248 1362 38 75 f

1239 1409 64 75 and
1321 1409 38 75 i;
1385 1409 34 75 fo
1447 1409 72 75 that
1546 1409 56 75 the
1629 1409 74 75 rays
1730 1409 88 75 JV/nu
1846 1409 64 75 and
1937 1409 63 75 Viv
2021 1409 41 75 go
2086 1409 41 75 on
2144 1409 133 75 ftraight

1238 1457 139 75 without
1393 1457 154 75 fuffering
1574 1457 56 75 the
1647 1457 77 75 leaft
1740 1457 170 75 refradlion
1923 1457 8 75 :
1959 1457 67 75 But
2044 1457 42 75 all
2102 1457 90 75 thofe
2204 1457 74 75 rays

1237 1504 105 75 which
1360 1504 90 75 enter
1466 1504 56 75 the
1547 1504 201 75 atmofphere
1771 1504 146 75 between
1932 1504 35 75 f
1983 1504 63 75 and
2070 1504 31 75 k,
2127 1504 62 75 and
2220 1504 57 75 be-

1236 1550 105 75 tween
1358 1550 14 75 i
1388 1550 62 75 and
1465 1550 26 75 /,
1509 1550 42 75 on
1567 1550 142 75 oppofite
1724 1550 79 75 fides
1820 1550 40 75 of
1870 1550 56 75 the
1942 1550 105 75 earth,
2061 1550 54 75 are
2124 1550 151 75 gradual-

1236 1598 35 75 ly
1286 1598 89 75 more
1401 1598 76 75 bent
1492 1598 123 75 inward
1632 1598 35 75 as
1683 1598 80 75 they
1778 1598 42 75 go
1837 1598 142 75 through
2004 1598 19 75 a
2046 1598 127 75 greater
2200 1598 75 75 por-

1236 1645 68 75 tion
1321 1645 40 75 of
1379 1645 56 75 the
1452 1645 210 75 atmofphere,
1688 1645 82 75 until
1787 1645 56 75 the
1860 1645 73 75 rays
1949 1645 55 75 IVk
2021 1645 63 75 and
2102 1645 13 75 I
2115 1627 16 49 7
2131 1645 145 75 /touch-

1236 1692 53 75 ing
1305 1692 57 75 the
1378 1692 91 75 earth
1487 1692 33 75 at
1537 1692 31 75 m
1585 1692 62 75 and
1666 1692 34 75 «,
1725 1692 55 75 are
1801 1692 77 75 bent
1894 1692 34 75 fo
1952 1692 95 75 much
2072 1692 34 75 as
2131 1692 35 75 to
2190 1692 86 75 meet

1236 1739 32 75 at
1285 1739 32 75 q,
1343 1739 19 75 a
1377 1739 85 75 little
1480 1739 86 75 ftiort
1583 1739 40 75 of
1634 1739 55 75 the
1706 1739 96 75 moon
1814 1739 10 75 ;
1851 1739 63 75 and
1936 1739 163 75 therefore
2123 1739 55 75 the
2194 1739 82 75 dark

1235 1787 127 75 ftiadow
1386 1787 41 75 of
1448 1787 56 75 the
1532 1787 91 75 earth
1651 1787 28 75 is
1704 1787 171 75 contained
1901 1787 33 75 in
1959 1787 56 75 the
2039 1787 91 75 fpace
2146 1787 128 75 moqpn,

1235 1833 108 75 where
1359 1833 83 75 none
1454 1833 40 75 of
1505 1833 55 75 the
1579 1833 85 75 fun’s
1681 1833 72 75 rays
1771 1833 58 75 can
1841 1833 89 75 enter
1942 1833 9 75 :
1971 1833 58 75 All
2045 1833 56 75 the
2118 1833 62 75 reft
2196 1833 78 75 RR,

1235 1879 94 75 being
1346 1879 111 75 mixed
1474 1879 43 75 by
1534 1879 54 75 the
1605 1879 159 75 fcattered
1779 1879 74 75 rays
1873 1879 106 75 which
1997 1879 54 75 are
2067 1879 157 75 refradted
2241 1879 35 75 as

1235 1926 114 75 above,
1374 1926 27 75 is
1426 1926 31 75 in
1483 1926 85 75 fome
1596 1926 142 75 meafure
1765 1926 206 75 enlightened
1998 1926 45 75 by
2069 1926 89 75 them
2173 1926 11 75 ;
2211 1926 65 75 and

1236 1973 84 75 fome
1348 1973 40 75 of
1410 1973 90 75 thofe
1528 1973 74 75 rays
1630 1973 114 75 falling
1760 1973 42 75 on
1819 1973 56 75 the
1899 1973 111 75 moon,
2035 1973 73 75 give
2127 1973 60 75 her
2217 1973 58 75 the

1233 2019 113 75 colour
1362 2019 40 75 of
1413 2019 160 75 tarniftied
1600 2019 130 75 copper,
1756 2019 37 75 or
1820 2019 39 75 of
1881 2019 71 75 iron
1980 2019 111 75 almoft
2117 2019 57 75 red
2201 2019 72 75 hot.

1236 2067 45 75 So
1298 2067 70 75 that
1385 2067 32 75 if
1427 2067 55 75 the
1499 2067 92 75 earth
1608 2067 67 75 had
1691 2067 41 75 no
1753 2067 212 75 atmofphere,
1982 2067 56 75 the
2055 2067 98 75 moon
2165 2067 110 75 would

1234 2116 41 75 be
1291 2116 33 75 as
1345 2116 140 75 invifible
1518 2116 31 75 in
1575 2116 81 75 total
1684 2116 131 75 eclipfes
1831 2116 35 75 as
1887 2116 51 75 ftie
1956 2116 27 75 is
2000 2116 93 75 when
2109 2116 83 75 new.
2241 2116 39 75 If

1235 2161 55 75 the
1307 2161 95 75 moon
1432 2161 84 75 were
1532 2161 34 75 fo
1583 2161 75 75 near
1674 2161 56 75 the
1750 2161 91 75 earth
1858 2161 34 75 as
1909 2161 35 75 to
1966 2161 43 75 go
2036 2161 69 75 into
2123 2161 42 75 its
2193 2161 83 75 dark

1236 2207 138 75 ftiadow,
1399 2207 132 75 fuppofe
1547 2207 98 75 about
1657 2207 54 75 po,
1736 2207 51 75 fhe
1804 2207 108 75 would
1929 2207 40 75 be
1986 2207 142 75 invifible
2156 2207 118 75 during

1234 2255 58 75 her
1309 2255 67 75 ftay
1393 2255 32 75 in
1442 2255 51 75 it;
1520 2255 58 75 but
1602 2255 109 75 vifible
1727 2255 112 75 before
1855 2255 64 75 and
1934 2255 84 75 after
2035 2255 33 75 in
2085 2255 56 75 the
2156 2255 118 75 fainter

1235 2302 127 75 ftiadow
1380 2302 76 75 RR.

1282 2349 112 75 When
1407 2349 56 75 the
1476 2349 95 75 moon
1585 2349 78 75 goes
1675 2349 142 75 through
1834 2349 56 75 the
1907 2349 108 75 centre
2027 2349 42 75 of
2079 2349 56 75 the
2153 2349 121 75 earth’s

1235 2396 140 75 ftiadow,
1400 2396 53 75 ftie
1480 2396 27 75 is
1535 2396 134 75 diredlly
1698 2396 141 75 oppofite
1867 2396 35 75 to
1929 2396 57 75 the
2012 2396 55 75 fun
2081 2396 8 75 :
2124 2396 66 75 Yet
2219 2396 56 75 the

1235 2443 96 75 moon
1347 2443 58 75 has
1423 2443 77 75 been
1518 2443 89 75 often
1624 2443 71 75 feen
1713 2443 114 75 totally
1846 2443 136 75 eclipfed
2010 2443 33 75 in
2066 2443 56 75 the
2137 2443 137 75 horizon

1236 2490 91 75 when
1345 2490 55 75 the
1416 2490 56 75 fun
1490 2490 65 75 was
1572 2490 65 75 alfo
1653 2490 108 75 vifible
1783 2490 33 75 in
1837 2490 56 75 the
1909 2490 141 75 oppofite
2067 2490 71 75 part
2162 2490 41 75 of
2220 2490 25 75 it
2261 2490 9 75 :

1236 2537 78 75 For,
1340 2537 55 75 the
1415 2537 185 75 horizontal
1617 2537 169 75 refradtion
1813 2537 96 75 being
1927 2537 110 75 almoft
2065 2537 44 75 34
2136 2537 138 75 minutes

1236 2583 40 75 of
1288 2583 19 75 a
1322 2583 128 75 degree,
1469 2583 63 75 and
1549 2583 56 75 the
1617 2583 155 75 diameter
1789 2583 39 75 of
1840 2583 57 75 the
1912 2583 56 75 fun
1986 2583 62 75 and
2065 2583 95 75 moon
2179 2583 96 75 being

1237 2630 77 75 each
1331 2630 32 75 at
1380 2630 19 75 a
1414 2630 92 75 mean
1519 2630 78 75 ftate
1613 2630 60 75 but
1687 2630 41 75 32
1747 2630 149 75 minutes,
1913 2630 56 75 the
1985 2630 169 75 refradtion
2167 2630 107 75 caufes

1236 2676 80 75 both
1332 2676 184 75 luminaries
1533 2676 34 75 to
1585 2676 115 75 appear
1717 2676 100 75 above
1842 2676 55 75 the
1925 2676 137 75 horizon
2087 2676 93 75 when
2195 2676 80 75 they

1238 2724 53 75 are
1314 2724 100 75 really
1431 2724 105 75 below
1552 2724 38 75 it.

1284 2771 112 75 When
1414 2771 56 75 the
1497 2771 96 75 moon
1618 2771 27 75 is
1673 2771 60 75 full
1750 2771 32 75 at
1810 2771 39 75 12
1868 2771 132 75 degrees
2018 2771 83 75 from
2117 2771 105 75 either
2238 2771 41 75 of

1236 2819 59 75 her
1318 2819 113 75 nodes,
1456 2819 52 75 ftie
1521 2819 66 75 juft
1603 2819 132 75 touches
1760 2819 55 75 the
1839 2819 121 75 earth’.s
1976 2819 141 75 ftiadow,
2142 2819 58 75 but
2217 2819 55 75 en-

1237 2865 65 75 ters
1314 2865 57 75 not
1384 2865 68 75 into
1463 2865 39 75 it.
1528 2865 38 75 In
1579 2865 93 75 Plate
1684 2865 150 75 XLVII.
1848 2865 54 75 fig.
1921 2865 32 75 3.
1969 2865 47 75 let
2033 2865 71 75 GH
2119 2865 40 75 be
2170 2865 56 75 the
2239 2865 33 75 e-

1237 2912 121 75 cliptic,
1384 2912 37 75 ef
1433 2912 56 75 the
1509 2912 123 75 moon’s
1647 2912 84 75 orbit
1747 2912 108 75 where
1871 2912 51 75 ftie
1939 2912 26 75 is
1987 2912 38 75 12
2044 2912 132 75 degrees
2188 2912 86 75 from

1237 2959 54 75 the
1309 2959 82 75 node
1411 2959 33 75 at
1461 2959 58 75 her
1535 2959 82 75 full;
1643 2959 41 75 cd
1698 2959 59 75 her
1773 2959 84 75 orbit
1869 2959 107 75 where
1993 2959 52 75 fire
2057 2959 26 75 is
2102 2959 21 75 6
2140 2959 133 75 degrees

1237 3005 84 75 from
1338 3005 55 75 the
1410 3005 95 75 node,
1531 3005 41 75 ah
1599 3005 58 75 her
1684 3005 87 75 orbit
1798 3005 107 75 where
1932 3005 52 75 ftie
2012 3005 26 75 is
2067 3005 59 75 full
2156 3005 30 75 in
2217 3005 56 75 the

1237 3053 96 75 node,
1352 3053 65 75 AB
1439 3053 55 75 the
1511 3053 119 75 earth’s
1651 3053 139 75 ftiadow,
1809 3053 62 75 and
1886 3053 49 75 M
1947 3053 56 75 the
2019 3053 109 75 moon.
2160 3053 113 75 When
