2428 3377
170 126 74 75 i6S

163 195 130 75 conne<£i
313 195 63 75 this
393 195 148 75 vettebra
555 195 35 75 to
605 195 58 75 the
678 195 36 75 os
730 195 160 75 occlpitis,
915 195 63 75 and
1005 195 35 75 to
1061 195 57 75 the
1142 195 47 75 fe-

165 242 83 75 cond
264 242 159 75 vertebra,
441 242 53 75 are
510 242 100 75 fixed.
704 242 78 75 The
794 242 168 75 back-part
984 242 41 75 of
1042 242 56 75 the
1115 242 74 75 arch

164 287 27 75 is
209 287 149 75 conCave,
383 287 139 75 fmooth,
547 287 63 75 and
626 287 137 75 covered
785 287 80 75 with
891 287 18 75 a
937 287 163 75 cartilage,
1126 287 31 75 in
1174 287 19 75 a

165 334 106 75 recent
288 334 129 75 fubjeft,
444 334 35 75 to
496 334 122 75 receive
644 334 56 75 the
723 334 174 75 tooth-like
925 334 125 75 procefs
1076 334 42 75 of
1136 334 55 75 the

163 380 114 75 fscond
293 380 159 75 vertebra.
547 380 38 75 In
602 380 18 75 a
640 380 64 75 firft
722 380 159 75 vertebra,
905 380 86 75 from
1015 380 105 75 which
1136 380 56 75 the

163 427 93 75 fecon'
256 427 19 75 d
294 427 56 75 has
375 427 80 75 been
474 427 176 75 feparated,
676 427 64 75 this
765 427 120 75 hollow
905 427 107 75 makes
1039 427 56 75 the
1122 427 69 75 paf-

162 474 71 75 lage
250 474 52 75 for
316 474 56 75 the
389 474 96 75 fpinal
504 474 136 75 marrow
663 474 35 75 to
720 474 84 75 feem
832 474 94 75 much
949 474 107 75 larger
1072 474 75 75 than
1165 474 26 75 it

163 520 98 75 really
278 520 27 75 is
321 520 8 75 :
357 520 54 75 On
427 520 77 75 each
521 520 62 75 fide
600 520 40 75 of
653 520 24 75 it
696 520 17 75 a
730 520 88 75 fmall
837 520 103 75 rough
957 520 145 75 finuofrty
1117 520 75 75 may

162 566 40 75 fee
219 566 179 75 remarked,
423 566 106 75 where
546 566 55 75 the
624 566 168 75 ligaments
809 566 96 75 going
922 566 34 75 to
973 566 55 75 the
1052 566 78 75 fides
1155 566 41 75 of

163 612 54 75 th.e
236 612 173 75 rooth-like
425 612 125 75 procefs
566 612 42 75 of
619 612 55 75 the
692 612 167 75 following
875 612 149 75 vertebra
1047 612 53 75 are
1117 612 74 75 fatt-

161 659 82 75 ened
255 659 11 75 ;
293 659 63 75 and
371 659 41 75 on
430 659 76 75 each
523 659 75 75 fide,
624 659 19 75 a
658 659 89 75 fmall
765 659 102 75 rough
883 659 229 75 protuberance
1129 659 63 75 and

161 705 171 75 depreffion
348 705 27 75 is
392 705 65 75 obf'
457 705 140 75 errable,.
613 705 107 75 where
746 705 55 75 the
829 705 172 75 tranfverfe
1025 705 164 75 ligament,

163 753 104 75 which
284 753 123 75 fecurcs
424 753 55 75 the
504 753 177 75 tooth-like
700 753 124 75 procefs
844 753 30 75 in
905 753 54 75 the
982 753 156 75 finuofity,
1164 753 26 75 is

162 799 100 75 fixed,
287 799 62 75 and
364 799 129 75 hinders
511 799 70 75 that
598 799 124 75 procefs
740 799 83 75 from
840 799 140 75 injuring
995 799 55 75 the
1066 799 122 75 medul-

161 845 32 75 la
209 845 126 75 fpinalis
352 845 32 75 in
400 845 56 75 the
471 845 140 75 fleftions
630 845 39 75 of
680 845 55 75 the
751 845 96 75 head.

206 892 78 75 The
308 892 79 75 atlas
406 892 57 75 has
480 892 34 75 as
530 892 84 75 little
630 892 98 75 fpinal
742 892 122 75 procefs
877 892 34 75 as
928 892 87 75 body
1029 892 10 75 ;
1065 892 59 75 but
1140 892 47 75 in-

162 938 85 75 ftead
263 938 139 75 thereof,
427 938 91 75 there
534 938 26 75 is
585 938 18 75 a
624 938 88 75 large
728 938 86 75 bony
830 938 89 75 arch,
945 938 70 75 that
1031 938 56 75 the
1104 938 81 75 muf-

162 986 62 75 clcs
242 986 105 75 which
364 986 68 75 pafs
449 986 76 75 over
550 986 64 75 this
641 986 147 75 vertebra
815 986 33 75 at
875 986 71 75 that
970 986 90 75 place
1083 986 104 75 might

162 1031 56 75 not
240 1031 40 75 be
303 1031 76 75 hurt
399 1031 32 75 in
447 1031 175 75 extending
644 1031 55 75 the
714 1031 95 75 head.

207 1078 76 75 The
298 1078 142 75 fuperior
459 1078 131 75 oblique
606 1078 154 75 procelfes
776 1078 41 75 of
834 1078 64 75 this
916 1078 79 75 atlas
1013 1078 53 75 are
1084 1078 99 75 large,

159 1124 133 75 oblong,
316 1124 132 75 hollow,
474 1124 63 75 and
553 1124 88 75 more
656 1124 181 75 horizontal
854 1124 77 75 than
955 1124 32 75 in
1014 1124 62 75 any
1090 1124 97 75 other

159 1170 158 75 vertebra.
395 1170 116 75 ^They
534 1170 59 75 rife
614 1170 90 75 more
719 1170 32 75 in
769 1170 84 75 their
868 1170 146 75 external
1037 1170 75 75 than
1138 1170 47 75 in-

159 1216 101 75 ternal
276 1216 103 75 brim;
405 1216 44 75 by
464 1216 106 75 which
587 1216 83 75 their
687 1216 217 75 articulations
927 1216 78 75 with
1030 1216 55 75 the
1109 1216 76 75 con-

159 1263 113 75 dyloid
287 1263 38 75 of
338 1263 55 75 the
410 1263 35 75 os
462 1263 145 75 occipitis
636 1263 51 75 are
712 1263 121 75 firmer;
924 1263 117 75 Under
1056 1263 55 75 the
1128 1263 58 75 ex-

160 1310 102 75 ternal
279 1310 81 75 edge
377 1310 40 75 of
428 1310 77 75 each
519 1310 38 75 of
565 1310 85 75 thefe
668 1310 129 75 oblique
815 1310 166 75 proceffes,
1006 1310 27 75 is
1050 1310 55 75 the
1122 1310 64 75 fofi-

160 1355 43 75 fa,
228 1355 39 75 or
292 1355 80 75 deep
388 1355 81 75 open
489 1355 144 75 channel,
659 1355 32 75 in
718 1355 107 75 which
848 1355 55 75 the
931 1355 142 75 vetebral
1103 1355 83 75 arte-

160 1402 60 75 ries
237 1402 92 75 make
352 1402 55 75 the
429 1402 136 75 circular
580 1402 87 75 turn,
692 1402 33 75 as
741 1402 79 75 they
836 1402 54 75 are
914 1402 98 75 about
1034 1402 35 75 to
1097 1402 91 75 enter

159 1449 55 75 the
231 1449 89 75 great
336 1449 143 75 foremen
496 1449 39 75 of
546 1449 55 75 the
617 1449 149 75 occipital
788 1449 95 75 bone,
908 1449 63 75 and
994 1449 107 75 where
1131 1449 55 75 the

155 1495 95 75 tenth
268 1495 132 75 pair-of
419 1495 111 75 nerves
554 1495 76 75 goes
652 1495 70 75 out.
785 1495 108 75 ^-The
909 1495 132 75 inferior
1056 1495 131 75 oblique

158 1541 153 75 precedes
344 1541 174 75 extending
545 1541 84 75 from
657 1541 112 75 within
797 1541 160 75 outwards
988 1541 63 75 and
1074 1541 110 75 down-

158 1587 116 75 wards,
300 1587 53 75 are
379 1587 100 75 large,
505 1587 150 75 concave,
681 1587 62 75 and
767 1587 146 75 circular.
964 1587 45 75 So
1033 1587 70 75 that
1121 1587 63 75 this

158 1634 159 75 vertebra,
342 1634 149 75 contrary
508 1634 34 75 to
560 1634 55 75 the
643 1634 94 75 other
752 1634 59 75 fix,
836 1634 138 75 receives
1003 1634 54 75 the
1085 1634 98 75 bones

158 1679 79 75 with
259 1679 107 75 which
382 1679 26 75 it
424 1679 25 75 is
464 1679 189 75 articulated
669 1679 79 75 both
765 1679 99 75 above
881 1679 63 75 and
959 1679 118 75 below.

203 1724 76 75 The
295 1724 172 75 tranfverfe
484 1724 152 75 proceffes
653 1724 76 75 here
756 1724 53 75 are
837 1724 56 75 not
910 1724 94 75 much
1020 1724 164 75 hollowed

157 1772 37 75 or
211 1772 126 75 forked,
362 1772 58 75 but
438 1772 52 75 are
507 1772 110 75 longer
634 1772 62 75 and
712 1772 107 75 larger
841 1772 76 75 than
942 1772 90 75 thofe
1059 1772 40 75 of
1121 1772 62 75 any

157 1818 93 75 other
266 1818 148 75 vertebra
429 1818 40 75 of
481 1818 54 75 the
551 1818 93 75 neck,
669 1818 51 75 for
744 1818 54 75 the
822 1818 103 75 origin
947 1818 63 75 a^d
1032 1818 149 75 infertion

153 1865 44 75 of
208 1865 117 75 feveral
342 1865 144 75 mufcles.

203 1911 77 75 The
296 1911 73 75 hole
386 1911 50 75 for
452 1911 55 75 the
531 1911 97 75 fpinal
646 1911 136 75 marrow
798 1911 27 75 is
854 1911 104 75 larger
974 1911 31 75 in
1023 1911 63 75 this
1104 1911 76 75 than

156 1957 33 75 in
213 1957 61 75 any
290 1957 94 75 other
399 1957 159 75 vertebra,
584 1957 56 75 not
655 1957 78 75 only
748 1957 41 75 on
807 1957 133 75 account
957 1957 40 75 of
1018 1957 56 75 the
1098 1957 82 75 mar-

158 2003 67 75 row
240 2003 95 75 being
351 2003 112 75 largett
479 2003 88 75 here,
593 2003 57 75 but
662 2003 65 75 alfo
742 2003 34 75 to
792 2003 131 75 prevent
940 2003 41 75 its
997 2003 93 75 being
1105 2003 76 75 hurt

156 2050 44 75 by
215 2050 56 75 the
295 2050 137 75 motions
449 2050 39 75 of
506 2050 64 75 this
587 2050 146 75 vertebra
749 2050 41 75 on
811 2050 55 75 the
881 2050 116 75 fecond
1013 2050 73 75 one.

155 2096 84 75 This
256 2096 88 75 large
367 2096 86 75 hole,
480 2096 61 75 and
568 2096 54 75 the
640 2096 76 75 long
738 2096 136 75 traverfe
897 2096 166 75 proceffes,
1088 2096 92 75 make

156 2142 63 75 this
236 2142 55 75 the
308 2142 145 75 broadeft
469 2142 147 75 vertebra
631 2142 39 75 of
681 2142 55 75 the
753 2142 93 75 neck.

200 2188 77 75 The
301 2188 152 75 condyles
475 2188 40 75 of
535 2188 55 75 the
614 2188 36 75 os
667 2188 144 75 occipitis
828 2188 91 75 move
937 2188 154 75 forwards
1120 2188 61 75 and

154 2233 186 75 backwards
356 2233 32 75 in
404 2233 55 75 the
475 2233 140 75 fuperior
629 2233 129 75 oblique
774 2233 154 75 proceffes
945 2233 39 75 of
995 2233 63 75 this
1076 2233 104 75 verte-

155 2281 77 75 bra;
259 2281 57 75 but
332 2281 85 75 from
445 2281 55 75 the
528 2281 100 75 figure
654 2281 41 75 of
717 2281 55 75 the
799 2281 98 75 bones
924 2281 140 75 forming
1091 2281 88 75 thefe

149 2327 115 75 joints,
288 2327 25 75 it
330 2327 142 75 appears,
491 2327 70 75 that
578 2327 77 75 very
671 2327 84 75 little
771 2327 122 75 motion
911 2327 56 75 can
985 2327 75 75 here
1077 2327 39 75 be
1132 2327 46 75 al-

154 2373 103 75 lowed
274 2373 35 75 to
325 2373 101 75 either
442 2373 62 75 fide
518 2373 11 75 ;
555 2373 63 75 and
634 2373 89 75 there
739 2373 79 75 mutt
836 2373 38 75 be
890 2373 61 75 ttill
967 2373 60 75 lefs
1044 2373 135 75 circular

152 2419 136 75 motion.

198 2464 75 75 The
291 2464 114 75 fecond
419 2464 148 75 vertebra
584 2464 73 75 colli
674 2464 26 75 is
717 2464 103 75 called
847 2464 146 75 dentata,
1019 2464 84 75 from
1120 2464 56 75 the

151 2510 175 75 tooth-like
342 2510 124 75 procefs
483 2510 41 75 on
544 2510 54 75 the
614 2510 100 75 upper
730 2510 69 75 part
816 2510 40 75 of
867 2510 40 75 its
927 2510 98 75 body.

198 2557 76 75 The
290 2557 85 75 body
392 2557 39 75 of
450 2557 64 75 this
530 2557 147 75 vertebra
703 2557 26 75 is
756 2557 172 75 fomewhat
955 2557 218 75 pyramidical,

151 2603 94 75 being
266 2603 99 75 large,
391 2603 61 75 and
473 2603 164 75 produced
660 2603 213 75 downwards,
897 2603 168 75 efpeciaily
1081 2603 32 75 at
1129 2603 41 75 its

150 2648 162 75 fore-fide,
338 2648 34 75 to
389 2648 89 75 enter
494 2648 68 75 into
579 2648 18 75 a
615 2648 122 75 hollow
757 2648 39 75 of
808 2648 55 75 the
879 2648 146 75 vertebra
1042 2648 103 75 below
1160 2648 10 75 ;

150 2696 96 75 while
262 2696 55 75 the
334 2696 99 75 upper
449 2696 70 75 part
535 2696 56 75 has
609 2696 19 75 a
643 2696 113 75 fquare
778 2696 124 75 procefs
930 2696 79 75 with
1037 2696 19 75 a
1082 2696 88 75 fmall

150 2743 89 75 point
266 2743 142 75 ftanding
435 2743 56 75 out
513 2743 83 75 from
613 2743 38 75 it.
699 2743 85 75 This
799 2743 26 75 it
840 2743 26 75 is
884 2743 71 75 that
970 2743 26 75 is
1013 2743 159 75 imagined

145 2788 39 75 to
201 2788 150 75 refemble
370 2788 18 75 a
403 2788 106 75 tooth,
535 2788 62 75 and
612 2788 56 75 has
686 2788 92 75 given
806 2788 91 75 name
924 2788 35 75 to
984 2788 54 75 the
1066 2788 103 75 verte-

148 2834 193 75 bra.—The
364 2834 63 75 fide
443 2834 39 75 of
501 2834 62 75 this
580 2834 136 75 procefs,
742 2834 40 75 on
799 2834 104 75 which
926 2834 55 75 the
997 2834 121 75 hollow
1135 2834 40 75 of

149 2880 54 75 the
220 2880 140 75 anterior
375 2880 76 75 arch
468 2880 40 75 of
517 2880 55 75 the
590 2880 62 75 firtt
667 2880 160 75 ‘vertebra
853 2880 101 75 plays,
978 2880 28 75 is
1031 2880 134 75 convex,

141 2925 143 75 fhiooth,
308 2925 63 75 and
390 2925 136 75 covered
549 2925 78 75 with
657 2925 18 75 a
698 2925 172 75 cartilage;
897 2925 62 75 and
974 2925 26 75 it
1016 2925 27 75 is
1060 2925 41 75 of
1112 2925 55 75 the

142 2973 87 75 iaroe
248 2973 84 75 form
348 2973 131 75 behind,
503 2973 51 75 for
577 2973 55 75 the
655 2973 163 75 ligament,
843 2973 105 75 which
964 2973 26 75 is
1006 2973 162 75 extended

2121 135 99 75 Part
2238 135 32 75 I.

1238 198 208 75 tranfverfely
1461 198 85 75 from
1561 198 62 75 one
1639 198 103 75 rough
1758 198 231 75 protuberance
2005 198 40 75 of
2058 198 53 75 the
2124 198 63 75 firft
2200 198 69 75 ver-

1237 244 90 75 tebra
1342 244 36 75 to
1395 244 55 75 the
1465 244 108 75 other,
1596 244 65 75 and
1675 244 27 75 is
1719 244 226 75 cartilaginous
1961 244 34 75 in
2011 244 56 75 the
2082 244 133 75 middle,
2233 244 36 75 to

1239 291 93 75 move
1352 291 42 75 on
1413 291 39 75 it.

1285 336 77 75 The
1382 336 288 75 fijperior^oblique
1692 336 154 75 proceffes
1871 336 39 75 of
1933 336 65 75 this
2022 336 148 75 vertebra
2193 336 77 75 den-

1240 383 66 75 tata
1326 383 53 75 are
1394 383 101 75 large,
1519 383 148 75 circular,
1691 383 80 75 very
1786 383 110 75 nearly
1910 383 30 75 in
1959 383 40 75 an
2013 383 182 75 horizontal
2215 383 56 75 po-

1239 430 102 75 fition,
1368 430 63 75 and
1447 430 127 75 fiightly
1590 430 138 75 convex,
1754 430 34 75 to
1804 430 41 75 be
1862 430 138 75 adapted
2016 430 34 75 to
2066 430 56 75 the
2138 430 133 75 inferior

1240 476 130 75 oblique
1385 476 155 75 proceffes
1556 476 41 75 of
1608 476 56 75 the
1679 476 67 75 firft.
1758 476 159 75 vertebra.

1286 523 76 75 The
1380 523 173 75 tranfverfe
1570 523 153 75 proceffes
1744 523 41 75 of
1807 523 55 75 the
1890 523 147 75 vertebra
2059 523 132 75 dentata
2217 523 54 75 are

1240 568 96 75 fhort,
1364 568 76 75 vjjy
1457 568 84 75 little
1558 568 161 75 hollowed
1736 568 32 75 at
1786 568 83 75 their
1897 568 101 75 upper
2025 568 84 75 part,
2135 568 63 75 and
2214 568 57 75 not

1240 614 113 75 forked
1372 614 32 75 at
1431 614 83 75 their
1530 614 100 75 ends;
1658 614 62 75 and
1736 614 56 75 the
1809 614 105 75 canals
1933 614 140 75 through
2089 614 110 75 which
2214 614 58 75 the

1239 661 135 75 cervical
1391 661 131 75 arteries
1539 661 82 75 pafs,
1646 661 53 75 are
1726 661 149 75 refle&ed
1902 661 161 75 outwards
2091 661 97 75 about
2215 661 54 75 the

1239 709 121 75 middle
1376 709 159 75 fubftance
1550 709 41 75 of
1601 709 78 75 each
1695 709 145 75 proceft;
1867 709 34 75 fo
1929 709 71 75 that
2028 709 56 75 the
2107 709 111 75 courfe
2235 709 39 75 of

1238 753 86 75 thefe
1341 753 108 75 veffels
1467 753 73 75 may
1556 753 39 75 he
1611 753 142 75 direfted
1768 753 140 75 towards
1929 753 55 75 the
2001 753 173 75 tranfvede
2194 753 74 75 pro-

1238 800 94 75 ceffes
1355 800 40 75 of
1406 800 56 75 the
1486 800 64 75 firft:
1566 800 160 75 vertebra.

1282 847 76 75 The
1382 847 99 75 fpinal
1506 847 126 75 procefs
1654 847 39 75 of
1713 847 64 75 this
1801 847 148 75 vertebra
1970 847 131 75 tendata
2121 847 26 75 is
2164 847 102 75 thick,

1236 892 119 75 ftrong,
1380 892 63 75 and
1457 892 97 75 ftiort,
1579 892 36 75 to
1632 892 72 75 give
1719 892 155 75 fufficient
1889 892 105 75 origin
2010 892 35 75 to
2061 892 55 75 the
2136 892 132 75 mufeuli

1235 939 76 75 redti
1332 939 149 75 majores,
1507 939 62 75 and
1585 939 123 75 obliqui
1724 939 181 75 inferiores,
1931 939 62 75 and
2009 939 36 75 to
2064 939 133 75 prevent
2213 939 54 75 the

1235 987 161 75 contufion
1412 987 41 75 of
1471 987 86 75 thefe
1578 987 62 75 and
1656 987 93 75 other
1767 987 141 75 mufcles,
1920 987 34 75 in
1973 987 122 75 pulling
2111 987 56 75 the
2183 987 84 75 head

1233 1032 93 75 back.

1280 1079 76 75 The
1372 1079 89 75 third
1471 1079 147 75 vertebra
1633 1079 41 75 of
1693 1079 55 75 the
1760 1079 81 75 neck
1856 1079 26 75 is
1895 1079 44 75 by
1953 1079 85 75 fome
2051 1079 103 75 called
2168 1079 96 75 axis;

1235 1124 57 75 but
1308 1124 63 75 this
1388 1124 91 75 name
1496 1124 27 75 is
1540 1124 127 75 applied
1682 1124 35 75 to
1733 1124 25 75 it
1774 1124 79 75 with
1869 1124 96 75 much
1986 1124 60 75 lefs
2063 1124 109 75 reafon
2189 1124 77 75 than

1235 1170 34 75 to
1280 1170 56 75 the
1351 1170 128 75 fecond.
1575 1170 85 75 This
1677 1170 99 75 third,
1794 1170 63 75 and
1873 1170 54 75 the
1944 1170 91 75 three
2051 1170 115 75 below,
2184 1170 82 75 have

1235 1217 133 75 nothing
1385 1217 170 75 particular
1571 1217 32 75 in
1619 1217 85 75 their
1726 1217 172 75 ftrintture;
1925 1217 58 75 but
2006 1217 43 75 all
2070 1217 85 75 their
2176 1217 87 75 parts

1235 1263 89 75 come
1336 1263 100 75 under
1452 1263 56 75 the
1527 1263 127 75 general
1677 1263 192 75 defeription
1885 1263 154 75 formerly
2054 1263 106 75 given,
2185 1263 78 75 each

1234 1309 39 75 of
1292 1309 87 75 them
1396 1309 94 75 being
1506 1309 104 75 larger
1626 1309 32 75 as
1677 1309 77 75 they
1769 1309 149 75 defeend.

1282 1356 76 75 The
1379 1356 131 75 fever.th
1525 1356 148 75 vertebra
1688 1356 40 75 of
1746 1356 55 75 the
1817 1356 81 75 neck
1920 1356 26 75 is
1963 1356 75 75 near
2057 1356 35 75 to
2108 1356 55 75 the
2180 1356 84 75 form

1234 1401 40 75 of
1286 1401 90 75 thofe
1388 1401 40 75 of
1439 1401 56 75 the
1511 1401 92 75 back,
1628 1401 117 75 having
1756 1401 56 75 the
1823 1401 100 75 upper
1933 1401 61 75 and
2011 1401 99 75 lower
2125 1401 137 75 furfaces

1235 1447 39 75 of
1292 1447 42 75 its
1358 1447 87 75 body
1468 1447 59 75 lefs
1550 1447 122 75 hollow
1695 1447 77 75 than
1789 1447 55 75 the
1860 1447 256 75 others:—The
2132 1447 131 75 oblique

1234 1495 154 75 proceffes
1418 1495 52 75 are
1499 1495 88 75 more
1615 1495 436 75 perpendicular;—neither
2077 1495 100 75 fpinal
2204 1495 58 75 nor

1234 1541 171 75 tranfverfe
1429 1541 154 75 proceffes
1608 1541 52 75 are
1684 1541 262 75 forked.—This
1970 1541 129 75 feventh
2123 1541 61 75 and
2206 1541 56 75 the

1233 1586 83 75 fixth
1333 1586 146 75 vertebra
1490 1586 40 75 of
1548 1586 55 75 the
1620 1586 80 75 neck
1716 1586 80 75 have
1813 1586 54 75 the
1882 1586 75 75 hole
1974 1586 31 75 in
2025 1586 78 75 each
2119 1586 40 75 of
2177 1586 85 75 their

1218 1634 186 75 ,tranfverfe
1420 1634 167 75 proceffes,
1612 1634 89 75 more
1717 1634 184 75 frequently
1924 1634 131 75 divided
2078 1634 43 75 by
2137 1634 18 75 a
2170 1634 90 75 fmall

1233 1680 83 75 crofs
1329 1680 124 75 bridge,
1478 1680 72 75 that
1565 1680 76 75 goes
1660 1680 143 75 between
1819 1680 55 75 the
1890 1680 134 75 cervical
2041 1680 70 75 vein
2129 1680 62 75 and
2206 1680 53 75 ar-

1232 1725 83 75 tery,
1339 1725 78 75 than
1433 1725 63 75 any
1511 1725 39 75 of
1570 1725 56 75 the
1642 1725 94 75 other
1751 1725 167 75 vertebras.

1278 1773 75 75 The
1370 1773 114 75 twelve
1501 1773 104 75 dorfal
1621 1773 74 75 may
1706 1773 39 75 be
1756 1773 223 75 diftinguilhed
1995 1773 84 75 from
2097 1773 58 75 the,
2164 1773 94 75 other

1230 1819 154 75 vertebras
1400 1819 41 75 of
1460 1819 55 75 the
1530 1819 90 75 fpine
1632 1819 44 75 by
1687 1819 55 75 the
1759 1819 165 75 following
1935 1819 118 75 marks.

1276 1865 105 75 Their
1397 1865 111 75 bodies
1532 1865 54 75 are
1609 1865 41 75 of
1668 1865 19 75 a
1708 1865 121 75 middle
1852 1865 75 75 fize,
1952 1865 134 75 betwixt
2112 1865 89 75 thofe
2223 1865 41 75 of

1230 1908 54 75 the
1300 1908 80 75 neck
1397 1908 63 75 and
1474 1908 224 75 loins;—they
1714 1908 53 75 are
1789 1908 89 75 more
1901 1908 125 75 convex
2046 1908 111 75 before
2181 1908 76 75 than

1229 1955 102 75 either
1347 1955 41 75 of
1405 1955 56 75 the
1477 1955 95 75 other
1595 1955 67 75 two
1684 1955 103 75 forts;
1814 1955 62 75 and
1898 1955 53 75 are
1975 1955 112 75 flatted
2108 1955 149 75 laterally

1230 2000 42 75 by
1288 2000 55 75 the
1360 2000 136 75 preffure
1513 2000 40 75 of
1570 2000 56 75 the
1642 2000 78 75 ribs,
1745 2000 105 75 which
1867 2000 52 75 are
1934 2000 138 75 inferted
2087 2000 67 75 into
2166 2000 89 75 fmall

1230 2048 129 75 cavities
1372 2048 124 75 formed
1507 2048 32 75 in
1551 2048 84 75 their
1647 2048 91 75 fides.
1779 2048 84 75 This
1880 2048 124 75 flatting
2016 2048 41 75 on
2067 2048 83 75 their
2161 2048 92 75 fides,

1230 2094 104 75 which
1349 2094 109 75 makes
1474 2094 54 75 the
1550 2094 101 75 figure
1667 2094 40 75 of
1724 2094 88 75 thefe
1830 2094 151 75 vertebrae
1999 2094 110 75 almoil
2132 2094 38 75 an
2186 2094 76 75 half

1229 2140 84 75 oval,
1338 2140 26 75 is
1382 2140 40 75 of
1440 2140 87 75 good
1541 2140 73 75 ufe;
1641 2140 33 75 as
1691 2140 26 75 it
1740 2140 119 75 affords
1882 2140 18 75 a
1915 2140 69 75 firm
2002 2140 201 75 articulation
2219 2140 35 75 to

1229 2187 55 75 the
1302 2187 77 75 ribs,
1405 2187 109 75 allows
1531 2187 55 75 the
1609 2187 130 75 trachea
1761 2187 116 75 arteria
1899 2187 35 75 to
1950 2187 107 75 divide
2080 2187 33 75 at
2130 2187 18 75 a
2164 2187 89 75 fmail

1229 2234 103 75 angle,
1358 2234 61 75 and
1436 2234 54 75 the
1507 2234 94 75 other
1615 2234 87 75 large
1717 2234 109 75 veffels
1842 2234 35 75 to
1894 2234 58 75 run
1969 2234 106 75 fecure
2097 2234 84 75 from
2197 2234 55 75 the

1228 2279 101 75 a<ftion
1352 2279 41 75 of
1410 2279 56 75 the
1490 2279 79 75 vital
1596 2279 129 75 organs.
1820 2279 107 75 Thefe
1951 2279 111 75 bodies
2087 2279 53 75 are
2163 2279 89 75 more

1228 2325 136 75 concave
1381 2325 118 75 behind
1520 2325 77 75 than
1622 2325 61 75 any
1698 2325 40 75 of
1756 2325 56 75 the
1834 2325 94 75 other
1953 2325 65 75 two
2034 2325 121 75 claffes.

1226 2372 104 75 Their
1351 2372 100 75 upper
1468 2372 61 75 and
1545 2372 99 75 lower
1659 2372 137 75 furfaces
1814 2372 52 75 are
1882 2372 196 75 horizontal.

1271 2418 76 75 The
1364 2418 165 75 cartilages
1544 2418 180 75 interpofed
1746 2418 142 75 between
1904 2418 55 75 the
1975 2418 109 75 bodies
2105 2418 40 75 of
2163 2418 87 75 thefe

1224 2464 169 75 vertebrse'
1393 2464 54 75 are
1464 2464 126 75 thinner
1601 2464 76 75 than
1694 2464 31 75 in
1742 2464 62 75 any
1820 2464 92 75 other
1929 2464 39 75 of
1986 2464 55 75 the
2058 2464 70 75 true
2144 2464 104 75 verte-

1224 2509 63 75 bras
1298 2509 10 75 ;
1335 2509 62 75 and
1413 2509 180 75 contribute
1609 2509 34 75 to
1662 2509 54 75 the
1733 2509 165 75 concavity
1915 2509 39 75 of
1972 2509 55 75 the
2037 2509 92 75 ffpine
2144 2509 31 75 in
2193 2509 55 75 the

1222 2555 130 75 thorax,
1377 2555 43 75 by
1430 2555 100 75 .being
1545 2555 138 75 thinneft
1699 2555 32 75 at
1747 2555 85 75 their
1841 2555 171 75 fore-part.

1267 2602 75 75 The
1358 2602 130 75 oblique
1504 2602 151 75 proceffes
1672 2602 53 75 are
1740 2602 113 75 placed
1863 2602 110 75 almott
1984 2602 260 75 perpendicular;

1220 2648 55 75 the
1287 2648 99 75 upper
1397 2648 76 75 ones
1489 2648 133 75 flaming
1633 2648 58 75 but
1703 2648 17 75 a
1732 2648 83 75 little
1827 2648 169 75 forwards,
2021 2648 62 75 and
2094 2648 55 75 the
2165 2648 80 75 low-

1220 2694 33 75 er
1269 2694 75 75 ones
1357 2694 131 75 flanting
1505 2694 32 75 as
1561 2694 95 75 much
1672 2694 344 75 backwards.—They
2034 2694 81 75 have
2131 2694 57 75 not
2211 2694 34 75 as

1219 2740 93 75 much
1328 2740 173 75 convexity
1517 2740 37 75 or
1569 2740 167 75 concavity
1748 2740 32 75 as
1792 2740 27 75 is
1835 2740 105 75 worth
1956 2740 193 75 remarking.

1217 2787 154 75 Between
1387 2787 55 75 the
1458 2787 129 75 oblique
1611 2787 152 75 proceffes
1787 2787 41 75 of
1845 2787 140 75 oppofite
2008 2787 92 75 fides,
2124 2787 120 75 feveral

1217 2833 89 75 ftrarp
1323 2833 153 75 proceffes
1492 2833 88 75 ftand
1602 2833 57 75 out
1676 2833 82 75 from
1775 2833 55 75 the
1845 2833 101 75 upper
1962 2833 63 75 and
2040 2833 100 75 lower
2156 2833 87 75 parts

1216 2879 40 75 of
1273 2879 55 75 the
1344 2879 100 75 plates
1460 2879 106 75 which
1579 2879 69 75 join
1666 2879 34 75 to
1712 2879 84 75 form
1813 2879 56 75 the
1886 2879 97 75 fpinal
2001 2879 124 75 procefs
2137 2879 10 75 ;
2172 2879 69 75 into

1217 2926 85 75 thefe
1318 2926 88 75 (harp
1423 2926 153 75 proceffes
1592 2926 107 75 ftrong
1719 2926 168 75 ligaments
1904 2926 53 75 are
1973 2926 99 75 fixed,
2097 2926 51 75 for
2166 2926 74 75 con-

1215 2972 122 75 nefting
1352 2972 56 75 the
1423 2972 166 75 vertebras.

2163 3017 74 75 The

711 128 42 75 A
865 128 44 75 N
1025 128 43 75 A
1182 128 39 75 T
1339 128 40 75 O
1494 128 50 75 M
1660 128 55 75 Y.
