2428 3377
117 155 104 75 Part
241 155 28 75 I.

665 155 1018 75 ANATOMY.

2162 155 79 75 14.7

163 215 78 75 The
257 215 112 75 blood,
395 215 105 75 which
517 215 135 75 remains
678 215 83 75 after
786 215 55 75 the
866 215 154 75 fecretion
1042 215 43 75 of
1100 215 57 75 the
1205 215 109 75 them;
1341 215 96 75 while
1458 215 85 75 their
1563 215 190 75 hollownds
1779 215 153 75 increafes
1959 215 84 75 th@ir
2069 215 167 75 diameter,

118 260 150 75 marrow,
293 260 28 75 is
336 260 152 75 returned
503 260 44 75 by
562 260 115 75 proper
693 260 100 75 veins,
812 260 106 75 which
935 260 53 75 are
1000 260 156 75 colledted

118 308 85 75 from
231 308 56 75 the
309 308 198 75 membranes
531 308 69 75 into
625 308 61 75 one
702 308 38 75 or
762 308 66 75 two
856 308 89 75 large
968 308 125 75 trunks,
1120 308 34 75 to

117 354 68 75 pafs
203 354 57 75 out
276 354 33 75 at
325 354 55 75 the
395 354 85 75 fame
496 354 91 75 holes
603 354 33 75 at
654 354 104 75 which
776 354 55 75 the
848 354 131 75 arteries
996 354 101 75 enter.

165 400 76 75 The
257 400 110 75 veffels
384 400 40 75 of
442 400 57 75 the
522 400 150 75 marrow,
698 400 101 75 wrapt
816 400 42 75 up
881 400 32 75 in
930 400 61 75 one
1006 400 148 75 common

119 447 72 75 coat
207 447 84 75 from
304 447 55 75 the
376 447 201 75 periolteum,
603 447 69 75 pafs
689 447 140 75 through
843 447 54 75 the
910 447 98 75 bones
1021 447 43 75 by
1079 447 75 75 pro-

118 493 56 75 per
186 493 104 75 canals
306 493 10 75 ;
343 493 56 75 the
415 493 80 75 moft
511 493 214 75 conGderable
742 493 39 75 of
801 493 105 75 which
918 493 54 75 are
984 493 98 75 about
1099 493 55 75 the

118 539 121 75 middle
255 539 40 75 of
314 539 78 75 each
410 539 95 75 bone,
531 539 62 75 and
610 539 54 75 are
676 539 78 75 very
770 539 144 75 oblique.

165 586 99 75 From
279 586 55 75 the
351 586 151 75 (IrufUrre
518 586 40 75 of
577 586 55 75 the
656 586 146 75 contents
828 586 40 75 of
886 586 56 75 the
966 586 112 75 bones,
1103 586 50 75 we

117 632 74 75 may
210 632 103 75 judge
337 632 75 75 how
436 632 88 75 thefe
549 632 100 75 parts,
675 632 33 75 as
725 632 74 75 well
824 632 33 75 as
875 632 122 75 others,
1023 632 73 75 may
1113 632 40 75 be

116 678 119 75 fubjeft
252 678 34 75 to
303 678 138 75 oidema,
466 678 186 75 phlegmon,
677 678 181 75 eryfipelas,
885 678 176 75 fchirrhus,
1084 678 66 75 &c.

116 725 65 75 and
196 725 73 75 may
285 725 116 75 thence
416 725 40 75 be
467 725 55 75 led
533 725 35 75 to
585 725 17 75 a
618 725 75 75 cure
709 725 41 75 of
761 725 90 75 each,
869 725 111 75 before
993 725 54 75 the
1064 725 87 75 com-

117 771 74 75 mon
219 771 229 75 confequence,
484 771 222 75 putrefa&ion,
739 771 90 75 takes
860 771 103 75 place,
996 771 63 75 and
1086 771 66 75 fre-

117 818 135 75 quently
268 818 158 75 occafions
443 818 55 75 the
513 818 62 75 lofs
592 818 41 75 of
651 818 57 75 the
723 818 91 75 limb,
840 818 30 75 if
890 818 57 75 not
964 818 41 75 of
1024 818 56 75 the
1096 818 55 75 pa-

116 864 95 75 tient.

162 911 76 75 The
255 911 138 75 marrow
408 911 27 75 is
452 911 41 75 of
510 911 79 75 very
606 911 214 75 confiderable
836 911 53 75 ufe
905 911 35 75 to
956 911 56 75 the
1028 911 121 75 bones;

115 956 53 75 for
183 956 44 75 by
242 956 146 75 entering
404 956 83 75 their
503 956 174 75 tranfverfe
702 956 119 75 canals,
847 956 63 75 and
935 956 115 75 palling
1065 956 86 75 from

116 1003 88 75 them
217 1003 67 75 into
300 1003 57 75 the
370 1003 210 75 longitudinal
596 1003 90 75 ones,
704 1003 25 75 it
745 1003 26 75 is
789 1003 256 75 communicated
1056 1003 35 75 to
1107 1003 44 75 all

117 1049 56 75 the
196 1049 115 75 plates,
335 1049 36 75 to
394 1049 103 75 foften
522 1049 63 75 and
609 1049 131 75 connedt
762 1049 84 75 their
868 1049 108 75 fibres,
999 1049 154 75 whereby

117 1096 77 75 they
211 1096 53 75 are
281 1096 166 75 preferved
464 1096 84 75 from
564 1096 169 75 becoming
750 1096 57 75 too
823 1096 122 75 brittle.

163 1142 110 75 When
290 1142 55 75 the
361 1142 149 75 marrow,
536 1142 85 75 after
637 1142 117 75 having
770 1142 111 75 ferved
896 1142 55 75 the
968 1142 68 75 ufes
1063 1142 87 75 men-

115 1189 122 75 tioned,
256 1189 26 75 is
301 1189 175 75 reaffumed
490 1189 70 75 into
571 1189 55 75 the
638 1189 79 75 mafs
730 1189 40 75 of
782 1189 110 75 blood,
910 1189 30 75 ir
947 1189 137 75 corrects
1096 1189 57 75 the

116 1235 57 75 too
188 1235 91 75 great
295 1235 162 75 acrimony
473 1235 253 75 communicated
748 1235 35 75 to
806 1235 55 75 the
883 1235 97 75 faline
1005 1235 148 75 particles

116 1281 41 75 cf
173 1281 60 75 our
250 1281 94 75 fluids
360 1281 43 75 by
427 1281 83 75 their
535 1281 187 75 circulation
746 1281 63 75 and
824 1281 97 75 heat;
948 1281 32 75 in
998 1281 54 75 the
1070 1281 82 75 fame

116 1327 131 75 manner
263 1327 34 75 as
314 1327 125 75 lixivial
452 1327 74 75 falls
540 1327 52 75 are
605 1327 133 75 blunted
753 1327 45 75 by
809 1327 43 75 oil
869 1327 32 75 m
919 1327 128 75 making
1064 1327 87 75 foap.

164 1374 95 75 Since
283 1374 26 75 it
333 1374 26 75 is
387 1374 56 75 the
467 1374 112 75 nature
602 1374 41 75 of
662 1374 41 75 all
728 1374 45 75 oil
797 1374 35 75 to
854 1374 131 75 become
1005 1374 67 75 thin
1090 1374 62 75 and

118 1419 107 75 rancid
243 1419 93 75 when
353 1419 141 75 expofed
509 1419 78 75 long
603 1419 35 75 to
655 1419 87 75 heat,
769 1419 62 75 and
846 1419 100 75 bones
958 1419 81 75 have
1056 1419 95 75 much

116 1466 43 75 oil
176 1466 31 75 in
225 1466 84 75 their
333 1466 70 75 firm
419 1466 83 75 hard
526 1466 171 75 fubftance,
723 1466 48 75 we
794 1466 76 75 may
892 1466 97 75 know
1013 1466 75 75 why
1111 1466 39 75 an

114 1513 183 75 ungrateful
314 1513 102 75 fmell,
442 1513 60 75 and
524 1513 249 75 dark-coloured
798 1513 70 75 thin
885 1513 103 75 ichor,
1013 1513 138 75 proceed

115 1559 88 75 more
219 1559 85 75 from
321 1559 172 75 corrupted
509 1559 98 75 bones
624 1559 77 75 than
718 1559 84 75 from
820 1559 96 75 other
933 1559 86 75 parts
1036 1559 47 75 of
1095 1559 56 75 the

114 1604 110 75 body;
251 1604 62 75 and
328 1604 49 75 we
394 1604 57 75 can
468 1604 191 75 underhand
682 1604 56 75 the
754 1604 110 75 reafon
882 1604 40 75 of
941 1604 55 75 the
1013 1604 136 75 changes

115 1652 40 75 of
166 1652 110 75 colour
292 1652 105 75 which
412 1652 96 75 bones
522 1652 157 75 undergo,
704 1652 172 75 according
887 1652 35 75 to
938 1652 84 75 their
1039 1652 110 75 differ-

116 1698 54 75 ent
185 1698 131 75 degrees
335 1698 40 75 of
393 1698 239 75 mortification.

160 1743 145 75 Though
328 1743 98 75 bones
443 1743 34 75 fo
493 1743 49 75 far
560 1743 93 75 agree
675 1743 33 75 in
733 1743 84 75 their
842 1743 150 75 llruchire
1015 1743 60 75 and
1093 1743 54 75 an-

113 1789 109 75 nexed
245 1789 100 75 parts,
370 1789 55 75 yet
441 1789 49 75 we
514 1789 73 75 may
603 1789 130 75 obferve
762 1789 17 75 a
802 1789 213 75 confiderable
1036 1789 110 75 differ-

114 1836 76 75 ence
215 1836 116 75 among
353 1836 88 75 them
465 1836 32 75 in
522 1836 85 75 their
628 1836 196 75 magnitude,
850 1836 112 75 figure,
988 1836 159 75 fituation,

111 1882 173 75 fubftance,
310 1882 196 75 connexion,
531 1882 81 75 ufes,

752 1882 53 75 Of
816 1882 87 75 thefe
915 1882 49 75 we
981 1882 77 75 Ihall
1069 1882 79 75 only

112 1928 141 75 mention
270 1928 78 75 two,
373 1928 69 75 viz.
468 1928 71 75 that
554 1928 86 75 fome
665 1928 98 75 bones
788 1928 54 75 are
866 1928 101 75 broad
988 1928 63 75 and
1064 1928 80 75 flat,

113 1975 94 75 while
224 1975 112 75 others
350 1975 56 75 are
418 1975 75 75 long
505 1975 67 75 and
589 1975 115 75 round.

158 2021 75 75 The
250 2021 101 75 broad
364 2021 99 75 bones
486 2021 81 75 have
591 2021 69 75 thin
681 2021 92 75 fides,
798 2021 44 75 by
857 2021 56 75 the
932 2021 100 75 plates
1049 2021 96 75 being

111 2067 76 75 foon
204 2067 63 75 and
282 2067 130 75 equally
423 2067 68 75 fent
503 2067 51 75 off
565 2067 36 75 to
609 2067 83 75 form
706 2067 55 75 the
773 2067 216 75 lattice-work
1001 2067 10 75 ;
1038 2067 106 75 which

111 2114 161 75 therefore
298 2114 26 75 is
348 2114 136 75 thicker,
522 2114 63 75 and
608 2114 110 75 nearly
739 2114 41 75 of
799 2114 38 75 an
866 2114 95 75 equal
989 2114 82 75 form
1101 2114 42 75 all

110 2160 152 75 through.
312 2160 53 75 By
389 2160 64 75 this
477 2160 164 75 ftrudture,
666 2160 78 75 they
769 2160 53 75 are
850 2160 71 75 well
948 2160 136 75 adapted
1108 2160 36 75 to

110 2205 85 75 their
211 2205 81 75 ufes,
318 2205 39 75 of
377 2205 160 75 affording
561 2205 18 75 a
603 2205 87 75 large
715 2205 126 75 enough
866 2205 123 75 furface
1014 2205 50 75 for
1087 2205 56 75 the

109 2252 133 75 mufcles
260 2252 34 75 to
310 2252 60 75 rife
385 2252 97 75 from,
503 2252 67 75 .and
587 2252 92 75 move
703 2252 98 75 upon,
827 2252 63 75 and
913 2252 41 75 of
970 2252 174 75 defending

108 2300 190 75 fufficiently
313 2300 55 75 the
380 2300 87 75 parts
485 2300 105 75 which
607 2300 78 75 they
701 2300 129 75 inclofe.

156 2345 76 75 The
248 2345 105 75 round
375 2345 109 75 bones,
497 2345 78 75 have
601 2345 89 75 thick
707 2345 107 75 ftrong
829 2345 90 75 walls
935 2345 32 75 in
987 2345 57 75 the
1059 2345 82 75 mid-

109 2393 65 75 dle,
200 2393 63 75 and
278 2393 131 75 become
424 2393 78 75 very
520 2393 67 75 thin
611 2393 139 75 towards
776 2393 84 75 their
876 2393 91 75 ends,
992 2393 105 75 which
1114 2393 26 75 is

109 2437 105 75 Owing
222 2437 35 75 to
269 2437 76 75 very
356 2437 62 75 few
426 2437 101 75 plates
539 2437 178 75 feparating
728 2437 31 75 at
772 2437 84 75 their
868 2437 120 75 middle
996 2437 9 75 ;
1020 2437 119 75 where,

110 2482 39 75 on
168 2482 69 75 that
255 2482 146 75 account,
427 2482 55 75 the
499 2482 131 75 cancelli
648 2482 52 75 r.re
724 2482 119 75 fo.fine
868 2482 63 75 and
953 2482 89 75 fmaJl
1067 2482 73 75 that

109 2529 75 75 they
202 2529 53 75 are
271 2529 55 75 not
345 2529 92 75 taken
454 2529 105 75 notice
572 2529 54 75 of:
654 2529 67 75 But
738 2529 75 75 fiich
829 2529 100 75 bones
946 2529 53 75 are
1022 2529 67 75 faid
1104 2529 36 75 to

107 2575 81 75 have
217 2575 17 75 a
262 2575 88 75 large
377 2575 82 75 refer
463 2575 69 75 voir
557 2575 40 75 of
615 2575 42 75 oil
684 2575 31 75 in
739 2575 64 75 this
827 2575 100 75 place.
977 2575 162 75 Towards

108 2620 84 75 their
214 2620 76 75 ends
309 2620 54 75 the
381 2620 217 75 lattice-woik
623 2620 146 75 becomes
787 2620 77 75 very
882 2620 103 75 thick,
1009 2620 62 75 and
1088 2620 49 75 ra-

108 2666 72 75 ther
197 2666 88 75 more
310 2666 157 75 complete
483 2666 76 75 than
585 2666 32 75 in
640 2666 54 75 the
718 2666 94 75 other
833 2666 66 75 fort
920 2666 41 75 cf
977 2666 161 75 bones.

106 2712 108 75 Thefe
232 2712 101 75 round
346 2712 98 75 bones
462 2712 117 75 having
596 2712 105 75 ftrong
716 2712 104 75 forces
836 2712 160 75 naturally
1012 2712 124 75 applied

108 2758 34 75 to
158 2758 101 75 them,
277 2758 62 75 and
356 2758 93 75 being
464 2758 96 75 other
562 2758 72 75 wife
651 2758 138 75 expofed
806 2758 34 75 to
856 2758 125 75 violent;
992 2758 145 75 irjuries,

106 2804 81 75 have
212 2804 80 75 need
314 2804 40 75 of
373 2804 17 75 a
408 2804 182 75 cylindrical
608 2804 99 75 figure
723 2804 35 75 to
775 2804 82 75 refill
880 2804 146 75 external
1052 2804 84 75 pref-

107 2850 82 75 fure,
215 2850 63 75 and
301 2850 40 75 of
360 2850 17 75 a
394 2850 216 75 confiderable.
629 2850 149 75 quantity
801 2850 40 75 cf
859 2850 43 75 oil
931 2850 35 75 to
993 2850 144 75 preferve

105 2897 89 75 them
211 2897 84 75 from
319 2897 167 75 becoming
510 2897 56 75 too
590 2897 120 75 brittle.
760 2897 127 75 Befides
914 2897 119 75 which,
1058 2897 79 75 they

107 2942 53 75 are
174 2942 181 75 advantage
372 2942 9 75 v
407 2942 28 75 iy
448 2942 153 75 provided
614 2942 77 75 with
704 2942 89 75 thick
804 2942 78 75 fides
900 2942 139 75 towards
1053 2942 85 75 their

105 2990 132 75 middle,
262 2990 108 75 where
390 2990 54 75 the
460 2990 136 75 greateft
621 2990 103 75 forces
748 2990 53 75 are
824 2990 126 75 applied
975 2990 34 75 to
1031 2990 104 75 injure

1208 262 61 75 and
1293 262 228 75 confequently
1544 262 86 75 their
1651 262 156 75 ftrength,
1832 262 34 75 to
1892 262 84 75 refill
1991 262 105 75 forces
2113 262 127 75 applied

1206 308 33 75 to
1256 308 99 75 break
1371 308 88 75 them
1475 308 220 75 tranfverfely.

1251 356 105 75 Many
1379 356 98 75 bones
1500 356 82 75 have
1606 356 260 75 protuberances,
1891 356 37 75 or
1951 356 167 75 procefles,
2142 356 96 75 rifing

1206 401 56 75 out
1278 401 86 75 from
1387 401 102 75 them.
1536 401 38 75 If
1592 401 20 75 a
1632 401 124 75 procefs
1781 401 103 75 (lands
1910 401 57 75 out
1990 401 33 75 in
2048 401 19 75 a
2091 401 147 75 roundilh

1206 446 75 75 ball,
1307 446 26 75 it
1348 446 27 75 is
1392 446 104 75 called
1511 446 110 75 caput,
1646 446 38 75 or
1700 446 180 75 head.If
1898 446 56 75 the
1969 446 83 75 head
2068 446 26 75 is
2110 446 125 75 flatted,

1204 492 25 75 it
1245 492 126 75 obtains
1388 492 55 75 the
1459 492 192 75 appellation
1675 492 42 75 of
1734 492 150 75 condyle.-
1970 492 33 75 A
2026 492 104 75 rough
2156 492 79 75 une-

1204 540 76 75 qual
1300 540 230 75 protuberance
1549 540 27 75 is
1602 540 103 75 called
1724 540 176 75 tuberojlty.
1996 540 113 75 When
2126 540 19 75 a
2160 540 75 75 prq-

1203 586 64 75 cefs
1291 586 74 75 rifes
1390 586 137 75 narrow,
1554 586 62 75 and
1640 586 77 75 then
1741 586 148 75 becomes
1911 586 101 75 large,
2036 586 57 75 the
2109 586 129 75 narrow

1203 631 36 75 or
1256 631 90 75 fmall
1362 631 71 75 part
1449 631 26 75 is
1492 631 114 75 named
1622 631 122 75 cervix,
1769 631 39 75 or
1824 631 88 75 neck.
2010 631 99 75 Long
2125 631 109 75 ridges

1201 678 40 75 of
1257 678 97 75 bones
1376 678 52 75 are
1446 678 105 75 called
1564 678 124 75 fpines.
1784 678 88 75 Such
1891 678 156 75 proceffes
2065 678 34 75 as
2124 678 111 75 termi-

1202 726 73 75 nate
1291 726 31 75 in
1347 726 19 75 a
1378 726 94 75 ftiarp
1488 726 102 75 point,
1615 726 83 75 have
1712 726 54 75 the
1782 726 129 75 general
1934 726 92 75 name
2041 726 42 75 of
2102 726 133 75 cororne,

1202 771 38 75 or
1267 771 157 75 coronoid,
1450 771 160 75 bellowed
1633 771 42 75 on
1703 771 101 75 them,
1830 771 125 75 though
1984 771 79 75 moft
2091 771 41 75 of
2147 771 90 75 them

1201 820 123 75 receive
1340 820 173 75 particular
1528 820 108 75 names
1652 820 84 75 from
1752 820 56 75 the
1825 820 211 75 refemblance
2048 820 78 75 they
2140 820 96 75 have,

1201 864 37 75 or
1255 864 53 75 are
1324 864 157 75 imagined
1499 864 35 75 to
1549 864 94 75 have,
1668 864 35 75 to
1727 864 95 75 other
1846 864 189 75 fubftances,
2060 864 28 75 e.
2101 864 38 75 g.
2165 864 69 75 via-

1190 912 101 75 fioid,
1305 912 133 75 Jlyloid,
1463 912 61 75 &c.
1620 912 90 75 Such
1731 912 159 75 proceftes
1914 912 33 75 as
1972 912 85 75 form
2080 912 99 75 brims
2201 912 42 75 of

1202 958 143 75 cavities,
1370 958 53 75 are
1440 958 105 75 called
1558 958 195 75 fupercilia.

1248 1004 161 75 Proceffes
1426 1004 87 75 ferve
1530 1004 52 75 for
1597 1004 55 75 the
1669 1004 234 75 advantageous
1925 1004 103 75 origin
2054 1004 62 75 and
2138 1004 98 75 infer-

1202 1051 68 75 tion
1296 1051 40 75 of
1355 1051 147 75 mufcles,
1526 1051 63 75 and
1617 1051 116 75 render
1757 1051 55 75 the
1837 1051 218 75 articulations
2079 1051 71 75 firm
2174 1051 64 75 and

1201 1097 110 75 liable.

1250 1144 38 75 In
1305 1144 144 75 children
1474 1144 88 75 thefe
1586 1144 154 75 proceftes
1764 1144 53 75 are
1841 1144 65 75 real
1930 1144 178 75 epiphyfes,
2132 1144 38 75 or
2185 1144 51 75 di-

1203 1189 88 75 ftind:
1313 1189 111 75 bones,
1450 1189 106 75 which
1582 1189 54 75 are
1659 1189 187 75 afterwards
1868 1189 111 75 united
2003 1189 35 75 to
2062 1189 56 75 the
2140 1189 96 75 other

1202 1236 87 75 parts
1305 1236 9 75 ;
1353 1236 76 75 fuch
1454 1236 52 75 are
1535 1236 55 75 the
1616 1236 114 75 (lyloid
1756 1236 155 75 proceffes
1936 1236 40 75 of
1994 1236 56 75 the
2078 1236 158 75 temporal

1202 1283 111 75 bones,
1349 1283 156 75 precedes
1533 1283 41 75 of
1599 1283 57 75 the
1682 1283 167 75 vertebras,
1885 1283 200 75 trochanters
2112 1283 41 75 of
2178 1283 58 75 the

1203 1329 105 75 thigh,
1333 1329 65 75 <bc.

1250 1375 54 75 On
1321 1375 55 75 the
1396 1375 137 75 furfaces
1556 1375 41 75 of
1616 1375 17 75 a
1654 1375 88 75 great
1765 1375 95 75 many
1885 1375 40 75 of
1943 1375 55 75 the
2016 1375 98 75 bones
2142 1375 92 75 there

1201 1422 53 75 are
1286 1422 143 75 cavities,
1447 1422 39 75 or
1516 1422 210 75 depreffians:
1765 1422 38 75 If
1830 1422 87 75 thefe
1949 1422 57 75 are
2035 1422 93 75 deep,
2153 1422 80 75 with

1200 1468 88 75 large
1316 1468 111 75 brims,
1453 1468 131 75 authors
1610 1468 92 75 name
1729 1468 89 75 them
1849 1468 127 75 cotyla-;
2018 1468 31 75 if
2075 1468 77 75 they
2180 1468 54 75 are

1199 1515 187 75 fuperficial,
1414 1515 75 75 they
1506 1515 109 75 obtain
1632 1515 55 75 the
1703 1515 194 75 defignation
1914 1515 39 75 of
1966 1515 117 75 glena:,
2109 1515 37 75 or
2160 1515 74 75 gle-

1200 1561 87 75 noid.
1335 1561 109 75 Thefe
1460 1561 128 75 general
1613 1561 75 75 clafl'
1688 1561 32 75 es
1737 1561 53 75 are
1808 1561 89 75 again
1915 1561 130 75 divided
2061 1561 69 75 into
2145 1561 87 75 feve-

1201 1606 44 75 ral
1275 1606 116 75 fpecics
1407 1606 113 75 :Of
1531 1606 104 75 which
1649 1606 69 75 pits
1742 1606 52 75 are
1810 1606 90 75 fmall
1917 1606 147 75 roundilh
2081 1606 152 75 channels

1199 1655 78 75 funk
1296 1655 277 75 perpendicularly
1588 1655 69 75 into
1680 1655 55 75 the
1752 1655 297 75 bone;-furrows
2075 1655 53 75 are
2154 1655 79 75 lonn-

1198 1700 123 75 narrow
1332 1700 118 75 canals,
1463 1700 125 75 formed
1604 1700 32 75 in
1649 1700 56 75 the
1716 1700 122 75 furface
1853 1700 109 75 ;nit
1965 1700 65 75 dies
2047 1700 37 75 or
2092 1700 139 75 notches,

1198 1745 88 75 fmall
1303 1745 152 75 breaches
1472 1745 33 75 in
1522 1745 55 75 the
1593 1745 339 75 bont,ifnuo/iiics,
1958 1745 114 75 broad,
2093 1745 58 75 but
2179 1745 54 75 fu-

1197 1792 138 75 perficial
1363 1792 187 75 depreflions
1578 1792 138 75 without
1742 1792 96 75 brims
1850 1792 156 75 ;-fojfa,
2038 1792 87 75 large
2150 1792 80 75 deep

1195 1839 142 75 cavities,
1373 1839 106 75 which
1512 1839 54 75 are
1599 1839 57 75 not
1687 1839 131 75 equally
1849 1839 197 75 furrounded
2078 1839 43 75 by
2147 1839 80 75 high

1197 1884 96 75 brims
1312 1884 188 75 ^finufes,
1524 1884 89 75 large
1641 1884 129 75 cavities
1793 1884 112 75 within
1923 1884 55 75 the
2006 1884 160 75 fubftance
2194 1884 41 75 of

1194 1932 57 75 the
1279 1932 110 75 bones,
1409 1932 78 75 with
1515 1932 75 75 filial
1594 1932 9 75 1
1628 1932 161 75 apertures
1806 1932 219 75 feramina,
2059 1932 40 75 or
2120 1932 107 75 holes,

1195 1978 105 75 canals
1327 1978 72 75 that
1424 1978 106 75 pierce
1557 1978 89 75 quite
1671 1978 138 75 through
1837 1978 55 75 the
1920 1978 160 75 fubftance
2106 1978 40 75 of
2172 1978 56 75 the

1194 2024 109 75 bones.
1400 2024 110 75 When
1529 2024 64 75 this
1616 2024 57 75 laft
1690 2024 65 75 fort
1772 2024 40 75 of
1831 2024 105 75 cavity
1943 2024 26 75 is
1988 2024 161 75 extended
2166 2024 62 75 any

1192 2070 76 75 long
1291 2070 73 75 way
1378 2070 111 75 within
1514 2070 20 75 a
1557 2070 95 75 bone,
1677 2070 56 75 the
1764 2070 119 75 middle
1915 2070 71 75 part
2017 2070 119 75 retains
2168 2070 58 75 the

1189 2116 90 75 name
1298 2116 40 75 of
1348 2116 110 75 canal,
1470 2116 63 75 and
1549 2116 41 75 its
1607 2116 77 75 ends
1698 2116 52 75 are
1767 2116 103 75 called
1885 2116 96 75 botes.

1238 2163 76 75 The
1329 2163 131 75 cavities
1477 2163 92 75 allow
1583 2163 55 75 the
1655 2163 98 75 heads
1770 2163 40 75 of
1820 2163 98 75 bones
1928 2163 34 75 to
1975 2163 73 75 play
2059 2163 32 75 in
2108 2163 89 75 them
2210 2163 11 75 ;

1193 2209 77 75 they
1286 2209 95 75 lodge
1398 2209 62 75 and
1476 2209 117 75 defend
1609 2209 94 75 other
1718 2209 87 75 parts
1820 2209 10 75 ;
1857 2209 80 75 they
1953 2209 105 75 afford
2072 2209 66 75 fafe
2154 2209 72 75 paf-

1192 2254 72 75 fage
1280 2254 34 75 to
1331 2254 122 75 veffels,
1477 2254 145 75 mqfcles,
1641 2254 64 75 &c.

1238 2300 56 75 To
1311 2300 50 75 far
1384 2300 56 75 the
1456 2300 126 75 greater
1604 2300 133 75 number
1754 2300 40 75 of
1811 2300 112 75 bones,
1951 2300 107 75 uhofe
2074 2300 78 75 ends
2169 2300 54 75 are

1192 2346 55 75 not
1267 2346 112 75 joined
1399 2346 35 75 to
1457 2346 94 75 other
1582 2346 98 75 bones
1708 2346 43 75 by
1768 2346 38 75 an
1831 2346 209 75 immoveable
2072 2346 149 75 articula-

1189 2392 80 75 tion,
1294 2392 90 75 there
1403 2392 52 75 are
1479 2392 124 75 fmaller
1620 2392 76 75 ones
1720 2392 157 75 annexed,
1902 2392 107 75 which
2032 2392 189 75 afterwards

1189 2439 130 75 become
1344 2439 103 75 fcarce
1463 2439 254 75 diflinguifliable
1733 2439 83 75 from
1841 2439 55 75 the
1919 2439 161 75 fubftance
2102 2439 40 75 of
2164 2439 56 75 the

1189 2485 81 75 bone
1286 2485 98 75 itfelf.
1432 2485 108 75 Thefe
1560 2485 54 75 are
1641 2485 102 75 called
1767 2485 166 75 epiphyfes,
1962 2485 38 75 or
2015 2485 203 75 appendices.

1188 2532 97 75 Some
1301 2532 98 75 bones
1419 2532 80 75 have
1516 2532 71 75 one,
1617 2532 108 75 others
1742 2532 80 75 have
1843 2532 77 75 two,
1946 2532 104 75 three,
2079 2532 37 75 or
2142 2532 77 75 four

1189 2578 39 75 of
1246 2578 86 75 thefe
1353 2578 186 75 appendices
1558 2578 143 75 annexed
1720 2578 42 75 by
1782 2578 55 75 the
1853 2578 106 75 means
1976 2578 41 75 of
2035 2578 181 75 cartilages,

1188 2624 104 75 which
1310 2624 53 75 are
1380 2624 40 75 of
1438 2624 16 75 a
1472 2624 211 75 confiderable
1701 2624 157 75 thicknefs
1874 2624 31 75 in
1925 2624 154 75 children,
2100 2624 57 75 but
2174 2624 43 75 by

1186 2670 57 75 age
1259 2670 131 75 become
1407 2670 139 75 thinner.

1234 2717 127 75 Several
1378 2717 153 75 proceffes
1551 2717 42 75 {e.
1605 2717 40 75 g.
1663 2717 201 75 trochanters
1882 2717 41 75 of
1932 2717 56 75 the
2003 2717 107 75 thigh,

1186 2764 40 75 of
1235 2764 56 75 the
1298 2764 150 75 fcapula,
1471 2764 79 75 &c.)
1567 2764 80 75 have
1675 2764 184 75 epiphyfes;
1887 2764 62 75 and
1974 2764 152 75 proceffes
2149 2764 64 75 fre-

1185 2811 133 75 quently
1336 2811 58 75 rife
1417 2811 57 75 out
1505 2811 86 75 from
1617 2811 164 75 epiphyfes
1795 2811 10 75 ;
1832 2811 54 75 for
1912 2811 159 75 example,
2096 2811 33 75 at
2157 2811 56 75 the

1182 2856 100 75 lower
1297 2856 62 75 end
1375 2856 40 75 of
1425 2856 55 75 the
1497 2856 117 75 femur,
1630 2856 86 75 ulna,
1735 2856 90 75 tibia,
1843 2856 65 75 fcc.

1230 2904 77 75 The
1323 2904 164 75 epiphyfes
1504 2904 53 75 are
1579 2904 110 75 united
1706 2904 115 75 chiefly
1838 2904 35 75 to
1895 2904 76 75 fuch
1990 2904 98 75 bones
2106 2904 33 75 as
2156 2904 55 75 are

1179 2950 143 75 deftined
1349 2950 51 75 for
1423 2950 150 75 frequent
1590 2950 61 75 and
1667 2950 120 75 violent
1803 2950 124 75 motion
1940 2950 10 75 ;
1978 2950 62 75 and
2066 2950 54 75 for
2146 2950 65 75 this

1180 2998 132 75 purpofe
1328 2998 77 75 they
1421 2998 53 75 are
1490 2998 108 75 wifely
1613 2998 126 75 framed
1754 2998 40 75 of
1805 2998 19 75 a
1839 2998 104 75 larger
1962 2998 154 75 diameter
2134 2998 76 75 than

2154 3053 56 75 the
