2397 3387
568 160 36 75 B
691 160 35 75 L
811 160 37 75 E
936 160 42 75 A
1069 160 36 75 C

49 232 108 75 coarfe
174 232 57 75 has
249 232 139 75 dreeped
403 232 42 75 pn
461 232 92 75 racks
570 232 93 75 made
687 232 52 75 for
766 232 55 75 the
849 232 146 75 purpofe,
1021 232 25 75 it
1063 232 26 75 is

49 278 120 75 boiled,
195 278 129 75 making
340 278 55 75 the
414 278 53 75 lye
490 278 107 75 ftrong
613 278 33 75 in
662 278 186 75 proportion
866 278 34 75 to
917 278 55 75 the
990 278 99 75 water

49 324 33 75 in
99 324 55 75 the
171 324 102 75 cloth.

96 371 76 75 The
201 371 148 75 common
374 371 133 75 method
534 371 41 75 of
598 371 128 75 fouring
751 371 106 75 coarfe
884 371 85 75 linen
986 371 40 75 is,
1052 371 36 75 to

49 417 69 75 mix
135 417 86 75 fome
244 417 99 75 warm
359 417 101 75 water
476 417 63 75 and
564 417 77 75 bran
666 417 31 75 in
727 417 55 75 the
810 417 65 75 vat,
902 417 76 75 then
996 417 54 75 put
1070 417 17 75 a

47 463 90 75 layer
156 463 40 75 of
207 463 102 75 cloth,
336 463 75 75 then
429 463 89 75 more
536 463 89 75 bran,
651 463 113 75 water,
789 463 61 75 and
875 463 88 75 cLth
977 463 10 75 ;
1025 463 62 75 and

47 510 35 75 fo
104 510 53 75 on,
185 510 48 75 till
248 510 57 75 the
322 510 75 75 cave
414 510 27 75 is
458 510 75 75 full.
580 510 77 75 The
677 510 103 75 whole
796 510 27 75 is
844 510 145 75 tramped
1006 510 78 75 with

48 557 89 75 mens
154 557 77 75 feet,
258 557 64 75 and
338 557 88 75 fixed
442 557 34 75 as
492 557 35 75 in
544 557 55 75 the
616 557 119 75 former
751 557 138 75 procefs.
939 557 32 75 A
988 557 96 75 thou-

43 603 75 75 fand
143 603 95 75 yards
265 603 39 75 of
326 603 103 75 cloth,
455 603 211 75 yard-broad,
689 603 127 75 require
842 603 136 75 betwixt
1011 603 74 75 four

47 650 63 75 and
126 650 47 75 fix
200 650 98 75 pecks
323 650 39 75 of
382 650 89 75 bran.
520 650 77 75 The
619 650 88 75 cloth
732 650 163 75 generally
910 650 58 75 lies
986 650 98 75 about

47 697 92 75 three
158 697 108 75 nights
284 697 62 75 and
363 697 66 75 two
452 697 79 75 days
549 697 33 75 in
598 697 55 75 the
669 697 86 75 four.
812 697 121 75 Others
951 697 133 75 prepare

47 742 86 75 their
153 742 72 75 four
249 742 212 75 twenty-four
477 742 97 75 hours
591 742 123 75 before,
739 742 44 75 by
797 742 123 75 mixing
937 742 55 75 the
1005 742 78 75 bran

47 789 79 75 with
143 789 98 75 warm
258 789 100 75 water
369 789 32 75 in
413 789 18 75 a
444 789 140 75 feparate
600 789 115 75 vefiel;
741 789 62 75 and
820 789 111 75 before
949 789 135 75 pouring

46 835 26 75 it
88 835 42 75 on
146 835 56 75 the
221 835 101 75 cloth,
347 835 78 75 they
441 835 101 75 dilute
569 835 26 75 it
622 835 80 75 with
719 835 18 75 a
753 835 155 75 fufficient
933 835 150 75 quantity

47 882 40 75 of
98 882 111 75 water.
259 882 98 75 After
381 882 55 75 the
461 882 88 75 cloth
574 882 27 75 is
627 882 96 75 taken
750 882 85 75 from
864 882 56 75 the
947 882 85 75 four,
1058 882 26 75 it

46 929 102 75 ought
164 929 34 75 to
215 929 39 75 be
282 929 73 75 well
383 929 124 75 walked
535 929 63 75 and
626 929 104 75 rinfed
759 929 105 75 again.
914 929 31 75 It
961 929 27 75 Is
1005 929 78 75 then

46 976 92 75 given
156 976 34 75 to
212 976 71 75 men
308 976 35 75 to
366 976 39 75 be
430 976 73 75 well
526 976 117 75 foaped
667 976 41 75 on
737 976 19 75 a
780 976 98 75 table,
905 976 63 75 and
984 976 98 75 after-

44 1023 104 75 wards
176 1023 123 75 rubbed
327 1023 137 75 betwixt
488 1023 56 75 the
573 1023 284 75 rubbing-boards.
915 1023 112 75 When
1055 1023 26 75 it

45 1070 107 75 comes
170 1070 84 75 from
271 1070 102 75 them,
399 1070 25 75 it
447 1070 112 75 Ihould
582 1070 40 75 be
649 1070 70 75 well
747 1070 122 75 milled,
895 1070 63 75 and
983 1070 98 75 warm

46 1115 100 75 water
161 1115 123 75 poured
301 1115 41 75 on
360 1115 25 75 it
401 1115 42 75 all
464 1115 55 75 the
536 1115 89 75 time,
651 1115 32 75 if
703 1115 214 75 conveniency
944 1115 66 75 will
1034 1115 46 75 al-

46 1162 66 75 low
124 1162 39 75 of
174 1162 39 75 it.
261 1162 89 75 Two
365 1162 38 75 or
419 1162 92 75 three
523 1162 39 75 of
575 1162 86 75 thefe
678 1162 152 75 rubbings
847 1162 53 75 are
911 1162 168 75 fufficient,

47 1209 62 75 and
122 1209 56 75 the
193 1209 90 75 cloth
301 1209 80 75 very
396 1209 120 75 feldom
534 1209 141 75 requires
694 1209 100 75 more.

92 1255 77 75 The
195 1255 64 75 lye,
294 1255 84 75 after
405 1255 55 75 the
486 1255 129 75 fouring
642 1255 123 75 begins,
797 1255 27 75 is
853 1255 169 75 decreafed
1046 1255 34 75 in

44 1302 140 75 ftrength
202 1302 44 75 by
258 1302 132 75 degrees
404 1302 10 75 ;
442 1302 62 75 and
530 1302 92 75 three
652 1302 137 75 boilings
814 1302 83 75 after
925 1302 71 75 that
1024 1302 55 75 are

44 1349 184 75 commonly
244 1349 154 75 fufficient
415 1349 35 75 to
467 1349 87 75 finiffi
572 1349 55 75 the
639 1349 100 75 cloth.
790 1349 204 75 Afterwards
1010 1349 27 75 it
1053 1349 27 75 is

44 1394 156 75 Hatched,
226 1394 110 75 blued,
361 1394 103 75 dried,
491 1394 62 75 and
582 1394 117 75 bittled
721 1394 33 75 in
784 1394 19 75 a
826 1394 145 75 machine
985 1394 95 75 made

45 1439 52 75 for
114 1439 69 75 that
200 1439 146 75 purpofe,
374 1439 103 75 which
503 1439 135 75 fupplies
655 1439 55 75 the
726 1439 89 75 place
832 1439 39 75 of
883 1439 19 75 a
918 1439 161 75 calendar,

45 1486 62 75 and
124 1486 26 75 is
167 1486 164 75 preferred
348 1486 42 75 by
407 1486 95 75 many
518 1486 34 75 to
569 1486 37 75 it.

91 1533 86 75 This
186 1533 134 75 method
332 1533 75 75 qfed
419 1533 32 75 in
464 1533 54 75 the
531 1533 167 75 bleaching
715 1533 40 75 of
765 1533 60 75 our
841 1533 106 75 coarfe
960 1533 117 75 cloths,

43 1579 27 75 is
87 1579 78 75 very
192 1579 65 75 like
286 1579 70 75 that
383 1579 155 75 pradtifed
555 1579 33 75 in
605 1579 129 75 Ireland
762 1579 52 75 for
841 1579 79 75 both
938 1579 61 75 fine
1016 1579 63 75 and

45 1626 118 75 coarfe.
212 1626 77 75 The
305 1626 78 75 only
400 1626 143 75 material
561 1626 173 75 difference
762 1626 39 75 is,
828 1626 68 75 that
914 1626 91 75 there
1022 1626 56 75 the

43 1673 163 75 bleachers
223 1673 54 75 ufe
299 1673 43 75 no
358 1673 96 75 other
468 1673 85 75 affies
570 1673 58 75 but
644 1673 55 75 the
716 1673 74 75 kelp
814 1673 38 75 or
868 1673 125 75 caffiub.
1045 1673 33 75 A

43 1718 53 75 lye
113 1718 26 75 is
156 1718 109 75 drawn
283 1718 84 75 from
384 1718 54 75 the
454 1718 120 75 former
597 1718 43 75 by
656 1718 74 75 cold
757 1718 111 75 water,
894 1718 104 75 which
1015 1718 62 75 dif-

44 1765 101 75 folves
163 1765 56 75 the
233 1765 89 75 falts,
349 1765 61 75 and
425 1765 57 75 not
499 1765 54 75 the
570 1765 208 75 fulphureous
794 1765 148 75 particles
959 1765 39 75 of
1022 1765 56 75 the

44 1811 75 75 kelp
136 1811 99 75 affies.
294 1811 87 75 This
405 1811 52 75 lye
473 1811 26 75 is
521 1811 78 75 ufed
615 1811 49 75 till
682 1811 57 75 the
754 1811 88 75 cloth
860 1811 25 75 is
903 1811 74 75 half
996 1811 80 75 whi-

44 1857 109 75 tened,
178 1857 62 75 and
257 1857 77 75 then
346 1857 77 75 they
438 1857 55 75 lay
508 1857 82 75 afide
607 1857 55 75 the
677 1857 144 75 kelp-lye
837 1857 53 75 for
906 1857 60 75 one
983 1857 96 75 made

44 1905 41 75 of
96 1905 114 75 caffiub
226 1905 99 75 affies.

92 1951 36 75 In
147 1951 55 75 the
218 1951 169 75 preceding
403 1951 122 75 hiflory
544 1951 40 75 of
594 1951 168 75 bleaching
778 1951 48 75 we
843 1951 71 75 may
931 1951 143 75 obferve,

43 1997 71 75 that
145 1997 26 75 it
203 1997 160 75 naturally
395 1997 123 75 divides
554 1997 91 75 itfelf
677 1997 69 75 into
773 1997 118 75 feveral
924 1997 151 75 different

42 2045 153 75 branches
223 2045 38 75 or
287 2045 101 75 parts,
413 2045 43 75 all
481 2045 132 75 tending
640 2045 35 75 to
699 2045 71 75 give
786 2045 85 75 linen
889 2045 54 75 the
960 2045 116 75 degree

43 2089 39 75 of
101 2089 169 75 whitenefs
287 2089 162 75 required.
498 2089 87 75 How
603 2089 76 75 they
697 2089 167 75 effe&uate
881 2089 71 75 that
969 2089 108 75 comes

43 2134 78 75 next
137 2134 35 75 to
188 2134 40 75 be
244 2134 194 75 confidered.

90 2180 77 75 The
194 2180 127 75 general
346 2180 126 75 procefs
500 2180 41 75 of
565 2180 169 75 bleaching
766 2180 122 75 divides
913 2180 91 75 itfelf
1026 2180 47 75 in-

43 2226 36 75 to
104 2226 86 75 thefe
207 2226 150 75 different
374 2226 100 75 parts.
536 2226 29 75 i.
594 2226 152 75 Steeping
767 2226 62 75 and
853 2226 135 75 milling.
1040 2226 33 75 2.

43 2272 148 75 Bucking
211 2272 60 75 and
288 2272 132 75 boiling.
459 2272 220 75 3.-Alternate
697 2272 154 75 watering
868 2272 61 75 and
946 2272 130 75 drying.

44 2319 33 75 4.
105 2319 151 75 Souring.
307 2319 33 75 5.
366 2319 153 75 Rubbing
543 2319 77 75 with
645 2319 74 75 foap
748 2319 62 75 and
839 2319 97 75 warm
962 2319 31 75 u'
993 2319 80 75 ater,

42 2365 169 75 Itarching,
242 2365 61 75 and
320 2365 122 75 bluing.
490 2365 68 75 We
574 2365 77 75 ffiall
669 2365 83 75 treat
768 2365 41 75 of
820 2365 91 75 thefe
924 2365 152 75 different

41 2413 85 75 parts
143 2413 32 75 in
193 2413 84 75 their
297 2413 107 75 order.

372 2519 363 75 STEEPING,

88 2595 135 75 Green
249 2595 98 75 linen,
373 2595 30 75 in
427 2595 56 75 the
507 2595 149 75 different
674 2595 136 75 changes
830 2595 106 75 which
960 2595 27 75 it
1014 2595 60 75 has

39 2642 185 75 undergone
248 2642 110 75 before
387 2642 24 75 it
440 2642 118 75 arrives
587 2642 33 75 at
646 2642 70 75 that
745 2642 89 75 Hate,
871 2642 158 75 contrails
1053 2642 20 75 a

38 2689 89 75 great
144 2689 150 75 foulnefs,
344 2689 85 75 This
446 2689 25 75 is
490 2689 115 75 chiefly
632 2689 252 75 communicated
912 2689 35 75 to
973 2689 27 75 it
1027 2689 45 75 by

38 2738 55 75 the
109 2738 132 75 dreffing
258 2738 169 75 compofed
451 2738 41 75 of
512 2738 109 75 tallow
644 2738 63 75 and
729 2738 120 75 fowen,
878 2738 105 75 which
1008 2738 27 75 is
1054 2738 19 75 a

37 2781 81 75 kind
140 2781 40 75 of
210 2781 169 75 flummery
404 2781 92 75 made
523 2781 41 75 of
587 2781 89 75 bran,
716 2781 95 75 flour,
848 2781 37 75 or
917 2781 154 75 oat-meal

38 2827 101 75 feeds.
187 2827 78 75 The
277 2827 64 75 firft
359 2827 91 75 thing
466 2827 36 75 to
519 2827 39 75 be
569 2827 82 75 done
662 2827 33 75 in
711 2827 57 75 the
784 2827 188 75 bleachfield
987 2827 27 75 is
1034 2827 36 75 to

38 2874 75 75 take
129 2874 52 75 off
193 2874 41 75 all
253 2874 70 75 that
339 2874 71 75 filth
428 2874 106 75 which
557 2874 26 75 is
604 2874 125 75 foreign
746 2874 35 75 to
797 2874 55 75 the
867 2874 78 75 flax,
963 2874 109 75 would

37 2919 92 75 blunt
145 2919 56 75 the
218 2919 108 75 future
338 2919 101 75 adlion
453 2919 39 75 of
503 2919 55 75 the
570 2919 88 75 falts,
683 2919 62 75 and
761 2919 117 75 might,
905 2919 32 75 in
955 2919 116 75 unlkil-

37 2965 47 75 ful
101 2965 115 75 hands,
241 2965 39 75 be
297 2965 88 75 fixed
400 2965 32 75 in
450 2965 54 75 the
521 2965 101 75 cloth.
671 2965 84 75 This
779 2965 27 75 is
832 2965 54 75 the
903 2965 106 75 defign
1037 2965 40 75 of

37 3012 152 75 fteeping.

1194 156 424 75 KING.

2086 156 93 75 56$

1185 226 56 75 To
1257 226 188 75 accompliffi
1462 226 64 75 this
1543 226 75 75 end,
1644 226 55 75 the
1722 226 88 75 cloth
1838 226 26 75 is
1889 226 66 75 laid
1974 226 34 75 to
2032 226 83 75 deep
2139 226 35 75 in
2174 208 16 49 :

1136 275 213 75 blood-warm
1368 275 112 75 water.
1529 275 34 75 A
1578 275 127 75 fmaller
1721 275 116 75 degree
1853 275 41 75 of
1904 275 75 75 heat
1995 275 108 75 would
2115 275 59 75 not

1135 320 130 75 diffolve
1282 320 56 75 the
1354 320 135 75 dreflxng
1516 320 32 75 fo
1575 320 78 75 foon
1667 320 10 75 ;
1704 320 61 75 and
1783 320 55 75 the
1854 320 126 75 greater
1997 320 103 75 might
2116 320 55 75 c6-

1135 367 126 75 agulate
1278 367 61 75 and
1356 367 59 75 fix,
1441 367 32 75 in
1489 367 54 75 the
1560 367 88 75 body
1663 367 40 75 of
1715 367 55 75 the
1792 367 97 75 linen,
1916 367 88 75 thofe
2021 367 151 75 particles

1135 413 104 75 which
1256 413 49 75 we
1325 413 106 75 defign
1448 413 36 75 to
1501 413 92 75 carry
1609 413 59 75 off.
1718 413 39 75 In
1778 413 18 75 a
1812 413 63 75 few
1895 413 98 75 hours
2011 413 55 75 the
2082 413 92 75 dref*

1134 460 63 75 fing
1215 460 92 75 made
1324 460 52 75 ufe
1400 460 34 75 in
1463 460 142 75 weaving
1629 460 28 75 is
1681 460 165 75 diffolved,
1871 460 112 75 mixed
2009 460 80 75 with
2115 460 57 75 the

1135 506 119 75 water;
1282 506 74 75 and,
1383 506 32 75 as
1432 506 26 75 it
1480 506 63 75 had
1561 506 153 75 acquired
1731 506 84 75 fome
1832 506 117 75 degree
1973 506 45 75 of
2034 506 133 75 acidity,

1132 554 110 75 before
1259 554 206 75 application,
1483 554 25 75 it
1520 554 148 75 becomes
1681 554 20 75 a
1716 554 117 75 fpecies
1851 554 40 75 of
1902 554 149 75 ferment.
2076 554 95 75 Each

1132 600 138 75 ferment
1286 600 162 75 promotes
1465 600 42 75 its
1525 600 72 75 own
1615 600 172 75 particular
1811 600 118 75 fpecies
1958 600 40 75 of
2016 600 154 75 ferment-

1133 646 98 75 ation,
1257 646 38 75 or
1327 646 144 75 inteftine
1498 646 145 75 motion;
1675 646 56 75 the
1755 646 108 75 putrid
1887 646 138 75 ferment
2053 646 63 75 lets
2134 646 34 75 in

1130 693 123 75 motion
1270 693 55 75 the
1342 693 205 75 putrefadlive
1559 693 227 75 fermentation
1798 693 10 75 ;
1827 693 55 75 the
1900 693 112 75 vinous
2030 693 138 75 ferment

1131 740 87 75 gives
1240 740 59 75 rife
1316 740 35 75 to
1375 740 54 75 the
1452 740 114 75 vinous
1583 740 246 75 fermentation;
1858 740 62 75 and
1938 740 56 75 the
2011 740 70 75 acid
2103 740 66 75 fer-

1131 786 86 75 ment
1233 786 36 75 to
1285 786 57 75 the
1365 786 129 75 acetous
1514 786 239 75 fermentation.
1801 786 93 75 That
1918 786 90 75 there
2023 786 26 75 is
2067 786 19 75 a
2102 786 69 75 real

1131 833 224 75 fermentation
1372 833 97 75 going
1484 833 42 75 on
1541 833 33 75 in
1591 833 152 75 fteeping,
1769 833 60 75 one
1846 833 79 75 muff
1942 833 39 75 be
1998 833 75 75 foon
2091 833 76 75 con-

1130 880 124 75 vinced,
1273 880 73 75 who
1359 880 128 75 attends
1504 880 34 75 to
1552 880 54 75 the
1624 880 198 75 air-bubbles
1840 880 106 75 which
1964 880 203 75 immediate-

1129 926 34 75 ly
1183 926 93 75 begin
1293 926 35 75 to
1349 926 92 75 arife,
1466 926 36 75 to
1519 926 55 75 the
1594 926 86 75 feum
1697 926 106 75 which
1820 926 129 75 gathers
1967 926 41 75 on
2025 926 56 75 the
2097 926 67 75 fur-

1130 973 90 75 face,'
1239 973 62 75 and
1323 973 35 75 to
1385 973 55 75 the
1468 973 144 75 inteftine
1638 973 124 75 motion
1787 973 62 75 and
1876 973 143 75 fwelling
2046 973 41 75 of
2109 973 62 75 the-

1130 1019 104 75 whole
1250 1019 119 75 liquor.
1419 1019 92 75 That
1527 1019 25 75 it
1570 1019 79 75 muft
1662 1019 39 75 be
1713 1019 56 75 the
1781 1019 130 75 acetous
1923 1019 258 75 fermentation,.

1131 1067 129 75 appears
1277 1067 84 75 from
1379 1067 77 75 this,
1481 1067 72 75 that
1578 1067 55 75 the
1658 1067 165 75 vegetable
1847 1067 163 75 particles,
2036 1067 131 75 already

1129 1112 31 75 in
1178 1112 71 75 part
1265 1112 126 75 foured,
1417 1112 79 75 muft
1513 1112 64 75 firft
1594 1112 144 75 undergo
1754 1112 64 75 this
1836 1112 139 75 procefs.

1175 1159 77 75 The
1269 1159 93 75 effetfl
1379 1159 40 75 of
1430 1159 41 75 all
1488 1159 242 75 fermentations
1755 1159 27 75 is
1802 1159 35 75 to
1861 1159 46 75 fet
1936 1159 55 75 the
2008 1159 107 75 liquor
2133 1159 33 75 in

1129 1206 121 75 motion
1263 1206 10 75 ;
1299 1206 36 75 to
1351 1206 78 75 raife
1446 1206 32 75 in
1498 1206 24 75 it
1536 1206 19 75 a
1567 1206 115 75 degree
1699 1206 40 75 of
1750 1206 95 75 heat;
1872 1206 63 75 and
1952 1206 34 75 to
2003 1206 77 75 emit
2103 1206 63 75 air-

1129 1252 146 75 bubbles,
1301 1252 118 75 which,
1446 1252 42 75 by
1501 1252 147 75 carrying
1661 1252 41 75 up
1718 1252 86 75 fome
1821 1252 40 75 of
1877 1252 54 75 the
1948 1252 84 75 light
2045 1252 120 75 oleagi-

1128 1299 79 75 nous
1233 1299 148 75 particles
1405 1299 96 75 along
1516 1299 80 75 with
1613 1299 102 75 them,
1739 1299 141 75 produce
1908 1299 18 75 a
1950 1299 99 75 feum.
2098 1299 67 75 But

1129 1346 32 75 as
1178 1346 55 75 the
1251 1346 132 75 dreffmg
1399 1346 26 75 is
1442 1346 31 75 in
1491 1346 88 75 fmall
1598 1346 149 75 quantity
1773 1346 32 75 in
1832 1346 187 75 proportion
2046 1346 35 75 to
2106 1346 56 75 the

1130 1391 108 75 water,
1264 1391 87 75 thefe
1367 1391 109 75 effects
1493 1391 53 75 are
1563 1391 107 75 gentle
1687 1391 62 75 and
1765 1391 86 75 flow,
1902 1391 76 75 The
2001 1391 70 75 acid
2088 1391 76 75 falts

1128 1438 53 75 are
1205 1438 43 75 no
1271 1438 114 75 fooner
1412 1438 176 75 feparated,
1614 1438 43 75 by
1684 1438 55 75 the
1766 1438 130 75 acetous
1924 1438 260 75 fermentation,,

1128 1484 83 75 from
1229 1484 55 75 the
1300 1484 168 75 abforbent
1485 1484 104 75 earth,
1616 1484 103 75 which
1744 1484 93 75 made
1854 1484 88 75 them
1959 1484 56 75 not
2032 1484 133 75 percep-

1127 1531 77 75 tible
1222 1531 35 75 to
1277 1531 55 75 the
1349 1531 118 75 tongue
1483 1531 32 75 in
1532 1531 86 75 their
1646 1531 120 75 former
1790 1531 90 75 ftate,
1907 1531 75 75 than
2009 1531 77 75 they
2109 1531 56 75 are

1127 1577 111 75 united
1253 1577 36 75 to
1301 1577 56 75 the
1373 1577 67 75 oily
1456 1577 148 75 particles
1622 1577 40 75 of
1680 1577 56 75 the
1756 1577 121 75 tallow,
1903 1577 104 75 which
2024 1577 141 75 likewife

1126 1625 116 75 adhere
1266 1625 221 75 fuperficially,
1513 1625 130 75 diffolve
1660 1625 100 75 them,
1786 1625 64 75 and
1865 1625 115 75 render
2001 1625 100 75 them,
2130 1625 36 75 in

1125 1671 85 75 fome
1222 1671 129 75 degree,
1377 1671 127 75 miffible
1521 1671 78 75 with
1616 1671 113 75 water.
1777 1671 38 75 In
1832 1671 65 75 this
1914 1671 78 75 ftate
2014 1671 79 75 they
2110 1671 55 75 are

1125 1717 76 75 foon
1226 1717 124 75 waflted
1366 1717 53 75 off
1438 1717 43 75 by
1496 1717 57 75 the
1575 1717 145 75 inteftine
1745 1717 122 75 motion
1895 1717 41 75 of
1957 1717 56 75 the
2037 1717 123 75 liquor.

1124 1764 77 75 The
1229 1764 216 75 confequenee
1472 1764 41 75 of
1533 1764 65 75 this
1625 1764 166 75 operation
1819 1764 41 75 is,
1890 1764 71 75 that
1991 1764 54 75 the
2074 1764 110 75 cloth-

1126 1811 104 75 comes
1248 1811 56 75 out
1321 1811 92 75 freed
1437 1811 31 75 in
1494 1811 19 75 a
1539 1811 89 75 great
1656 1811 141 75 meafure
1823 1811 87 75 from
1928 1811 40 75 its
1986 1811 177 75 fuperficial

1126 1857 86 75 dirt;
1239 1857 62 75 and
1319 1857 88 75 more
1423 1857 100 75 pliant
1541 1857 63 75 and
1620 1857 63 75 foft
1700 1857 75 75 than
1794 1857 85 75 what
1899 1857 26 75 it
1942 1857 77 75 was.

1170 1904 188 75 Whenever
1374 1904 63 75 this
1455 1904 143 75 inteftine
1614 1904 122 75 motion
1757 1904 26 75 is
1804 1904 108 75 pretty
1923 1904 94 75 much
2031 1904 151 75 abated,.

1125 1951 61 75 and
1213 1951 110 75 before
1340 1951 55 75 the
1412 1951 86 75 feum
1521 1951 150 75 fubfides,
1696 1951 165 75 bleachers
1890 1951 74 75 take
1992 1951 57 75 out
2077 1951 84 75 their

1124 1997 101 75 cloth.
1242 1997 77 75 The
1332 1997 102 75 feum,
1441 1997 92 75 when
1546 1997 42 75 no
1597 1997 90 75 more
1699 1997 196 75 air-bubbles
1906 1997 60 75 rife
1978 1997 35 75 to
2024 1997 135 75 fupport

1109 2045 53 75 -it,
1173 2045 184 75 Teparates,
1383 2045 62 75 and
1461 2045 73 75 falls
1551 2045 95 75 down
1664 2045 10 75 ;
1701 2045 62 75 and
1783 2045 109 75 would
1909 2045 90 75 again
2018 2045 144 75 commu-

1124 2090 103 75 nicate
1244 2090 35 75 to
1296 2090 54 75 the
1367 2090 89 75 cloth
1473 2090 91 75 great
1580 2090 70 75 part
1671 2090 41 75 of
1723 2090 55 75 the
1795 2090 85 75 filth.
1928 2090 67 75 But
2013 2090 18 75 a
2048 2090 114 75 longer

1124 2136 67 75 ftay
1207 2136 109 75 would
1331 2136 40 75 be
1387 2136 151 75 attended
1551 2136 78 75 with
1640 2136 17 75 a
1670 2136 95 75 much
1782 2136 127 75 greater
1925 2136 235 75 difadvantage.
2171 2136 8 75 -

1123 2183 77 75 The
1217 2183 106 75 putrid
1340 2183 127 75 follows
1485 2183 82 75 clofe
1584 2183 86 75 upon
1687 2183 54 75 the
1758 2183 129 75 acetous
1910 2183 248 75 fermentation:

1124 2229 111 75 When
1252 2229 55 75 the
1319 2229 96 75 latter
1431 2229 91 75 ends,
1540 2229 55 75 the
1612 2229 121 75 former
1750 2229 123 75 begins.
1921 2229 104 75 Were
2041 2229 65 75 this
2123 2229 36 75 to

1124 2277 73 75 take
1214 2277 101 75 place,
1340 2277 32 75 in
1390 2277 62 75 any
1480 2277 212 75 cqnfiderable
1709 2277 128 75 degree,
1862 2277 27 75 it
1912 2277 109 75 would
2044 2277 117 75 render

1124 2322 56 75 the
1197 2322 87 75 cloth
1301 2322 94 75 black
1408 2322 61 75 and
1482 2322 126 75 tender.
1638 2322 173 75 Bleachers
1823 2322 117 75 cannot
1951 2322 40 75 be
2003 2322 56 75 too
2071 2322 88 75 carer
2174 2322 10 75 -

1123 2369 48 75 ful
1188 2369 32 75 in
1236 2369 64 75 this
1318 2369 125 75 article;
1452 2369 5 75 .
1457 2369 5 75 .

1170 2416 75 75 The
1263 2416 63 75 firft
1343 2416 142 75 queftion
1499 2416 69 75 that
1586 2416 93 75 arifes
1698 2416 34 75 to
1747 2416 41 75 be
1804 2416 199 75 determined
2015 2416 40 75 on
2069 2416 89 75 thefe

1124 2463 167 75 principles
1308 2463 39 75 is,
1362 2463 116 75 .What
1494 2463 25 75 is
1538 2463 55 75 the
1617 2463 159 75 propereft
1803 2463 108 75 liquor
1939 2463 52 75 for
2017 2463 141 75 fteeping
2179 2463 4 75 ,

1124 2508 86 75 cloth
1224 2508 12 75 ?
1262 2508 112 75 Thofe
1391 2508 76 75 ufed
1484 2508 41 75 by
1538 2508 162 75 bleachers
1718 2508 54 75 are
1788 2508 84 75 plain
1893 2508 122 75 water;
2042 2508 113 75 white-

1122 2555 85 75 linen
1227 2555 53 75 lye
1308 2555 61 75 and
1386 2555 111 75 water,
1523 2555 95 75 equal
1642 2555 108 75 parts;
1777 2555 62 75 and
1856 2555 153 75 rye-meal
2028 2555 36 75 or
2077 2555 80 75 bran

1123 2601 109 75 mixed
1249 2601 78 75 with
1348 2601 112 75 water.
1508 2601 99 75 They
1628 2601 118 75 always
1763 2601 93 75 make
1871 2601 53 75 ufe
1941 2601 39 75 of
1992 2601 52 75 lye
2061 2601 97 75 when,

1123 2647 77 75 they
1219 2647 80 75 have
1316 2647 38 75 it.
1371 2647 5 75 .

1169 2696 97 75 After
1281 2696 150 75 fteeping,
1457 2696 56 75 the
1536 2696 87 75 cloth
1649 2696 27 75 is
1704 2696 124 75 carried
1855 2696 36 75 to
1918 2696 56 75 the
1994 2696 162 75 putftock-

1121 2740 80 75 mill,
1227 2740 35 75 to
1279 2740 40 75 be
1336 2740 90 75 freed
1443 2740 39 75 of
1493 2740 41 75 all
1552 2740 40 75 its
1609 2740 87 75 loofe
1713 2740 150 75 foulnefs.
1912 2740 112 75 There
2040 2740 56 75 can
2114 2740 40 75 be

1121 2787 134 75 nothing
1280 2787 166 75 contrived
1472 2787 34 75 fo
1529 2787 147 75 effedlual
1701 2787 34 75 to
1763 2787 119 75 anfwer
1899 2787 55 75 the
1971 2787 131 75 purpofe
2119 2787 34 75 as

1120 2833 63 75 this
1201 2833 80 75 mill.
1293 2833 8 75 .
1329 2833 49 75 Its
1394 2833 120 75 motion
1532 2833 27 75 is
1571 2833 88 75 eafy,
1678 2833 139 75 regular,
1835 2833 61 75 and
1913 2833 77 75 fafe.
2039 2833 114 75 While

1120 2879 29 75 it
1166 2879 112 75 preffes
1295 2879 122 75 gently,
1438 2879 25 75 it
1480 2879 89 75 turns
1587 2879 55 75 the
1659 2879 110 75 cloth;
1795 2879 106 75 which
1914 2879 26 75 is
1957 2879 198 75 continually

1120 2928 122 75 waflted
1258 2928 78 75 with
1354 2928 18 75 a
1388 2928 112 75 ftream
1517 2928 39 75 of
1571 2928 112 75 water.
1718 2928 84 75 Care
1820 2928 79 75 muft
1917 2928 37 75 be
1971 2928 98 75 taken
2083 2928 70 75 that

1120 2973 41 75 no
1179 2973 98 75 water
1294 2973 38 75 be
1349 2973 150 75 detained
1513 2973 33 75 in
1563 2973 55 75 the
1638 2973 86 75 folds
1742 2973 39 75 of
1793 2973 55 75 the
1864 2973 99 75 linen,
1986 2973 167 75 otherwife

1120 3021 70 75 that
1206 3021 73 75 part
1294 3021 74 75 may
1384 3021 39 75 be
1441 3021 169 75 damaged.

1929 3080 222 75 BUCKING
