2406 3327
176 153 53 75 64

642 153 42 75 A
762 153 41 75 G
878 153 37 75 R
994 153 17 75 I
1086 153 36 75 C
1201 153 33 75 I

175 219 87 75 land,
287 219 116 75 diuing'
403 219 107 75 .iiihed
533 219 44 75 by
602 219 55 75 the
685 219 111 75 colour
811 219 41 75 of
871 219 85 75 their
971 219 140 75 flowers,
1134 219 72 75 viz.

177 263 54 75 the
249 263 68 75 red,
343 263 55 75 the
424 263 109 75 v/hite,
560 263 62 75 and
648 263 56 75 the
731 263 130 75 yellow.
910 263 77 75 The
1016 263 57 75 red
1101 263 27 75 is
1149 263 60 75 the

181 309 111 75 largeft
306 309 100 75 plant,
424 309 57 75 has
502 309 56 75 the
575 309 150 75 ftrongeft
741 309 91 75 {talk,
851 309 63 75 and
930 309 145 75 broaddl
1091 309 118 75 leaves.

177 355 75 75 The
269 355 117 75 yellow
403 355 179 75 fometimes
594 355 105 75 grows
717 355 71 75 tall,
814 355 58 75 but
888 355 56 75 the
967 355 78 75 ftalk
1061 355 27 75 is
1105 355 107 75 fmall;

176 403 78 75 The
270 403 98 75 white
384 403 27 75 is
427 403 56 75 the
500 403 135 75 fmalleh
647 403 112 75 plant,,
778 403 62 75 and
859 403 27 75 is
906 403 180 75 fometimes
1107 403 105 75 called

178 450 197 75 lop-clover,-
386 450 86 75 from
485 450 54 75 the
551 450 213 75 refemblance
780 450 40 75 its
832 450 126 75 flowers
968 450 94 75 bears
1075 450 34 75 tb
1121 450 90 75 thofe

180 496 42 75 of
234 496 54 75 the
304 496 76 75 hop.

226 541 88 75 Both
339 541 55 75 the
413 541 123 75 feafons
562 541 63 75 and
644 541 148 75 methods
816 541 40 75 of
878 541 121 75 flowing
1025 541 109 75 clover
1156 541 56 75 are

179 589 139 75 various.
341 589 5 75 *
367 589 91 75 Moft
485 589 40 75 of
547 589 56 75 the
619 589 132 75 Engiifh
775 589 126 75 writers
930 589 205 75 recommend
1156 589 56 75 the

181 635 144 75 autumn.
373 635 34 75 It
419 635 61 75 has
497 635 185 75 frequently
698 635 79 75 been
794 635 96 75 tried,
909 635 33 75 at
959 635 64 75 this
1036 635 118 75 fleafon,
1180 635 31 75 in

181 682 155 75 Scotland
352 682 138 75 without
504 682 138 75 fuccefs.
690 682 114 75 When
820 682 87 75 flown
923 682 32 75 in
972 682 117 75 fpring,
1114 682 26 75 it
1156 682 55 75 an-

179 728 95 75 i-vers
290 728 94 75 much
399 728 107 75 better
520 728 33 75 in
570 728 64 75 this
652 728 149 75 country.

222 776 81 75 The
318 776 148 75 common
485 776 73 75 way
576 776 40 75 of
620 776 128 75 Towing
764 776 120 75 clover,
909 776 81 75 both
1006 776 33 75 in
1057 776 155 75 Scotland

181 823 62 75 and
259 823 162 75 England,
447 823 42 75 is*
499 823 95 75 along
610 823 79 75 with
706 823 118 75 wheat,
851 823 84 75 oats,
964 823 37 75 or
1029 823 123 75 barley,
1177 823 34 75 in

183 870 54 75 the
254 870 117 75 fpring.
420 870 86 75 This
534 870 133 75 method
693 870 28 75 is
747 870 181 75 fometimes
956 870 153 75 attended
1130 870 80 75 with

180 916 31 75 di
217 916 52 75 fad
271 916 163 75 vantages.
480 916 78 75 The
586 916 108 75 clover
717 916 180 75 fometimes
924 916 91 75 hurts
1041 916 55 75 the
1121 916 89 75 corn,

181 963 62 75 and
255 963 54 75 the
326 963 77 75 corn
419 963 56 75 the
492 963 120 75 clover.
661 963 175 75 However,
860 963 87 75 thefe
971 963 240 75 difadvantages

181 1010 52 75 are
252 1010 156 75 probably
427 1010 88 75 more
529 1010 77 75 than
617 1010 248 75 over-balanced
881 1010 44 75 by
939 1010 56 75 the
1016 1010 105 75 corn’s
1138 1010 74 75 pro-

179 1055 118 75 tcriing
314 1055 54 75 the
381 1055 108 75 clover
505 1055 85 75 from
607 1055 143 75 drought
765 1055 94 75 when
870 1055 79 75 very
959 1055 120 75 young,
1105 1055 107 75 which

179 1103 26 75 it
217 1103 26 75 is
261 1103 95 75 much
373 1103 142 75 expofed
527 1103 47 75 to,
592 1103 169 75 efpecially
776 1103 92 75 when
880 1103 88 75 fown
979 1103 32 75 in
1023 1103 57 75 the
1091 1103 119 75 fpring.

227 1150 48 75 As
292 1150 55 75 the
364 1150 133 75 lodging
513 1150 40 75 of
564 1150 76 75 corn
657 1150 143 75 deflrtys
818 1150 42 75 all
877 1150 106 75 plants
998 1150 72 75 that
1087 1150 53 75 are
1155 1150 56 75 be-

180 1198 86 75 low;
292 1198 35 75 to
355 1198 133 75 prevent
515 1198 77 75 this,
617 1198 57 75 the
699 1198 76 75 corn
792 1198 87 75 fown
895 1198 96 75 along
1007 1198 79 75 with
1105 1198 107 75 clover

180 1243 102 75 ought
299 1243 35 75 to
350 1243 39 75 be
405 1243 88 75 fown
509 1243 82 75 thin,
618 1243 63 75 and
696 1243 57 75 the
769 1243 37 75 la'
806 1243 40 75 nd
868 1243 92 75 made
977 1243 77 75 very
1071 1243 90 75 clean
1177 1243 41 75 of

180 1290 119 75 weeds.
350 1290 4 75 •
354 1290 4 75 •

1184 1290 31 75 «;

229 1338 204 75 Sometimes,
457 1338 33 75 in
514 1338 19 75 a
559 1338 66 75 wet
638 1338 122 75 fe;>fon,
785 1338 55 75 the
857 1338 109 75 clover
982 1338 69 75 gets
1069 1338 91 75 a-top
1177 1338 41 75 of

183 1385 55 75 the
254 1385 91 75 corn,
371 1385 63 75 and
449 1385 142 75 deflroys
608 1385 56 75 the
681 1385 89 75 crop.
834 1385 85 75 This
936 1385 120 75 feldom
1072 1385 141 75 happens

185 1432 92 75 when
294 1432 25 75 it
335 1432 27 75 is
379 1432 86 75 fown
478 1432 78 75 with
568 1432 111 75 barley
692 1432 37 75 or
746 1432 124 75 wheat;
889 1432 130 75 becaufe
1036 1432 25 75 it
1077 1432 27 75 is
1116 1432 96 75 much

182 1478 83 75 later
280 1478 32 75 in
328 1478 56 75 the
409 1478 108 75 feafon
540 1478 94 75 when
657 1478 87 75 fown
771 1478 80 75 with
879 1478 110 75 barley
1014 1478 78 75 than
1119 1478 94 75 when

182 1525 87 75 fown
289 1525 80 75 with
386 1525 83 75 oats,
502 1525 64 75 and
581 1525 163 75 therefore
760 1525 28 75 is
805 1525 57 75 not
880 1525 34 75 fo
934 1525 49 75 far
1000 1525 163 75 advanced
1179 1525 33 75 at

181 1572 145 75 harvefl:;
345 1572 63 75 and
424 1572 55 75 the
491 1572 106 75 wheat
612 1572 27 75 is
653 1572 162 75 advanced
830 1572 35 75 fo
881 1572 50 75 far
946 1572 111 75 before
1073 1572 55 75 the
1145 1572 66 75 clo-

184 1620 146 75 ver-feed
352 1620 27 75 is
393 1620 102 75 fown,
513 1620 72 75 that
600 1620 55 75 the
672 1620 109 75 clover
798 1620 58 75 can
868 1620 95 75 never
975 1620 53 75 get
1040 1620 55 75 the
1107 1620 106 75 better

183 1666 40 75 of
229 1666 39 75 it.
300 1666 58 75 To
371 1666 140 75 prevent,
519 1666 55 75 the
586 1666 120 75 clover,
716 1666 90 75 then,
816 1666 84 75 from
912 1666 131 75 hurting
1054 1666 56 75 the
1122 1666 89 75 corn,

185 1712 25 75 it
226 1712 74 75 may
313 1712 42 75 be
371 1712 86 75 town
469 1712 87 75 early
572 1712 32 75 in
616 1712 56 75 the
688 1712 107 75 feafon
806 1712 80 75 with
904 1712 119 75 wheat,
1048 1712 37 75 or
1100 1712 64 75 late
1180 1712 33 75 in

188 1759 55 75 the
259 1759 107 75 feafon
383 1759 78 75 with
478 1759 123 75 barley.
656 1759 77 75 The
748 1759 133 75 Thanet
896 1759 124 75 barley,
1045 1759 85 75 from
1157 1759 57 75 the

185 1806 141 75 flxength
342 1806 41 75 of
397 1806 42 75 its
463 1806 89 75 roots
575 1806 62 75 and
662 1806 94 75 ftalk,
780 1806 26 75 is
824 1806 57 75 not
896 1806 33 75 fo
947 1806 53 75 apt
1017 1806 35 75 to
1067 1806 96 75 lodge
1179 1806 34 75 as

185 1852 56 75 the
257 1852 148 75 common
421 1852 131 75 barley;
579 1852 74 75 and,
678 1852 41 75 of
733 1852 122 75 courfe,
880 1852 26 75 it
927 1852 26 75 is
971 1852 55 75 the
1042 1852 80 75 moft
1138 1852 74 75 pro-

187 1899 56 75 per
267 1899 79 75 kind
367 1899 35 75 to
431 1899 39 75 be
483 1899 97 75 Town
604 1899 97 75 along
728 1899 80 75 with
836 1899 120 75 clover.
1005 1899 80 75 But,
1111 1899 34 75 as
1169 1899 44 75 all

187 1946 94 75 kinds
299 1946 40 75 of
349 1946 112 75 barley
477 1946 54 75 are
548 1946 89 75 more
656 1946 54 75 apt
726 1946 36 75 to
777 1946 97 75 lodge
888 1946 78 75 than
981 1946 83 75 oats,
1090 1946 63 75 and
1180 1946 33 75 as

186 1992 57 75 the
258 1992 107 75 feafon
382 1992 52 75 for
449 1992 119 75 flowing
584 1992 70 75 oats
669 1992 27 75 is
713 1992 88 75 more
817 1992 116 75 proper
949 1992 51 75 for
1016 1992 119 75 fowing
1147 1992 67 75 clo-

187 2039 58 75 ver
267 2039 78 75 than
365 2039 55 75 the
430 2039 113 75 Teafon
560 2039 40 75 of
610 2039 120 75 fowing
745 2039 125 75 barley,
895 2039 55 75 the
967 2039 130 75 farmer,
1121 2039 94 75 when

188 2086 26 75 it
229 2086 27 75 is
272 2086 131 75 equally
418 2086 188 75 convenient
630 2086 55 75 Tor
709 2086 80 75 him,
815 2086 112 75 fliould
942 2086 106 75 prefer
1063 2086 56 75 the
1133 2086 82 75 fow-

188 2132 55 75 ing
259 2132 40 75 of
314 2132 108 75 clover
437 2132 81 75 with
534 2132 113 75 oats.^

236 2180 111 75 When
364 2180 108 75 clover
487 2180 26 75 is
536 2180 87 75 fown
639 2180 79 75 with
733 2180 113 75 barley
861 2180 38 75 or
914 2180 83 75 oats,
1023 2180 83 75 after
1128 2180 87 75 thefe

189 2226 104 75 grains
311 2226 53 75 are
380 2226 98 75 fown,
503 2226 63 75 and
581 2226 56 75 the
652 2226 76 75 land
743 2226 181 75 harrowed,
948 2226 56 75 the
1020 2226 198 75 clover-feed

191 2273 27 75 is
247 2273 70 75 thin
344 2273 100 75 fown,
470 2273 62 75 and
548 2273 76 75 then
640 2273 56 75 the
711 2273 77 75 land
814 2273 27 75 is
869 2273 92 75 again
988 2273 168 75 harrowed
1180 2273 38 75 or

191 2319 115 75 rolled.
354 2319 112 75 When
483 2319 55 75 the
555 2319 106 75 clover
677 2319 26 75 is
718 2319 93 75 Town
827 2319 80 75 with
924 2319 18 75 a
953 2319 76 75 crop
1047 2319 39 75 of
1097 2319 118 75 wheat,

191 2366 56 75 the
272 2366 106 75 clover
403 2366 26 75 is
449 2366 92 75 Town
570 2366 32 75 in
631 2366 55 75 the
713 2366 119 75 fpring,
857 2366 64 75 and
948 2366 189 75 afterwards
1158 2366 59 75 the

191 2412 107 75 wheat
317 2412 26 75 is
365 2412 115 75 rolled.
529 2412 32 75 It
577 2412 26 75 is
617 2412 146 75 common
780 2412 35 75 to
824 2412 73 75 Tow
908 2412 198 75 clover-feed
1122 2412 95 75 with-

196 2459 58 75 out
269 2459 62 75 any
347 2459 201 75 preparation
565 2459 93 75 given
681 2459 36 75 to
739 2459 56 75 tbe
810 2459 95 75 land;
930 2459 59 75 but
1016 2459 27 75 it
1070 2459 27 75 is
1114 2459 106 75 better

192 2506 36 75 to
244 2506 127 75 harrow
397 2506 26 75 it
447 2506 111 75 before
577 2506 133 75 fowing.
765 2506 78 75 The
869 2506 183 75 harrowing
1076 2506 77 75 does
1177 2506 43 75 no

193 2552 92 75 harm
302 2552 35 75 to
354 2552 55 75 the
426 2552 118 75 wheat,
563 2552 61 75 and
640 2552 27 75 it
683 2552 108 75 makes
803 2552 56 75 the
873 2552 96 75 roller
977 2552 95 75 cover
1081 2552 54 75 the
1147 2552 74 75 feed

194 2599 89 75 more
299 2599 192 75 effe&ually.
540 2599 210 75 Clover-feed
772 2599 74 75 may
860 2599 41 75 be
918 2599 85 75 fown
1019 2599 32 75 in
1067 2599 56 75 the
1138 2599 83 75 fame

195 2645 130 75 manner
341 2645 141 75 amongft
504 2645 71 75 oats
591 2645 38 75 or
651 2645 190 75 early-fown
857 2645 124 75 barley.
1031 2645 102 75 Some-
1144 2645 77 75 time

194 2692 85 75 after
299 2692 54 75 the
370 2692 76 75 corn
463 2692 58 75 has
538 2692 90 75 come
651 2692 55 75 up,
732 2692 56 75 the
804 2692 76 75 land
895 2692 73 75 may
984 2692 40 75 be
1038 2692 181 75 harrowed,

196 2739 63 75 and
274 2739 55 75 the
349 2739 108 75 clover
472 2739 99 75 fown.
619 2739 38 75 If
679 2739 55 75 the
758 2739 140 75 weather
925 2739 40 75 be
981 2739 73 75 dry,
1079 2739 55 75 the
1157 2739 63 75 dif-

196 2785 102 75 ferent
315 2785 88 75 parts
420 2785 40 75 of
474 2785 55 75 the
548 2785 165 75 operation
729 2785 112 75 fliould
856 2785 132 75 fucceed
1012 2785 59 75 one
1088 2785 134 75 another

196 2831 33 75 as
247 2831 133 75 quickly
398 2831 34 75 as
447 2831 139 75 poffible.
633 2831 78 75 The
737 2831 144 75 harrows
908 2831 114 75 Ihould
1048 2831 39 75 be
1111 2831 111 75 imme-

195 2878 124 75 diately
332 2878 151 75 followed
501 2878 43 75 by
567 2878 56 75 the
647 2878 114 75 fower,
799 2878 63 75 and
885 2878 56 75 the
967 2878 100 75 fower
1094 2878 45 75 by
1165 2878 58 75 the

195 2924 110 75 roller,
323 2924 34 75 to
373 2924 131 75 prevent
520 2924 54 75 the
590 2924 143 75 drought
744 2924 84 75 from
840 2924 200 75 penetrating
1055 2924 56 75 too
1128 2924 93 75 deep.

243 2971 76 75 The
343 2971 132 75 Englifli
498 2971 124 75 writers
639 2971 96 75 differ
750 2971 119 75 widely
892 2971 33 75 as
949 2971 35 75 to
1000 2971 56 75 the
1073 2971 149 75 quantity

197 3018 38 75 c-f
247 3018 196 75 clover-feed
458 3018 115 75 proper
589 3018 36 75 to
640 3018 40 75 be
697 3018 85 75 fown
799 3018 42 75 on
858 3018 38 75 an
913 3018 84 75 acre.
1047 3018 174 75 However,

1328 147 34 75 L
1445 147 39 75 T
1507 147 7 75 .
1542 147 46 75 U
1662 147 37 75 R
1776 147 46 75 E.

1257 216 54 75 the
1328 216 133 75 farmers
1478 216 32 75 in
1528 216 168 75 Scotland,
1724 216 75 75 who
1821 216 67 75 fow
1916 216 108 75 clover
2049 216 79 75 with
2151 216 72 75 oats
2251 216 38 75 or

1257 263 123 75 barley,
1405 263 80 75 find,
1510 263 71 75 that
1609 263 85 75 from
1723 263 42 75 xo
1781 263 35 75 to
1836 263 42 75 16
1896 263 49 75 lb.
1974 263 40 75 of
2036 263 71 75 red,
2133 263 33 75 oi
2202 263 87 75 from

1263 311 38 75 12
1316 311 36 75 to
1373 311 41 75 x8
1433 311 49 75 lb.
1501 311 40 75 of
1552 311 98 75 white
1668 311 108 75 clover
1793 311 42 75 on
1851 311 55 75 the
1923 311 83 75 acre,
2023 311 159 75 produces
2199 311 19 75 a
2232 311 57 75 ve-

1259 356 38 75 ry
1313 356 87 75 good
1414 356 91 75 crop.

1308 402 133 75 Clover,
1465 402 66 75 like
1555 402 171 75 rye-grafs,
1762 402 27 75 is
1813 402 178 75 fometimes
2020 402 86 75 fown
2126 402 53 75 for
2207 402 82 75 hay,

1261 450 177 75 fometimes
1455 450 53 75 for
1518 450 136 75 pafture,
1675 450 64 75 and
1750 450 180 75 fometimes
1938 450 57 75 for
2006 450 93 75 both.
2143 450 76 75 The
2232 450 59 75 red

1262 496 107 75 clover
1385 496 27 75 is
1428 496 57 75 the
1501 496 79 75 moft
1597 496 115 75 proper
1727 496 52 75 for
1798 496 76 75 hay,
1891 496 56 75 the
1956 496 100 75 white
2072 496 53 75 for
2140 496 123 75 pafture
2276 496 12 75 ;

1261 543 74 75 and,
1360 543 94 75 when
1471 543 78 75 both
1568 543 53 75 are
1633 543 164 75 intended,
1822 543 20 75 a
1858 543 140 75 mixture
2014 543 40 75 of
2072 543 56 75 the
2150 543 67 75 two
2234 543 55 75 an-

1260 589 95 75 fwers
1380 589 79 75 beft.
1518 589 112 75 When
1654 589 58 75 red
1736 589 108 75 clover
1871 589 26 75 is
1920 589 87 75 fown
2031 589 137 75 without
2196 589 96 75 being

1261 635 111 75 mixed
1394 635 81 75 with
1492 635 61 75 any
1571 635 94 75 other
1692 635 91 75 kind,
1808 635 67 75 the"
1885 635 120 75 farmer
2028 635 102 75 ought
2146 635 34 75 to
2197 635 94 75 bring

1259 682 50 75 his
1326 682 76 75 land
1413 682 69 75 into
1498 682 109 75 tillage
1623 682 93 75 again
1731 682 32 75 in
1780 682 66 75 two
1862 682 38 75 or
1911 682 90 75 three
2013 682 113 75 years:
2146 682 77 75 For,
2241 682 49 75 af-

1260 728 50 75 ter
1327 728 55 75 the
1402 728 117 75 fecond
1537 728 89 75 year,
1652 728 19 75 a
1688 728 76 75 crop
1781 728 41 75 of
1833 728 64 75 this
1913 728 79 75 kind
2011 728 44 75 of
2071 728 110 75 clover
2201 728 26 75 is
2255 728 41 75 of

1259 776 84 75 little
1358 776 106 75 value.

1307 822 111 75 When
1435 822 98 75 white
1549 822 108 75 clover
1673 822 26 75 is
1719 822 86 75 fown
1820 822 46 75 by
1879 822 99 75 itfelf,
2000 822 60 75 the
2076 822 118 75 farmer
2210 822 81 75 muft
2291 804 6 49 :

1260 869 57 75 not
1332 869 114 75 expedt
1462 869 18 75 a
1496 869 76 75 crop
1588 869 41 75 of
1646 869 65 75 hay
1724 869 10 75 ;
1762 869 51 75 for
1829 869 26 75 it
1871 869 120 75 foldom
2015 869 74 75 rifos
2115 869 34 75 to
2172 869 75 75 fuch
2273 869 19 75 a

1259 915 112 75 height
1387 915 33 75 as
1441 915 35 75 to
1492 915 141 75 produce
1649 915 19 75 a
1684 915 86 75 good
1786 915 97 75 crop:
1910 915 80 75 But,
2015 915 36 75 to
2067 915 130 75 balance
2213 915 77 75 this,

1260 963 57 75 the
1339 963 77 75 field
1431 963 74 75 may
1517 963 39 75 be
1568 963 76 75 kept
1660 963 77 75 long
1752 963 33 75 in
1801 963 135 75 pafture,
1962 963 33 75 as
2007 963 65 75 this
2089 963 109 75 clover
2213 963 77 75 con-

1261 1009 102 75 tinues
1382 1009 50 75 till
1450 1009 87 75 wore
1554 1009 57 75 out
1626 1009 44 75 by
1690 1009 56 75 the
1763 1009 127 75 natural
1911 1009 85 75 grafs
2013 1009 40 75 of
2065 1009 55 75 the
2136 1009 71 75 foil.

1308 1055 112 75 When
1437 1055 18 75 a
1471 1055 141 75 mixture
1628 1055 41 75 of
1686 1055 56 75 the
1764 1055 67 75 two
1851 1055 53 75 are
1919 1055 100 75 fown,
2041 1055 88 75 feme
2146 1055 93 75 crops
2256 1055 40 75 of

1261 1103 63 75 hay
1340 1103 74 75 may
1430 1103 39 75 be
1486 1103 108 75 taken,
1621 1103 62 75 and
1698 1103 77 75 then
1791 1103 56 75 the
1863 1103 76 75 land
1961 1103 75 75 may
2050 1103 41 75 be
2108 1103 136 75 allowed
2254 1103 36 75 to

1261 1150 41 75 lie
1319 1150 87 75 fome
1428 1150 90 75 years
1539 1150 112 75 longer
1677 1150 53 75 for
1751 1150 136 75 pafture.
1934 1150 78 75 The
2035 1150 57 75 red
2116 1150 110 75 clover
2241 1150 49 75 af-

1262 1196 88 75 fords
1368 1196 54 75 the
1439 1196 92 75 crops
1548 1196 40 75 of
1598 1196 64 75 hay
1677 1196 10 75 ;
1713 1196 63 75 and
1791 1196 55 75 the
1873 1196 99 75 white
1998 1196 137 75 remains
2160 1196 51 75 till
2234 1196 57 75 the

1262 1242 123 75 natural
1409 1242 85 75 grafs
1524 1242 87 75 rifes.
1669 1242 38 75 In
1735 1242 63 75 this
1827 1242 83 75 cafe,
1934 1242 92 75 there
2052 1242 27 75 is
2107 1242 184 75 commonly

1261 1289 85 75 fown
1370 1289 85 75 upon
1483 1289 56 75 the
1564 1289 84 75 acre,
1673 1289 85 75 from
1781 1289 20 75 8
1827 1289 35 75 to
1884 1289 38 75 12
1943 1289 49 75 lb.
2022 1289 39 75 of
2085 1289 58 75 red
2167 1289 121 75 clover,

1262 1336 63 75 and
1345 1336 87 75 from
1449 1336 20 75 6
1485 1336 37 75 to
1540 1336 20 75 8
1584 1336 41 75 of
1643 1336 112 75 white.
1809 1336 67 75 But
1893 1336 87 75 thefe
1997 1336 203 75 proportions
2217 1336 74 75 may

1264 1384 39 75 be
1324 1384 109 75 varied
1456 1384 172 75 according
1643 1384 36 75 to
1697 1384 54 75 the
1765 1384 170 75 judgment
1958 1384 41 75 of
2017 1384 56 75 the
2100 1384 132 75 farmer.

1309 1429 36 75 In
1365 1429 167 75 Scotland,
1556 1429 121 75 feldom
1692 1429 89 75 more
1797 1429 77 75 than
1886 1429 60 75 one
1963 1429 76 75 crop
2056 1429 40 75 of
2107 1429 64 75 hay
2185 1429 33 75 in
2234 1429 56 75 the

1262 1475 106 75 feafon
1384 1475 161 75 fucceeds.
1604 1475 77 75 The
1697 1475 116 75 fecond
1830 1475 77 75 crop
1922 1475 26 75 is
1965 1475 182 75 commonly
2161 1475 35 75 fo
2211 1475 77 75 late,

1263 1522 70 75 that
1352 1522 25 75 it
1397 1522 27 75 is
1446 1522 77 75 very
1538 1522 138 75 difficult
1690 1522 35 75 to
1737 1522 125 75 get-the
1873 1522 65 75 hay
1954 1522 150 75 properly
2120 1522 103 75 made.
2257 1522 34 75 It

1262 1569 73 75 may
1350 1569 162 75 therefore
1528 1569 41 75 be
1584 1569 145 75 paftured
1751 1569 54 75 on,
1834 1569 38 75 or
1899 1569 55 75 cut
1976 1569 96 75 green
2100 1569 52 75 for
2179 1569 110 75 cattle.

1262 1615 111 75 When
1390 1615 107 75 clover
1523 1615 27 75 is
1574 1615 54 75 cut
1651 1615 97 75 green
1764 1615 52 75 for
1832 1615 110 75 cattle,
1967 1615 26 75 it
2009 1615 27 75 is
2053 1615 19 75 a
2087 1615 116 75 proper
2218 1615 72 75 way

1263 1662 34 75 to
1314 1662 73 75 feed
1404 1662 87 75 them
1507 1662 85 75 upon
1620 1662 18 75 a
1666 1662 75 75 field
1764 1662 71 75 that
1850 1662 97 75 needs
1971 1662 100 75 dung.
2119 1662 85 75 This
2221 1662 67 75 me-

1263 1708 82 75 thod
1360 1708 26 75 is
1403 1708 179 75 preferable
1598 1708 36 75 to
1650 1708 129 75 feeding
1794 1708 87 75 them
1898 1708 32 75 in
1947 1708 83 75 ftalls
2046 1708 10 75 ;
2082 1708 26 75 it
2123 1708 86 75 faves
2234 1708 56 75 the

1263 1754 141 75 expence
1421 1754 40 75 of
1472 1754 147 75 carrying
1643 1754 57 75 out
1726 1754 56 75 the
1810 1754 98 75 dung,
1936 1754 61 75 and
2013 1754 152 75 procures
2181 1754 36 75 to
2233 1754 57 75 the

1262 1801 76 75 land
1354 1801 55 75 the
1425 1801 117 75 benefit
1561 1801 41 75 of
1619 1801 56 75 the
1691 1801 102 75 urine,
1818 1801 105 75 which
1943 1801 27 75 is
1995 1801 19 75 a
2035 1801 78 75 very
2133 1801 69 75 rich
2224 1801 66 75 ma-

1263 1848 90 75 nure.
1311 1889 119 75 Before
1446 1889 192 75 coxicluding
1664 1889 64 75 this
1756 1889 124 75 article,
1905 1889 25 75 it
1957 1889 81 75 muft
2060 1889 40 75 be
2124 1889 166 75 obferved,

1264 1939 69 75 that
1350 1939 58 75 red
1419 1939 121 75 clover,
1564 1939 97 75 while
1677 1939 108 75 green,
1811 1939 26 75 is
1861 1939 179 75 dangerous
2056 1939 35 75 to
2108 1939 94 75 blade
2223 1939 67 75 cat-

1266 1987 43 75 tle
1328 1987 62 75 and
1405 1987 103 75 flneep,
1534 1987 93 75 when
1650 1987 64 75 firft
1738 1987 93 75 given
1856 1987 101 75 them,
1983 1987 166 75 efpecially
2176 1987 31 75 if
2226 1987 66 75 wet

1265 2033 79 75 with
1360 2033 71 75 dew
1451 2033 38 75 or
1505 2033 80 75 rain.
1633 2033 99 75 They
1749 2033 102 75 ought
1867 2033 162 75 therefore
2047 2033 34 75 to
2101 2033 39 75 be
2157 2033 136 75 allowed

1266 2080 25 75 it
1307 2080 76 75 only
1398 2080 161 75 fparingly
1574 2080 33 75 at
1624 2080 76 75 firft,
1726 2080 62 75 and
1808 2080 142 75 brought
1966 2080 35 75 to
2028 2080 27 75 it
2078 2080 43 75 by
2145 2080 154 75 degrees/

1266 2126 98 75 After
1379 2126 95 75 being
1491 2126 198 75 accuftomed
1708 2126 36 75 to
1760 2126 26 75 it
1803 2126 50 75 for
1871 2126 19 75 a
1905 2126 63 75 few
1984 2126 92 75 days,
2100 2126 56 75 the
2172 2126 122 75 danger

1266 2173 26 75 is
1309 2173 89 75 over,
1424 2173 62 75 and
1502 2173 79 75 they
1596 2173 73 75 may
1685 2173 39 75 be
1748 2173 137 75 allowed
1905 2173 35 75 to
1967 2173 54 75 ufe
2043 2173 34 75 as
2097 2173 95 75 much
2209 2173 39 75 of
2266 2173 27 75 it

1267 2221 33 75 as
1317 2221 78 75 they
1411 2221 116 75 pleafe.

1269 2330 65 75 Of
1344 2330 66 75 the
1428 2330 156 75 Culture
1605 2330 47 75 of
1662 2330 132 75 Clover
1812 2330 132 75 mixed
1952 2330 101 75 with
2073 2330 221 75 Rye-grafs,

1316 2407 83 75 Red
1417 2407 108 75 clover
1541 2407 108 75 makes
1674 2407 56 75 the
1756 2407 67 75 beft
1851 2407 96 75 green
1971 2407 110 75 forage
2096 2407 60 75 Tor
2184 2407 111 75 cattle.

1270 2454 54 75 An
1342 2454 71 75 acre
1428 2454 41 75 of
1480 2454 26 75 it
1527 2454 68 75 will
1618 2454 156 75 maintain
1798 2454 90 75 more
1914 2454 97 75 cattle
2034 2454 78 75 than
2140 2454 91 75 three
2258 2454 40 75 or

1272 2500 71 75 four
1358 2500 90 75 acres
1466 2500 40 75 of
1512 2500 146 75 common
1671 2500 105 75 grafs:
1803 2500 67 75 But
1887 2500 77 75 then
1980 2500 25 75 it
2017 2500 26 75 is
2061 2500 57 75 not
2133 2500 33 75 fo
2182 2500 116 75 proper

1271 2548 52 75 for
1334 2548 76 75 hay.
1459 2548 201 75 Clover-hay
1671 2548 26 75 is
1714 2548 79 75 very
1803 2548 212 75 troublefome
2031 2548 32 75 in
2079 2548 140 75 making,
2236 2548 63 75 and

1272 2595 25 75 is
1315 2595 57 75 not
1388 2595 160 75 reckoned
1564 2595 33 75 fo
1617 2595 86 75 good
1726 2595 52 75 for
1794 2595 129 75 feeding
1939 2595 34 75 as
1989 2595 85 75 fome
2089 2595 93 75 other
2203 2595 95 75 kinds

1273 2640 40 75 of
1323 2640 77 75 hay.
1449 2640 32 75 It
1497 2640 139 75 likewife
1652 2640 91 75 hurts
1762 2640 57 75 the
1842 2640 86 75 land,
1953 2640 44 75 by
2014 2640 213 75 encouraging
2243 2640 56 75 the

1273 2686 126 75 grov/th
1415 2686 40 75 of
1466 2686 192 75 quickening
1658 2668 15 49 :
1673 2686 101 75 grafs.
1810 2686 60 75 To
1886 2686 130 75 remedy
2031 2686 88 75 thefe
2134 2686 165 75 difadvan-

1273 2735 101 75 tages,
1392 2735 26 75 it
1435 2735 26 75 is
1478 2735 146 75 common
1638 2735 34 75 to
1683 2735 68 75 fow
1766 2735 157 75 rye-grafs
1940 2735 95 75 along
2050 2735 80 75 with
2146 2735 39 75 it.
2220 2735 79 75 Clo-

1272 2780 69 75 ver,
1366 2780 93 75 when
1487 2780 112 75 mixed
1625 2780 79 75 with
1728 2780 171 75 rye-grafs,
1931 2780 28 75 is
1988 2780 95 75 eafier
2113 2780 93 75 made
2230 2780 69 75 into

1273 2828 87 75 hay;
1386 2828 55 75 the
1457 2828 65 75 hay
1540 2828 93 75 itfelf
1654 2828 27 75 is
1706 2828 95 75 much
1825 2828 126 75 better;
1978 2828 61 75 and
2056 2828 55 75 the
2128 2828 172 75 rye-grafs,

1273 2875 44 75 by
1343 2875 150 75 covering
1521 2875 55 75 the
1602 2875 135 75 furface,
1768 2875 146 75 prevents
1942 2875 57 75 the
2028 2875 126 75 growth
2179 2875 41 75 of
2245 2875 57 75 the

1275 2917 307 75 quickening-grafs.
1644 2917 77 75 The
1737 2917 149 75 quantity
1905 2917 87 75 fown
2008 2917 83 75 upon
2109 2917 58 75 the
2181 2917 71 75 acre
2268 2917 35 75 in

1275 2967 61 75 this
1353 2967 72 75 way
1441 2967 26 75 is
1484 2967 84 75 from
1588 2967 19 75 8
1626 2967 35 75 to
1683 2967 38 75 12
1738 2967 49 75 lb.
1806 2967 39 75 of
1863 2967 120 75 clover,
2009 2967 64 75 and
2088 2967 84 75 from
2193 2967 14 75 1
2228 2967 35 75 to
2281 2967 17 75 3

1273 3014 101 75 firlots
1391 3014 40 75 of
1446 3014 170 75 rye-grafs.

2259 3014 25 75 r
2291 3014 22 75 r
