2396 3377
565 123 43 75 A
693 123 37 75 L
816 123 36 75 L
935 123 19 75 I
1040 123 44 75 G

94 189 22 75 4
133 189 42 75 of
194 189 82 75 rum,
301 189 64 75 and
390 189 22 75 4
436 189 42 75 of
496 189 66 75 gin.
611 189 69 75 But
702 189 57 75 the
784 189 142 75 queftion
951 189 99 75 limits
1077 189 57 75 the

93 233 150 75 quantity
257 233 41 75 of
316 233 124 75 brandy
456 233 37 75 to
510 233 45 75 40
571 233 124 75 gallons
707 233 11 75 ;
744 233 164 75 therefore
923 233 67 75 fay,

331 310 37 75 If
389 310 18 75 5
436 310 9 75 :
475 310 21 75 4
524 310 36 75 ::
589 310 44 75 40
660 310 10 75 :
699 310 42 75 32

139 376 76 75 The
232 376 151 75 quantity
399 376 41 75 of
456 376 67 75 gin,
547 376 44 75 by
614 376 56 75 the
692 376 182 75 operation,
900 376 97 75 being
1013 376 64 75 alfo
1095 376 34 75 4,

91 423 57 75 the
159 423 188 75 proportion
362 423 97 75 needs
472 423 59 75 not
543 423 40 75 be
598 423 164 75 repeated.

497 522 132 75 Variety
657 522 66 75 III.

138 598 112 75 When
266 598 56 75 the
339 598 143 75 queflion
505 598 27 75 is
557 598 126 75 limited
706 598 35 75 to
759 598 19 75 a
793 598 120 75 certain
930 598 149 75 quantity
1094 598 43 75 of

96 645 56 75 the
169 645 153 75 mixture,
347 645 65 75 this
428 645 26 75 is
472 645 104 75 called
593 645 184 75 Alligation
795 645 109 75 Total.

140 691 100 75 After
254 691 123 75 linking
392 691 55 75 the
463 691 167 75 branches,
648 691 64 75 and
726 691 111 75 taking
854 691 56 75 the
925 691 203 75 differences,

94 738 92 75 work
202 738 46 75 by
262 738 56 75 the
334 738 187 75 proportion
538 738 179 75 following,

186 808 51 75 As
254 808 56 75 the
326 808 67 75 fum
408 808 43 75 of
468 808 56 75 the
540 808 203 75 differences.

186 854 57 75 To
260 854 78 75 each
355 854 172 75 particular
542 854 193 75 difference;

190 901 46 75 So
251 901 56 75 the
323 901 93 75 given
433 901 80 75 total
530 901 40 75 of
587 901 57 75 the
660 901 155 75 mixture,

187 947 57 75 To
259 947 56 75 the
332 947 168 75 refpedtive
517 947 172 75 quantities
705 947 164 75 required.

141 1017 153 75 Examp.
342 1017 34 75 A
392 1017 124 75 vintner
531 1017 80 75 hath
628 1017 82 75 wine
726 1017 33 75 at
778 1017 17 75 3
811 1017 26 75 s.
849 1017 64 75 per
928 1017 120 75 gallon,
1065 1017 63 75 and

497 1165 195 75 ALL

97 1258 306 75 ALLIGATOR,
428 1258 32 75 in
477 1258 153 75 zoology,
655 1258 19 75 a
690 1258 164 75 fynonime
870 1258 41 75 of
928 1258 198 75 thelace-ta

143 1302 192 75 crocodilus.
385 1302 62 75 See
463 1302 205 75 Lacerta.

95 1348 402 75 ALLIGATOR-/><?rf>-,
522 1348 32 75 in
571 1348 132 75 botany.
753 1348 63 75 See
831 1348 145 75 Pyrus.

96 1395 253 75 ALLIONIA,
373 1395 32 75 in
423 1395 132 75 botany,
581 1395 18 75 a
623 1395 98 75 genus
742 1395 39 75 of
792 1395 248 75 the.tetrandria
1055 1395 70 75 mo-

142 1442 140 75 nogynia
296 1442 93 75 clafs.
435 1442 77 75 The
535 1442 179 75 characters
741 1442 41 75 of
807 1442 106 75 which
936 1442 53 75 are
1004 1442 9 75 :
1048 1442 77 75 The

143 1488 148 75 common
307 1488 86 75 calix
408 1488 27 75 is
453 1488 131 75 oblong,
609 1488 120 75 limple,
754 1488 63 75 and
843 1488 92 75 three
951 1488 148 75 flowered
1111 1488 12 75 ;

142 1535 54 75 the
213 1535 115 75 proper
344 1535 86 75 calix
446 1535 27 75 is
490 1535 99 75 above
610 1535 55 75 the
687 1535 91 75 fruit,
804 1535 62 75 and
882 1535 160 75 obfolete;
1070 1535 56 75 the

144 1581 123 75 corolla
289 1581 27 75 is
339 1581 178 75 irregular;
555 1581 63 75 and
642 1581 55 75 the
721 1581 178 75 receptacle
930 1581 138 75 without
1092 1581 33 75 a-

124 1628 3 75 .
141 1628 45 75 ny
202 1628 162 75 covering.
424 1628 112 75 There
554 1628 52 75 are
623 1628 76 75 only
715 1628 67 75 two
796 1628 119 75 fpecies
932 1628 40 75 of
982 1628 56 75 the
1052 1628 73 75 alli-

142 1674 87 75 onia,
254 1674 70 75 viz.
350 1674 56 75 the
433 1674 154 75 violacea,
612 1674 63 75 and
700 1674 175 75 incarnata,
899 1674 81 75 both
1003 1674 123 75 natives

144 1720 40 75 of
198 1720 164 75 America.

97 1768 236 75 ALLIOTH,
350 1768 20 75 a
388 1768 61 75 ftar
465 1768 31 75 in
513 1768 55 75 the
585 1768 56 75 tail
659 1768 40 75 of
710 1768 55 75 the
781 1768 126 75 greater
921 1768 88 75 bear,
1027 1768 97 75 much

144 1813 75 75 ufed
236 1813 51 75 fqr
302 1813 120 75 finding
439 1813 55 75 the
509 1813 135 75 latitude
662 1813 32 75 at
718 1813 63 75 fea.

96 1861 196 75 ALLIUM
309 1861 133 75 garlick,
466 1861 33 75 in
517 1861 132 75 botany,
674 1861 17 75 a
709 1861 99 75 genus
825 1861 40 75 of
875 1861 56 75 the
946 1861 179 75 hexandria

142 1907 192 75 monogynia
344 1907 91 75 clafs.
484 1907 77 75 The
578 1907 176 75 characters
772 1907 52 75 are
836 1907 9 75 :
869 1907 77 75 The
963 1907 121 75 corolla
1096 1907 26 75 is

141 1953 93 75 open,
260 1953 62 75 and
340 1953 131 75 divided
485 1953 68 75 into
568 1953 46 75 fix
630 1953 108 75 parts;
765 1953 55 75 the
836 1953 111 75 fpatha
962 1953 28 75 is
1014 1953 108 75 multi-

140 2000 119 75 florous
272 2000 9 75 ;
313 2000 55 75 the
395 2000 125 75 capfule
546 2000 28 75 is
599 2000 100 75 above
726 2000 55 75 the
808 2000 131 75 flower;
977 2000 64 75 and
1067 2000 56 75 the

141 2047 123 75 flowers
283 2047 52 75 are
352 2047 32 75 in
401 2047 56 75 the
473 2047 84 75 form
573 2047 40 75 of
624 2047 39 75 an
679 2047 129 75 umbell.
867 2047 114 75 There
1004 2047 53 75 are
1081 2047 42 75 no

139 2093 60 75 Jeis
217 2093 78 75 than
313 2093 42 75 37
372 2093 119 75 fpecies
508 2093 40 75 of
558 2093 55 75 the
634 2093 121 75 allium,
780 2093 78 75 only
873 2093 61 75 five
951 2093 40 75 of
1003 2093 117 75 which,

140 2139 71 75 viz.
240 2139 56 75 the
323 2139 262 75 ampeloprafum,
610 2139 38 75 or
674 2139 89 75 great
789 2139 245 75 round-headed
1051 2139 72 75 gar-

140 2187 87 75 lick;
253 2187 56 75 the
332 2187 191 75 arenarium,
548 2187 38 75 or
592 2187 247 75 abroad-leaved
870 2187 252 75 mountain-gar-

139 2233 67 75 lick
217 2233 9 75 ;
254 2233 55 75 the
326 2233 133 75 vineale,
478 2233 38 75 or
532 2233 247 75 crow-garlick;
806 2233 55 75 the
874 2233 193 75 oleraceum,
1085 2233 38 75 or

139 2279 77 75 wild
232 2279 123 75 garlick
378 2279 78 75 with
485 2279 37 75 3n
541 2279 194 75 herbaceous
752 2279 130 75 ffriated
898 2279 133 75 flower;
1061 2279 63 75 and

140 2326 56 75 the
211 2326 149 75 urfinum,
385 2326 38 75 or
448 2326 135 75 ramfon,
608 2326 54 75 are
689 2326 121 75 natives
827 2326 40 75 ot
878 2326 140 75 Britain.
1059 2326 61 75 Al-

139 2374 77 75 lium
234 2374 26 75 is
286 2374 19 75 a
328 2374 156 75 powerful
500 2374 152 75 diuretic,
678 2374 75 75 and,
777 2374 96 75 along
896 2374 78 75 with
998 2374 121 75 honey,

140 2420 55 75 has
216 2420 86 75 good
317 2420 109 75 effefts
442 2420 197 75 in-affhmas.

93 2467 182 75 ALLOA,
301 2467 18 75 a
338 2467 177 75 port-town
537 2467 41 75 of
599 2467 167 75 Scotland,
791 2467 134 75 fituated
942 2467 41 75 on
1006 2467 56 75 the
1079 2467 42 75 ri-

141 2512 55 75 ver
220 2512 115 75 Forth,
361 2512 195 75 remarkable
572 2512 53 75 for
641 2512 55 75 the
711 2512 188 75 coal-mines
912 2512 31 75 in
956 2512 41 75 its
1010 2512 110 75 neigh-

140 2559 181 75 bourhood.
370 2559 61 75 W.
448 2559 90 75 long.
557 2559 17 75 3
574 2541 22 49 0
615 2559 67 75 45',
707 2559 48 75 N.
773 2559 59 75 lat.
854 2559 60 75 56
936 2559 67 75 io\

92 2607 324 75 ALLOCATION
433 2607 130 75 denotes
581 2607 55 75 the
659 2607 170 75 admitting
853 2607 37 75 or
912 2607 149 75 allowing
1085 2607 41 75 of

140 2652 39 75 an
197 2652 109 75 article
322 2652 41 75 of
376 2652 39 75 an
432 2652 150 75 account,
606 2652 168 75 efpecially
790 2652 32 75 in
850 2652 55 75 the
922 2652 198 75 exchequer.

139 2699 125 75 Hence,

93 2747 205 75 Allocatione
314 2747 160 75 facienda
493 2747 26 75 is
537 2747 18 75 a
570 2747 74 75 writ
665 2747 142 75 directed
823 2747 35 75 to
874 2747 55 75 the
946 2747 72 75 lord
1035 2747 85 75 trea-

140 2790 100 75 furer,
266 2790 37 75 or
319 2790 115 75 barons
451 2790 40 75 of
503 2790 54 75 the
575 2790 196 75 exchequer,
790 2790 223 75 commanding
1030 2790 88 75 them

140 2838 36 75 to
197 2838 97 75 allow
317 2838 39 75 an
379 2838 190 75 accountant
584 2838 77 75 fuch
689 2838 85 75 films
791 2838 33 75 as
839 2838 42 75 he
898 2838 57 75 has
972 2838 147 75 lawfully

140 2884 168 75 expended
323 2884 33 75 in
373 2884 55 75 the
445 2884 172 75 execution
633 2884 41 75 of
684 2884 52 75 his
752 2884 105 75 office.

94 2931 270 75 ALLOCATjP
389 2931 127 75 cotnita.
525 2931 33 75 u,
583 2931 20 75 a
618 2931 69 75 new
704 2931 73 75 writ
802 2931 40 75 of
861 2931 129 75 exigent
1008 2931 111 75 allow-

141 2977 51 75 ed,
218 2977 111 75 before
354 2977 61 75 any
440 2977 93 75 other
549 2977 120 75 county
685 2977 92 75 court
793 2977 89 75 held,
908 2977 77 75 on-a
1000 2977 121 75 former

140 3025 56 75 not
208 3025 95 75 being
318 3025 159 75 complied
492 3025 93 75 with.
634 3025 62 75 See
709 3025 199 75 Exigent.

1171 119 42 75 A
1298 119 40 75 T
1426 119 19 75 I
1534 119 41 75 O
1662 119 56 75 N.

2137 119 76 75 123

1181 185 110 75 would
1307 185 69 75 mix
1391 185 27 75 it
1434 185 80 75 with
1530 185 113 75 water,
1668 185 35 75 fo
1719 185 34 75 as
1770 185 36 75 to
1822 185 92 75 make
1930 185 19 75 a
1965 185 262 75 compofition.of

1185 232 65 75 144
1278 232 136 75 gallons,
1447 232 106 75 worth
1583 232 58 75 as.
1660 232 68 75 6d.
1748 232 63 75 /rr
1837 232 130 75 gallon:
2009 232 88 75 How
2121 232 98 75 much

1181 278 94 75 wine,
1302 278 63 75 and
1380 278 75 75 how
1470 278 96 75 much
1582 278 101 75 water
1699 278 81 75 muff
1794 278 42 75 he
1852 278 76 75 take
1939 278 14 75 ?

1535 348 78 75 Cal.

1387 400 147 75 06,30
1588 400 65 75 120
1668 400 43 75 of
1727 400 95 75 wine.
1846 400 22 75 7
1887 400 40 75 j
1951 400 19 75 *

1324 425 16 49 5
1437 443 45 75 oy
1512 443 21 75 6
1607 443 45 75 24
1667 443 41 75 of
1725 443 112 75 water.
1847 443 21 75 3
1935 425 18 49 J

1464 536 44 75 36
1588 536 64 75 144
1667 536 95 75 total.

1420 603 64 75 120
1510 603 31 75 X
1566 603 44 75 36
1633 603 37 75 =
1693 603 93 75 4320

1439 650 45 75 24
1509 650 31 75 X
1586 650 24 75 o
1632 650 37 75 =
1762 650 24 75 o

1484 742 106 75 Proof
1612 742 244 75 144)4320(30

1365 811 49 75 As
1434 811 42 75 36
1504 811 10 75 :
1543 811 44 75 30
1613 811 37 75 ::
1682 811 65 75 144
1773 811 9 75 :
1814 811 66 75 120

1362 860 50 75 As
1431 860 43 75 36
1501 860 10 75 :
1562 860 21 75 6
1609 860 11 75 :
1638 860 9 75 :
1679 860 65 75 144
1769 860 10 75 :
1830 860 46 75 24

1222 927 111 75 There
1349 927 188 75 being.here
1553 927 78 75 only
1654 927 68 75 two
1743 927 135 75 fimples,
1904 927 63 75 and
1990 927 56 75 the
2068 927 82 75 total
2173 927 42 75 of

1177 973 55 75 the
1248 973 142 75 mixture
1405 973 140 75 limited,
1570 973 55 75 the
1642 973 143 75 queftion
1801 973 115 75 admits
1935 973 58 75 but
2009 973 41 75 of
2067 973 62 75 one
2152 973 57 75 an-

1176 1020 91 75 fwer.

1612 1168 193 75 ALL

1174 1261 339 75 ALLOCUTION,
1537 1261 34 75 in
1595 1261 128 75 Roman
1747 1261 173 75 antiquity,
1944 1261 132 75 denotes
2093 1261 39 75 an
2148 1261 58 75 ha

1222 1307 117 75 rangue
1358 1307 93 75 made
1474 1307 44 75 by
1544 1307 20 75 a
1590 1307 129 75 general
1746 1307 36 75 to
1809 1307 50 75 his
1892 1307 103 75 army,
2019 1307 189 75 frequently

1221 1353 185 75 mentioned
1421 1353 43 75 on
1480 1353 125 75 ancient
1622 1353 137 75 medals.

1173 1400 257 75 ALLODIAL
1441 1400 111 75 goods,
1569 1400 32 75 in
1613 1400 94 75 Scots
1719 1400 75 75 law,
1808 1400 53 75 are
1869 1400 75 75 fuch
1955 1400 32 75 as
2000 1400 54 75 are
2066 1400 141 75 enjoyed

1220 1447 43 75 by
1279 1447 55 75 the
1361 1447 121 75 owner,
1507 1447 213 75 independent
1736 1447 41 75 of
1789 1447 62 75 any
1866 1447 107 75 other.
2022 1447 112 75 Lands
2151 1447 56 75 are

1221 1494 137 75 likewife
1374 1494 67 75 faid
1458 1494 35 75 to
1509 1494 39 75 be
1565 1494 142 75 allodial,
1732 1494 94 75 when
1842 1494 78 75 they
1947 1494 54 75 are
2016 1494 78 75 held
2110 1494 96 75 with-

1221 1540 57 75 out
1302 1540 56 75 the
1379 1540 146 75 neceflity
1547 1540 41 75 of
1607 1540 263 75 acknowledging
1893 1540 20 75 a
1938 1540 154 75 fuperior.
2142 1540 64 75 See

1222 1587 103 75 Law,
1352 1587 83 75 title,
1461 1587 215 75 Conjlitution
1694 1587 42 75 of
1744 1587 159 75 heritable
1919 1587 118 75 rights.

1174 1633 281 75 ALLODIUM,
1481 1633 38 75 or
1543 1633 177 75 Alleud,
1745 1633 133 75 denotes
1901 1633 92 75 lands
2016 1633 105 75 which
2148 1633 57 75 are

1221 1679 55 75 the
1293 1679 141 75 abfolute
1454 1679 152 75 property
1630 1679 40 75 of
1693 1679 86 75 their
1806 1679 121 75 owner,
1952 1679 138 75 without
2106 1679 97 75 being

1220 1727 127 75 obliged
1363 1727 36 75 to
1415 1727 62 75 pay
1492 1727 61 75 any
1567 1727 117 75 fervice
1701 1727 38 75 or
1762 1727 315 75 acknowledgement
2096 1727 106 75 what-

1219 1773 74 75 ever
1308 1773 35 75 to
1359 1773 19 75 a
1397 1773 140 75 fuperior
1552 1773 86 75 lord.

1158 1819 250 75 sALLOGIA,
1434 1819 18 75 a
1475 1819 83 75 term
1574 1819 100 75 found
1700 1819 33 75 in
1758 1819 55 75 old
1835 1819 125 75 writers
1988 1819 42 75 on
2058 1819 145 75 military

1219 1866 120 75 affairs,
1363 1866 53 75 for
1431 1866 293 75 winter-quarters.

1172 1913 188 75 ALLOM.
1411 1913 61 75 See
1489 1913 132 75 Alum.

1171 1959 251 75 ALLONGE,
1448 1959 43 75 in,
1511 1959 141 75 fencing,
1677 1959 132 75 denotes
1835 1959 19 75 a
1878 1959 103 75 thruft
2007 1959 38 75 or
2068 1959 68 75 pafs
2162 1959 36 75 at

1218 2005 55 75 the
1294 2005 179 75 adverfary.
1525 2005 61 75 See
1602 2005 112 75 Pass.

1171 2052 372 75 ALLOPHYLLUS,
1569 2052 31 75 in
1616 2052 132 75 botany,
1774 2052 19 75 a
1820 2052 98 75 genus
1946 2052 40 75 of
2009 2052 55 75 the
2092 2052 107 75 oCfan-

1219 2098 70 75 dria
1303 2098 193 75 monogynia
1511 2098 91 75 clafs.
1642 2098 77 75 The
1736 2098 177 75 characters
1925 2098 52 75 are
1989 2098 9 75 :
2024 2098 77 75 The
2112 2098 89 75 calix

1219 2144 27 75 is
1261 2144 76 75 four
1353 2144 132 75 leaved;
1523 2144 56 75 the
1607 2144 105 75 leaves
1740 2144 53 75 are
1821 2144 166 75 globular;
2018 2144 56 75 the
2089 2144 112 75 flower

1220 2191 123 75 confifts
1359 2191 40 75 of
1410 2191 73 75 four
1507 2191 114 75 petals,
1647 2191 59 75 lefs
1730 2191 77 75 than
1834 2191 55 75 the
1912 2191 107 75 calix;
2054 2191 63 75 and
2143 2191 57 75 the

1219 2237 109 75 ftigma
1343 2237 26 75 is
1387 2237 126 75 forked.
1561 2237 115 75 There
1695 2237 28 75 is
1746 2237 78 75 only
1848 2237 61 75 one
1932 2237 132 75 fpecies,
2092 2237 107 75 which

1217 2283 27 75 is
1260 2283 102 75 found
1377 2283 32 75 in
1429 2283 135 75 Zeylon.

1171 2330 307 75 ALLOTTING,
1504 2330 38 75 or
1568 2330 250 75 Allotment
1848 2330 43 75 of
1901 2330 111 75 goods,
2048 2330 34 75 in
2109 2330 89 75 com-

1215 2377 116 75 merce,
1349 2377 27 75 is
1392 2377 55 75 the
1462 2377 144 75 dividing
1622 2377 18 75 a
1656 2377 93 75 {hips
1766 2377 95 75 cargo
1877 2377 68 75 into
1961 2377 119 75 feveral
2097 2377 99 75 parts,

1217 2423 105 75 which
1340 2423 53 75 are
1409 2423 35 75 to
1460 2423 40 75 be
1516 2423 176 75 purchafed
1715 2423 43 75 by
1782 2423 119 75 feveral
1924 2423 142 75 perfons,
2091 2423 107 75 whofe

1217 2469 106 75 names
1341 2469 95 75 being
1452 2469 126 75 written
1595 2469 84 75 upon
1697 2469 33 75 as
1746 2469 96 75 many
1857 2469 71 75 flips
1946 2469 40 75 of
2008 2469 125 75 paper,*
2143 2469 56 75 are

1218 2515 124 75 applied
1358 2515 43 75 by
1419 2515 37 75 an
1473 2515 182 75 indifferent
1671 2515 111 75 perfon
1800 2515 34 75 to
1846 2515 55 75 the
1910 2515 121 75 feveral
2047 2515 86 75 lots;
2152 2515 46 75 by

1215 2562 105 75 which
1338 2562 107 75 means
1462 2562 55 75 the
1536 2562 102 75 goods
1654 2562 54 75 are
1723 2562 129 75 divided
1866 2562 138 75 without
2020 2562 176 75 partiality,

1215 2608 77 75 each
1309 2608 72 75 man
1396 2608 116 75 having
1540 2608 56 75 the
1621 2608 109 75 parcel
1745 2608 84 75 upon
1845 2608 106 75 which
1974 2608 50 75 his
2048 2608 93 75 name
2167 2608 29 75 is

1216 2655 100 75 fixed,

1169 2704 355 75 ALLOWANCES,
1550 2704 32 75 at
1597 2704 55 75 the
1669 2704 117 75 cuftom
1803 2704 110 75 houfe,
1938 2704 35 75 to
1986 2704 101 75 goods
2105 2704 92 75 rated

1217 2747 42 75 by
1286 2747 131 75 weight,
1443 2747 53 75 are
1525 2747 77 75 two,
1638 2747 70 75 viz.
1733 2747 140 75 draught
1901 2747 62 75 and
1987 2747 81 75 tare.
2133 2747 63 75 See

1216 2795 200 75 Draught
1435 2795 63 75 and
1512 2795 125 75 Tare.

1167 2842 178 75 ALLOY,
1370 2842 38 75 or
1435 2842 151 75 Allay,
1612 2842 19 75 a
1657 2842 186 75 proportion
1872 2842 40 75 of
1936 2842 18 75 a
1981 2842 90 75 bafer
2096 2842 100 75 metal

1214 2888 108 75 mixed
1337 2888 79 75 with
1433 2888 19 75 a
1467 2888 79 75 finer
1562 2888 71 75 one.
1681 2888 96 75 Thus
1803 2888 42 75 all
1868 2888 78 75 gold
1973 2888 71 75 coin
2068 2888 57 75 has
2153 2888 42 75 an

1168 2937 11 75 -
1213 2937 86 75 alloy
1315 2937 39 75 of
1365 2937 92 75 filver
1473 2937 61 75 and
1555 2937 128 75 copper,
1709 2937 33 75 as
1759 2937 91 75 filver
1866 2937 71 75 coin
1953 2937 58 75 has
2027 2937 40 75 of
2078 2937 118 75 copper

1215 2982 90 75 alone
1320 2982 10 75 ;
1356 2982 56 75 the
1426 2982 185 75 proportion
1626 2982 32 75 in
1675 2982 56 75 the
1747 2982 120 75 former
1882 2982 82 75 cafe,
1981 2982 51 75 for
2048 2982 148 75 ftandard

1217 3028 88 75 gold,
1331 3028 94 75 being
1448 3028 66 75 two
1530 3028 120 75 carrats
1675 3028 40 75 of
1736 3028 87 75 alloy
1842 3028 37 75 in
1902 3028 18 75 a
1935 3028 109 75 pound
2070 3028 73 75 troy
2159 3028 42 75 of

1181 3090 11 75 .

2097 3090 56 75 gl
2153 3072 22 49 d
2175 3090 21 75 ;
