2406 3327
417 109 41 75 A
517 109 40 75 G
614 109 40 75 Y

990 109 125 75 (71

79 177 469 75 AGROSTOGRAPHIA,
566 177 133 75 fignifles
712 177 54 75 the
783 177 120 75 hiftory
915 177 38 75 or
968 177 137 75 defcrip-

124 223 68 75 tion
209 223 41 75 of
267 223 126 75 graffes.

75 269 267 75 AGRYPNIA,
368 269 19 75 a
403 269 82 75 term
501 269 79 75 with
597 269 174 75 phyficians
796 269 52 75 for
871 269 171 75 watching,
1067 269 38 75 or

124 315 37 75 an
178 315 179 75 inaptitude
374 315 35 75 to
421 315 94 75 deep.

75 362 254 75 AGUALVA,
361 362 34 75 in
422 362 196 75 geography,
649 362 56 75 the
727 362 94 75 name
846 362 40 75 of
912 362 19 75 a
958 362 84 75 river
1069 362 40 75 of

122 406 167 75 Portugal,
315 406 64 75 and
390 406 40 75 of
449 406 19 75 a
483 406 87 75 town
587 406 32 75 in
635 406 56 75 the
706 406 98 75 ifland
819 406 40 75 of
876 406 156 75 Tercera.

74 453 346 75 AGUAPECACA,
445 453 34 75 in
495 453 218 75 ornithology,
739 453 18 75 a
772 453 173 75 barbarous
962 453 90 75 name
1069 453 40 75 of

121 498 18 75 a
154 498 117 75 fpecies
290 498 40 75 of
349 498 56 75 the
423 498 117 75 tetrao.
591 498 60 75 See
666 498 183 75 Tetrao.

73 544 392 75 AGUARA-QUIYA,
490 544 32 75 in
551 544 132 75 botany,
714 544 19 75 a
756 544 172 75 barbarous
953 544 90 75 name
1068 544 41 75 of

120 591 56 75 the
191 591 155 75 folanum.
396 591 282 75 SccSolanum.

73 636 407 75 AGUARA-PONDA,
505 636 33 75 in
554 636 132 75 botany,
712 636 18 75 a
753 636 174 75 barbarous
952 636 91 75 name
1067 636 41 75 of

120 682 18 75 a
153 682 117 75 fpecies
288 682 39 75 of
345 682 56 75 the
417 682 97 75 viola.
564 682 62 75 See
645 682 145 75 Viola.

74 729 271 75 AGUARICO,
370 729 19 75 a
405 729 85 75 river
505 729 41 75 of
557 729 37 75 S.
612 729 170 75 America,,
800 729 117 75 which,
943 729 111 75 arifing
1070 729 32 75 in

120 774 54 75 the
195 774 179 75 mountains
399 774 41 75 of
459 774 204 75 Cordeleras,
689 774 72 75 falls
786 774 69 75 into
878 774 58 75 the
959 774 84 75 river
1067 774 41 75 of

123 820 55 75 the
191 820 177 75 Amazons.

66 867 223 75 AGUBER,
314 867 18 75 a
348 867 84 75 river
449 867 39 75 of
500 867 126 75 Africa,
651 867 32 75 in
708 867 56 75 the
786 867 154 75 kingdom
961 867 41 75 of
1020 867 79 75 Fez,

122 912 103 75 which
241 912 80 75 lofes
334 912 88 75 itfelf
440 912 32 75 in
485 912 55 75 the
556 912 118 75 Beber.
724 912 61 75 See
803 912 141 75 Beber.

74 958 150 75 AGUE,
250 958 19 75 a
269 940 9 49 x
278 958 134 75 general
435 958 90 75 name
549 958 51 75 for
624 958 43 75 all
689 958 93 75 kipds
805 958 40 75 of
863 958 172 75 periodical
1052 958 48 75 fe-

119 1004 85 75 vers.
254 1004 61 75 See
331 1004 220 75 Medicine,
576 1004 84 75 title.
686 1004 54 75 Of
752 1004 100 75 agues
872 1004 36 75 or
933 1004 166 75 intermit-

121 1050 68 75 tent
191 1050 29 75 s.

72 1097 213 75 AGUE-/r?r,
309 1097 32 75 in
358 1097 132 75 botany.
540 1097 62 75 See
625 1097 227 75 Sassafras.

72 1143 305 75 AGUEPER.SE,
403 1143 18 75 a
436 1143 87 75 town
539 1143 41 75 of
598 1143 133 75 France,
758 1143 133 75 fituated
907 1143 32 75 in
955 1143 56 75 the
1027 1143 71 75 Ly-

119 1188 124 75 onnois,
269 1188 96 75 about
381 1188 110 75 fifteen
509 1188 92 75 miles
619 1188 94 75 north
731 1188 40 75 of
789 1188 180 75 Clermont.

72 1235 184 75 AGUER,
283 1235 54 75 the
353 1235 91 75 name
461 1235 40 75 of
521 1235 220 75 Santa-croix,
767 1235 111 75 before
902 1235 25 75 it
948 1235 58 75 fell
1029 1235 68 75 into

121 1280 55 75 the
191 1280 100 75 hands
306 1280 39 75 of
363 1280 56 75 the
436 1280 206 75 Portuguefe.

73 1326 241 75 AGUGLIA,
340 1326 18 75 a
374 1326 90 75 name
480 1326 77 75 ufed
572 1326 43 75 by
631 1326 91 75 fome.
733 1326 163 75 travellers
922 1326 52 75 for
990 1326 56 75 the
1062 1326 36 75 o-

105 1372 2 75 .
121 1372 113 75 belilks
252 1372 39 75 of
310 1372 123 75 Egypt.
483 1372 61 75 See
561 1372 191 75 Obelisk.

74 1419 243 75 AGUIGAN,
336 1419 59 75 one
413 1419 39 75 of
474 1419 56 75 the
544 1419 130 75 Marian
694 1419 126 75 iflands.
863 1419 233 75 SccMarian

122 1465 129 75 ijlands.

59 1511 251 75 •AGUILAR,
337 1511 18 75 a
379 1511 86 75 town
489 1511 40 75 of
549 1511 110 75 Spain,
684 1511 32 75 in
732 1511 54 75 the
805 1511 151 75 province
972 1511 40 75 of
1030 1511 69 75 Na-

123 1557 100 75 varre,
250 1557 96 75 about
363 1557 210 75 twenty-four
591 1557 89 75 miles
697 1557 75 75 weft
788 1557 40 75 of
847 1557 132 75 Eftella.

74 1603 185 75 Aguilar
279 1603 71 75 Del
362 1603 127 75 Campo,
515 1603 18 75 a
550 1603 86 75 town
649 1603 40 75 of
708 1603 69 75 Old
793 1603 130 75 Caftile,
949 1603 78 75 with
1045 1603 55 75 the

122 1649 71 75 title
209 1649 39 75 of
266 1649 203 75 marquifate,
496 1649 97 75 about
609 1649 109 75 fifteen
734 1649 127 75 leagues
878 1649 96 75 north
989 1649 41 75 of
1044 1649 56 75 the

123 1692 65 75 city
200 1692 40 75 of
255 1692 140 75 Burgos.

75 1739 152 75 AGUE,
252 1739 33 75 in
301 1739 131 75 botany,
459 1739 18 75 a
492 1739 162 75 fynonime
671 1739 40 75 of
730 1739 54 75 the
800 1739 200 75 hedyfarum.
1038 1739 62 75 See

123 1784 112 75 Hedy
245 1784 143 75 sarum.

74 1832 220 75 AGURAH,
319 1832 32 75 in
372 1832 114 75 Jewifh
508 1832 171 75 antiquity,
706 1832 55 75 the
784 1832 91 75 name
902 1832 41 75 of
964 1832 20 75 a
1006 1832 91 75 filver

121 1876 81 75 coin,
228 1876 168 75 otherwife
412 1876 102 75 called
527 1876 113 75 gerah,
667 1876 63 75 and
745 1876 135 75 kejhita.

76 1923 290 75 AGURANDE,
408 1923 18 75 a
457 1923 140 75 fortified
624 1923 86 75 town
746 1923 40 75 of
815 1923 134 75 France,
982 1923 32 75 in
1041 1923 55 75 the

119 1968 135 75 country
269 1968 40 75 of
327 1968 117 75 Berry,
471 1968 96 75 about
583 1968 72 75 four
674 1968 126 75 leagues
816 1968 93 75 fouth
931 1968 41 75 of
992 1968 103 75 Char-

121 2014 75 75 tres.

71 2062 319 75 AGUSADURA,
414 2062 204 75 Agusage,
642 2062 104 75 incur
762 2062 55 75 old
833 2062 146 75 cuftoms,
997 2062 99 75 acer-

119 2106 64 75 tain
202 2106 51 75 fee
269 2106 74 75 paid
357 2106 44 75 by
416 2106 110 75 vafials
542 2106 34 75 to
598 2106 84 75 their
696 2106 85 75 lord,
805 2106 53 75 for
881 2106 54 75 the
950 2106 145 75 Iharpen-

119 2151 54 75 ing
188 2151 40 75 of
247 2151 83 75 their
341 2151 254 75 plough-tackle.

71 2198 170 75 AGUTI,
267 2198 31 75 in
321 2198 150 75 zoology,
496 2198 56 75 the
575 2198 106 75 trivial
704 2198 90 75 name
819 2198 40 75 of
878 2198 19 75 a
919 2198 117 75 fpecies
1060 2198 41 75 of

119 2244 54 75 the
189 2244 120 75 moufe,
333 2244 170 75 belonging
523 2244 34 75 to
574 2244 59 75 the
645 2244 179 75 mammalia
843 2244 94 75 glires
954 2244 41 75 of
1013 2244 80 75 Lin-

118 2290 96 75 nams.
264 2290 61 75 See
341 2290 103 75 Mus.

70 2339 353 75 AGUTI-GUEPA,
448 2339 31 75 in
496 2339 132 75 botany.
679 2339 60 75 See
757 2339 299 75 Sagittarium.

70 2384 296 75 Aguti-treva,
384 2384 32 75 in
429 2384 132 75 botany,
578 2384 19 75 a
608 2384 172 75 barbarous
792 2384 92 75 name
901 2384 38 75 of
951 2384 141 75 afpecies

117 2426 39 75 of
175 2426 56 75 the
243 2426 110 75 citrus.
403 2426 61 75 See
481 2426 166 75 Citrus.

69 2476 437 75 AGUTIGVEPO-OBI,
532 2476 32 75 in
587 2476 131 75 botany,
751 2476 18 75 a
791 2476 162 75 fynonime
976 2476 40 75 of
1037 2476 56 75 the

114 2520 111 75 thalia.
275 2520 61 75 See
351 2520 173 75 Thalia.

67 2566 148 75 AGUZ,
241 2566 18 75 a
283 2566 84 75 river
390 2566 41 75 of
447 2566 127 75 Africa,
599 2566 32 75 in
655 2566 55 75 the
726 2566 118 75 empire
860 2566 40 75 of
918 2566 171 75 Morocco,

114 2611 61 75 and
190 2611 149 75 province
351 2611 40 75 of
409 2611 166 75 Duquela.

67 2658 235 75 AGWANA,
340 2658 19 75 a
382 2658 151 75 kingdom
559 2658 40 75 of
617 2658 125 75 Africa,
778 2658 85 75 upon
889 2658 54 75 the
972 2658 118 75 golden

114 2702 93 75 coaft,
231 2702 89 75 lying
335 2702 200 75 northwards
552 2702 40 75 of
603 2702 204 75 Aquemboe.

67 2749 164 75 AGYEI,
257 2749 32 75 in
306 2749 171 75 antiquity,
503 2749 17 75 a
536 2749 77 75 kind
630 2749 39 75 of
687 2749 145 75 obehlks,
857 2749 109 75 facred
988 2749 34 75 to
1039 2749 49 75 A-

112 2794 99 75 pollo,
237 2794 125 75 erected
384 2794 32 75 in
444 2794 56 75 the
525 2794 144 75 veftibles
692 2794 40 75 of
749 2794 129 75 houfes,
906 2794 43 75 by
966 2794 71 75 way
1053 2794 40 75 of

114 2840 147 75 fecurity.

66 2889 254 75 AGYNIANI,
345 2889 31 75 in
393 2889 266 75 church-hiftory,
685 2889 18 75 a
724 2889 62 75 fed
802 2889 40 75 of
858 2889 137 75 heretics
1011 2889 75 75 who

114 2935 195 75 condemned
324 2935 42 75 all
384 2935 103 75 carnal
505 2935 174 75 commerce
696 2935 81 75 with
793 2935 137 75 women.

1178 107 19 75 )

1551 107 218 75 AID

1155 175 230 75 AGYRTdE,
1410 175 31 75 in
1466 175 142 75 Grecian
1632 175 171 75 antiquity,
1837 175 19 75 a
1877 175 79 75 kind
1979 175 40 75 of
2041 175 142 75 ftrolling

1202 221 195 75 vagabonds,
1423 221 57 75 not
1496 221 107 75 unlike
1619 221 60 75 our
1694 221 132 75 modern
1842 221 134 75 gypfies.

1154 268 300 75 AHdETULLA,
1481 268 56 75 the
1553 268 106 75 trivial
1671 268 91 75 name
1779 268 40 75 of
1838 268 19 75 a
1872 268 116 75 fpecies
2005 268 40 75 of
2056 268 55 75 the
2127 268 54 75 co-

1201 313 102 75 luber,
1329 313 170 75 belonging
1515 313 35 75 to
1572 313 56 75 the
1651 313 95 75 order
1770 313 40 75 of
1829 313 159 75 amphibia
2009 313 171 75 ferpentos.

1202 359 60 75 See
1280 359 198 75 Coluber.

1153 406 254 75 AHALOTH.
1457 406 61 75 See
1534 406 270 75 Xylo-aloes.

1153 452 272 75 AHANIGER,
1451 452 32 75 in
1500 452 154 75 zoology.
1704 452 62 75 See
1782 452 121 75 Acus.

1152 498 246 75 AHAUSEN,
1423 498 31 75 in
1468 498 195 75 geography,
1681 498 56 75 the
1748 498 83 75 fame
1847 498 79 75 with
1941 498 131 75 Ahuys.
2119 498 62 75 See

1200 544 152 75 Ahuys.

1152 590 314 75 AHICCYATLI,
1491 590 31 75 in
1539 590 152 75 zoology,
1716 590 56 75 the
1784 590 113 75 Indian
1915 590 90 75 name
2022 590 40 75 of
2080 590 18 75 a
2115 590 64 75 fer-

1199 635 75 75 pent
1301 635 187 75 refembling
1511 635 56 75 the
1591 635 219 75 rattle-fnake,
1843 635 77 75 only
1943 635 28 75 it
1994 635 101 75 wants
2122 635 58 75 the

1200 681 124 75 rattles.
1374 681 61 75 See
1448 681 197 75 Coluber.

1153 728 256 75 AHMELLA,
1434 728 32 75 in
1482 728 131 75 botany.
1663 728 62 75 See
1742 728 98 75 Bide
1848 728 55 75 ns.

1152 775 204 75 AHOUAI,
1382 775 33 75 in
1434 775 133 75 botany,
1592 775 19 75 a
1626 775 174 75 fynonime,
1826 775 62 75 and
1905 775 65 75 alfo
1994 775 55 75 the
2073 775 106 75 trivial

1198 820 91 75 name
1301 820 41 75 of
1361 820 18 75 a
1394 820 118 75 fpecies
1524 820 40 75 of
1582 820 55 75 the
1654 820 144 75 cerbera.
1847 820 62 75 See
1926 820 196 75 Cerbera.

1151 867 373 75 AHRENSBOECK,
1550 867 18 75 a
1584 867 130 75 fortrefs
1731 867 40 75 of
1789 867 158 75 Holftein,
1973 867 42 75 on
2028 867 55 75 the
2098 867 81 75 road

1199 912 83 75 from
1299 912 113 75 Lubec
1428 912 35 75 to
1478 912 89 75 Kiel.

1150 959 178 75 AHUAS,
1354 959 19 75 a
1388 959 212 75 confiderable
1623 959 87 75 town
1734 959 63 75 and
1812 959 118 75 diftrid
1946 959 40 75 of
2004 959 117 75 Perlia,
2144 959 34 75 in

1198 1005 55 75 the
1269 1005 150 75 province
1431 1005 41 75 of
1488 1005 181 75 Khureftan
1683 1005 38 75 or
1738 1005 175 75 Chufiftan.

1149 1052 153 75 AHUN,
1328 1052 18 75 a
1362 1052 87 75 town
1471 1052 40 75 of
1530 1052 133 75 France,
1689 1052 34 75 in
1749 1052 56 75 the
1828 1052 115 75 higher
1965 1052 149 75 Marche,
2140 1052 36 75 fi-

1197 1097 109 75 tuated
1322 1097 84 75 upon
1424 1097 54 75 the
1497 1097 82 75 river
1597 1097 132 75 Creufe.

1140 1144 152 75 AHUS,
1318 1144 18 75 a
1351 1144 88 75 town
1455 1144 41 75 of
1514 1144 180 75 Germany,
1718 1144 31 75 in
1767 1144 56 75 the
1835 1144 179 75 bilhoprick
2025 1144 41 75 of
2075 1144 101 75 Mun-

1198 1189 72 75 fter,
1296 1189 115 75 capital
1429 1189 41 75 of
1488 1189 19 75 a
1521 1189 214 75 confiderable
1750 1189 132 75 diftrid.

1148 1237 175 75 AHUYS,
1349 1237 18 75 a
1390 1237 140 75 fea-port
1554 1237 86 75 town
1665 1237 39 75 of
1725 1237 148 75 Sweden,
1898 1237 33 75 in
1955 1237 55 75 the
2027 1237 151 75 province

1195 1283 39 75 of
1248 1283 181 75 Gothland,
1462 1283 134 75 fituated
1609 1283 33 75 in
1660 1283 57 75 32.
1739 1283 55 75 14.
1810 1283 45 75 E.
1872 1283 89 75 long,
1986 1283 63 75 and
2066 1283 56 75 56.
2140 1283 36 75 o.

1196 1329 47 75 N.
1260 1329 59 75 lat.

1149 1376 98 75 AIA,
1272 1376 55 75 the
1343 1376 91 75 name
1451 1376 40 75 of
1509 1376 18 75 a
1542 1376 90 75 fmall
1648 1376 84 75 river
1742 1376 41 75 of
1800 1376 99 75 Italy,
1924 1376 107 75 which
2042 1376 73 75 falls
2127 1376 49 75 in-

1197 1421 35 75 to
1248 1421 55 75 the
1314 1421 116 75 Tiber,
1455 1421 77 75 near
1547 1421 55 75 the
1618 1421 116 75 village
1750 1421 180 75 Magliano.

1150 1467 150 75 AIAIA,
1332 1467 32 75 in
1389 1467 218 75 ornithology,
1639 1467 20 75 a
1685 1467 117 75 fpecies
1831 1467 39 75 of
1896 1467 55 75 the
1975 1467 149 75 platalea,
2158 1467 19 75 a

1196 1514 73 75 bird
1284 1514 40 75 of
1342 1514 55 75 the
1412 1514 96 75 order
1524 1514 39 75 of
1582 1514 121 75 grallae.
1754 1514 61 75 See
1832 1514 224 75 Platalea.

1149 1561 248 75 AJAJOUNI,
1422 1561 56 75 the
1502 1561 91 75 name
1617 1561 91 75 given
1734 1561 44 75 by
1801 1561 56 75 the
1873 1561 111 75 Turks
2002 1561 35 75 to
2054 1561 18 75 a
2088 1561 87 75 town

1197 1606 39 75 of
1255 1606 110 75 Lefler
1380 1606 87 75 Afia,
1492 1606 166 75 otherwife
1675 1606 104 75 called
1796 1606 126 75 Hagia.

1148 1653 33 75 A
1183 1653 104 75 JAN,
1312 1653 37 75 or
1365 1653 59 75 Ay
1430 1653 61 75 an,
1517 1653 55 75 the
1589 1653 91 75 name
1697 1653 40 75 of
1755 1653 19 75 a
1795 1653 87 75 large
1898 1653 158 75 maritime
2073 1653 98 75 coun-

1195 1698 54 75 try
1264 1698 41 75 of
1314 1698 127 75 Africa,
1465 1698 89 75 lying
1575 1698 93 75 fouth
1671 1698 102 75 wards
1798 1698 40 75 of
1856 1698 55 75 the
1928 1698 114 75 mouth
2058 1698 40 75 of
2117 1698 57 75 the

1195 1744 152 75 Red-fea,
1373 1744 55 75 the
1440 1744 120 75 natives
1577 1744 41 75 of
1635 1744 106 75 which
1758 1744 53 75 are
1826 1744 110 75 white.

1147 1791 225 75 AJANTIA,
1397 1791 32 75 in
1446 1791 171 75 antiquity,
1643 1791 39 75 an
1707 1791 113 75 annual
1837 1791 128 75 -feftival
1993 1791 182 75 celebrated

1194 1836 31 75 in
1243 1836 55 75 the
1314 1836 97 75 ifland
1427 1836 40 75 of
1488 1836 135 75 Salamis
1640 1836 32 75 in
1688 1836 126 75 honour
1829 1836 40 75 of
1879 1836 104 75 Ajax.

1147 1885 297 75 AJASALOUE,
1471 1885 55 75 the
1542 1885 133 75 modern
1692 1885 91 75 name
1802 1885 42 75 by
1860 1885 105 75 which
1989 1885 55 75 the
2058 1885 114 75 Turks

1196 1929 58 75 call
1272 1929 158 75 Ephefus.
1465 1929 76 75 _See
1557 1929 190 75 Ephesus.

1147 1976 137 75 AJAX,
1309 1976 32 75 in
1357 1976 143 75 Grecian
1513 1976 171 75 antiquity,
1702 1976 18 75 a
1735 1976 79 75 kind
1830 1976 40 75 of
1881 1976 99 75 dance
1997 1976 174 75 reprefent-

1194 2021 53 75 ing
1264 2021 53 75 the
1333 2021 142 75 madnefs
1492 2021 40 75 of
1543 2021 91 75 Ajax
1646 2021 83 75 after
1740 2021 50 75 his
1806 2021 107 75 defeat
1930 2021 43 75 by
1988 2021 142 75 Ulyfles.

1145 2069 197 75 AJAZZO,
1360 2069 55 75 the
1431 2069 90 75 name
1538 2069 40 75 of
1589 2069 66 75 two
1671 2069 116 75 towns,
1805 2069 60 75 the
1872 2069 60 75 one
1947 2069 34 75 in
1997 2069 56 75 the
2069 2069 100 75 ifland

1193 2113 40 75 of
1245 2113 149 75 Corfica;
1421 2113 62 75 and
1501 2113 54 75 the
1578 2113 94 75 other
1695 2113 32 75 in
1743 2113 111 75 Leffer
1869 2113 87 75 Afia,
1982 2113 98 75 about
2095 2113 75 75 fifty

1192 2160 89 75 miles
1294 2160 73 75 weft
1383 2160 40 75 of
1432 2160 141 75 Aleppo.

1144 2209 480 75 AICHMALOTARCHA.
1675 2209 60 75 See
1749 2209 54 75 the
1820 2209 111 75 article
1946 2209 222 75 AEchmalo-

1195 2253 201 75 tarcha.•

1143 2299 263 75 AICHSTAT,
1432 2299 18 75 a
1466 2299 67 75 city
1548 2299 41 75 of
1600 2299 166 75 Germany
1782 2299 32 75 in
1831 2299 55 75 the
1903 2299 95 75 circle
2015 2299 39 75 of
2066 2299 100 75 Fran-

1191 2345 102 75 conia,
1319 2345 96 75 about
1430 2345 146 75 fourteen
1589 2345 90 75 miles
1695 2345 47 75 N.
1760 2345 61 75 W.
1840 2345 40 75 of
1892 2345 167 75 Ingolftat.

1142 2391 101 75 AID,
1268 2391 31 75 in
1318 2391 17 75 a
1350 2391 127 75 general
1500 2391 97 75 fenfe,
1621 2391 132 75 denotes
1770 2391 61 75 any
1852 2391 78 75 kind
1955 2391 39 75 of
2012 2391 154 75 alfiftance

1189 2436 91 75 given
1297 2436 42 75 by
1355 2436 60 75 one
1431 2436 112 75 perfon
1558 2436 35 75 to
1610 2436 145 75 another.

1141 2482 92 75 Aid,
1259 2482 175 75 ovAyde,
1457 2482 33 75 in
1502 2482 74 75 law,
1592 2482 133 75 denotes
1741 2482 18 75 a
1769 2482 134 75 petition
1919 2482 92 75 made
2027 2482 33 75 in
2072 2482 94 75 court

1189 2528 34 75 to
1240 2528 61 75 call
1321 2528 32 75 in
1369 2528 73 75 help
1458 2528 85 75 from
1556 2528 134 75 another
1705 2528 113 75 perfon
1835 2528 73 75 who
1919 2528 57 75 has
1987 2528 128 75 intereft
2131 2528 34 75 in

1189 2574 86 75 land,
1302 2574 37 75 or
1362 2574 61 75 any
1439 2574 93 75 other
1550 2574 92 75 thing
1658 2574 173 75 contefted.

1140 2621 264 75 Aio-de-campp
1417 2621 33 75 in
1465 2621 141 75 military
1621 2621 122 75 affairs,
1768 2621 39 75 an
1823 2621 110 75 officer
1947 2621 169 75 employed
2127 2621 36 75 to

1188 2667 121 75 receive
1334 2667 63 75 and
1417 2667 92 75 carry
1526 2667 54 75 the
1604 2667 111 75 orders
1732 2667 40 75 of
1783 2667 19 75 a
1817 2667 140 75 general.

1140 2713 212 75 Aio-major,
1379 2713 54 75 the
1449 2713 125 75 French
1590 2713 81 75 term
1688 2713 51 75 for
1755 2713 40 75 an
1811 2713 159 75 adjutant.
2029 2713 61 75 See
2107 2713 56 75 the

1187 2759 108 75 article
1311 2759 229 75 Adjutant.

1138 2805 92 75 Aid,
1254 2805 173 75 auxiliutn,
1460 2805 31 75 in
1509 2805 123 75 ancient
1650 2805 148 75 cuftoms,
1823 2805 18 75 a
1868 2805 125 75 fubfidy
2017 2805 74 75 paid
2117 2805 44 75 by

1184 2852 108 75 vaffals
1309 2852 35 75 to
1360 2852 83 75 their
1458 2852 73 75 lord
1547 2852 41 75 on
1604 2852 118 75 certain
1739 2852 171 75 occafions.

1232 2898 85 75 Such
1334 2898 84 75 were
1434 2898 55 75 the
1506 2898 52 75 aid
1574 2898 39 75 of
1624 2898 104 75 relief,
1753 2898 73 75 paid
1837 2898 85 75 upon
1939 2898 55 75 the
2011 2898 95 75 death
2123 2898 42 75 of

1183 2944 54 75 the
1255 2944 93 75 Lord
1363 2944 113 75 Mefne
1501 2944 34 75 to
1559 2944 50 75 his
1633 2944 92 75 heir;
1752 2944 54 75 the
1829 2944 61 75 a;d
1902 2944 123 75 che-ja!,
2050 2944 38 75 or
2105 2944 52 75 ca-

2080 2998 79 75 pital
