2397 3387
508 156 238 75 BON

1065 156 19 75 (
1143 156 79 75 581
1286 156 18 75 )

1608 156 242 75 BOO

121 228 151 75 BOND,
298 228 31 75 in
344 228 93 75 Scots
454 228 73 75 law,
554 228 19 75 a
588 228 116 75 formal
721 228 127 75 writing
865 228 43 75 by
923 228 106 75 which
1047 228 18 75 a
1080 228 72 75 per-

169 273 53 75 fon
239 273 94 75 binds
349 273 131 75 himfelf
492 273 34 75 to
539 273 63 75 pay
617 273 19 75 a
652 273 120 75 certain
789 273 67 75 fum
868 273 39 75 of
919 273 116 75 money
1050 273 34 75 to
1098 273 54 75 an-

168 319 105 75 other,
299 319 37 75 or
363 319 35 75 to
415 319 141 75 perform
572 319 19 75 a
607 319 119 75 certain
742 319 94 75 deed,
861 319 100 75 under
973 319 18 75 a
1011 319 140 75 penalty.

168 365 111 75 Bonds
295 365 172 75 refpe&ing
485 365 116 75 money
618 365 53 75 are
687 365 131 75 divided
834 365 68 75 into
918 365 155 75 heritable
1090 365 63 75 and

167 412 178 75 moveable.
395 412 62 75 See
485 412 105 75 Law,
617 412 52 75 tit.
700 412 177 75 Heritable
898 412 70 75 and
992 412 161 75 moveable

169 459 118 75 rights.

121 505 126 75 Bond,
280 505 31 75 in
336 505 182 75 carpentry,
551 505 19 75 a
592 505 82 75 term
690 505 115 75 among
822 505 185 75 workmen;
1041 505 47 75 as,
1114 505 36 75 to

167 552 92 75 make
275 552 86 75 good
378 552 98 75 bond,
501 552 108 75 means
631 552 69 75 that
717 552 77 75 they
816 552 112 75 Ihould
955 552 97 75 fallen
1081 552 67 75 two

167 597 36 75 or
226 597 89 75 more
341 597 106 75 pieces
471 597 162 75 together,
658 597 103 75 either
788 597 44 75 by
854 597 176 75 tenanting,
1063 597 86 75 mor-

167 644 103 75 tiling,
297 644 37 75 or
349 644 209 75 dovetailing,
585 644 64 75 <&c.

120 690 255 75 BONDAGE,
401 690 149 75 properly
566 690 131 75 fignifies
725 690 56 75 the
797 690 82 75 fame
896 690 78 75 with
1004 690 120 75 llavery
1138 690 10 75 ;

168 737 70 75 but,
263 737 32 75 in
311 737 56 75 old
382 737 192 75 law-books,
592 737 26 75 is
635 737 76 75 ufed
728 737 51 75 for
790 737 168 75 villenage.
984 737 167 75 SeeViL-

172 782 166 75 LENAGE.

121 831 279 75 BOND-MAN,
425 831 56 75 the
498 831 81 75 fame
591 831 79 75 with
684 831 118 75 villain.
853 831 62 75 See
927 831 188 75 Villain.

121 875 255 75 BONDOUR,
402 875 19 75 a
437 875 67 75 city
515 875 40 75 of
565 875 134 75 Natolia
714 875 33 75 in
763 875 88 75 Afia.

122 922 217 75 BONDUC,
364 922 32 75 in
413 922 131 75 botany,
570 922 55 75 the
650 922 105 75 trivial
772 922 91 75 name
879 922 40 75 of
935 922 19 75 a
976 922 118 75 fpecies
1118 922 40 75 of

169 967 191 75 guilandria.
410 967 61 75 See
488 967 276 75 Guilandria.

119 1015 145 75 BONE,
289 1015 33 75 in
339 1015 163 75 anatomy.
552 1015 61 75 See
638 1015 79 75 Part
740 1015 31 75 I.

120 1059 213 75 Bone-ace,
359 1059 39 75 an
423 1059 72 75 eafy
515 1059 58 75 but
596 1059 119 75 licking
737 1059 91 75 game
845 1059 32 75 at
904 1059 106 75 cards,
1035 1059 117 75 played

168 1106 74 75 thus
258 1106 8 75 :
285 1106 78 75 The
374 1106 108 75 dealer
497 1106 88 75 deals
602 1106 57 75 out
670 1106 67 75 two
748 1106 92 75 cards
853 1106 35 75 to
904 1106 55 75 the
976 1106 64 75 firll
1051 1106 98 75 hand,

168 1152 62 75 and
257 1152 89 75 turns
376 1152 41 75 up
435 1152 55 75 the
519 1152 100 75 third,
645 1152 62 75 and
733 1152 35 75 fo
795 1152 43 75 on
866 1152 140 75 through
1035 1152 42 75 all
1094 1152 56 75 the

168 1199 136 75 players,
323 1199 75 75 who
415 1199 73 75 may
511 1199 39 75 be
567 1199 105 75 feven,
701 1199 101 75 eight,
820 1199 38 75 or
874 1199 34 75 as
931 1199 94 75 many
1041 1199 34 75 as
1095 1199 56 75 the

167 1244 91 75 cards
270 1244 67 75 will
354 1244 114 75 permit
484 1244 9 75 ;
520 1244 40 75 he
577 1244 69 75 that
663 1244 58 75 has
739 1244 54 75 the
809 1244 122 75 higheft
943 1244 77 75 card
1036 1244 116 75 turned

167 1291 42 75 up
225 1291 35 75 to
285 1291 79 75 him,
389 1291 116 75 carries
531 1291 55 75 the
603 1291 94 75 bone,
722 1291 71 75 that
809 1291 39 75 is,
873 1291 61 75 one
950 1291 74 75 half
1035 1291 41 75 of
1094 1291 58 75 the

136 1338 8 75 •
166 1338 98 75 Hake,
290 1338 55 75 the
372 1338 94 75 other
483 1338 173 75 remaining
672 1338 35 75 to
731 1338 39 75 be
787 1338 116 75 played
919 1338 72 75 for:
1030 1338 120 75 Again,

167 1383 31 75 if
210 1383 90 75 there
316 1383 40 75 be
372 1383 91 75 three
480 1383 105 75 kings,
611 1383 91 75 three
718 1383 133 75 queens,
876 1383 90 75 three
983 1383 82 75 tens,
1085 1383 65 75 be.

167 1429 116 75 turned
296 1429 53 75 up,
371 1429 55 75 the
439 1429 97 75 eldell
552 1429 85 75 hand
649 1429 78 75 wins
744 1429 54 75 the
814 1429 104 75 bone:
945 1429 67 75 But
1029 1429 26 75 it
1071 1429 27 75 is
1115 1429 37 75 to

168 1478 40 75 be
224 1478 165 75 obferved,
407 1478 71 75 that
493 1478 56 75 the
561 1478 56 75 ace
630 1478 40 75 of
679 1478 166 75 diamonds
862 1478 27 75 is
905 1478 166 75 bone-ace,
1089 1478 63 75 and

170 1523 78 75 wins
276 1523 43 75 all
340 1523 93 75 other
460 1523 92 75 cards
569 1523 174 75 whatever.
791 1523 95 75 Thus
915 1523 95 75 much
1027 1523 52 75 for
1095 1523 56 75 the

170 1569 83 75 bone
266 1569 9 75 ;
294 1569 63 75 and
373 1569 34 75 as
424 1569 52 75 for
492 1569 55 75 the
564 1569 93 75 other
671 1569 75 75 half
757 1569 41 75 of
808 1569 55 75 the
879 1569 97 75 flake,
994 1569 55 75 the
1062 1569 89 75 near-

169 1615 43 75 ell
229 1615 35 75 to
289 1615 180 75 thirty-one
496 1615 77 75 wins
598 1615 47 75 it;
683 1615 62 75 and
768 1615 40 75 he
836 1615 71 75 that
927 1615 90 75 turns
1044 1615 42 75 up
1115 1615 37 75 or

168 1661 103 75 draws
289 1661 192 75 thirty-one,
499 1661 78 75 wins
594 1661 25 75 it
631 1661 228 75 immediately.

120 1707 416 75 BON-ESPERANCE,
554 1707 57 75 the
623 1707 82 75 fame
718 1707 78 75 with
813 1707 56 75 the
882 1707 89 75 Cape
983 1707 41 75 of
1035 1707 116 75 Good-

170 1753 93 75 hope.
307 1753 61 75 See
384 1753 251 75 Good-hope.

120 1800 186 75 BONGO,
331 1800 38 75 or
384 1800 152 75 Bunco,
562 1800 54 75 the
635 1800 115 75 capital
771 1800 40 75 of
822 1800 60 75 one
908 1800 40 75 of
959 1800 55 75 the
1037 1800 114 75 illands

168 1846 40 75 of
219 1846 115 75 Japan,
360 1846 35 75 to
418 1846 105 75 which
540 1846 27 75 it
582 1846 87 75 gives
691 1846 114 75 name;
840 1846 32 75 in
895 1846 61 75 132
956 1828 23 49 0
997 1846 44 75 E.
1059 1846 90 75 long,

167 1893 63 75 and
241 1893 41 75 32
282 1875 24 49 0
317 1893 44 75 30
361 1875 11 49 r
383 1893 113 75 N.lat.
523 1893 32 75 It
565 1893 26 75 is
604 1893 17 75 a
633 1893 51 75 fea
701 1893 74 75 pqrt
787 1893 99 75 town,
898 1893 131 75 fituated
1042 1893 41 75 on
1096 1893 55 75 the

168 1939 61 75 call
246 1939 63 75 fide
321 1939 41 75 of
382 1939 56 75 the
453 1939 110 75 illand,
589 1939 138 75 oppofite
744 1939 34 75 to
795 1939 55 75 the
866 1939 98 75 ifland
975 1939 40 75 of
1025 1939 125 75 Tonfa,

166 1986 83 75 from
266 1986 105 75 which
389 1986 25 75 it
430 1986 26 75 is
473 1986 163 75 feparated
652 1986 43 75 by
707 1986 18 75 a
741 1986 126 75 narrow
883 1986 147 75 channel.

119 2033 278 75 BONIFACIO,
422 2033 33 75 in
478 2033 194 75 geography,
698 2033 19 75 a
743 2033 177 75 port-town
944 2033 40 75 of
1006 2033 142 75 Corfica,

167 2077 132 75 fituated
318 2077 32 75 at
365 2077 42 75 its
432 2077 91 75 fquth
541 2077 74 75 end,
641 2077 32 75 in
691 2077 21 75 9
712 2059 22 49 0
754 2077 45 75 20
826 2077 43 75 E.
887 2077 89 75 long,
1002 2077 62 75 and
1081 2077 40 75 41
1121 2059 26 49 0

169 2125 56 75 20'
242 2125 48 75 N.
308 2125 58 75 lat.
416 2125 33 75 It;
464 2125 26 75 is
508 2125 60 75 one
591 2125 40 75 of
643 2125 54 75 the
714 2125 66 75 bell
797 2125 103 75 towns
918 2125 31 75 in
967 2125 54 75 the
1045 2125 106 75 whole

168 2168 109 75 illand,
303 2168 61 75 and
381 2168 87 75 gives
485 2168 91 75 name
593 2168 35 75 to
644 2168 56 75 the
716 2168 132 75 llreight
863 2168 144 75 between
1020 2168 131 75 Corfica

169 2215 61 75 and
248 2215 160 75 Sardinia.

119 2263 144 75 BONIS
282 2263 61 75 non
360 2263 195 75 amovendis,
582 2263 31 75 in
630 2263 73 75 law,
729 2263 26 75 is
768 2263 19 75 a
799 2263 72 75 writ
887 2263 141 75 directed
1044 2263 35 75 to
1095 2263 56 75 the

167 2308 122 75 Iheriffs
306 2308 40 75 of
357 2308 152 75 London,
528 2308 64 75 be.
617 2308 153 75 charging
786 2308 102 75 them,
906 2308 69 75 that
991 2308 18 75 a
1025 2308 124 75 perfon,

165 2354 120 75 againll
300 2354 107 75 whom
421 2354 171 75 judgment
608 2354 26 75 is
651 2354 163 75 obtained,
840 2354 62 75 and
919 2354 200 75 profecuting
1134 2354 19 75 a

166 2402 72 75 writ
256 2402 39 75 of
305 2402 102 75 error,
427 2402 45 75 he
488 2402 57 75 not
561 2402 137 75 fuffered
710 2402 34 75 to
762 2402 127 75 remove
904 2402 51 75 his
975 2402 101 75 goods
1093 2402 58 75 un-

166 2448 36 75 til
220 2448 55 75 the
292 2448 88 75 error
395 2448 28 75 is
439 2448 210 75 determined.

119 2493 216 75 BONNET,
361 2493 31 75 in
410 2493 18 75 a
445 2493 126 75 general
596 2493 96 75 fenfe,
717 2493 133 75 denotes
867 2493 18 75 a
901 2493 95 75 cover
1018 2493 51 75 for
1096 2493 56 75 the

167 2539 94 75 head,
286 2539 31 75 in
335 2539 146 75 common
497 2539 52 75 ufe
566 2539 111 75 before
696 2539 55 75 the
775 2539 213 75 introdu’dlion
1014 2539 39 75 of
1065 2539 85 75 hats.

167 2585 61 75 See
249 2585 101 75 Hat.

214 2631 142 75 Bonnets
373 2631 52 75 are
442 2631 60 75 llill
519 2631 76 75 ufed
610 2631 32 75 in
666 2631 94 75 many
776 2631 86 75 parts
880 2631 39 75 of
932 2631 169 75 Scotland.

118 2678 169 75 Bonnet,
321 2678 32 75 in
381 2678 220 75 fortification,
637 2678 18 75 a
679 2678 88 75 fmall
793 2678 101 75 work,
928 2678 177 75 confiding•
1115 2678 41 75 of

165 2724 65 75 two
246 2724 98 75 faces,
369 2724 117 75 having
513 2724 78 75 only
611 2724 19 75 a
652 2724 131 75 parapet
802 2724 80 75 with
906 2724 65 75 two
999 2724 83 75 rows
1115 2724 40 75 of

164 2771 187 75 palifadoes,
377 2771 40 75 of
427 2771 99 75 about
542 2771 53 75 ten
612 2771 37 75 or
667 2771 114 75 twelve
796 2771 66 75 feet
884 2771 137 75 dillance
1036 2771 10 75 :
1073 2771 32 75 It
1122 2771 26 75 is

165 2816 161 75 generally
343 2816 101 75 raifed
468 2816 110 75 before
598 2816 56 75 the
673 2816 111 75 lalfant
804 2816 92 75 angle
921 2816 39 75 of
977 2816 56 75 the
1051 2816 96 75 coun-

163 2862 151 75 terfearp,
339 2862 61 75 and
426 2862 55 75 has
500 2862 17 75 a
534 2862 266 75 communication
825 2862 78 75 with
929 2862 54 75 the
1011 2862 137 75 covered

163 2908 83 75 way,
271 2908 43 75 by
341 2908 19 75 a
386 2908 112 75 trench
521 2908 54 75 cut
592 2908 139 75 through
748 2908 55 75 the
820 2908 111 75 glacis,
957 2908 61 75 and
1036 2908 110 75 palifa-

164 2955 75 75 does
257 2955 41 75 on
316 2955 75 75 each
409 2955 72 75 fide.

116 3001 159 75 Bonnet
293 3001 19 75 a
325 3001 124 75 pretre,
467 3001 38 75 or
522 3001 136 75 Priejl's
675 3001 177 75 Bonnet,
873 3001 35 75 in
924 3001 220 75 fortification,

166 3048 97 75 Vol.
292 3048 27 75 I.
369 3048 70 75 No.
459 3048 56 75 25.

1030 3048 17 75 3

1251 219 26 75 is
1295 219 39 75 an
1362 219 176 75 out-work,
1563 219 117 75 having
1703 219 32 75 at
1760 219 55 75 the
1837 219 83 75 head
1944 219 90 75 three
2054 219 109 75 faliant
2180 219 55 75 an-

1251 265 80 75 gles,
1349 265 61 75 and
1431 265 65 75 two
1513 265 150 75 inwards.
1697 265 32 75 It
1751 265 111 75 differs
1879 265 83 75 from
1981 265 54 75 the
2052 265 117 75 double
2184 265 49 75 te-

1251 312 93 75 nable
1364 312 76 75 only
1455 312 32 75 in
1504 312 78 75 this,
1607 312 70 75 that
1694 312 42 75 its
1752 312 93 75 fides,
1870 312 117 75 inllead
2004 312 41 75 of
2056 312 95 75 being
2177 312 56 75 pa-

1251 358 101 75 rallel,
1378 358 53 75 are
1447 358 64 75 like
1527 358 56 75 the
1609 358 97 75 queve
1729 358 31 75 d'
1760 358 123 75 aronde
1906 358 37 75 or
1970 358 167 75 fwallcw’s
2163 358 69 75 tail,

1250 404 68 75 that
1341 404 40 75 is,
1414 404 192 75 narrowing,
1640 404 37 75 or
1705 404 142 75 drawing
1875 404 82 75 clofe
1981 404 32 75 at
2040 404 56 75 the
2121 404 110 75 gorge,

1248 451 61 75 and
1321 451 137 75 opening
1474 451 32 75 at
1523 451 54 75 the
1594 451 94 75 head.

1202 497 176 75 Bonnet,
1403 497 32 75 in
1463 497 54 75 the
1534 497 233 75 fea-language,
1793 497 133 75 denotes
1942 497 39 75 an
1998 497 143 75 addition
2158 497 35 75 to
2214 497 18 75 a

1247 544 78 75 fail:
1351 544 95 75 Thus
1464 544 78 75 they
1557 544 65 75 fay,
1647 544 71 75 lace
1734 544 38 75 on
1789 544 53 75 the
1858 544 127 75 bonnet,
2011 544 37 75 or
2064 544 104 75 Jhake
2190 544 51 75 ojf

1249 590 51 75 the
1319 590 124 75 bonnet.

1200 636 332 75 BONNEVILLE,
1566 636 19 75 a
1608 636 87 75 town
1721 636 41 75 of
1784 636 120 75 Savoy,
1936 636 134 75 fituated
2105 636 41 75 oft
2176 636 55 75 the

1247 682 95 75 north
1360 682 63 75 fide
1440 682 40 75 of
1492 682 55 75 the
1560 682 84 75 river
1652 682 101 75 Arve,
1771 682 98 75 about
1882 682 121 75 twenty
2015 682 90 75 miles
2122 682 108 75 fputh-

1245 729 64 75 eall
1333 729 40 75 of
1390 729 147 75 Geneva,
1568 729 32 75 in
1621 729 44 75 6°
1693 729 40 75 io
1733 711 11 49 /
1760 729 44 75 E.
1830 729 89 75 long,
1945 729 62 75 and
2028 729 62 75 46°
2113 729 39 75 iS
2152 711 13 49 7
2180 729 48 75 N.

1246 776 57 75 lat.

1199 823 179 75 BONNY,
1405 823 115 75 among
1546 823 130 75 miners,
1702 823 19 75 a
1748 823 62 75 bed
1837 823 41 75 of
1891 823 67 75 ore,
1983 823 149 75 differing
2154 823 77 75 only

1247 869 84 75 from
1358 869 18 75 a
1395 869 93 75 fquat
1516 869 33 75 as
1577 869 96 75 being
1695 869 116 75 round,
1838 869 141 75 whereas
2004 869 55 75 the
2087 869 92 75 fquat
2203 869 28 75 is

1246 915 68 75 flat.
1364 915 61 75 See
1449 915 145 75 Squat.

1199 962 271 75 BONONIAN.
1522 962 298 75 SeeBoLONiAN.

1200 1009 380 75 BONOS-AYERES.
1631 1009 60 75 See
1716 1009 314 75 Buenos-ayres.

1200 1055 199 75 BONTIA,
1425 1055 31 75 in
1473 1055 132 75 botany,
1630 1055 20 75 a
1669 1055 97 75 genus
1789 1055 41 75 of
1850 1055 54 75 the
1921 1055 183 75 didynamia
2120 1055 109 75 angio-

1246 1101 132 75 fpermia
1394 1101 97 75 clafs^
1549 1101 75 75 The
1652 1101 86 75 calix
1754 1101 26 75 is
1797 1101 128 75 divided
1941 1101 68 75 into
2026 1101 59 75 five
2101 1101 102 75 pieces
2215 1101 12 75 ;

1246 1147 55 75 the
1317 1147 125 75 corolla
1457 1147 27 75 is
1500 1147 184 75 bilabiated,
1709 1147 79 75 with
1804 1147 55 75 the
1882 1147 141 75 fuperior
2049 1147 120 75 labium
2196 1147 33 75 e-

1247 1194 210 75 marginated,
1483 1194 62 75 and
1562 1194 55 75 the
1633 1194 132 75 inferior
1780 1194 124 75 confills
1921 1194 41 75 of
1973 1194 89 75 three
2078 1194 153 75 deep-cut

1247 1241 175 75 fegments;
1450 1241 55 75 the
1522 1241 106 75 berry,
1654 1241 106 75 which
1787 1241 26 75 is
1834 1241 41 75 of
1898 1241 55 75 the
1969 1241 100 75 drupa
2087 1241 89 75 kind,
2201 1241 28 75 is

1247 1288 83 75 oval,
1356 1288 130 75 oblique
1503 1288 33 75 at
1550 1288 53 75 the
1616 1288 95 75 apex,
1730 1288 62 75 and
1808 1288 142 75 contains
1963 1288 58 75 but
2033 1288 61 75 one
2110 1288 120 75 plaited

1246 1334 84 75 feed.
1379 1334 86 75 The*
1477 1334 117 75 fpecies
1612 1334 53 75 are
1682 1334 77 75 two,
1785 1334 71 75 viz.
1879 1334 58 75 the
1953 1334 195 75 dapbnoides
2167 1334 64 75 and

1246 1379 55 75 the
1319 1379 187 75 germinata,
1531 1379 79 75 both
1628 1379 120 75 natives
1765 1379 40 75 of
1816 1379 57 75 the
1889 1379 120 75 Indies.

1199 1426 202 75 BONZES,
1426 1426 113 75 Indian
1560 1426 122 75 priells,
1707 1426 87 75 who,
1819 1426 32 75 in
1879 1426 96 75 order
1998 1426 35 75 to
2049 1426 181 75 dillinguifh

1246 1472 187 75 themfelves
1451 1472 83 75 from
1551 1472 54 75 the
1622 1472 91 75 laity,
1739 1472 84 75 wear
1841 1472 18 75 a
1875 1472 126 75 chaplet
2018 1472 103 75 round
2145 1472 86 75 their

1245 1518 109 75 necks,
1386 1518 163 75 confifling
1571 1518 40 75 of
1627 1518 39 75 an
1694 1518 146 75 hundred
1865 1518 111 75 beads,
2002 1518 62 75 knd
2092 1518 92 75 carry
2211 1518 19 75 a

1245 1565 82 75 Ilaff,
1353 1565 33 75 ?.t
1409 1565 55 75 the
1481 1565 61 75 end
1558 1565 38 75 of
1617 1565 104 75 which
1746 1565 26 75 is
1798 1565 19 75 a
1836 1565 134 75 wooden
1996 1565 86 75 bird.
2130 1565 101 75 They

1245 1612 63 75 live
1331 1612 84 75 upon
1441 1612 54 75 the
1524 1612 78 75 alms
1630 1612 40 75 of
1692 1612 55 75 the
1772 1612 124 75 people,
1922 1612 62 75 and
2011 1612 55 75 yet
2083 1612 52 75 are
2151 1612 79 75 very

1245 1662 180 75 charitably
1440 1662 155 75 difpofed,
1620 1662 206 75 maintaining
1854 1662 117 75 feveral
1998 1662 140 75 orphans
2166 1662 63 75 and

1245 1705 131 75 widows
1405 1705 57 75 out
1490 1705 40 75 of
1553 1705 84 75 their
1653 1705 72 75 own
1743 1705 195 75 colledlions.
1986 1705 75 75 The
2077 1705 151 75 Tonqui-

1245 1752 71 75 nefe
1332 1752 80 75 have
1426 1752 18 75 a
1460 1752 116 75 pagod,
1601 1752 38 75 or
1654 1752 131 75 temple,
1810 1752 31 75 in
1858 1752 77 75 each
1953 1752 99 75 town,
2078 1752 61 75 and
2156 1752 72 75 eve-

1244 1798 37 75 ry
1298 1798 104 75 pagod
1417 1798 57 75 has
1491 1798 33 75 at
1541 1798 74 75 leafl
1631 1798 65 75 two
1712 1798 120 75 bonzes
1849 1798 171 75 belonging
2032 1798 34 75 to
2078 1798 46 75 it;
2144 1798 86 75 fame

1243 1845 80 75 have
1340 1845 103 75 thirty
1458 1845 38 75 or
1511 1845 101 75 forty.
1660 1845 76 75 The
1753 1845 119 75 bonzes
1902 1845 40 75 of
1964 1845 106 75 China
2096 1845 53 75 are
2168 1845 61 75 .the

1244 1891 109 75 priefls
1385 1891 40 75 of
1453 1891 55 75 the
1541 1891 137 75 Fohifls,
1703 1891 38 75 or
1762 1891 78 75 fedts
1863 1891 41 75 of
1923 1891 106 75 Fohi;
2069 1891 73 75 and.
2151 1891 28 75 it
2201 1891 27 75 is

1244 1938 60 75 one
1320 1938 42 75 of
1373 1938 84 75 their
1479 1938 185 75 eftablilhed
1680 1938 115 75 tenets,
1821 1938 70 75 that
1908 1938 91 75 there
2015 1938 53 75 are
2088 1938 140 75 rewards

1244 1984 136 75 allotted
1406 1984 52 75 for
1486 1984 55 75 the
1565 1984 176 75 righteous,
1766 1984 63 75 and
1856 1984 211 75 punilhments
2094 1984 51 75 for
2172 1984 56 75 the

1244 2031 123 75 wicked
1383 2031 31 75 in
1432 2031 55 75 the
1503 2031 94 75 other
1609 2031 123 75 world;
1760 2031 60 75 and
1838 2031 70 75 that
1924 2031 91 75 there
2032 2031 53 75 are
2100 2031 127 75 various

1243 2077 166 75 manfions,
1435 2077 31 75 in
1487 2077 104 75 which
1608 2077 56 75 the
1681 2077 84 75 fouls
1791 2077 40 75 of
1858 2077 71 75 men
1959 2077 64 75 will
2039 2077 109 75 refide,
2173 2077 53 75 ac-

1245 2122 132 75 cording
1393 2122 35 75 to
1445 2122 83 75 their
1545 2122 149 75 different
1711 2122 131 75 degrees
1859 2122 156 75 of-merit.
2054 2122 77 75 The
2149 2122 78 75 bon-

1246 2169 54 75 zes
1317 2169 39 75 of
1372 2169 88 75 Pegu
1478 2169 53 75 are
1548 2169 162 75 generally
1726 2169 178 75 gentlemen
1917 2169 40 75 of
1967 2169 55 75 the
2034 2169 122 75 higheft
2168 2169 58 75 ex-

1244 2216 146 75 tradlion.

1197 2265 145 75 BOOK,
1367 2265 55 75 the
1438 2265 129 75 general
1583 2265 91 75 name
1698 2265 39 75 of
1756 2265 109 75 almofl
1881 2265 95 75 every
1991 2265 132 75 literary
2139 2265 87 75 com-

1243 2309 132 75 pofition
1391 2309 10 75 ;
1429 2309 70 75 but,
1525 2309 32 75 in
1574 2309 18 75 a
1609 2309 87 75 more
1712 2309 125 75 limited
1853 2309 95 75 fenfe,
1966 2309 25 75 is
2009 2309 124 75 applied
2149 2309 78 75 only

1245 2356 34 75 to
1291 2356 76 75 fuch
1386 2356 220 75 compofitions
1625 2356 32 75 as
1675 2356 52 75 are
1743 2356 87 75 large
1843 2356 124 75 enough
1981 2356 34 75 to
2027 2356 91 75 make
2135 2356 17 75 a
2168 2356 57 75 vo-

1245 2402 97 75 lume.
1391 2402 48 75 As
1457 2402 34 75 to
1507 2402 55 75 the
1579 2402 102 75 origin
1699 2402 39 75 of
1749 2402 100 75 books
1866 2402 37 75 or
1920 2402 138 75 writing,
2084 2402 89 75 thofe
2189 2402 42 75 of

1245 2449 109 75 Mofes
1383 2449 52 75 are
1460 2449 217 75 undoubtedly
1694 2449 54 75 the
1771 2449 80 75 moll
1868 2449 125 75 ancient
2010 2449 71 75 that
2097 2449 53 75 are
2167 2449 57 75 ex-

1245 2494 89 75 tant:
1361 2494 189 75 ButMofes
1573 2494 133 75 himfelf
1716 2494 78 75 cites
1811 2494 94 75 many
1922 2494 101 75 books
2039 2494 71 75 that
2125 2494 100 75 beho-

1246 2541 60 75 ved
1323 2541 37 75 to
1375 2541 38 75 be
1426 2541 100 75 wrote
1541 2541 110 75 before
1668 2541 49 75 his
1733 2541 88 75 time.
1873 2541 61 75 See
1951 2541 257 75 Character.

1291 2587 59 75 OF
1362 2587 133 75 profane
1518 2587 113 75 books,
1657 2587 54 75 the
1735 2587 100 75 oldefl
1862 2587 113 75 extant
1997 2587 52 75 are
2073 2587 152 75 Homer’s

1245 2634 120 75 poems,
1390 2634 104 75 which
1520 2634 86 75 were
1630 2634 34 75 fo
1688 2634 78 75 even
1794 2634 31 75 in
1853 2634 54 75 the
1936 2634 75 75 time
2039 2634 41 75 of
2104 2634 121 75 Sextus

1244 2681 180 75 Empiricus
1437 2681 10 75 ;
1474 2681 122 75 though
1614 2681 48 75 we
1679 2681 64 75 find
1758 2681 141 75 mention
1916 2681 31 75 in
1970 2681 113 75 Greek
2098 2681 126 75 writers

1244 2728 40 75 of
1306 2728 128 75 feventy
1461 2728 108 75 others
1593 2728 88 75 prior
1697 2728 34 75 to
1758 2728 146 75 Homer;
1932 2728 33 75 as
1977 2728 155 75 .Hermes,
2158 2728 66 75 Or-

1242 2773 112 75 pheus,
1380 2773 151 75 Daphne,
1557 2773 124 75 Horus,
1705 2773 116 75 Linus,
1845 2773 154 75 Mufeus,
2023 2773 201 75 Palamedes,

1245 2820 178 75 Zoroafler,
1442 2820 85 75 be.;
1556 2820 57 75 but
1631 2820 40 75 of
1681 2820 55 75 the
1750 2820 128 75 greater
1895 2820 69 75 part
1981 2820 40 75 of
2032 2820 87 75 thefe
2135 2820 90 75 there

1243 2866 25 75 is
1294 2866 54 75 not
1373 2866 58 75 the
1455 2866 76 75 leafl
1558 2866 158 75 fragment
1744 2866 194 75 remaining;
1964 2866 61 75 and
2042 2866 40 75 of
2100 2866 123 75 others,

1242 2913 54 75 the
1313 2913 102 75 pieces
1432 2913 104 75 which
1561 2913 42 75 go
1631 2913 101 75 under
1758 2913 85 75 their
1870 2913 105 75 names
1993 2913 53 75 are
2061 2913 163 75 generally

1240 2960 88 75 held,
1355 2960 42 75 by
1413 2960 55 75 the
1484 2960 141 75 learned,
1651 2960 34 75 to
1703 2960 39 75 be
1758 2960 245 75 fuppofititious.

1289 3009 129 75 Several
1446 3009 81 75 forts
1556 3009 40 75 of
1618 3009 158 75 materials
1806 3009 82 75 were
1919 3009 75 75 ufed
2022 3009 153 75 formerly
2191 3009 32 75 in

1644 3064 17 75 7
1686 3064 35 75 H

2097 3064 129 75 making
