2477 3395
522 161 35 75 B
615 161 36 75 R
710 161 35 75 E

1091 161 159 75 (Mi
1312 161 19 75 )

1648 161 37 75 B
1743 161 37 75 R
1837 161 35 75 E

151 223 181 75 BREAD,
358 223 17 75 a
393 223 78 75 mafs
495 223 40 75 of
553 223 123 75 dough,
701 223 145 75 kneaded
874 223 62 75 and
957 223 103 75 baked
1086 223 34 75 in
1143 223 40 75 an

201 270 92 75 oven.
345 270 60 75 See
422 270 170 75 Baking.

246 317 105 75 Bread
368 317 99 75 ought
482 317 34 75 to
529 317 38 75 be
584 317 72 75 well
673 317 157 75 kneaded,
850 317 61 75 and
933 317 149 75 feafoned
1102 317 77 75 with

197 365 18 75 a
227 365 83 75 little
322 365 70 75 fait,
405 365 167 75 otherwife
588 365 25 75 it
626 365 24 75 is
664 365 175 75 accounted
848 365 77 75 very
935 365 243 75 unwholefome.

245 411 67 75 We
329 411 65 75 find
422 411 96 75 bread
535 411 177 75 fometimes
729 411 92 75 made
844 411 40 75 of
901 411 68 75 rye,
995 411 82 75 oats,
1108 411 70 75 bar-

198 457 66 75 ley,
288 457 38 75 or
350 457 213 75 vetch-flour;
590 457 57 75 but
665 457 41 75 of
720 457 44 75 all
790 457 121 75 others,
936 457 72 75 that
1025 457 155 75 prepared

198 504 83 75 from
298 504 104 75 wheat
419 504 118 75 affords
566 504 55 75 the
638 504 77 75 rnofl
733 504 189 75 wholefome
951 504 227 75 nourifhment.

197 549 39 75 In
261 549 118 75 feveral
401 549 86 75 parts
511 549 40 75 of
576 549 85 75 Afia,
687 549 125 75 Africa,
838 549 61 75 and
912 549 164 75 America,
1103 549 78 75 they

199 596 91 75 make
307 596 98 75 bread
422 596 40 75 of
472 596 200 75 maiz-flour;
699 596 118 75 befides
836 596 118 75 which,
980 596 54 75 the
1054 596 125 75 Ameri-

199 642 72 75 cans
289 642 90 75 make
392 642 97 75 bread
500 642 40 75 of
551 642 55 75 the
622 642 223 75 caffava-root.
895 642 61 75 See
966 642 189 75 Cassava.

247 688 96 75 Some
361 688 51 75 are
434 688 39 75 of
484 688 140 75 opinion,
651 688 69 75 that
736 688 76 75 corn
829 688 143 75 growing
989 688 30 75 in
1037 688 144 75 gravelly

198 735 62 75 and
276 735 82 75 light
385 735 102 75 lands,
513 735 107 75 makes
649 735 103 75 better
772 735 97 75 bread
894 735 74 75 than
987 735 72 75 that
1076 735 105 75 which

200 781 105 75 grows
322 781 32 75 in
371 781 81 75 deep
470 781 61 75 and
548 781 63 75 low
627 781 152 75 grounds.

152 829 286 75 Fn?«£^-BREAD.
473 829 56 75 To
547 829 31 75 m
587 829 51 75 ike
656 829 84 75 good
751 829 126 75 French
896 829 108 75 bread,
1024 829 50 75 for
1086 829 97 75 every

198 874 66 75 two
287 874 111 75 quarts
415 874 40 75 of
476 874 93 75 flour,
595 874 62 75 add
688 874 48 75 fix
764 874 163 75 fpoonfuls
952 874 39 75 of
1006 874 48 75 ale
1071 874 108 75 yeaft;

198 921 64 75 alfo
279 921 77 75 milk
373 921 62 75 and
453 921 111 75 water,
590 921 139 75 warmed
743 921 10 75 ;
780 921 19 75 a
814 921 46 75 bit
878 921 41 75 of
938 921 121 75 butter,
1084 921 64 75 and
1165 921 18 75 a

196 967 84 75 little
304 967 82 75 fait;
414 967 92 75 make
523 967 88 75 them
628 967 107 75 pretty
761 967 96 75 light,
883 967 62 75 and
961 967 115 75 letting
1094 967 87 75 them

197 1013 59 75 rife
274 1013 109 75 before
400 1013 54 75 the
471 1013 68 75 fire,
566 1013 80 75 bake
664 1013 86 75 them
768 1013 31 75 in
818 1013 17 75 a
848 1013 96 75 quick
961 1013 81 75 oven

247 1059 97 75 Some
360 1059 58 75 put
435 1059 55 75 the
507 1059 93 75 yolks
624 1059 39 75 of
687 1059 45 75 fix
750 1059 90 75 eggs,
866 1059 62 75 and
944 1059 56 75 the
1018 1059 112 75 \vhites
1148 1059 40 75 of

197 1105 77 75 two,
288 1105 35 75 to
340 1105 63 75 this
417 1105 167 75 quantity;
604 1105 57 75 but
675 1105 111 75 others
796 1105 91 75 think
900 1105 55 75 the
973 1105 95 75 bread
1082 1105 104 75 better

199 1150 137 75 without
352 1150 101 75 them.

246 1196 138 75 Foreign
401 1196 109 75 bread,
535 1196 38 75 or
589 1196 112 75 bifket,
727 1196 77 75 pays
822 1196 80 75 duty
918 1196 41 75 on
978 1196 205 75 importation

205 1243 54 75 is.
280 1243 132 75 y^jjd.
438 1243 50 75 for
504 1243 96 75 every
626 1243 115 75 ii2n>.
767 1243 147 75 whereof
931 1243 45 75 is.
998 1243 134 75 j^^d.
1156 1243 28 75 is

201 1290 106 75 repaid
325 1290 39 75 on
382 1290 171 75 exporting
569 1290 25 75 it
612 1290 105 75 again.

151 1335 282 75 Bread-room,
451 1335 154 75 inaihip,
624 1335 73 75 that
711 1335 141 75 deftined
864 1335 34 75 to
910 1335 79 75 hold
1005 1335 55 75 the
1074 1335 110 75 bread,

200 1382 37 75 or
254 1382 111 75 bifket.

246 1428 75 75 The
333 1428 116 75 boards
462 1428 39 75 of
512 1428 55 75 the
584 1428 205 75 bread-room
807 1428 111 75 fhould
934 1428 39 75 be
986 1428 72 75 well
1071 1428 114 75 joined

200 1474 60 75 and
279 1474 146 75 caulked,
451 1474 61 75 and
529 1474 78 75 even
624 1474 86 75 lined
737 1474 77 75 with
832 1474 45 75 tin
896 1474 115 75 plates,
1035 1474 37 75 or
1089 1474 93 75 mats.

200 1520 33 75 It
260 1520 26 75 is
304 1520 63 75 alfo
386 1520 114 75 proper
526 1520 36 75 to
578 1520 98 75 warm
693 1520 25 75 it
741 1520 32 75 w'
773 1520 47 75 elL
844 1520 77 75 with
948 1520 160 75 charcoal,
1134 1520 52 75 for

200 1566 118 75 feveral
334 1566 79 75 days
431 1566 109 75 before
557 1566 55 75 the
629 1566 99 75 bifleet
744 1566 26 75 is
789 1566 55 75 put
868 1566 69 75 into
953 1566 48 75 it;
1028 1566 80 75 fince
1126 1566 59 75 no-

201 1612 91 75 thing
308 1612 26 75 is
352 1612 88 75 more
457 1612 130 75 injuries
605 1612 35 75 to
657 1612 54 75 the
730 1612 94 75 bread
843 1612 76 75 than
937 1612 160 75 moifture.

153 1659 149 75 Bread,
327 1659 32 75 in
388 1659 151 75 feripture
567 1659 90 75 ftyle,
683 1659 26 75 is
735 1659 94 75 taken
859 1659 50 75 for
938 1659 95 75 every
1058 1659 65 75 fort
1151 1659 40 75 of

202 1706 90 75 food.
339 1706 78 75 The
431 1706 126 75 ancient
574 1706 156 75 Hebrews
747 1706 64 75 had
833 1706 122 75 feveral
977 1706 84 75 ways
1078 1706 40 75 of
1129 1706 56 75 ba-

200 1751 77 75 king
294 1751 110 75 bread,
422 1751 33 75 as
472 1751 117 75 baking
601 1751 25 75 it
643 1751 100 75 under
763 1751 55 75 tfie
835 1751 98 75 allies,
959 1751 145 75 between
1121 1751 65 75 two

202 1797 71 75 fires
292 1797 91 75 made
399 1797 40 75 of
451 1797 185 75 cow-dung,
661 1797 62 75 and
740 1797 31 75 in
800 1797 38 75 an
863 1797 94 75 oven.
1005 1797 77 75 The
1099 1797 86 75 Jews

204 1845 74 75 had,
296 1845 117 75 befides
426 1845 84 75 their
520 1845 151 75 leavened
686 1845 61 75 and
764 1845 193 75 unleavened
970 1845 110 75 bread,
1102 1845 85 75 their

204 1891 208 75 fhew-bread,
440 1891 96 75 bread
553 1891 35 75 of
614 1891 161 75 affliction,
801 1891 64 75 6c.
916 1891 61 75 See
995 1891 53 75 the
1061 1891 126 75 articles

204 1938 222 75 Leavened,
446 1938 64 75 6c.

156 1985 251 75 BREADTH,
433 1985 31 75 in
481 1985 179 75 geometry,
685 1985 60 75 one
768 1985 41 75 of
819 1985 54 75 the
890 1985 92 75 three
1001 1985 187 75 dimenfions

203 2031 39 75 of
255 2031 123 75 bodies,
404 2031 105 75 which
539 2031 179 75 multiplied
745 2031 69 75 into
832 2031 82 75 their
938 2031 111 75 length
1074 2031 114 75 confti-

205 2076 84 75 tutes
305 2076 16 75 a
337 2076 138 75 furface.

159 2122 94 75 BRE
262 2122 72 75 AK,
360 2122 31 75 in
409 2122 18 75 a
443 2122 127 75 general
588 2122 95 75 fenfe,
708 2122 135 75 fignifies
871 2122 35 75 to
931 2122 107 75 divide
1055 2122 18 75 a
1097 2122 93 75 thing

207 2167 67 75 into
291 2167 119 75 feveral
425 2167 85 75 parts
529 2167 78 75 with
625 2167 157 75 violence.

255 2212 36 75 In
308 2212 56 75 the
381 2212 48 75 art
442 2212 40 75 of
494 2212 76 75 war,
596 2212 35 75 to
653 2212 99 75 break
768 2212 137 75 ground,
933 2212 26 75 is
985 2212 34 75 to
1036 2212 81 75 open
1134 2212 71 75 the-

208 2259 146 75 trenches
371 2259 109 75 before
493 2259 18 75 a
528 2259 99 75 place.

256 2305 129 75 Among
398 2305 182 75 fportfmen,
599 2305 35 75 to
645 2305 99 75 break
761 2305 18 75 a
794 2305 93 75 horfe
903 2305 31 75 in
949 2305 148 75 trotting,
1115 2305 26 75 is
1155 2305 35 75 to

207 2352 92 75 make
318 2352 64 75 him
400 2352 80 75 light
498 2352 82 75 upon
597 2352 54 75 the
668 2352 84 75 hand
772 2352 30 75 in
820 2352 146 75 trotting,
992 2352 32 75 in
1041 2352 96 75 order
1154 2352 37 75 to

208 2398 93 75 make
314 2398 67 75 him
400 2398 35 75 lit
448 2398 51 75 for
512 2398 18 75 a
547 2398 116 75 gallop.
701 2398 57 75 To
776 2398 96 75 break
891 2398 17 75 a
925 2398 91 75 horfe
1029 2398 50 75 for
1095 2398 95 75 hunt-

207 2444 119 75 ing,'is
343 2444 34 75 to
397 2444 107 75 fupple
519 2444 79 75 him,
624 2444 34 75 to
675 2444 91 75 make
784 2444 68 75 him
876 2444 73 75 take
978 2444 54 75 the
1049 2444 91 75 habit
1157 2444 39 75 of

208 2491 147 75 running.

160 2538 269 75 BREAKING,
454 2538 31 75 in
511 2538 17 75 a
559 2538 183 75 mercantile
773 2538 89 75 fiyle,
900 2538 133 75 denotes
1053 2538 54 75 the
1134 2538 58 75 not

208 2584 116 75 paying
340 2584 88 75 one’s
446 2584 72 75 bills
531 2584 40 75 of
582 2584 175 75 exchange,
777 2584 163 75 accepted,
959 2584 36 75 or
1011 2584 94 75 other
1117 2584 75 75 pro-

207 2630 127 75 miflary
359 2630 103 75 notes,
489 2630 90 75 when
603 2630 85 75 due;
714 2630 60 75 and
804 2630 203 75 abfeonding,
1032 2630 35 75 to
1097 2630 98 75 avoid

206 2678 55 75 the
274 2678 136 75 feverity
422 2678 40 75 of
474 2678 87 75 one’s
574 2678 171 75 creditors.
759 2678 37 75 In
811 2678 102 75 which
925 2678 95 75 fenfe,
1038 2678 155 75 breaking

207 2724 26 75 is
250 2724 55 75 the
321 2724 82 75 fame
417 2724 77 75 with
512 2724 166 75 becoming
694 2724 170 75 bankrupt.
884 2724 60 75 See
959 2724 230 75 Bankrupt.

160 2771 207 75 Breaking
390 2771 114 75 bulk,
530 2771 31 75 in
579 2771 55 75 the
650 2771 51 75 fea
718 2771 165 75 language,
901 2771 100 75 is.the
1018 2771 83 75 fame
1114 2771 78 75 with

208 2816 151 75 unlading
375 2816 70 75 part
462 2816 39 75 of
514 2816 52 75 the
584 2816 106 75 cargo.

160 2864 186 75 BREAM,
365 2864 30 75 in
411 2864 222 75 ichthyology,
652 2864 199 75 theEnglilh
869 2864 138 75 nameof
1019 2864 54 75 the
1087 2864 104 75 cypri-

208 2910 58 75 nus
283 2910 121 75 brama.
455 2910 61 75 See
535 2910 216 75 Cyprinus.

161 2956 206 75 BREAST,
402 2956 30 75 in
450 2956 161 75 anatomy,
637 2956 132 75 denotes
797 2956 55 75 the
880 2956 176 75 fore-parts
1074 2956 40 75 of
1137 2956 56 75 the

209 3004 132 75 thorax.
389 3004 62 75 See
468 3004 215 75 Anatomy,
709 3004 33 75 p,
763 3004 80 75 227.

1231 218 194 75 Breasts,
1451 218 36 75 or
1506 218 168 75 mamma;,
1700 218 33 75 in
1758 218 161 75 anatomy.
1970 218 62 75 See
2049 218 213 75 Anatomy,

1277 267 31 75 p.
1329 267 81 75 227.

1229 310 314 75 Breast-plate,
1560 310 33 75 in
1611 310 173 75 antiquity,
1801 310 118 75 apiece
1931 310 40 75 of
1983 310 127 75 armour
2122 310 89 75 worn
2227 310 36 75 to

1275 358 119 75 defend
1419 358 54 75 the
1499 358 114 75 breaft,
1638 358 169 75 originally
1823 358 144 75 believed
1990 358 36 75 to
2050 358 39 75 be
2118 358 92 75 made
2227 358 41 75 of

1274 404 104 75 hides,
1396 404 38 75 or
1449 404 96 75 hemp
1555 404 124 75 twilled
1691 404 68 75 into
1771 404 88 75 fmall
1877 404 106 75 cords,
2002 404 57 75 but
2072 404 188 75 afterwards

1274 450 92 75 made
1394 450 40 75 of
1456 450 99 75 brafs,
1586 450 82 75 iron,
1705 450 37 75 or
1759 450 94 75 other
1880 450 126 75 metals,
2042 450 106 75 which
2176 450 85 75 were

1274 497 179 75 fometimes
1484 497 33 75 fo
1545 497 191 75 exquifitely
1760 497 175 75 hardened,
1967 497 34 75 as
2030 497 35 75 to
2095 497 39 75 be
2168 497 99 75 proof

1274 544 117 75 againft
1408 544 55 75 the
1480 544 134 75 greateft
1638 544 100 75 force.

1228 589 312 75 Breast-plate,
1558 589 31 75 in
1603 589 54 75 the
1673 589 144 75 ipenage,
1836 589 55 75 the
1903 589 83 75 ftrap
1998 589 41 75 of
2052 589 123 75 leather
2191 589 72 75 that

1276 637 73 75 runs
1368 637 84 75 from
1468 637 60 75 one
1541 637 63 75 fide
1621 637 38 75 of
1671 637 56 75 the
1745 637 106 75 faddle
1864 637 36 75 to
1917 637 55 75 the
1985 637 106 75 other,
2117 637 77 75 over
2206 637 56 75 the

1275 682 120 75 horfe’s
1413 682 113 75 breall,
1551 682 31 75 in
1607 682 97 75 order
1720 682 34 75 to
1778 682 81 75 keep
1876 682 55 75 the
1948 682 108 75 faddle
2074 682 97 75 tight,
2197 682 63 75 and

1277 729 113 75 hinder
1407 729 24 75 it
1449 729 84 75 from
1550 729 112 75 Hiding
1680 729 200 75 backwards.

1229 775 348 75 Breast-plough,
1605 775 66 75 .one
1696 775 34 75 fo
1758 775 163 75 fafliioned
1946 775 71 75 that
2041 775 20 75 a
2087 775 72 75 man
2188 775 74 75 may

1277 823 92 75 {hove
1386 823 26 75 it
1428 823 111 75 before
1556 823 79 75 him.

1229 869 283 75 Breast-work
1532 869 55 75 the
1599 869 83 75 fame
1694 869 79 75 with
1786 869 143 75 parapet.
1971 869 62 75 See
2050 869 196 75 Parapet.

1229 916 213 75 BREATH,
1468 916 56 75 the
1549 916 46 75 air
1621 916 139 75 infpired
1776 916 63 75 and
1865 916 150 75 expelled
2039 916 91 75 again
2157 916 32 75 in
2208 916 55 75 the

1276 962 101 75 a£tion
1394 962 40 75 of
1445 962 197 75 refpiration.

1230 1008 178 75 Breath,
1434 1008 170 75 orwind,
1631 1008 40 75 in.
1687 1008 55 75 the
1765 1008 143 75 menage,
1932 1008 180 75 fometimes
2129 1008 135 75 fignifies

1280 1054 53 75 the
1350 1054 71 75 eafy
1440 1054 182 75 refpiration
1639 1054 39 75 of
1702 1054 38 75 an
1757 1054 105 75 horfe,
1889 1054 62 75 and
1967 1054 178 75 fometimes
2162 1054 25 75 it
2204 1054 59 75 im-

1281 1101 77 75 plies
1378 1101 54 75 the
1449 1101 69 75 eafe
1535 1101 60 75 and
1621 1101 60 75 reft
1697 1101 37 75 or
1758 1101 108 75 repofe
1883 1101 39 75 of
1946 1101 17 75 a
1979 1101 113 75 horfe;
2120 1101 46 75 as,
2192 1101 73 75 give

1282 1147 80 75 your
1389 1147 91 75 horfe
1508 1147 125 75 breath,
1658 1147 71 75 that
1754 1147 42 75 is,
1822 1147 42 75 do
1885 1147 56 75 not
1965 1147 67 75 ride
2060 1147 64 75 him
2142 1147 94 75 down
2251 1147 11 75 ;

1281 1194 70 75 give
1368 1194 70 75 that
1454 1194 127 75 leaping
1605 1194 93 75 horfe
1714 1194 19 75 a
1748 1194 76 75 long
1844 1194 260 75 breathing-time
2121 1194 146 75 between

1282 1241 53 75 the
1350 1241 88 75 turns
1464 1241 37 75 or
1516 1241 186 75 repetitions
1720 1241 38 75 of
1772 1241 48 75 his
1837 1241 145 75 menage,
2008 1241 64 75 6c.

1233 1288 305 75 BREATHING,
1566 1288 55 75 the
1639 1288 82 75 fame
1739 1288 77 75 with
1836 1288 198 75 refpiration.

1233 1334 230 75 BRECHIN,
1489 1334 18 75 a
1523 1334 248 75 borough-town
1796 1334 41 75 of
1848 1334 56 75 the
1921 1334 119 75 county
2056 1334 40 75 of
2104 1334 112 75 Angus
2234 1334 32 75 in

1282 1380 167 75 Scotland,
1474 1380 100 75 about
1595 1380 11 75 1
1617 1380 15 75 5
1652 1380 90 75 miles
1759 1380 176 75 north-eaft
1952 1380 39 75 of
2012 1380 141 75 Dundee
2167 1380 10 75 ;
2204 1380 60 75 W.

1280 1425 87 75 long.
1388 1425 17 75 2
1405 1407 25 49 0
1447 1425 54 75 20'
1501 1425 12 75 ,
1539 1425 95 75 north
1652 1425 57 75 lat.
1735 1425 64 75 56°
1820 1425 67 75 qd.

1233 1474 210 75 BRECON,
1462 1474 35 75 or
1512 1474 259 75 Brecknock,
1788 1474 19 75 a
1822 1474 253 75 borough-town
2092 1474 41 75 of
2144 1474 122 75 Breck-

1281 1520 175 75 nocklhire,
1482 1520 30 75 in
1523 1520 136 75 Wales;
1686 1520 61 75 W.
1766 1520 87 75 long.
1876 1520 15 75 3
1891 1502 21 49 0
1932 1520 67 75 25',
2018 1520 46 75 N.
2082 1520 58 75 lat.
2161 1520 40 75 52
2201 1502 25 49 0
2226 1520 15 75 .

1233 1566 180 75 BREDA,
1439 1566 56 75 the
1511 1566 113 75 capital
1643 1566 40 75 of
1695 1566 116 75 Dutch
1828 1566 156 75 Brabant,
2002 1566 98 75 about
2119 1566 43 75 30
2175 1566 91 75 miles

1281 1613 175 75 north-eaft
1475 1613 40 75 of
1528 1613 177 75 Antwerp;
1732 1613 43 75 E.
1802 1613 88 75 long,
1974 1613 66 75 qd,
2059 1613 47 75 N.
2120 1613 54 75 lat.
2199 1613 65 75 51°

1282 1660 67 75 /\d.
1391 1660 32 75 It
1437 1660 29 75 is
1484 1660 18 75 a
1519 1660 105 75 ftrong
1640 1660 142 75 fortified
1798 1660 99 75 town.

1233 1706 266 75 BREECHES,
1527 1706 18 75 a
1568 1706 78 75 kind
1662 1706 39 75 of
1724 1706 83 75 clofe
1824 1706 145 75 garment
1986 1706 37 75 or
2047 1706 149 75 covering
2212 1706 52 75 for

1282 1751 53 75 the
1352 1751 122 75 thighs,
1493 1751 82 75 hips,
1593 1751 63 75 6c.
1683 1751 87 75 worn
1788 1751 43 75 by
1843 1751 55 75 the
1915 1751 132 75 modern
2064 1751 202 75 Europeans.

1327 1798 74 75 The
1419 1798 151 75 breeches
1588 1798 52 75 are
1659 1798 140 75 peculiar
1816 1798 35 75 to
1868 1798 55 75 the
1940 1798 81 75 male
2034 1798 69 75 fex,
2130 1798 62 75 and
2210 1798 54 75 an-

1281 1843 89 75 fwer,
1390 1843 31 75 in
1434 1843 84 75 fome
1536 1843 151 75 meafure,
1704 1843 39 75 to,
1751 1843 56 75 the
1819 1843 167 75 femoralia
1997 1843 40 75 of
2045 1843 54 75 the
2109 1843 143 75 Romans
2258 1843 11 75 ,

1234 1892 195 75 BREECH
1446 1892 39 75 of
1497 1892 18 75 a
1530 1892 89 75 great
1636 1892 77 75 gun,
1739 1892 38 75 or
1793 1892 135 75 cannon,
1953 1892 54 75 the
2025 1892 63 75 end
2114 1892 80 75 next
2212 1892 55 75 the

1282 1939 201 75 touch-hole.

1235 1985 326 75 BREECHINGS,
1588 1985 30 75 in
1642 1985 55 75 the
1725 1985 234 75 fea-language,
1984 1985 55 75 the
2068 1985 91 75 ropes
2189 1985 78 75 with

1282 2031 108 75 which
1410 2031 55 75 the
1493 2031 90 75 great
1608 2031 80 75 guns
1705 2031 54 75 are
1786 2031 120 75 laffled,
1931 2031 38 75 or
1991 2031 140 75 faftened
2160 2031 35 75 to
2212 2031 56 75 the

1281 2077 92 75 (hip’s
1390 2077 74 75 fide.

1330 2122 98 75 They
1444 2122 53 75 are
1514 2122 74 75 thus
1605 2122 115 75 called,
1745 2122 131 75 becaufe
1893 2122 93 75 made
2006 2122 35 75 to
2068 2122 68 75 pafs
2165 2122 103 75 round

1283 2169 55 75 the
1351 2169 115 75 breech
1483 2169 40 75 of
1535 2169 57 75 the
1607 2169 76 75 gun.

1236 2217 269 75 BREEDING,
1530 2217 31 75 in
1580 2217 18 75 a
1623 2217 126 75 general
1771 2217 97 75 fenfe,
1897 2217 55 75 the
1971 2217 187 75 producing,
2187 2217 79 75 nou-

1284 2262 126 75 nfliing,
1437 2262 60 75 and
1515 2262 168 75 educating
1702 2262 39 75 all
1761 2262 128 75 manner
1907 2262 39 75 of
1957 2262 107 75 young
2080 2262 144 75 animals.

1236 2309 26 75 B
1271 2309 17 75 r
1296 2309 16 75 E
1322 2309 116 75 edj.nG
1458 2309 43 75 sf
1508 2309 114 75 horfes.
1673 2309 60 75 See
1750 2309 111 75 Equu
1869 2309 27 75 s.

1235 2358 202 75 BREEZE,
1463 2358 18 75 a
1493 2358 129 75 fnifting
1634 2358 101 75 wind,
1759 2358 71 75 that
1852 2358 100 75 blows
1969 2358 86 75 from
2071 2358 51 75 fea
2138 2358 38 75 or
2192 2358 76 75 land

1284 2402 50 75 for
1352 2402 84 75 fome
1453 2402 117 75 certain
1592 2402 96 75 hours
1713 2402 32 75 in
1774 2402 55 75 the
1846 2402 62 75 day
1925 2402 37 75 or
1979 2402 89 75 night
2083 2402 9 75 ;
2120 2402 147 75 common

1282 2448 32 75 in
1344 2448 111 75 Africa
1480 2448 62 75 and
1558 2448 84 75 fome
1660 2448 86 75 parts
1763 2448 40 75 of
1814 2448 55 75 the
1887 2448 42 75 E.
1951 2448 61 75 and
2034 2448 54 75 W.
2112 2448 120 75 Indies.

1330 2494 76 75 The
1422 2494 50 75 fea
1490 2494 114 75 breeze
1621 2494 26 75 is
1664 2494 76 75 only
1756 2494 127 75 fenfible
1907 2494 76 75 near
2008 2494 57 75 the
2093 2494 120 75 coafts;
2241 2494 41 75 it.

1283 2542 182 75 commonly
1482 2542 74 75 rifes
1572 2542 34 75 in
1622 2542 55 75 the
1694 2542 158 75 morning,
1879 2542 107 75 about,
2001 2542 85 75 nine,
2112 2542 151 75 proceed-

1283 2587 52 75 ing
1353 2587 108 75 (lowly
1482 2587 31 75 in
1532 2587 17 75 a
1566 2587 60 75 fine
1643 2587 87 75 fmall
1748 2587 94 75 black
1859 2587 67 75 curl
1946 2587 42 75 on
2005 2587 55 75 the
2077 2587 111 75 water,
2214 2587 51 75 to-

1283 2634 104 75 wards
1411 2634 54 75 the
1493 2634 110 75 (hore;
1641 2634 33 75 it.
1692 2634 153 75 increafes
1874 2634 169 75 gradually
2070 2634 48 75 till
2137 2634 146 75 twelve,.

1283 2680 59 75 and
1361 2680 66 75 dies
1441 2680 98 75 about
1555 2680 75 75 five.
1669 2680 98 75 Upon
1780 2680 40 75 its
1838 2680 132 75 ceafing,
1987 2680 56 75 the
2058 2680 208 75 land-breeze

1284 2731 208 75 commences,
1518 2731 104 75 which
1639 2731 153 75 increafes
1814 2731 48 75 till
1879 2731 115 75 twelve
2018 2731 32 75 at
2074 2731 104 75 night,
2204 2731 62 75 and

1285 2778 219 75 is-fucceeded
1522 2778 31 75 in
1571 2778 55 75 the
1644 2778 146 75 morning
1806 2778 43 75 by
1865 2778 56 75 the
1938 2778 182 75 fea-breeze
2137 2778 104 75 again.

1238 2824 172 75 Breeze,
1443 2824 32 75 in
1507 2824 249 75 brick-making,
1796 2824 92 75 fmall
1914 2824 85 75 afties
2032 2824 61 75 and
2126 2824 156 75 cinders,,

1283 2870 179 75 fometimes
1481 2870 94 75 made
1592 2870 53 75 ufe
1659 2870 42 75 of
1712 2870 118 75 inftead
1846 2870 41 75 of
1897 2870 99 75 coals,
2022 2870 51 75 for
2095 2870 55 75 the
2170 2870 96 75 burn-

1284 2914 53 75 ing
1358 2914 39 75 of
1411 2914 104 75 bricks
1528 2914 9 75 :
1564 2914 67 75 But
1649 2914 32 75 as
1700 2914 63 75 this
1775 2914 77 75 does
1870 2914 55 75 not
1943 2914 33 75 fo
1992 2914 72 75 well
2082 2914 118 75 anfwer
2212 2914 55 75 the

1289 2961 72 75 end,
1397 2961 54 75 the
1479 2961 52 75 ufe
1561 2961 40 75 of
1624 2961 25 75 it
1673 2961 27 75 is
1729 2961 182 75 prohibited
1938 2961 44 75 by
2014 2961 38 75 12
2080 2961 133 75 George
2238 2961 29 75 I.

1283 3008 71 75 cap.
1378 3008 109 75 xxx,v.

2095 3064 176 75 Brejeze>
