2483 3387
544 152 229 75 ARC

1108 152 21 75 (
1189 152 79 75 3*2
1329 152 19 75 )

1683 152 42 75 A
1782 152 36 75 R
1876 152 44 75 D

168 223 420 75 ARCHITALASSUS,
614 223 37 75 or
675 223 240 75 admiral-fhell,
941 223 19 75 a
983 223 165 75 fynonime
1172 223 40 75 of

219 270 16 75 a
251 270 119 75 fpecies
387 270 40 75 of
446 270 112 75 conus.
606 270 64 75 See
682 270 151 75 Conus.

170 317 338 75 ARCHITRAVE,
526 317 32 75 in
575 317 224 75 architedure,
817 317 70 75 that
904 317 72 75 part
992 317 41 75 of
1045 317 18 75 a
1079 317 128 75 column

214 364 7 75 '
221 364 103 75 Which
351 364 59 75 Kes
434 364 328 75 immediately-Upon
790 364 57 75 the
873 364 130 75 capital,
1034 364 97 75 being
1153 364 57 75 the

215 411 110 75 lowed:
342 411 142 75 member
502 411 40 75 of
562 411 54 75 the
633 411 226 75 entablature,'
872 411 63 75 and
951 411 34 75 fo
1002 411 104 75 called
1122 411 87 75 frofm

217 458 42 75 its
277 458 215 75 reprelentinjh
509 458 55 75 the
578 458 157 75 principal
751 458 92 75 beam
855 458 32 75 in
899 458 309 75 timbei-buildings.

221 506 61 75 See
299 506 337 75 Architecture.

266 550 90 75 Over
374 550 17 75 a
408 550 162 75 chimney,
595 550 64 75 this
677 550 141 75 member
835 550 26 75 is
879 550 104 75 called
998 550 56 75 the
1070 550 139 75 mantle-

215 599 88 75 piece
315 599 10 75 ;
352 599 64 75 and
432 599 78 75 over,
522 599 102 75 -doors
640 599 38 75 or
694 599 168 75 windows,
888 599 56 75 the
957 599 219 75 hyperihyron,

171 645 304 75 ARCH1VOLT,
502 645 32 75 in
552 645 223 75 architedlure,
799 645 57 75 the
875 645 90 75 inner
985 645 109 75 centre
1108 645 42 75 of
1170 645 40 75 an

220 693 90 75 arch,
335 693 38 75 or
390 693 18 75 a
424 693 86 75 band
527 693 155 75 adorned'
682 693 81 75 with
781 693 180 75 mouldings
981 693 136 75 running
1133 693 77 75 over

219 741 56 75 the
292 741 89 75 faces
397 741 42 75 of
449 741 57 75 the
522 741 210 75 arch-ftones,
750 741 63 75 and
829 741 133 75 bearing
976 741 86 75 upon
1079 741 57 75 the
1151 741 59 75 im-

220 787 95 75 pofts.

171 833 235 75 ARCHIVE,
432 833 38 75 or
486 833 112 75 Arch
609 833 100 75 ives,
733 833 40 75 an
785 833 182 75 apartment
982 833 33 75 in
1032 833 105 75 which
1156 833 54 75 are

219 880 163 75 depofited
398 880 56 75 the
471 880 144 75 records,
639 880 159 75 charters,
824 880 62 75 and
903 880 94 75 other
1013 880 112 75 papers
1141 880 41 75 of
1194 880 19 75 a

219 928 78 75 date
314 928 36 75 or
368 928 211 75 community.

172 976 390 75 ARCHMARSHAL,
587 976 56 75 the
661 976 99 75 grand
778 976 132 75 marfhH
937 976 40 75 of
996 976 55 75 the
1076 976 133 75 empire,

221 1021 19 75 a
255 1021 126 75 dignity
391 1021 174 75 belonging
581 1021 36 75 to
632 1021 58 75 the
702 1021 118 75 eleflor
837 1021 41 75 of
897 1021 146 75 Saxony.

172 1070 221 75 ARCHONj
417 1070 33 75 in
473 1070 143 75 Grecian
642 1070 174 75 antiquity,
841 1070 56 75 the
920 1070 90 75 chief
1028 1070 184 75 magidrate

219 1116 41 75 of
272 1116 140 75 Athens,
437 1116 85 75 after
539 1116 55 75 the
612 1116 175 75 abolifhing
803 1116 40 75 of
861 1116 196 75 monarchy;
1086 1116 62 75 and
1164 1116 47 75 al-

220 1162 47 75 fo,
294 1162 55 75 the
366 1162 192 75 appellation
575 1162 92 75 given
685 1162 36 75 to
737 1162 120 75 feveral
875 1162 139 75 officers,
1036 1162 83 75 both
1136 1162 74 75 civil

222 1210 62 75 and
302 1210 163 75 religious,
490 1210 102 75 under
607 1210 56 75 the
681 1210 113 75 Greelt
807 1210 131 75 empire.

174 1257 325 75 ARCHOMTICI,
524 1257 32 75 in
574 1257 271 75 dmreh-hidory,
871 1257 19 75 a
905 1257 120 75 branch
1039 1257 39 75 of
1089 1257 121 75 Valen-

222 1304 128 75 tinians,
376 1304 74 75 who
467 1304 209 75 maintained,
698 1304 70 75 that
787 1304 55 75 the
859 1304 106 75 world
981 1304 66 75 was
1067 1304 57 75 not
1141 1304 69 75 cre-

222 1350 74 75 ated
312 1350 43 75 by
368 1350 94 75 God,
486 1350 60 75 but
563 1350 44 75 by
624 1350 111 75 angels
745 1350 104 75 called
871 1350 189 75 Archontes.

172 1398 451 75 ARCHTREASURER,
649 1398 55 75 the
721 1398 90 75 great
826 1398 158 75 treafurer
993 1398 42 75 of
1054 1398 56 75 the
1122 1398 88 75 Ger-

223 1445 71 75 man
308 1445 132 75 empire,
459 1445 18 75 a
493 1445 125 75 dignity
633 1445 175 75 belonging
824 1445 36 75 to
876 1445 55 75 the
944 1445 84 75 duke
1039 1445 40 75 of
1090 1445 119 75 Brur/f-

220 1492 97 75 wick,
342 1492 77 75 king
430 1492 41 75 of
490 1492 106 75 Great
612 1492 138 75 Britain.

173 1540 328 75 ARCIGOVINO,
527 1540 17 75 a
562 1540 151 75 province
730 1540 39 75 of
790 1540 179 75 Dalmatia,
994 1540 150 75 bounded
1167 1540 44 75 by

221 1586 129 75 Bofnia,
376 1586 207 75 Mantenero,
609 1586 63 75 and
689 1586 55 75 the
767 1586 149 75 Adriatic
937 1586 65 75 fea,
1028 1586 63 75 and
1107 1586 104 75 called

220 1633 44 75 by
281 1633 55 75 the
353 1633 132 75 Italians
503 1633 108 75 Santa
629 1633 139 75 Sabata.

173 1680 303 75 ARCILEUTO,
504 1680 18 75 a
538 1680 66 75 lute
621 1680 112 75 longer
750 1680 63 75 and
828 1680 106 75 larger
949 1680 78 75 than
1044 1680 165 75 ordinary.

172 1728 203 75 ARCION,
400 1728 32 75 in
450 1728 130 75 botany,
608 1728 40 75 an
664 1728 141 75 obfolete
818 1728 91 75 name
926 1728 40 75 of
985 1728 55 75 the
1053 1728 156 75 tuffilago.

171 1775 149 75 ARCO,
347 1775 17 75 a
381 1775 88 75 town
485 1775 40 75 of
544 1775 55 75 the
623 1775 158 75 bilhopric
797 1775 40 75 of
854 1775 109 75 Trent
986 1775 32 75 in
1047 1775 100 75 Italy,
1172 1775 37 75 fi-

223 1820 110 75 tuated
358 1820 98 75 about
487 1820 39 75 16
551 1820 92 75 miles
666 1820 41 75 S.
730 1820 62 75 W.
817 1820 41 75 of
874 1820 122 75 Trent,
1019 1820 33 75 in
1072 1820 63 75 io°
1155 1820 58 75 46'

220 1868 45 75 E.
278 1868 90 75 long,
394 1868 63 75 and
474 1868 67 75 46°
559 1868 49 75 N.
625 1868 58 75 lat.

173 1915 426 75 ARCTAPELIOTES,
625 1915 18 75 a
660 1915 83 75 term
761 1915 77 75 ufed
862 1915 34 75 to
921 1915 117 75 denote
1062 1915 19 75 a
1097 1915 113 75 nonh-

221 1962 62 75 ead
299 1962 101 75 wind.

173 2008 199 75 ^RCTIC,
398 2008 31 75 in
447 2008 193 75 adronomy,
667 2008 38 75 an
723 2008 122 75 epithet
863 2008 92 75 given
972 2008 37 75 to
1033 2008 56 75 the
1111 2008 98 75 north

166 2055 6 75 '
220 2055 96 75 pole;
343 2055 62 75 and
421 2055 141 75 hkewife
577 2055 36 75 to
629 2055 20 75 a
671 2055 96 75 circle
789 2055 42 75 of
849 2055 56 75 the
929 2055 124 75 fphere,
1077 2055 133 75 parallel

221 2102 34 75 to
268 2102 56 75 the
335 2102 148 75 equator,
501 2102 63 75 and
572 2102 229 75 twenty-three
813 2102 133 75 degrees
957 2102 103 75 thirty
1073 2102 137 75 minutes

221 2149 115 75 didant
352 2149 86 75 from
454 2149 55 75 the
530 2149 97 75 north
645 2149 83 75 pole.
781 2149 62 75 See
861 2149 261 75 Astronomy,
1147 2149 64 75 and

223 2197 267 75 Geography.

175 2244 184 75 ARCTIC
365 2244 43 75 A,
433 2244 32 75 in
483 2244 220 75 ornithology,
727 2244 18 75 a
761 2244 164 75 fynonime
942 2244 39 75 of
1001 2244 19 75 a
1039 2244 118 75 fpecies
1173 2244 43 75 of

223 2290 98 75 larus.
371 2290 62 75 See
450 2290 144 75 Larus.

177 2337 127 75 ARCT
314 2337 107 75 IUM,
445 2337 34 75 in
493 2337 133 75 botany,
652 2337 18 75 a
682 2337 97 75 genus
791 2337 41 75 of
851 2337 55 75 the
923 2337 179 75 fyngenefia
1117 2337 93 75 poly-

224 2383 81 75 gam;
311 2383 17 75 a
343 2383 132 75 aequalis
493 2383 90 75 clafs.
624 2383 77 75 The
714 2383 85 75 calix
810 2383 27 75 is
849 2383 161 75 globular,
1026 2383 185 75 fquamous,

225 2431 62 75 and
302 2431 129 75 hooked
448 2431 32 75 at
496 2431 56 75 the
567 2431 86 75 tops.
701 2431 114 75 There
834 2431 52 75 are
911 2431 76 75 only
1002 2431 68 75 two
1091 2431 120 75 fpecies

225 2478 39 75 cf
284 2478 144 75 andiom,
454 2478 70 75 viz.
550 2478 56 75 the
631 2478 105 75 lappa,
761 2478 38 75 or
822 2478 160 75 burdock,
1007 2478 209 75 a'native-of

222 2525 130 75 Britain
361 2525 10 75 ;
398 2525 63 75 and
472 2525 55 75 the
543 2525 178 75 perfonata,
747 2525 19 75 a
781 2525 106 75 native
904 2525 39 75 of
955 2525 55 75 the
1028 2525 95 75 Alps,
1142 2525 66 75 &c.

222 2574 78 75 The
316 2574 89 75 roots
422 2574 63 75 and
508 2574 90 75 feeds
613 2574 40 75 of
672 2574 55 75 the
752 2574 93 75 lappa
861 2574 52 75 are
931 2574 156 75 edeemed
1109 2574 36 75 to
1169 2574 41 75 be

223 2620 137 75 diuretic
381 2620 62 75 and
459 2620 160 75 fudorifiL
669 2620 197 75 DecoGions
883 2620 40 75 of
942 2620 55 75 the
1021 2620 87 75 roots
1126 2620 82 75 have

225 2667 40 75 of
282 2667 64 75 late
357 2667 80 75 been
455 2667 76 75 ufed
542 2667 31 75 in
591 2667 177 75 rheumatic
784 2667 62 75 and
864 2667 99 75 gouty
977 2667 172 75 diforders.

177 2712 380 75 ARCTOPHYLAX,
595 2712 18 75 a
635 2712 233 75 cohfteUation,
906 2712 168 75 otherwife
1106 2712 104 75 called

225 2761 132 75 Bootes.
408 2761 61 75 See
486 2761 175 75 Bootes.

175 2807 274 75 ARCTOPUS,
474 2807 32 75 in
521 2807 134 75 botany,
680 2807 19 75 a
715 2807 100 75 genus
831 2807 41 75 of
889 2807 56 75 the
961 2807 182 75 polygamia
1159 2807 49 75 di-

224 2854 80 75 ceeia
320 2854 92 75 claf®.
460 2854 77 75 The
554 2854 139 75 umbella
716 2854 43 75 of
774 2854 55 75 the
852 2854 81 75 male
951 2854 27 75 is
1003 2854 180 75 compound
1196 2854 13 75 ;

222 2901 55 75 the
294 2901 200 75 involucrum
507 2901 58 75 con
568 2901 63 75 fids
645 2901 40 75 of
702 2901 61 75 Eve
779 2901 127 75 leaves;
935 2901 193 75 the-corolla
1148 2901 61 75 has

223 2947 60 75 five
308 2947 124 75 petals;
465 2947 55 75 the
546 2947 132 75 ftamina
705 2947 53 75 are
776 2947 94 75 -five;
900 2947 61 75 and
991 2947 66 75 two
1085 2947 119 75 pidils:

222 2994 75 75 The
316 2994 143 75 umbella.
470 2994 41 75 of
528 2994 56 75 the
599 2994 261 75 hermaphrodite
880 2994 27 75 is
931 2994 107 75 fimple
1049 2994 10 75 ;
1086 2994 56 75 the
1155 2994 51 75 in-

220 3042 165 75 volucrum
402 3042 29 75 is
446 3042 135 75 divided
592 3042 159 75 into-four
767 3042 103 75 parts,
891 3042 28 75 is
935 3042 268 75 fpintms,-.Targe;

1303 221 62 75 and
1380 221 146 75 contains
1542 221 98 75 many
1657 221 81 75 male
1752 221 125 75 flowers
1895 221 32 75 in
1945 221 56 75 the
2013 221 81 75 difk.
2142 221 113 75 There
2265 221 27 75 ts

1303 267 58 75 but
1377 267 60 75 one
1449 267 118 75 fpecies
1584 267 40 75 of
1643 267 158 75 ardtopus,
1828 267 71 75 viz.
1926 267 56 75 the
1999 267 179 75 echinatus,
2205 267 18 75 a
2237 267 56 75 na-

1305 313 66 75 tive
1388 313 40 75 of
1447 313 166 75 Ethiopia.

1256 362 263 75 ARCTOTIS,
1545 362 33 75 in
1598 362 134 75 botany,
1758 362 19 75 a
1792 362 99 75 genus
1908 362 41 75 of
1964 362 58 75 the
2039 362 180 75 fyngeijefia
2235 362 58 75 po-

1304 408 138 75 lygamia
1465 408 169 75 nece/Faria
1658 408 93 75 clafs.
1800 408 78 75 The
1902 408 177 75 receptacle
2107 408 26 75 is
2159 408 133 75 briftly;

1304 456 55 75 the
1376 456 118 75 corona
1510 456 41 75 of
1562 456 56 75 the
1634 456 123 75 pappus
1766 456 28 75 is
1807 456 244 75 pentapbyllous
2064 456 10 75 ;
2092 456 64 75 and
2165 456 58 75 the
2240 456 37 75 ca
2287 456 5 75 -

1304 503 49 75 lix
1376 503 26 75 is
1427 503 202 75 imbricated,
1658 503 80 75 with
1766 503 56 75 the
1846 503 100 75 foales
1972 503 87 75 loofe
2085 503 32 75 at
2142 503 55 75 the
2223 503 69 75 top.

1302 551 114 75 There
1432 551 54 75 are
1510 551 34 75 11
1567 551 118 75 fpecies
1703 551 40 75 of
1761 551 144 75 ar&otis,
1929 551 41 75 all
1997 551 43 75 of
2056 551 89 75 them
2170 551 123 75 natives

1303 596 40 75 of
1362 596 167 75 Ethiopia,
1555 596 36 75 or
1609 596 56 75 the
1683 596 89 75 Cape
1790 596 40 75 of
1849 596 102 75 Good
1968 596 109 75 Hope.

1256 645 281 75 ARCTURUS,
1563 645 19 75 a
1607 645 89 75 fixed
1718 645 62 75 dai
1805 645 39 75 of
1865 645 56 75 the
1945 645 65 75 find
2034 645 197 75 magnitude,
2256 645 36 75 io

1305 691 55 75 the
1376 691 77 75 fkirt
1470 691 39 75 of
1529 691 132 75 Bootes.

1256 739 210 75 ARCTUS,
1491 739 33 75 in
1542 739 193 75 adronomy.
1761 739 55 75 the
1832 739 115 75 Greek
1968 739 93 75 name
2084 739 41 75 of
2143 739 56 75 the
2221 739 72 75 urfa

1304 788 103 75 major
1423 788 62 75 and
1502 788 137 75 minor..
1670 788 63 75 See
1749 788 270 75 Astrohomy,
2045 788 198 75 andUasA.

1256 834 306 75 ARCUATION,
1589 834 32 75 in
1646 834 188 75 gardening,
1860 834 57 75 the
1942 834 114 75 raifing
2081 834 41 75 of
2141 834 84 75 trees
2248 834 46 75 by

1303 879 116 75 layers.
1470 879 60 75 See
1547 879 258 75 Gardening.

1257 926 57 75 Ar
1322 926 195 75 cuation,
1546 926 32 75 in
1595 926 143 75 forgery,
1763 926 134 75 denotes
1915 926 18 75 a
1945 926 170 75 didortion
2131 926 39 75 or
2185 926 108 75 incur-

1304 972 107 75 vation
1429 972 39 75 of
1487 972 57 75 the
1559 972 112 75 bones,
1696 972 34 75 as
1742 972 142 75 happens
1896 972 32 75 in
1947 972 56 75 the
2020 972 131 75 tickets,
2178 972 66 75 isc.

1257 1020 237 75 ARCUTIQj
1528 1020 18 75 a
1573 1020 146 75 machine
1743 1020 168 75 eonfiding
1936 1020 42 75 of
2001 1020 120 75 hoops,
2153 1020 78 75 ufed
2258 1020 33 75 in

1306 1068 155 75 Florence
1479 1068 44 75 by
1539 1068 121 75 nurfes,
1677 1068 32 75 in
1725 1068 97 75 order
1839 1068 34 75 to
1885 1068 134 75 prevent
2034 1068 56 75 the
2106 1068 88 75 child
2205 1068 86 75 from

1304 1114 96 75 being
1423 1114 156 75 overlaid.
1635 1114 109 75 Every
1771 1114 92 75 nurfe
1890 1114 26 75 is
1943 1114 130 75 obliged
2097 1114 35 75 to
2155 1114 54 75 lay
2231 1114 63 75 her

1305 1165 86 75 child
1407 1165 33 75 in
1462 1165 38 75 an
1517 1165 136 75 arcutio,
1679 1165 101 75 under
1795 1165 58 75 the
1875 1165 76 75 .pain
1974 1165 41 75 of
2033 1165 259 75 excommunica-

1305 1206 79 75 tion.

1257 1255 230 75 ARCYRIA,
1512 1255 32 75 in
1561 1255 134 75 botany.
1747 1255 62 75 See
1826 1255 233 75 Clathrus.

1258 1304 263 75 AR33ASSES,
1544 1304 56 75 the
1618 1304 133 75 coaifed
1767 1304 42 75 of
1827 1304 44 75 all
1888 1304 54 75 the
1960 1304 73 75 filks
2049 1304 32 75 in
2099 1304 119 75 Perfia.

1256 1349 183 75 ARDEA.
1465 1349 32 75 in
1514 1349 220 75 ornithology,
1759 1349 18 75 a
1793 1349 98 75 genus
1908 1349 40 75 of
1966 1349 56 75 the
2039 1349 95 75 order
2151 1349 41 75 of
2202 1349 88 75 graL

1304 1396 51 75 lae.
1405 1396 76 75 The
1497 1396 129 75 general
1643 1396 177 75 characters
1845 1396 40 75 of
1904 1396 65 75 this
1991 1396 96 75 order
2103 1396 54 75 are
2177 1396 114 75 thefer

1302 1443 77 75 The
1396 1443 58 75 bill
1464 1443 27 75 is
1510 1443 144 75 ftreight,
1679 1443 104 75 foarp,
1808 1443 89 75 long,
1922 1443 64 75 and
2008 1443 172 75 fomewhat
2203 1443 90 75 com-

1303 1491 133 75 preffed,
1462 1491 78 75 with
1559 1491 19 75 a
1599 1491 123 75 furrow
1738 1491 72 75 that
1826 1491 77 75 runs
1918 1491 85 75 from
2020 1491 56 75 die
2097 1491 126 75 nodrils
2241 1491 51 75 to-

1304 1537 105 75 wards
1426 1537 55 75 the
1499 1537 110 75 point;
1634 1537 57 75 the
1711 1537 125 75 nodrils
1854 1537 53 75 are
1923 1537 122 75 linear;
2073 1537 62 75 and
2152 1537 56 75 the
2225 1537 67 75 feet

1302 1585 83 75 have
1412 1585 73 75 four
1510 1585 83 75 toes.
1639 1585 88 75 This
1751 1585 100 75 genus
1876 1585 127 75 confids
2026 1585 40 75 of
2085 1585 46 75 26
2148 1585 117 75 fpecies
2274 1585 18 75 5

1303 1632 62 75 and
1381 1632 100 75 under
1498 1632 26 75 it
1540 1632 152 75 Linnaeus
1708 1632 233 75 comprehends
1955 1632 59 75 the
2035 1632 76 75 grus
2128 1632 37 75 or
2180 1632 110 75 crane,

1304 1680 54 75 the
1376 1680 123 75 ciconia
1514 1680 38 75 or
1568 1680 99 75 dork,
1690 1680 64 75 and
1769 1680 165 75 theardea
1949 1680 38 75 or
2002 1680 114 75 heron,
2136 1680 41 75 of
2195 1680 98 75 other

1305 1726 142 75 authors.
1486 1726 77 75 The
1578 1726 65 75 fird
1659 1726 119 75 fpecies
1793 1726 28 75 is
1833 1726 55 75 the
1904 1726 171 75 pavonina,
2093 1726 37 75 or
2141 1726 151 75 crowned

1304 1774 107 75 crane,
1437 1774 104 75 which
1559 1774 58 75 has
1641 1774 39 75 an
1697 1774 83 75 erect
1791 1774 112 75 brifHy
1919 1774 92 75 cred,
2035 1774 82 75 with
2131 1774 56 75 the
2209 1774 83 75 tem-

1304 1820 66 75 ples
1384 1820 63 75 and
1463 1820 66 75 two
1545 1820 128 75 wattles
1689 1820 116 75 naked.
1854 1820 78 75 The
1947 1820 84 75 head
2046 1820 26 75 is
2092 1820 92 75 black
2196 1820 10 75 ;
2233 1820 60 75 the

1304 1867 79 75 cred
1399 1867 27 75 is
1443 1867 175 75 yellowifh,
1643 1867 64 75 and
1731 1867 109 75 tipped
1863 1867 81 75 with
1970 1867 95 75 black
2089 1867 32 75 at
2138 1867 56 75 the
2211 1867 79 75 top;

1303 1913 55 75 the
1372 1913 99 75 wings
1484 1913 54 75 are
1549 1913 121 75 white;
1696 1913 64 75 and
1771 1913 56 75 the
1840 1913 142 75 feathers
1994 1913 40 75 of
2044 1913 57 75 the
2113 1913 57 75 tail
2181 1913 108 75 black,

1301 1960 66 75 and
1391 1960 42 75 of
1449 1960 40 75 an
1513 1960 96 75 equal
1631 1960 125 75 length.
1806 1960 33 75 It
1864 1960 28 75 is
1920 1960 19 75 a
1966 1960 107 75 native
2097 1960 45 75 of
2162 1960 129 75 Africa.

1305 2009 33 75 2.
1357 2009 77 75 The
1449 2009 92 75 virgo
1557 2009 57 75 has
1627 2009 76 75 long
1719 2009 99 75 white
1834 2009 166 75 fopercilia
2012 2009 71 75 that
2098 2009 85 75 hang
2194 2009 98 75 down

1302 2055 201 75 backwards.
1550 2055 78 75 The
1646 2055 86 75 body
1747 2055 28 75 is
1791 2055 40 75 of
1851 2055 17 75 a
1885 2055 101 75 bluifli
2009 2055 192 75 alh-colour,
2228 2055 63 75 and

1303 2100 98 75 about
1417 2100 57 75 the
1485 2100 62 75 fize
1564 2100 41 75 of
1616 2100 19 75 a
1651 2100 85 75 dork
1747 2100 17 75 ^
1784 2100 55 75 the
1855 2100 83 75 head
1950 2100 63 75 and
2029 2100 102 75 prime
2147 2100 143 75 feathers

1302 2148 40 75 of
1363 2148 55 75 the
1433 2148 102 75 wings
1551 2148 142 75 towards
1711 2148 56 75 the
1782 2148 111 75 points
1909 2148 54 75 are
1979 2148 96 75 black
2089 2148 64 75 and
2169 2148 122 75 pendu-

1302 2195 71 75 lous
1385 2195 10 75 ;
1422 2195 55 75 the
1494 2195 98 75 edges
1604 2195 53 75 are
1673 2195 74 75 red^
1761 2195 63 75 and
1840 2195 55 75 the
1908 2195 104 75 pupils
2024 2195 53 75 are
2094 2195 197 75 afli-colour-

1302 2242 63 75 ed;
1392 2242 119 75 behind
1522 2242 57 75 the
1591 2242 88 75 eyes,
1697 2242 41 75 on
1750 2242 81 75 both
1847 2242 93 75 fides,
1957 2242 92 75 there
2065 2242 27 75 is
2109 2242 18 75 a
2141 2242 152 75 feathery

1304 2290 91 75 cred,
1412 2290 105 75 which
1529 2290 91 75 turns
1633 2290 186 75 backwards
1831 2290 17 75 a
1861 2290 214 75 confidcrable
2086 2290 85 75 way,
2188 2290 62 75 and
2261 2290 29 75 is

1304 2337 41 75 of
1351 2337 19 75 a
1382 2337 97 75 white
1489 2337 130 75 colour:
1637 2337 78 75 The
1725 2337 65 75 feet
1799 2337 53 75 are
1865 2337 114 75 black;
1998 2337 56 75 the
2065 2337 83 75 beak
2159 2337 26 75 is
2195 2337 97 75 green

1305 2383 32 75 at
1355 2383 55 75 the
1431 2383 86 75 bafe,
1543 2383 162 75 yellowilh
1727 2383 32 75 in
1783 2383 55 75 the
1859 2383 134 75 middle,
2016 2383 65 75 and
2104 2383 58 75 red
2186 2383 33 75 at
2235 2383 57 75 the

1304 2431 103 75 point.
1457 2431 34 75 3.
1514 2431 78 75 The
1609 2431 191 75 canadenfis,
1818 2431 37 75 or
1866 2431 112 75 brown
1992 2431 61 75 and
2070 2431 223 75 alh-coloured

1304 2478 93 75 crane
1414 2478 41 75 of
1473 2478 172 75 Edwards,
1670 2478 25 75 is
1714 2478 102 75 naked
1833 2478 65 75 and
1912 2478 157 75 papilious
2084 2478 42 75 on
2139 2478 55 75 the
2206 2478 88 75 fore-

1301 2524 83 75 head
1396 2524 11 75 ;
1434 2524 55 75 the
1500 2524 88 75 body
1604 2524 27 75 is
1643 2524 235 75 afh-coloured,
1896 2524 62 75 and
1968 2524 55 75 the
2041 2524 102 75 wings
2155 2524 54 75 are
2220 2524 41 75 of
2271 2524 20 75 a

1302 2570 126 75 reddidi
1452 2570 37 75 or
1516 2570 234 75 brick-colour.
1801 2570 33 75 4.
1860 2570 78 75 The
1964 2570 89 75 grus,
2078 2570 38 75 or
2142 2570 150 75 common

1304 2618 93 75 crane
1414 2618 39 75 of
1463 2618 132 75 Englilh
1608 2618 145 75 authors,
1765 2618 63 75 Eas
1840 2618 19 75 a
1869 2618 103 75 naked
1984 2618 157 75 papilious
2157 2618 130 75 crown;

1304 2665 54 75 the
1382 2665 102 75 prime
1505 2665 142 75 feathers
1669 2665 41 75 of
1728 2665 56 75 the
1799 2665 101 75 wings
1917 2665 53 75 are
1986 2665 118 75 black;
2129 2665 56 75 the
2201 2665 90 75 body

1304 2711 26 75 is
1351 2711 244 75 alb-coloured;
1631 2711 55 75 the
1716 2711 100 75 prime
1844 2711 141 75 feathers
2012 2711 41 75 of
2074 2711 55 75 the
2150 2711 57 75 tail
2235 2711 57 75 are

1303 2759 132 75 ragged.
1484 2759 32 75 It
1544 2759 27 75 is
1595 2759 19 75 a
1638 2759 106 75 native
1769 2759 41 75 of
1826 2759 133 75 Europe
1985 2759 64 75 and
2077 2759 127 75 Africa.
2251 2759 44 75 It.

1305 2806 130 75 v/inters
1451 2806 31 75 in
1496 2806 188 75 Lithuania,
1709 2806 133 75 Padolia
1855 2806 8 75 :
1891 2806 108 75 Trans
2024 2806 143 75 Pontum
2181 2806 108 75 fugat

1305 2855 30 75 et
1361 2855 100 75 terris
1487 2855 151 75 immittit
1662 2855 139 75 apricis.
1849 2855 96 75 Virg.
1991 2855 89 75 This
2103 2855 74 75 bird
2199 2855 89 75 com-

1303 2900 110 75 monly
1436 2900 78 75 reds
1538 2900 90 75 upon'
1647 2900 60 75 one
1729 2900 83 75 foot.
1870 2900 34 75 5.
1933 2900 78 75 The
2033 2900 189 75 americana,
2249 2900 40 75 or

1302 2946 140 75 hooping
1465 2946 94 75 crane
1582 2946 40 75 of
1640 2946 173 75 Edwards,
1836 2946 28 75 is
1888 2946 20 75 a
1930 2946 108 75 native
2061 2946 40 75 of
2112 2946 172 75 America:

1299 2994 78 75 The
1394 2994 106 75 crown
1524 2994 40 75 of
1582 2994 55 75 the
1661 2994 83 75 head
1769 2994 63 75 and
1858 2994 133 75 temples
2017 2994 54 75 are
2095 2994 105 75 naked
2223 2994 64 75 and

1298 3041 181 75 papilious;
1502 3041 56 75 the
1573 3041 168 75 forehead,
1763 3041 83 75 nape
1861 3041 41 75 of
1921 3041 55 75 the
1987 3041 93 75 neck,
2107 3041 62 75 and
2185 3041 101 75 prime

2184 3084 102 75 wing-
