2466 3327
546 91 1202 75 AGRICULTURE.

2150 91 58 75 4?

98 167 85 75 from
203 167 59 75 the
274 167 91 75 feed:
392 167 68 75 But
475 167 33 75 in
525 167 85 75 feme
626 167 26 75 it
669 167 26 75 is
711 167 89 75 more
811 167 217 75 immediately
1043 167 85 75 deii-

99 214 61 75 ved
175 214 86 75 from
277 214 55 75 the
352 214 93 75 bark.
494 214 67 75 For
576 214 55 75 the
648 214 164 75 infertions
830 214 40 75 of
882 214 54 75 the
957 214 79 75 bark
1052 214 75 75 run-

99 261 74 75 ning
189 261 31 75 in
235 261 137 75 betwixt
388 261 55 75 the
460 261 74 75 rays
543 261 40 75 of
594 261 55 75 the
666 261 108 75 wood,
791 261 85 75 meet
888 261 31 75 in
936 261 54 75 the
1007 261 120 75 centre,

98 307 63 75 and
176 307 167 75 conilitute
360 307 55 75 the
431 307 84 75 pith.
548 307 34 75 It
597 307 26 75 is
640 307 107 75 owing
763 307 34 75 to
814 307 64 75 this
891 307 236 75 circumftance,

97 353 70 75 that
196 353 115 75 among
333 353 89 75 roots
453 353 106 75 which
591 353 82 75 have
698 353 42 75 no
764 353 70 75 pith
863 353 34 75 in
921 353 85 75 their
1029 353 102 75 lower

98 400 100 75 parts,
224 400 79 75 they
326 400 54 75 are
397 400 109 75 amply
521 400 157 75 provided
694 400 79 75 with
789 400 27 75 it
834 400 139 75 towards
990 400 55 75 the
1057 400 70 75 top,

98 447 32 75 as
144 447 32 75 in
192 447 193 75 columbine,
409 447 127 75 lovage,
572 447 66 75 6v,

143 493 76 75 The
235 493 149 75 bladders
401 493 41 75 of
463 493 57 75 the
543 493 70 75 pith
635 493 54 75 are
712 493 41 75 of
771 493 78 75 very
867 493 151 75 different
1034 493 92 75 fizes,

98 539 63 75 and
186 539 164 75 generally
367 539 40 75 of
430 539 19 75 a
480 539 136 75 circular
646 539 113 75 figure.
807 539 105 75 Their
940 539 132 75 pofition
1099 539 40 75 is_

96 586 90 75 more
213 586 141 75 uniform
380 586 77 75 than
479 586 33 75 in
537 586 55 75 the
616 586 92 75 bark.
757 586 105 75 Their
883 586 78 75 fides
990 586 54 75 are
1069 586 57 75 not

96 632 86 75 mere
199 632 96 75 films,
319 632 57 75 but
393 632 19 75 a
422 632 206 75 compofition
644 632 42 75 of
695 632 91 75 fmall
802 632 95 75 fibres
918 632 37 75 or
972 632 128 75 threads
1112 632 12 75 ;

97 677 106 75 which
219 677 88 75 gives
333 677 55 75 the
412 677 83 75 pith,
513 677 93 75 when
626 677 122 75 viewed
771 677 81 75 with
874 677 19 75 a
919 677 207 75 microfcope,

97 725 55 75 the
164 725 193 75 appearance
374 725 40 75 of
421 725 18 75 a
449 725 87 75 piece
548 725 40 75 of
596 725 60 75 fine
673 725 113 75 gauze,
804 725 38 75 or
858 725 173 75 net-work.

145 770 68 75 We
232 770 77 75 fhall
332 770 153 75 conclude
502 770 54 75 the
573 770 191 75 defcription
782 770 41 75 of
844 770 100 75 roots,
970 770 80 75 with
1067 770 59 75 ob-

98 816 136 75 ferving,
257 816 70 75 that
343 816 85 75 their
444 816 104 75 whole
570 816 163 75 fubftance
748 816 26 75 is
791 816 134 75 nothing
941 816 57 75 but
1015 816 18 75 a
1049 816 77 75 con-

98 862 100 75 geries
217 862 40 75 of
275 862 92 75 tubes
383 862 63 75 and
461 862 107 75 fibres,
588 862 138 75 adapted
744 862 43 75 by
802 862 113 75 nature
930 862 52 75 for
999 862 55 75 the
1070 862 56 75 ab-

97 908 198 75 ferption.of
305 908 226 75 nourifhment,
557 908 62 75 and
635 908 42 75 of
687 908 109 75 courfe
812 908 56 75 the
884 908 164 75 extenfion
1065 908 62 75 and

98 955 237 75 augmentation
352 955 39 75 of
403 955 84 75 their
504 955 101 75 parts.

98 1047 130 75 Plate
255 1047 65 75 IV.
368 1047 73 75 Fig.
484 1047 35 75 9.
568 1047 34 75 A
614 1047 172 75 tranfverfe
803 1047 117 75 fedtion
936 1047 39 75 of
987 1047 56 75 the
1056 1047 73 75 root

618 1094 40 75 of
672 1094 209 75 wormwood,
905 1094 33 75 as
955 1094 26 75 it
998 1094 131 75 appears

617 1139 34 75 to
668 1139 54 75 the
739 1139 106 75 naked
860 1139 71 75 eye.

355 1186 74 75 Fig.
451 1186 55 75 10.
553 1186 34 75 A
603 1186 117 75 fe&ion
737 1186 40 75 of
795 1186 55 75 fig.
870 1186 33 75 9.
928 1186 183 75 magnified.

555 1233 31 75 A
601 1233 44 75 A,
662 1233 76 75 The
751 1233 79 75 fkin,
846 1233 81 75 with
939 1233 40 75 its
990 1233 122 75 veffels.

551 1279 28 75 B
594 1279 28 75 B
636 1279 27 75 B
678 1279 42 75 B,
732 1279 78 75 The
822 1279 91 75 bark.
937 1279 78 75 The
1028 1279 102 75 round

620 1325 103 75 holes,
753 1325 29 75 C
800 1325 30 75 C
848 1325 43 75 C,
910 1325 64 75 <bc.
1004 1325 52 75 are
1074 1325 56 75 the

619 1370 216 75 lymph-dudts
872 1370 40 75 of
941 1370 55 75 the
1037 1370 92 75 bark.

620 1419 59 75 All
704 1419 55 75 the
782 1419 92 75 other
897 1419 92 75 holes
1006 1419 53 75 are
1075 1419 54 75 lit-

110 1463 6 75 .

618 1463 46 75 tie
682 1463 76 75 cells
776 1463 63 75 and
854 1463 193 75 fap-veffels.

549 1511 35 75 D
603 1511 35 75 D
657 1511 48 75 D,
723 1511 292 75 Parenchymatous
1032 1511 98 75 infer-

620 1557 84 75 tions
732 1557 85 75 from
846 1557 56 75 the
929 1557 93 75 bark,
1051 1557 81 75 with

619 1603 55 75 tire
691 1603 90 75 cells,
800 1603 64 75 <bc.

551 1649 29 75 E
592 1649 29 75 E
635 1649 30 75 E
678 1649 44 75 E,
739 1649 76 75 The
825 1649 70 75 rays
905 1649 40 75 of
957 1649 54 75 the
1023 1649 107 75 wood,

620 1693 32 75 in
680 1693 107 75 which
810 1693 56 75 the
885 1693 91 75 holes
999 1693 53 75 are
1076 1693 56 75 the

623 1740 184 75 air-veffels.

342 1788 50 75 N.
412 1788 43 75 B.
479 1788 86 75 This
583 1788 72 75 root
670 1788 59 75 has
745 1788 42 75 no
803 1788 84 75 pith.

122 1896 172 75 Sect.
325 1896 68 75 III.
453 1896 65 75 Of
536 1896 67 75 the
629 1896 140 75 Trunks
790 1896 128 75 Stalk,
938 1896 39 75 or
991 1896 116 75 Stem.

148 1974 40 75 In
215 1974 178 75 deferibing
409 1974 55 75 the
482 1974 112 75 trunks
622 1974 39 75 of
684 1974 117 75 plants,
826 1974 27 75 it
872 1974 27 75 is
915 1974 161 75 neceffary
1093 1974 36 75 to

100 2021 145 75 prerqife,
271 2021 71 75 that
359 2021 162 75 whatever
536 2021 29 75 is
580 2021 161 75 faid-with
758 2021 117 75 regard
894 2021 35 75 to
945 2021 102 75 them,
1074 2021 55 75 ap-

100 2066 79 75 plies
196 2066 129 75 equally
342 2066 34 75 to
394 2066 55 75 the
461 2066 171 75 branches,

146 2113 76 75 The
239 2113 109 75 trunk,
365 2113 64 75 like
445 2113 56 75 the
518 2113 86 75 root,
631 2113 124 75 confifts
775 2113 41 75 of
829 2113 91 75 three
936 2113 101 75 parts,
1056 2113 71 75 viz.

100 2159 56 75 the
178 2159 92 75 bark,
298 2159 108 75 wood,
430 2159 62 75 and
510 2159 83 75 pith.
640 2159 110 75 Thefe
778 2159 99 75 parts,
906 2159 123 75 though
1054 2159 72 75 fub-

100 2205 157 75 ftantially
272 2205 55 75 the
340 2205 97 75 ^fame
458 2205 30 75 in
514 2205 55 75 the
594 2205 98 75 trunk
716 2205 33 75 as
773 2205 33 75 in
829 2205 55 75 the
908 2205 86 75 root,
1021 2205 53 75 are
1094 2205 33 75 in

99 2253 189 75 many.cafes
305 2253 78 75 very
398 2253 150 75 different
563 2253 32 75 in
604 2253 85 75 their
700 2253 129 75 texture
846 2253 62 75 and
920 2253 206 75 appearance.
1142 2253 10 75 '

152 2300 13 75 r
173 2300 8 75 .
204 2300 77 75 The
305 2300 66 75 fkin
395 2300 39 75 of
451 2300 55 75 the
523 2300 79 75 bark
619 2300 26 75 is
670 2300 169 75 compofed
854 2300 41 75 of
911 2300 79 75 very
1005 2300 122 75 minute

97 2344 162 75 bladders,
282 2344 208 75 incerfperfed
509 2344 80 75 with
604 2344 211 75 longitudinal
832 2344 117 75 woody
965 2344 109 75 fibres,
1092 2344 33 75 as

98 2390 33 75 in
147 2390 55 75 the
220 2390 112 75 nettle,
346 2390 117 75 thiille,
475 2390 62 75 and
549 2390 78 75 moft
639 2390 110 75 herbs.
796 2390 77 75 The
887 2390 119 75 outfide
1023 2390 41 75 of
1070 2390 55 75 the

98 2437 68 75 fkin
181 2437 26 75 is
224 2437 111 75 vifibly
344 2437 116 75 porous
477 2437 32 75 in
525 2437 85 75 feme
626 2437 119 75 plants,
758 2437 205 75 particularly
971 2437 54 75 the
1035 2437 94 75 cane.

145 2484 76 75 The
238 2484 152 75 principal
407 2484 86 75 body
514 2484 40 75 of
572 2484 55 75 the
651 2484 81 75 bark
756 2484 26 75 is
808 2484 169 75 compofed
993 2484 40 75 of
1049 2484 77 75 pulp

99 2529 37 75 or
147 2529 224 75 parenchyma,
390 2529 61 75 and
466 2529 218 75 innumerable
698 2529 109 75 veffels
820 2529 96 75 much
931 2529 106 75 larger
1049 2529 78 75 than

98 2575 90 75 thofe
206 2575 40 75 of
256 2575 55 75 the
328 2575 79 75 fkin.
456 2575 78 75 The
550 2575 131 75 texture
697 2575 40 75 of
759 2575 54 75 the
829 2575 101 75 pulpy
945 2575 84 75 part,
1057 2575 68 75 tho

99 2623 54 75 the
170 2623 82 75 fame
268 2623 160 75 fubftance
443 2623 79 75 with
535 2623 55 75 the
607 2623 212 75 parenchyma
834 2623 32 75 in
879 2623 102 75 roots,
995 2623 54 75 yet
1066 2623 59 75 fel-

100 2669 75 75 dom
200 2669 131 75 appears
357 2669 32 75 in
413 2669 56 75 the
486 2669 83 75 form
593 2669 40 75 of
649 2669 73 75 rays
746 2669 136 75 running
910 2669 139 75 towards
1070 2669 55 75 the

99 2714 69 75 pith
183 2714 11 75 ;
221 2714 62 75 and
298 2714 94 75 when
417 2714 88 75 thefe
521 2714 72 75 rays
610 2714 44 75 do
676 2714 127 75 appear,
827 2714 77 75 they
921 2714 42 75 do
987 2714 56 75 not
1067 2714 58 75 ex-

99 2760 78 75 tend
197 2760 98 75 above
311 2760 75 75 half
395 2760 73 75 way
482 2760 35 75 to
534 2760 55 75 the
606 2760 258 75 circumference.
913 2760 76 75 The
1014 2760 113 75 veffeis.

98 2807 40 75 gf
148 2807 56 75 the
220 2807 79 75 bark
316 2807 52 75 are
379 2807 78 75 very
474 2807 185 75 differently
673 2807 148 75 fituated,
840 2807 62 75 and
914 2807 141 75 deftined
1071 2807 52 75 for

98 2854 129 75 various
240 2854 148 75 purpofes
405 2854 31 75 in
448 2854 284 75 different.plants.
765 2854 67 75 For
843 2854 159 75 example,
1020 2854 32 75 in
1070 2854 55 75 the

100 2899 80 75 bark
196 2899 39 75 of
246 2899 54 75 the
317 2899 91 75 Pine,
441 2899 55 75 the
519 2899 112 75 inmoft
656 2899 53 75 are
732 2899 228 75 lymph-dufts,
988 2899 62 75 and
1066 2899 58 75 ex-

101 2946 164 75 ceedingly
281 2946 110 75 fmall;
417 2946 55 75 the
488 2946 136 75 outmofl
641 2946 53 75 are
710 2946 77 75 gum
795 2946 36 75 or
847 2946 119 75 refinifc
971 2946 73 75 rods
1055 2946 69 75 vef-

1175 161 73 75 fels,
1266 161 141 75 deftined
1423 161 52 75 for
1492 161 55 75 the
1562 161 157 75 fecretion
1735 161 39 75 of
1795 161 180 75 turpentine
1987 161 10 75 ;
2025 161 62 75 and
2103 161 53 75 are
2172 161 39 75 fe

1176 207 99 75 large,
1294 207 33 75 as
1345 207 34 75 to
1396 207 40 75 be
1451 207 159 75 diflindly
1625 207 109 75 vifible
1749 207 35 75 to
1800 207 55 75 the
1872 207 104 75 naked
1991 207 72 75 eye.

1226 256 32 75 2.
1282 256 77 75 The
1381 256 126 75 Wood
1533 256 59 75 lies
1617 256 138 75 betwixt
1771 256 55 75 the
1851 256 79 75 bark
1952 256 63 75 and
2040 256 81 75 pith,
2143 256 64 75 and

1177 300 123 75 confifls
1318 300 40 75 of
1385 300 64 75 two
1466 300 102 75 parts,
1591 300 70 75 viz.
1689 300 18 75 a
1731 300 300 75 parenchymatous,
2058 300 63 75 and
2144 300 61 75 lig-

1177 346 92 75 nous.
1309 346 38 75 In
1359 346 44 75 all
1419 346 97 75 trees,
1526 346 55 75 the
1598 346 287 75 parenchymatous
1897 346 70 75 part
1979 346 41 75 of
2030 346 56 75 the
2098 346 107 75 wood,

1177 392 122 75 though
1317 392 94 75 much
1427 392 177 75 diverfified
1620 392 32 75 as
1670 392 35 75 to
1721 392 62 75 fize
1800 392 63 75 and
1879 392 198 75 confidence,
2090 392 27 75 is
2135 392 72 75 uni-

1177 439 119 75 formly
1312 439 144 75 difpofed
1471 439 33 75 in
1520 439 198 75 diametrical
1735 439 84 75 rays,
1833 439 37 75 or
1886 439 167 75 infertions
2070 439 138 75 running

1177 485 138 75 betwixt
1331 485 115 75 fimilar
1458 485 72 75 rays
1548 485 42 75 of
1599 485 56 75 the
1671 485 125 75 lignous
1814 485 85 75 part.

1221 532 77 75 The
1315 532 71 75 true
1402 532 96 75 wood
1513 532 27 75 is
1557 532 135 75 nothing
1709 532 57 75 but
1783 532 18 75 a
1817 532 163 75 congeries
1998 532 40 75 of
2048 532 56 75 old
2115 532 93 75 dried

1175 579 230 75 lymph-dudts.
1454 579 154 75 Between
1635 579 56 75 the
1712 579 81 75 bark
1820 579 62 75 and
1901 579 55 75 the
1973 579 95 75 wood
2096 579 18 75 a
2135 579 73 75 new

1176 624 69 75 ring
1261 624 40 75 of
1312 624 87 75 thefe
1415 624 90 75 dudts
1521 624 27 75 is
1567 624 124 75 formed
1707 624 97 75 every
1816 624 88 75 year,
1917 624 106 75 which
2034 624 175 75 gradually

1174 671 101 75 looies
1293 671 41 75 its
1351 671 131 75 foftnefs
1500 671 32 75 as
1550 671 55 75 the
1622 671 75 75 cold
1712 671 106 75 feafbn
1838 671 205 75 approaches,
2064 671 74 75 and,
2156 671 51 75 to-

1176 717 103 75 wards
1305 717 56 75 the
1377 717 120 75 middle
1518 717 41 75 of
1577 717 138 75 winter,'
1733 717 27 75 is
1789 717 179 75 condenfed
1994 717 70 75 into
2084 717 19 75 a
2126 717 82 75 felid

1176 763 70 75 ring
1263 763 40 75 of
1322 763 111 75 wood,
1477 763 110 75 Thefe
1604 763 114 75 annual
1734 763 99 75 rings,
1855 763 106 75 which
1978 763 53 75 are
2048 763 159 75 diftindtly

1174 811 108 75 vifible
1305 811 33 75 in
1355 811 79 75 moft
1456 811 83 75 trees
1556 811 93 75 when
1667 811 54 75 cut
1737 811 154 75 through,
1921 811 87 75 ferve
2026 811 33 75 as
2081 811 125 75 natural

1175 857 105 75 marks
1313 857 35 75 to
1381 857 181 75 diftinguifh
1590 857 83 75 their
1706 857 70 75 age.
1813 857 93 75 Plate
1934 857 46 75 V.
2009 857 55 75 fig.
2103 857 30 75 1,
2169 857 34 75 2.

1175 904 77 75 The
1269 904 86 75 rings
1372 904 41 75 of
1434 904 60 75 one
1521 904 75 75 year
1618 904 54 75 are
1688 904 179 75 femetimes
1884 904 118 75 larger,
2026 904 181 75 fometimes

1175 950 72 75 fefs,
1259 950 76 75 than
1352 950 94 75 thofe-
1458 950 41 75 of
1511 950 145 75 another,
1670 950 158 75 probably
1838 950 107 75 owing
1961 950 36 75 to
2009 950 54 75 the
2076 950 130 75 favour-

1178 997 139 75 ablenefs
1341 997 38 75 or
1394 997 299 75 unfavourablenefs
1709 997 41 75 of
1761 997 55 75 the
1832 997 120 75 feafon.

1228 1044 32 75 3.
1284 1044 78 75 The
1386 1044 117 75 Pith,
1529 1044 125 75 though
1671 1044 39 75 of
1730 1044 18 75 a
1764 1044 150 75 different
1932 1044 142 75 texture,
2103 1044 27 75 is
2147 1044 59 75 ex-

1178 1091 83 75 actly
1274 1091 44 75 of
1341 1091 55 75 the
1411 1091 84 75 fame
1511 1091 160 75 fubftance
1689 1091 78 75 with
1783 1091 56 75 the
1864 1091 214 75 parenchyma
2093 1091 41 75 of
2150 1091 57 75 the

1178 1136 91 75 bark,
1291 1136 63 75 and
1369 1136 56 75 the
1441 1136 167 75 infertions
1626 1136 40 75 of
1685 1136 56 75 the
1757 1136 108 75 wood.
1913 1136 76 75 The
2008 1136 149 75 quantity
2172 1136 44 75 of

1178 1183 67 75 pith
1264 1183 27 75 is
1306 1183 126 75 various
1449 1183 32 75 in
1504 1183 150 75 different
1677 1183 117 75 plants.
1843 1183 126 75 Inftead
1985 1183 39 75 of
2047 1183 95 75 being
2158 1183 49 75 in-

1179 1230 125 75 creafed
1330 1230 97 75 every
1443 1230 77 75 year
1541 1230 64 75 like
1630 1230 57 75 the
1713 1230 108 75 wood,
1849 1230 27 75 it
1899 1230 25 75 is
1949 1230 151 75 annually
2115 1230 93 75 dimi-

1179 1276 119 75 niihed,
1315 1276 40 75 its
1374 1276 108 75 veffels
1499 1276 116 75 drying
1625 1276 55 75 up,
1698 1276 63 75 and
1777 1276 151 75 affuming
1943 1276 56 75 the
2016 1276 204 75 appearance,

1180 1322 61 75 and
1257 1322 150 75 ftrudture
1424 1322 41 75 of
1470 1322 114 75 wood;
1610 1322 34 75 in
1660 1322 34 75 fo
1706 1322 96 75 much
1814 1322 71 75 that
1901 1322 34 75 in
1946 1322 57 75 old
2019 1322 84 75 trees
2116 1322 95 75 there

1178 1369 27 75 is
1221 1369 103 75 fearce
1341 1369 75 75 fuch
1434 1369 19 75 a
1469 1369 91 75 thing
1577 1369 32 75 as
1627 1369 69 75 pith
1714 1369 34 75 to
1764 1369 40 75 be
1821 1369 177 75 difcerned.

1226 1415 33 75 A
1283 1415 71 75 ring
1381 1415 41 75 of
1443 1415 179 75 fap-veffels
1650 1415 54 75 ape
1727 1415 122 75 ufually
1865 1415 113 75 placed
1994 1415 34 75 at
2044 1415 55 75 the
2116 1415 99 75 outer,

1180 1461 79 75 edge
1275 1461 41 75 of
1326 1461 56 75 the
1399 1461 82 75 pith,
1508 1461 79 75 next
1602 1461 56 75 the
1674 1461 108 75 wood.
1832 1461 38 75 In
1888 1461 54 75 the
1959 1461 84 75 pine,
2068 1461 55 75 fig,
2146 1461 64 75 and

1180 1507 133 75 walnut,
1341 1507 78 75 they
1447 1507 52 75 are
1519 1507 79 75 very
1613 1507 101 75 large.
1764 1507 76 75 The
1861 1507 212 75 parenchyma
2101 1507 41 75 of
2151 1507 58 75 the

1180 1553 80 75 pith,
1277 1553 26 75 is
1321 1553 169 75 compofed
1506 1553 41 75 of
1561 1553 89 75 fmall
1674 1553 77 75 cells
1768 1553 37 75 or
1821 1553 162 75 bladders,
2002 1553 39 75 of
2053 1553 54 75 the
2124 1553 96 75 fame,

1179 1600 75 75 kind
1272 1600 79 75 with
1368 1600 89 75 thofe
1473 1600 41 75 of
1526 1600 56 75 the
1597 1600 92 75 bark,
1708 1600 77 75 only
1798 1600 40 75 of
1849 1600 18 75 a
1882 1600 108 75 larger
2006 1600 76 75 fize.
2129 1600 80 75 The

1179 1646 127 75 general
1323 1646 99 75 figure
1438 1646 40 75 of
1505 1646 87 75 thefe
1609 1646 147 75 biadders
1780 1646 27 75 is
1835 1646 157 75 circular;
2028 1646 124 75 though
2175 1646 35 75 in

1180 1693 85 75 feme
1281 1693 116 75 plants,
1416 1693 33 75 as
1465 1693 55 75 the
1541 1693 119 75 thiftle,
1676 1693 63 75 and
1758 1693 130 75 borage,
1903 1693 78 75 they
1993 1693 52 75 are
2062 1693 150 75 angular..

1178 1740 145 75 Though
1345 1740 56 75 the
1428 1740 69 75 pith
1525 1740 26 75 is
1577 1740 169 75 originally
1763 1740 60 75 one
1851 1740 174 75 connedted
2052 1740 93 75 chain
2172 1740 42 75 of

1178 1786 147 75 bladders
1341 1786 10 75 ;
1381 1786 55 75 yet
1453 1786 31 75 as
1502 1786 56 75 the
1574 1786 89 75 plant
1686 1786 106 75 grows
1809 1786 67 75 old,
1901 1786 78 75 they
1994 1786 126 75 ftrrivel,
2146 1786 64 75 and

1178 1832 80 75 open
1274 1832 32 75 in
1329 1832 150 75 different
1494 1832 184 75 diredions.
1727 1832 38 75 In
1782 1832 56 75 the
1855 1832 130 75 walnut,
2004 1832 84 75 after
2104 1832 18 75 a
2138 1832 71 75 cer-

1177 1879 64 75 tain
1259 1879 70 75 age,
1357 1879 25 75 it
1400 1879 134 75 appears
1553 1879 32 75 in
1606 1879 55 75 the
1678 1879 85 75 form
1780 1879 40 75 of
1839 1879 20 75 a
1885 1879 127 75 regular
2031 1879 182 75 tranfverfe-

1176 1926 122 75 hollow
1314 1926 144 75 divifion.
1506 1926 38 75 In
1563 1926 83 75 feme
1663 1926 117 75 plants,
1809 1926 26 75 it
1855 1926 27 75 is
1909 1926 181 75 altogether
2105 1926 108 75 want-

1176 1973 53 75 ing
1240 1973 10 75 ;
1276 1973 33 75 in
1326 1973 123 75 others,
1468 1973 33 75 as
1518 1973 56 75 the
1590 1973 148 75 fenchus,
1756 1973 112 75 nettle,
1888 1973 64 75 fyc.
1971 1973 91 75 there
2085 1973 25 75 is
2128 1973 79 75 only

1177 2019 18 75 a
1211 2019 172 75 tranfverfe
1400 2019 150 75 partition
1568 2019 40 75 of
1630 2019 24 75 it
1680 2019 33 75 at
1730 2019 96 75 every
1843 2019 96 75 joint.
1989 2019 104 75 Many
2112 2019 96 75 other

1175 2065 151 75 varieties
1349 2065 105 75 might
1476 2065 42 75 be
1533 2065 184 75 mentioned
1727 2065 11 75 ;
1764 2065 58 75 but
1839 2065 183 75 thefe-muft
2038 2065 39 75 be
2094 2065 61 75 left
2170 2065 36 75 to

1176 2113 55 75 the
1248 2113 200 75 cbfervation
1461 2113 39 75 of
1515 2113 56 75 the
1587 2113 131 75 reader,.'
1718 2113 10 75 .

1175 2206 130 75 Plate
1333 2206 46 75 V.
1437 2206 72 75 Fig.
1532 2206 32 75 1.
1630 2206 35 75 A
1719 2206 174 75 tranfverfe
1935 2206 117 75 fedtion
2096 2206 40 75 of
2165 2206 4 75 .
2187 2206 21 75 a

1692 2251 118 75 branch
1827 2251 40 75 of
1884 2251 63 75 afh,
1973 2251 32 75 as
2030 2251 27 75 it
2074 2251 130 75 appears

1693 2297 35 75 to
1745 2297 54 75 the
1815 2297 76 75 eye.-

1434 2345 72 75 Fig.
1525 2345 34 75 2.
1618 2345 78 75 The
1708 2345 86 75 fame
1811 2345 115 75 fedtion
1939 2345 182 75 magnified.

1622 2391 32 75 A
1672 2391 45 75 A,
1734 2391 76 75 The
1827 2391 92 75 bark.

1622 2438 28 75 B
1671 2438 28 75 B
1717 2438 43 75 B,
1787 2438 53 75 An
1858 2438 117 75 arched
1990 2438 73 75 ring
2076 2438 40 75 of
2133 2438 69 75 fap-

1691 2483 109 75 veffels
1815 2483 77 75 next
1911 2483 54 75 the
1981 2483 79 75 Ikin.

1622 2531 28 75 C
1668 2531 29 75 C
1716 2531 42 75 C,
1773 2531 78 75 The
1868 2531 218 75 parenchyma,
2096 2531 40 75 of
2144 2531 72 75 the.:

1690 2576 79 75 bark
1786 2576 77 75 with
1880 2576 42 75 its
1939 2576 90 75 cells,
2048 2576 61 75 and
2126 2576 76 75 ano-

1693 2622 71 75 ther
1787 2622 118 75 arched
1922 2622 71 75 ring
2007 2622 41 75 of
2065 2622 138 75 lap-yejf-

1620 2717 34 75 S
1673 2717 48 75 D,
1740 2717 32 75 A
1789 2717 136 75 circular
1941 2717 64 75 line
2025 2717 40 75 of
2075 2717 127 75 lymph-

1691 2762 89 75 dudis
1780 2744 3 49 1
1794 2762 218 75 immediately
2027 2762 104 75 below
2147 2762 60 75 the

1694 2810 99 75 above
1810 2810 118 75 arched
1945 2810 82 75 ring,

1621 2856 29 75 E
1669 2856 44 75 E,
1729 2856 78 75 The
1823 2856 107 75 wood.

1620 2902 38 75 F,
1682 2902 77 75 The
1784 2902 63 75 firft
1863 2902 102 75 years
1983 2902 138 75 growth.

1621 2949 47 75 G,
1692 2949 76 75 The
1792 2949 127 75 fecond.

2053 2998 56 75 H,.
2124 2998 79 75 The
