2493 3387
724 182 996 75 ASTRONOMY.

166 257 136 75 another
318 257 34 75 as
364 257 55 75 the
436 257 95 75 cubes
548 257 41 75 of
599 257 85 75 their
700 257 171 75 diameters
883 257 10 75 ;
936 257 144 75 whence,
1104 257 33 75 if
1146 257 57 75 the

167 305 55 75 fun
240 305 39 75 be
296 305 42 75 81
359 305 138 75 millions
514 305 41 75 of
574 305 91 75 miles
681 305 86 75 from
783 305 55 75 the
855 305 104 75 earth,
984 305 35 75 to
1036 305 115 75 appear
1167 305 34 75 as

166 352 55 75 big
237 352 39 75 as'
289 352 54 75 the
360 352 108 75 moon,
493 352 107 75 whofe
626 352 138 75 diftance
791 352 78 75 does
897 352 58 75 not
982 352 122 75 exceed
1132 352 69 75 240

165 398 158 75 thoufand
338 398 106 75 miles,
468 398 41 75 he
526 398 91 75 muft,
643 398 33 75 in
702 398 83 75 folid
808 398 92 75 bulk,
932 398 41 75 be
998 398 43 75 42
1060 398 141 75 millions

166 447 66 75 87?
251 447 157 75 thoufand
421 447 95 75 times
533 447 34 75 as
584 447 55 75 big
655 447 33 75 as
705 447 55 75 the
776 447 108 75 moon.

212 492 77 75 The
311 492 184 75 horizontal
515 492 179 75 parallaxes
717 492 54 75 are
794 492 67 75 beft
876 492 154 75 obferved
1046 492 32 75 at
1094 492 56 75 the
1165 492 34 75 e-

165 537 129 75 quator.
348 537 30 75 1.
404 537 141 75 Becaufe
572 537 56 75 the
654 537 77 75 heat
752 537 27 75 is
807 537 33 75 fo
864 537 110 75 nearly
990 537 94 75 equal
1101 537 97 75 every

163 584 77 75 day,
267 584 71 75 that
354 584 56 75 the
434 584 186 75 refraciions
637 584 54 75 are
707 584 111 75 almoft
835 584 176 75 conftantly
1027 584 55 75 the
1088 584 107 75 dame.

164 633 35 75 2.
225 633 142 75 Becaufe
389 633 57 75 the
467 633 183 75 paralladtic
677 633 93 75 angle
786 633 27 75 is
830 633 127 75 greater
983 633 104 75 there,
1113 633 33 75 as
1163 633 34 75 at

164 677 37 75 A
216 677 72 75 (the
304 677 139 75 diftance
463 677 85 75 from
575 677 116 75 thence
718 677 35 75 to
777 677 55 75 the
860 677 119 75 earth’s
1000 677 74 75 axis
1101 677 97 75 being

164 722 143 75 greater)
325 722 79 75 than
423 722 87 75 upon
527 722 62 75 any
604 722 132 75 parallel
753 722 41 75 of
803 722 148 75 latitude,
977 722 33 75 as
1026 722 23 75 a
1065 722 37 75 or
1119 722 30 75 b.

210 769 76 75 The
303 769 118 75 earth’s
438 769 137 75 diftance
600 769 84 75 from
711 769 57 75 the
792 769 56 75 fun
865 769 94 75 being
982 769 213 75 determined,

164 815 54 75 the
235 815 153 75 diftances
406 815 40 75 of
458 815 42 75 all
517 815 56 75 the
596 815 94 75 other
706 815 123 75 planets
845 815 85 75 from
947 815 67 75 him
1031 815 53 75 are
1100 815 96 75 eafily

2203 194 79 75 453

1252 254 101 75 found
1376 254 44 75 by
1447 254 55 75 the
1534 254 167 75 following
1729 254 148 75 analogy,
1918 254 85 75 their
2027 254 127 75 periods
2183 254 103 75 round

1250 301 66 75 him
1333 301 94 75 being
1449 301 196 75 afcertained
1660 301 44 75 by
1719 301 212 75 obfervation.
1980 301 49 75 As
2046 301 56 75 the
2118 301 113 75 fquare
2248 301 42 75 of

1250 348 54 75 the
1320 348 119 75 earfh’s
1456 348 112 75 period
1590 348 104 75 round
1710 348 55 75 the
1779 348 56 75 fun
1851 348 27 75 is
1895 348 35 75 to
1947 348 55 75 the
2029 348 80 75 cube
2125 348 37 75 of
2175 348 41 75 its
2233 348 50 75 di-

1249 395 104 75 ftance
1367 395 86 75 from
1473 395 78 75 him,
1576 395 35 75 fo
1627 395 27 75 is
1671 395 55 75 the
1753 395 113 75 fquare
1890 395 41 75 of
1953 395 55 75 the
2024 395 114 75 period
2161 395 41 75 of
2220 395 63 75 any

1249 440 94 75 other
1359 440 108 75 planet
1482 440 36 75 to
1535 440 56 75 the
1607 440 79 75 cube
1714 440 41 75 of
1765 440 43 75 its
1832 440 149 75 diftance,
1999 440 31 75 in
2048 440 74 75 fuch
2139 440 88 75 parts
2244 440 38 75 or

1248 487 156 75 meafures
1421 487 34 75 as
1483 487 55 75 the
1559 487 120 75 earth’s
1706 487 138 75 diftance
1870 487 64 75 was
1949 487 108 75 taken.
2105 487 87 75 This
2207 487 75 75 pro-

1246 533 126 75 portion
1389 533 86 75 gives
1492 533 36 75 us
1545 533 56 75 the
1617 533 133 75 relative
1767 533 91 75 mean
1875 533 154 75 diftances
2042 533 41 75 of
2092 533 56 75 the
2160 533 122 75 planets

1244 581 85 75 from
1345 581 55 75 the
1422 581 56 75 fun
1502 581 34 75 to
1565 581 55 75 the
1643 581 136 75 greateft
1804 581 117 75 degree
1944 581 39 75 of
2005 581 184 75 exaftnefs;
2219 581 64 75 and

1244 627 79 75 they
1350 627 53 75 are
1427 627 34 75 as
1478 627 123 75 follow,
1625 627 118 75 having
1759 627 80 75 been
1856 627 145 75 deduced
2016 627 85 75 from
2116 627 85 75 their
2226 627 55 75 pe-

1246 672 133 75 riodical
1411 672 106 75 times,
1555 672 169 75 according
1753 672 34 75 to
1819 672 56 75 the
1907 672 63 75 law
1993 672 64 75 juft
2086 672 195 75 mentioned,

1246 719 105 75 which
1376 719 65 75 was
1457 719 187 75 difcOvered
1665 719 44 75 by
1735 719 136 75 Kepler,
1897 719 63 75 and
1981 719 236 75 demonftrated
2239 719 44 75 by

1245 766 54 75 Sir
1322 766 88 75 Ifaac
1432 766 156 75 Newton.

274 943 221 75 Periodical
513 943 225 75 Revolution
768 943 36 75 to
824 943 66 75 the
894 943 113 75 fame
1012 943 123 75 fixed
1153 943 99 75 Star
1274 943 41 75 in
1338 943 130 75 Days,
1492 943 86 75 and
1601 943 164 75 decimal
1782 943 126 75 Parts
1938 943 48 75 of
2006 943 26 75 a
2061 943 106 75 Day.

256 1039 53 75 Of
320 1039 170 75 Mercury,

690 1039 126 75 Venus,

1014 1039 79 75 The
1108 1039 119 75 Earth,

1426 1039 108 75 Mars,

1732 1039 140 75 Jupiter,

667 1085 176 75 224.6176

1036 1085 177 75 365.2564

1380 1085 176 75 686.9785

1703 1085 177 75 4332.514

840 1151 152 75 Relative
1017 1151 96 75 mean
1145 1151 160 75 dijlances
1322 1151 96 75 from
1445 1151 53 75 the
1513 1151 82 75 fun.

329 1200 114 75 38710

695 1200 113 75 72333

935 1174 6 104 ■
1053 1200 138 75 100000

1400 1200 134 75 152369

1727 1200 138 75 520096

2057 1200 139 75 954006

207 1267 97 75 From
319 1267 83 75 thefe
418 1267 148 75 numbers
582 1267 53 75 we
657 1267 129 75 deduce,
812 1267 73 75 that
911 1267 40 75 if
957 1267 52 75 the
1015 1267 95 75 fun's
1125 1267 8 75 '
1133 1267 188 75 horizontal
1339 1267 155 75 parallax
1517 1267 35 75 be
1585 1267 74 75 10",
1685 1267 53 75 the
1769 1267 75 75 real
1866 1267 93 75 snean
1986 1267 158 75 difances
2167 1267 44 75 of
2228 1267 52 75 the

786 1312 131 75 planets
930 1312 96 75 from
1055 1312 52 75 the
1120 1312 69 75 fun
1217 1312 36 75 in
1277 1312 140 75 Englifh
1444 1312 94 75 miles
1565 1312 72 75 are,

272 1363 211 75 31,742,200

652 1363 56 75 S9'
708 1363 85 75 3J3»
793 1345 25 49 0
818 1363 48 75 6o

1009 1363 216 75 82,000,000
1349 1363 235 75 124,942,580
1680 1363 238 75 426,478,720

575 1430 68 75 But
670 1430 41 75 if
725 1430 51 75 the
789 1430 94 75 fun's
901 1430 158 75 parallax
1085 1430 35 75 be
1152 1430 75 75 11",
1252 1430 86 75 their
1361 1430 159 75 difances
1543 1430 60 75 are
1622 1430 40 75 no
1685 1430 87 75 more
1797 1430 83 75 than

274 1478 213 75 29,032,500

654 1478 214 75 54,238,570

1011 1478 213 75 75,000,000
1349 1478 234 75 114,276,750
1681 1478 238 75 390,034,560

505 1547 124 75 Errors
651 1547 36 75 in
713 1547 153 75 difance,
892 1547 125 75 ariftng
1033 1547 97 75 from
1155 1547 53 75 the
1236 1547 134 75 mifake
1397 1547 44 75 of
1524 1547 36 75 in
1585 1547 55 75 the
1656 1547 98 75 fun's
1776 1547 173 75 parallax.

296 1596 196 75 2,709,700

675 1596 191 75 5,074,490

1026 1596 190 75 7,000,000

1365 1596 211 75 10,665,830

1705 1596 215 75 36,444,220

215 1661 83 75 But,
313 1661 96 75 from
432 1661 53 75 the
500 1661 120 75 tranfit
638 1661 43 75 of
687 1661 119 75 Venus,
831 1661 45 75 A.
896 1661 49 75 D.
980 1661 99 75 1761,
1104 1661 54 75 the
1177 1661 96 75 fun's
1287 1661 159 75 parallax
1469 1661 136 75 appears
1623 1661 32 75 to
1679 1661 37 75 be
1744 1661 69 75 only
1831 1661 45 75 8"
1891 1661 48 75 4s
1942 1661 21 75 $■

871 1707 32 75 to
920 1707 86 75 that,
1033 1707 87 75 their
1137 1707 77 75 real
1230 1707 143 75 difance
1395 1707 36 75 in
1448 1707 93 75 miles
1560 1707 58 75 are

279 1756 211 75 36,668,373

660 1756 216 75 68,518,044

1002 1756 218 75 94,725,840
1344 1756 233 75 144,588,575
1676 1756 239 75 492,665,307
2023 1756 236 75 903,690,197

2071 1037 129 75 Saturn,

2027 1087 194 75 10759.275

2024 1363 237 75 782,284,920

2024 1482 237 75 715,504,500

2043 1598 215 75 66,780,420

2014 1671 71 75 and
2108 1671 175 75 according

204 1870 109 75 Thefe
333 1870 149 75 numbers
504 1870 93 75 (hew,
623 1870 71 75 that
711 1870 154 75 although
883 1870 49 75 we
948 1870 80 75 have
1041 1870 55 75 the
1112 1870 82 75 rela-

158 1916 65 75 tive
238 1916 153 75 diftances
408 1916 41 75 of
466 1916 55 75 the
538 1916 124 75 planets
685 1916 157 75 from'the
858 1916 57 75 fun
932 1916 35 75 to
989 1916 56 75 the
1060 1916 135 75 greateft

158 1963 119 75 nicety,
304 1963 53 75 yet
386 1963 55 75 the
468 1963 64 75 beft
561 1963 164 75 obferyers
747 1963 95 75 could
860 1963 56 75 not
933 1963 152 75 afcertain
1109 1963 86 75 their

158 2009 70 75 true
254 2009 153 75 diftances
454 2009 81 75 until
560 2009 56 75 the
640 2009 100 75 above
764 2009 108 75 tranfit
896 2009 168 75 appeared,
1089 2009 107 75 which

160 2055 48 75 we
225 2055 80 75 muft
318 2055 123 75 confefs
458 2055 64 75 was
539 2055 211 75 embarrafled
766 2055 78 75 with
862 2055 119 75 feveral
998 2055 195 75 difficulties.

159 2100 66 75 But
244 2100 54 75 the
315 2100 65 75 late
398 2100 109 75 tranfit
525 2100 40 75 of
576 2100 111 75 Venus
704 2100 79 75 over
799 2100 56 75 the
871 2100 69 75 fun,
968 2100 40 75 on
1027 2100 55 75 the
1106 2100 90 75 third

159 2147 40 75 of
227 2147 97 75 June,
361 2147 66 75 was
454 2147 96 75 much
583 2147 105 75 better
714 2147 104 75 fuited
845 2147 36 75 to
908 2147 64 75 this
1001 2147 91 75 great
1120 2147 74 75 pro-

158 2194 99 75 blem.

204 2240 76 75 The
296 2240 119 75 earth’s
433 2240 69 75 axis
521 2240 164 75 produced
700 2240 36 75 to
751 2240 56 75 the
835 2240 91 75 ftars,
950 2240 96 75 being
1070 2240 124 75 carried

156 2288 130 75 parallel
303 2288 35 75 to
354 2288 91 75 itfelf
455 2288 117 75 during
588 2288 55 75 the
659 2288 119 75 earth’s
796 2288 113 75 annual
927 2288 191 75 revolution,
1136 2288 56 75 de-

157 2334 114 75 feribes
289 2334 18 75 a
323 2334 99 75 circle
448 2334 33 75 in
509 2334 56 75 the
589 2334 110 75 fphere
717 2334 39 75 of
775 2334 56 75 the
849 2334 85 75 fixed
951 2334 77 75 ftars
1045 2334 94 75 equal
1156 2334 35 75 to

156 2381 55 75 the
238 2381 87 75 orbit
349 2381 41 75 of
407 2381 62 75 the,
492 2381 104 75 earth.
646 2381 67 75 But
734 2381 64 75 this
827 2381 98 75 orbit,
959 2381 125 75 though
1112 2381 78 75 very

154 2428 102 75 large,
282 2428 109 75 would
423 2428 82 75 feem
531 2428 41 75 no
600 2428 111 75 bigger
736 2428 76 75 than
841 2428 19 75 a
884 2428 90 75 point
1003 2428 30 75 if
1056 2428 25 75 it
1106 2428 86 75 were

155 2473 127 75 viewed
305 2473 85 75 from
405 2473 56 75 the
478 2473 99 75 ftars;
601 2473 63 75 and
680 2473 241 75 confequently,
947 2473 55 75 the
1019 2473 97 75 circle
1133 2473 54 75 de-

155 2520 124 75 feribed
295 2520 33 75 in
345 2520 56 75 the
417 2520 112 75 fphere
556 2520 39 75 of
619 2520 54 75 the
701 2520 89 75 ftars,
815 2520 44 75 by
886 2520 56 75 the
967 2520 72 75 axis
1068 2520 42 75 of
1135 2520 57 75 the

156 2566 88 75 earth
274 2566 174 75 produced,
473 2566 33 75 if
521 2566 122 75 viewed
668 2566 84 75 from
769 2566 55 75 the
841 2566 107 75 earth,'
970 2566 80 75 muft
1078 2566 114 75 appear

154 2614 58 75 but
229 2614 33 75 as
280 2614 18 75 a
314 2614 90 75 point
419 2614 10 75 ;
457 2614 69 75 that
543 2614 36 75 is.
606 2614 42 75 its
664 2614 156 75 diameter
832 2614 131 75 appears
980 2614 56 75 too
1056 2614 84 75 little
1157 2614 36 75 to

154 2661 41 75 be
214 2661 162 75 meafured
392 2661 43 75 by
451 2661 198 75 obfervation
661 2661 9 75 :
697 2661 65 75 For
780 2661 53 75 Dr
844 2661 142 75 Bradley
1002 2661 57 75 has
1071 2661 122 75 allured

155 2707 50 75 us,
231 2707 71 75 that
319 2707 31 75 if
362 2707 24 75 it
404 2707 64 75 had
486 2707 170 75 amounted
674 2707 35 75 to
725 2707 18 75 a
759 2707 95 75 fingle
871 2707 127 75 fecond,
1024 2707 38 75 or
1078 2707 65 75 two
1159 2707 34 75 at

156 2753 90 75 moft,
272 2753 41 75 he
328 2753 110 75 ffiould
457 2753 80 75 have
552 2753 167 75 perceived
734 2753 24 75 it
776 2753 32 75 in
829 2753 56 75 the
903 2753 90 75 great
1009 2753 132 75 number
1158 2753 40 75 of

154 2799 219 75 ebfervations
394 2799 40 75 h.e
452 2799 57 75 has
532 2799 104 75 made,
662 2799 168 75 efpecially
857 2799 85 75 upon
959 2799 28 75 y
1008 2799 154 75 dragonis
1177 2799 12 75 ;

156 2846 61 75 and
238 2846 70 75 that
325 2846 25 75 it
367 2846 125 75 feemed
508 2846 34 75 to
559 2846 67 75 him
642 2846 77 75 very
743 2846 152 75 probable
912 2846 71 75 that
999 2846 56 75 the
1078 2846 114 75 annual

155 2892 145 75 parallax
317 2892 39 75 of
368 2892 64 75 this
449 2892 61 75 ftar
526 2892 26 75 is
570 2892 55 75 not
639 2892 33 75 fo
684 2892 90 75 great
787 2892 32 75 as
833 2892 19 75 a
862 2892 96 75 fingle
974 2892 132 75 fecond;
1127 2892 62 75 and

156 2938 239 75 confequently,
421 2938 70 75 that
516 2938 24 75 it
562 2938 27 75 is
615 2938 99 75 above
740 2938 68 75 400
828 2938 157 75 thoufand
1007 2938 93 75 times
1123 2938 66 75 far-

155 2986 72 75 ther
242 2986 86 75 from
345 2986 37 75 us
399 2986 76 75 than
492 2986 56 75 the
566 2986 69 75 fun.
699 2986 125 75 Hence,
849 2986 57 75 the
934 2986 136 75 celeftial
1101 2986 88 75 poles

155 3033 82 75 feem
265 3033 34 75 to
328 3033 148 75 continue
508 3033 32 75 in
567 3033 56 75 the
650 3033 82 75 fame
763 3033 106 75 points
903 3033 40 75 of
965 3033 56 75 the
1048 3033 143 75 heavens

202 3080 99 75 Vol.
327 3080 30 75 I.
406 3080 70 75 No.
499 3080 54 75 19.

1069 3080 18 75 3

1243 1871 198 75 throughout
1470 1871 56 75 the
1553 1871 99 75 year;
1687 1871 118 75 which,
1831 1871 45 75 by
1903 1871 42 75 no
1972 1871 121 75 means,
2119 1871 162 75 difproves

1243 1918 56 75 the
1314 1918 91 75 earth
1420 1918 13 75 s
1451 1918 114 75 annual
1583 1918 135 75 motion,
1737 1918 57 75 but
1804 1918 119 75 plainly
1940 1918 112 75 proves
2071 1918 54 75 the
2142 1918 139 75 diftance

1243 1965 41 75 of
1294 1965 55 75 the
1367 1965 75 75 ftars
1460 1965 35 75 to
1513 1965 39 75 be
1569 1965 177 75 exceeding
1766 1965 103 75 great.

1291 2012 76 75 The
1383 2012 90 75 fmall
1490 2012 151 75 apparent
1659 2012 121 75 motion
1797 2012 40 75 of
1848 2012 55 75 the
1924 2012 88 75 ftars,
2038 2012 184 75 difeovered
2236 2012 44 75 by

1243 2057 69 75 that
1330 2057 90 75 great
1440 2057 206 75 aftronomer,
1672 2057 158 75 he.found
1848 2057 34 75 to
1899 2057 39 75 be
1956 2057 41 75 no
2016 2057 85 75 ways
2120 2057 107 75 owing
2245 2057 35 75 to

1243 2104 83 75 their
1344 2104 113 75 annual
1474 2104 144 75 parallax
1648 2104 69 75 (for
1744 2104 26 75 it
1790 2104 88 75 came
1894 2104 57 75 out
1968 2104 150 75 contrary
2134 2104 145 75 thereto)

1243 2149 57 75 but
1323 2149 35 75 to
1385 2149 56 75 the
1470 2149 178 75 aberration
1678 2149 40 75 of
1741 2149 83 75 their
1847 2149 94 75 light,
1973 2149 104 75 which
2099 2149 56 75 can
2180 2149 100 75 refult

1242 2196 83 75 from
1342 2196 42 75 no
1405 2196 115 75 known
1538 2196 90 75 caufe
1652 2196 120 75 befides
1797 2196 71 75 that
1888 2196 40 75 of
1946 2196 56 75 the
2026 2196 120 75 earth’s
2163 2196 117 75 annual

1241 2243 122 75 motion
1376 2243 9 75 ;
1413 2243 61 75 and
1492 2243 33 75 as
1541 2243 26 75 it
1587 2243 110 75 agrees
1715 2243 33 75 fo
1764 2243 127 75 exadly
1908 2243 182 75 therewith,
2108 2243 25 75 it
2149 2243 128 75 proves,

1242 2290 128 75 beyond
1394 2290 136 75 difpute,
1556 2290 69 75 that
1643 2290 54 75 the
1715 2290 91 75 earth
1823 2290 55 75 has
1897 2290 74 75 fuch
1989 2290 18 75 a
2023 2290 143 75 motio-n:
2211 2290 66 75 For

1239 2336 65 75 this
1321 2336 179 75 aberration
1518 2336 173 75 completes
1712 2336 43 75 all
1780 2336 40 75 its
1840 2336 124 75 various
1982 2336 199 75 phenomena
2203 2336 73 75 eve-

1240 2381 37 75 ry
1294 2381 75 75 year
1380 2381 10 75 ;
1410 2381 63 75 and
1489 2381 114 75 proves
1620 2381 69 75 that
1707 2381 55 75 the
1778 2381 140 75 velocity
1933 2381 42 75 of
1986 2381 160 75 ftar-light
2158 2381 26 75 is
2199 2381 76 75 fuch

1240 2428 33 75 as
1290 2428 115 75 carries
1423 2428 25 75 it
1472 2428 140 75 through
1641 2428 18 75 a
1683 2428 89 75 fpace
1789 2428 95 75 equal
1908 2428 35 75 to
1960 2428 54 75 the
2031 2428 83 75 fun’s
2138 2428 138 75 diftance

1240 2476 83 75 from
1340 2476 37 75 us
1393 2476 32 75 in
1444 2476 19 75 8
1487 2476 135 75 minutes
1645 2476 36 75 13
1701 2476 130 75 feconds
1860 2476 41 75 of
1923 2476 88 75 time.
2061 2476 124 75 Hence,
2219 2476 57 75 the

1239 2521 140 75 velocity
1404 2521 40 75 of
1466 2521 81 75 light
1573 2521 27 75 is
1633 2521 41 75 10
1701 2521 157 75 thoufand
1887 2521 67 75 21O
1971 2521 92 75 times
2081 2521 33 75 as
2131 2521 90 75 great
2239 2521 35 75 as

1240 2569 55 75 the
1312 2569 118 75 earth’s
1455 2569 140 75 velocity
1621 2569 33 75 in
1682 2569 41 75 its
1747 2569 107 75 orbit;
1880 2569 105 75 which
2014 2569 140 75 velocity
2171 2569 104 75 (from

1241 2615 85 75 what
1342 2615 49 75 we
1408 2615 95 75 know
1519 2615 129 75 already
1666 2615 40 75 of
1725 2615 55 75 the
1807 2615 119 75 earth’s
1948 2615 137 75 diftance
2110 2615 83 75 from
2218 2615 56 75 the

1241 2661 70 75 fun)
1331 2661 73 75 may
1421 2661 38 75 be
1477 2661 133 75 afferted
1628 2661 33 75 to
1678 2661 40 75 be
1739 2661 33 75 at
1799 2661 74 75 leaft
1897 2661 144 75 between
2066 2661 42 75 57
2138 2661 60 75 and
2230 2661 42 75 58

1241 2708 157 75 thoufand
1425 2708 90 75 miles
1542 2708 97 75 every
1664 2708 82 75 hour
1768 2708 9 75 :
1818 2708 79 75 And
1924 2708 165 75 fuppofrng
2115 2708 26 75 it
2171 2708 33 75 to
2233 2708 40 75 be

1243 2756 125 75 58000,
1394 2756 62 75 this
1483 2756 142 75 number,
1651 2756 178 75 multiplied
1858 2756 43 75 by
1928 2756 55 75 the
2014 2756 103 75 above
2146 2756 126 75 10210,

1241 2801 86 75 gives
1356 2801 63 75 592
1445 2801 121 75 million
1598 2801 65 75 180
1690 2801 157 75 thoufand
1876 2801 89 75 miles
1995 2801 51 75 for
2070 2801 59 75 the
2153 2801 119 75 hourly

1242 2847 118 75 motion
1378 2847 40 75 of
1441 2847 103 75 light;
1570 2847 106 75 which
1705 2847 57 75 laft
1786 2847 144 75 number,
1956 2847 131 75 divided
2104 2847 42 75 by
2164 2847 106 75 3600,

1237 2893 55 75 the
1316 2893 132 75 number
1464 2893 38 75 of
1515 2893 129 75 feconds
1661 2893 31 75 in
1709 2893 39 75 an
1765 2893 95 75 hour,
1884 2893 98 75 ffiews
1999 2893 70 75 that
2093 2893 83 75 light
2201 2893 68 75 flies

1239 2939 31 75 at
1295 2939 54 75 the
1374 2939 68 75 rate
1470 2939 40 75 of
1539 2939 87 75 more
1660 2939 77 75 than
1768 2939 18 75 a
1815 2939 146 75 hundred
1997 2939 62 75 and
2094 2939 177 75 fixty-four

1238 2988 154 75 thoufand
1410 2988 88 75 miles
1516 2988 96 75 every
1627 2988 116 75 fecond
1759 2988 40 75 of
1810 2988 89 75 time,
1925 2988 37 75 or
1977 2988 99 75 fwing
2092 2988 40 75 of
2144 2988 19 75 a
2182 2988 87 75 com-

1241 3035 74 75 mon
1332 3035 92 75 clock
1440 3035 185 75 pendulum,

1701 3095 15 75 S
1742 3095 31 75 Y

2151 3093 117 75 Chap,
