2406 3327
560 111 1189 75 AGRICULTURE.

2150 111 58 75 47

718 288 601 75 PART

1489 288 79 75 II.

98 417 68 75 Of
187 417 71 75 the
284 417 186 75 various
508 417 266 75 Operations
804 417 110 75 upon
942 417 72 75 the
1048 417 114 75 Soil,
1204 417 46 75 in
1286 417 130 75 order
1449 417 43 75 to
1519 417 197 75 prepare
1743 417 40 75 it
1804 417 85 75 for
1927 417 71 75 the
2033 417 167 75 Recsp-'

715 481 91 75 tion
843 481 91 75 and
963 481 309 75 Nourijhment
1309 481 57 75 of
1386 481 179 75 Plants.

290 600 27 75 S
333 600 24 75 e
374 600 23 75 c
413 600 44 75 t.
485 600 28 75 I.
573 600 67 75 Of
672 600 244 75 Manures.

97 685 170 75 TG'Very
285 685 160 75 fubftance
456 685 105 75 which
573 685 162 75 promotes
748 685 56 75 the
820 685 128 75 growth
965 685 40 75 of
1014 685 105 75 plants

95 705 45 104 ■*"'
140 731 16 75 *
204 731 25 75 is
247 731 226 75 denominated
488 731 19 75 a
519 731 149 75 manure.

139 777 50 75 As
210 777 35 75 to
264 777 55 75 the
335 777 163 75 operation
514 777 41 75 of
572 777 157 75 manures,
754 777 86 75 fome
858 777 164 75 maintain,
1046 777 72 75 that

91 823 79 75 they
180 823 72 75 give
268 823 34 75 to
318 823 56 75 the
385 823 90 75 earth
487 823 39 75 an
543 823 174 75 additional
734 823 148 75 quantity
894 823 39 75 of
952 823 55 75 the
1023 823 95 75 vege-

91 869 86 75 table
194 869 99 75 food;
320 869 121 75 others,
467 869 70 75 that
561 869 79 75 they
663 869 52 75 are
740 869 40 75 of
799 869 41 75 no
863 869 94 75 other
972 869 52 75 ufe
1041 869 77 75 than

90 914 36 75 to
140 914 109 75 divide
260 914 53 75 the
329 914 68 75 foil,
425 914 62 75 and
502 914 162 75 therefore
680 914 71 75 that
771 914 110 75 tillage
897 914 74 75 may
987 914 39 75 be
1042 914 74 75 fub-

89 960 177 75 ftituted’in
283 960 83 75 their
381 960 102 75 place.
530 960 86 75 This
633 960 57 75 lafl
706 960 128 75 opinion
856 960 67 75 was
946 960 169 75 embraced

89 1006 43 75 by
157 1006 59 75 Mr
238 1006 95 75 Tull,
364 1006 64 75 and
454 1006 26 75 is
505 1006 56 75 the
585 1006 219 75 fundamental
832 1006 152 75 principle
1010 1006 32 75 in
1065 1006 49 75 his

89 1054 227 75 horfe-hoeing
331 1054 192 75 hulbandry.
571 1054 34 75 A
629 1054 120 75 minute
773 1054 130 75 divilion
928 1054 40 75 of
986 1054 55 75 the
1058 1054 57 75 foil

88 1099 69 75 will
182 1099 52 75 da.
254 1099 18 75 a
295 1099 91 75 great
407 1099 93 75 deal;
535 1099 58 75 but
619 1099 56 75 the
699 1099 192 75 experience
916 1099 39 75 of
975 1099 42 75 all
1042 1099 72 75 ages

87 1146 102 75 fhows
205 1146 71 75 that
291 1146 27 75 it
334 1146 65 75 will
414 1146 45 75 do
479 1146 95 75 much
590 1146 89 75 more
699 1146 43 75 by
757 1146 56 75 the
829 1146 144 75 addition
990 1146 41 75 of
1048 1146 67 75 ma-

89 1192 92 75 nure.

135 1238 38 75 In
188 1238 169 75 Scotland,
374 1238 26 75 it
416 1238 28 75 is
461 1238 55 75 the
532 1238 154 75 univerfal
703 1238 135 75 practice
854 1238 34 75 to
905 1238 87 75 dung
1007 1238 104 75 lands,

88 1284 72 75 that
175 1284 54 75 are
245 1284 33 75 in
294 1284 141 75 conftant
451 1284 122 75 tillage,
599 1284 36 75 at
653 1284 75 75 leal!
752 1284 88 75 once'
854 1284 33 75 in
911 1284 60 75 five
994 1284 90 75 years
1099 1284 11 75 ;

88 1330 63 75 and
166 1330 26 75 it
208 1330 124 75 eonfifts
355 1330 79 75 with
450 1330 213 75 obfervation,
688 1330 70 75 that
774 1330 56 75 the
847 1330 124 75 ground
987 1330 26 75 is
1036 1330 75 75 con-

86 1377 158 75 fiderably
258 1377 151 75 enriched
425 1377 55 75 the
496 1377 38 75 fir
536 1377 24 75 ft
576 1377 88 75 year,
690 1377 58 75 but
763 1377 71 75 that
850 1377 55 75 the
921 1377 93 75 crops
1040 1377 71 75 gra-

85 1423 112 75 dually
212 1423 122 75 decline
346 1423 50 75 till
408 1423 55 75 the
478 1423 120 75 virtues
614 1423 41 75 of
666 1423 55 75 the
738 1423 87 75 dung
835 1423 55 75 are
906 1423 137 75 entirely
1054 1423 58 75 ex-

86 1469 143 75 haufted.

136 1517 96 75 Some
247 1517 146 75 manures
410 1517 65 75 lofe
494 1517 84 75 their
592 1517 104 75 virtue
711 1517 45 75 by
771 1517 94 75 being
880 1517 77 75 long
973 1517 140 75 expofed

87 1562 35 75 to
138 1562 55 75 the
210 1562 58 75 air.
316 1562 37 75 If
365 1562 88 75 dung
467 1562 41 75 be
524 1562 77 75 kept
612 1562 83 75 after
710 1562 26 75 it
752 1562 26 75 is
795 1562 187 75 fufficiently
993 1562 118 75 rotted,

86 1609 55 75 the
158 1609 80 75 moft
252 1609 146 75 valuable
414 1609 71 75 part
502 1609 40 75 of
559 1609 26 75 it
602 1609 65 75 will
685 1609 181 75 evaporate.
914 1609 136 75 Others,
1079 1609 33 75 as

86 1655 76 75 lime
178 1655 64 75 and
256 1655 127 75 marks,
408 1655 53 75 are
477 1655 41 75 of
536 1655 39 75 an
598 1655 140 75 oppofite
760 1655 130 75 nature:
923 1655 56 75 the
1000 1655 113 75 longer

86 1700 79 75 they
181 1700 53 75 are
250 1700 142 75 expofed
414 1700 36 75 to
465 1700 56 75 the
546 1700 58 75 air,
630 1700 85 75 their
736 1700 110 75 utility
866 1700 35 75 to
923 1700 56 75 the
993 1700 77 75 land
1084 1700 26 75 is

86 1745 177 75 improved,
312 1745 100 75 fftom
434 1745 63 75 this
521 1745 222 75 circumftance
766 1745 26 75 it
807 1745 27 75 is
851 1745 164 75 probable,
1040 1745 71 75 that

87 1792 114 75 marks
218 1792 63 75 and
291 1792 75 75 lime
379 1792 113 75 attraA
507 1792 178 75 fomething
701 1792 84 75 from
797 1792 55 75 the
864 1792 47 75 air
922 1792 106 75 which
1040 1792 70 75 ren-

58 1838 6 75 .
85 1838 75 75 ders
177 1838 87 75 them
280 1838 88 75 more
383 1838 185 75 favourable
584 1838 34 75 to
634 1838 193 75 vegetation.

132 1885 111 75 There
266 1885 27 75 is
318 1885 20 75 a
360 1885 90 75 great
473 1885 123 75 variety
618 1885 40 75 of
675 1885 175 75 fubftances
874 1885 118 75 which,
1016 1885 93 75 when

84 1930 66 75 laid
166 1930 82 75 upon
261 1930 87 75 land,
374 1930 48 75 adl
439 1930 33 75 as
488 1930 159 75 manures.
695 1930 67 75 But
779 1930 55 75 the
845 1930 80 75 moft
941 1930 87 75 ufual
1039 1930 67 75 ma-

84 1977 93 75 nures
189 1977 32 75 in
236 1977 64 75 this
313 1977 135 75 country
465 1977 53 75 are
534 1977 99 75 dung,
657 1977 88 75 lime,
763 1977 128 75 marks,
908 1977 98 75 afhes,
1022 1977 84 75 foot,

84 2024 169 75 fea-weed,
277 2024 106 75 fhells,
409 2024 64 75 tic.

520 2133 64 75 Of
602 2133 131 75 Dung.

131 2210 117 75 Dung
262 2210 26 75 is
298 2210 151 75 properly
460 2210 55 75 the
525 2210 184 75 excrement
726 2210 40 75 of
777 2210 129 75 animals
921 2210 11 75 ;
950 2210 58 75 but
1019 2210 88 75 what

83 2256 181 75 commonly
286 2256 76 75 goes
386 2256 43 75 by
454 2256 70 75 that
551 2256 104 75 name,
679 2256 27 75 is
729 2256 19 75 a
773 2256 140 75 mixture
935 2256 40 75 of
994 2256 112 75 excre-

64 2276 3 104 ■
82 2302 116 75 ments,
227 2302 157 75 putrefied
408 2302 164 75 vegetable
604 2302 63 75 and
693 2302 114 75 animal
835 2302 188 75 fubftances.
1071 2302 38 75 If

82 2348 161 75 dunghills
266 2348 39 75 be
321 2348 77 75 kept
414 2348 83 75 after
520 2348 78 75 they
621 2348 53 75 are
699 2348 189 75 fufficiently
904 2348 120 75 rotted,
1048 2348 56 75 the

81 2394 67 75 oily
167 2394 62 75 and
246 2394 89 75 more
353 2394 130 75 volatile
503 2394 100 75 parts,
628 2394 104 75 which
758 2394 52 75 are
833 2394 54 75 the
907 2394 66 75 beft
999 2394 104 75 ingre-

81 2441 117 75 dients,
222 2441 45 75 fly
290 2441 59 75 off.
408 2441 99 75 They
531 2441 110 75 fhould
664 2441 139 75 likewife
831 2441 39 75 be
893 2441 113 75 placed
1027 2441 33 75 in
1083 2441 19 75 a

80 2486 62 75 dry
164 2486 157 75 fituation,
346 2486 63 75 and
432 2486 102 75 raifed
555 2486 78 75 high
657 2486 33 75 at
714 2486 55 75 the
790 2486 92 75 fides,
912 2486 36 75 to
970 2486 132 75 prevent

82 2533 85 75 thefe
183 2533 87 75 parts
294 2533 84 75 from
398 2533 94 75 being
516 2533 122 75 carried
653 2533 52 75 off
723 2533 43 75 by
782 2533 100 75 water
895 2533 11 75 ;
940 2533 51 75 for
1007 2533 95 75 much

80 2579 25 75 u
105 2561 5 49 r
110 2579 69 75 ater
202 2579 146 75 prevents
365 2579 55 75 the
443 2579 138 75 uniform
605 2579 208 75 putrefasftion
835 2579 40 75 of
892 2579 161 75 dunghills
1069 2579 40 75 of

79 2625 65 75 this
162 2625 109 75 mixed
286 2625 89 75 kind.

126 2672 57 75 To
206 2672 145 75 promote
374 2672 19 75 a
415 2672 115 75 proper
551 2672 221 75 putrefadlion,
801 2672 56 75 the
878 2672 87 75 dung
990 2672 112 75 fhould

80 2717 57 75 not
149 2717 39 75 be
199 2717 65 75 laid
278 2717 33 75 in
322 2717 89 75 fmall
426 2717 109 75 heaps,
549 2717 57 75 but
615 2717 112 75 fpread
737 2717 89 75 thick
837 2717 84 75 upon
932 2717 55 75 the
999 2717 102 75 dung-

80 2764 58 75 hill
149 2764 10 75 ;
185 2764 51 75 for
247 2764 43 75 by
306 2764 63 75 this
381 2764 106 75 means
501 2764 54 75 the
566 2764 224 75 fermentation
801 2764 197 75 commences
1009 2764 93 75 foon-

82 2809 46 75 er,
154 2809 54 75 the
224 2809 123 75 natural
359 2809 52 75 fap
426 2809 27 75 is
465 2809 178 75 preferved,
668 2809 63 75 and
741 2809 55 75 the
812 2809 87 75 dung
910 2809 26 75 is
954 2809 148 75 prevent-

82 2857 41 75 ed
139 2857 85 75 from
239 2857 94 75 being
349 2857 107 75 burnt,
481 2857 37 75 or
533 2857 214 75 f.re-fanged,
773 2857 32 75 as
825 2857 26 75 it
869 2857 27 75 is
916 2857 124 75 termed
1059 2857 44 75 by

81 2902 147 75 farmers.
276 2902 114 75 Dung,
414 2902 92 75 when
533 2902 95 75 burnt
654 2902 32 75 in
714 2902 63 75 this
805 2902 142 75 manner,
971 2902 27 75 is
1026 2902 73 75 dry,

82 2948 110 75 white,
209 2948 62 75 and
286 2948 112 75 ufekfs
415 2948 33 75 as
461 2948 18 75 a
494 2948 142 75 manure.
684 2948 31 75 It
732 2948 29 75 is
772 2948 128 75 agreed,
917 2948 70 75 that
999 2948 101 75 dung-

1167 594 73 75 hills
1261 594 101 75 ought
1378 594 36 75 to
1437 594 40 75 be
1504 594 150 75 covered,
1680 594 35 75 to
1737 594 134 75 prevent
1887 594 56 75 the
1961 594 185 75 exhalation
2163 594 42 75 of

1167 640 166 75 vegetable
1347 640 93 75 food.
1489 640 67 75 But
1568 640 55 75 the
1635 640 160 75 difficulty
1806 640 39 75 is,
1871 640 75 75 how
1958 640 35 75 to
2010 640 137 75 execute
2158 640 39 75 it.

1149 686 116 75 -Some
1292 686 132 75 propofe
1446 686 19 75 a
1487 686 68 75 thin
1581 686 89 75 layer
1693 686 40 75 of
1755 686 91 75 earth
1875 686 52 75 for
1955 686 63 75 this
2043 686 153 75 purpofe;

1167 732 122 75 others,
1314 732 71 75 that
1402 732 18 75 a
1435 732 47 75 pit
1499 732 111 75 fhould
1626 732 39 75 be
1682 732 78 75 dug,
1785 732 81 75 built
1884 732 80 75 with
1977 732 81 75 flags
2086 732 32 75 at
2141 732 57 75 the

1166 779 75 75 fide,
1267 779 63 75 and
1346 779 137 75 covered
1497 779 79 75 with
1593 779 20 75 a
1634 779 85 75 roof.
1766 779 78 75 The
1868 779 121 75 former
2010 779 110 75 would
2141 779 55 75 an-

1165 824 79 75 fwer
1266 824 79 75 very
1365 824 86 75 well,
1477 824 84 75 -were
1577 824 26 75 it
1620 824 56 75 not
1692 824 52 75 for
1768 824 55 75 the
1848 824 161 75 additions
2038 824 72 75 that
2143 824 53 75 are

1166 870 177 75 conftantly
1367 870 129 75 making
1521 870 35 75 to
1581 870 184 75 dunghills;
1800 870 64 75 and
1894 870 56 75 the
1973 870 97 75 latter
2101 870 26 75 is
2160 870 35 75 fo

1164 918 177 75 expenfive,
1366 918 71 75 that
1467 918 64 75 few
1555 918 112 75 people
1690 918 66 75 will
1773 918 95 75 chufe
1892 918 36 75 to
1948 918 92 75 make
2060 918 74 75 trial
2159 918 42 75 of

1164 963 38 75 it.
1227 963 111 75 When
1351 963 87 75 dung
1450 963 105 75 comes
1573 963 84 75 from
1667 963 55 75 the
1738 963 97 75 liable
1846 963 38 75 or
1895 963 92 75 byre,
2005 963 26 75 it
2043 963 26 75 is
2083 963 112 75 mixed

1164 1010 78 75 with
1258 1010 111 75 ftraw;
1395 1010 107 75 which
1519 1010 128 75 abforbs
1664 1010 55 75 the
1736 1010 161 75 moifture,
1924 1010 63 75 and
2002 1010 148 75 prevents
2166 1010 29 75 it

1162 1056 85 75 from
1265 1056 153 75 exhaling
1440 1056 50 75 till
1515 1056 54 75 the
1586 1056 92 75 ftraw
1699 1056 91 75 itfelf
1809 1056 161 75 putrefies.
2020 1056 112 75 When
2159 1056 33 75 in

1164 1103 62 75 this
1249 1103 160 75 fituation,
1438 1103 31 75 if
1491 1103 25 75 it
1539 1103 40 75 be
1605 1103 66 75 laid
1698 1103 90 75 thick
1810 1103 85 75 upon
1920 1103 56 75 the
2000 1103 56 75 top
2078 1103 41 75 of
2136 1103 56 75 the

1163 1151 157 75 dunghill,
1348 1151 92 75 there
1457 1151 94 75 being
1567 1151 57 75 but
1642 1151 18 75 a
1675 1151 91 75 fmall
1785 1151 123 75 furface
1925 1151 141 75 expofed
2082 1151 35 75 to
2134 1151 57 75 the

1164 1195 57 75 air,
1239 1195 55 75 the
1307 1195 103 75 juices
1427 1195 67 75 will
1507 1195 39 75 be
1563 1195 159 75 tolerably
1738 1195 73 75 well
1829 1195 181 75 preferved.

1206 1241 49 75 As
1271 1241 89 75 dung
1376 1241 74 75 thus
1466 1241 80 75 lofes
1563 1241 41 75 its
1628 1241 66 75 beft
1711 1241 148 75 qualities
1877 1241 44 75 by
1936 1241 96 75 being
2049 1241 141 75 expofed

1159 1288 35 75 to
1206 1288 55 75 the
1278 1288 54 75 fun
1349 1288 62 75 and
1424 1288 152 75 weather,
1593 1288 26 75 it
1636 1288 102 75 ought
1754 1288 35 75 to
1806 1288 40 75 be
1864 1288 126 75 plowed
2007 1288 32 75 in
2056 1288 33 75 as
2111 1288 77 75 foon

1160 1334 33 75 as
1214 1334 138 75 poflibk,
1378 1334 83 75 after
1481 1334 94 75 being
1601 1334 65 75 laid
1688 1334 85 75 upon
1794 1334 88 75 land.
1944 1334 38 75 If
1998 1334 191 75 fufficiently

1158 1380 168 75 putrefied,
1344 1380 25 75 it
1382 1380 111 75 ffiould
1509 1380 39 75 be
1571 1380 126 75 plowed
1713 1380 31 75 in
1762 1380 79 75 with
1858 1380 19 75 a
1900 1380 129 75 fhallow
2049 1380 135 75 furrow,

1160 1427 33 75 as
1209 1427 41 75 its
1269 1427 96 75 juices
1383 1427 52 75 are
1452 1427 124 75 waffied
1588 1427 93 75 down
1696 1427 42 75 by
1750 1427 55 75 the
1818 1427 66 75 rain
1899 1427 8 75 :
1936 1427 31 75 It
1978 1427 112 75 fhould
2106 1427 81 75 like-

1160 1472 74 75 wife
1255 1472 39 75 be
1318 1472 113 75 fpread
1452 1472 79 75 very
1545 1472 151 75 equally;
1723 1472 53 75 for
1794 1472 93 75 when
1904 1472 89 75 large
2015 1472 104 75 pieces
2144 1472 44 75 lie

1160 1518 157 75 fcattered
1345 1518 41 75 up
1402 1518 63 75 and
1491 1518 108 75 down,
1628 1518 78 75 they
1721 1518 133 75 become
1871 1518 19 75 a
1910 1518 91 75 nidus
2020 1518 34 75 to
2073 1518 112 75 infedts

1140 1539 3 104 ■
1161 1565 62 75 and
1237 1565 134 75 vermin.

1571 1673 63 75 Of
1652 1673 117 75 Lime.

1207 1751 102 75 Lime
1339 1751 95 75 being
1466 1751 41 75 of
1530 1751 39 75 an
1597 1751 137 75 alkaline
1767 1751 124 75 nature,
1915 1751 131 75 attra&s
2070 1751 112 75 acids:

1157 1798 114 75 Hence
1286 1798 26 75 it
1328 1798 27 75 is
1371 1798 152 75 fuppofed
1535 1798 35 75 to
1591 1798 232 75 communicate
1834 1798 41 75 to
1892 1798 55 75 the
1962 1798 59 75 foil
2037 1798 20 75 a
2073 1798 111 75 power

1158 1844 40 75 of
1215 1844 169 75 attradHng
1412 1844 54 75 the
1489 1844 167 75 vegetable
1681 1844 80 75 food
1787 1844 85 75 from
1898 1844 54 75 the
1978 1844 59 75 air.
2086 1844 97 75 Lime

1157 1891 26 75 is
1200 1891 19 75 a
1234 1891 103 75 heavy
1348 1891 173 75 fubftance,
1547 1891 63 75 and
1632 1891 180 75 penetrates
1835 1891 80 75 deep
1931 1891 69 75 into
2021 1891 61 75 the
2096 1891 84 75 foil;

1155 1936 26 75 it
1203 1936 181 75 fometimes
1406 1936 78 75 even
1501 1936 7 75 '
1508 1936 83 75 finks
1615 1936 105 75 below
1746 1936 56 75 the
1826 1936 94 75 reach
1936 1936 41 75 of
1999 1936 54 75 the
2080 1936 100 75 plow.

1156 1984 53 75 By
1223 1984 192 75 fermenting
1433 1984 80 75 with
1542 1984 98 75 acids,
1664 1984 26 75 it
1711 1984 113 75 breaks
1848 1984 95 75 down
1969 1984 63 75 and
2058 1984 123 75 divides

1155 2029 55 75 the
1226 2029 57 75 foil
1299 2029 68 75 into
1383 2029 88 75 fmall
1489 2029 160 75 particles,
1679 2029 63 75 and
1758 2029 110 75 makes
1888 2029 25 75 it
1935 2029 77 75 foft,
2039 2029 144 75 mellow^

1156 2075 61 75 and
1233 2075 163 75 evidently
1403 2075 32 75 in
1453 2075 19 75 a
1487 2075 79 75 ftate
1582 2075 41 75 of
1632 2075 239 75 fermentation.
1920 2075 32 75 It
1969 2075 138 75 likewife
2117 2075 63 75 dif-

1155 2121 102 75 folves
1273 2121 72 75 oils,
1370 2121 63 75 and
1448 2121 42 75 all
1507 2121 115 75 animal
1639 2121 63 75 and
1717 2121 165 75 vegetable
1899 2121 188 75 fubftances,
2117 2121 66 75 and

1157 2167 146 75 converts
1331 2167 88 75 them
1443 2167 68 75 into
1533 2167 165 75 vegetable
1723 2167 91 75 food.
1862 2167 85 75 This
1965 2167 125 75 quality
2106 2167 88 75 ren*.

1154 2214 72 75 ders
1244 2214 25 75 it
1283 2214 173 75 peculiarly
1472 2214 101 75 ufeful
1590 2214 32 75 in
1639 2214 181 75 deftroyirg
1835 2214 210 75 root-weeds.

1200 2261 108 75 Thefe
1324 2261 95 75 being
1442 2261 55 75 the
1514 2261 126 75 general
1657 2261 176 75 properties
1849 2261 41 75 of
1911 2261 87 75 lime,
2020 2261 27 75 it
2064 2261 26 75 is
2107 2261 76 75 fup-

1151 2306 95 75 pofed
1263 2306 35 75 to
1317 2306 81 75 have
1415 2306 18 75 a
1448 2306 137 75 twofold
1608 2306 164 75 operation
1788 2306 84 75 upon
1895 2306 88 75 land.
2031 2306 112 75 When
2159 2306 20 75 a

1153 2353 87 75 large
1257 2353 148 75 quantity
1428 2353 25 75 is
1471 2353 88 75 ufed,
1583 2353 167 75 efpecially
1767 2353 83 75 after
1864 2353 96 75 being
1983 2353 76 75 long
2076 2353 105 75 expo-

1152 2400 55 75 fed
1222 2400 35 75 to
1273 2400 56 75 the
1345 2400 59 75 air,
1421 2400 26 75 it
1463 2400 161 75 promotes
1642 2400 182 75 vegetation
1840 2400 44 75 by
1895 2400 108 75 giving
2020 2400 17 75 a
2053 2400 79 75 kind
2143 2400 41 75 of

1148 2445 140 75 ftimulus
1316 2445 37 75 to
1376 2445 55 75 the
1447 2445 69 75 foil,
1541 2445 62 75 and
1625 2445 129 75 making
1780 2445 26 75 it
1835 2445 93 75 exert
1944 2445 99 75 itfelf.
2090 2445 91 75 This,

1149 2491 164 75 operation
1333 2491 40 75 of
1380 2491 74 75 lime
1469 2491 26 75 is
1512 2491 57 75 not
1585 2491 120 75 merely
1721 2491 246 75 hypothetical;
1994 2491 53 75 for
2071 2491 100 75 expe-

1151 2537 102 75 rience
1270 2537 111 75 fhews,
1394 2537 71 75 that
1481 2537 76 75 land
1573 2537 196 75 thoroughly
1784 2537 99 75 limed
1895 2537 73 75 may
1985 2537 38 75 be
2037 2537 139 75 reduced

1151 2585 35 75 to
1213 2585 18 75 a
1251 2585 116 75 poorer
1383 2585 161 75 condition
1572 2585 43 75 by
1631 2585 166 75 cropping,
1819 2585 78 75 than
1924 2585 31 75 if
1972 2585 26 75 it
2025 2585 67 75 had
2118 2585 59 75 nor

1148 2631 79 75 been
1246 2631 97 75 limed
1367 2631 33 75 at
1423 2631 55 75 all.
1527 2631 31 75 It
1585 2631 29 75 is
1636 2631 77 75 even
1737 2631 126 75 poffibk
1881 2631 35 75 to
1940 2631 116 75 reduce
2075 2631 100 75 limed

1149 2677 75 75 land
1240 2677 36 75 to
1299 2677 18 75 a
1331 2677 96 75 caput
1444 2677 181 75 mortuum;
1654 2677 61 75 and
1734 2677 55 75 the
1804 2677 88 75 more
1909 2677 186 75 frequently
2112 2677 64 75 and

1149 2724 55 75 the
1220 2724 105 75 better
1341 2724 56 75 the
1419 2724 76 75 land
1510 2724 27 75 is
1553 2724 140 75 plowed,
1717 2724 25 75 it
1767 2724 28 75 is
1821 2724 54 75 the
1898 2724 114 75 fooner
2034 2724 141 75 reduced

1150 2770 35 75 to
1202 2770 64 75 this
1284 2770 87 75 ftate.

1198 2815 95 75 Lime
1313 2815 65 75 alfo
1390 2815 143 75 enriches
1549 2815 87 75 land,
1654 2815 45 75 by
1715 2815 203 75 augmenting
1932 2815 55 75 the
2004 2815 169 75 vegetable

1151 2862 140 75 aliment.
1338 2862 111 75 When
1464 2862 152 75 intended
1632 2862 52 75 for
1706 2862 64 75 this
1787 2862 145 75 purpcfe,
1954 2862 77 75 only
2048 2862 18 75 a
2081 2862 91 75 fmail

1150 2907 148 75 quantity
1323 2907 111 75 fhonld
1461 2907 39 75 be
1531 2907 186 75 employed;
1756 2907 34 75 as
1819 2907 17 75 a
1858 2907 90 75 fmall
1973 2907 147 75 quantity
2136 2907 41 75 of

1149 2956 74 75 hme
1239 2956 27 75 is
1284 2956 153 75 fuftkient
1459 2956 36 75 to
1510 2956 194 75 impregnate
1723 2956 17 75 a
1755 2956 88 75 large
1862 2956 147 75 quantity
2021 2956 39 75 of
2067 2956 108 75 earth,-
2110 2996 63 75 and
