2428 3377
146 144 79 75 2^6

700 144 43 75 A
857 144 44 75 N
1017 144 41 75 A
1176 144 20 75 1

141 212 75 75 fent
240 212 44 75 by
311 212 56 75 the
393 212 139 75 fplenlca
559 212 35 75 to
617 212 56 75 the
700 212 165 75 pancreas,
900 212 94 75 along
1018 212 41 75 its
1083 212 99 75 lower

142 260 85 75 fide.

189 306 77 75 The
281 306 61 75 left
358 306 123 75 gaftric,
500 306 37 75 or
550 306 258 75 gaftro-epiploic
824 306 86 75 vein,
927 306 78 75 goes
1022 306 57 75 out
1096 306 85 75 from

144 353 55 75 the
216 353 148 75 fplenica,
390 353 32 75 at
434 353 55 75 the
505 353 60 75 left
582 353 175 75 extremity
775 353 41 75 of
826 353 55 75 the
897 353 150 75 pancreas
1060 353 10 75 ;
1097 353 84 75 from

143 399 131 75 whence
296 399 27 75 it
348 399 74 75 runs
448 399 35 75 to
508 399 55 75 the
589 399 90 75 great
702 399 175 75 extremity
893 399 40 75 of
952 399 54 75 the
1024 399 151 75 ftomach,

144 446 63 75 and
224 446 95 75 along
335 446 56 75 the
414 446 92 75 great
522 446 89 75 arch,
636 446 50 75 till
703 446 25 75 it
750 446 99 75 meets
872 446 55 75 the
949 446 131 75 gaftrica
1095 446 81 75 dex-

145 493 62 75 tra,
233 493 105 75 which
355 493 26 75 is
399 493 188 75 continuous
604 493 77 75 with
696 493 54 75 the
763 493 128 75 finiflra.

191 538 38 75 In
242 538 41 75 its
298 538 133 75 paflage,
456 538 26 75 it
497 538 87 75 gives
602 538 117 75 feveral
737 538 154 75 branches
908 538 34 75 to
954 538 80 75 both
1051 538 79 75 fides
1142 538 41 75 of

144 586 55 75 the
208 586 152 75 ftomach,
385 586 108 75 which
509 586 53 75 are
578 586 189 75 diftributed
778 586 43 75 by
833 586 169 75 numerous
1021 586 156 75 ramifica^

143 631 98 75 tions,
275 631 84 75 form
386 631 95 75 many
508 631 127 75 areolae,
669 631 62 75 and
758 631 231 75 communicate
1016 631 79 75 with
1120 631 57 75 the

143 677 156 75 branches
315 677 39 75 of
375 677 55 75 the
447 677 164 75 coronaria
626 677 181 75 ventriculi.

191 723 49 75 At
264 723 19 75 a
305 723 93 75 fmall
419 723 137 75 diftance
579 723 85 75 from
688 723 41 75 its
747 723 115 75 origin,
887 723 64 75 this
968 723 113 75 gaftric
1104 723 74 75 vein

140 770 94 75 fends
251 770 57 75 out
325 770 19 75 a
366 770 135 75 branch,
526 770 105 75 which
657 770 27 75 is
708 770 189 75 diftributed
923 770 35 75 to
987 770 55 75 the
1067 770 109 75 omen-

142 816 91 75 tum;
260 816 62 75 and
338 816 41 75 on
405 816 63 75 this
485 816 133 75 account
642 816 26 75 it
691 816 58 75 has
766 816 80 75 been
869 816 103 75 called

137 862 124 75 ploica.

191 909 77 75 The
283 909 81 75 vena
379 909 155 75 epiploica
549 909 118 75 finiftra
683 909 92 75 arifes
793 909 33 75 at
842 909 56 75 the
914 909 89 75 fmall
1019 909 158 75 extremi-

143 956 38 75 ty
198 956 40 75 of
256 956 56 75 the
328 956 163 75 pancreas,
518 956 61 75 and
596 956 26 75 is
640 956 144 75 ramified
799 956 41 75 on
858 956 55 75 the
930 956 175 75 omentum,
1135 956 42 75 all

143 1002 57 75 the
217 1002 71 75 way
305 1002 35 75 to
357 1002 55 75 the
435 1002 105 75 colon,
565 1002 107 75 where
697 1002 26 75 it
748 1002 246 75 communicates
1020 1002 78 75 with
1122 1002 56 75 the

145 1047 275 75 haemorrhoidalis
432 1047 135 75 interna.

194 1094 122 75 Laftly,
347 1094 56 75 the
425 1094 82 75 vena
529 1094 136 75 fplenica
688 1094 130 75 reaches
843 1094 55 75 the
926 1094 106 75 fiffure
1055 1094 40 75 of
1121 1094 54 75 the

144 1141 119 75 fpleen,
280 1141 105 75 which
395 1141 25 75 it
430 1141 104 75 enters
546 1141 140 75 through
700 1141 41 75 its
753 1141 105 75 whole
874 1141 111 75 length
1002 1141 43 75 by
1056 1141 119 75 feveral

145 1186 170 75 branches.
354 1186 30 75 It
401 1186 26 75 is
441 1186 84 75 from
538 1186 55 75 the
611 1186 78 75 moft
706 1186 153 75 pofterior
870 1186 39 75 of
920 1186 87 75 thefe
1023 1186 153 75 branches

144 1234 72 75 that
232 1234 56 75 the
304 1234 87 75 veins
410 1234 52 75 are
485 1234 68 75 fent
570 1234 51 75 off
640 1234 34 75 to
691 1234 55 75 the
762 1234 90 75 great
873 1234 173 75 extremity
1064 1234 38 75 of
1121 1234 55 75 the

144 1279 152 75 ftomach,
322 1279 156 75 formerly
502 1279 116 75 known
643 1279 44 75 by
703 1279 54 75 the
782 1279 90 75 name
897 1279 41 75 of
955 1279 79 75 vafa
1050 1279 124 75 brevia,

144 1325 106 75 which
267 1325 229 75 communicate
512 1325 78 75 with
609 1325 54 75 the
675 1325 166 75 coronaria
855 1325 165 75 ventriculi
1042 1325 60 75 and
1120 1325 54 75 ga-

148 1373 92 75 ftrica
251 1373 140 75 finiftra..

434 1527 738 75 EXPLANATION

143 1645 86 75 This
245 1645 86 75 plate
348 1645 174 75 reprefents
540 1645 56 75 the
620 1645 93 75 heart
737 1645 32 75 in
787 1645 72 75 fitu,
883 1645 43 75 all
943 1645 54 75 the
1021 1645 88 75 large
1127 1645 49 75 ar-

224 1690 95 75 teries
336 1690 61 75 and
413 1690 102 75 veins,
540 1690 79 75 with
636 1690 85 75 fome
737 1690 40 75 of
796 1690 55 75 the
869 1690 145 75 mufcles,
1040 1690 64 75 Ac.

145 1736 195 75 Muscles.
348 1736 48 75 —
402 1736 196 75 Superior
626 1736 260 75 Extremity.
892 1736 48 75 —
948 1736 29 75 a,
1011 1736 165 75 Maffeter.

196 1783 33 75 b,
263 1783 211 75 Complexus.
531 1783 30 75 c,
594 1783 229 75 D;agaftricus.
879 1783 35 75 d,
948 1783 48 75 Os
1028 1783 147 75 hyoides.

192 1828 31 75 e.
246 1828 153 75 Thyroid
423 1828 112 75 gland,
581 1828 25 75 f.
632 1828 143 75 Levator
799 1828 146 75 fcapulte.
996 1828 33 75 g,
1055 1828 120 75 Cucul-

192 1875 89 75 laris.
329 1875 22 75 h
369 1875 34 75 h,
427 1875 77 75 The
528 1875 146 75 clavicles
697 1875 67 75 cut.
814 1875 23 75 i,
862 1875 75 75 The
955 1875 122 75 deltoid
1094 1875 81 75 muf-

192 1922 61 75 cle.
301 1922 35 75 k,
361 1922 115 75 Biceps
494 1922 103 75 flexor
613 1922 98 75 cubiti
738 1922 67 75 cut.
853 1922 25 75 1,
904 1922 270 75 Coraco-brachi-

190 1968 72 75 alis.
312 1968 43 75 m,
380 1968 137 75 Triceps
534 1968 149 75 extenfor
700 1968 110 75 cubiti.
859 1968 32 75 n.
917 1968 76 75 The
1018 1968 98 75 heads
1140 1968 41 75 of

193 2013 56 75 the
265 2013 152 75 pronator
428 2013 99 75 teres,
551 2013 102 75 flexor
670 2013 86 75 carpi
772 2013 141 75 radialis,
939 2013 61 75 and
1013 2013 102 75 flexor
1127 2013 49 75 di-

197 2058 136 75 gitorum
362 2058 153 75 fublimis,
541 2058 66 75 cut.
656 2058 33 75 o.
713 2058 77 75 The
814 2058 102 75 flexor
940 2058 86 75 carpi
1043 2058 132 75 ulnaris,

194 2105 54 75 cut
264 2105 33 75 at
311 2105 43 75 its
371 2105 186 75 extremity,
605 2105 33 75 p.
663 2105 122 75 Flexor
801 2105 171 75 digitorum
985 2105 189 75 profundus,

194 2151 35 75 q,
248 2151 174 75 Supinator
438 2151 80 75 radii
531 2151 127 75 longus,
676 2151 53 75 cut
741 2151 33 75 at
786 2151 41 75 its
844 2151 186 75 extremity,
1066 2151 31 75 r,
1115 2151 59 75 Li-

194 2196 181 75 gamentum
388 2196 83 75 carpi
491 2196 215 75 tranfverfale.
755 2196 28 75 s,
809 2196 198 75 Extenfores
1024 2196 85 75 Carpi
1126 2196 50 75 ra-

195 2244 112 75 diates.
357 2244 26 75 t,
407 2244 181 75 Latlffimus
605 2244 94 75 dorfi.
748 2244 33 75 u,
807 2244 155 75 Anterior
974 2244 80 75 edge
1070 2244 40 75 of
1122 2244 55 75 the

196 2290 138 75 ferratus
362 2290 126 75 anticus
508 2290 114 75 major,
680 2290 32 75 v,
729 2290 33 75 v.
787 2290 76 75 The
891 2290 133 75 inferior
1046 2290 70 75 part
1143 2290 45 75 of

195 2336 58 75 the
265 2336 196 75 diaphragm,
499 2336 30 75 w
541 2336 41 75 w,
601 2336 48 75 Its
662 2336 140 75 anterior
813 2336 80 75 edge
905 2336 67 75 cut.
1013 2336 23 75 x
1049 2336 35 75 x.
1101 2336 78 75 The

196 2382 146 75 kidneys,
390 2382 33 75 y,
448 2382 213 75 Tranfverfus
679 2382 188 75 abdominis,
916 2382 33 75 z.
975 2382 48 75 Os
1039 2382 102 75 ilium.

243 2427 187 75 Inferior
448 2427 341 75 Extremity.—a,
807 2427 97 75 Pfoas
916 2427 145 75 magnus.
1094 2427 30 75 b,
1143 2427 32 75 I-

199 2475 100 75 liacus
323 2475 156 75 internus.
536 2475 30 75 c.
590 2475 76 75 The
691 2475 96 75 flefhy
810 2475 103 75 origin
938 2475 39 75 of
996 2475 54 75 the
1074 2475 107 75 tenfor

194 2521 123 75 •vaginas
333 2521 144 75 femoris.
526 2521 24 75 d
564 2521 33 75 d.
621 2521 77 75 The
722 2521 65 75 offa
801 2521 92 75 pubis
917 2521 54 75 cut
995 2521 84 75 from
1102 2521 79 75 each

198 2568 106 75 other,
360 2568 28 75 e,
420 2568 167 75 Mufculus
613 2568 159 75 peAineus
801 2568 54 75 cut
881 2568 86 75 from
993 2568 44 75 its
1063 2568 117 75 origin.

201 2614 29 75 f.
257 2614 102 75 Short
383 2614 82 75 head
492 2614 39 75 of
550 2614 56 75 the
634 2614 116 75 triceps
778 2614 155 75 adduftor
959 2614 129 75 femoris
1113 2614 66 75 cut.

256 2659 76 75 The
348 2659 90 75 great
453 2659 83 75 head
552 2659 40 75 of
610 2659 54 75 die
677 2659 128 75 triceps,
854 2659 36 75 b,.
910 2659 76 75 The
1003 2659 76 75 long
1099 2659 83 75 head

200 2706 66 75 cut.
303 2706 26 75 /,
345 2706 118 75 Vaftus
473 2706 155 75 internus.
668 2706 32 75 /,
717 2706 115 75 Vaflus
845 2706 167 75 externus.
1053 2706 24 75 /,
1096 2706 84 75 Cru-

199 2752 85 75 reus.
334 2752 43 75 m.
402 2752 183 75 Gemellus.
627 2752 34 75 »,
688 2752 128 75 Soteus.
858 2752 20 75 o,
878 2752 7 75 .
908 2752 112 75 Tibia,
1064 2752 37 75 p,
1119 2752 61 75 Pe-

201 2798 122 75 ronseus
339 2798 128 75 longus.
508 2798 39 75 .q,
573 2798 169 75 Peronasus
758 2798 118 75 brevis,
926 2798 30 75 r.
981 2798 128 75 Fibula.

247 2842 137 75 Heart
415 2842 62 75 and
508 2842 420 75 Blood-Vessels.—A,
968 2842 78 75 The
1077 2842 103 75 heart,

198 2891 79 75 with
294 2891 55 75 the
373 2891 155 75 coronary
546 2891 129 75 arteries
694 2891 60 75 arid
777 2891 101 75 veins,
926 2891 43 75 B,
993 2891 77 75 The
1093 2891 88 75 right

200 2936 116 75 auricle
348 2936 40 75 of
422 2936 55 75 the
508 2936 103 75 heart.
677 2936 42 75 C,
759 2936 77 75 The
872 2936 91 75 aorta
998 2936 180 75 afcendens.

200 2985 49 75 D,
272 2985 78 75 The
372 2985 61 75 left
456 2985 179 75 fubclavian
652 2985 118 75 artery.
820 2985 43 75 E,
888 2985 77 75 The
981 2985 60 75 left
1058 2985 123 75 carotid

201 3029 121 75 artery.
369 3029 41 75 F,
434 3029 76 75 The
536 3029 146 75 common
707 3029 96 75 trunk
827 3029 106 75 which
949 3029 90 75 fends
1056 3029 51 75 off
1125 3029 56 75 the

1334 144 40 75 o
1491 144 47 75 M
1654 144 53 75 Y.

2070 144 98 75 Part
2188 144 72 75 IV.

1279 214 76 75 The
1378 214 137 75 internal
1538 214 247 75 hasmorrhoidal
1807 214 72 75 vein
1902 214 26 75 is
1952 214 61 75 one
2035 214 41 75 of
2093 214 56 75 the
2171 214 90 75 three

1232 259 90 75 great
1338 259 154 75 branches
1509 259 40 75 of
1560 259 55 75 the
1631 259 80 75 vena
1722 259 112 75 portae,
1852 259 127 75 coming
1990 259 176 75 ordinarily
2177 259 85 75 from

1230 305 55 75 the
1302 305 172 75 beginning
1490 305 40 75 of
1548 305 54 75 the
1619 305 81 75 vena
1715 305 147 75 fplenica,
1888 305 63 75 and
1973 305 179 75 fometimes
2176 305 84 75 from

1230 351 54 75 the
1300 351 175 75 extremity
1498 351 37 75 or
1561 351 91 75 angle
1677 351 40 75 of
1735 351 55 75 the
1814 351 193 75 bifurcation
2032 351 40 75 of
2091 351 55 75 the
2170 351 89 75 great

1234 399 97 75 trunk
1347 399 42 75 of
1406 399 57 75 the
1475 399 80 75 vena
1571 399 113 75 portae.

1272 444 47 75 At
1335 444 19 75 a
1371 444 89 75 fmall
1476 444 137 75 diftance
1629 444 84 75 from
1729 444 40 75 its
1787 444 198 75 beginning,
2003 444 25 75 it
2052 444 88 75 gives
2152 444 35 75 to
2204 444 55 75 the

1225 492 183 75 duodenum
1425 492 18 75 a
1454 492 117 75 fecond
1586 492 79 75 vena
1682 492 199 75 duodenalis.

1273 540 202 75 Afterwards
1492 540 25 75 it
1533 540 27 75 is
1578 540 130 75 divided
1723 540 69 75 into
1809 540 65 75 two
1890 540 168 75 branches,
2084 540 60 75 one
2168 540 91 75 fupe-

1225 582 66 75 rior
1307 582 38 75 or
1362 582 179 75 afcending,
1559 582 55 75 the
1631 582 94 75 other
1738 582 132 75 inferior
1885 582 38 75 or
1938 582 202 75 defcendihg.
2181 582 77 75 The

1226 628 63 75 firft
1306 628 74 75 runs
1409 628 35 75 to
1469 628 55 75 the
1549 628 99 75 upper
1672 628 71 75 part
1768 628 40 75 of
1827 628 55 75 the
1910 628 75 75 arch
2011 628 39 75 of
2069 628 55 75 the
2149 628 107 75 colon,

1225 676 119 75 where,
1371 676 84 75 after
1471 676 95 75 many
1582 676 237 75 ramifications,
1845 676 26 75 it
1886 676 245 75 communicates
2147 676 79 75 with
2240 676 18 75 a

1225 723 120 75 branch
1361 723 41 75 of
1421 723 55 75 the
1492 723 91 75 great
1600 723 179 75 mefaraica,
1804 723 78 75 with
1906 723 56 75 the
1984 723 222 75 ramifications
2223 723 38 75 of

1226 767 54 75 the
1296 767 278 75 gaftro-epiploica
1589 767 129 75 finiftra,
1744 767 62 75 and
1822 767 79 75 with
1914 767 89 75 thofe
2016 767 40 75 of
2074 767 55 75 the
2145 767 110 75 neigh-

1228 814 135 75 bouring
1379 814 169 75 epiploica.

1272 861 76 75 The
1364 861 131 75 inferior
1512 861 118 75 branch
1648 861 74 75 runs
1740 861 95 75 down
1858 861 41 75 on
1924 861 55 75 the
2003 861 59 75 left
2079 861 127 75 portion
2222 861 40 75 of

1225 906 55 75 the
1304 906 106 75 colon,
1442 906 40 75 on
1506 906 56 75 the
1584 906 100 75 lower
1708 906 215 75 incurvations
1947 906 41 75 of
2006 906 69 75 that
2100 906 154 75 inteftine,

1227 951 62 75 and
1305 951 41 75 on
1371 951 55 75 the
1451 951 130 75 redhim,
1607 951 42 75 all
1675 951 55 75 the
1755 951 71 75 way
1849 951 35 75 to
1908 951 54 75 the
1987 951 90 75 anus.
2127 951 38 75 In
2190 951 64 75 this

1227 1000 119 75 courfe,
1364 1000 26 75 it
1400 1000 133 75 fupplies
1545 1000 55 75 the
1611 1000 191 75 mefocolon,
1821 1000 60 75 and
1894 1000 99 75 forms
2007 1000 122 75 arches,
2148 1000 106 75 which

1226 1045 74 75 fend
1324 1045 57 75 out
1406 1045 168 75 numerous
1599 1045 90 75 fmall
1712 1045 235 75 ramifications,
1973 1045 105 75 which
2101 1045 154 75 furround

1226 1091 86 75 thefe
1325 1091 172 75 inteftines.

1269 1138 84 75 This
1371 1138 70 75 vein
1457 1138 57 75 has
1539 1138 78 75 been
1643 1138 115 75 named
1781 1138 186 75 hcemorrhoi
1969 1138 57 75 dal
2028 1138 36 75 is,
2090 1138 85 75 from
2199 1138 56 75 the

1224 1185 143 75 tumours
1380 1185 202 75 oftenrfound
1594 1185 32 75 at
1638 1185 42 75 its
1691 1185 175 75 extremity
1877 1185 78 75 next
1969 1185 54 75 the
2038 1185 91 75 anus,
2147 1185 106 75 which

1226 1228 52 75 are
1295 1228 101 75 called
1413 1228 252 75 huemorrhoides.
1713 1228 77 75 The
1814 1228 91 75 word
1929 1228 132 75 interna
2084 1228 27 75 is
2136 1228 121 75 added,,

1226 1274 34 75 to
1274 1274 180 75 diftinguilh
1471 1274 63 75 this
1552 1274 71 75 vein
1639 1274 85 75 from
1741 1274 55 75 the
1812 1274 272 75 hatmorrhoidalis
2106 1274 147 75 externa,

1224 1322 103 75 which
1345 1322 105 75 comes
1467 1322 84 75 from
1568 1322 56 75 the
1639 1322 82 75 vena
1735 1322 230 75 hypogaftrica,
1982 1322 65 75 and
2056 1322 79 75 with
2149 1322 106 75 which

1224 1368 65 75 this
1306 1368 71 75 vein
1394 1368 247 75 communicates
1652 1368 45 75 by
1710 1368 151 75 capillary
1877 1368 237 75 ramifications.

1251 1529 87 75 of
1416 1529 320 75 PLATE
1791 1529 166 75 XVJL

1272 1638 84 75 right
1381 1638 177 75 fubclavian
1582 1638 61 75 and
1661 1638 85 75 right
1768 1638 124 75 carotid
1910 1638 143 75 arteries.
2102 1638 48 75 G,
2175 1638 77 75 The

1272 1685 116 75 carotis
1402 1685 148 75 externa.
1600 1685 50 75 H,
1671 1685 132 75 Arteria
1818 1685 135 75 facialis,
1979 1685 104 75 which
2097 1685 90 75 fends
2205 1685 51 75 off

1273 1731 54 75 the
1356 1731 157 75 coronary
1528 1731 130 75 arteries
1684 1731 40 75 of
1743 1731 55 75 the
1829 1731 74 75 lips.
1953 1731 29 75 I,
2009 1731 129 75 Arteria
2171 1731 80 75 tem-

1272 1779 114 75 poralis
1400 1779 169 75 profunda.
1618 1779 46 75 K,
1689 1779 106 75 Aorta
1806 1779 204 75 defeendens.
2059 1779 30 75 L
2108 1779 44 75 L,
2176 1779 77 75 The

1271 1823 73 75 iliac
1368 1823 297 75 arteries,—which
1689 1823 77 75 fend
1789 1823 51 75 off
1882 1823 112 75 M.M,
2019 1823 77 75 The
2119 1823 134 75 femoral

1272 1868 37 75 or
1325 1868 105 75 crural
1446 1868 144 75 arteries.
1640 1868 49 75 N.
1710 1868 42 75 li.
1778 1868 77 75 The
1871 1868 94 75 other
1986 1868 130 75 arteries
2141 1868 30 75 in
2189 1868 64 75 thi?

1271 1914 99 75 figure
1386 1914 80 75 have
1490 1914 56 75 the
1569 1914 85 75 fame
1678 1914 201 75 diftribution
1899 1914 32 75 as
1957 1914 55 75 the
2035 1914 88 75 veins
2140 1914 39 75 of
2198 1914 55 75 the

1271 1960 82 75 fame
1369 1960 92 75 name
1473 1960 130 75 :—And
1619 1960 174 75 generally,
1818 1960 32 75 in
1868 1960 53 75 the
1939 1960 186 75 anatomical
2137 1960 114 75 plates,

1271 2005 53 75 the
1341 2005 190 75 defeription
1549 2005 34 75 to
1601 2005 39 75 be
1652 2005 100 75 found
1768 2005 43 75 on
1825 2005 55 75 the
1897 2005 59 75 one
1973 2005 75 75 fide,
2074 2005 104 75 points
2195 2005 58 75 out

1272 2052 54 75 the
1350 2052 82 75 fame
1460 2052 89 75 parts
1574 2052 32 75 in
1635 2052 55 75 the
1714 2052 107 75 other,
1874 2052 31 75 i,
1928 2052 76 75 The
2027 2052 118 75 frontal
2168 2052 83 75 vein.

1273 2101 33 75 2,
1331 2101 76 75 The
1435 2101 94 75 facial
1558 2101 85 75 vein.
1695 2101 31 75 3,
1751 2101 94 75 Vena
1872 2101 184 75 temporalis
2083 2101 169 75 profunda.

1273 2144 33 75 4,
1346 2144 94 75 Vena
1471 2144 188 75 occipitalis.
1728 2144 32 75 5,
1798 2144 95 75 Vena
1920 2144 156 75 jugularis
2108 2144 145 75 externa.

1273 2192 33 75 6,
1331 2192 93 75 Vena
1451 2192 156 75 jugularis
1630 2192 137 75 interna,
1800 2192 150 75 covering
1978 2192 54 75 the
2062 2192 115 75 arteria
2201 2192 53 75 ca.-

1273 2237 77 75 rotis
1373 2237 188 75 communis.
1613 2237 33 75 7,
1670 2237 23 75 T
1705 2237 41 75 he
1764 2237 139 75 vafcular
1925 2237 75 75 arch
2026 2237 40 75 on
2092 2237 54 75 the
2170 2237 85 75 palm

1273 2283 39 75 of
1331 2283 56 75 the
1409 2283 97 75 hand,
1538 2283 105 75 which
1667 2283 27 75 is
1718 2283 126 75 formed
1867 2283 43 75 by
1938 2283 34 75 8,
2002 2283 55 75 the
2081 2283 99 75 radial
2205 2283 49 75 ar-

1273 2329 72 75 tery
1373 2329 62 75 and
1466 2329 83 75 vein,
1582 2329 63 75 and
1677 2329 34 75 9,
1744 2329 55 75 the
1826 2329 92 75 ulnar
1928 2329 9 75 ,
1949 2329 107 75 artery
2084 2329 62 75 and
2168 2329 86 75 vein.

1276 2376 40 75 10
1350 2376 54 75 10,
1440 2376 155 75 Cephalic
1620 2376 86 75 vein.
1770 2376 53 75 11,
1849 2376 114 75 Bafilic
1989 2376 84 75 vein,
2111 2376 70 75 that
2213 2376 41 75 on

1272 2422 55 75 the
1360 2422 86 75 right
1474 2422 75 75 fide,
1587 2422 66 75 cut.
1708 2422 54 75 12,
1795 2422 132 75 Median
1962 2422 83 75 vein.
2099 2422 60 75 13,.
2178 2422 75 75 The

1276 2467 142 75 humeral
1442 2467 86 75 vein,
1552 2467 119 75 which,
1701 2467 80 75 with
1808 2467 55 75 the
1892 2467 135 75 median,
2062 2467 109 75 covers
2199 2467 55 75 the

1275 2512 151 75 humeral,
1440 2512 119 75 artery.
1618 2512 41 75 14
1680 2512 54 75 14,
1765 2512 77 75 The
1866 2512 144 75 external
2037 2512 157 75 thoracic,
2218 2512 36 75 or

1276 2558 176 75 mammary
1467 2558 130 75 arteries
1615 2558 62 75 and
1695 2558 99 75 veins.
1847 2558 54 75 15,
1924 2558 77 75 The
2017 2558 137 75 axillary
2170 2558 83 75 vein,

1277 2605 147 75 covering
1449 2605 55 75 the
1529 2605 120 75 artery.
1703 2605 41 75 16
1766 2605 54 75 16,
1844 2605 77 75 The
1948 2605 178 75 fubclavian
2152 2605 101 75 veins-,

1276 2651 118 75 which,
1419 2651 79 75 with
1523 2651 37 75 (6
1579 2651 37 75 6)
1635 2651 55 75 the
1711 2651 158 75 jugulars,
1895 2651 99 75 forms
2046 2651 54 75 17,
2124 2651 55 75 the
2199 2651 55 75 ve-

1276 2696 40 75 na
1342 2696 76 75 cava
1440 2696 152 75 fuperior.
1646 2696 56 75 18,
1725 2696 76 75 Ttie
1824 2696 172 75 cutaneous
2017 2696 76 75 arch
2109 2696 39 75 of
2166 2696 87 75 veins

1276 2743 41 75 on
1334 2743 55 75 the
1407 2743 154 75 fere-part
1584 2743 40 75 of
1643 2743 55 75 the
1721 2743 83 75 foot.
1856 2743 54 75 19,
1936 2743 77 75 The
2034 2743 80 75 vena
2136 2743 119 75 tibialis

1277 2789 114 75 antica,
1418 2789 149 75 covering
1583 2789 54 75 the
1654 2789 118 75 artery.
1823 2789 58 75 20,
1905 2789 76 75 The
1996 2789 79 75 vena
2097 2789 159 75 profunda

1277 2835 142 75 femoris;,
1444 2835 150 75 covering
1610 2835 55 75 the
1682 2835 116 75 ar^aiy.
1850 2835 57 75 2i>
1931 2835 76 75 The
2024 2835 98 75 upper
2134 2835 69 75 part
2220 2835 40 75 of

1276 2882 55 75 the
1358 2882 79 75 vena
1463 2882 137 75 faphena
1626 2882 116 75 major.
1812 2882 57 75 22,
1904 2882 76 75 The
2007 2882 133 75 femoral
2167 2882 85 75 vein.

1277 2930 40 75 23
1338 2930 57 75 23,
1419 2930 78 75 The
1512 2930 73 75 iliac
1600 2930 100 75 veins.
1751 2930 57 75 24,
1828 2930 56 75 24,
1909 2930 93 75 Vena
2018 2930 77 75 cava
2108 2930 144 75 inferior.

1278 2976 41 75 23
1356 2976 56 75 2J,
1460 2976 76 75 The
1574 2976 87 75 renal
1696 2976 88 75 veins
1825 2976 149 75 covering
2012 2976 56 75 the
2108 2976 142 75 arteries.

1278 3023 43 75 2.6
1340 3023 57 75 26,
1421 3023 76 75 The
1513 3023 249 75 diaphragmatic
1777 3023 101 75 veins.

2077 3058 176 75 PART
