2477 3395
186 218 81 75 6^6

824 218 36 75 B
979 218 39 75 O
1134 218 38 75 T

182 287 85 75 upon
285 287 55 75 "he
356 287 122 75 furface
495 287 49 75 till
554 287 76 75 they
647 287 121 75 receive
785 287 84 75 their
885 287 245 75 impregnation,
1148 287 62 75 and

184 333 76 75 then
277 333 66 75 fink
360 333 108 75 down.

232 380 23 75 “
283 380 33 75 9.
343 380 152 75 Omnium
508 380 120 75 florum
649 380 146 75 genuina
818 380 359 75 conjideratio.—Here
1186 380 27 75 .a

180 426 135 75 number
331 426 39 75 of
382 426 185 75 particulars
584 426 52 75 are
654 426 131 75 recited.
836 426 66 75 We
914 426 75 75 (hall
1002 426 122 75 confine
1137 426 73 75 our-

180 474 101 75 felves
298 474 35 75 to
348 474 89 75 thofe
454 474 71 75 that
541 474 52 75 are
610 474 79 75 moil
705 474 131 75 ftriking
851 474 62 75 and
925 474 174 75 applicable
1110 474 35 75 to
1157 474 56 75 the

184 519 131 75 fubje#.

230 564 23 75 “
278 564 111 75 When
406 564 54 75 the
476 564 125 75 flowers
618 564 39 75 of
670 564 53 75 the
740 564 82 75 male
838 564 94 75 hemp
960 564 54 75 are
1036 564 109 75 pulled
1166 564 52 75 off

178 612 111 75 before
310 612 90 75 thofe
416 612 40 75 of
468 612 55 75 the
540 612 115 75 female
683 612 53 75 are
764 612 84 75 fully
875 612 178 75 expanded,
1080 612 55 75 the
1163 612 49 75 fe-

179 658 99 75 males
290 658 43 75 do
349 658 56 75 not
418 658 140 75 produce
574 658 106 75 fertile
697 658 99 75 feeds.
846 658 66 75 But
928 658 33 75 as
975 658 18 75 a
1005 658 82 75 male
1103 658 108 75 flower

178 706 28 75 is
218 706 177 75 fometimes
412 706 100 75 found
528 706 85 75 upon
637 706 18 75 a
672 706 113 75 female
803 706 101 75 plant,
929 706 63 75 this
1010 706 72 75 may
1099 706 39 75 be
1155 706 56 75 the

177 751 112 75 reafon
307 751 73 75 why
396 751 105 75 fertile
516 751 88 75 feeds
622 751 52 75 are
691 751 179 75 fometimes
888 751 163 75 produced
1067 751 78 75 even
1162 751 47 75 af-

176 798 52 75 ter
245 798 63 75 this
325 798 183 75 precaution
526 798 55 75 has
599 798 79 75 been
695 798 166 75 obferved.

227 842 24 75 “
275 842 77 75 The
368 842 79 75 tulip
465 842 121 75 affords
608 842 134 75 another
765 842 198 75 experiment
987 842 35 75 to
1048 842 55 75 the
1127 842 83 75 fame

175 889 265 75 purpofe.—Cut
456 889 53 75 off
528 889 42 75 all
587 889 54 75 the
658 889 137 75 antherae
812 889 40 75 of
871 889 18 75 a
912 889 57 75 red
993 889 80 75 tulip
1097 889 111 75 before

177 938 58 75 the
251 938 105 75 pollen
381 938 26 75 is
432 938 154 75 emitted;
614 938 75 75 then
714 938 74 75 take
810 938 55 75 the
889 938 66 75 ripe
977 938 137 75 antherse
1132 938 40 75 of
1192 938 17 75 a

175 984 100 75 white
291 984 93 75 tulip,
409 984 61 75 and
488 984 105 75 throw
605 984 54 75 the
676 984 105 75 pollen
797 984 41 75 of
856 984 56 75 the
932 984 97 75 white
1045 984 60 75 one
1123 984 84 75 upon

176 1031 57 75 the
256 1031 111 75 (Hgma
383 1031 40 75 of
441 1031 55 75 the
514 1031 78 75 red;
619 1031 54 75 the
690 1031 86 75 feeds
794 1031 39 75 of
851 1031 56 75 the
930 1031 57 75 red
1009 1031 80 75 tulip
1113 1031 95 75 being

175 1077 76 75 thus
275 1077 220 75 impregnated
508 1077 43 75 by
567 1077 60 75 one
644 1077 39 75 of
702 1077 18 75 a
736 1077 150 75 different
902 1077 213 75 complexion,
1143 1077 64 75 will

177 1123 79 75 next
272 1123 36 75 fe'
308 1123 68 75 afon
396 1123 139 75 produce
552 1123 84 75 fome
655 1123 67 75 red,
748 1123 85 75 feme
849 1123 110 75 white,
985 1123 56 75 but
1058 1123 78 75 moft
1153 1123 53 75 va-

180 1169 142 75 riegated
338 1169 162 75 flowers.”

225 1216 38 75 In
280 1216 52 75 the
358 1216 76 75 year
455 1216 100 75 1744,
580 1216 149 75 Linnaeus
746 1216 163 75 publiflied
932 1216 18 75 a
965 1216 188 75 defeription
1172 1216 41 75 of

176 1265 20 75 a
217 1265 72 75 new
305 1265 109 75 genus,
441 1265 104 75 which
558 1265 40 75 he
611 1265 102 75 Called
724 1265 138 75 peloria,
889 1265 41 75 on
947 1265 54 75 the
1018 1265 187 75 fjppofition

176 1310 41 75 of
235 1310 41 75 its
294 1310 94 75 being
404 1310 18 75 a
438 1310 113 75 hybrid
563 1310 38 75 or
623 1310 84 75 mule
723 1310 100 75 plant,
850 1310 24 75 i.
893 1310 26 75 e.
947 1310 19 75 a
982 1310 85 75 plant
1087 1310 116 75 produ-

175 1356 59 75 ced
245 1356 45 75 by
306 1356 38 75 an
360 1356 168 75 unnatural
545 1356 212 75 commixture
773 1356 41 75 of
832 1356 65 75 two
910 1356 149 75 different
1075 1356 127 75 genera.

175 1403 77 75 The
268 1403 88 75 root,
379 1403 116 75 leaves,
520 1403 112 75 cauiis,
657 1403 65 75 <bc.
748 1403 39 75 of
807 1403 63 75 this
888 1403 87 75 plant
999 1403 53 75 are
1068 1403 135 75 exceed-

176 1449 88 75 ingly
276 1449 114 75 fimilar
406 1449 34 75 to
457 1449 88 75 thofe
561 1449 40 75 of
620 1449 55 75 the
692 1449 208 75 antirrhinum
914 1449 134 75 linaria;
1074 1449 57 75 but
1148 1449 56 75 the

178 1494 109 75 flower
304 1494 62 75 and
382 1494 92 75 other
490 1494 86 75 parts
593 1494 40 75 of
651 1494 219 75 fru&ification
887 1494 53 75 are
963 1494 114 75 totally
1094 1494 108 75 differ-

175 1542 67 75 ent.
290 1542 55 75 On
362 1542 133 75 account
511 1542 40 75 of
569 1542 41 75 its
627 1542 162 75 fimilarity
805 1542 35 75 to
855 1542 56 75 the
927 1542 112 75 linaria
1055 1542 32 75 in
1108 1542 96 75 every

175 1589 71 75 part
263 1589 57 75 but
337 1589 54 75 the
407 1589 121 75 flower,
562 1589 150 75 Linnaeus
736 1589 158 75 imagined
916 1589 25 75 it
964 1589 35 75 to
1019 1589 80 75 have
1124 1589 79 75 been

174 1634 161 75 produced
352 1634 43 75 by
411 1634 18 75 a
446 1634 172 75 fortuitous
635 1634 211 75 commixture
863 1634 41 75 of
921 1634 55 75 the
992 1634 110 75 linaria
1126 1634 76 75 with

175 1682 85 75 fome
277 1682 92 75 other
385 1682 100 75 plant,
510 1682 154 75 although
675 1682 40 75 he
730 1682 58 75 has
805 1682 95 75 never
916 1682 54 75 yet
986 1682 79 75 been
1081 1682 71 75 able
1168 1682 35 75 to

176 1727 193 75 condefcend
387 1727 40 75 on
445 1727 54 75 the
515 1727 117 75 father.
680 1727 84 75 This
781 1727 140 75 dodtrine
938 1727 40 75 of
996 1727 54 75 the
1067 1727 135 75 produc-

175 1775 69 75 tion
267 1775 40 75 of
326 1775 83 75 mule
434 1775 103 75 plants
560 1775 57 75 has
640 1775 80 75 fince
744 1775 80 75 been
852 1775 125 75 greatly
1003 1775 112 75 prized
1142 1775 61 75 and

175 1821 155 75 carefully
346 1821 193 75 ptopagated
555 1821 42 75 by
620 1821 150 75 Linnaeus
795 1821 60 75 and
879 1821 54 75 the
950 1821 93 75 other
1058 1821 143 75 fupport-

176 1868 49 75 ers
253 1868 40 75 of
311 1868 56 75 the
390 1868 109 75 fexual
522 1868 194 75 hypothefis.
765 1868 38 75 In
828 1868 55 75 the
907 1868 88 75 third
1015 1868 127 75 volume
1167 1868 41 75 of

175 1915 56 75 the
249 1915 212 75 Amcenitcites
479 1915 209 75 Academic#,
706 1915 89 75 there
811 1915 28 75 is
855 1915 18 75 a
889 1915 156 75 complete
1060 1915 140 75 differta-

176 1960 80 75 tion,
281 1960 140 75 intitled.
446 1960 132 75 Plant#
595 1960 164 75 Hybrid#,
784 1960 139 75 wherein
940 1960 54 75 the
1010 1960 140 75 dodrine
1167 1960 41 75 of

175 2007 162 75 vegetable
352 2007 99 75 muleJ
467 2007 27 75 is
510 2007 93 75 much
623 2007 162 75 improved
811 2007 62 75 and
895 2007 171 75 extended.
1115 2007 85 75 This

175 2051 192 75 diflertation
384 2051 141 75 contains
543 2051 17 75 a
571 2051 49 75 lift
636 2051 40 75 of
695 2051 42 75 47
757 2051 112 75 mules,
894 2051 78 75 with
988 2051 84 75 their
1087 2051 113 75 fuppo-

174 2101 55 75 fed
245 2101 120 75 fathers
383 2101 61 75 and
460 2101 155 75 mothers.
665 2101 65 75 For
746 2101 159 75 example.

174 2193 76 75 The
266 2193 208 75 Veronica
494 2193 144 75 Spuria
655 2193 27 75 is
700 2193 66 75 faid
781 2193 36 75 to
832 2193 40 75 be
885 2193 18 75 a
915 2193 181 75 wa/eplant
1113 2193 87 75 begot

222 2240 33 75 by
268 2240 54 75 the
338 2240 135 75 verbena
489 2240 163 75 officinalis
670 2240 80 75 upon
767 2240 54 75 the
838 2240 147 75 veronica
1001 2240 169 75 maritima.

173 2287 77 75 The
267 2287 194 75 delphinium
472 2287 182 75 hybridum,
673 2287 18 75 a
707 2287 84 75 mule
807 2287 86 75 begot
910 2287 43 75 by
968 2287 55 75 the
1040 2287 159 75 aconitum

222 2331 140 75 napellus
380 2331 81 75 upon
461 2363 8 49 i
477 2331 56 75 the
549 2331 195 75 delphinium
761 2331 129 75 datum.

174 2379 75 75 The
271 2379 127 75 ardotis
425 2379 175 75 calendula,
627 2379 18 75 a
672 2379 86 75 mule
780 2379 87 75 begot
890 2379 44 75 by
955 2379 57 75 the
1036 2379 165 75 calendula

222 2425 146 75 pluvialis
384 2425 80 75 upon
481 2425 56 75 the
549 2425 127 75 ardotis
692 2425 107 75 triftis.

174 2472 75 75 The
266 2472 148 75 afclepias
430 2472 101 75 nigra,
557 2472 18 75 a
587 2472 83 75 mule
682 2472 88 75 begot
785 2472 43 75 by
845 2472 55 75 the
917 2472 196 75 cynanchum
1125 2472 72 75 acu-

220 2519 68 75 tum
305 2519 80 75 upon
403 2519 55 75 the
474 2519 147 75 afclepias
640 2519 247 75 vincetoxicum,
913 2519 64 75 fcc.

221 2611 97 75 From
335 2611 63 75 the,
407 2611 161 75 examples
585 2611 90 75 given
692 2611 32 75 in
741 2611 64 75 this
817 2611 208 75 differtation,
1050 2611 150 75 Linnaens

176 2659 103 75 draws
295 2659 64 75 this
377 2659 133 75 Angular
532 2659 189 75 conclufion,
746 2659 70 75 that
839 2659 76 75 only
938 2659 65 75 two
1027 2659 116 75 fpecies
1167 2659 41 75 of

176 2706 76 75 each
270 2706 98 75 genus
385 2706 119 75 exifted
518 2706 42 75 ab
574 2706 145 75 origine-,
744 2706 61 75 and
818 2706 68 75 that
903 2706 43 75 all
962 2706 56 75 the
1029 2706 122 75 variety
1167 2706 41 75 of

175 2751 117 75 fpecies
308 2751 103 75 which
428 2751 72 75 now
517 2751 114 75 appear
654 2751 80 75 have
758 2751 79 75 been
860 2751 163 75 produced
1045 2751 43 75 by
1103 2751 98 75 unna-

177 2798 82 75 tural
278 2798 161 75 embraces
455 2798 135 75 betwixt
607 2798 117 75 fpecies
741 2798 38 75 of
791 2798 148 75 different
956 2798 128 75 genera.

221 2842 113 75 Under
345 2842 64 75 this
421 2842 94 75 head,
524 2842 152 75 Linnaeus
688 2842 137 75 likewife
837 2842 115 75 quotes
965 2842 83 75 from
1059 2842 74 75 Ray
1144 2842 57 75 the

173 2889 84 75 ftory
273 2889 40 75 of
323 2889 145 75 Richard
484 2889 81 75 Baal
580 2889 153 75 gardener
749 2889 33 75 at
800 2889 186 75 Brentford.
1021 2889 84 75 This
1123 2889 78 75 Baal

173 2936 68 75 fold
258 2936 17 75 a
292 2936 86 75 large
394 2936 146 75 quantity
554 2936 38 75 of
604 2936 54 75 the
675 2936 86 75 feeds
774 2936 39 75 of
824 2936 55 75 the
896 2936 126 75 braflica
1038 2936 114 75 florida
1167 2936 35 75 to

172 2981 117 75 feveral
306 2981 167 75 gardeners
490 2981 32 75 in
534 2981 55 75 the
601 2981 131 75 fuburbs
749 2981 39 75 of
800 2981 150 75 London.
999 2981 109 75 Thefe
1128 2981 71 75 gar-

172 3028 124 75 deners,
312 3028 86 75 after
414 3028 118 75 fow’ing
549 3028 83 75 their
648 3028 88 75 feeds
752 3028 33 75 in
797 3028 54 75 the
862 3028 86 75 ufual
961 3028 142 75 manner,
1115 3028 85 75 were

173 3075 154 75 furprifed
343 3075 35 75 to
395 3075 66 75 find
477 3075 90 75 them,
581 3075 73 75 turn
671 3075 56 75 out
744 3075 34 75 to
795 3075 38 75 be
845 3075 104 75 plants
965 3075 40 75 of
1015 3075 19 75 a
1049 3075 149 75 different

1286 226 367 75 ANY.

1258 293 117 75 fpecies
1392 293 84 75 from
1493 293 70 75 that
1580 293 107 75 which
1702 293 79 75 Baal
1794 293 92 75 made
1900 293 87 75 them
2005 293 120 75 believe
2138 293 77 75 they
2226 293 65 75 had

1260 340 193 75 purchafed;
1479 340 64 75 for,
1561 340 119 75 inftead
1696 340 40 75 of
1753 340 56 75 the
1826 340 117 75 brafica
1957 340 125 75 florida,
2108 340 55 75 the
2189 340 101 75 plants

1261 386 115 75 turned
1392 386 57 75 out
1465 386 35 75 to
1517 386 39 75 be
1569 386 54 75 the
1640 386 128 75 braflica
1784 386 180 75 longifolia.
2012 386 77 75 The
2105 386 184 75 gardeners,

1261 431 84 75 upon
1369 431 129 75 making
1514 431 55 75 the
1586 431 175 75 difeovery,
1787 431 204 75 commenced
2008 431 18 75 a
2042 431 198 75 profecution
2257 431 39 75 of

1261 478 93 75 fraud
1371 478 115 75 againft
1503 478 78 75 Baal
1598 478 31 75 in
1646 478 313 75 Weftminfter-hall.
2000 478 75 75 The
2087 478 92 75 court
2191 478 101 75 found

1262 524 80 75 Baal
1359 524 102 75 guilty
1479 524 40 75 of
1537 524 106 75 fraud,
1668 524 63 75 and
1746 524 158 75 decerned
1927 524 65 75 him
2017 524 56 75 not
2096 524 77 75 only
2189 524 35 75 to
2240 524 49 75 re-

1262 572 80 75 ftore
1358 572 55 75 the
1430 572 86 75 price
1533 572 40 75 of
1592 572 54 75 the
1663 572 100 75 feeds,
1788 572 57 75 but
1861 572 158 75 likewife'
2019 572 36 75 to
2072 572 61 75 pay
2145 572 55 75 the
2217 572 71 75 gar-

1262 617 111 75 deners
1391 617 51 75 for
1459 617 83 75 their
1558 617 58 75 loft
1633 617 89 75 time,
1749 617 62 75 and
1834 617 55 75 the
1913 617 52 75 ufe
1988 617 40 75 of
2046 617 83 75 their
2151 617 136 75 ground.

1264 664 22 75 “
1312 664 77 75 Had
1400 664 86 75 thefe
1501 664 116 75 judges
1637 664 84 75 (fays
1734 664 166 75 Linnaeus)
1919 664 77 75 been
2010 664 189 75 acquainted
2211 664 79 75 with

1261 708 55 75 the
1339 708 107 75 fexuail
1473 708 191 75 hypothefis,
1690 708 78 75 they
1784 708 108 75 would
1917 708 55 75 not
1995 708 81 75 have
2092 708 100 75 found
2209 708 78 75 Baal

1261 755 102 75 guilty
1380 755 40 75 of
1439 755 62 75 any
1517 755 110 75 crime,
1653 755 58 75 but
1734 755 108 75 would
1865 755 81 75 have
1969 755 141 75 aferibed
2134 755 54 75 the
2205 755 82 75 acci-

1260 801 76 75 dent
1352 801 34 75 to
1403 801 54 75 the
1474 801 171 75 fortuitous
1662 801 230 75 impregnation
1909 801 40 75 of
1967 801 55 75 the
2034 801 126 75 braflica
2176 801 112 75 fiorida

1260 848 42 75 by
1318 848 55 75 the
1390 848 105 75 pollen
1508 848 39 75 of
1567 848 55 75 the
1638 848 127 75 braffica
1779 848 205 75 longifolia.”

1308 895 148 75 Linnasus
1473 895 79 75 next
1567 895 152 75 proceeds
1742 895 36 75 to
1794 895 157 75 celebrate
1975 895 54 75 the
2055 895 108 75 utility
2179 895 41 75 of
2238 895 46 75 in-

1259 940 90 75 fers,
1374 940 130 75 becaufe
1521 940 76 75 they
1613 940 121 75 convey
1750 940 55 75 the
1821 940 105 75 pollen
1952 940 40 75 of
2010 940 55 75 the
2081 940 82 75 male
2179 940 34 75 to
2231 940 55 75 the

1258 987 108 75 ftigma
1381 987 40 75 of
1440 987 54 75 the
1510 987 127 75 female.
1687 987 24 75 “
1738 987 37 75 In
1793 987 63 75 this
1874 987 108 75 way,”
2005 987 70 75 fays
2092 987 53 75 he,
2172 987 23 75 “
2217 987 25 75 it
2259 987 26 75 is

1257 1034 180 75 reafonable
1450 1034 35 75 to
1500 1034 92 75 think
1604 1034 70 75 that
1689 1034 96 75 many
1799 1034 143 75 dioicous
1959 1034 102 75 plants
2079 1034 52 75 are
2148 1034 136 75 impreg-

1258 1079 107 75 nated.
1414 1079 88 75 Nay,
1528 1079 77 75 even
1630 1079 55 75 the
1713 1079 272 75 hermaphrodites
2013 1079 185 75 themfelves
2231 1079 54 75 are

1257 1125 124 75 greatly
1398 1125 127 75 obliged
1542 1125 34 75 to
1593 1125 55 75 the
1660 1125 148 75 different
1833 1125 97 75 tribes
1956 1125 41 75 of
2014 1125 123 75 infeds,
2163 1125 119 75 which,

1256 1170 44 75 by
1314 1170 163 75 fluttering
1500 1170 61 75 and
1584 1170 143 75 treading
1743 1170 33 75 in
1802 1170 54 75 the
1874 1170 131 75 corolla,
2031 1170 53 75 are
2108 1170 176 75 conftantly

1255 1218 171 75 fcattering
1443 1218 54 75 the
1514 1218 106 75 pollen
1637 1218 97 75 about
1745 1218 56 75 the
1818 1218 122 75 ftigma.

1304 1265 22 75 “
1344 1265 97 75 Upon
1459 1265 55 75 the
1527 1265 144 75 whole,”
1689 1265 87 75 then,
1805 1265 170 75 concludes
1998 1265 164 75 Linnsms,
2190 1265 93 75 “the

1253 1310 102 75 coitus
1371 1310 41 75 of
1423 1310 180 75 vegetables
1618 1310 26 75 is
1661 1310 127 75 evident
1804 1310 35 75 to
1855 1310 17 75 a
1888 1310 244 75 demonftration
2195 1310 87 75 This

1254 1355 101 75 coitus
1372 1355 25 75 is
1415 1355 132 75 nothing
1564 1355 87 75 more
1668 1355 76 75 than
1760 1355 55 75 the
1832 1355 198 75 conveyance
2046 1355 41 75 of
2102 1355 54 75 the
2174 1355 105 75 pollen

1253 1401 34 75 to
1303 1401 55 75 the
1375 1401 121 75 ftigma,
1522 1401 34 75 to
1573 1401 104 75 which
1695 1401 26 75 it
1745 1401 132 75 adheres
1905 1401 48 75 till
1971 1401 24 75 it
2022 1401 101 75 borfts
2140 1401 60 75 and
2216 1401 62 75 dif-

1254 1447 130 75 charges
1402 1447 19 75 a
1437 1447 113 75 fubtile
1574 1447 104 75 elaftic
1702 1447 89 75 fluid.
1838 1447 84 75 This
1939 1447 78 75 fluid
2033 1447 38 75 or
2087 1447 75 75 aura
2178 1447 26 75 is
2222 1447 56 75 ab-

1253 1494 112 75 forbed
1381 1494 44 75 by
1447 1494 56 75 the
1520 1494 109 75 veffels
1653 1494 40 75 of
1716 1494 54 75 the
1787 1494 106 75 ftylus,
1920 1494 61 75 and
2006 1494 121 75 carried
2146 1494 133 75 diredlly

1252 1541 33 75 to
1302 1541 55 75 the
1374 1541 142 75 ovarium
1533 1541 37 75 or
1586 1541 142 75 germen,
1753 1541 107 75 where
1871 1541 55 75 the
1939 1541 186 75 myfterious
2141 1541 90 75 work
2243 1541 40 75 of

1253 1587 230 75 impregnation
1496 1587 26 75 is
1539 1587 82 75 fully
1631 1587 234 75 compleated.”

1299 1679 129 75 These
1446 1679 53 75 are
1515 1679 57 75 the
1587 1679 180 75 arguments
1792 1679 167 75 employed
1982 1679 44 75 by
2048 1679 150 75 Linnaeus
2215 1679 63 75 and

1253 1726 92 75 other
1358 1726 167 75 advocates
1537 1726 51 75 for
1600 1726 56 75 the
1668 1726 109 75 fexual
1795 1726 175 75 commerce
1987 1726 40 75 of
2037 1726 240 75 vegetables.—

1252 1771 64 75 Let
1333 1771 36 75 us
1386 1771 79 75 next
1481 1771 111 75 attend
1607 1771 35 75 to
1658 1771 90 75 thofe
1764 1771 169 75 employed
1949 1771 41 75 by
2003 1771 55 75 the
2074 1771 148 75 oppofers
2240 1771 40 75 of

1253 1818 61 75 this
1331 1818 193 75 hypothefis.

1300 1864 30 75 It
1357 1864 26 75 is
1401 1864 154 75 admitted
1581 1864 45 75 by
1641 1864 192 75 Pontedera,
1867 1864 54 75 Dr
1942 1864 126 75 Alfton,
2103 1864 63 75 fyc.
2204 1864 71 75 that

1251 1911 85 75 fome
1346 1911 40 75 of
1398 1911 54 75 the
1469 1911 117 75 acients
1603 1911 126 75 applied
1744 1911 54 75 the
1815 1911 98 75 terms
1930 1911 84 75 male
2030 1911 62 75 and
2098 1911 127 75 female
2241 1911 35 75 to

1250 1956 115 75 feveral
1384 1956 116 75 plants.
1536 1956 66 75 But
1619 1956 75 75 then
1711 1956 78 75 they
1800 1956 84 75 deny
1900 1956 70 75 that
1986 1956 87 75 thefe
2089 1956 96 75 terms
2198 1956 76 75 con-

1249 2002 102 75 veyed
1367 2002 54 75 the
1438 2002 82 75 fame
1536 2002 86 75 ideas
1639 2002 35 75 to
1705 2002 55 75 the
1778 2002 139 75 ancients
1934 2002 70 75 that
2020 2002 78 75 they
2110 2002 43 75 do
2170 2002 34 75 to
2220 2002 55 75 the

1250 2049 161 75 moderns.
1459 2049 97 75 Male
1582 2049 63 75 and
1661 2049 138 75 female,
1825 2049 93 75 when
1946 2049 125 75 applied
2099 2049 34 75 to
2155 2049 118 75 plants,

1251 2095 83 75 were
1350 2095 36 75 to
1413 2095 55 75 the
1490 2095 138 75 ancients
1646 2095 86 75 mere
1759 2095 98 75 terms
1879 2095 39 75 of
1937 2095 187 75 diftindtion,
2148 2095 126 75 ferving

1250 2142 74 75 only
1342 2142 32 75 as
1391 2142 106 75 trivial
1514 2142 106 75 names
1635 2142 37 75 to
1692 2142 179 75 diftinguiffi
1889 2142 59 75 one
1964 2142 116 75 fpecies
2099 2142 36 75 or
2151 2142 123 75 variety

1249 2188 83 75 from
1350 2188 145 75 another.
1542 2188 76 75 The
1636 2188 138 75 ancients
1791 2188 83 75 were
1903 2188 146 75 ignorant
2065 2188 40 75 of
2125 2188 55 75 the
2196 2188 79 75 very

1251 2235 175 75 charafters
1443 2235 105 75 which
1575 2235 166 75 conftitute
1758 2235 55 75 the
1840 2235 172 75 difference
2028 2235 142 75 between
2187 2235 87 75 what

1250 2282 26 75 is
1294 2282 54 75 cal'
1348 2282 47 75 .ed
1412 2282 18 75 a
1445 2282 82 75 male
1544 2282 60 75 and
1632 2282 114 75 female
1770 2282 88 75 plant
1885 2282 115 75 among
2028 2282 55 75 the
2109 2282 162 75 moderns.

1248 2328 251 75 Theophraftus,
1526 2328 221 75 Diofcorides,
1771 2328 107 75 Pliny,
1903 2328 74 75 and,
2000 2328 32 75 in
2049 2328 18 75 a
2089 2328 102 75 word,
2216 2328 59 75 the

1249 2374 104 75 whole
1370 2374 123 75 ancient
1509 2374 179 75 bontanical
1707 2374 137 75 writers,
1871 2374 161 75 confound
2050 2374 55 75 the
2121 2374 78 75 very
2214 2374 58 75 no-

1249 2420 65 75 tion
1332 2420 41 75 of
1395 2420 54 75 the
1466 2420 130 75 modern
1612 2420 89 75 fexes
1714 2420 11 75 f
1750 2420 78 75 they
1844 2420 60 75 call
1920 2420 56 75 the
2002 2420 66 75 real
2084 2420 125 75 female,
2235 2420 38 75 or

1247 2467 218 75 feed-bearing
1489 2467 99 75 plant,
1613 2467 56 75 the
1688 2467 101 75 male;
1818 2467 61 75 and
1906 2467 55 75 the
1977 2467 94 75 male,
2101 2467 36 75 or
2160 2467 113 75 barren

1248 2514 98 75 plant,
1372 2514 56 75 the
1443 2514 139 75 female.
1641 2514 88 75 Nay,
1761 2514 77 75 they
1865 2514 80 75 have
1972 2514 76 75 even
2073 2514 124 75 applied
2216 2514 56 75 the

1248 2560 97 75 terms
1364 2560 82 75 male
1462 2560 62 75 and
1539 2560 128 75 female
1689 2560 35 75 to
1753 2560 93 75 many
1868 2560 107 75 plants
1989 2560 105 75 which
2117 2560 75 75 bear
2208 2560 57 75 no-

1251 2606 90 75 thing
1357 2606 57 75 but
1430 2606 257 75 hermaphrodite
1702 2606 136 75 flowers.

1299 2652 85 75 Such
1407 2652 26 75 is
1450 2652 54 75 the
1520 2652 111 75 nature
1647 2652 41 75 of
1705 2652 63 75 this
1794 2652 217 75 controverfy,
2029 2652 70 75 that
2115 2652 24 75 it
2157 2652 116 75 cannot

1251 2699 39 75 be
1306 2699 197 75 determined
1524 2699 79 75 with
1620 2699 61 75 any
1697 2699 115 75 degree
1828 2699 39 75 of
1886 2699 168 75 certainty,
2079 2699 56 75 but
2152 2699 43 75 by
2215 2699 56 75 ex-

1250 2745 168 75 periments
1435 2745 91 75 made
1542 2745 84 75 upon
1649 2745 141 75 dioicous
1807 2745 116 75 plants.
1971 2745 38 75 If
2020 2745 19 75 a
2054 2745 114 75 female
2184 2745 91 75 plant

1250 2792 54 75 can
1321 2792 139 75 produce
1473 2792 107 75 fertile
1595 2792 87 75 feeds
1701 2792 133 75 without
1848 2792 116 75 having
1981 2792 61 75 any
2059 2792 212 75 communica-

1250 2838 67 75 tion
1340 2838 78 75 with
1435 2838 56 75 the
1507 2838 105 75 pollen
1636 2838 40 75 of
1686 2838 56 75 the
1760 2838 93 75 male,
1878 2838 56 75 the
1951 2838 51 75 ufe
2019 2838 39 75 of
2072 2838 62 75 this
2151 2838 121 75 pollen,

1249 2884 77 75 with
1344 2884 117 75 refpedt
1478 2884 35 75 to
1530 2884 54 75 the
1599 2884 232 75 impregnation
1851 2884 40 75 of
1902 2884 102 75 feeds,
2022 2884 79 75 muft
2114 2884 39 75 of
2165 2884 106 75 necef-

1248 2931 58 75 fity
1322 2931 39 75 be
1379 2931 133 75 entirely
1529 2931 201 75 fuperfeded.

1296 2977 97 75 Now,
1419 2977 78 75 both
1510 2977 201 75 Camerarius
1728 2977 62 75 and
1812 2977 54 75 Dr
1881 2977 112 75 Alfton
2011 2977 83 75 tried
2110 2977 87 75 thefe
2214 2977 57 75 ex-

1250 3022 168 75 periments
1446 3022 79 75 with
1552 3022 55 75 the
1623 3022 83 75 fame
1729 3022 131 75 fuccefs.
1919 3022 110 75 Thofe
2051 3022 66 75 two
2133 3022 139 75 eminent

1249 3071 148 75 botanifts
1414 3071 81 75 took
1503 3071 115 75 female
1633 3071 103 75 plants
1749 3071 39 75 of
1800 3071 55 75 the
1871 3071 157 75 mercury,
2054 3071 138 75 fpinage,
2210 3071 64 75 and

2163 3109 114 75 hemp,.
