2443 3377
560 185 38 75 A
657 185 36 75 R
754 185 39 75 A

1134 185 19 75 (
1213 185 78 75 342
1354 185 20 75 )

1693 185 42 75 A
1792 185 37 75 R
1889 185 43 75 A

186 251 184 75 Aqueous
390 251 147 75 humour,
561 251 32 75 in
610 251 165 75 anatomy.
825 251 62 75 See
904 251 33 75 p.
957 251 81 75 289.

184 300 330 75 AQUIFOLIUM,
539 300 31 75 in
591 300 133 75 botany,
750 300 55 75 the
831 300 108 75 trivial
956 300 91 75 name
1064 300 41 75 of
1117 300 17 75 a
1151 300 70 75 fpe-

234 345 214 75 ciesofilex.
498 345 63 75 See
580 345 108 75 Ilex.

186 393 204 75 AQUILA,
413 393 33 75 in
464 393 220 75 ornithology,
710 393 18 75 a
751 393 164 75 fynonime
933 393 39 75 of
986 393 53 75 the
1060 393 99 75 falco,
1185 393 36 75 or

235 439 101 75 eagle.
388 439 62 75 See
469 439 148 75 Falco.

187 487 171 75 AQuila,
382 487 33 75 in
432 487 192 75 aftronomy,
650 487 17 75 a
688 487 221 75 conflrellation
931 487 40 75 of
993 487 57 75 the
1066 487 156 75 northern

234 534 210 75 hemifphere.
495 534 62 75 See
587 534 268 75 Astronomy.

185 581 173 75 Aquila,
383 581 32 75 in
441 581 196 75 geography,
672 581 19 75 a
717 581 89 75 large
834 581 67 75 city
928 581 42 75 of
990 581 174 75 Abruzzo,
1189 581 34 75 in

233 628 56 75 the
304 628 157 75 kingdom
477 628 41 75 of
531 628 137 75 Naples,
692 628 137 75 fituated
844 628 32 75 in
906 628 42 75 14
948 610 21 49 0
990 628 44 75 2Q
1070 628 45 75 E.
1131 628 90 75 long,

235 673 63 75 and
316 673 41 75 42
357 655 25 49 0
404 673 56 75 40'
477 673 48 75 N.
546 673 59 75 lat.

186 722 292 75 AQUILEGIA,
503 722 39 75 or
557 722 255 75 Columbine,
837 722 33 75 in
886 722 134 75 botany,
1038 722 19 75 a
1073 722 98 75 genus
1188 722 41 75 of

234 768 55 75 the
306 768 188 75 polyandria
510 768 194 75 pentagynia
720 768 92 75 clafs.
860 768 33 75 It
909 768 57 75 has
980 768 42 75 no
1039 768 108 75 calix;
1166 768 57 75 the

234 815 102 75 petals
353 815 53 75 are
422 815 74 75 five,
522 815 63 75 and
600 815 61 75 five
684 815 165 75 horn-like
871 815 139 75 ne&aria
1034 815 53 75 are
1109 815 112 75 inferr-

233 861 41 75 ed
290 861 137 75 betwixt
443 861 79 75 each
539 861 109 75 petal;
674 861 27 75 it
729 861 57 75 has
810 861 66 75 alfo
900 861 61 75 five
977 861 142 75 feparate
1148 861 74 75 cap-

234 909 94 75 fules.
375 909 115 75 There
502 909 54 75 are
571 909 91 75 three
678 909 118 75 fpecies
814 909 40 75 of
873 909 173 75 aquilegia,
1071 909 71 75 viz.
1168 909 56 75 the

233 955 152 75 vulgaris,
409 955 39 75 or
464 955 148 75 common
628 955 193 75 columbine,
848 955 19 75 a
894 955 105 75 native
1015 955 41 75 of
1073 955 147 75 Britain;

233 1003 56 75 the
313 1003 116 75 alpina,
454 1003 20 75 a
489 1003 106 75 native
612 1003 40 75 of
666 1003 237 75 Switzerland;
939 1003 65 75 and
1030 1003 57 75 the
1115 1003 107 75 Cana-

234 1049 114 75 denfis,
374 1049 19 75 a
418 1049 106 75 native
541 1049 40 75 of
591 1049 151 75 Virginia
759 1049 63 75 and
837 1049 146 75 Canada.
1030 1049 79 75 The
1131 1049 93 75 aqui-

233 1097 84 75 legia
332 1097 26 75 is
375 1097 162 75 reckoned
552 1097 36 75 to
604 1097 40 75 be
661 1097 40 75 an
722 1097 156 75 aperient,
903 1097 59 75 but
973 1097 58 75 has
1047 1097 78 75 long
1142 1097 82 75 fince

234 1143 93 75 given
348 1143 73 75 way
436 1143 37 75 to
488 1143 90 75 more
594 1143 157 75 powerful
768 1143 186 75 medicines.

186 1192 317 75 AQUILICIUM,
531 1192 37 75 or
585 1192 289 75 A^uiliciana,
893 1192 31 75 in
937 1192 129 75 Roman
1083 1192 138 75 antiqui-

233 1237 48 75 ty,
306 1237 156 75 facrifices
478 1237 183 75 performed
676 1237 33 75 in
728 1237 94 75 times
839 1237 40 75 of
894 1237 152 75 exceflive
1065 1237 156 75 drought,

234 1283 36 75 to
289 1283 110 75 obtain
417 1283 67 75 rain
506 1283 41 75 of
557 1283 56 75 the
630 1283 93 75 gods.

188 1331 257 75 AQUILINE,
470 1331 179 75 fomething
665 1331 176 75 belonging
854 1331 48 75 to,
927 1331 38 75 or
981 1331 190 75 refembliiig
1182 1331 39 75 an

234 1378 110 75 eagle:
369 1378 111 75 Thus,
505 1378 39 75 an
561 1378 140 75 aquiline
725 1378 75 75 nofe
827 1378 28 75 is
877 1378 61 75 one
955 1378 77 75 bent
1048 1378 174 75 fomewhat

235 1424 123 75 like^an
378 1424 117 75 eagle’s
512 1424 95 75 beak.

186 1472 208 75 AQUINO,
418 1472 19 75 a
452 1472 131 75 ruinous
599 1472 67 75 city
682 1472 32 75 in
732 1472 55 75 the
804 1472 149 75 province
969 1472 41 75 of
1021 1472 144 75 Lavoro,
1188 1472 34 75 in

234 1519 55 75 the
304 1519 155 75 kingdom
486 1519 40 75 of
548 1519 137 75 Naples,
709 1519 137 75 fituated
860 1519 34 75 in
915 1519 41 75 14
956 1501 22 49 0
1000 1519 55 75 30'
1070 1519 44 75 E.
1131 1519 90 75 long,

235 1565 63 75 and
314 1565 41 75 41
355 1547 27 49 0
402 1565 54 75 30/
473 1565 49 75 N.
539 1565 58 75 lat.

186 1613 115 75 ARA,
324 1613 38 75 in
373 1613 194 75 aftronomy,
585 1613 19 75 a
619 1613 152 75 fouthern
788 1613 231 75 conftellation,
1038 1613 184 75 containing

236 1658 88 75 eight
345 1658 89 75 ftars.

188 1706 214 75 ARABET,
428 1706 18 75 a
469 1706 89 75 town
581 1706 40 75 of
639 1706 142 75 Turki/h
805 1706 158 75 Tartary,
989 1706 134 75 fituated
1147 1706 75 75 near

235 1752 55 75 the
307 1752 97 75 Palus
419 1752 151 75 Mosotis.
619 1752 33 75 It
679 1752 27 75 is
729 1752 142 75 fortified
894 1752 80 75 with
999 1752 66 75 two
1082 1752 109 75 caftles
1207 1752 11 75 ;

235 1799 63 75 and
308 1799 27 75 is
352 1799 55 75 the
423 1799 90 75 place
530 1799 107 75 where
654 1799 56 75 the
725 1799 86 75 khan
827 1799 98 75 keeps
941 1799 50 75 his
1002 1799 74 75 ftud
1091 1799 41 75 of
1146 1799 76 75 hor-

234 1846 61 75 fes,
320 1846 107 75 which
445 1846 53 75 are
514 1846 162 75 reckoned
696 1846 36 75 to
756 1846 40 75 be
819 1846 100 75 about
943 1846 93 75 feven
1064 1846 159 75 thoufand

235 1893 32 75 in
287 1893 145 75 number.

191 1940 199 75 ARABIA,
416 1940 18 75 a
458 1940 88 75 large
570 1940 137 75 country
723 1940 40 75 of
781 1940 90 75 Afia,
895 1940 119 75 having
1037 1940 120 75 Turky
1180 1940 42 75 on

235 1987 55 75 the
307 1987 108 75 north,
440 1987 106 75 Perfia
562 1987 63 75 and
648 1987 56 75 the
731 1987 75 75 gulf
828 1987 41 75 of
890 1987 106 75 Perfia
1012 1987 42 75 on
1071 1987 56 75 the
1144 1987 75 75 eaft,

236 2033 56 75 the
308 2033 114 75 Indian
439 2033 98 75 ocean
554 2033 43 75 on
624 2033 56 75 the
703 2033 107 75 fouth,
835 2033 63 75 and
914 2033 55 75 the
986 2033 74 75 Red
1081 2033 52 75 fea
1157 2033 64 75 and

235 2079 131 75 ifthmus
389 2079 41 75 of
455 2079 85 75 Suez
566 2079 42 75 on
625 2079 56 75 the
700 2079 96 75 weft;
823 2079 63 75 and
913 2079 137 75 fituated
1076 2079 146 75 between

240 2127 41 75 35
281 2109 24 49 0
335 2127 63 75 and
427 2127 66 75 6o°
522 2127 45 75 E.
593 2127 89 75 long,
716 2127 64 75 and
806 2127 145 75 between
983 2127 39 75 12
1022 2109 24 49 0
1065 2127 64 75 and
1154 2127 65 75 30°

236 2175 49 75 N.
309 2175 58 75 lat.

285 2221 135 75 Arabia,
444 2221 125 75 though
596 2221 121 75 fubjeA
741 2221 37 75 to
800 2221 19 75 a
839 2221 91 75 great
953 2221 97 75 many
1072 2221 152 75 different

237 2268 137 75 princes,
399 2268 27 75 is
443 2268 78 75 only
537 2268 185 75 confidered
742 2268 44 75 by
801 2268 215 75 geographers
1034 2268 33 75 as
1084 2268 138 75 fubdivi-

238 2314 65 75 ded
322 2314 70 75 into
408 2314 56 75 the
480 2314 91 75 three
588 2314 102 75 grand
706 2314 147 75 divifions
865 2314 40 75 of
916 2314 123 75 Arabia
1050 2314 108 75 Felix,
1176 2314 49 75 A-

238 2361 89 75 rabia
343 2361 151 75 Deferta,
520 2361 62 75 and
597 2361 123 75 Arabia
739 2361 130 75 Petrea.

193 2409 234 75 ARABIAN,
451 2409 38 75 or
505 2409 167 75 Arabic,
696 2409 32 75 in
746 2409 19 75 a
780 2409 128 75 general
923 2409 99 75 fenfe,
1047 2409 180 75 fomething

240 2454 173 75 belonging
427 2454 37 75 to
479 2454 122 75 Arabia
614 2454 9 75 :
649 2454 97 75 Thus
770 2454 49 75 we
843 2454 66 75 fay,
934 2454 144 75 Arabian
1095 2454 130 75 charac-

239 2502 79 75 ters,
342 2502 143 75 Arabian
500 2502 169 75 language,
694 2502 66 75 &c.
810 2502 65 75 See
892 2502 183 75 Hebrew.

195 2548 86 75 Gum
296 2548 196 75 ARABIC,
518 2548 56 75 the
590 2548 92 75 name
699 2548 39 75 of
758 2548 18 75 a
798 2548 74 75 gum
889 2548 106 75 which
1012 2548 112 75 diftills
1141 2548 85 75 from

241 2597 56 75 the
312 2597 163 75 Egyptian
492 2597 104 75 acacia
611 2597 82 75 tree.
744 2597 32 75 It
801 2597 28 75 is
851 2597 141 75 brought
1016 2597 35 75 to
1077 2597 37 75 us
1141 2597 86 75 from

240 2642 133 75 Turky,
397 2642 33 75 in
452 2642 90 75 final!
566 2642 155 75 irregular
737 2642 110 75 maffes
862 2642 38 75 or
915 2642 114 75 firings
1054 2642 40 75 of
1113 2642 20 75 a
1154 2642 73 75 pale

241 2688 118 75 yellow
381 2688 126 75 colour.
553 2688 78 75 The
647 2688 71 75 true
735 2688 198 75 gum-arabic
952 2688 26 75 is
1003 2688 105 75 rarely
1130 2688 34 75 to
1186 2688 41 75 be

242 2735 65 75 met
324 2735 79 75 with
425 2735 33 75 in
482 2735 56 75 the
555 2735 104 75 (hops,
685 2735 205 75 gum-fenega
905 2735 96 75 being
1017 2735 124 75 ufually
1157 2735 69 75 fold

242 2783 33 75 in
291 2783 90 75 place
397 2783 40 75 of
447 2783 47 75 it:
520 2783 86 75 This
624 2783 168 75 refembles
809 2783 55 75 the
881 2783 112 75 other,
1014 2783 57 75 but
1087 2783 27 75 is
1131 2783 97 75 gene-

243 2829 83 75 rally
337 2829 31 75 in
379 2829 89 75 large
480 2829 107 75 rcmg^
600 2829 117 75 pieces.
753 2829 77 75 The
847 2829 71 75 true
933 2829 78 75 kind
1023 2829 27 75 is
1062 2829 167 75 preferred

243 2876 34 75 as
296 2876 18 75 a
330 2876 176 75 medicine;
524 2876 58 75 but
601 2876 56 75 the
676 2876 93 75 other
782 2876 26 75 is
827 2876 156 75 cheapeft'
983 2876 63 75 and
1061 2876 166 75 ftrongeft,

243 2923 64 75 and
318 2923 160 75 therefore
489 2923 166 75 preferred
666 2923 52 75 for
729 2923 195 75 mechanical
933 2923 82 75 ufes.
1033 2923 33 75 It
1077 2923 27 75 is
1117 2923 108 75 given,

244 2969 84 75 from
341 2969 18 75 a
374 2969 122 75 fcruple
513 2969 35 75 to
560 2969 65 75 two
637 2969 120 75 drams,
773 2969 34 75 in
821 2969 198 75 hoarfenefs,
1033 2969 19 75 a
1062 2969 70 75 thin
1145 2969 80 75 acri-

244 3015 147 75 monious
407 3015 78 75 ftate
501 3015 41 75 of
552 3015 55 75 the
621 3015 114 75 juices,
754 3015 62 75 and
827 3015 108 75 where
948 3015 55 75 the
1015 3015 126 75 natural
1156 3015 71 75 mu-

244 3063 56 75 cus
316 3063 40 75 of
374 3063 56 75 the
451 3063 159 75 inteftines
626 3063 28 75 is
671 3063 168 75 abraded.,
871 3063 33 75 It
919 3063 26 75 is
963 3063 139 75 likewife
1118 3063 41 75 an
1178 3063 48 75 in-

1318 254 144 75 gredient
1478 254 35 75 in
1528 254 56 75 the
1595 254 99 75 white
1714 254 178 75 decodtion,
1910 254 96 75 chalk
2017 254 106 75 julep,
2141 254 63 75 and
2215 254 91 75 other

1318 301 235 75 compofitions.

1270 349 214 75 ARABICI,
1510 349 19 75 a
1543 349 63 75 feft
1622 349 39 75 of
1672 349 153 75 heretics,
1850 349 75 75 who
1947 349 89 75 held,
2063 349 71 75 that
2161 349 55 75 the
2237 349 70 75 foul

1319 394 78 75 both
1415 394 68 75 dies
1501 394 63 75 and
1579 394 76 75 rifes
1676 394 91 75 again
1785 394 80 75 with
1888 394 55 75 the
1963 394 99 75 body.

1271 442 190 75 ARABIS,
1488 442 32 75 in
1538 442 132 75 botany,
1696 442 19 75 a
1742 442 98 75 genus
1857 442 40 75 of
1915 442 56 75 the
1988 442 234 75 tetradynamia
2244 442 65 75 fili-

1318 488 99 75 quofa
1433 488 92 75 clafs.
1582 488 77 75 The
1684 488 127 75 generic
1835 488 89 75 mark
1952 488 26 75 is
2005 488 95 75 taken
2125 488 86 75 from
2234 488 75 75 four

1319 535 227 75 neftariferous
1563 535 112 75 glands
1693 535 105 75 which
1826 535 43 75 lie
1893 535 42 75 on
1964 535 56 75 the
2046 535 98 75 infide
2168 535 41 75 of
2228 535 80 75 each

1319 582 67 75 leaf
1397 582 40 75 of
1448 582 56 75 the
1521 582 99 75 calix.
1668 582 114 75 There
1810 582 53 75 are
1880 582 89 75 eight
1985 582 116 75 fpecies
2126 582 41 75 of
2190 582 116 75 arabis,

1319 629 81 75 none
1418 629 42 75 of
1470 629 106 75 which
1593 629 55 75 are
1664 629 122 75 natives
1802 629 41 75 of
1854 629 140 75 Britain,
2023 629 117 75 except
2159 629 56 75 the
2235 629 74 75 tha-

1317 676 95 75 liana,
1438 676 38 75 or
1492 676 105 75 coded
1612 676 191 75 moufe-ear.

1271 723 232 75 ARABISM,
1528 723 33 75 in
1577 723 169 75 language,
1772 723 40 75 an
1828 723 100 75 idiom
1939 723 141 75 peculiar
2097 723 35 75 to
2148 723 55 75 the
2220 723 86 75 Ara-

1319 768 70 75 bian
1406 768 169 75 language.

1271 816 197 75 ARABLE
1484 816 109 75 lands,
1610 816 91 75 thofe
1713 816 105 75 which
1832 816 54 75 are
1898 816 36 75 fit
1945 816 52 75 for
2009 816 122 75 tillage,
2150 816 37 75 or
2201 816 107 75 which

1317 863 81 75 have
1414 863 81 75 been
1512 863 158 75 formerly
1687 863 104 75 tilled.

1272 910 180 75 ARACK,
1477 910 180 75 Arrack,
1683 910 38 75 or
1737 910 125 75 Rack,
1888 910 18 75 a
1921 910 171 75 fpirituous
2108 910 109 75 liquor
2246 910 62 75 im-

1319 956 115 75 ported
1449 956 84 75 from
1546 956 56 75 the
1618 956 44 75 E.
1673 956 122 75 Indies,
1812 956 77 75 ufed
1900 956 43 75 by
1954 956 71 75 way
2038 956 41 75 of
2089 956 91 75 dram
2197 956 62 75 and
2274 956 36 75 in

1319 1003 118 75 punch.
1484 1003 78 75 The
1579 1003 92 75 word
1686 1003 99 75 arack
1797 1003 27 75 is
1842 1003 39 75 an
1893 1003 114 75 Indian
2024 1003 92 75 name
2132 1003 52 75 for
2199 1003 109 75 ftrong

1320 1050 117 75 waters
1468 1050 40 75 of
1531 1050 41 75 all
1596 1050 116 75 kinds;
1748 1050 53 75 for
1828 1050 78 75 they
1932 1050 62 75 call
2022 1050 60 75 our
2109 1050 105 75 fpirits
2243 1050 64 75 and

1319 1097 124 75 brandy
1459 1097 140 75 Englijh
1615 1097 114 75 arack.
1791 1097 68 75 But
1875 1097 88 75 what
1979 1097 49 75 we
2054 1097 192 75 underftand
2263 1097 44 75 by

1319 1144 56 75 the
1391 1144 92 75 name
1500 1144 107 75 arack,
1633 1144 27 75 is
1678 1144 102 75 really
1795 1144 43 75 no
1854 1144 95 75 other
1965 1144 79 75 than
2056 1144 18 75 a
2085 1144 89 75 fpirit
2190 1144 117 75 procu-

1320 1189 57 75 red
1393 1189 44 75 by
1453 1189 185 75 diftillation
1654 1189 87 75 from
1760 1189 20 75 a
1796 1189 166 75 vegetable
1975 1189 89 75 juice
2080 1189 106 75 called
2201 1189 106 75 toddy,

1318 1236 106 75 which
1451 1236 91 75 flows
1570 1236 43 75 by
1634 1236 129 75 incifion
1791 1236 57 75 out
1877 1236 41 75 of
1941 1236 56 75 the
2023 1236 173 75 cocoa-nut
2225 1236 81 75 tree.

1317 1283 113 75 There
1446 1283 53 75 are
1511 1283 106 75 divers
1634 1283 93 75 kinds
1740 1283 41 75 of
1795 1283 49 75 it;
1871 1283 109 75 Angle,
2005 1283 132 75 double,
2162 1283 63 75 and
2241 1283 65 75 tre-

1318 1331 53 75 ble
1387 1331 151 75 diftilled.
1586 1331 78 75 The
1680 1331 119 75 double
1815 1331 139 75 ciiftilled
1980 1331 29 75 is
2037 1331 182 75 commonly
2235 1331 69 75 fent

1317 1375 132 75 abroad,
1474 1375 63 75 and
1551 1375 28 75 is
1596 1375 165 75 preferred
1778 1375 35 75 to
1829 1375 42 75 all
1887 1375 96 75 other
1998 1375 112 75 aracks
2123 1375 39 75 of
2173 1375 105 75 India.

1270 1424 217 75 ARACAN,
1513 1424 56 75 the
1586 1424 117 75 capital
1719 1424 66 75 city
1800 1424 42 75 of
1852 1424 19 75 a
1886 1424 89 75 fmall
1988 1424 166 75 kingdom,
2171 1424 135 75 fituated

1318 1469 41 75 on
1376 1469 55 75 the
1448 1469 177 75 north-eaft
1648 1469 72 75 part
1744 1469 41 75 of
1801 1469 57 75 the
1874 1469 76 75 gulf
1965 1469 41 75 of
2025 1469 137 75 Bengal,
2186 1469 33 75 in
2236 1469 43 75 93
2279 1451 26 49 0

1316 1516 46 75 JE.
1380 1516 90 75 long,
1500 1516 62 75 and
1580 1516 66 75 20°
1667 1516 53 75 30'
1737 1516 49 75 N.
1803 1516 59 75 lat.

1270 1564 233 75 ARACARI,
1529 1564 32 75 in
1578 1564 220 75 ornithology,
1823 1564 56 75 the
1898 1564 107 75 trivial
2022 1564 91 75 name
2136 1564 41 75 of
2195 1564 19 75 a
2238 1564 67 75 fpe-

1319 1610 63 75 cies
1399 1610 40 75 of
1450 1610 208 75 ramphaftos.
1707 1610 62 75 See
1786 1610 88 75 Ram
1882 1610 16 75 p
1905 1610 68 75 has
1980 1610 49 75 to
2038 1610 29 75 s.

1270 1658 182 75 ARACH,
1478 1658 55 75 the
1549 1658 92 75 chief
1659 1658 66 75 city
1752 1658 41 75 of
1816 1658 123 75 Arabia
1954 1658 130 75 Petrea,
2110 1658 135 75 fituated
2272 1658 33 75 ia

1320 1704 43 75 49
1363 1686 22 49 0
1404 1704 44 75 E.
1467 1704 88 75 long,
1582 1704 62 75 and
1663 1704 66 75 30°
1749 1704 46 75 20
1820 1704 49 75 N.
1886 1704 59 75 lat.

1270 1750 228 75 ARACHIS,
1524 1750 32 75 in
1581 1750 134 75 botany,
1740 1750 19 75 a
1783 1750 99 75 genus
1908 1750 41 75 of
1966 1750 57 75 the
2042 1750 182 75 diadelphia
2249 1750 57 75 de-

1319 1797 130 75 candria
1465 1797 92 75 clafs.
1605 1797 113 75 There
1730 1797 27 75 is
1771 1797 78 75 only
1865 1797 60 75 one
1942 1797 132 75 fpecies,
2091 1797 70 75 viz.
2180 1797 54 75 the
2245 1797 61 75 hy-

1318 1842 122 75 pogsea,
1466 1842 19 75 a
1501 1842 106 75 native
1622 1842 42 75 of
1675 1842 164 75 America.
1886 1842 78 75 The
1976 1842 86 75 calix
2078 1842 25 75 is
2116 1842 130 75 divided
2257 1842 50 75 in-

1318 1889 34 75 to
1368 1889 66 75 two
1450 1889 109 75 parts;
1579 1889 63 75 and
1654 1889 56 75 the
1721 1889 126 75 capfule
1859 1889 37 75 or
1909 1889 63 75 pod
1984 1889 27 75 is
2024 1889 200 75 cylindrical,
2242 1889 64 75 and

1319 1935 142 75 contains
1479 1935 69 75 two
1563 1935 102 75 feeds.

1271 1980 367 75 ARACHNOIDES,
1663 1980 33 75 in
1713 1980 162 75 anatomy,
1900 1980 40 75 an
1957 1980 191 75 appellation
2165 1980 93 75 given
2270 1980 46 75 to-

1317 2028 118 75 feveral
1447 2028 210 75 membranes,
1682 2028 34 75 as
1732 2028 58 75 the
1805 2028 88 75 tunic
1916 2028 41 75 of
1968 2028 54 75 the
2039 2028 179 75 cryftalline
2244 2028 61 75 hu-

1317 2074 93 75 mour
1426 2074 40 75 of
1476 2074 56 75 the
1548 2074 72 75 eye,
1638 2074 55 75 the
1705 2074 147 75 external
1868 2074 117 75 lamina
2000 2074 44 75 of
2053 2074 55 75 the
2124 2074 52 75 pia
2191 2074 113 75 mater,

1319 2122 62 75 and
1397 2122 61 75 one
1474 2122 41 75 of
1525 2122 56 75 the
1598 2122 167 75 coverings
1785 2122 40 75 of
1836 2122 57 75 the
1911 2122 99 75 fpinal
2026 2122 150 75 marrow.

1272 2168 337 75 ARAEOMETER,
1635 2168 39 75 an
1696 2168 187 75 inftrument
1900 2168 34 75 to
1951 2168 141 75 meafure
2108 2168 56 75 the
2180 2168 131 75 gravity

1320 2216 40 75 of
1370 2216 135 75 liquors,
1529 2216 107 75 which
1652 2216 27 75 is
1696 2216 124 75 ufually
1836 2216 94 75 made
1945 2216 42 75 of
1996 2216 19 75 a
2038 2216 70 75 thin
2124 2216 81 75 glais
2224 2216 81 75 ball,

1321 2263 79 75 with
1417 2263 18 75 a
1451 2263 89 75 taper
1556 2263 93 75 neck,
1674 2263 105 75 fealed
1803 2263 32 75 at
1858 2263 55 75 the
1929 2263 69 75 top,
2023 2263 91 75 there
2131 2263 95 75 being
2241 2263 65 75 firft

1321 2311 34 75 as
1372 2311 95 75 much
1483 2311 147 75 mercury
1646 2311 58 75 put
1720 2311 69 75 into
1811 2311 26 75 it
1854 2311 33 75 as
1903 2311 67 75 will
1988 2311 81 75 keep
2084 2311 27 75 it
2128 2311 178 75 fwimming

1322 2356 32 75 in
1372 2356 38 75 an
1427 2356 92 75 exadt
1535 2356 138 75 pofture.
1726 2356 77 75 The
1831 2356 80 75 neck
1938 2356 27 75 is
1993 2356 132 75 divided
2147 2356 70 75 into
2240 2356 68 75 two

1323 2403 99 75 parts,
1448 2403 106 75 which
1580 2403 54 75 are
1658 2403 186 75 numbered,
1870 2403 70 75 that
1957 2403 34 75 fo
2007 2403 44 75 by
2067 2403 55 75 the
2139 2403 116 75 depths
2272 2403 41 75 of

1322 2451 42 75 its
1377 2451 127 75 defcent
1518 2451 69 75 into
1603 2451 62 75 any
1680 2451 120 75 liquor,
1818 2451 42 75 its
1876 2451 155 75 lightnefs
2048 2451 72 75 may
2133 2451 40 75 be
2189 2451 118 75 known

1322 2496 43 75 by
1380 2496 87 75 thefe
1483 2496 160 75 divifions.

1274 2540 320 75 ARvEOSTYLE,
1619 2540 33 75 in
1669 2540 223 75 architedlure,
1909 2540 18 75 a
1943 2540 82 75 term
2042 2540 76 75 ufed
2134 2540 43 75 by
2192 2540 115 75 Vitru-

1322 2589 81 75 vius,
1420 2589 36 75 to
1468 2589 113 75 fignify
1593 2589 56 75 the
1661 2589 135 75 greateft
1811 2589 138 75 interval
1964 2589 107 75 which
2087 2589 59 75 can
2162 2589 39 75 be
2213 2589 95 75 made

1321 2634 146 75 between
1483 2634 158 75 columns.

1273 2681 273 75 ARAEOTICS,
1571 2681 33 75 in
1632 2681 171 75 medicine,
1828 2681 157 75 remedies
2002 2681 106 75 which
2126 2681 108 75 rarefy
2251 2681 56 75 the

1320 2728 167 75 humours,
1511 2728 64 75 and
1591 2728 114 75 render
1721 2728 89 75 them
1827 2728 74 75 eafy
1916 2728 37 75 to
1975 2728 41 75 be
2038 2728 125 75 carried
2189 2728 51 75 off
2262 2728 44 75 by

1322 2776 56 75 the
1394 2776 93 75 pores
1504 2776 40 75 of
1556 2776 55 75 tire
1627 2776 79 75 /kin.

1275 2822 144 75 ARAF,
1446 2822 116 75 among
1578 2822 56 75 the
1649 2822 243 75 Mahometans.
1942 2822 62 75 See
2022 2822 174 75 Alaraf.

1274 2868 213 75 ARAFAT,
1513 2868 18 75 a
1555 2868 163 75 mountain
1735 2868 42 75 of
1787 2868 139 75 Arabia,
1949 2868 75 75 near
2043 2868 130 75 Mecca,
2199 2868 108 75 where

1322 2916 54 75 the
1397 2916 228 75 Mahometans
1641 2916 123 75 believe
1781 2916 71 75 that
1869 2916 167 75 Abraham
2052 2916 128 75 offered
2199 2916 35 75 to
2258 2916 50 75 fa-

1321 2961 105 75 crifice
1441 2961 149 75 Iflimael.

1274 3008 221 75 ARAGON,
1529 3008 19 75 a
1576 3008 149 75 province
1752 3008 42 75 of
1822 3008 110 75 Spain,
1965 3008 118 75 having
2103 3008 115 75 Bifcay
2245 3008 61 75 and

1321 3057 55 75 the
1398 3057 167 75 Pyrenean
1594 3057 184 75 mountains
1792 3057 42 75 on
1856 3057 57 75 the
1934 3057 110 75 north,
2070 3057 171 75 Catalonia
2263 3057 43 75 on

2251 3088 54 75 the
