2406 3327
537 141 43 75 A
657 141 42 75 G
773 141 38 75 R
887 141 25 75 r
983 141 37 75 C
1097 141 31 75 1

81 206 33 75 It
129 206 27 75 is
174 206 160 75 therefore
362 206 19 75 a
395 206 138 75 difficult
555 206 118 75 matter
690 206 35 75 to
742 206 85 75 clear
849 206 76 75 land
939 206 41 75 of
1002 206 104 75 bram-

82 251 64 75 ble,
169 251 166 75 efpecially
351 251 93 75 when
460 251 26 75 it
509 251 27 75 is
560 251 110 75 ftony;
697 251 52 75 for
766 251 55 75 the
838 251 142 75 bramble
997 251 109 75 puihes

81 296 64 75 and
155 296 204 75 interweaves
376 296 41 75 its
426 296 88 75 roots
532 296 115 75 among
657 296 53 75 the
727 296 115 75 ftones,
852 296 104 75 which
973 296 133 75 renders

80 343 26 75 it
122 343 106 75 necefi'
228 343 52 75 ary
295 343 35 75 to
346 343 56 75 dig
418 343 58 75 out
497 343 55 75 the
568 343 101 75 ftones
692 343 110 75 before
828 343 26 75 it
879 343 58 75 can
959 343 39 75 be
1023 343 84 75 fuffi-

84 389 119 75 ciently
231 389 118 75 rooted
381 389 43 75 up
456 389 44 75 by
536 389 175 75 ploughing
738 389 38 75 or
805 389 136 75 tearing.
1006 389 102 75 How-

80 435 87 75 ever,
191 435 133 75 digging
339 435 57 75 out
412 435 55 75 the
495 435 115 75 ftones,
630 435 67 75 and
723 435 174 75 ploughing
913 435 56 75 the
983 435 77 75 land
1074 435 33 75 in

80 481 76 75 fuch
174 481 19 75 a
207 481 129 75 manner
362 481 32 75 as
415 481 26 75 is
470 481 79 75 moft
566 481 114 75 proper
696 481 53 75 for
765 481 123 75 cutting
905 481 62 75 and
981 481 125 75 tearing

80 528 44 75 up
140 528 55 75 the
212 528 89 75 roots
318 528 40 75 of
369 528 155 75 bramble,
549 528 72 75 may
638 528 39 75 be
694 528 55 75 the
765 528 88 75 more
868 528 104 75 liifely
985 528 122 75 recom-

82 574 151 75 mended,
266 574 33 75 as
325 574 79 75 they
426 574 33 75 at
483 574 57 75 the
562 574 83 75 fame
669 574 78 75 time
770 574 87 75 ferve
884 574 96 75 many
1013 574 95 75 other

83 620 104 75 ufeful
202 620 163 75 purpofes.

87 756 37 75 2.
169 756 66 75 Of
260 756 199 75 Water,
495 756 47 75 as
579 756 53 75 an
661 756 243 75 Impediment
932 756 37 75 to
998 756 109 75 Vege-

527 811 137 75 tation.

133 897 108 75 Some
255 897 104 75 plants
376 897 127 75 require
515 897 18 75 a
544 897 137 75 greater,
707 897 63 75 and
785 897 86 75 fome
891 897 19 75 a
928 897 91 75 lefler
1035 897 73 75 pro-

84 944 128 75 portion
231 944 40 75 of
282 944 100 75 water
398 944 31 75 in
450 944 84 75 their
550 944 91 75 food.
688 944 78 75 The
782 944 104 75 plants
902 944 123 75 ufually
1040 944 69 75 cul-

85 990 122 75 tivated
229 990 32 75 in
277 990 60 75 our
352 990 91 75 fields
460 990 53 75 are
535 990 40 75 of
587 990 55 75 the
658 990 98 75 latter
771 990 89 75 kind,
885 990 64 75 and
965 990 53 75 are
1034 990 75 75 eafi-

84 1037 36 75 ly
135 1037 128 75 injured
277 1037 44 75 by
337 1037 39 75 an
393 1037 278 75 over-proportion
683 1037 40 75 of
735 1037 111 75 water.
895 1037 125 75 Hence,
1045 1037 64 75 wa-

84 1082 52 75 ter
152 1082 72 75 may
240 1082 39 75 be
296 1082 183 75 confidered
495 1082 33 75 as
551 1082 39 75 an
607 1082 212 75 impedement
844 1082 36 75 to
903 1082 203 75 vegetation;

86 1129 63 75 and
164 1129 25 75 it
206 1129 146 75 becomes
368 1129 158 75 neceffary
542 1129 34 75 to
592 1129 141 75 confider
749 1129 54 75 the
818 1129 81 75 moll
914 1129 116 75 proper
1044 1129 67 75 me-

89 1176 96 75 thods
202 1176 40 75 of
253 1176 177 75 conveying
445 1176 26 75 it
487 1176 52 75 off
551 1176 54 75 the
620 1176 89 75 land.

393 1284 61 75 Of
468 1284 185 75 draining
670 1284 128 75 Land.

138 1360 107 75 Some
264 1360 91 75 lands
371 1360 53 75 are
440 1360 64 75 wet
520 1360 84 75 from
620 1360 84 75 their
720 1360 158 75 fituation,
902 1360 95 75 being
1012 1360 101 75 expo-

90 1408 54 75 fed
159 1408 36 75 to
211 1408 221 75 overflowings
449 1408 83 75 from
549 1408 114 75 higher
681 1408 153 75 grounds,
858 1408 63 75 and
936 1408 118 75 having
1071 1408 42 75 no

89 1453 116 75 proper
221 1453 126 75 defcent
364 1453 36 75 to
415 1453 95 75 allow
526 1453 54 75 the
599 1453 99 75 water
713 1453 36 75 to
766 1453 57 75 run
840 1453 60 75 off.

136 1500 76 75 The
240 1500 126 75 bottom
393 1500 41 75 of
450 1500 85 75 fome
556 1500 76 75 land
654 1500 26 75 is
705 1500 40 75 of
762 1500 77 75 fuch
856 1500 19 75 a
889 1500 114 75 nature
1027 1500 34 75 as
1077 1500 36 75 to

90 1547 89 75 force
196 1547 68 75 out,
287 1547 34 75 in
336 1547 135 75 fprings,
496 1547 54 75 the
567 1547 98 75 water
681 1547 70 75 that
763 1547 76 75 runs
854 1547 105 75 below
974 1547 56 75 the
1045 1547 68 75 fur-

92 1592 84 75 face.
226 1592 131 75 Springs
383 1592 179 75 fometimes
578 1592 98 75 bieak
699 1592 69 75 out,
792 1592 132 75 becaufe
941 1592 54 75 the
1016 1592 95 75 chan-

92 1637 82 75 nels,
199 1637 32 75 in
255 1637 107 75 which
384 1637 76 75 they
477 1637 72 75 run,
574 1637 95 75 reach
684 1637 57 75 the
761 1637 141 75 furface;
929 1637 63 75 and
1013 1637 102 75 fome-

93 1683 92 75 times
201 1683 131 75 becaufe
352 1683 77 75 they
441 1683 54 75 are
511 1683 242 75 interrupted.in
769 1683 84 75 their
867 1683 123 75 courfe,
1008 1683 106 75 which

93 1728 109 75 makes
218 1728 89 75 them
323 1728 89 75 force
427 1728 85 75 their
533 1728 72 75 way
621 1728 100 75 above
736 1728 137 75 ground.

140 1774 77 75 The
232 1774 131 75 wetnefs
379 1774 41 75 of
437 1774 76 75 land
529 1774 26 75 is
577 1774 178 75 fometimes
780 1774 183 75 occafioned
985 1774 44 75 by
1048 1774 68 75 vio-

93 1820 68 75 lent
186 1820 63 75 and
272 1820 151 75 frequent
445 1820 103 75 rains;
574 1820 257 75 and.fcmetimes
848 1820 41 75 all
907 1820 87 75 thefe
1009 1820 106 75 caufes

94 1866 73 75 may
183 1866 116 75 concur
314 1866 33 75 in
363 1866 169 75 rendering
547 1866 76 75 land
637 1866 91 75 wet.-

141 1912 95 75 Land
256 1912 68 75 that
340 1912 26 75 is
384 1912 62 75 wet
463 1912 85 75 from
568 1912 41 75 its
629 1912 146 75 fituation
791 1912 75 75 may
880 1912 40 75 be
936 1912 133 75 drained
1085 1912 32 75 in

92 1959 65 75 this
174 1959 129 75 manner
318 1959 8 75 :
353 1959 170 75 Although
540 1959 56 75 the
612 1959 63 75 wet
692 1959 74 75 land
787 1959 41 75 be
855 1959 35 75 fo
917 1959 77 75 low,
1023 1959 34 75 as
1080 1959 35 75 to

92 2005 113 75 render
221 2005 27 75 it
267 2005 134 75 difficult
418 2005 35 75 to
470 2005 92 75 carry
588 2005 52 75 off
656 2005 192 75 die-water;
874 2005 55 75 yet
946 2005 55 75 the
1017 2005 101 75 water

92 2051 74 75 may
181 2051 39 75 be
239 2051 199 75 intercepted
452 2051 43 75 by
513 2051 138 75 a-drain,
669 2051 110 75 before
795 2051 26 75 it
837 2051 130 75 reaches
984 2051 55 75 the
1054 2051 64 75 low

93 2098 136 75 ground.

141 2144 106 75 Land,
272 2144 62 75 w^et
347 2144 47 75 by
409 2144 134 75 fprings,
567 2144 58 75 lies
650 2144 163 75 generally
836 2144 32 75 in
891 2144 19 75 a
933 2144 120 75 Hoping
1068 2144 51 75 dr-

92 2190 131 75 reftion,
248 2190 105 75 which
370 2190 107 75 makes
497 2190 25 75 it
539 2190 55 75 the
610 2190 90 75 more
715 2190 73 75 eafy
803 2190 35 75 to
855 2190 102 75 drain.
1005 2190 112 75 When

92 2237 56 75 the
165 2237 99 75 water
283 2237 75 75 runs
375 2237 75 75 near
467 2237 55 75 the
539 2237 136 75 furface,
700 2237 110 75 before
825 2237 26 75 it
868 2237 113 75 breaks
999 2237 67 75 out,
1093 2237 27 75 it

93 2282 73 75 may
186 2282 40 75 be
242 2282 197 75 intercepted
466 2282 43 75 by
525 2282 19 75 a
560 2282 100 75 drain*
673 2282 110 75 drawn
811 2282 103 75 acrofs
938 2282 55 75 the
1016 2282 101 75 decli-

93 2328 80 75 vity,
200 2328 18 75 a
233 2328 83 75 little
333 2328 99 75 above
448 2328 54 75 the
518 2328 91 75 place
623 2328 107 75 where
746 2328 25 75 it
788 2328 38 75 fir
828 2328 23 75 ft
867 2328 107 75 makes
1003 2328 41 75 its
1062 2328 54 75 ap-

93 2376 165 75 pearance.
305 2376 79 75 But,
401 2376 30 75 if
443 2376 54 75 the
515 2376 131 75 channel
656 2376 57 75 lies
726 2376 91 75 deep,
834 2376 56 75 the
906 2376 91 75 drain
1008 2376 110 75 ffiould

94 2422 39 75 be
149 2422 112 75 drawn
275 2422 134 75 direttly
424 2422 104 75 acrofs
545 2422 106 75 where
667 2422 25 75 it
709 2422 120 75 fprings
846 2422 55 75 up.

141 2468 78 75 But,
244 2468 93 75 when
367 2468 55 75 the
449 2468 133 75 wetnefs
610 2468 39 75 of
672 2468 54 75 the
754 2468 74 75 land
845 2468 26 75 is
883 2468 112 75 owing
1009 2468 36 75 to
1060 2468 57 75 the

93 2515 140 75 climate,
259 2515 37 75 or
316 2515 18 75 a
350 2515 90 75 rainy
458 2515 118 75 feafon,
601 2515 56 75 the
685 2515 37 75 U'
722 2515 62 75 ater
810 2515 114 75 cannot
952 2515 40 75 be
1018 2515 98 75 inter-

93 2560 115 75 rupted
223 2560 44 75 by
283 2560 105 75 drains
436 2560 162 75 however,
623 2560 206 75 obllrudHons
855 2560 74 75 may
950 2560 39 75 be
1013 2560 104 75 remo-

85 2606 82 75 ,ved,
192 2606 34 75 fo
242 2606 35 75 as
293 2606 35 75 to
344 2606 94 75 allow
454 2606 56 75 the
534 2606 100 75 water
658 2606 35 75 to
717 2606 59 75 run
798 2606 51 75 off
869 2606 33 75 as
929 2606 131 75 quickly
1083 2606 34 75 as

93 2653 139 75 poffible.
279 2653 57 75 To
352 2653 91 75 drain
463 2653 76 75 land
555 2653 31 75 in
603 2653 64 75 this
691 2653 160 75 fituation,
877 2653 25 75 it
918 2653 27 75 is
961 2653 159 75 neceffary

92 2698 36 75 to
146 2698 52 75 lay
223 2698 26 75 it
272 2698 43 75 up
332 2698 31 75 in
381 2698 105 75 ridges
504 2698 149 75 properly
677 2698 124 75 placed,
827 2698 63 75 and
905 2698 37 75 to
957 2698 54 75 cut
1029 2698 88 75 fmali

92 2745 106 75 drains
215 2745 103 75 acrofs
335 2745 88 75 thefe
445 2745 121 75 ridges,
589 2745 265 75 communicating
881 2745 77 75 with
987 2745 77 75 each
1081 2745 36 75 o-

93 2791 85 75 ther,
203 2791 62 75 and
291 2791 80 75 with
395 2791 56 75 the
475 2791 150 75 furrows.
674 2791 53 75 By
749 2791 65 75 this
842 2791 131 75 method
1001 2791 41 75 all
1065 2791 55 75 the

92 2837 121 75 furrow'
213 2837 16 75 s
254 2837 137 75 betwixt
418 2837 55 75 the
497 2837 106 75 ridges
621 2837 129 75 become
767 2837 128 75 drains;
933 2837 55 75 the
1005 2837 113 75 water,

93 2882 34 75 as
150 2882 25 75 it
195 2882 74 75 falls
284 2882 86 75 upon
385 2882 55 75 the
457 2882 118 75 ridges,
601 2882 219 75 immediately
846 2882 108 75 makes
979 2882 41 75 its
1048 2882 73 75 way

93 2928 36 75 to
146 2928 55 75 the
217 2928 155 75 furrows;
400 2928 73 75 and,
497 2928 31 75 if
538 2928 26 75 it
585 2928 101 75 meets
703 2928 78 75 with
797 2928 40 75 an
853 2928 212 75 interruption
1088 2928 32 75 in

94 2975 62 75 any
172 2975 39 75 of
223 2975 99 75 them,
348 2975 26 75 it
402 2975 27 75 is
458 2975 162 75 conveyed
647 2975 42 75 by
716 2975 54 75 the
798 2975 107 75 drains
934 2975 103 75 acrofs
1065 2975 57 75 the

141 3023 99 75 Von.
258 3023 30 75 I.
313 3023 73 75 No!
405 3023 34 75 3.

960 3023 22 75 3

1219 137 34 75 L
1327 137 39 75 T
1443 137 45 75 U
1564 137 37 75 R
1676 137 47 75 E.

2121 137 54 75 55

1156 203 103 75 ridges
1276 203 68 75 into
1360 203 85 75 fome
1461 203 94 75 other
1571 203 133 75 furrow,
1730 203 95 75 along
1840 203 106 75 which
1962 203 26 75 it
2009 203 27 75 is
2056 203 125 75 carried

1155 249 51 75 off
1218 249 54 75 the
1287 249 88 75 field.

1201 296 112 75 There
1329 296 53 75 are
1399 296 66 75 two
1479 296 94 75 kinds
1590 296 39 75 of
1647 296 121 75 drains,
1784 296 71 75 viz.
1872 296 82 75 open
1969 296 121 75 drains,
2115 296 65 75 and

1155 342 123 75 hollow
1293 342 120 75 drains.
1474 342 134 75 Hollow
1631 342 108 75 drains
1763 342 96 75 differ
1878 342 85 75 from
1984 342 82 75 open
2090 342 91 75 ones,

1154 386 32 75 in
1199 386 94 75 being
1305 386 88 75 filled
1403 386 79 75 with
1493 386 87 75 loofe
1592 386 114 75 Hones,
1725 386 136 75 covered
1872 386 81 75 with
1963 386 92 75 turff,
2072 386 110 75 brufh-

1156 433 106 75 wood,
1287 433 38 75 or
1341 433 104 75 ftraw,
1463 433 63 75 and
1543 433 19 75 a
1576 433 88 75 layer
1680 433 41 75 of
1731 433 90 75 earth
1838 433 90 75 thick
1944 433 126 75 enough
2087 433 35 75 to
2134 433 48 75 al-

1155 479 66 75 low
1238 479 19 75 a
1271 479 120 75 plough
1403 479 35 75 to
1455 479 151 75 goeafily
1621 479 141 75 through
1779 479 113 75 above.
1938 479 110 75 Thefe
2059 479 124 75 hollow

1156 525 106 75 drains
1287 525 53 75 are
1368 525 153 75 attended
1551 525 79 75 with
1646 525 65 75 two
1736 525 212 75 advantages;
1983 525 45 75 no
2052 525 74 75 land
2155 525 28 75 is

1153 572 63 75 loll
1234 572 43 75 by
1292 572 100 75 them,
1419 572 62 75 and
1500 572 77 75 they
1594 572 53 75 are
1664 572 41 75 no
1725 572 205 75 impediment
1946 572 31 75 in
1993 572 188 75 ploughing.

1204 617 95 75 Open
1316 617 118 75 drains,
1452 617 161 75 however,
1639 617 52 75 are
1707 617 32 75 in
1756 617 79 75 moft
1852 617 84 75 cafes
1954 617 177 75 preferable
2148 617 36 75 to

1156 663 122 75 hollow
1297 663 95 75 ones:
1418 663 101 75 They
1535 663 91 75 alone
1643 663 53 75 are
1713 663 129 75 capable
1860 663 40 75 of
1913 663 211 75 intercepting
2147 663 35 75 0-

1155 709 200 75 verflowings
1372 709 83 75 from
1480 709 113 75 higher
1619 709 155 75 grounds,
1800 709 63 75 and
1886 709 52 75 for
1966 709 147 75 carrying
2136 709 54 75 off

1156 756 99 75 water
1270 756 73 75 that
1359 756 72 75 falls
1452 756 32 75 in
1501 756 81 75 tain.
1629 756 77 75 The
1723 756 99 75 water
1838 756 31 75 in
1886 756 88 75 thefe
1987 756 84 75 cafes
2087 756 97 75 being

1155 802 118 75 always
1290 802 41 75 on
1348 802 55 75 the
1419 802 134 75 furface,
1570 802 66 75 will
1653 802 58 75 run
1723 802 102 75 freely
1837 802 77 75 over
1925 802 119 75 hollow
2055 802 120 75 drains,

1155 848 167 75 efpecially
1333 848 93 75 when
1437 848 134 75 fituated
1585 848 40 75 on
1638 848 18 75 a
1666 848 166 75 declivity.
1857 848 68 75 But
1940 848 121 75 hollow
2073 848 108 75 drains

1155 894 74 75 may
1244 894 40 75 be
1299 894 78 75 ufed
1388 894 79 75 with
1483 894 175 75 advantage
1674 894 33 75 in
1723 894 76 75 land
1813 894 65 75 wet
1893 894 45 75 by
1953 894 123 75 fprings
2090 894 10 75 ;
2124 894 57 75 be-

1156 941 91 75 caufe
1258 941 134 75 nothing
1403 941 87 75 more
1503 941 27 75 is
1543 941 148 75 required
1707 941 77 75 than
1801 941 34 75 to
1853 941 148 75 continue
2018 941 55 75 the
2085 941 97 75 chan-

1157 987 67 75 nels
1251 987 41 75 of
1306 987 55 75 the
1386 987 98 75 water
1511 987 105 75 below
1639 987 137 75 ground,
1802 987 63 75 and
1892 987 56 75 not
1976 987 95 75 allow
2098 987 26 75 it
2148 987 36 75 to

1156 1034 99 75 break
1273 1034 69 75 out,
1368 1034 49 75 till
1435 1034 26 75 it
1477 1034 119 75 arrives
1625 1034 33 75 at
1681 1034 21 75 a
1728 1034 90 75 place
1845 1034 107 75 where
1967 1034 27 75 it
2009 1034 59 75 can
2083 1034 44 75 do
2143 1034 44 75 no

1156 1080 104 75 harm.

1206 1126 32 75 It
1262 1126 66 75 will
1357 1126 57 75 not
1439 1126 40 75 be
1502 1126 159 75 improper
1684 1126 77 75 here
1777 1126 35 75 to
1829 1126 151 75 mention,
2005 1126 70 75 that
2099 1126 88 75 fome

1158 1172 73 75 foils
1255 1172 100 75 retain
1372 1172 100 75 water
1498 1172 94 75 much
1609 1172 112 75 longer
1745 1172 76 75 than
1849 1172 124 75 others,
1998 1172 64 75 and
2078 1172 108 75 confe-

1160 1218 134 75 quently
1310 1218 53 75 are
1379 1218 87 75 more
1482 1218 95 75 liable
1593 1218 35 75 to
1644 1218 41 75 be
1707 1218 155 75 damaged
1878 1218 43 75 by
1937 1218 112 75 water.
2099 1218 88 75 Soils

1161 1265 70 75 that
1247 1265 81 75 have
1345 1265 19 75 a
1379 1265 87 75 large
1483 1265 185 75 proportion
1683 1265 41 75 of
1734 1265 85 75 clay,
1843 1265 39 75 or
1897 1265 40 75 of
1949 1265 95 75 mofs,
2069 1265 54 75 are
2150 1265 45 75 of

1161 1311 65 75 this
1243 1311 91 75 kind.
1382 1311 49 75 As
1455 1311 89 75 thefe
1572 1311 74 75 foils
1674 1311 159 75 naturally
1856 1311 101 75 retain
1973 1311 100 75 water
2088 1311 64 75 like
2168 1311 21 75 a

1157 1357 135 75 ipunge,
1318 1357 118 75 calling
1452 1357 120 75 drains,
1598 1357 61 75 and
1674 1357 109 75 laying
1799 1357 55 75 the
1868 1357 77 75 land
1961 1357 41 75 up
2019 1357 32 75 in
2067 1357 123 75 ridges,,

1160 1403 67 75 will
1244 1403 55 75 not
1316 1403 121 75 convey
1454 1403 25 75 it
1495 1403 102 75 away.
1645 1403 57 75 To
1714 1403 91 75 drain
1816 1403 75 75 fuch
1908 1403 104 75 lands,
2037 1403 83 75 their
2131 1403 57 75 na-

1159 1449 84 75 ture,
1269 1449 63 75 and
1347 1449 107 75 power
1470 1449 40 75 of
1521 1449 156 75 retaining
1693 1449 114 75 water,
1830 1449 80 75 muft
1926 1449 40 75 be
1983 1449 147 75 changed
2143 1449 45 75 by

1161 1496 138 75 culture.

1197 1542 76 75 The
1282 1542 144 75 clay-foil
1434 1542 58 75 can
1503 1542 77 75 only
1586 1542 40 75 be
1632 1542 134 75 drained
1775 1542 44 75 by
1824 1542 149 75 frequent
1982 1542 136 75 ftirring,
2126 1542 65 75 and

1160 1588 55 75 the
1231 1588 191 75 application
1438 1588 40 75 of
1488 1588 75 75 fuch
1579 1588 146 75 manures
1743 1588 33 75 as
1801 1588 78 75 raife
1904 1588 19 75 a
1945 1588 241 75 fermentation,

1160 1634 108 75 Thefe
1284 1634 181 75 operations
1480 1634 83 75 open
1578 1634 56 75 the
1645 1634 92 75 pores
1753 1634 40 75 of
1804 1634 55 75 the
1878 1634 71 75 foil,
1973 1634 63 75 and
2051 1634 136 75 thereby

1164 1679 104 75 afford
1284 1679 17 75 a
1317 1679 67 75 free
1401 1679 123 75 paflage
1539 1679 35 75 to
1593 1679 56 75 the
1666 1679 111 75 water.

1209 1726 75 75 The
1299 1726 100 75 moffy
1420 1726 71 75 foil,
1516 1726 41 75 on
1581 1726 56 75 the
1659 1726 93 75 other
1773 1726 99 75 hand,
1897 1726 26 75 is
1947 1726 58 75 too
2021 1726 81 75 open
2126 1726 66 75 and

1162 1773 131 75 porous,
1309 1773 58 75 but
1383 1773 27 75 is
1424 1773 151 75 poffefied
1586 1773 40 75 of
1637 1773 40 75 an
1688 1773 169 75 abforbing
1868 1773 137 75 quality,
2022 1773 44 75 by
2082 1773 108 75 which

1162 1818 27 75 it
1212 1818 116 75 retains
1344 1818 56 75 the
1423 1818 112 75 water.
1582 1818 57 75 To
1655 1818 93 75 drain
1763 1818 64 75 this
1850 1818 71 75 foil,
1946 1818 26 75 it
1988 1818 27 75 is
2032 1818 160 75 neceffary

1163 1864 35 75 to
1218 1864 153 75 condenfe
1388 1864 38 75 it,
1451 1864 75 75 and,
1550 1864 31 75 if
1596 1864 138 75 poffible,
1759 1864 36 75 to
1811 1864 128 75 deftroy
1954 1864 41 75 its
2013 1864 125 75 quality
2155 1864 43 75 of

1164 1911 155 75 retaining
1334 1911 112 75 water.
1478 1911 163 75 Frequent
1656 1911 155 75 ftirrings,
1828 1911 62 75 and
1905 1911 77 75 fdch
1997 1911 145 75 manures
2155 1911 36 75 as

1164 1958 78 75 raife
1266 1958 18 75 a
1300 1958 236 75 fermentation,
1561 1958 64 75 and
1646 1958 77 75 tend
1746 1958 35 75 to
1797 1958 131 75 putrefy
1942 1958 56 75 the
2014 1958 95 75 mofs,
2135 1958 54 75 are

1164 2005 66 75 faid
1246 2005 34 75 to
1297 2005 112 75 render
1424 2005 26 75 it
1466 2005 71 75 firm
1562 2005 63 75 and
1647 2005 94 75 folid,
1766 2005 63 75 and
1850 2005 136 75 thereby
2012 2005 80 75 both
2115 2005 73 75 pre-

1165 2049 74 75 vent
1251 2049 29 75 it
1298 2049 83 75 from
1397 2049 158 75 receiving
1572 2049 34 75 fo
1622 2049 87 75 large
1731 2049 18 75 a
1765 2049 148 75 quantity
1929 2049 175 75 ofwater,
2130 2049 63 75 and

1165 2096 126 75 deftroy
1307 2096 55 75 the
1386 2096 123 75 quality
1525 2096 42 75 of
1579 2096 157 75 retaining
1749 2096 42 75 it.

1425 2204 65 75 Of
1509 2204 186 75 draining
1724 2204 205 75 Marifbes.

1211 2282 86 75 The
1316 2282 55 75 foil
1393 2282 39 75 of
1445 2282 158 75 mariffies,
1621 2282 93 75 being
1731 2282 169 75 compofed
1917 2282 44 75 of
1967 2282 155 75 diffolved
2136 2282 60 75 ve-

1165 2328 154 75 getables,
1344 2328 69 75 dull
1429 2328 107 75 blown
1552 2328 33 75 in
1607 2328 44 75 by
1669 2328 54 75 the
1740 2328 116 75 winds,
1879 2328 63 75 and
1958 2328 92 75 earth
2066 2328 126 75 waffied

1165 2374 94 75 down
1275 2374 85 75 from
1380 2374 55 75 the
1459 2374 75 75 high
1553 2374 139 75 grounds
1709 2374 81 75 with
1806 2374 105 75 which
1928 2374 77 75 they
2022 2374 52 75 are
2097 2374 95 75 gene-

1165 2422 81 75 rally
1263 2422 209 75 furrounded,
1496 2422 27 75 is
1540 2422 82 75 light
1639 2422 63 75 and
1720 2422 134 75 fpungy,
1878 2422 59 75 but
1952 2422 79 75 very
2044 2422 66 75 rich
2129 2422 65 75 and

1163 2468 143 75 valuable
1323 2468 94 75 when
1431 2468 146 75 drained.

1211 2514 39 75 In
1264 2514 146 75 draining
1426 2514 19 75 a
1461 2514 124 75 mariffi,
1611 2514 42 75 all
1677 2514 56 75 the
1757 2514 176 75 ftagnating
1954 2514 101 75 water
2079 2514 116 75 Ihould

1165 2561 38 75 be
1220 2561 64 75 firll
1300 2561 124 75 carried
1439 2561 51 75 off'
1501 2561 43 75 by
1561 2561 18 75 a
1589 2561 88 75 large
1689 2561 82 75 open
1784 2561 104 75 drain,
1906 2561 79 75 with
2003 2561 19 75 a
2037 2561 159 75 fufficient

1164 2608 70 75 fall,
1261 2608 62 75 and
1340 2608 34 75 as
1390 2608 80 75 deep
1485 2608 33 75 as
1536 2608 54 75 the
1607 2608 125 75 bottom
1760 2608 40 75 of
1818 2608 56 75 the
1897 2608 127 75 mariffi.
2081 2608 113 75 When

1165 2653 55 75 the
1237 2653 173 75 ftagnating
1426 2653 99 75 water
1541 2653 25 75 is
1588 2653 164 75 conveyed
1767 2653 102 75 away,
1894 2653 56 75 the
1969 2653 92 75 earth
2076 2653 44 75 by
2135 2653 58 75 de-

1166 2699 90 75 grees
1281 2699 66 75 will
1374 2699 136 75 fubfide,
1534 2699 64 75 and
1625 2699 130 75 become
1777 2699 106 75 folk!;
1919 2699 62 75 and
2006 2699 86 75 bme
2116 2699 78 75 land

1165 2745 67 75 will
1248 2745 73 75 thus
1337 2745 40 75 be
1393 2745 113 75 gained
1529 2745 42 75 on
1595 2745 77 75 each
1690 2745 87 75 fide:
1804 2745 76 75 The
1902 2745 126 75 bottom
2051 2745 142 75 likewife

1165 2792 76 75 foon
1257 2792 145 75 becomes
1419 2792 71 75 firm
1507 2792 124 75 enough
1648 2792 36 75 to
1700 2792 95 75 allow
1810 2792 54 75 the
1882 2792 89 75 drain
1993 2792 35 75 to
2055 2792 41 75 be
2119 2792 73 75 gra-

1167 2838 108 75 dually
1291 2838 124 75 carried
1430 2838 141 75 forward
1586 2838 141 75 through
1742 2838 56 75 the
1814 2838 120 75 middle
1946 2838 40 75 of
1997 2838 55 75 the
2064 2838 130 75 mariih.'

1167 2885 37 75 If
1215 2885 55 75 the
1297 2885 134 75 fprings,
1455 2885 107 75 which
1589 2885 111 75 fupply
1727 2885 56 75 the
1812 2885 111 75 water,
1950 2885 58 75 rife
2032 2885 77 75 near
2136 2885 56 75 the

1167 2932 120 75 middle
1307 2932 40 75 of
1366 2932 55 75 the
1437 2932 125 75 mariffi,
1586 2932 65 75 tiffs
1673 2932 153 75 principal
1850 2932 104 75 drain,
1981 2932 80 75 with
2089 2932 19 75 a
2130 2932 64 75 few

1168 2979 32 75 bi
1207 2979 114 75 .inches
1338 2979 44 75 on
1396 2979 77 75 each
1489 2979 75 75 fide,
1588 2979 106 75 where
1711 2979 57 75 the
1795 2979 121 75 firings
1939 2979 54 75 are
2016 2979 114 75 large!!
2155 2979 38 75 or

1649 3027 31 75 O

2116 3027 80 75 moli
