2456 3337
570 184 40 52 A
677 184 36 52 B
773 184 28 52 S

1131 184 29 52 C
1209 184 23 52 8
1291 184 20 52 )

1636 184 42 52 A
1737 184 36 52 B
1832 184 41 52 Y

168 268 293 37 ABSORBENT
479 268 185 37 medicines,
682 268 171 37 teftaceous
867 268 158 37 powders,
1043 268 33 37 as
1089 268 107 37 chalk,

216 312 198 37 crabs-eyes,
441 312 63 37 <bc.
530 312 107 37 which
654 312 55 37 are
726 312 95 37 taken
840 312 158 37 inwardly
1014 312 51 37 for
1081 312 117 37 drying

213 358 46 37 up
282 358 38 37 or
343 358 165 37 abforbing
516 358 71 37 my
610 358 89 37 acrid
722 358 36 37 or
786 358 179 37 redundant
988 358 151 37 humours
1164 358 32 37 in

212 405 56 37 the
284 405 140 37 ftomach
439 405 37 37 or
499 405 172 37 inteftines,
718 405 99 37 They
832 405 52 37 are
907 405 138 37 likewife
1070 405 126 37 applied

212 450 180 37 outwardly
410 450 35 37 to
462 450 103 37 ulcers
581 450 38 37 or
634 450 85 37 fores
735 450 79 37 with
831 450 56 37 the
906 450 83 37 fame
1006 450 172 37 intention.

167 497 230 36 ABSORBENT
417 501 116 30 veff'els,
558 496 32 37 in
614 496 162 37 anatomy,
802 496 18 37 a
836 496 92 37 name
951 496 92 37 given
1062 496 132 37 promif-

214 542 128 37 cuoully
353 542 34 37 to
403 542 55 37 the
474 542 110 37 lacteal
600 542 124 37 veifels,
748 542 204 37 lymphatics,
978 542 62 37 and
1052 542 144 37 inhalent

214 588 145 37 arteries.
409 588 63 37 See
491 589 215 36 ANATOMY.,

168 634 231 36 ABSORBENT
422 638 121 30 veffeh,
569 627 26 45 is
620 627 65 45 alfo
702 627 19 45 a
740 627 90 45 name
854 627 78 45 ufed
950 627 54 45 for
1023 627 56 45 the
1106 627 90 45 fmall

214 673 118 45 fibrous
355 673 89 45 roots
466 673 40 45 of
517 673 116 45 plants.

168 727 325 37 ABSORPTION,
519 727 32 37 in
575 727 55 37 the
654 727 115 37 animal
797 727 182 37 oeconomy,
1012 727 27 37 is
1068 727 55 37 the
1149 727 48 37 adt

215 771 152 37 whereby
382 771 54 37 the
454 771 166 37 abforbent
635 771 110 37 vefTeis
762 771 119 37 imbibe
894 771 55 37 the
966 771 115 37 juices,
1107 771 65 37 &c.

168 819 327 37 ABSTEMIOUS,
513 819 39 37 an
563 819 121 37 epithet
697 819 126 37 applied
834 819 34 37 to
884 819 220 37 perfonsvery
1116 819 80 37 tem-

216 864 107 37 perate
342 864 32 37 in
390 864 107 37 eating
512 864 63 37 and
590 864 160 37 drinking.
800 864 33 37 It
860 864 26 37 is
910 864 139 37 likewife
1073 864 126 37 applied

216 909 35 37 to
268 909 89 37 chofe
373 909 74 37 who
464 909 96 37 could
576 909 56 37 not
650 909 130 37 partake
793 909 40 37 of
845 909 54 37 the
919 909 156 37 eucharilt
1091 909 42 37 on
1145 909 52 37 ac-

216 955 97 37 count
329 955 40 37 of
387 955 84 37 their
484 955 140 37 averfion
641 955 35 37 to
691 955 94 37 wine.

169 1003 305 37 ABSTENTUS,
499 1003 32 37 in
547 1003 73 37 law,
638 1003 39 37 an
695 1003 69 37 heir
779 1003 74 37 who
866 1003 26 37 is
905 1003 173 37 with-held
1092 1003 44 37 by
1147 1003 49 37 his

217 1047 88 37 tutor
320 1047 85 37 from
426 1047 146 37 entering
593 1047 85 37 upon
693 1047 50 37 his
762 1047 211 37 inheritance.

169 1094 334 37 ABSTERGENT
519 1094 183 37 medicines,
728 1094 89 37 thofe
841 1094 168 37 employed
1028 1094 51 37 for
1100 1094 97 37 refol-

217 1139 75 37 ving
308 1139 220 37 obftrudtions,
554 1139 213 37 concretions,
786 1139 63 37 <bc,
876 1139 76 37 fuch
969 1139 34 37 as
1019 1139 87 37 foap,
1132 1139 65 37 he.

170 1187 325 37 ABSTINENCE,
513 1187 55 37 the
581 1187 172 37 refraining
765 1187 83 37 from
865 1187 180 37 fomething
1056 1187 49 37 we
1117 1187 81 37 have

219 1232 19 37 a
259 1232 179 37 propenfity
455 1232 47 37 to.
550 1232 33 37 It
600 1232 183 37 commonly
799 1232 133 37 imports
950 1232 19 37 a
983 1232 90 37 fpare
1093 1232 80 37 diet.

171 1279 323 37 ABSTINENTS,
519 1279 31 37 in
567 1279 120 37 church
708 1279 133 37 hiftory,
867 1279 19 37 a
905 1279 67 37 fort
990 1279 40 37 of
1040 1279 113 37 people
1166 1279 32 37 in

220 1324 55 37 the
299 1324 125 37 ancient
448 1324 120 37 church
592 1324 74 37 who
686 1324 130 37 carried
839 1324 84 37 their
946 1324 175 37 abftinence
1138 1324 64 37 and

218 1371 226 37 mortification
469 1371 77 37 very
562 1371 62 37 far.
647 1371 5 37 '
672 1371 101 37 They
788 1371 80 37 have
879 1371 92 37 'beeri
993 1371 114 37 claffed
1123 1371 78 37 with

218 1416 151 37 heretics,
395 1416 125 37 though
544 1416 49 37 we
617 1416 80 37 have
713 1416 42 37 no
772 1416 121 37 certain
910 1416 135 37 account
1061 1416 40 37 of
1119 1416 83 37 their

220 1462 170 37 particular
410 1462 156 37 opinions.

174 1510 261 37 ABSTRACT
456 1515 85 30 idea,
567 1510 31 37 in
626 1510 221 37 metaphyfics,
872 1510 28 37 is
926 1510 18 37 a
959 1510 114 37 partial
1085 1510 74 37 idea
1168 1510 41 37 of

221 1555 21 37 a
257 1555 147 37 complex
423 1555 116 37 object,
563 1555 125 37 limited
699 1555 35 37 to
750 1555 60 37 one
829 1555 39 37 or
880 1555 88 37 more
988 1555 40 37 of
1042 1555 55 37 the
1117 1555 88 37 com-

220 1602 119 37 ponent
355 1602 86 37 parts
461 1602 37 37 or
513 1602 188 37 properties,
726 1602 208 37 laying-afide
959 1602 37 37 or
1020 1602 186 37 abftradling

221 1648 85 37 from
318 1648 56 37 the
387 1648 71 37 reft.
494 1648 110 37 Thus,
617 1648 31 37 in
662 1648 134 37 viev/ing
809 1648 38 37 an
860 1648 104 37 objedt
975 1648 79 37 with
1066 1648 54 37 the
1133 1648 70 37 eye,

222 1693 38 37 ox
281 1693 200 37 recollecting
505 1693 25 37 it
553 1693 32 37 in
612 1693 56 37 the
691 1693 99 37 mind,
815 1693 49 37 we
881 1693 57 37 can
962 1693 94 37 eafily
1072 1693 132 37 abftradt

223 1740 84 37 from
318 1740 85 37 fome
415 1740 39 37 of
465 1740 42 37 its
531 1740 85 37 parts
641 1740 38 37 or
694 1740 189 37 properties,
909 1740 63 37 and
997 1740 108 37 attach
1128 1740 76 37 our-

223 1785 99 37 felves
339 1785 36 37 to
403 1785 130 37 others:
560 1785 48 37 we
637 1785 57 37 can
722 1785 111 37 attend
849 1785 35 37 to
901 1785 54 37 the
972 1785 127 37 rednefs
1123 1785 41 37 of
1186 1785 19 37 a

224 1830 127 37 cherry,
376 1830 137 37 without
530 1830 115 37 regard
666 1830 36 37 to
718 1830 41 37 its
775 1830 114 37 figure,
914 1830 91 37 tafte,
1031 1830 37 37 or
1081 1830 123 37 confift-

225 1878 89 37 ence.
364 1878 61 37 See
445 1879 298 36 ABSTRACTION,
762 1879 300 36 METAPHYSICS.

177 1925 213 36 ABSTRACT
415 1924 112 37 terms,
552 1924 106 37 words
675 1924 71 37 that
762 1924 54 37 are
841 1924 79 37 ufed
946 1924 36 37 to
1004 1924 129 37 exprefs
1150 1924 55 37 ab-

227 1969 90 37 ftraft
329 1969 99 37 ideas.
467 1969 98 37 Thus
575 1969 129 37 beauty,
725 1969 150 37 uglinefs,
888 1969 181 37 whitenefs,
1088 1969 118 37 round-

228 2017 82 37 hefs,
334 2017 69 37 life,
427 2017 110 37 death,
563 2017 52 37 are
632 2017 132 37 abftradt
779 2017 110 37 terms.

181 2063 211 36 ABSTRACT
418 2062 232 37 mathematics,
675 2062 178 37 fometimes
881 2062 225 37 denominated
1124 2062 85 37 pure

229 2109 235 37 mathematics,
490 2109 83 37 treat
589 2109 40 37 of
636 2109 184 37 magnitude
837 2109 37 37 or
890 2109 148 37 quantity
1050 2109 158 37 abfolute-

228 2155 36 37 ly
275 2155 63 37 and
348 2155 161 37 generally
524 2155 193 37 confidered,
734 2155 138 37 without
884 2155 114 37 regard
1012 2155 35 37 to
1064 2155 62 37 any
1136 2155 73 37 par-

230 2200 114 37 ticular
359 2200 117 37 fpecies
490 2200 40 37 of
540 2200 195 37 magnitude.

183 2249 212 36 ABSTRACT

599 2248 75 37 fuch
692 2248 32 37 as
739 2248 80 37 have
836 2248 43 37 no
890 2248 171 37 particular
1073 2248 137 37 applica-

232 2293 81 37 tion.

185 2339 226 36 ABSTRACT,
436 2338 28 37 is
481 2338 65 37 alfo
565 2338 18 37 a
598 2338 81 37 term
695 2338 32 37 in
744 2338 163 37 literature
923 2338 36 37 to
971 2338 114 37 fignify
1102 2332 19 45 a
1135 2338 77 37 con-

234 2384 72 37 cife,
324 2384 57 37 yet
396 2384 130 37 general
542 2384 81 37 view
639 2384 38 37 or
693 2384 130 37 analyfis
837 2384 39 37 of
883 2384 94 37 fome.
984 2384 106 37 larger
1105 2384 104 37 work.

233 2429 34 37 It
278 2429 110 37 differs
398 2429 84 37 from
495 2429 40 37 an
547 2429 210 37 abridgment,
767 2429 33 37 in
810 2429 95 37 being
917 2429 121 37 ftiorter
1051 2429 62 37 and
1124 2429 89 37 more

234 2475 199 37 fuperficial;
460 2475 62 37 and
538 2475 83 37 from
638 2475 39 37 an
697 2475 135 37 extra#,
857 2469 33 45 as
904 2475 62 37 this
983 2475 57 37 laft
1059 2475 27 37 is
1100 2475 19 37 a
1132 2475 83 37 copy

237 2521 39 37 of
287 2521 84 37 fome
391 2521 71 37 part
477 2521 37 37 or
533 2521 122 37 paffage
671 2521 40 37 of
721 2521 38 37 it.

189 2569 363 37 ABSTRACTION,
577 2569 55 37 the
644 2569 165 37 operation
820 2569 41 37 of
871 2569 55 37 the
942 2569 90 37 mind
1046 2569 93 37 when
1157 2569 55 37 oc-

236 2613 116 37 cupied
362 2613 44 37 by
423 2613 130 37 abftra#
568 2613 99 37 ideas.
717 2613 33 37 A
765 2613 87 37 large
870 2613 61 37 oak
943 2613 81 37 fixes
1041 2613 60 37 our
1113 2613 102 37 atten-

236 2659 82 37 tion,
343 2659 64 37 and
422 2659 144 37 abftracts
583 2659 37 37 us
636 2659 85 37 from
732 2659 56 37 the
799 2659 108 37 ftirubs
919 2659 71 37 that
1005 2659 160 37 furrouncT
1176 2659 38 37 it.

237 2705 40 37 In
300 2705 55 37 the
379 2705 82 37 fame
483 2705 141 37 manner,
650 2705 19 37 a
691 2705 157 37 beautiful
862 2705 127 37 woman
1011 2705 33 37 in
1060 2705 19 37 a
1094 2705 121 37 crowd,

237 2751 148 37 abftraAs
397 2751 60 37 our
472 2751 167 37 thoughts,
656 2751 64 37 and
730 2751 156 37 engroffes
898 2751 59 37 our
968 2751 157 37 attention
1136 2751 81 37 fole-

239 2797 35 37 ly
289 2797 35 37 to
339 2797 127 37 herfelf.
496 2797 111 37 Thefe
623 2797 52 37 are
691 2797 162 37 examples
873 2797 39 37 of
923 2797 64 37 real
1006 2797 184 37 abftraclion
1206 2797 8 37 :

240 2843 93 37 when
348 2843 100 37 thefe,
467 2843 37 37 or
516 2843 62 37 any
589 2843 110 37 others
711 2843 40 37 of
757 2843 19 37 a
783 2843 115 37 fimilar
909 2843 89 37 kind,
1013 2843 53 37 are
1079 2843 140 37 recalled

240 2889 38 37 to
292 2889 56 37 the
363 2889 101 37 mind,
493 2889 83 37 after
590 2889 55 37 the
660 2889 119 37 objefts
803 2889 188 37 themfelves
1003 2889 54 37 are
1069 2889 150 37 removed

242 2934 84 37 from
343 2934 59 37 our
409 2934 96 37 fight,
522 2934 78 37 they
612 2934 84 37 form
710 2934 86 37 what
812 2934 26 37 is
856 2934 103 37 called
969 2934 138 37 ahjiracl
1118 2934 100 37 ideas,

242 2981 38 37 or
299 2981 56 37 the
371 2981 88 37 mind
477 2981 26 37 is
519 2981 67 37 faid
601 2981 34 37 to
658 2981 41 37 be
725 2981 169 37 employed
915 2981 32 37 in
969 2981 135 37 abftra#
1118 2981 100 37 ideas.

243 3027 68 37 But
335 3027 55 37 the
414 3027 108 37 power
544 3027 40 37 of
595 3027 184 37 abftra#ion
801 3027 27 37 is
852 3027 58 37 not
933 3027 149 37 confined
1104 3027 35 37 to
1163 3027 56 37 ob-

808 3086 17 37 3

1291 262 81 37 jecls
1394 262 70 37 that
1491 262 54 37 are
1570 262 160 37 feparable
1750 262 33 37 in
1802 262 116 37 reality
1934 262 33 37 as
1984 262 74 37 well
2081 262 33 37 as
2139 262 134 37 mental-

1292 308 53 37 ly:
1373 308 55 37 the
1449 308 74 37 fize,
1542 308 55 37 the
1608 308 113 37 figure,
1739 308 55 37 the
1814 308 111 37 colour
1935 308 50 37 ,'of
2005 308 16 37 a
2039 308 67 37 tree
2124 308 52 37 are
2193 308 80 37 irtfe-

1290 354 133 37 parably
1450 354 184 37 connected,
1661 354 63 37 and
1751 354 116 37 cannot
1894 354 80 37 exift
2000 354 214 37 independent
2238 354 41 37 of

1292 400 76 37 each
1388 400 114 37 other;
1530 400 62 37 and
1607 400 56 37 yet
1677 400 48 37 we
1742 400 57 37 can
1816 400 154 37 mentally
1990 400 123 37 confine
2134 400 59 37 our
2216 400 57 37 ob-

1291 447 173 37 fervations
1481 447 35 37 to
1533 447 60 37 any
1606 447 60 37 one
1678 447 40 37 of
1726 447 87 37 thefe
1823 447 195 37 properties,
2043 447 176 37 neglecting
2235 447 40 37 or

1292 493 186 37 abftrading
1496 493 85 37 from
1604 493 55 37 the
1683 493 73 37 reft.

1244 540 299 36 ABSTRACTION,
1561 539 32 37 in
1605 539 183 37 chemillry,
1800 533 55 45 the
1868 533 202 45 evaporating
2081 533 39 45 or
2130 533 158 45 drawing

1293 586 52 37 off
1359 586 56 37 the
1431 586 192 37 menftruum
1639 586 85 37 from
1744 586 62 37 any
1821 586 130 37 fubjedt.

1244 632 637 37 ABSTRACTITIOUS,anobfolfcte
1891 632 94 37 term,
1993 632 114 37 among
2116 632 158 37 chemifts,

1294 677 51 37 for
1362 677 18 37 a
1402 677 167 37 vegetable
1586 677 87 37 fpirit
1690 677 151 37 obtained
1860 677 137 37 without
2013 677 236 37 fermentation.

1244 725 267 37 ABSTRUSE,
1538 725 19 37 a
1578 725 82 37 terpn
1677 725 127 37 applied
1819 725 34 37 to
1871 725 61 37 any
1955 725 91 37 thing
2062 725 71 37 that
2148 725 27 37 is
2193 725 83 37 hard

1292 770 35 37 to
1354 770 40 37 be
1414 770 203 37 underftood,
1647 770 145 37 whether
1808 770 55 37 the
1890 770 164 37 obfeurity
2068 770 95 37 arifes
2190 770 87 37 from

1294 817 55 37 the
1370 817 158 37 difficulty
1544 817 39 37 of
1594 817 56 37 the
1670 817 131 37 fubjedt,
1827 817 36 37 or
1885 817 56 37 the
1966 817 154 37 confufed
2147 817 130 37 manner

1294 863 38 37 of
1343 863 55 37 the
1415 863 121 37 writer.

1247 909 210 37 ABSURD,
1484 909 38 37 an
1540 909 122 37 epithet
1678 909 53 37 for
1747 909 61 37 any
1824 909 92 37 thing
1932 909 72 37 that
2028 909 191 37 contradidls
2236 909 40 37 an

1295 955 149 37 apparent
1466 955 103 37 truth.

1246 1002 296 37 ABSURDITY,
1567 1002 56 37 the
1640 1002 92 37 name
1757 1002 40 37 of
1816 1002 37 37 an
1872 1002 116 37 abfurd
2009 1002 103 37 addon
2128 1002 38 37 or
2181 1002 95 37 fenti-

1295 1048 99 37 ment.

1246 1095 166 37 ABSUS,
1438 1095 32 37 in
1490 1095 132 37 botany,
1647 1095 56 37 the
1719 1095 108 37 trivial
1843 1095 91 37 name
1949 1095 40 37 of
2000 1095 19 37 a
2038 1095 118 37 fpecies
2172 1095 41 37 of
2223 1095 79 37 the.;

1293 1141 99 37 caffia.

2227 1141 42 37 i-''
2293 1141 59 37 Js

1247 1187 337 37 ABSYNTHfUM.
1635 1187 64 37 See
1714 1188 271 36 ABSINTHIUM.

1248 1234 164 37 ABUAI,
1431 1234 59 37 one
1502 1234 40 37 of
1553 1234 56 37 the
1620 1234 180 37 Philippine
1817 1234 81 37 ifles.
1949 1234 62 37 See
2027 1239 249 30 PHILIPPTNE.

1248 1280 211 37 ABUCCO,
1484 1281 173 36 ABOCCO,
1683 1274 37 45 or
1736 1281 197 36 ABOOCHI,
1960 1280 29 37 a.
2002 1274 118 45 weight
2147 1274 74 45 ufed
2245 1274 32 45 in

1296 1318 223 45 the'kingdom
1535 1318 38 45 of
1590 1324 102 37 Pegu,
1716 1324 98 37 equal
1829 1318 35 45 to
1885 1318 12 45 i
1906 1318 187 45 cRteCcaiis
2105 1318 10 45 ;
2150 1318 66 45 two
2243 1318 35 45 a-

1297 1366 117 45 buccoS
1430 1366 93 45 make
1540 1366 39 45 an
1596 1366 109 45 agiro;
1723 1366 64 45 and
1798 1366 66 45 two
1876 1366 79 45 agiri
1967 1366 92 45 make
2075 1366 73 45 half
2163 1366 18 45 a
2191 1366 87 45 bika,

1297 1413 106 45 which
1415 1413 28 45 is
1455 1419 94 37 equal
1561 1413 36 45 to
1614 1419 19 37 2
1645 1419 34 37 lb
1690 1419 27 37 ,5
1727 1419 55 37 oz.
1800 1413 39 45 of
1851 1413 56 45 the
1918 1413 105 45 heavy
2035 1413 117 45 weight
2164 1413 40 45 of
2213 1419 66 37 Ve-

1299 1458 81 45 nice.

1252 1512 240 37 ABUKESO.
1543 1513 241 36 SCCASLANI.

1252 1558 183 37 ABUNA,
1461 1558 54 37 the
1531 1558 71 37 title
1624 1558 39 37 of
1682 1558 55 37 the
1753 1558 200 37 Archbiffiop
1980 1558 38 37 or
2045 1558 236 37 Metropolitan

1299 1604 39 37 of
1357 1604 174 37 Abyffinia.

1251 1649 281 37 ABUNDANT
1554 1649 160 37 numbers,
1739 1643 76 45 fuch
1837 1643 106 45 whofe
1969 1643 122 45 aliquot
2112 1643 88 45 parts
2224 1643 55 45 ad-

1299 1690 64 45 ded
1379 1690 148 45 together
1553 1690 121 45 exceed
1699 1690 55 45 the
1782 1690 135 45 number
1944 1690 108 45 itfelf;
2080 1690 33 45 as
2143 1690 57 45 20,
2225 1690 56 45 the

1301 1736 122 45 aliquot
1435 1736 87 45 parts
1535 1736 40 45 of
1581 1736 106 45 which
1704 1736 64 45 are,
1787 1736 30 45 1,
1833 1736 32 45 2,
1881 1736 33 45 4,
1930 1736 32 45 J,
1974 1736 54 45 to,
2042 1736 62 45 and
2116 1736 92 45 make
2221 1736 58 45 22.

1254 1788 95 37 ABU
1357 1788 107 37 SAN,
1490 1788 39 37 an
1546 1788 98 37 ifland
1660 1788 41 37 on
1725 1788 57 37 the
1798 1788 84 37 coaft
1901 1788 39 37 of
1953 1788 128 37 Africa,
2098 1788 31 37 in
2150 1788 39 37 35
2224 1788 56 37 35.

1301 1833 35 37 N
1366 1833 46 37 lat
1449 1833 181 37 dependent
1646 1833 42 37 on
1703 1833 56 37 the
1783 1833 151 37 province
1960 1833 43 37 of
2025 1833 118 37 Caret,
2168 1833 34 37 in
2226 1833 56 37 the

1302 1877 151 37 kingdom
1474 1877 39 37 of
1526 1877 79 37 Fez.

1255 1923 170 37 ABUSE,
1451 1923 122 37 implies
1598 1923 55 37 the
1677 1923 184 37 perverting
1883 1923 41 37 of
1943 1923 63 37 any
2022 1923 91 37 thing
2130 1923 86 37 from
2239 1923 42 37 its

1303 1968 135 37 original
1454 1968 167 37 intention.

1254 2015 236 37 ABUTIGE,
1508 2015 19 37 a
1541 2015 87 37 town
1640 2015 33 37 in
1688 2015 114 37 Upper
1813 2015 124 37 Egypt,
1953 2015 125 37 famous
2095 2015 51 37 for
2162 2015 117 37 produ-

1305 2061 71 37 cing
1399 2061 55 37 the
1470 2061 66 37 heft
1551 2061 121 37 opium.

1257 2108 276 37 ABUTTALS.
1583 2108 61 37 See
1661 2109 249 36 ABBUTTALS.

1257 2154 270 37 ABUTILON,
1552 2154 32 37 in
1611 2154 132 37 botany,
1775 2154 56 37 the
1855 2154 105 37 trivial
1986 2154 91 37 name
2103 2154 40 37 of
2165 2154 118 37 feveral

1305 2199 117 37 fpecies
1438 2199 40 37 of
1497 2199 56 37 the
1573 2199 76 37 fida.
1699 2199 62 37 See
1779 2199 38 37 Si
1825 2209 63 24 DA.
1937 2199 158 37 Abutilon
2119 2199 26 37 is
2174 2199 64 37 alfo
2264 2204 20 30 a

1307 2247 160 37 fynonime
1485 2247 39 37 of
1535 2247 55 37 the
1606 2247 157 37 melochia
1778 2247 187 37 tomentofa,
1983 2247 63 37 and
2056 2247 156 37 melochia
2227 2247 56 37 de-

1306 2294 111 37 preffa,
1442 2294 67 37 two
1530 2294 173 37 American
1724 2294 103 37 plants
1845 2294 40 37 of
1902 2294 55 37 the
1973 2294 220 37 monadelphia
2208 2294 81 37 pen-

1307 2340 125 37 tandria
1447 2340 91 37 clafs.
1587 2340 32 37 It
1638 2340 26 37 it
1680 2340 27 37 is
1723 2340 138 37 likewife
1877 2340 20 37 a
1915 2340 160 37 fynonime
2100 2340 42 37 of
2161 2340 54 37 the
2237 2340 47 37 la-

1308 2385 123 37 vatora,
1457 2385 115 37 malva,
1597 2385 63 37 and
1674 2385 150 37 hibifeus.

1262 2433 161 37 ABYSS,
1449 2433 31 37 in
1498 2433 19 37 a
1534 2433 127 37 general
1677 2433 98 37 fenfe,
1800 2433 133 37 fignifies
1961 2433 61 37 any
2046 2433 239 37 unfathomable

1310 2478 110 37 gulph.
1469 2478 33 37 It
1518 2478 26 37 is
1558 2478 64 37 alfo
1638 2478 55 37 the
1706 2478 90 37 name
1812 2478 41 37 of
1871 2478 17 37 a
1903 2478 64 37 vaft
1979 2478 113 37 cavern
2109 2478 87 37 filled
2205 2478 82 37 with

1311 2524 111 37 water,
1446 2524 154 37 fuppofed
1615 2524 35 37 to
1666 2524 79 37 exift
1767 2524 75 37 near
1859 2524 54 37 the
1931 2524 107 37 centre
2059 2524 39 37 of
2110 2524 54 37 the
2180 2524 105 37 earth.

1264 2577 138 30 ABYSS,
1427 2572 32 37 in
1476 2572 164 37 fcripture,
1665 2572 26 37 is
1708 2572 179 37 fometimes
1903 2572 77 37 ufed
1994 2572 52 37 for
2064 2572 78 37 hell.

1265 2619 138 36 ABYSS,
1429 2618 33 37 in
1489 2618 170 37 antiquity,
1691 2618 20 37 a
1736 2618 91 37 name
1854 2618 93 37 given
1969 2618 35 37 to
2027 2618 55 37 the
2105 2618 118 37 temple
2250 2612 44 45 of

1311 2663 198 37 Proferpine,

1265 2711 139 36 ABYSS,
1430 2704 116 45 among
1561 2704 186 45 alchemifts,
1771 2704 131 45 fignifies
1915 2704 54 45 the
1987 2704 175 45 receptacle
2182 2704 40 45 of
2233 2704 61 45 the

1312 2750 128 45 feminal
1462 2750 128 45 matter,
1615 2750 62 45 and
1700 2750 179 45 fomttimes
1895 2750 55 45 the
1965 2750 128 45 feminal
2115 2750 117 45 matter
2246 2750 43 45 it-

1311 2796 71 45 felf.

1266 2849 267 37 ABYSSINIA,
1565 2849 19 37 a
1606 2849 152 37 kingdom
1785 2849 39 37 of
1847 2849 124 37 Africa,
1996 2849 150 37 bounded
2168 2849 41 37 on
2233 2849 57 37 the

1315 2895 44 37 N.
1378 2895 45 37 by
1438 2895 70 37 that
1534 2895 41 37 of
1598 2895 133 37 Sennar,
1757 2895 36 37 or
1816 2895 131 37 Nubia;
1984 2895 41 37 on
2050 2895 55 37 the
2132 2895 43 37 E.
2204 2895 93 37 part-

1315 2939 34 37 ly
1375 2939 44 37 by
1441 2939 55 37 the
1521 2939 75 37 Red
1619 2939 62 37 fea,
1708 2939 61 37 and
1788 2939 104 37 partly
1918 2939 44 37 by
1984 2939 166 37 Dancala;
2177 2939 41 37 on
2235 2939 56 37 the

1316 2985 61 37 YV,
1400 2985 45 37 by
1466 2985 148 37 Gorham
1631 2985 60 37 and
1707 2985 160 37 Gingirb;
1894 2985 64 37 and
1981 2985 41 37 on
2047 2985 55 37 the
2120 2985 36 37 S.
2174 2985 44 37 by
2243 2985 54 37 A-

1317 3034 73 37 laba
1412 3034 64 37 and
1492 3034 243 37 Ommo-Zaidi.
1794 3034 34 37 It
1851 3034 65 37 was
1942 3034 156 37 formerly
2112 3034 40 37 of
2166 3034 127 37 greater

2181 3071 121 37 extent-
