2428 3377
94 147 82 75 2B6

643 147 42 75 A
800 147 42 75 N
957 147 44 75 A
1114 147 40 75 T

96 211 178 75 eminences
286 211 106 75 which
421 211 111 75 follow
551 211 77 75 each
657 211 94 75 other
767 211 80 75 very
862 211 174 75 regularly,
1059 211 68 75 two

95 260 101 75 large,
213 260 64 75 and
291 260 68 75 two
370 260 102 75 fmall.
519 260 77 75 The
613 260 64 75 firft
693 260 66 75 two
775 260 92 75 great
882 260 178 75 eminences
1073 260 54 75 are

97 299 114 75 named
225 299 133 75 corpora
363 299 128 75 Jlriata
502 299 6 75 •
508 299 4 75 ,
538 299 65 75 and
629 299 55 75 the
701 299 126 75 fecond,
854 299 138 75 thalami
1014 299 112 75 nervo-

101 351 70 75 rum
188 351 188 75 opticorum.
422 351 85 75 The,
516 351 73 75 four
616 351 90 75 fmal!
725 351 180 75 eminences
932 351 55 75 are
1010 351 121 75 clofely.

99 397 109 75 united
224 397 170 75 together;
428 397 56 75 the
506 397 140 75 anterior
667 397 96 75 being
790 397 107 75 called
928 397 105 75 nates,
1067 397 64 75 and

99 444 55 75 the
181 444 152 75 pofterior
351 444 103 75 tejfes.
494 444 224 75 Immediately
732 444 111 75 before
860 444 87 75 thefe
971 444 158 75 tubercles

100 490 91 75 there
207 490 28 75 is
259 490 19 75 a
289 490 95 75 lingle
401 490 175 75 eminence,
601 490 104 75 called
716 490 163 75 glandula
893 490 156 75 pincalis.

148 535 77 75 'Ihe
240 535 133 75 corpora
375 535 129 75 flriata
521 535 57 75 got
593 535 71 75 that
676 535 108 75 name,
798 535 131 75 becaufe
940 535 33 75 in
989 535 144 75 fcraping

102 582 88 75 thrm
213 582 81 75 with
319 582 54 75 the
390 582 89 75 knife
506 582 48 75 we
574 582 85 75 meet
684 582 79 75 with
786 582 18 75 a
824 582 90 75 great
937 582 133 75 number
1098 582 40 75 of

102 628 99 75 white
217 628 63 75 and
295 628 223 75 afh-coloured
541 628 80 75 lines
638 628 190 75 alternately
845 628 156 75 difpofed,
1026 628 107 75 which

103 676 54 75 are
168 676 79 75 only
261 676 57 75 the
333 676 174 75 tranfverfe
527 676 117 75 fe&ion
659 676 40 75 of
717 676 55 75 the
788 676 179 75 medullary
983 676 63 75 and
1062 676 72 75 cor-

104 721 75 75 tical
196 721 135 75 laminse,
356 721 112 75 mixed
482 721 150 75 together
654 721 34 75 in
705 721 19 75 a
733 721 132 75 vertical
882 721 132 75 pofnion
1029 721 34 75 in
1079 721 57 75 the

106 767 78 75 bafis
198 767 39 75 of
249 767 55 75 the
321 767 178 75 cerebrum.

151 813 101 75 They
274 813 42 75 lie
335 813 34 75 in
384 813 55 75 the
456 813 124 75 bottom
605 813 41 75 of
656 813 55 75 the
732 813 141 75 fnpenor
900 813 106 75 cavity
1021 813 42 75 of
1080 813 56 75 the

107 859 111 75 lateral
242 859 181 75 ventricles,
449 859 104 75 which
570 859 79 75 they
666 859 150 75 refemble
836 859 33 75 in
886 859 85 75 feme
994 859 143 75 meafure

109 905 31 75 in
157 905 104 75 fhape,
286 905 85 75 their
391 905 139 75 anterior
543 905 85 75 parts
645 905 95 75 being
756 905 75 75 near
848 905 55 75 the
919 905 122 75 feptum
1057 905 80 75 luci-

109 951 89 75 dum,
224 951 83 75 from
334 951 103 75 which
463 951 78 75 they
565 951 141 75 feparate
733 951 168 75 gradually
925 951 33 75 as
987 951 77 75 they
1081 951 59 75 run

108 997 183 75 backward,
318 997 61 75 and
395 997 145 75 diminifh
557 997 32 75 in
602 997 76 75 fize.

156 1044 77 75 The
249 1044 137 75 tbalami
402 1044 170 75 vsrvorum
588 1044 177 75 opiicorum
788 1044 53 75 are
865 1044 34 75 fo
930 1044 127 75 named,
1083 1044 56 75 be-

111 1090 90 75 caufe
233 1090 89 75 thefe
347 1090 111 75 nerves
482 1090 82 75 arife
583 1090 117 75 chiefly
716 1090 84 75 from
818 1090 100 75 them.
965 1090 100 75 They
1087 1090 54 75 are

111 1132 67 75 two
194 1132 88 75 large
306 1132 179 75 eminences
513 1132 114 75 placed
642 1132 43 75 by
702 1132 56 75 the
785 1132 63 75 fide
873 1132 39 75 of
931 1132 80 75 each
1034 1132 106 75 other,

111 1182 145 75 between
289 1182 55 75 the
377 1182 153 75 pofterior
560 1182 141 75 portions
729 1182 37 75 or
791 1182 201 75 extremities
1025 1182 40 75 of
1087 1182 55 75 the

115 1228 116 75 copora
255 1228 121 75 ftriata.
424 1228 105 75 Their
555 1228 101 75 figure
682 1228 26 75 is
737 1228 268 75 femi-fpheroidal
1034 1228 63 75 and
1124 1228 19 75 a

115 1275 84 75 little
216 1275 91 75 oval;
333 1275 63 75 and
411 1275 77 75 they
506 1275 51 75 are
570 1275 41 75 of
629 1275 20 75 a
664 1275 123 75 whitifli
805 1275 112 75 colour
934 1275 43 75 on
994 1275 55 75 the
1075 1275 67 75 fur-

114 1321 71 75 face
199 1321 11 75 ;
236 1321 58 75 but
305 1321 83 75 their
403 1321 91 75 inner
505 1321 164 75 fuhftance
680 1321 27 75 is
719 1321 107 75 partly
841 1321 125 75 greyilh
977 1321 65 75 and
1056 1321 87 75 part-

116 1367 37 75 ly
170 1367 113 75 white.

162 1413 108 75 Thefe
293 1413 66 75 two
376 1413 177 75 eminences
568 1413 55 75 are
630 1413 126 75 .clofely
770 1413 111 75 joined
897 1413 159 75 together,
1082 1413 63 75 and

117 1456 32 75 at
164 1456 88 75 their
265 1456 123 75 convex
404 1456 72 75 part
498 1456 78 75 they
592 1456 53 75 are
668 1456 35 75 fe
719 1456 49 75 far
793 1456 111 75 united
927 1456 34 75 as
984 1456 101 75 really
1109 1456 35 75 to

119 1505 129 75 become
264 1505 61 75 one
341 1505 104 75 body,
464 1505 58 75 the
532 1505 124 75 whitifli
673 1505 93 75 outer
781 1505 161 75 fubftanCe
959 1505 95 75 being
1069 1505 76 75 con-

120 1552 109 75 tinued
245 1552 174 75 uniformly
434 1552 76 75 over
527 1552 88 75 them
629 1552 90 75 both.

167 1596 220 75 Immediately
395 1596 111 75 within
519 1596 64 75 this
600 1596 122 75 whitiih
733 1596 146 75 common
888 1596 159 75 fubftance
1059 1596 88 75 thefe

119 1645 65 75 two
220 1645 175 75 eminences
429 1645 52 75 are
510 1645 117 75 clofely
665 1645 188 75 contiguous
881 1645 50 75 till
963 1645 99 75 about
1092 1645 56 75 the

122 1689 118 75 middle
257 1689 40 75 of
315 1689 84 75 their
425 1689 159 75 thicknefs
598 1689 9 75 ;
635 1689 62 75 and
724 1689 85 75 from
830 1689 113 75 thence
967 1689 77 75 they
1060 1689 87 75 fepa-

123 1737 66 75 rate
205 1737 165 75 infenfibly
396 1737 126 75 toward
545 1737 56 75 the
627 1737 139 75 bottom,
790 1737 108 75 where
920 1737 44 75 by
980 1737 56 75 the
1057 1737 91 75 fpace

120 1782 62 75 left
206 1782 147 75 between
381 1782 86 75 them
493 1782 18 75 a
533 1782 172 75 particular
721 1782 89 75 canal
826 1782 27 75 is
871 1782 137 75 formed,
1034 1782 115 75 named

125 1830 52 75 the
194 1830 87 75 third
297 1830 164 75 ventricle,
486 1830 60 75 one
571 1830 174 75 extremity
768 1830 39 75 of
826 1830 107 75 which
957 1830 98 75 opens
1080 1830 68 75 for-

122 1875 101 75 ward,
249 1875 55 75 the
320 1875 94 75 other
433 1875 182 75 backward.

170 1921 48 75 At
234 1921 56 75 the
299 1921 129 75 bottom
434 1921 86 75 thefe
529 1921 65 75 two
606 1921 175 75 eminences
794 1921 53 75 are
859 1921 169 75 elongated
1039 1921 111 75 down-

123 1967 89 75 ward
227 1967 125 75 toward
377 1967 83 75 both
478 1967 92 75 fides,
594 1967 69 75 into
677 1967 65 75 two
759 1967 102 75 thick,
886 1967 116 75 round,
1026 1967 127 75 whitifh

125 2013 106 75 cords,
255 2013 106 75 which
378 2013 140 75 feparate
545 2013 84 75 from
652 2013 78 75 each
746 2013 93 75 other
854 2013 64 75 like
940 2013 112 75 horns,
1075 2013 44 75 by
1136 2013 20 75 a

125 2059 88 75 large
240 2059 187 75 curvature;
454 2059 62 75 and
542 2059 186 75 afterwards
755 2059 44 75 by
826 2059 19 75 a
871 2059 88 75 final]
987 2059 168 75 curvature

127 2104 113 75 turned
269 2104 140 75 forward
436 2104 32 75 in
497 2104 38 75 an
563 2104 139 75 oppofite
730 2104 153 75 direftion
898 2104 36 75 to
950 2104 56 75 the
1022 2104 133 75 former,

126 2152 61 75 and
204 2152 214 75 reprefenting
432 2152 57 75 the
505 2152 47 75 tip
568 2152 45 75 of
631 2152 38 75 an
692 2152 95 75 horn,
811 2152 79 75 they
906 2152 157 75 approach
1078 2152 79 75 each

128 2197 92 75 other
237 2197 104 75 again.
388 2197 78 75 The
482 2197 62 75 file
568 2197 40 75 of
630 2197 88 75 thefe
739 2197 94 75 ropes
846 2197 183 75 diminiflies
1042 2197 116 75 gradu-

128 2243 64 75 ally
209 2243 180 75 frora.*their
404 2243 103 75 origin
518 2243 36 75 to
570 2243 84 75 their
673 2243 139 75 anterior
828 2243 144 75 reunion.

176 2288 78 75 The
267 2288 160 75 tubercles
453 2288 52 75 are
532 2288 73 75 four
628 2288 31 75 in
677 2288 144 75 number,
847 2288 66 75 two
929 2288 151 75 anterior,
1098 2288 63 75 and

130 2335 66 75 two
212 2335 173 75 pofterior;
411 2335 154 75 adhering
575 2335 150 75 together
738 2335 33 75 as
787 2335 31 75 if
829 2335 77 75 they
922 2335 93 75 made
1030 2335 58 75 but
1100 2335 60 75 one

132 2381 100 75 body,
248 2381 136 75 fituated
397 2381 124 75 behind
530 2381 57 75 the
603 2381 99 75 union
727 2381 43 75 of
774 2381 54 75 the
844 2381 132 75 thalami
991 2381 170 75 nervorum

133 2427 199 75 opticorum..
371 2427 105 75 Their
492 2427 121 75 forface
629 2427 27 75 is
679 2427 111 75 v/hite,
808 2427 62 75 and
886 2427 84 75 their
984 2427 90 75 inner
1089 2427 73 75 fub-

134 2471 101 75 iiance
258 2471 142 75 greyifh,.
417 2471 62 75 and
506 2471 52 75 are
586 2471 103 75 called
705 2471 91 75 nates
812 2471 63 75 and
890 2471 103 75 tejtcs.

183 2517 146 75 Diredly
347 2517 101 75 under
463 2517 55 75 the
547 2517 88 75 place
659 2517 107 75 where
788 2517 55 75 the
860 2517 158 75 tubercles
1044 2517 41 75 of
1102 2517 61 75 one

137 2565 63 75 Cde
212 2565 52 75 are
280 2565 110 75 united
407 2565 37 75 to
454 2565 89 75 thefo
555 2565 39 75 of
605 2565 55 75 the
673 2565 92 75 other
776 2565 76 75 fide,
877 2565 57 75 lies
950 2565 19 75 a
979 2565 96 75 finalf
1080 2565 82 75 mid-

137 2610 51 75 dle
205 2610 105 75 canal,
333 2610 111 75 which
454 2610 247 75 communicates
723 2610 44 75 by
792 2610 42 75 its
858 2610 138 75 anterior
1024 2610 139 75 opening

137 2655 78 75 with
230 2655 55 75 the
300 2655 89 75 third
404 2655 163 75 ventricle,
591 2655 102 75 under
703 2655 56 75 the
775 2655 130 75 ihalami
921 2655 169 75 nervorum
1107 2655 56 75 op-

138 2700 148 75 ticorum,
310 2700 63 75 and
395 2700 44 75 by
465 2700 41 75 its
528 2700 152 75 pofterior
706 2700 139 75 opening
865 2700 78 75 with
969 2700 55 75 the
1052 2700 111 75 fourth

138 2747 164 75 ventricle,
324 2747 112 75 which
455 2747 132 75 belongs
603 2747 37 75 to
654 2747 56 75 the
726 2747 203 75 cerebellum.

185 2794 123 75 Where
325 2794 54 75 the
404 2794 123 75 convex
543 2794 85 75 parts
645 2794 39 75 of
696 2794 56 75 the
767 2794 65 75 two
849 2794 140 75 anterior
1005 2794 157 75 tubercles

136 2841 67 75 join
219 2841 87 75 thefe
323 2841 151 75 pofterior
489 2841 123 75 convex
624 2841 86 75 parts
727 2841 39 75 of
777 2841 56 75 the
849 2841 130 75 thalarai
996 2841 168 75 nervorum

140 2884 186 75 opticorum,
352 2884 38 75 an
407 2884 156 75 interftice
585 2884 38 75 or
649 2884 137 75 opening
800 2884 26 75 is
842 2884 60 75 left
916 2884 144 75 between
1077 2884 87 75 thefe

140 2931 72 75 four
229 2931 192 75 convexities
438 2931 104 75 which
560 2931 244 75 communicates
816 2931 78 75 with
911 2931 55 75 the
982 2931 90 75 third
1086 2931 76 75 ven-

140 2978 105 75 tricle,
270 2978 62 75 and
347 2978 77 75 with
441 2978 57 75 the
519 2978 92 75 fmall
625 2978 117 75 middle
759 2978 101 75 canal.
908 2978 125 75 Inftead
1048 2978 41 75 of
1107 2978 57 75 the

1270 143 42 75 O
1428 143 49 75 M
1594 143 53 75 T.

2007 143 99 75 Part
2120 143 72 75 VI.

1174 206 173 75 ridiculous
1364 206 91 75 name
1471 206 41 75 of
1522 206 95 75 anus,
1643 206 106 75 which
1769 206 57 75 has
1841 206 80 75 been
1939 206 93 75 given
2051 206 35 75 to
2102 206 64 75 this
2178 206 36 75 o-

1176 252 128 75 pening,
1328 252 26 75 it
1370 252 74 75 may
1472 252 40 75 be
1539 252 104 75 called
1649 252 156 75 foramen
1821 252 163 75 commune
1996 252 171 75 pojierius.

1221 298 78 75 The
1315 298 152 75 gkndula
1482 298 136 75 pinealis
1642 298 27 75 is
1697 298 18 75 a
1732 298 89 75 fmall
1836 298 64 75 foft
1917 298 122 75 greyifh
2056 298 100 75 body,
2181 298 34 75 a-

1176 344 80 75 bout
1273 344 55 75 the
1345 344 62 75 frze
1427 344 39 75 of
1486 344 39 75 an
1542 344 152 75 ordinary
1709 344 70 75 pea,
1804 344 190 75 irregularly
2013 344 114 75 round,
2153 344 64 75 and

1170 389 186 75 jiflmetimes
1374 389 40 75 of
1425 389 55 75 the
1497 389 101 75 figure
1619 389 41 75 of
1677 389 20 75 a
1724 389 72 75 pine
1813 389 104 75 apple,
1942 389 134 75 fituated
2098 389 120 75 behind

1179 437 55 75 the
1261 437 132 75 thalami
1420 437 169 75 nervorum
1616 437 192 75 opticorum,
1841 437 100 75 above
1969 437 54 75 the
2052 437 167 75 tubercula

1181 483 253 75 quadrigemina.
1483 483 33 75 It
1531 483 27 75 is
1575 483 88 75 fixed
1678 483 65 75 like
1756 483 18 75 a
1784 483 90 75 finall
1886 483 115 75 button
2019 483 36 75 to
2070 483 55 75 the
2138 483 80 75 low-

1180 529 34 75 er
1231 529 72 75 part
1319 529 39 75 of
1382 529 56 75 the
1454 529 131 75 thalami
1602 529 43 75 by
1671 529 67 75 two
1753 529 78 75 very
1850 529 101 75 white
1967 529 180 75 medullary
2163 529 55 75 pe-

1181 575 143 75 dunculi,
1350 575 106 75 which
1484 575 33 75 at
1542 575 55 75 the
1624 575 96 75 gland
1745 575 53 75 are
1824 575 79 75 very
1925 575 74 75 near
2016 575 77 75 each
2110 575 107 75 other,

1182 621 58 75 but
1256 621 141 75 feparate
1416 621 110 75 almoft
1543 621 207 75 tranfverfely
1767 621 125 75 toward
1907 621 56 75 the
1978 621 145 75 thalami.

1229 668 32 75 It
1276 668 99 75 feems
1392 668 37 75 to
1443 668 40 75 be
1511 668 114 75 moftly
1652 668 39 75 of
1714 668 19 75 a
1755 668 136 75 cortical
1906 668 172 75 fobftance,
2102 668 119 75 except

1183 714 75 75 near
1274 714 55 75 the
1346 714 179 75 footftalks,
1550 714 106 75 where
1674 714 25 75 it
1722 714 26 75 is
1754 714 190 75 Something
1958 714 190 75 medullary.

1231 760 152 75 Between
1399 760 56 75 the
1471 760 79 75 bafis
1574 760 40 75 of
1632 760 55 75 the
1704 760 141 75 anterior
1858 760 94 75 pillar
1968 760 43 75 of
2024 760 56 75 the
2098 760 124 75 fornix,

1185 807 60 75 and
1262 807 55 75 the
1334 807 139 75 anterior
1499 807 72 75 part
1588 807 39 75 of
1645 807 56 75 the
1723 807 97 75 union
1848 807 41 75 of
1899 807 56 75 the
1971 807 86 75 optic
2073 807 146 75 thalami,

1183 853 57 75 lies
1268 853 19 75 a
1314 853 107 75 cavity
1446 853 38 75 or
1511 853 112 75 foftiila
1650 853 115 75 named
1792 853 255 75 infundibulum.
2097 853 31 75 It
2145 853 75 75 runs

1185 898 94 75 down
1296 898 141 75 towards
1453 898 55 75 the
1523 898 79 75 bafis
1618 898 41 75 of
1669 898 55 75 the
1742 898 178 75 cerebrum,
1937 898 195 75 contra&ing
2149 898 72 75 gra-

1187 945 121 75 dually,
1333 945 63 75 and
1411 945 185 75 tenpinates
1624 945 34 75 in
1684 945 20 75 a
1731 945 131 75 ftreight
1889 945 123 75 courfe,
2036 945 44 75 by
2097 945 19 75 a
2131 945 90 75 fmall

1186 990 227 75 membranous,
1424 990 103 75 canal,
1552 990 33 75 in
1602 990 18 75 a
1635 990 110 75 foftifh
1760 990 88 75 body
1863 990 135 75 fituated
2013 990 32 75 in
2073 990 57 75 the
2145 990 80 75 fella

1187 1037 134 75 turcica,
1346 1037 114 75 n&mtA
1469 1037 163 75 glandula
1642 1037 198 75 pituitaria.
1888 1037 78 75 The
1987 1037 238 75 infundibulum

1189 1084 97 75 opens
1303 1084 113 75 above,
1440 1084 218 75 immediately
1685 1084 111 75 before
1823 1084 56 75 the
1906 1084 88 75 optic
2010 1084 142 75 thalami,
2179 1084 46 75 by

1189 1130 39 75 an
1244 1130 72 75 oval
1333 1130 74 75 hole
1420 1130 114 75 named
1541 1130 157 75 foramen
1714 1130 161 75 commune
1886 1130 161 75 anterius,
2073 1130 63 75 and
2147 1130 76 75 con-

1188 1175 167 75 fequently
1372 1175 245 75 communicates
1629 1175 79 75 with
1721 1175 55 75 the
1792 1175 113 75 lateral
1923 1175 181 75 ventricles.

1237 1221 47 75 At
1300 1221 55 75 the
1372 1221 98 75 lower
1486 1221 71 75 part
1574 1221 40 75 of
1632 1221 55 75 the
1699 1221 130 75 thalami
1845 1221 168 75 nervorum
2030 1221 193 75 opticorum,

1190 1268 132 75 dire&ly
1338 1268 101 75 under
1454 1268 84 75 their
1554 1268 109 75 union,
1688 1268 58 75 lies
1770 1268 18 75 a
1804 1268 172 75 particular
1992 1268 102 75 canal,
2120 1268 105 75 called

1191 1314 55 75 the
1262 1314 93 75 third
1368 1314 158 75 ventricle
1538 1314 40 75 of
1596 1314 55 75 the
1664 1314 177 75 cerebrum.

1237 1361 89 75 This
1339 1361 89 75 canal
1445 1361 101 75 opens,
1554 1361 142 75 forward
1714 1361 69 75 into
1799 1361 55 75 the
1871 1361 236 75 infundibulum
2123 1361 101 75 under

1192 1406 54 75 the
1259 1406 142 75 foramen
1417 1406 168 75 commune
1596 1406 152 75 anterius,
1772 1406 46 75 by
1828 1406 108 75 which
1945 1406 25 75 it
1987 1406 138 75 likewife
2137 1406 89 75 com-

1193 1453 173 75 municates
1383 1453 78 75 with
1477 1453 56 75 the
1548 1453 111 75 lateral
1672 1453 183 75 ventricles.
1903 1453 33 75 It
1949 1453 96 75 opens
2054 1453 173 75 backward

1193 1497 100 75 unde?
1308 1497 55 75 the
1380 1497 143 75 foramen
1548 1497 167 75 commune
1731 1497 166 75 pofterius,
1922 1497 143 75 between
2083 1497 54 75 the
2153 1497 73 75 tha-

1193 1545 73 75 lami
1295 1545 62 75 and
1382 1545 168 75 tubercula
1576 1545 251 75 quadrigemina,
1852 1545 140 75 oppofite
2014 1545 36 75 to
2067 1545 54 75 the
2136 1545 93 75 final!

1194 1591 118 75 middle
1329 1591 91 75 canal
1435 1591 105 75 which
1558 1591 77 75 goes
1651 1591 35 75 to
1703 1591 54 75 the
1773 1591 207 75 cerebellum.

1240 1638 76 75 The
1332 1638 115 75 plexus
1463 1638 169 75 choroides
1652 1638 29 75 is
1708 1638 19 75 a
1753 1638 76 75 very
1846 1638 60 75 fine
1925 1638 142 75 vafcular
2083 1638 143 75 texture,

1194 1683 163 75 confifting
1373 1683 40 75 of
1431 1683 19 75 a
1466 1683 90 75 great
1569 1683 135 75 number
1725 1683 40 75 of
1784 1683 129 75 arterial,
1927 1683 60 75 and
2003 1683 91 75 venal
2110 1683 117 75 ramifi-

1195 1730 135 75 cations,
1355 1730 106 75 partly
1476 1730 156 75 collefted
1647 1730 32 75 in
1702 1730 68 75 two
1782 1730 87 75 loofe
1884 1730 11 75 f
1900 1730 140 75 afciculi,
2063 1730 104 75 which
2186 1730 42 75 lie

1196 1776 59 75 one
1282 1776 32 75 in
1342 1776 81 75 each
1449 1776 112 75 lateral
1579 1776 165 75 ventricle,
1769 1776 62 75 and
1847 1776 105 75 partly
1968 1776 168 75 expanded
2151 1776 80 75 over

1196 1823 55 75 the
1267 1823 231 75 neighbouring
1513 1823 105 75 parts,
1638 1823 62 75 and
1712 1823 149 75 covering
1872 1823 34 75 in
1921 1823 17 75 a
1954 1823 170 75 particular
2140 1823 89 75 man-

1197 1867 55 75 ner
1268 1867 55 75 the
1340 1867 131 75 thalami
1495 1867 170 75 nervorum
1692 1867 191 75 opticorum,
1908 1867 150 75 glandula
2083 1867 150 75 pinealis,

1197 1914 165 75 tubercula
1389 1914 250 75 quadrigemina,
1671 1914 63 75 arid
1763 1914 57 75 the
1847 1914 95 75 other
1968 1914 146 75 adjacent
2141 1914 87 75 parts

1198 1959 79 75 both
1306 1959 41 75 of
1364 1959 55 75 the
1446 1959 165 75 cerebrum
1639 1959 63 75 and
1728 1959 207 75 cerebellum,
1960 1959 35 75 to
2021 1959 44 75 all
2081 1959 105 75 which
2202 1959 28 75 it

1200 2005 145 75 adheres.

1248 2051 75 75 The
1340 2051 153 75 pituitary
1509 2051 96 75 gland
1620 2051 26 75 is
1668 2051 18 75 a
1702 2051 91 75 fmall
1815 2051 121 75 fpongy
1955 2051 88 75 body
2062 2051 118 75 lodged
2195 2051 34 75 in

1203 2098 55 75 the
1269 2098 77 75 fella
1360 2098 122 75 turcica
1496 2098 145 75 between
1658 2098 55 75 the
1730 2098 185 75 fphenoidal
1929 2098 85 75 folds
2031 2098 40 75 of
2082 2098 55 75 the
2149 2098 82 75 dura

1204 2144 114 75 mater.
1365 2144 36 75 It
1415 2144 33 75 is
1459 2144 41 75 of
1506 2144 18 75 a
1535 2144 134 75 lingular
1681 2144 79 75 kind
1769 2144 39 75 of
1819 2144 172 75 fubftance,
2014 2144 105 75 which
2131 2144 99 75 feems

1205 2190 35 75 to
1263 2190 40 75 be
1327 2190 123 75 neither
1466 2190 177 75 medullary
1660 2190 59 75 nor
1734 2190 177 75 glandular.
1960 2190 54 75 On
2036 2190 57 75 the
2109 2190 121 75 outfide

1205 2237 26 75 it
1247 2237 29 75 is
1290 2237 105 75 partly
1411 2237 121 75 greyilh
1556 2237 63 75 and
1634 2237 106 75 partly
1758 2237 136 75 reddilh,
1911 2237 61 75 and
1984 2237 97 75 white
2106 2237 125 75 within.

1208 2282 30 75 It
1257 2282 26 75 is
1299 2282 209 75 tranfverfely
1524 2282 73 75 oval
1620 2282 36 75 or
1678 2282 132 75 oblong,
1835 2282 63 75 and
1914 2282 41 75 on
1972 2282 54 75 the
2046 2282 99 75 lower
2161 2282 72 75 part

1207 2329 33 75 in
1256 2329 86 75 feme
1361 2329 134 75 fubjefts
1511 2329 26 75 it
1552 2329 27 75 is
1596 2329 129 75 divided
1753 2329 44 75 by
1814 2329 19 75 a
1847 2329 93 75 final!
1964 2329 102 75 notch
2080 2329 68 75 into
2165 2329 69 75 two

1208 2377 103 75 lobes,
1342 2377 64 75 like
1438 2377 18 75 a
1478 2377 229 75 kidney-bean.
1764 2377 32 75 It
1821 2377 26 75 is
1880 2377 137 75 covered
2038 2377 43 75 by
2104 2377 54 75 the
2180 2377 54 75 pia

1208 2421 101 75 mater
1326 2421 33 75 as
1383 2421 44 75 by
1442 2421 19 75 a
1483 2421 77 75 bag,
1582 2421 55 75 the
1660 2421 138 75 opening
1821 2421 44 75 of
1880 2421 104 75 which
2006 2421 27 75 is
2049 2421 55 75 the
2121 2421 111 75 extre-

1208 2469 81 75 mity
1311 2469 40 75 of
1370 2469 54 75 the
1446 2469 247 75 infundibulum,
1719 2469 62 75 and
1805 2469 25 75 it
1854 2469 27 75 is
1905 2469 194 75 furrounded
2116 2469 43 75 by
2176 2469 57 75 the

1207 2515 90 75 fmall
1313 2515 133 75 circular
1460 2515 115 75 finufes
1590 2515 107 75 which
1713 2515 230 75 communicate
1966 2515 80 75 with
2072 2515 56 75 the
2149 2515 82 75 finus

1207 2560 177 75 cavernofi,

1477 2660 488 75 CEREBELLUM.

1254 2741 85 75 The
1358 2741 190 75 cerebellum
1560 2741 27 75 is
1604 2741 166 75 contained
1788 2741 100 75 under
1901 2741 54 75 the
1975 2741 172 75 tranfverfe
2162 2741 72 75 fep-

1209 2788 69 75 tum
1301 2788 39 75 of
1351 2788 55 75 the
1422 2788 80 75 dura
1517 2788 114 75 mater.
1680 2788 32 75 It
1729 2788 26 75 is
1776 2788 138 75 broader
1933 2788 148 75 laterally
2098 2788 75 75 than
2191 2788 41 75 on

1209 2833 55 75 the
1288 2833 70 75 fore
1385 2833 38 75 or
1439 2833 81 75 back
1546 2833 90 75 fides,
1661 2833 111 75 flatted
1796 2833 40 75 on
1861 2833 56 75 the
1941 2833 99 75 upper
2064 2833 74 75 fide,
2170 2833 65 75 and

1210 2878 109 75 gently
1345 2878 140 75 inclined
1511 2878 190 75 both?ways,
1734 2878 191 75 anfwerable
1952 2878 36 75 to
2016 2878 55 75 the
2094 2878 136 75 feptum,

1210 2925 104 75 which
1338 2925 102 75 ferves
1467 2925 25 75 it
1517 2925 33 75 as
1579 2925 18 75 a
1624 2925 77 75 kind
1721 2925 42 75 of
1782 2925 69 75 tent
1875 2925 37 75 or
1929 2925 125 75 deling.
2104 2925 53 75 On
2176 2925 55 75 the

1209 2972 99 75 fewer
1322 2972 65 75 fide
1395 2972 29 75 it
1433 2972 27 75 is
1477 2972 160 75 rounder;
1661 2972 61 75 and
1733 2972 43 75 on
1787 2972 54 75 the
1856 2972 82 75 back
1941 2972 60 75 fide
2017 2972 26 75 it
2060 2972 26 75 is
2102 2972 132 75 divided
2164 3010 73 75 into-.
