2443 3377
195 253 20 49 3
215 221 63 75 5o

709 221 44 75 A
809 221 38 75 R
905 221 37 75 C
1001 221 43 75 H
1102 221 19 75 I
1179 221 41 75 T

197 292 102 75 third,
317 292 186 75 fupporting
518 292 162 75 buildings
697 292 40 75 of
749 292 18 75 a
783 292 112 75 mixed
911 292 124 75 nature.
1087 292 46 75 So
1150 292 84 75 that,

198 338 31 75 if
248 338 188 75 domination
453 338 92 75 alone
566 338 27 75 is
617 338 36 75 to
677 338 40 75 be
745 338 169 75 regarded,
938 338 56 75 the
1009 338 174 75 Tufcands
1202 338 40 75 of

199 385 57 75 the
274 385 82 75 fame
377 385 96 75 order
490 385 79 75 with
586 385 55 75 the
658 385 119 75 Doric,
802 385 63 75 and
880 385 57 75 the
956 385 84 75 Com
1043 385 97 75 polite
1157 385 79 75 with

199 432 57 75 the
272 432 206 75 Corinthian.

246 479 77 75 The
346 479 183 75 ornaments
547 479 40 75 of
596 479 88 75 thefe
701 479 92 75 three
809 479 113 75 orders
933 479 103 75 ought
1049 479 35 75 to
1101 479 40 75 be
1158 479 77 75 Hik-

200 524 41 75 ed
258 524 34 75 to
308 524 55 75 the
380 524 151 75 purpofes
554 524 53 75 for
624 524 103 75 which
745 524 78 75 they
846 524 53 75 are
923 524 167 75 intended.
1140 524 94 75 Plain

199 572 64 75 and
286 572 95 75 rulhc
404 572 183 75 ornaments
613 572 108 75 would
743 572 40 75 be
811 572 57 75 not
897 572 19 75 a
937 572 87 75 little
1051 572 184 75 difcordant

199 618 81 75 with
297 618 56 75 the
369 618 149 75 elegance
534 618 41 75 of
586 618 54 75 the
650 618 193 75 Corinthian
859 618 109 75 order,
985 618 63 75 and
1064 618 94 75 fweet
1172 618 63 75 and

199 665 138 75 delicate
349 665 182 75 ornaments
544 665 56 75 not
614 665 58 75 lefs
686 665 78 75 with
777 665 56 75 the
844 665 140 75 ftrength
998 665 41 75 of
1049 665 56 75 the
1115 665 117 75 Doric.

248 711 97 75 With
372 711 117 75 refpedt
511 711 36 75 to
572 711 162 75 buildings
763 711 39 75 of
825 711 97 75 every
947 711 90 75 kind,
1063 711 61 75 one
1151 711 82 75 rule,

201 759 141 75 ditfhted
358 759 42 75 by
414 759 121 75 utility,
552 759 40 75 is,
610 759 71 75 that
692 759 78 75 they
786 759 40 75 be
838 759 72 75 firm
928 759 61 75 and
1006 759 109 75 liable.
1163 759 71 75 An-

805 936 29 75 S

980 936 44 75 E

1168 936 39 75 C

420 1045 90 75 OF
551 1045 603 75 ARCHITECTURE
1190 1045 83 75 AS

328 1172 64 75 Of
411 1172 66 75 the
508 1172 193 75 Origin
731 1172 373 75 o/’Buildings.

200 1261 290 75 "OUixdings,
508 1261 31 75 in
552 1261 56 75 the
618 1261 64 75 firft
694 1261 75 75 ages
786 1261 40 75 of
837 1261 133 75 fociety,
986 1261 148 75 behoved
1149 1261 34 75 to
1194 1261 41 75 be

295 1310 179 75 extremely
490 1310 92 75 rude.
621 1310 78 75 The
715 1310 65 75 firft
795 1310 77 75 huts
889 1310 84 75 were
989 1310 159 75 probably
1165 1310 40 75 of
1217 1310 18 75 a

198 1355 95 75 conic
306 1355 112 75 figure,
443 1355 94 75 being
557 1355 54 75 the
628 1355 80 75 moft
724 1355 121 75 fimple,
871 1355 62 75 and
960 1355 67 75 belt
1044 1355 137 75 adapted
1198 1355 35 75 to

197 1402 58 75 the
271 1402 162 75 materials
449 1402 71 75 that
537 1402 96 75 could
649 1402 39 75 be
706 1402 151 75 obtained
873 1402 32 75 in
929 1402 76 75 fuch
1030 1402 40 75 an
1094 1402 138 75 unculti-

198 1449 100 75 vated
324 1449 78 75 ftate
427 1449 40 75 of
485 1449 134 75 fociety.
684 1449 113 75 Thefe
820 1449 75 75 huts
924 1449 86 75 were
1038 1449 127 75 formed
1197 1449 41 75 of

197 1496 154 75 branches
369 1496 40 75 of
420 1496 97 75 trees,
543 1496 138 75 covered
697 1496 79 75 with
792 1496 105 75 reeds,
922 1496 120 75 leaves,
1068 1496 62 75 and
1147 1496 83 75 clay.

244 1542 80 75 But,
349 1542 121 75 finding
485 1542 56 75 the
557 1542 91 75 conic
662 1542 100 75 figure
778 1542 234 75 inconvenient,
1037 1542 42 75 on
1096 1542 135 75 account

196 1589 41 75 of
248 1589 42 75 its
307 1589 139 75 inclined
473 1589 92 75 fides,
589 1589 80 75 they
693 1589 146 75 changed
853 1589 26 75 it
895 1589 69 75 into
981 1589 18 75 a
1015 1589 124 75 cubical
1156 1589 74 75 one,

196 1634 33 75 in
241 1634 63 75 -the
322 1634 166 75 following
511 1634 152 75 manner:
689 1634 100 75 They
805 1634 88 75 fixed
910 1634 31 75 in
958 1634 56 75 the
1031 1634 128 75 ground
1181 1634 48 75 fe-

194 1683 89 75 veral
298 1683 130 75 upright
445 1683 85 75 trees
545 1683 36 75 to
597 1683 85 75 form
698 1683 55 75 the
769 1683 91 75 lides,
885 1683 102 75 filling
1006 1683 55 75 the
1077 1683 152 75 intervals

195 1728 146 75 between
354 1728 88 75 them
459 1728 79 75 with
554 1728 154 75 branches
726 1728 118 75 clofely
859 1728 209 75 interwoven,
1095 1728 62 75 and
1173 1728 54 75 co-

195 1775 98 75 vered
310 1775 79 75 with
406 1775 85 75 clay.
538 1775 77 75 The
632 1775 80 75 lides
726 1775 95 75 being
832 1775 75 75 thus
924 1775 211 75 compleated,
1153 1775 76 75 four

194 1822 90 75 large
301 1822 107 75 beams
432 1822 83 75 were
531 1822 114 75 placed
660 1822 42 75 on
729 1822 56 75 the
802 1822 130 75 upright
947 1822 126 75 trunks,
1106 1822 120 75 which,

195 1867 96 75 being
310 1867 69 75 well
394 1867 113 75 joined
526 1867 33 75 at
575 1867 57 75 the
648 1867 121 75 angles,
786 1867 78 75 kept
881 1867 54 75 the
951 1867 80 75 fides
1051 1867 72 75 firm
1137 1867 10 75 ;
1167 1867 64 75 and

192 1914 144 75 likewife
352 1914 111 75 ferved
479 1914 35 75 to
530 1914 130 75 fupport
676 1914 55 75 the
746 1914 84 75 roof,
856 1914 106 75 which
978 1914 66 75 was
1060 1914 171 75 compofed

195 1961 41 75 of
247 1961 97 75 many
355 1961 106 75 joifts,
485 1961 140 75 covered
640 1961 79 75 with
743 1961 105 75 reeds,
873 1961 119 75 leaves,
1018 1961 63 75 and
1097 1961 84 75 clay.

245 2007 47 75 As
310 2007 72 75 men
397 2007 167 75 improved
579 2007 34 75 in
628 2007 57 75 the
702 2007 49 75 art
767 2007 40 75 of
818 2007 156 75 building,
993 2007 70 75 new
1079 2007 149 75 methods

196 2054 41 75 of
253 2054 170 75 rendering
445 2054 84 75 their
552 2054 75 75 huts
653 2054 114 75 lafting
783 2054 62 75 and
860 2054 173 75 handfome
1054 2054 85 75 were
1154 2054 73 75 gra-

195 2099 111 75 dually
321 2099 165 75 invented.
530 2099 100 75 Thfy
646 2099 80 75 took
742 2099 52 75 off
812 2099 56 75 the
883 2099 80 75 bark
980 2099 63 75 and
1058 2099 93 75 other
1169 2099 55 75 un-

196 2146 178 75 evennefies
391 2146 85 75 from
493 2146 56 75 the
566 2146 112 75 trunks
701 2146 41 75 of
760 2146 55 75 the
840 2146 84 75 trees
941 2146 72 75 that
1029 2146 125 75 formed
1171 2146 56 75 the

194 2193 95 75 lides,
314 2193 63 75 and
393 2193 102 75 raifed
510 2193 89 75 them
625 2193 99 75 above
752 2193 56 75 the
833 2193 64 75 dirt
926 2193 41 75 on
986 2193 114 75 ftones.
1149 2193 78 75 The

194 2239 107 75 fpaces
319 2239 143 75 between
480 2239 55 75 the
552 2239 77 75 ends
647 2239 40 75 of
706 2239 56 75 the
785 2239 91 75 joifts
900 2239 85 75 were
1012 2239 107 75 clofed
1147 2239 80 75 with

195 2286 85 75 clay,
298 2286 66 75 and
369 2286 56 75 the
441 2286 78 75 ends
531 2286 40 75 of
582 2286 87 75 them
681 2286 85 75 were
778 2286 137 75 covered
926 2286 79 75 with
1014 2286 69 75 thin
1095 2286 132 75 boards,

196 2331 55 75 cut
271 2331 32 75 in
322 2331 58 75 the
396 2331 84 75 form
497 2331 41 75 of
547 2331 173 75 triglyphs,
746 2331 65 75 «Sr<r.

244 2378 97 75 From
362 2378 65 75 this
442 2378 108 75 fimple
566 2378 207 75 conftr.u&ion
799 2378 57 75 the
877 2378 151 75 different
1056 2378 112 75 orders
1193 2378 42 75 of

193 2424 212 75 architedhire
421 2424 79 75 took
516 2424 85 75 their
624 2424 71 75 rife.
744 2424 111 75 When
883 2424 162 75 buildings
1072 2424 40 75 of
1134 2424 94 75 wood

193 2472 86 75 were
295 2472 65 75 laid
377 2472 95 75 afide,
496 2472 76 75 they
589 2472 157 75 imitated,
771 2472 31 75 in
827 2472 85 75 their
934 2472 126 75 edifices
1077 2472 41 75 of
1128 2472 98 75 ftone,

188 2519 63 75 vhe
268 2519 85 75 form
375 2519 107 75 which
499 2519 146 75 neceffity
661 2519 63 75 had
741 2519 189 75 introduced
946 2519 70 75 into
1039 2519 56 75 the
1118 2519 107 75 primi-

193 2565 68 75 tive
284 2565 96 75 huts:
423 2565 113 75 Hence
562 2565 56 75 the
646 2565 130 75 upright
802 2565 83 75 trees
913 2565 79 75 gave
1018 2565 59 75 rife
1104 2565 36 75 to
1171 2565 56 75 the

194 2611 145 75 columns
354 2611 10 75 ;
392 2611 61 75 and
477 2611 56 75 the
555 2611 121 75 beams,
698 2611 106 75 joifts,
826 2611 130 75 rafters,
982 2611 62 75 and
1069 2611 96 75 ftrata
1192 2611 41 75 of

193 2657 162 75 materials
371 2657 71 75 that
460 2657 126 75 formed
597 2657 54 75 the
663 2657 161 75 covering,
843 2657 165 75 fuggefted
1019 2657 209 75 architraves,

194 2705 113 75 frizes,
333 2705 176 75 triglyphs,
534 2705 62 75 and
613 2705 153 75 cornices.

241 2750 50 75 At
305 2750 88 75 what
409 2750 94 75 time,
524 2750 37 75 or
580 2750 43 75 by
639 2750 122 75 whom,
783 2750 56 75 the
856 2750 141 75 Grecian
1015 2750 110 75 orders
1144 2750 83 75 were

192 2796 170 75 invented,
381 2796 27 75 is
425 2796 56 75 not
497 2796 155 75 certainly
669 2796 128 75 known.
848 2796 67 75 But
931 2796 56 75 the
1012 2796 168 75 following
1199 2796 27 75 is

193 2843 57 75 the
268 2843 133 75 account
419 2843 104 75 which
541 2843 169 75 Vitruvius
734 2843 88 75 gives
844 2843 40 75 of
895 2843 101 75 them.

243 2889 128 75 Dprus,
391 2889 78 75 king
485 2889 40 75 of
546 2889 133 75 Achaia,
704 2889 61 75 and
782 2889 54 75 fon
860 2889 39 75 of
916 2889 140 75 Helenes
1073 2889 63 75 and
1153 2889 70 75 Op-

193 2934 77 75 tica,
296 2934 82 75 built
391 2934 18 75 a
420 2934 118 75 temple
550 2934 35 75 to
597 2934 86 75 Juno
698 2934 32 75 in
747 2934 56 75 the
823 2934 125 75 ancient
965 2934 66 75 city
1048 2934 41 75 of
1100 2934 122 75 Argos,

192 2980 106 75 which
317 2980 165 75 happened
503 2980 35 75 to
554 2980 41 75 be
619 2980 32 75 in
675 2980 55 75 the
746 2980 131 75 manner
892 2980 74 75 now
982 2980 104 75 called
1105 2980 116 75 Doric,

193 3027 84 75 from
296 3027 53 75 the
367 3027 91 75 name
474 3027 40 75 of
526 3027 54 75 the
600 3027 157 75 inventor.
806 3027 86 75 This
904 3027 130 75 manner
1046 3027 64 75 was
1123 3027 98 75 after-

192 3073 105 75 wards
314 3073 145 75 imitated
474 3073 33 75 in
522 3073 96 75 many
629 3073 94 75 other
734 3073 133 75 temples
879 3073 32 75 in
929 3073 54 75 the
996 3073 119 75 feveral
1131 3073 91 75 cities

191 3120 41 75 of
247 3120 141 75 Achaia.

1278 222 35 75 E
1373 222 37 75 C
1466 222 40 75 T
1563 222 45 75 U
1666 222 38 75 R
1761 222 47 75 E.

1284 293 106 75 other,
1415 293 140 75 dictated
1579 293 44 75 by
1646 293 131 75 beauty,
1802 293 40 75 is,
1867 293 72 75 that
1954 293 80 75 they
2055 293 66 75 alfo
2145 293 117 75 appear
2285 293 35 75 fo

1285 340 34 75 to
1337 340 55 75 the
1409 340 58 75 eye
1480 340 9 75 ;
1516 340 54 75 for
1584 340 97 75 every
1697 340 92 75 thing
1813 340 71 75 that
1908 340 131 75 appears
2063 340 169 75 tottering,
2258 340 64 75 and

1285 387 32 75 in
1344 387 122 75 hazard
1490 387 41 75 of
1550 387 158 75 tumbling
1729 387 109 75 down,
1864 387 179 75 produceth
2067 387 33 75 in
2124 387 56 75 the
2203 387 118 75 fpedta-

1284 433 53 75 tor
1354 433 57 75 the
1434 433 122 75 painful
1573 433 140 75 emotion
1738 433 41 75 of
1797 433 80 75 fear,
1902 433 118 75 inftead
2046 433 40 75 of
2105 433 55 75 the
2183 433 138 75 pleafing

1285 480 141 75 emotion
1450 480 41 75 of
1517 480 140 75 beauty;
1693 480 63 75 and
1780 480 204 75 accordingly
2008 480 25 75 it
2059 480 113 75 fhould
2200 480 39 75 be
2264 480 57 75 the

1283 527 90 75 great
1397 527 71 75 care
1493 527 40 75 of
1551 527 55 75 the
1631 527 101 75 artift,
1764 527 72 75 that
1861 527 95 75 every
1980 527 71 75 part
2075 527 40 75 of
2134 527 49 75 his
2207 527 113 75 edifice

1283 573 115 75 appear
1414 573 36 75 to
1467 573 38 75 be
1523 573 72 75 well
1621 573 186 75 fupported.
1859 573 97 75 Some
1980 573 81 75 have
2086 573 191 75 introduced
2301 573 19 75 a

1283 621 77 75 kind
1372 621 40 75 of
1419 621 124 75 conceit
1554 621 32 75 in
1596 621 223 75 architedlure,
1833 621 44 75 by
1888 621 108 75 giving
2007 621 86 75 parts
2106 621 40 75 of
2158 621 160 75 buildings

1282 667 55 75 the
1353 667 192 75 appearance
1563 667 39 75 of
1622 667 133 75 falling;
1783 667 40 75 of
1842 667 64 75 this
1923 667 78 75 kind
2017 667 27 75 is
2065 667 55 75 the
2144 667 120 75 church
2282 667 41 75 of

1285 714 39 75 St
1342 714 121 75 Sophia
1478 714 33 75 in
1523 714 285 75 Conftantinople;
1835 714 55 75 the
1903 714 102 75 ro\md
2018 714 115 75 towers
2145 714 33 75 in
2191 714 54 75 the
2258 714 59 75 up-

1283 761 138 75 permoft
1429 761 109 75 ftories
1548 761 40 75 of
1592 761 125 75 Gothic
1725 761 162 75 buildings
1896 761 27 75 is
1931 761 33 75 in
1976 761 55 75 the
2044 761 82 75 fame
2139 761 75 75 falfe
2227 761 90 75 tafte.

1352 938 64 75 T.

1637 938 68 75 II.

1316 1049 41 75 A
1395 1049 512 75 MECHANICAL
1946 1049 158 75 ART.

1328 1170 78 75 The
1419 1170 192 75 Athenians,
1628 1170 97 75 about
1737 1170 55 75 the
1804 1170 83 75 fame
1904 1170 90 75 time,
2016 1170 68 75 fent
2101 1170 140 75 thirteen
2261 1170 55 75 co-

1281 1216 102 75 lonies
1400 1216 69 75 into
1480 1216 88 75 Alia,
1594 1216 102 75 under
1712 1216 56 75 the
1785 1216 170 75 cqmmand
1970 1216 41 75 of
2022 1216 74 75 Ion,
2119 1216 57 75 fon
2192 1216 41 75 of
2242 1216 75 75 Xu-

1284 1261 73 75 thus
1375 1261 63 75 and
1455 1261 132 75 Creufa.
1636 1261 87 75 This
1740 1261 58 75 Ion
1811 1261 184 75 conquered
2011 1261 43 75 all
2067 1261 109 75 Caria,
2196 1261 120 75 found-

1283 1308 38 75 ed
1339 1308 94 75 many
1449 1308 105 75 cities,
1578 1308 63 75 and
1657 1308 104 75 called
1778 1308 54 75 the
1852 1308 137 75 country
2009 1308 103 75 Ionia.
2161 1308 76 75 The
2249 1308 67 75 firlt

1282 1355 117 75 temple
1415 1355 41 75 he
1471 1355 82 75 built
1570 1355 63 75 was
1650 1355 85 75 after
1747 1355 55 75 the
1819 1355 106 75 Doric
1937 1355 141 75 manner.
2128 1355 68 75 But
2213 1355 102 75 after-

1282 1401 103 75 wards
1397 1401 41 75 he
1449 1401 83 75 built
1548 1401 19 75 a
1578 1401 117 75 temple
1706 1401 37 75 to
1761 1401 107 75 Diana
1884 1401 39 75 of
1931 1401 18 75 a
1960 1401 89 75 more
2065 1401 136 75 delicate
2214 1401 98 75 ftruc-

1281 1448 84 75 ture,
1394 1448 62 75 and
1473 1448 126 75 formed
1614 1448 85 75 upon
1723 1448 56 75 the
1802 1448 206 75 proportions
2032 1448 39 75 of
2089 1448 19 75 a
2124 1448 116 75 female
2255 1448 59 75 bo-

1278 1494 59 75 dy,
1362 1494 34 75 as
1420 1494 55 75 the
1492 1494 106 75 Doric
1612 1494 66 75 had
1694 1494 80 75 been
1799 1494 44 75 on
1871 1494 91 75 thofe
1986 1494 40 75 of
2047 1494 22 75 a
2090 1494 108 75 robuft
2225 1494 86 75 man.

1278 1542 78 75 The
1373 1542 116 75 capital
1513 1542 64 75 was
1596 1542 143 75 adorned
1754 1542 80 75 with
1850 1542 140 75 volutes,
2015 1542 36 75 to
2075 1542 159 75 reprefent
2258 1542 57 75 the

1280 1588 83 75 curls
1376 1588 40 75 of
1428 1588 19 75 a
1458 1588 153 75 woman’s
1624 1588 88 75 hair;
1733 1588 61 75 and
1807 1588 223 75 flutingswere
2044 1588 54 75 cut
2111 1588 41 75 on
2165 1588 56 75 the
2233 1588 83 75 Ihaft

1280 1635 39 75 of
1336 1635 56 75 the
1410 1635 140 75 column,
1575 1635 32 75 in
1624 1635 159 75 imitation
1801 1635 40 75 of
1853 1635 54 75 the
1925 1635 84 75 folds
2027 1635 40 75 of
2076 1635 61 75 her
2152 1635 160 75 garment.

1276 1682 86 75 This
1379 1682 97 75 order
1488 1682 57 75 got
1561 1682 56 75 the
1631 1682 92 75 name
1736 1682 40 75 of
1788 1682 102 75 Ionic,
1907 1682 33 75 in
1958 1682 126 75 honour
2100 1682 40 75 of
2152 1682 54 75 the
2223 1682 88 75 loni-

1277 1728 55 75 ans
1355 1728 75 75 who
1445 1728 152 75 invented
1617 1728 40 75 it.

1323 1775 76 75 The
1417 1775 88 75 third
1521 1775 69 75 fort
1606 1775 40 75 of
1653 1775 157 75 columns,
1828 1775 103 75 called
1947 1775 208 75 Corinthian,
2174 1775 54 75 are
2245 1775 67 75 faid

1276 1820 36 75 to
1327 1820 70 75 owe
1418 1820 84 75 their
1514 1820 103 75 origin
1635 1820 36 75 to
1687 1820 54 75 the
1759 1820 168 75 following
1943 1820 248 75 accident:—A
2203 1820 109 75 young

1277 1866 61 75 girl
1354 1866 41 75 of
1417 1866 141 75 Corinth
1584 1866 118 75 having
1729 1866 89 75 died,
1843 1866 58 75 her
1929 1866 91 75 nurfe
2043 1866 113 75 placed
2182 1866 42 75 on
2252 1866 60 75 her

1278 1913 89 75 tomb
1390 1913 18 75 a
1431 1913 121 75 balket,
1576 1913 184 75 containing
1777 1913 121 75 certain
1910 1913 149 75 trinkets,
2083 1913 33 75 in
2133 1913 106 75 which
2257 1913 53 75 fhe

1278 1958 165 75 delighted
1464 1958 93 75 wh£n
1574 1958 93 75 alive,
1693 1958 62 75 and
1772 1958 138 75 covered
1931 1958 25 75 it
1974 1958 78 75 with
2070 1958 18 75 a
2104 1958 67 75 tyle
2188 1958 35 75 to
2240 1958 71 75 pre-

1276 2004 76 75 vent
1369 2004 54 75 the
1436 2004 66 75 rain
1520 2004 83 75 from
1620 2004 136 75 fpoiling
1772 2004 102 75 them.
1922 2004 77 75 The
2015 2004 108 75 balket
2143 2004 169 75 happened

1276 2052 35 75 to
1328 2052 39 75 be
1389 2052 114 75 placed
1531 2052 42 75 on
1603 2052 18 75 a
1649 2052 72 75 root
1739 2052 39 75 of
1790 2052 166 75 acanthus,
1980 2052 105 75 which
2102 2052 132 75 pufhing
2252 2052 58 75 out

1275 2098 41 75 its
1333 2098 105 75 leaves
1455 2098 33 75 in
1504 2098 56 75 the
1575 2098 120 75 fpring,
1721 2098 138 75 covered
1872 2098 55 75 the
1945 2098 80 75 fides
2042 2098 40 75 of
2101 2098 56 75 the
2181 2098 127 75 balket;

1275 2145 85 75 fome
1375 2145 43 75 of
1429 2145 56 75 the
1508 2145 123 75 longeft
1659 2145 40 75 of
1719 2145 120 75 which,
1863 2145 96 75 being
1984 2145 179 75 obftrudted
2187 2145 43 75 by
2254 2145 57 75 the

1275 2192 126 75 corners
1419 2192 40 75 of
1470 2192 56 75 the
1540 2192 81 75 tyle,
1645 2192 85 75 were
1746 2192 112 75 forced
1882 2192 214 75 downwards,
2121 2192 63 75 and
2200 2192 111 75 curled

1276 2238 31 75 in
1320 2238 55 75 the
1391 2238 131 75 manner
1537 2238 41 75 of
1588 2238 140 75 volutes.
1777 2238 205 75 Calimachus
2004 2238 53 75 the
2069 2238 152 75 fculptor,
2239 2238 69 75 paf-

1277 2284 64 75 fing
1358 2284 75 75 near
1450 2284 55 75 the
1523 2284 103 75 tomb,
1645 2284 64 75 was
1726 2284 34 75 fo
1777 2284 124 75 pleafed
1918 2284 79 75 with
2013 2284 56 75 the
2086 2284 156 75 beautiful
2256 2284 55 75 ap-

1276 2332 153 75 pearance
1446 2332 40 75 of
1496 2332 56 75 the
1568 2332 152 75 acanthus
1736 2332 145 75 growing
1894 2332 30 75 in
1938 2332 64 75 this
2017 2332 144 75 manner,
2186 2332 70 75 that
2268 2332 41 75 he

1276 2379 146 75 imitated
1438 2379 26 75 it
1481 2379 32 75 in
1530 2379 55 75 the
1602 2379 144 75 columns
1763 2379 104 75 which
1892 2379 42 75 he
1957 2379 189 75 afterwards
2168 2379 92 75 made
2276 2379 35 75 at

1278 2425 151 75 Corinth.

1326 2471 223 75 Villalpandus
1566 2471 99 75 treats
1682 2471 64 75 this
1764 2471 85 75 ftory
1866 2471 41 75 of
1930 2471 206 75 Calimachus
2161 2471 33 75 as
2221 2471 18 75 a
2261 2471 46 75 fa-

1277 2518 64 75 ble,
1368 2518 61 75 and
1445 2518 166 75 maintains
1636 2518 70 75 that
1733 2518 57 75 the
1807 2518 193 75 Corinthian
2017 2518 116 75 capital
2159 2518 80 75 took
2265 2518 42 75 its

1276 2564 101 75 origin
1395 2564 84 75 from
1496 2564 38 75 an
1551 2564 95 75 order
1662 2564 32 75 in
1712 2564 186 75 Solomon’s
1924 2564 139 75 temple;
2090 2564 64 75 and
2177 2564 26 75 it
2227 2564 80 75 muft

1275 2611 40 75 be
1340 2611 262 75 acknowledged,
1626 2611 70 75 that
1723 2611 87 75 fome
1840 2611 210 75 defcriptions
2075 2611 32 75 in
2132 2611 56 75 the
2213 2611 95 75 Bible

1278 2656 114 75 favour
1409 2656 64 75 this
1490 2656 143 75 opinion.

1322 2703 127 75 Befides
1465 2703 89 75 thefe
1570 2703 91 75 three
1678 2703 126 75 orders,
1829 2703 66 75 faid
1911 2703 35 75 to
1961 2703 42 75 be
2018 2703 151 75 invented
2185 2703 43 75 by
2250 2703 58 75 the

1276 2750 139 75 Greeks,
1440 2750 68 75 two
1518 2750 106 75 other,
1649 2750 70 75 viz.
1744 2750 57 75 the
1819 2750 206 75 Tufcanand
2041 2750 194 75 Compofite,
2253 2750 55 75 are

1275 2795 138 75 thought
1441 2795 36 75 to
1503 2795 82 75 have
1611 2795 81 75 been
1716 2795 148 75 invented
1889 2795 43 75 by
1948 2795 55 75 the
2024 2795 157 75 Romans.
2229 2795 79 75 The

1274 2842 129 75 Tufcan
1418 2842 62 75 firft
1496 2842 158 75 appeared
1665 2842 32 75 in
1708 2842 163 75 Tufcany,
1889 2842 110 75 before
2017 2842 54 75 the
2085 2842 143 75 Romans
2242 2842 65 75 had

1275 2889 62 75 any
1352 2889 193 75 intercourfe
1561 2889 79 75 with
1657 2889 56 75 the
1729 2889 143 75 Greeks.
1919 2889 78 75 The
2021 2889 182 75 Compofite
2231 2889 26 75 is
2286 2889 19 75 a

1273 2935 139 75 mixture
1431 2935 43 75 of
1489 2935 56 75 the
1562 2935 97 75 Ionic'
1674 2935 63 75 and
1753 2935 203 75 Corinthian.
2004 2935 110 75 Thefe
2130 2935 60 75 five
2216 2935 87 75 man-

1271 2982 73 75 ners
1364 2982 41 75 of
1425 2982 158 75 building,
1608 2982 151 75 invented
1786 2982 43 75 by
1857 2982 55 75 the
1939 2982 154 75 ancients,
2118 2982 54 75 are
2199 2982 106 75 called

1271 3028 172 75 Orders,
1468 3028 42 75 on
1543 3028 135 75 account
1709 3028 40 75 d£
1772 3028 55 75 the
1851 3028 174 75 regularity
2041 3028 63 75 and
2126 3028 120 75 beauty
2267 3028 42 75 of

1270 3075 83 75 their
1378 3075 115 75 forms.

2256 3118 56 75 Of
