2477 3395
568 206 236 75 BUG

1124 206 162 75 (686

194 275 211 75 BUCKET,
432 275 18 75 a
472 275 90 75 fmall
580 275 145 75 portable
741 275 107 75 veflel,
875 275 35 75 to
933 275 80 75 hold
1039 275 113 75 water,
1178 275 51 75 of-

242 321 53 75 ten
321 321 93 75 made
439 321 39 75 of
498 321 123 75 leather
646 321 52 75 for
722 321 43 75 its
789 321 154 75 lightnefs
961 321 62 75 and
1040 321 74 75 eafy
1129 321 55 75 ufe
1200 321 32 75 in

241 368 85 75 cafes
343 368 40 75 of
396 368 71 75 fire.

289 414 32 75 It
341 414 28 75 is
394 414 65 75 alfo
487 414 57 75 the
571 414 94 75 vefiel
692 414 48 75 let
767 414 97 75 down
888 414 69 75 into
974 414 18 75 a
1011 414 85 75 well,
1122 414 39 75 or
1177 414 55 75 the

240 460 78 75 fides
335 460 41 75 of
387 460 95 75 Ihips,
507 460 36 75 to
559 460 88 75 fetch
664 460 43 75 up
724 460 112 75 water.

193 508 236 75 BUCKING,
455 508 55 75 the
537 508 64 75 fir/1
617 508 166 75 operation
799 508 33 75 in
849 508 56 75 the
922 508 175 75 whitening
1114 508 39 75 of
1172 508 57 75 iin-

240 554 60 75 nen
319 554 76 75 yarn
413 554 38 75 or
469 554 103 75 cloth.
622 554 62 75 See
701 554 34 75 p.
757 554 79 75 564.

196 602 345 75 BUCKINGHAM,
559 602 19 75 a
595 602 250 75 borough-town
862 602 40 75 of
914 602 315 75 Buckingharnlhire,

239 648 99 75 about
355 648 152 75 forty-fix
524 648 90 75 miles
632 648 189 75 north-weft
837 648 41 75 of
896 648 159 75 London:
1084 648 61 75 W.
1162 648 67 75 Ion.

245 695 50 75 i°,
322 695 63 75 and
401 695 48 75 N.
467 695 59 75 lat.

287 740 30 75 It
335 740 90 75 fends
443 740 66 75 two
526 740 157 75 members
700 740 35 75 to
753 740 201 75 parliament.

286 787 367 75 Buckinghamfhirehas
663 787 373 75 Northamptonlhireon
1048 787 53 75 the
1112 787 114 75 north;

240 834 160 75 Bedford,
419 834 170 75 Hertford,
610 834 62 75 and
684 834 200 75 Middlefex,
897 834 41 75 on
951 834 55 75 the
1018 834 63 75 eaft
1096 834 9 75 ;
1126 834 103 75 Berk-

238 881 93 75 fttire,
356 881 85 75 from
458 881 106 75 which
581 881 25 75 it
624 881 26 75 is
667 881 129 75 divided
818 881 44 75 by
883 881 56 75 the
964 881 84 75 river
1071 881 157 75 Thames,

239 928 41 75 on
304 928 56 75 the
378 928 91 75 fouth
482 928 9 75 ;
520 928 60 75 and
598 928 228 75 Oxfordfhire,
852 928 41 75 on
912 928 54 75 the
982 928 88 75 weft.

192 975 211 75 BUCKLE,
430 975 19 75 a
469 975 75 75 well
560 975 117 75 known
694 975 123 75 utenfil,
843 975 95 75 made
965 975 40 75 of
1024 975 107 75 divers
1148 975 81 75 forts

237 1021 40 75 of
289 1021 127 75 metals,
442 1021 33 75 as
492 1021 89 75 gold,
607 1021 103 75 filver,
736 1021 87 75 fteel,
849 1021 100 75 brafs,
975 1021 64 75 &c\

286 1067 76 75 The
379 1067 120 75 fafhion
517 1067 37 75 or
571 1067 83 75 form
671 1067 41 75 of
723 1067 132 75 buckles
867 1067 26 75 is
910 1067 126 75 various
1048 1067 10 75 ;
1077 1067 57 75 but
1147 1067 85 75 their

239 1115 65 75 ufe,
329 1115 32 75 in
379 1115 140 75 general,
544 1115 27 75 is
590 1115 34 75 to
640 1115 93 75 make
761 1115 59 75 fail
837 1115 120 75 certain
974 1115 86 75 parts
1073 1115 40 75 of
1129 1115 100 75 drefs,

238 1161 34 75 as
290 1161 55 75 the
361 1161 102 75 fhoes,
489 1161 136 75 garters,
651 1161 65 75 &c.

286 1207 139 75 Buckles
444 1207 50 75 for
511 1207 118 75 girdles
647 1207 62 75 pay
727 1207 18 75 a
761 1207 81 75 duty
859 1207 40 75 of
914 1207 15 75 3
941 1207 28 75 s.
996 1207 42 75 io
1038 1239 21 49 T
1059 1207 98 75 %%d.
1175 1207 55 75 the

238 1255 100 75 grofs,
364 1255 37 75 or
422 1255 115 75 twelve
552 1255 128 75 dozen;
707 1255 148 75 whereof
880 1255 10 75 1
906 1255 27 75 s.
960 1255 46 75 44
1017 1255 34 75 d.
1077 1255 27 75 is
1121 1255 109 75 drawn

237 1301 81 75 back
335 1301 41 75 on
393 1301 218 75 exportation.
673 1301 141 75 Buckles
832 1301 51 75 for
900 1301 80 75 girts
1007 1301 60 75 pay
1090 1301 140 75 likewife

237 1348 16 75 a
272 1348 81 75 duty
369 1348 40 75 of
426 1348 52 75 is.
504 1348 133 75 y-j^d.
663 1348 56 75 the
737 1348 109 75 grofs;
873 1348 62 75 and
952 1348 78 75 both
1056 1348 87 75 thefe
1168 1348 62 75 pay

237 1392 174 75 fomewhat
423 1392 105 75 more,
543 1392 28 75 if
584 1392 41 75 of
636 1392 98 75 brafs.
771 1392 67 75 But
850 1392 25 75 it
887 1392 26 75 is
924 1392 40 75 be
976 1392 166 75 obferved,
1159 1392 72 75 that

240 1442 42 75 all
300 1442 132 75 buckles
450 1442 53 75 are
520 1442 185 75 prohibited
720 1442 35 75 to
772 1442 39 75 be
826 1442 175 75 imported.

191 1488 246 75 BUCKLER,
463 1488 18 75 a
506 1488 87 75 piece
617 1488 41 75 of
675 1488 120 75 defenfi'
795 1488 37 75 ve
852 1488 130 75 armour
1004 1488 75 75 ufed
1104 1488 43 75 by
1175 1488 56 75 the

241 1533 151 75 ancients.
442 1533 33 75 It
492 1533 63 75 was
573 1533 89 75 worn
681 1533 40 75 on
738 1533 56 75 the
810 1533 61 75 left
887 1533 78 75 arm,
983 1533 62 75 and
1062 1533 170 75 compofed

240 1579 41 75 of
292 1579 134 75 wickers
452 1579 112 75 woven
591 1579 161 75 together,
779 1579 37 75 or
843 1579 96 75 wood
965 1579 39 75 of
1023 1579 56 75 the
1103 1579 129 75 lighteft

241 1627 77 75 fort,
344 1627 57 75 but
414 1627 78 75 moft
510 1627 182 75 commonly
708 1627 40 75 of
755 1627 104 75 hides,
878 1627 141 75 fortified
1035 1627 79 75 with
1130 1627 101 75 plates

240 1672 39 75 of
293 1672 84 75 brafs
396 1672 38 75 or
458 1672 110 75 metal.
615 1672 78 75 The
717 1672 101 75 figure
836 1672 64 75 was
917 1672 178 75 fometimes
1115 1672 115 75 round,

240 1719 182 75 fometimes
439 1719 85 75 oval,
549 1719 62 75 and
636 1719 178 75 fometimes
839 1719 112 75 almoft
968 1719 124 75 fquare.
1102 1719 14 75 _
1142 1719 88 75 Moft

241 1768 40 75 of
292 1768 55 75 the
371 1768 149 75 bucklers
545 1768 83 75 were
653 1768 157 75 curioufly
835 1768 141 75 adorned
993 1768 79 75 with
1089 1768 42 75 all
1149 1768 80 75 forts

241 1815 40 75 of
292 1815 117 75 figures
426 1815 39 75 of
477 1815 87 75 birds
581 1815 60 75 and
660 1815 113 75 beafts,
793 1815 33 75 as
843 1815 119 75 eagles,
986 1815 83 75 lions
1084 1815 10 75 ;
1121 1815 58 75 nor
1196 1815 41 75 of

240 1861 88 75 thefe
352 1861 90 75 only,
468 1861 57 75 but
545 1861 40 75 of
604 1861 56 75 the
682 1861 94 75 gods,
800 1861 41 75 of
863 1861 54 75 the
941 1861 136 75 celeftial
1106 1861 123 75 bodies,

241 1908 62 75 and
320 1908 43 75 all
380 1908 55 75 the
450 1908 106 75 works
574 1908 40 75 of
626 1908 133 75 nature;
800 1908 106 75 which
923 1908 120 75 cuftom
1058 1908 66 75 was
1140 1908 84 75 deri-

242 1954 59 75 ved
321 1954 82 75 from
422 1954 55 75 the
496 1954 109 75 heroic
621 1954 104 75 times,
752 1954 62 75 and
836 1954 83 75 from
942 1954 89 75 them
1055 1954 176 75 communi-

242 2000 92 75 cated
357 2000 37 75 to
410 2000 55 75 the
482 2000 173 75 Grecians,
680 2000 158 75 Romans,
865 2000 62 75 and
950 2000 206 75 Barbarians.

196 2048 113 75 Votive
325 2048 224 75 Bucklers,
597 2048 112 75 Thofe
726 2048 204 75 confecrated
942 2048 35 75 to
988 2048 56 75 the
1056 2048 93 75 gods,
1167 2048 63 75 and

244 2094 86 75 hung
347 2094 42 75 up
408 2094 34 75 in
459 2094 83 75 their
559 2094 146 75 temples,
731 2094 103 75 either
851 2094 31 75 in
899 2094 281 75 commemoration
1196 2094 42 75 of

243 2140 86 75 lome
345 2140 95 75 hero,
462 2140 38 75 or
517 2140 32 75 as
567 2140 19 75 a
601 2140 222 75 thankfgiving
840 2140 51 75 for
907 2140 19 75 a
942 2140 122 75 vidfory
1080 2140 151 75 obtained

244 2186 78 75 over
337 2186 40 75 an
394 2186 135 75 enemy;
555 2186 106 75 whofe
686 2186 160 75 bucklers,
872 2186 94 75 taken
990 2186 33 75 in
1044 2186 79 75 war,
1148 2186 85 75 were

245 2232 123 75 offered
385 2232 32 75 as
436 2232 18 75 a
469 2232 131 75 trophy.

198 2277 294 75 BUCKNHAM,
529 2277 37 75 or
593 2277 264 75 Buckenham,
895 2277 17 75 a
941 2277 229 75 market-town
1198 2277 41 75 of

246 2326 158 75 Norfolk,
429 2326 97 75 about
539 2326 75 75 nine
630 2326 93 75 miles
738 2326 63 75 eaft
821 2326 40 75 of
870 2326 188 75 Thetford:
1083 2326 44 75 E.
1144 2326 89 75 long.

251 2374 34 75 1°
299 2374 61 75 *io'
360 2374 11 75 ,
396 2374 48 75 N.
463 2374 57 75 lat.
543 2374 39 75 52
582 2356 25 49 0
629 2374 54 75 30'
683 2374 12 75 .

199 2419 213 75 B.UCKOR,
439 2419 18 75 a
472 2419 150 75 province
638 2419 40 75 of
689 2419 56 75 the
760 2419 43 75 E.
823 2419 121 75 Indies,
969 2419 134 75 fituated
1118 2419 41 75 on
1179 2419 55 75 tire

248 2464 84 75 river
348 2464 113 75 Indus,
486 2464 117 75 having
626 2464 56 75 the
708 2464 150 75 province
886 2464 40 75 of
948 2464 130 75 Multan
1108 2464 45 75 on
1179 2464 56 75 the

249 2511 109 75 north,
383 2511 62 75 and
462 2511 103 75 Tana
581 2511 42 75 on
639 2511 56 75 the
711 2511 107 75 fouth.

203 2557 256 75 BUCKRAM,
495 2557 33 75 in
561 2557 190 75 commerce,
794 2557 17 75 a
838 2557 69 75 fort
935 2557 40 75 of
1002 2557 107 75 coarfe
1145 2557 93 75 cloth

254 2601 90 75 made
361 2601 40 75 of
413 2601 108 75 hemp,
548 2601 161 75 gummed,
734 2601 203 75 calendered,
963 2601 62 75 and
1050 2601 86 75 dyed
1152 2601 85 75 feve-

253 2653 45 75 red
317 2653 140 75 colours.
506 2653 35 75 It
554 2653 27 75 is
599 2653 57 75 put
678 2653 70 75 into
774 2653 91 75 thofe
894 2653 104 75 places
1015 2653 40 75 of
1068 2653 54 75 the
1139 2653 101 75 lining

251 2699 40 75 of
303 2699 18 75 a
333 2699 155 75 garment,
514 2699 106 75 which
638 2699 60 75 one
716 2699 109 75 would
840 2699 81 75 have
938 2699 75 75 ftiff,
1027 2699 62 75 and
1106 2699 35 75 to
1157 2699 83 75 keep

254 2744 84 75 their
355 2744 113 75 forms.
518 2744 33 75 It
572 2744 25 75 is
622 2744 64 75 alfo
702 2744 75 75 ufed
792 2744 33 75 in
841 2744 55 75 the
913 2744 112 75 bodies
1048 2744 38 75 of
1099 2744 140 75 womens

255 2791 131 75 gowns;
414 2791 62 75 and
491 2791 26 75 it
534 2791 89 75 often
639 2791 104 75 ferves
754 2791 36 75 to
808 2791 93 75 make
918 2791 157 75 wrappers
1093 2791 35 75 to
1145 2791 94 75 cover

256 2837 117 75 cloths,
398 2837 118 75 Urges,
542 2837 64 75 and
620 2837 75 75 Rich
714 2837 94 75 other
824 2837 244 75 merchandifes,
1093 2837 33 75 in
1146 2837 95 75 order

256 2885 36 75 to
316 2885 143 75 pteferve
487 2885 90 75 them
604 2885 63 75 and
694 2885 80 75 keep
796 2885 87 75 them
899 2885 84 75 from
1001 2885 55 75 the
1073 2885 81 75 duft,
1180 2885 63 75 and

257 2931 82 75 their
357 2931 126 75 colours
501 2931 85 75 from
601 2931 122 75 fading.
773 2931 178 75 Buckrams
965 2931 55 75 are
1036 2931 69 75 fold
1122 2931 120 75 whole-

256 2976 63 75 fale
342 2976 44 75 by
403 2976 55 75 the
477 2976 104 75 dozen
606 2976 40 75 of
668 2976 90 75 fmall
785 2976 104 75 pieces
906 2976 37 75 or
967 2976 172 75 remnants,
1164 2976 79 75 each

260 3022 97 75 about
374 3022 72 75 four
460 3022 56 75 ells
535 3022 88 75 long,
642 3022 62 75 and
719 3022 100 75 broad
837 3022 170 75 according
1022 3022 35 75 to
1074 3022 54 75 the
1140 3022 104 75 pieces

257 3073 84 75 Lora
369 3073 106 75 Which
502 3073 78 75 they
605 3073 53 75 are
680 3073 68 75 cut.
797 3073 189 75 Sometimes
1004 3073 77 75 they
1104 3073 53 75 ufe
1175 3073 69 75 new

1343 210 18 75 )

1690 210 242 75 BUD

1335 276 102 75 pieces
1467 276 41 75 of
1535 276 84 75 linen
1637 276 90 75 cloth
1755 276 36 75 to
1817 276 92 75 make
1936 276 184 75 buckrams,
2150 276 58 75 but
2234 276 91 75 mofti

1330 322 182 75 commonly
1529 322 56 75 old
1601 322 101 75 ftieets
1726 322 62 75 and
1812 322 55 75 old
1884 322 104 75 pieces
2004 322 41 75 of
2055 322 84 75 fails.

1379 371 136 75 Carrick
1531 371 169 75 buckrams
1720 371 76 75 pays
1818 371 18 75 a
1852 371 81 75 duty
1949 371 41 75 of
2003 371 134 75 5-i%Vd-
2163 371 55 75 the
2231 371 93 75 fiiort

1331 415 110 75 piece;
1481 415 147 75 whereof
1654 415 87 75 y-rVo
1757 415 35 75 ft-
1817 415 27 75 is
1871 415 108 75 repaid
2007 415 42 75 on
2078 415 170 75 exporting
2278 415 39 75 it.

1328 463 231 75 Eaft-country
1582 463 152 75 buckram
1762 463 77 75 pays
1874 463 10 75 1
1903 463 27 75 s.
1959 463 137 75 a-r^-d.
2123 463 54 75 the
2202 463 63 75 roll
2282 463 37 75 or

1329 510 173 75 half-piece
1516 510 9 75 ;
1545 510 149 75 whereof
1709 510 43 75 is.
1767 510 107 75 tVo^-
1893 510 26 75 is
1931 510 109 75 drawn
2058 510 93 75 back.
2190 510 133 75 French,

1329 556 151 75 buckram
1505 556 77 75 pays
1615 556 152 75 il.'^s.

1973 538 36 49 th
2009 556 21 75 e
2054 556 104 75 dozen
2187 556 102 75 pieces
2305 556 10 75 ;

1329 602 149 75 whereof
1501 602 50 75 11,
1576 602 86 75 00s.
1695 602 11 75 1
1793 602 34 75 d.
1853 602 26 75 is
1905 602 122 75 repaid.
2077 602 78 75 Fine
2172 602 144 75 German

1327 649 168 75 buckrams
1521 649 77 75 pays
1628 649 57 75 as.
1713 681 48 49 4x

1761 631 5 49 7

1766 681 14 49 5
1780 649 69 75 Vd.
1875 649 55 75 the
1955 649 108 75 piece;
2090 649 147 75 whereof
2257 649 58 75 as.

1332 694 131 75 irc^d.
1490 694 25 75 is
1532 694 109 75 drawn
1659 694 81 75 back
1756 694 40 75 on
1814 694 217 75 exportation.

1279 743 308 75 BUCKSTALL,
1613 743 19 75 a
1646 743 59 75 toil
1723 743 35 75 to
1774 743 74 75 take
1865 743 88 75 deer,
1980 743 104 75 which
2108 743 79 75 muft
2203 743 57 75 not
2276 743 41 75 be

1327 787 74 75 kept
1419 787 42 75 by
1479 787 60 75 any
1555 787 88 75 body
1659 787 72 75 that
1747 787 58 75 has
1822 787 57 75 not
1895 787 18 75 a
1935 787 79 75 park
2035 787 40 75 of
2087 787 49 75 his
2153 787 84 75 own,
2257 787 59 75 un-

1329 833 56 75 der
1409 833 163 75 penalties.

1279 882 228 75 BUCOLIC,
1533 882 33 75 in
1583 882 125 75 ancient
1730 882 124 75 poetry,
1881 882 18 75 a
1924 882 77 75 kind
2018 882 40 75 of
2069 882 93 75 poem
2180 882 136 75 relating

1328 927 36 75 to
1383 927 170 75 ftiepherds
1571 927 61 75 and
1649 927 136 75 country
1802 927 121 75 affairs,
1948 927 120 75 which,
2094 927 169 75 according
2280 927 36 75 to

1329 973 55 75 the
1400 973 79 75 moft
1496 973 164 75 generally
1687 973 146 75 received
1862 973 143 75 opinion,
2031 973 78 75 took
2137 973 41 75 its
2208 973 58 75 rife
2283 973 39 75 in

1329 1019 112 75 Sicily.
1491 1019 165 75 Bucolics,
1674 1019 69 75 fays
1760 1019 137 75 Voflius,
1922 1019 79 75 have
2018 1019 86 75 fome
2121 1019 195 75 conformity

1328 1066 78 75 with
1428 1066 147 75 comedy.
1626 1066 85 75 Like
1727 1066 38 75 it,
1791 1066 78 75 they
1885 1066 53 75 are
1954 1066 135 75 pictures
2118 1066 62 75 and
2208 1066 103 75 imita-

1329 1112 82 75 tions
1431 1112 41 75 of
1483 1112 152 75 ordinary
1651 1112 76 75 life;
1755 1112 79 75 with
1862 1112 63 75 this
1942 1112 186 75 difference,
2152 1112 161 75 however,

1327 1161 70 75 that
1415 1161 133 75 comedy
1566 1161 174 75 reprefents
1757 1161 55 75 the
1829 1161 145 75 manners
1991 1161 40 75 of
2050 1161 55 75 the
2120 1161 195 75 inhabitants

1327 1204 40 75 of
1380 1204 101 75 cities,
1501 1204 62 75 and
1587 1204 139 75 bucolics
1745 1204 56 75 the
1818 1204 202 75 occupations
2038 1204 41 75 of
2089 1204 135 75 country
2238 1204 75 75 peo-

1326 1250 64 75 ple.
1440 1250 204 75 Sometimes,
1671 1250 164 75 continues
1859 1250 54 75 be,
1938 1250 64 75 this
2027 1250 57 75 laft
2111 1250 93 75 poem
2227 1250 26 75 is
2281 1250 34 75 in

1328 1297 83 75 form
1428 1297 40 75 of
1483 1297 19 75 a
1526 1297 203 75 monologue,
1756 1297 63 75 and
1839 1297 179 75 fometimes
2043 1297 40 75 of
2106 1297 18 75 a
2151 1297 162 75 dialogue.

1329 1343 193 75 Sometimes
1548 1343 91 75 there
1659 1343 27 75 is
1713 1343 100 75 a<5hon
1838 1343 32 75 in
1898 1343 37 75 it,
1961 1343 61 75 and
2040 1343 179 75 fometimes
2236 1343 79 75 only

1328 1388 160 75 narration
1504 1388 10 75 ;
1541 1388 62 75 and
1620 1388 178 75 fometimes
1821 1388 26 75 it
1864 1388 26 75 is
1918 1388 168 75 compofed
2105 1388 77 75 both
2200 1388 39 75 of
2259 1388 52 75 ac-

1330 1434 67 75 tion
1416 1434 60 75 and
1490 1434 172 75 narration.
1711 1434 77 75 The
1804 1434 186 75 hexameter
2015 1434 89 75 verfe
2120 1434 26 75 is
2163 1434 55 75 the
2229 1434 81 75 moft

1329 1480 115 75 proper
1461 1480 51 75 for
1527 1480 143 75 bucolics
1687 1480 32 75 in
1736 1480 55 75 the
1819 1480 112 75 Greek
1955 1480 62 75 and
2044 1480 98 75 Latin
2163 1480 134 75 tongues
2307 1480 4 75 .

1327 1528 169 75 Mofchus,
1519 1528 98 75 Bion,
1641 1528 211 75 Theocritus,
1871 1528 62 75 apd
1949 1528 121 75 Virgil,
2091 1528 54 75 are
2162 1528 55 75 the
2234 1528 79 75 moft

1328 1574 170 75 renowned
1514 1574 41 75 of
1566 1574 55 75 the
1638 1574 124 75 ancient
1781 1574 125 75 bucolic
1922 1574 104 75 poets.

1279 1620 116 75 BUD,
1421 1620 115 75 among
1552 1620 184 75 gardeners,
1767 1620 69 75 that
1852 1620 72 75 part
1951 1620 40 75 of
2003 1620 18 75 a
2037 1620 72 75 feed
2126 1620 105 75 which
2249 1620 65 75 firft

1327 1667 109 75 begins
1454 1667 34 75 to
1505 1667 120 75 fprout,
1652 1667 37 75 or
1711 1667 108 75 rather
1835 1667 54 75 the
1905 1667 105 75 leaves
2030 1667 64 75 firft
2117 1667 56 75 put
2195 1667 88 75 forth

1326 1712 108 75 Thefe
1457 1712 32 75 in
1511 1712 85 75 fome
1620 1712 104 75 plants
1740 1712 53 75 are
1817 1712 89 75 two;
1932 1712 32 75 in
1982 1712 124 75 others,
2130 1712 93 75 four;
2250 1712 63 75 and

1326 1758 31 75 in
1375 1758 108 75 others
1500 1758 102 75 again,
1629 1758 59 75 fix,
1713 1758 37 75 or
1765 1758 78 75 even
1860 1758 101 75 more.

1279 1805 84 75 Bud
1382 1805 27 75 is
1426 1805 65 75 alfo
1508 1805 74 75 ufed
1598 1805 52 75 for
1667 1805 54 75 the
1737 1805 109 75 fprout
1863 1805 83 75 fiom
1962 1805 131 75 whence
2110 1805 19 75 a
2144 1805 119 75 branch
2278 1805 33 75 &-

1327 1851 87 75 rifes.

1279 1897 98 75 Bud,
1402 1897 32 75 in
1460 1897 272 75 country-affairs,
1758 1897 137 75 likewife
1911 1897 132 75 denotes
2061 1897 17 75 a
2095 1897 130 75 weaned
2248 1897 70 75 calf

1325 1943 40 75 of
1376 1943 56 75 the
1448 1943 63 75 firft
1529 1943 76 75 year
1614 1943 11 75 ;
1651 1943 34 75 fo
1702 1943 114 75 called,
1834 1943 130 75 becaufe
1977 1943 56 75 the
2048 1943 98 75 horns
2165 1943 52 75 are
2233 1943 79 75 then

1326 1989 31 75 in
1375 1989 55 75 the
1447 1989 79 75 bud.

1280 2036 150 75 BUDA,
1455 2036 55 75 the
1527 2036 115 75 capital
1658 2036 40 75 of
1710 2036 99 75 lower
1825 2036 169 75 Hungary,
2020 2036 98 75 about
2139 2036 64 75 130
2222 2036 91 75 miles

1327 2083 171 75 fouth-eaft
1514 2083 39 75 of
1561 2083 143 75 Vienna:
1731 2083 33 75 It
1780 2083 102 75 ftands
1900 2083 41 75 on
1954 2083 54 75 the
2021 2083 61 75 fide
2094 2083 39 75 of
2147 2083 18 75 a
2181 2083 71 75 hill,
2270 2083 42 75 on

1328 2128 55 75 the
1394 2128 183 75 fouth-weft
1594 2128 63 75 fide
1673 2128 40 75 of
1724 2128 54 75 the
1795 2128 151 75 Danube,
1964 2128 63 75 and
2041 2128 27 75 is
2086 2128 72 75 well
2172 2128 141 75 fortified

1329 2175 61 75 and
1406 2175 159 75 defended
1582 2175 44 75 by
1642 2175 18 75 a
1677 2175 106 75 caftle,
1808 2175 154 75 efteemed
1987 2175 61 75 one
2064 2175 41 75 of
2115 2175 55 75 the
2194 2175 120 75 ftrong-

1329 2222 43 75 eft
1388 2222 160 75 fortreffes
1565 2222 31 75 in
1617 2222 158 75 Hungary
1789 2222 9 75 :
1832 2222 44 75 E.
1894 2222 89 75 long.
2007 2222 41 75 19
2048 2204 17 49 6
2085 2222 68 75 20',
2187 2222 48 75 N.
2253 2222 58 75 lat.

1334 2275 63 75 52°
1413 2275 54 75 25'
1467 2275 12 75 .

1284 2314 350 75 BUDDESDALE,
1675 2314 19 75 a
1721 2314 122 75 market
1862 2314 87 75 town
1976 2314 40 75 of
2040 2314 141 75 Suffolk,
2218 2314 97 75 about

1331 2361 137 75 thirteen
1492 2361 91 75 miles
1600 2361 176 75 north-eaft
1803 2361 40 75 of
1865 2361 90 75 Bury
1971 2361 9 75 :
2007 2361 44 75 E.
2068 2361 89 75 long.
2180 2361 40 75 i°
2249 2361 65 75 io^

1332 2406 61 75 and
1411 2406 47 75 N.
1476 2406 59 75 lat.
1556 2406 64 75 52"
1641 2406 68 75 2^.

1285 2454 222 75 BUDDLE,
1546 2454 32 75 in
1610 2454 209 75 mineralogy,
1852 2454 19 75 a
1897 2454 89 75 large
2013 2454 113 75 fquare
2154 2454 101 75 frame
2282 2454 41 75 of

1333 2500 130 75 boards,
1488 2500 77 75 ufed
1581 2500 31 75 in
1630 2500 137 75 wafhing
1779 2500 54 75 the
1848 2500 47 75 tin
1912 2500 68 75 ore.
2031 2500 61 75 See
2104 2500 210 75 Washing.

1286 2546 275 75 BUDDLEIA,
1582 2546 32 75 in
1647 2546 135 75 botany,
1812 2546 18 75 a
1860 2546 99 75 genus
1992 2546 41 75 of
2054 2546 56 75 the
2142 2546 176 75 tetrandria

1334 2593 192 75 monogynia
1541 2593 92 75 clafs.
1680 2593 77 75 The
1774 2593 85 75 calix
1882 2593 62 75 and
1967 2593 121 75 corolla
2104 2593 52 75 are
2173 2593 77 75 each
2268 2593 49 75 di-

1333 2639 94 75 vided
1445 2639 70 75 into
1528 2639 74 75 four
1619 2639 85 75 parts
1717 2639 9 75 ;
1754 2639 54 75 the
1819 2639 128 75 ftamina
1963 2639 53 75 are
2032 2639 138 75 inferted
2181 2639 70 75 into
2262 2639 56 75 the

1335 2685 195 75 receptacle;
1556 2685 56 75 the
1636 2685 125 75 capfule
1785 2685 55 75 has
1869 2685 74 75 four
1969 2685 92 75 cells,
2086 2685 63 75 and
2176 2685 146 75 contains

1335 2731 94 75 many
1444 2731 103 75 feeds.
1606 2731 77 75 The
1700 2731 131 75 fpecies'
1831 2731 53 75 are
1901 2731 78 75 two,
2003 2731 70 75 viz.
2099 2731 55 75 the
2171 2731 146 75 occiden-

1335 2778 84 75 tals,
1446 2778 62 75 and
1530 2778 187 75 amerkana,
1742 2778 79 75 both
1838 2778 120 75 natives
1978 2778 41 75 of
2028 2778 165 75 America.

1289 2825 279 75 BUDDLING,
1587 2825 54 75 the
1659 2825 46 75 aft
1724 2825 39 75 of
1778 2825 168 75 cleanfing,
1964 2825 36 75 or
2018 2825 137 75 walhing
2172 2825 62 75 any
2250 2825 68 75 ore.

1339 2871 61 75 See
1416 2871 214 75 Washino.

1290 2918 330 75 BUDGE-tarre/r,
1648 2918 116 75 among
1780 2918 177 75 engineers,
1982 2918 89 75 fmall
2098 2918 120 75 barrels
2246 2918 75 75 well

1338 2963 137 75 hooped,
1493 2963 79 75 with
1589 2963 77 75 only
1680 2963 61 75 one
1757 2963 101 75 head;
1886 2963 40 75 on
1944 2963 55 75 the
2014 2963 93 75 other
2124 2963 61 75 end
2202 2963 26 75 is
2242 2963 79 75 nail-

1339 3011 42 75 ed
1396 3011 19 75 a
1430 3011 87 75 piece
1537 3011 40 75 of
1597 3011 135 75 leather,
1756 3011 35 75 to
1814 3011 88 75 draw
1926 3011 149 75 together
2099 3011 87 75 upon
2208 3011 113 75 firings

1338 3058 64 75 like
1419 3058 18 75 a
1459 3058 104 75 purfe.
1610 3058 106 75 Their
1732 3058 52 75 ufe
1799 3058 28 75 is
1843 3058 52 75 for
1917 3058 147 75 carrying
2080 3058 129 75 powder
2226 3058 95 75 along
2240 3072 81 104 ■itb
