2443 3377
537 154 40 75 A
633 154 40 75 R
730 154 44 75 A

1100 154 26 75 C
1180 154 85 75 344
1319 154 18 75 )

1667 154 235 75 ARB

153 215 64 75 low
245 215 120 75 points.
398 215 59 75 -It
485 215 26 75 is
539 215 37 75 to
598 215 41 75 bo
663 215 69 75 met
756 215 79 75 with
864 215 32 75 in
918 215 180 75 -windows,

156 264 57 75 29.
238 264 77 75 The
330 264 210 75 holofericea,
564 264 58 75 has
642 264 40 75 an
699 264 128 75 ovallifh
852 264 86 75 belly
954 264 139 75 cpvered
1112 264 81 75 with

155 309 20 75 a
191 309 94 75 down
305 309 63 75 like
387 309 126 75 velvet;
540 309 34 75 at
596 309 55 75 the
667 309 86 75 bafe,
778 309 38 75 or
845 309 100 75 under
974 309 83 75 part,
1082 309 26 75 it
1135 309 58 75 has

156 356 68 75 two
240 356 119 75 yellow
367 356 107 75 Ipots.
523 356 33 75 It
579 356 27 75 is
631 356 100 75 found
756 356 32 75 in
812 356 58 75 the
899 356 111 75 folded
1030 356 106 75 leaves
1160 356 42 75 of

156 403 119 75 plants.
326 403 57 75 30.
409 403 77 75 The
501 403 195 75 fenoculata,
721 403 27 75 is
775 403 225 75 difHnguilhed
1026 403 86 75 from
1139 403 57 75 the

157 450 60 75 reft
234 450 43 75 by
294 450 119 75 having
439 450 78 75 only
541 450 46 75 fix
614 450 89 75 eyes.
755 450 56 75 31.
836 450 77 75 The
930 450 183 75 avicularia,
1138 450 59 75 has

158 497 18 75 a
207 497 126 75 convex
361 497 103 75 round
488 497 116 75 bread,
638 497 164 75 hollowed
832 497 212 75 tranfverfely
1074 497 34 75 in
1140 497 57 75 the

157 544 136 75 middle.
350 544 32 75 It
405 544 26 75 is
461 544 18 75 a
505 544 109 75 native
641 544 41 75 of
704 544 165 75 America,
903 544 63 75 and
993 544 90 75 feeds
1111 544 86 75 upon

159 591 89 75 Fmall
265 591 102 75 birds,
391 591 125 75 infe&s,
543 591 65 75 6"c.
656 591 79 75 The
752 591 67 75 bite
835 591 40 75 of
894 591 65 75 this
983 591 104 75 fpider
1110 591 27 75 is
1163 591 34 75 as

157 638 175 75 venomous
349 638 33 75 as
401 638 70 75 that
489 638 40 75 of
539 638 57 75 the
611 638 139 75 ferpent.
802 638 56 75 32.
884 638 77 75 The
978 638 220 75 fpinimobilis,

160 685 58 75 has
235 685 166 75 moveable
418 685 94 75 black
528 685 103 75 fpines
649 685 42 75 on
708 685 41 75 its
765 685 83 75 legs..
897 685 34 75 It
947 685 26 75 is
1002 685 18 75 a
1042 685 106 75 native
1164 685 42 75 of

160 733 163 75 Surinam.
376 733 57 75 33.
458 733 77 75 The
552 733 177 75 venatoria,
754 733 28 75 is
798 733 20 75 a
832 733 95 75 hairy
941 733 117 75 fpider,
1084 733 80 75 with
1181 733 19 75 a

159 779 105 75 round
282 779 127 75 convex
424 779 114 75 breaft,
563 779 99 75 about
680 779 56 75 the
752 779 84 75 fame
852 779 63 75 fize
932 779 85 75 with
1029 779 55 75 the
1096 779 101 75 belly,

160 827 107 75 which
284 827 27 75 is
335 827 87 75 oval.
471 827 32 75 It
525 827 27 75 is
578 827 19 75 a
623 827 107 75 native
758 827 40 75 of
820 827 167 75 America.
1039 827 57 75 34.
1121 827 78 75 The

160 873 151 75 ocellata,
336 873 58 75 has
412 873 91 75 three
521 873 68 75 pair
606 873 40 75 of
663 873 75 75 eyes
756 873 41 75 on
823 873 42 75 its
883 873 122 75 thighs.
1056 873 31 75 It
1114 873 26 75 is
1164 873 35 75 a-

160 920 80 75 bout
259 920 56 75 the
335 920 84 75 fame
432 920 67 75 fize
520 920 79 75 with
616 920 55 75 the
689 920 172 75 tarantula,
885 920 40 75 of
945 920 19 75 a
980 920 70 75 pale
1073 920 125 75 colour,

160 966 81 75 with
258 966 19 75 a
300 966 95 75 black
411 966 72 75 ring
506 966 105 75 round
630 966 56 75 the
710 966 100 75 belly,
835 966 64 75 and
914 966 67 75 two
997 966 89 75 large
1105 966 96 75 black

161 1014 86 75 fpots
264 1014 42 75 on
322 1014 56 75 the
395 1014 78 75 fides
490 1014 40 75 of
541 1014 57 75 the
613 1014 115 75 breaft.
777 1014 33 75 It
830 1014 27 75 is
876 1014 19 75 a
910 1014 105 75 native
1027 1014 40 75 of
1079 1014 121 75 China.

165 1061 57 75 35.
239 1061 78 75 The
330 1061 171 75 tarantula,
518 1061 239 75 PlateXXIII.
772 1061 54 75 fig.
841 1061 55 75 10.
925 1061 79 75 The
1015 1061 102 75 breaft
1128 1061 71 75 (1),

162 1107 65 75 and
248 1107 89 75 belly
362 1107 69 75 (2),
457 1107 56 75 are
536 1107 41 75 of
597 1107 39 75 an
654 1107 202 75 alh-colour;
888 1107 56 75 the
967 1107 69 75 legs
1063 1107 56 75 (3)
1146 1107 56 75 are

161 1154 141 75 likewife
330 1154 235 75 aftircolourcd,
589 1154 79 75 with
697 1154 139 75 blackiih
861 1154 86 75 rings
968 1154 41 75 on
1027 1154 55 75 the
1099 1154 103 75 under

163 1200 92 75 part;
290 1200 58 75 the
371 1200 106 75 fangs,
510 1200 38 75 or
573 1200 125 75 nippers
727 1200 70 75 (4),
821 1200 54 75 are
895 1200 58 75 red
972 1200 41 75 on
1034 1200 56 75 the
1110 1200 92 75 inner

163 1248 78 75 fide,
258 1248 55 75 the
331 1248 60 75 reft
407 1248 95 75 being
521 1248 161 75 blackilh;
711 1248 56 75 (5)
785 1248 27 75 is
830 1248 56 75 the
906 1248 142 75 antennse
1066 1248 38 75 or
1120 1248 80 75 feel-

163 1294 50 75 ers
226 1294 8 75 :
262 1294 89 75 Two
367 1294 40 75 of
417 1294 41 75 its
479 1294 75 75 eyes
572 1294 53 75 are
641 1294 106 75 larger
767 1294 76 75 than
860 1294 57 75 the
928 1294 105 75 other,
1051 1294 70 75 red,
1139 1294 63 75 and

163 1341 113 75 placed
292 1341 32 75 in
342 1341 54 75 the
408 1341 109 75 front;
536 1341 74 75 four
622 1341 95 75 other
733 1341 75 75 eyes
825 1341 53 75 are
891 1341 113 75 placed
1018 1341 35 75 in
1068 1341 20 75 a
1098 1341 102 75 tranf-

163 1388 88 75 verfe
274 1388 50 75 dir
326 1388 48 75 eft
376 1388 52 75 ion
449 1388 141 75 towards
607 1388 56 75 the
679 1388 113 75 mouth
807 1388 10 75 ;
843 1388 57 75 the
928 1388 94 75 other
1049 1388 68 75 two
1144 1388 56 75 are

163 1435 112 75 nearer
291 1435 55 75 the
362 1435 95 75 back.
506 1435 32 75 It
555 1435 27 75 is
600 1435 18 75 a
634 1435 106 75 native
763 1435 40 75 of
823 1435 99 75 Italy,
949 1435 143 75 Cyprus,
1117 1435 83 75 Bar-

163 1481 92 75 bary,
281 1481 60 75 and
361 1481 55 75 the
432 1481 45 75 E.
497 1481 122 75 Indies.
666 1481 78 75 The
767 1481 101 75 breaft
883 1481 64 75 and
972 1481 89 75 belly
1084 1481 53 75 are
1166 1481 34 75 a-

164 1528 81 75 bout
257 1528 66 75 two
335 1528 109 75 inches
456 1528 90 75 long,
559 1528 192 75 terminated
763 1528 43 75 by
818 1528 66 75 two
895 1528 87 75 ftiort
993 1528 87 75 tails.
1112 1528 87 75 This

164 1575 100 75 figure
293 1575 65 75 was
375 1575 96 75 taken
499 1575 85 75 from
601 1575 55 75 the
673 1575 69 75 life,
768 1575 31 75 in
817 1575 55 75 the
889 1575 98 75 ifland
1003 1575 40 75 of
1055 1575 143 75 Cyprus,

164 1622 44 75 by
225 1622 89 75 Alex
314 1604 14 49 r
346 1622 220 75 Drummond,
584 1622 83 75 Efq;
692 1622 65 75 late
773 1622 108 75 conful
898 1622 33 75 at
948 1622 142 75 Aleppo.
1122 1622 78 75 The

165 1669 65 75 bite
247 1669 40 75 of
298 1669 56 75 the
371 1669 161 75 tarantula
547 1669 26 75 is
590 1669 67 75 faid
668 1669 35 75 to
716 1669 142 75 occafion
870 1669 39 75 an
920 1669 230 75 inflammation
1167 1669 34 75 in

164 1715 59 75 the
245 1715 84 75 part,
352 1715 105 75 which
475 1715 33 75 in
525 1715 19 75 a
559 1715 63 75 few
633 1715 99 75 hours
748 1715 108 75 brings
874 1715 42 75 on
931 1715 148 75 ficknefs,
1102 1715 99 75 faint-

165 1763 67 75 ing,
257 1763 62 75 and
336 1763 159 75 difficulty
511 1763 40 75 of
561 1763 171 75 breathing
744 1763 8 75 :
787 1763 77 75 The
881 1763 113 75 perfon
1010 1763 190 75 afterwards

165 1809 27 75 is
210 1809 136 75 affefted
368 1809 79 75 with
468 1809 19 75 a
506 1809 161 75 delirium,
693 1809 125 75 putting
830 1809 132 75 himfelf
972 1809 70 75 into
1053 1809 55 75 the
1119 1809 81 75 moft

168 1854 211 75 extravagant
406 1854 155 75 poftures.
609 1854 177 75 However,
811 1854 64 75 this
893 1854 26 75 is
935 1854 58 75 not
1009 1854 119 75 always
1144 1854 56 75 the

167 1903 91 75 cafe;
285 1903 52 75 for
358 1903 79 75 they
454 1903 54 75 are
524 1903 180 75 fometimes
720 1903 107 75 feized
844 1903 80 75 with
945 1903 18 75 a
979 1903 81 75 deep
1079 1903 121 75 melan-

168 1949 109 75 choly.
325 1949 79 75 The
431 1949 85 75 fame
542 1949 175 75 fyroptoms
741 1949 108 75 return
875 1949 162 75 annually,
1062 1949 34 75 in
1113 1949 87 75 fome

167 1995 99 75 cafes,
292 1995 52 75 for
362 1995 119 75 feveral
507 1995 105 75 years,
638 1995 62 75 and
716 1995 32 75 at
771 1995 57 75 laft
850 1995 168 75 terminate
1034 1995 32 75 in
1089 1995 110 75 death.

167 2041 107 75 Mufic
298 2041 28 75 is
348 2041 68 75 faid
435 2041 36 75 to
487 2041 40 75 be
544 2041 57 75 the
617 2041 78 75 only
710 2041 88 75 cure.
847 2041 32 75 It
904 2041 131 75 induces
1060 2041 57 75 the
1145 2041 55 75 pa-

167 2088 82 75 tient
268 2088 36 75 to
320 2088 113 75 dance,
458 2088 60 75 and
536 2088 97 75 fweat
648 2088 58 75 out
722 2088 55 75 the
794 2088 121 75 poifon.
967 2088 56 75 36.
1047 2088 76 75 The
1136 2088 66 75 fce-

168 2135 84 75 nica,
276 2135 27 75 is
320 2135 19 75 a
354 2135 96 75 black
471 2135 148 75 jumping
645 2135 117 75 fpider,
785 2135 80 75 with
888 2135 91 75 three
996 2135 98 75 white
1110 2135 92 75 femi-

169 2181 137 75 circular
327 2181 81 75 lines
436 2181 104 75 acrofs
556 2181 42 75 its
615 2181 100 75 body.
762 2181 34 75 It
823 2181 167 75 frequents
1018 2181 56 75 old
1097 2181 106 75 walls.

170 2228 58 75 37.
253 2228 77 75 The
358 2228 197 75 truncorum,
581 2228 26 75 is
635 2228 19 75 a
680 2228 94 75 black
798 2228 149 75 jumping
973 2228 117 75 fpider,
1123 2228 79 75 with

169 2273 98 75 white
291 2273 87 75 fpots
401 2273 42 75 on
467 2273 57 75 the
551 2273 96 75 back.
695 2273 34 75 It
750 2273 167 75 frequents
938 2273 24 75 w
962 2255 6 49 r
968 2273 73 75 alis,
1067 2273 63 75 and
1145 2273 59 75 old

170 2322 108 75 wood.
342 2322 57 75 38.
423 2322 79 75 The
527 2322 161 75 rupeftris,
712 2322 27 75 is
760 2322 26 75 .a
809 2322 147 75 jumping
983 2322 114 75 fpider,
1123 2322 81 75 with

170 2368 94 75 black
290 2368 88 75 fpots
394 2368 42 75 on
452 2368 41 75 its
509 2368 101 75 belly,
635 2368 107 75 which
766 2368 28 75 is
818 2368 104 75 edged
950 2368 79 75 with
1054 2368 57 75 red
1140 2368 63 75 and

170 2414 98 75 white
300 2414 33 75 in
365 2414 55 75 the
445 2414 134 75 middle.
642 2414 34 75 It
703 2414 165 75 frequents
895 2414 90 75 walls
1013 2414 64 75 and
1104 2414 97 75 trees.

171 2462 59 75 3.9.
254 2462 76 75 The
348 2462 160 75 aquatica,
532 2462 28 75 is
584 2462 40 75 of
646 2462 19 75 a
690 2462 80 75 livid
797 2462 123 75 colour,
956 2462 80 75 with
1064 2462 39 75 an
1130 2462 73 75 oval

169 2509 101 75 belly,
295 2509 64 75 and
382 2509 19 75 a
427 2509 174 75 tranfverfe
624 2509 78 75 line,
731 2509 61 75 and
817 2509 66 75 two
899 2509 161 75 hollowed
1084 2509 119 75 points.

170 2556 33 75 It
220 2556 166 75 frequents
400 2556 58 75 the
474 2556 82 75 frdh
574 2556 114 75 waters
701 2556 39 75 of
751 2556 153 75 Europe,;
924 2556 63 75 and
1001 2556 126 75 lodges,
1142 2556 62 75 du-

171 2602 72 75 ring
268 2602 55 75 the
345 2602 125 75 winter,
496 2602 32 75 in
556 2602 109 75 empty
691 2602 106 75 (hells,
828 2602 107 75 which
963 2602 25 75 it
1016 2602 189 75 dextroufly

171 2648 87 75 (huts
284 2648 42 75 up
352 2648 80 75 with
459 2648 18 75 a
504 2648 84 75 web.
638 2648 58 75 40.
720 2648 78 75 The
824 2648 136 75 faccata,
984 2648 58 75 has
1067 2648 40 75 an
1132 2648 73 75 oval

171 2692 87 75 belly
275 2692 39 75 of
327 2692 18 75 a
360 2692 102 75 dulky
478 2692 70 75 iron
566 2692 125 75 colour.
723 2692 33 75 It
769 2692 78 75 lives
864 2692 32 75 in
913 2692 55 75 the
986 2692 137 75 ground,
1143 2692 63 75 and

172 2741 116 75 carries
307 2741 18 75 a
341 2741 73 75 fack
425 2741 79 75 with
516 2741 42 75 its
570 2741 91 75 eggs,
673 2741 197 75 where-ever
882 2741 26 75 it
920 2741 89 75 goes.
1032 2741 86 75 This
1125 2741 79 75 fack

172 2788 27 75 it
214 2788 89 75 glues
321 2788 35 75 to
367 2788 42 75 its
426 2788 99 75 belly,
551 2788 62 75 and
629 2788 68 75 will
712 2788 109 75 rather
837 2788 52 75 die
907 2788 78 75 than
1001 2788 90 75 leave
1102 2788 27 75 it
1146 2788 55 75 be-

172 2835 92 75 hind.
314 2835 58 75 41.
396 2835 79 75 The
491 2835 157 75 paluftris,
673 2835 56 75 has
758 2835 40 75 an
822 2835 120 75 oblong
958 2835 120 75 cloudy
1101 2835 102 75 belly,

173 2881 78 75 with
269 2881 66 75 two
351 2881 99 75 white
467 2881 78 75 lines
563 2881 40 75 on
621 2881 79 75 each
715 2881 74 75 fide.
837 2881 34 75 It
893 2881 166 75 frequents
1080 2881 125 75 marihy

174 2927 155 75 grounds.
395 2927 58 75 42.
477 2927 78 75 The
578 2927 155 75 virefcens
772 2927 58 75 has
856 2927 37 75 an
917 2927 120 75 oblong
1064 2927 141 75 greenifti

173 2973 117 75 yellow
306 2973 100 75 belly,
423 2973 79 75 with
520 2973 97 75 white
633 2973 81 75 lines
727 2973 41 75 on
781 2973 55 75 the
852 2973 93 75 fides.
994 2973 33 75 It
1039 2973 165 75 frequents

174 3020 148 75 gardens.
372 3020 57 75 43.
454 3020 77 75 The
557 3020 125 75 viatica,
707 3020 57 75 has
793 3020 19 75 a
838 3020 148 75 roundilh
1002 3020 86 75 plain
1104 3020 100 75 belly.

1289 215 79 75 with
1386 215 54 75 the
1457 215 74 75 four
1548 215 57 75 laft
1621 215 69 75 legs
1704 215 123 75 ftiorter
1840 215 78 75 than
1930 215 57 75 the
1999 215 124 75 others.
2167 215 33 75 It
2219 215 45 75 fr?

1275 262 131 75 'quents
1424 262 148 75 gardens,
1589 262 64 75 and
1667 262 53 75 fits
1735 262 85 75 upon
1837 262 41 75 its
1895 262 91 75 eggs.
2026 262 60 75 44.
2104 262 79 75 The
2196 262 86 75 kevi-

1291 308 68 75 pes,
1384 308 58 75 has
1471 308 18 75 a
1512 308 164 75 depreffed
1693 308 201 75 rhoinboidal
1911 308 100 75 belly,
2038 308 79 75 with
2141 308 43 75 its
2214 308 69 75 legs

1291 356 164 75 extended
1468 356 35 75 in
1528 356 19 75 a
1571 356 174 75 tranfverfe
1772 356 168 75 direftion.
1990 356 32 75 It
2049 356 27 75 is
2104 356 103 75 found
2236 356 43 75 on

1289 402 87 75 trees
1397 402 62 75 and
1476 402 103 75 walls.
1630 402 58 75 45.
1712 402 78 75 The
1806 402 214 75 tetracantha,
2044 402 59 75 has
2117 402 19 75 a
2150 402 141 75 lunated.

1293 449 99 75 belly,
1418 449 63 75 and
1506 449 27 75 is
1557 449 104 75 found
1684 449 33 75 in
1746 449 41 75 St
1808 449 177 75 Thomass
2006 449 66 75 ifle.
2121 449 60 75 46.
2207 449 77 75 The

1294 497 232 75 cancriformis,
1551 497 57 75 has
1626 497 20 75 a
1664 497 149 75 globular
1832 497 100 75 belly,
1959 497 63 75 and
2039 497 26 75 is
2090 497 18 75 a
2125 497 106 75 native
2248 497 42 75 of

1254 543 5 75 .
1292 543 166 75 America.
1509 543 57 75 47.
1591 543 78 75 The
1692 543 135 75 fpinofa,
1853 543 57 75 has
1935 543 90 75 eight
2049 543 104 75 fpines
2175 543 43 75 on
2241 543 43 75 its

1294 590 94 75 back,
1407 590 62 75 and
1485 590 19 75 a
1520 590 123 75 conical
1658 590 101 75 belly.
1808 590 33 75 It
1857 590 27 75 is
1904 590 19 75 a
1940 590 106 75 native
2064 590 40 75 of
2116 590 167 75 America.

1247 638 67 75 All
1318 638 98 75 ANE
1420 638 33 75 A
1478 638 75 75 cone
1555 638 36 75 he
1593 638 32 75 a,
1650 638 56 75 the
1729 638 212 75 fpider-lhell,
1972 638 18 75 a
2016 638 92 75 name
2132 638 95 75 given
2249 638 38 75 to

1297 683 117 75 feveral
1432 683 118 75 fpecies
1567 683 40 75 of
1625 683 130 75 murex.
1806 683 62 75 See
1885 683 67 75 Mu
1960 683 87 75 rex.

1248 732 245 75 ARANEUS,
1519 732 32 75 in
1569 732 153 75 zoology,
1747 732 56 75 the
1827 732 106 75 trivial
1956 732 93 75 name
2073 732 41 75 of
2133 732 19 75 a
2167 732 119 75 fpecies

1297 776 39 75 of
1356 776 126 75 cancer.
1533 776 63 75 See
1613 776 174 75 Cancer.

1247 825 273 75 ARANJUEZ,
1546 825 18 75 a
1576 825 110 75 palace
1700 825 173 75 belonging
1890 825 38 75 to
1942 825 56 75 the
2017 825 79 75 king
2112 825 42 75 of
2173 825 111 75 Spain,

1296 870 194 75 beautifully
1504 870 135 75 fituated
1656 870 43 75 on
1721 870 56 75 the
1794 870 100 75 banks
1912 870 40 75 of
1963 870 56 75 the
2041 870 127 75 Tagus,
2186 870 105 75 about

1296 916 110 75 fifteen
1423 916 37 75 or
1477 916 121 75 fixteen
1614 916 92 75 miles
1723 916 153 75 eaftward
1888 916 40 75 of
1947 916 148 75 Madrid.

1248 965 130 75 ARAB
1382 965 176 75 ABACA,
1582 965 34 75 in
1632 965 132 75 botany,
1790 965 19 75 a
1831 965 163 75 fynonime
2010 965 41 75 of
2070 965 56 75 the
2142 965 141 75 fpigelia.

1300 1010 61 75 See
1379 1010 202 75 Spigelia.

1249 1058 218 75 ARARAT,
1494 1058 55 75 the
1572 1058 94 75 name
1684 1058 160 75 anciently
1861 1058 94 75 given
1973 1058 35 75 to
2024 1058 71 75 part
2117 1058 39 75 of
2174 1058 112 75 mount

1298 1104 173 75 Caucafus,
1496 1104 89 75 lying
1601 1104 145 75 between
1764 1104 55 75 the
1835 1104 131 75 Euxine
1977 1104 63 75 and
2054 1104 140 75 Cafpian
2204 1104 80 75 feas,

1300 1151 61 75 and
1378 1151 108 75 where
1501 1151 127 75 Noahs
1640 1151 59 75 ark
1715 1151 115 75 refted.

1250 1198 290 75 ARARAUNA,
1572 1198 33 75 in
1628 1198 221 75 ornithology,
1880 1198 57 75 the
1961 1198 107 75 trivial
2092 1198 94 75 name
2208 1198 41 75 of
2268 1198 20 75 a

1299 1243 117 75 fpecies
1433 1243 40 75 of
1491 1243 160 75 pfittacus,
1704 1243 62 75 See
1781 1243 239 75 Psittacus.

1249 1290 178 75 ARASH,
1453 1290 18 75 a
1494 1290 68 75 city
1577 1290 40 75 of
1636 1290 55 75 the
1707 1290 151 75 province
1874 1290 41 75 of
1925 1290 118 75 Afgar,
2069 1290 33 75 in
2118 1290 56 75 the
2191 1290 93 75 king-

1298 1336 76 75 dom
1402 1336 41 75 of
1466 1336 81 75 Fez,
1580 1336 110 75 where
1717 1336 55 75 the
1800 1336 84 75 river
1910 1336 94 75 Luca
2030 1336 76 75 falls
2132 1336 70 75 into
2229 1336 56 75 the

1297 1383 150 75 Weftern
1463 1383 124 75 Ocean.

1249 1431 219 75 ARAUCO,
1493 1431 19 75 a
1528 1431 67 75 city
1611 1431 40 75 of
1670 1431 102 75 Chili,
1798 1431 33 75 in
1849 1431 36 75 S.
1904 1431 164 75 America,
2093 1431 132 75 fituated
2244 1431 42 75 on

1297 1475 19 75 a
1339 1475 84 75 river
1447 1475 40 75 of
1503 1475 59 75 the
1584 1475 85 75 fame
1686 1475 104 75 name,
1815 1475 32 75 in
1867 1475 63 75 78
1946 1475 62 75 W.
2025 1475 90 75 long,
2141 1475 63 75 and
2222 1475 41 75 37
2263 1457 23 49 0

1299 1523 37 75 S.
1353 1523 60 75 lat.

1250 1571 210 75 ARAXES,
1485 1571 39 75 Qr
1540 1571 147 75 Arras,
1714 1571 18 75 a
1749 1571 83 75 river
1844 1571 41 75 of
1895 1571 117 75 Perfia.
2062 1571 63 75 See
2141 1571 144 75 Arras.

1250 1618 182 75 ARAYA,
1457 1618 60 75 one
1534 1618 40 75 of
1591 1618 57 75 the
1664 1618 81 75 moft
1761 1618 183 75 celebrated
1961 1618 92 75 capes
2070 1618 32 75 in
2127 1618 38 75 S.
2183 1618 101 75 Ame-

1297 1662 78 75 rica,
1402 1662 140 75 forming
1559 1662 55 75 the
1628 1662 100 75 north
1745 1662 92 75 point
1853 1662 41 75 of
1913 1662 55 75 the
1987 1662 85 75 river
2092 1662 191 75 Oronoque.

1300 1709 61 75 See
1379 1709 239 75 ORONociUE.

1249 1757 97 75 ARB
1352 1757 145 75 ALET,
1507 1757 56 75 the
1572 1757 83 75 fame
1664 1757 81 75 with
1754 1757 188 75 crofs-bow.
1962 1757 62 75 See
2033 1757 82 75 Cro
2124 1757 14 75 s
2148 1757 136 75 s-bow.

1249 1802 212 75 ARBELA,
1487 1802 38 75 or
1542 1802 126 75 Irbil,
1693 1802 32 75 in
1743 1802 198 75 geography.
1991 1802 62 75 See
2070 1802 125 75 Irbil.

1249 1849 232 75 ARBITER,
1506 1849 33 75 in
1550 1849 76 75 law,
1651 1849 19 75 a
1686 1849 112 75 perfon
1816 1849 35 75 to
1867 1849 107 75 whofe
1990 1849 136 75 decifion
2145 1849 61 75 any
2222 1849 63 75 dif-

1298 1893 75 75 pute
1385 1893 38 75 or
1438 1893 174 75 difference
1625 1893 27 75 is
1665 1893 195 75 voluntarily
1872 1893 143 75 referred
2027 1893 43 75 by
2082 1893 57 75 the
2151 1893 132 75 parties.

1250 1941 300 75 ARBITRARY,
1575 1941 71 75 that
1663 1941 105 75 which
1786 1941 27 75 is
1830 1941 59 75 left
1902 1941 35 75 to
1949 1941 55 75 the
2021 1941 110 75 choice
2147 1941 37 75 or
2200 1941 85 75 arbi-

1300 1986 118 75 tration
1435 1986 40 75 of
1493 1986 85 75 men,
1604 1986 37 75 or
1654 1986 57 75 not
1727 1986 88 75 fixed
1831 1986 44 75 by
1891 1986 61 75 any
1963 1986 131 75 pofitive
2105 1986 63 75 law
2183 1986 37 75 or
2234 1986 51 75 in-

1295 2034 157 75 junftion.

1251 2080 238 75 Arbitrary
1512 2080 220 75 punijhment,
1767 2080 34 75 in
1829 2080 96 75 Scots
1948 2080 76 75 law,
2055 2080 135 75 denotes
2209 2080 77 75 fuch

1300 2127 211 75 punifhments
1529 2127 34 75 as
1581 2127 52 75 are
1649 2127 45 75 by
1710 2127 115 75 ftatute
1843 2127 59 75 left
1926 2127 36 75 to
1982 2127 56 75 the
2056 2127 171 75 diferetion
2249 2127 43 75 of

1301 2173 55 75 the
1375 2173 117 75 judge.
1541 2173 32 75 It
1589 2173 27 75 is
1633 2173 19 75 a
1676 2173 128 75 general
1830 2173 68 75 rule
1922 2173 33 75 in
1979 2173 160 75 arbitrary
2160 2173 127 75 punifh-

1301 2220 117 75 ments,
1452 2220 71 75 that
1550 2220 56 75 the
1626 2220 101 75 judge
1752 2220 116 75 cannot
1892 2220 98 75 inflift
2012 2220 111 75 death.
2172 2220 115 75 Hence

1301 2266 42 75 all
1362 2266 212 75 punifhments
1590 2266 72 75 that
1678 2266 54 75 are
1749 2266 57 75 not
1821 2266 115 75 capital
1958 2266 81 75 have
2061 2266 153 75 acquired
2232 2266 56 75 the

1302 2313 90 75 name
1405 2313 41 75 of
1464 2313 159 75 arbitrary
1639 2313 227 75 punifhments,
1886 2313 83 75 even
1985 2313 156 75 although
2157 2313 77 75 they
2246 2313 42 75 be

1302 2360 163 75 exprefsly
1483 2360 131 75 pointed
1630 2360 56 75 out
1704 2360 43 75 by
1762 2360 126 75 ftatute.

1253 2408 357 75 ARBITRATION,
1635 2408 251 75 Arbitrage,
1911 2408 38 75 or
1974 2408 314 75 Arbitrement,

1303 2454 55 75 the
1376 2454 106 75 power
1496 2454 95 75 given
1608 2454 42 75 by
1671 2454 195 75 contending
1889 2454 119 75 parties
2031 2454 35 75 to
2091 2454 39 75 an
2155 2454 131 75 arbiter.

1304 2500 266 75 SeeARBiTER.

1254 2547 337 75 ARBITRATOR,
1616 2547 19 75 a
1655 2547 124 75 private
1802 2547 247 75 extraordinary
2069 2547 115 75 judge,
2209 2547 78 75 cho-

1303 2594 51 75 fen
1379 2594 42 75 by
1446 2594 56 75 the
1524 2594 122 75 mutual
1670 2594 130 75 confent
1827 2594 40 75 of
1886 2594 132 75 parties,
2048 2594 36 75 to
2110 2594 177 75 determine

1276 2639 3 75 .
1301 2639 226 75 controverfies
1542 2639 146 75 between
1703 2639 102 75 them.

1254 2686 190 75 ARBOIS,
1462 2686 19 75 a
1496 2686 89 75 town
1601 2686 41 75 of
1652 2686 126 75 Branch
1795 2686 141 75 Compte
1952 2686 32 75 in
2000 2686 136 75 France,
2153 2686 135 75 fituated

1303 2733 29 75 in
1354 2733 15 75 5
1369 2715 22 49 0
1410 2733 56 75 40'
1481 2733 31 75 E
1543 2733 90 75 long,
1658 2733 63 75 and
1738 2733 67 75 46
1828 2733 53 75 5c/
1897 2733 48 75 N.
1962 2733 61 75 lat.

1254 2780 180 75 ARBON,
1461 2780 18 75 a
1504 2780 86 75 iown
1616 2780 39 75 of
1675 2780 128 75 Swabia
1826 2780 32 75 in
1883 2780 181 75 Germany,
2096 2780 135 75 fituated
2254 2780 34 75 in

1302 2827 42 75 9
1367 2827 53 75 30'
1436 2827 44 75 E.
1499 2827 88 75 long,
1614 2827 63 75 and
1694 2827 63 75 47
1775 2827 56 75 40'
1848 2827 34 75 N
1913 2827 59 75 lat,

1254 2873 179 75 ARBOR,
1459 2873 31 75 in
1506 2873 195 75 mechanics,
1727 2873 56 75 the
1795 2873 154 75 principal
1966 2873 70 75 part
2052 2873 41 75 of
2111 2873 19 75 a
2140 2873 148 75 machine

1303 2919 105 75 which
1424 2919 103 75 ferves
1544 2919 36 75 to
1595 2919 114 75 fuftain
1725 2919 55 75 the
1797 2919 82 75 reft:
1907 2919 65 75 alio
1989 2919 54 75 the
2057 2919 73 75 axis
2147 2919 36 75 or
2203 2919 84 75 Ipin-

1300 2967 53 75 dle
1370 2967 41 75 on
1429 2967 103 75 which
1546 2967 18 75 a
1580 2967 145 75 machine
1740 2967 104 75 turns,
1861 2967 34 75 as
1912 2967 56 75 the
1985 2967 95 75 arbor
2093 2967 39 75 of
2143 2967 19 75 a
2178 2967 108 75 crane,

1300 3014 168 75 windoull,
1493 3014 66 75 6"c.

2135 3055 148 75 ARBO-
