2521 3337
479 107 41 75 A
582 107 35 75 C
677 107 42 75 H

1059 107 18 75 (
1142 107 47 75 17
1248 107 20 75 )

1604 107 136 75 AC
1797 107 45 75 H

152 181 93 75 notes
271 181 19 75 a
316 181 127 75 Roman
470 181 153 75 meafure,
655 181 81 75 both
762 181 54 75 for
839 181 110 75 Irquid,
974 181 64 75 and
1069 181 63 75 dry

153 226 120 75 things,
297 226 95 75 equal
415 226 35 75 to
474 226 19 75 a
508 226 133 75 cyathus
659 226 63 75 and
744 226 19 75 a
776 226 85 75 half.

108 271 356 75 ACETABULUM,
488 271 32 75 in
534 271 160 75 anatomy,
719 271 19 75 a
749 271 107 75 cavity
867 271 31 75 in
912 271 62 75 any
985 271 84 75 bone
1081 271 53 75 for

155 317 157 75 receiving
325 317 55 75 the
396 317 206 75 protuberant
613 317 85 75 head
710 317 38 75 of
761 317 145 75 another,
925 317 63 75 and
998 317 136 75 thereby

154 363 139 75 forming
304 363 71 75 that
390 363 118 75 Ipecies
534 363 41 75 of
590 363 203 75 articulation
809 363 103 75 called
926 363 207 75 enartbrdfis.

157 409 62 75 See
235 409 219 75 Anatomy,
480 409 77 75 Part
573 409 31 75 I.

108 455 289 75 Acetabulum,
422 455 32 75 in
470 455 133 75 botany,
627 455 58 75 the
701 455 106 75 trivial
826 455 91 75 name
933 455 40 75 of
984 455 19 75 a
1017 455 118 75 fpecies

153 502 43 75 of
205 502 56 75 the
278 502 125 75 peziza,
428 502 40 75 or
491 502 206 75 cup-peziza,
720 502 20 75 a
762 502 117 75 fungus
902 502 172 75 belonging
1101 502 36 75 to

156 547 57 75 the
229 547 221 75 cryptogamia
465 547 91 75 fungi
579 547 41 75 of
643 547 164 75 Linnajus.
857 547 33 75 It
917 547 58 75 has
1001 547 56 75 got
1082 547 57 75 the

155 593 91 75 name
269 593 40 75 of
320 593 203 75 acetabulum
540 593 85 75 from
653 593 54 75 the
725 593 213 75 re&mbiance
965 593 42 75 its
1031 593 105 75 leaves

156 638 77 75 bear
250 638 35 75 to
302 638 19 75 a
336 638 75 75 cup.
454 638 251 75 Bee.Peziza.

989 638 12 75 *

110 685 246 75 ACETARY.
384 685 181 75 Nehemiah
577 685 115 75 Grew,
704 685 34 75 in
748 685 50 75 his
810 685 152 75 anatomy
973 685 39 75 of
1018 685 118 75 plants,

157 730 119 75 applies
294 730 63 75 this
377 730 82 75 term
475 730 35 75 to
527 730 19 75 a
561 730 98 75 pulpy
679 730 159 75 fubftance
850 730 32 75 in
893 730 120 75 certain
1030 730 106 75 fruits,

157 778 30 75 e.
199 778 38 75 g.
254 778 55 75 the
326 778 87 75 pear,
430 778 107 75 which
547 778 29 75 is
586 778 139 75 inclbfed
740 778 31 75 in
785 778 18 75 a
815 778 162 75 congeries
996 778 41 75 of
1047 778 90 75 fmall

157 823 159 75 calculous
333 823 109 75 bodies
459 823 143 75 towards
616 823 55 75 the
698 823 74 75 bafe
787 823 40 75 of
838 823 55 75 the
916 823 91 75 fruit,
1031 823 64 75 and
1110 823 27 75 is

158 869 117 75 always
292 869 41 75 of
343 869 39 75 an
395 869 71 75 acid
476 869 91 75 tafte.
601 869 62 75 See
675 869 308 75 Agriculture,
1002 869 87 75 Se&.
1106 869 31 75 1.

110 916 400 75 ACETIFICATION,
534 916 21 75 a
570 916 83 75 term
669 916 78 75 ufed
769 916 45 75 by
837 916 144 75 chemilts
1007 916 52 75 for
1082 916 56 75 the

157 960 128 75 making
300 960 41 75 of
352 960 142 75 vinegar.

110 1007 242 75 ACETOSA,
377 1007 32 75 in
432 1007 133 75 botany,
590 1007 19 75 a
624 1007 164 75 fynonime
804 1007 40 75 of
866 1007 56 75 the
949 1007 127 75 rumex,
1100 1007 39 75 or

160 1052 110 75 forrel.
321 1052 62 75 See
399 1052 159 75 Rumex.

111 1099 239 75 ACETOSE,
376 1099 37 75 or
436 1099 203 75 Acetous,
665 1099 39 75 an
721 1099 121 75 epithet
869 1099 128 75 applied
1011 1099 36 75 to
1062 1099 77 75 fuch

157 1144 177 75 fubftances
351 1144 34 75 as
402 1144 53 75 are
470 1144 85 75 four,
573 1144 38 75 or
626 1144 131 75 partake
773 1144 41 75 of
823 1144 56 75 the
895 1144 114 75 nature
1032 1144 41 75 of
1091 1144 48 75 vi-

158 1190 110 75 negar.

112 1237 224 75 ACETUM,
359 1237 144 75 vinegar,
527 1237 56 75 the
595 1237 170 75 vegetable
782 1237 72 75 acid
864 1237 41 75 of
911 1237 56 75 the
979 1237 159 75 chemife.

161 1283 61 75 See
239 1283 250 75 Chemistry,
513 1283 85 75 title,
623 1283 56 75 t)f
684 1283 105 75 acids,

114 1328 169 75 Acetum
301 1328 207 75 dijlillatum,
532 1328 32 75 in
584 1328 180 75 chemiftry,
789 1328 138 75 diftilled
945 1328 144 75 vinegar.

113 1374 171 75 Acetum
302 1374 155 75 efuriens,
474 1374 34 75 in
523 1374 180 75 chemiftry,
721 1374 19 75 a
755 1374 139 75 diftilled
908 1374 142 75 vinegar,
1069 1374 68 75 rec-

164 1419 89 75 tifTed
268 1419 44 75 by
329 1419 55 75 the
399 1419 77 75 help
492 1419 41 75 of
550 1419 211 75 verdigreafe.

112 1466 172 75 Acetum
315 1466 199 75 radicatum.
566 1466 188 75 Boerhaave
781 1466 109 75 thinks
910 1466 56 75 the
988 1466 151 75 tartacus

162 1513 209 75 regenerate
387 1513 27 75 is
430 1513 58 75 the
502 1513 127 75 acetum
645 1513 189 75 radicatum
858 1513 40 75 of
910 1513 56 75 the
983 1513 58 75 old
1064 1513 74 75 che-

161 1558 99 75 mifls.

114 1605 365 75 ACGIAH-SARAI,
504 1605 20 75 a
545 1605 89 75 towp
661 1605 41 75 on
728 1605 55 75 the
806 1605 96 75 north
918 1605 90 75 ftiore
1025 1605 41 75 of
1084 1605 56 75 the

163 1649 136 75 Cafpian
315 1649 64 75 fea.

116 1695 114 75 ACH,
255 1695 38 75 or
308 1695 125 75 Ache,
457 1695 34 75 in
513 1695 169 75 medicine,
705 1695 20 75 a
748 1695 81 75 term
848 1695 77 75 ufed
940 1695 52 75 for
1008 1695 62 75 any
1092 1695 48 75 fe-

164 1737 74 75 vere
253 1737 86 75 pain,
364 1737 216 75 ashead-ach,
605 1737 182 75 tooth-ach,
813 1737 64 75 ice.
926 1737 63 75 See
1013 1737 127 75 Medi-

169 1783 103 75 cine.

116 1831 178 75 ACHAC,
319 1831 19 75 a
353 1831 173 75 barbarous
550 1831 93 75 name
666 1831 40 75 of
717 1831 18 75 a
756 1831 119 75 fpecies
898 1831 41 75 of
949 1831 55 75 the
1020 1831 118 75 tetrao,

164 1874 17 75 a
197 1874 72 75 bird
284 1874 40 75 of
339 1874 55 75 the
410 1874 95 75 order
520 1874 40 75 of
570 1874 138 75 gallinae.
758 1874 61 75 See
834 1874 185 75 Tetrao.

114 1922 276 75 ACfLEINUS.
442 1922 65 75 See
527 1922 57 75 Ac
592 1922 37 75 hi
637 1922 110 75 ends.

112 1967 200 75 ACHAIA,
337 1967 19 75 a
372 1967 149 75 province
536 1967 41 75 of
587 1967 137 75 Turkey
735 1967 34 75 in
784 1967 144 75 Europe,
945 1967 74 75 now
1034 1967 104 75 called

161 2013 153 75 Livadia,
338 2013 41 75 of
388 2013 107 75 which
521 2013 126 75 Athens
671 2013 65 75 was
760 2013 160 75 anciently
935 2013 56 75 the
1007 2013 128 75 capital,

160 2057 32 75 at
215 2057 124 75 prefent
375 2057 114 75 named
523 2057 169 75 Saithinei
716 2057 37 75 or
776 2057 142 75 Setines.
984 2057 62 75 See
1069 2057 67 75 Li-

111 2086 14 49 r
161 2104 136 75 VADIA.

112 2150 334 75 ACHALACTLI,
469 2150 34 75 in
519 2150 218 75 ornithology,
764 2150 18 75 a
797 2150 173 75 barbarous
993 2150 92 75 name
1101 2150 40 75 of

159 2195 54 75 the
230 2195 147 75 columba
392 2195 244 75 cyanocephala.
686 2195 63 75 See
769 2195 208 75 Columba.

111 2242 190 75 ACHAM,
326 2242 19 75 a
367 2242 136 75 country
521 2242 32 75 in
566 2242 55 75 the
636 2242 45 75 E.
699 2242 121 75 Indies,
843 2242 152 75 bounded
1010 2242 43 75 on
1079 2242 56 75 the

159 2288 47 75 N.
223 2288 44 75 by
283 2288 144 75 Bouton,
444 2288 42 75 on
503 2288 54 75 the
573 2288 46 75 E.
634 2288 46 75 by
696 2288 118 75 China,
840 2288 42 75 on
897 2288 56 75 the
971 2288 37 75 S.
1026 2288 43 75 by
1086 2288 48 75 A-

159 2333 50 75 va,
235 2333 62 75 and
312 2333 42 75 on
372 2333 55 75 the
449 2333 62 75 W.
527 2333 44 75 by
590 2333 102 75 Patan
717 2333 63 75 and
804 2333 109 75 Jefuat
936 2333 33 75 in
997 2333 135 75 Bengal.

158 2379 31 75 It
205 2379 26 75 is
251 2379 78 75 very
343 2379 84 75 little
442 2379 118 75 known
576 2379 36 75 to
627 2379 55 75 the
699 2379 200 75 Europeans.

111 2426 215 75 ACHANE,
349 2426 33 75 in
398 2426 124 75 Perfian
539 2426 172 75 antiquity,
738 2426 21 75 a
776 2426 246 75 corn-meafure,
1039 2426 94 75 equal

159 2469 34 75 to
211 2469 163 75 forty-five
389 2469 95 75 Attic
499 2469 164 75 mediami.
713 2469 61 75 See
789 2469 205 75 Medimni.

112 2518 279 75 ACHANDES.
442 2518 60 75 See
518 2518 186 75 Remora.

112 2564 248 75 ACHAOVA,
377 2564 33 75 in
421 2564 132 75 botany,
571 2564 39 75 an
622 2564 142 75 obfolete
775 2564 91 75 name
881 2564 42 75 of
933 2564 55 75 the
1011 2564 122 75 marum

160 2609 189 75 matricaria,
375 2609 64 75 die.
489 2609 61 75 See
567 2609 167 75 Marum.

112 2656 258 75 ACHASSES,
396 2656 19 75 a
430 2656 85 75 river
530 2656 40 75 of
586 2656 198 75 Languedoc
803 2656 32 75 in
856 2656 134 75 France.

111 2701 182 75 ACHAT,
328 2701 32 75 in
384 2701 55 75 the
470 2701 218 75 law-French,
721 2701 133 75 fignifies
878 2701 20 75 a
923 2701 142 75 contra#
1095 2701 38 75 or

159 2746 141 75 bargain,
325 2746 166 75 efpecially
506 2746 43 75 by
564 2746 73 75 way
652 2746 41 75 of
703 2746 164 75 purchafe.

113 2792 181 75 ACHAT.
344 2792 60 75 See
421 2792 130 75 Agat.

113 2839 248 75 ACHATOR,
387 2839 31 75 in
436 2839 54 75 the
507 2839 57 75 old
577 2839 195 75 law-books,
797 2839 27 75 is
852 2839 77 75 ufed
954 2839 51 75 for
1032 2839 99 75 Pur-

160 2884 144 75 veyor,
330 2884 102 75 which
454 2884 62 75 fee.

208 2929 94 75 Vol.
320 2929 31 75 I.
377 2929 70 75 No.
470 2929 30 75 1.

688 2929 19 75 3

1183 175 466 75 ACHBALUG-MANGI,
1665 175 18 75 a
1695 175 87 75 town
1793 175 32 75 in
1837 175 56 75 the
1906 175 151 75 northern
2075 175 138 75 confines

1229 221 41 75 of
1281 221 119 75 China.

1182 267 146 75 ACHE,
1354 267 33 75 in
1403 267 168 75 medicine.
1621 267 62 75 See
1702 267 101 75 Ach.

1184 313 349 75 ACHECAMBEY,
1559 313 60 75 one
1647 313 40 75 of
1711 313 55 75 the
1789 313 146 75 Bahama
1960 313 127 75 iflands.
2152 313 62 75 See

1231 359 183 75 Bahama.

1185 406 213 75 ACHELO,
1424 406 19 75 a
1458 406 88 75 town
1562 406 76 75 near
1653 406 56 75 the
1724 406 132 75 Euxine
1875 406 62 75 fea.

1186 452 187 75 AGHEN,
1398 452 38 75 or
1451 452 57 75 Ac
1516 452 94 75 hem,
1635 452 19 75 a
1670 452 116 75 capital
1810 452 89 75 town
1914 452 42 75 of
1974 452 18 75 a
2008 452 155 75 kingdom
2178 452 41 75 of

1233 496 54 75 the
1303 496 83 75 fame
1402 496 104 75 name,
1531 496 33 75 in
1581 496 56 75 the
1658 496 47 75 N.
1719 496 72 75 part
1807 496 41 75 of
1858 496 55 75 the
1937 496 98 75 ifknd
2046 496 41 75 of
2100 496 113 75 Suma-

1234 543 60 75 tra,
1319 543 33 75 in
1367 543 55 75 the
1439 543 43 75 E.
1505 543 120 75 Indies.
1674 543 32 75 It
1723 543 137 75 extends
1877 543 33 75 as
1934 543 50 75 far
2001 543 33 75 as
2058 543 55 75 the
2135 543 79 75 line.

1232 589 77 75 The
1336 589 193 75 inhabitants
1557 589 53 75 are
1637 589 162 75 generally
1816 589 77 75 very
1908 589 220 75 fuperftitious.
2182 589 34 75 It

1232 635 59 75 has
1318 635 52 75 for
1385 635 19 75 a
1418 635 214 75 confiderable
1661 635 75 75 time
1764 635 80 75 been
1872 635 19 75 a
1917 635 100 75 noted
2042 635 90 75 place
2163 635 53 75 for

1235 682 90 75 trade
1339 682 10 75 ;
1376 682 62 75 and
1458 682 63 75 was
1538 682 155 75 formerly
1709 682 163 75 governed
1894 682 43 75 by
1963 682 19 75 a
2004 682 125 75 queen;
2155 682 60 75 but

1234 727 32 75 in
1288 727 100 75 1700,
1414 727 19 75 a
1449 727 90 75 Said,
1561 727 37 75 or
1619 727 172 75 Preacher,
1821 727 101 75 found
1944 727 108 75 means
2069 727 34 75 to
2119 727 95 75 ufurp

1234 774 55 75 the
1305 774 219 75 government.
1572 774 49 75 Its
1638 774 152 75 principal
1815 774 138 75 produce
1979 774 28 75 is
2034 774 77 75 gold
2132 774 81 75 dull,

1234 820 105 75 which
1354 820 27 75 is
1398 820 175 75 exceeding
1588 820 98 75 good.
1733 820 100 75 They
1848 820 109 75 punifh
1973 820 86 75 theft
2073 820 78 75 very
2166 820 48 75 fe-

1235 866 126 75 verely;
1388 866 55 75 yet
1458 866 138 75 robbery
1619 866 63 75 and
1696 866 128 75 murder
1841 866 53 75 are
1913 866 79 75 very
2014 866 150 75 frequent
2180 866 34 75 a-

1235 911 96 75 raong
1347 911 101 75 them.
1495 911 86 75 This
1598 911 87 75 town
1701 911 27 75 is
1745 911 107 75 feated
1868 911 43 75 by
1927 911 55 75 the
1998 911 64 75 fide
2079 911 41 75 of
2130 911 19 75 a
2171 911 43 75 ri-

1234 958 68 75 ver,
1327 958 64 75 and
1407 958 56 75 the
1489 958 105 75 kings
1619 958 108 75 palace
1753 958 27 75 is
1808 958 32 75 in
1869 958 54 75 the
1948 958 120 75 middle
2096 958 40 75 of
2157 958 57 75 the

1236 1004 99 75 town,
1361 1004 62 75 and
1438 1004 27 75 is
1482 1004 73 75 well
1571 1004 156 75 fortified.
1776 1004 33 75 It
1826 1004 26 75 is
1876 1004 69 75 450
1965 1004 90 75 miles
2076 1004 49 75 N.
2150 1004 63 75 W.

1236 1051 39 75 of
1286 1051 126 75 Malua,
1430 1051 62 75 and
1513 1051 90 75 1000
1621 1051 37 75 S.
1669 1051 44 75 E.
1726 1051 42 75 of
1778 1051 81 75 Fort
1872 1051 39 75 St
1922 1051 147 75 George,
2088 1051 126 75 95.55.

1235 1098 43 75 E.
1298 1098 89 75 long.
1409 1098 31 75 5.
1465 1098 56 75 30.
1539 1098 59 75 lat.

1188 1144 281 75 ACHERNER,
1493 1144 33 75 in
1542 1144 192 75 aflronomy,
1758 1144 19 75 a
1798 1144 61 75 flar
1878 1144 41 75 of
1938 1144 56 75 the
2011 1144 64 75 firft
2094 1144 119 75 magni-

1236 1190 127 75 tudd*in
1380 1190 54 75 the
1456 1190 151 75 fouthern
1622 1190 175 75 extremity
1812 1190 41 75 of
1863 1190 56 75 the
1935 1190 216 75 conftellation
2168 1190 47 75 E-

1237 1236 141 75 ridanus.
1428 1236 61 75 See
1505 1236 220 75 Eridanus,
1750 1236 63 75 and
1827 1236 261 75 Astronomy.

1188 1282 214 75 ACHETA,
1427 1282 39 75 an
1483 1282 142 75 obfolete
1640 1282 91 75 name
1754 1282 40 75 of
1809 1282 55 75 the
1880 1282 121 75 gryllus
2024 1282 39 75 or
2078 1282 137 75 cricket.

1235 1328 62 75 See
1313 1328 204 75 Gryllus.

1187 1374 200 75 ACHIAR,
1413 1374 19 75 a
1447 1374 154 75 Malayan
1618 1374 103 75 v/ord,
1745 1374 168 75 fignifying
1937 1374 19 75 a
1983 1374 65 75 fort
2072 1374 40 75 of
2135 1374 82 75 fruit

1235 1419 38 75 or
1288 1419 90 75 roots
1388 1419 129 75 pickled
1527 1419 78 75 with
1620 1419 127 75 vinegar
1759 1419 61 75 and
1836 1419 94 75 fpice.
1966 1419 61 75 See
2039 1419 176 75 Bamboe.

1187 1465 263 75 ACHIENUS,
1476 1465 19 75 a
1517 1465 92 75 name
1624 1465 95 75 given
1735 1465 43 75 by
1794 1465 56 75 the
1867 1465 140 75 ancients
2024 1465 35 75 to
2075 1465 55 75 the
2147 1465 69 75 cer-

1235 1510 57 75 vus
1308 1510 38 75 or
1365 1510 77 75 flag.
1493 1510 62 75 See
1571 1510 168 75 Cervus.

1189 1557 277 75 ACHILLJSA,
1483 1557 33 75 in
1528 1557 132 75 botany,
1679 1557 18 75 a
1708 1557 98 75 genus
1822 1557 44 75 of
1873 1557 104 75 plants
1994 1557 171 75 belonging
2181 1557 37 75 to

1236 1602 55 75 the
1302 1602 179 75 fyngenefia
1496 1602 180 75 polygamia
1686 1602 156 75 fuperflua
1853 1602 93 75 clafs.
1979 1602 54 75 Of
2038 1602 64 75 this
2115 1602 100 75 genus

1237 1647 89 75 there
1342 1647 54 75 are
1413 1647 41 75 21
1474 1647 131 75 fpecies,
1630 1647 76 75 only
1718 1647 65 75 two
1798 1647 42 75 of
1849 1647 105 75 which
1964 1647 56 75 are
2034 1647 122 75 natives
2180 1647 42 75 of

1236 1692 137 75 Britain,
1399 1692 70 75 viz.
1504 1692 55 75 the
1591 1692 144 75 achilkea
1764 1692 214 75 millefolium,
2005 1692 37 75 or
2069 1692 147 75 common

1235 1739 137 75 yarrow,
1399 1739 66 75 (fee
1480 1739 93 75 Plate
1589 1739 47 75 II.
1662 1739 56 75 fig.
1740 1739 50 75 1.)
1814 1739 64 75 and
1897 1739 59 75 the
1970 1739 143 75 achillaea
2127 1739 88 75 ptar-

1236 1785 92 75 mica,
1353 1785 38 75 or
1414 1785 209 75 fneezewort.

1187 1831 56 75 Ac
1250 1831 91 75 hill
1348 1831 30 75 as
1384 1831 37 75 a,
1446 1831 18 75 a
1478 1831 93 75 name
1585 1831 186 75 frequently
1790 1831 94 75 given
1899 1831 45 75 by
1960 1831 55 75 the
2028 1831 139 75 ancients
2179 1831 38 75 to

1247 1877 58 75 the
1335 1877 76 75 gum
1437 1877 105 75 called
1575 1877 137 75 dragons
1741 1877 110 75 blood.
1918 1877 62 75 See
2007 1877 208 75 Dragons-

1237 1923 138 75 blood.

1187 1970 286 75 ACHILLEID,
1491 1970 234 75 Achilleis,
1742 1970 20 75 a
1777 1970 183 75 celebrated
1975 1970 94 75 poem
2086 1970 41 75 of
2140 1970 73 75 Sta-

1233 2016 76 75 tius,
1342 2016 33 75 in
1399 2016 106 75 which
1533 2016 71 75 that
1627 2016 117 75 author
1768 2016 158 75 propofed
1953 2016 34 75 to
2015 2016 121 75 deliver
2158 2016 56 75 the

1232 2061 105 75 whole
1353 2061 56 75 life
1430 2061 64 75 and
1518 2061 140 75 exploits
1681 2061 41 75 of
1738 2061 148 75 Achilles
1901 2061 10 75 ;
1937 2061 57 75 but
2018 2061 96 75 being
2141 2061 72 75 pre-

1231 2106 116 75 vented
1362 2106 44 75 by
1429 2106 109 75 death,
1562 2106 42 75 he
1625 2106 59 75 has
1708 2106 77 75 only
1811 2106 126 75 treated
1952 2106 41 75 of
2012 2106 56 75 the
2083 2106 132 75 infancy

1232 2153 62 75 and
1311 2153 169 75 education
1496 2153 41 75 of
1557 2153 53 75 his
1625 2153 93 75 hero.

1186 2199 106 75 Tendo
1308 2199 243 75 ACHILLIS.
1601 2199 61 75 See
1680 2199 212 75 Anatomy,
1916 2199 79 75 Part
2012 2199 49 75 II.

1183 2246 300 75 ACHIMENES,
1508 2246 33 75 in
1553 2246 131 75 botany,
1709 2246 20 75 a
1743 2246 163 75 fynonime
1922 2246 42 75 of
1974 2246 56 75 the
2047 2246 166 75 columnea

1227 2291 164 75 fcandens,
1407 2291 21 75 a
1442 2291 99 75 genus
1557 2291 40 75 of
1607 2291 56 75 the
1675 2291 184 75 didynamia
1875 2291 227 75 angiofpermia
2118 2291 93 75 clafs.

1166 2337 3 75 -
1228 2337 64 75 See
1308 2337 233 75 Columnea.

1181 2383 233 75 ACHIOTE.
1465 2383 61 75 See
1545 2383 227 75 Achiotte.

1181 2429 234 75 ACHIGTL,
1442 2429 18 75 a
1487 2429 91 75 name
1606 2429 94 75 given
1728 2429 35 75 to
1795 2429 55 75 the
1875 2429 83 75 drug
1986 2429 152 75 achiotte.

1181 2475 269 75 ACHIOTTE,
1476 2475 39 75 an
1542 2475 173 75 American
1732 2475 97 75 drug,
1851 2475 78 75 ufed
1944 2475 144 75 in.dying
2104 2475 63 75 and
2177 2475 34 75 in

1228 2522 28 75 r'
1344 2522 12 75 j
1373 2522 179 75 chocolate.
1610 2522 32 75 It
1659 2522 26 75 is
1702 2522 164 75 produced
1893 2522 84 75 from
2005 2522 56 75 the
2089 2522 123 75 mitella

1330 2566 53 75 11a,
1409 2566 19 75 a
1444 2566 67 75 tree
1528 2566 104 75 which
1645 2566 105 75 grows
1762 2566 32 75 in
1811 2566 111 75 North
1939 2566 164 75 America,
2144 2566 66 75 Be-

1229 2612 28 75 ts
1348 2612 55 75 the
1419 2612 45 75 fin
1466 2612 42 75 ail
1525 2612 158 75 filaments
1699 2612 38 75 or
1752 2612 105 75 leaves
1874 2612 41 75 of
1937 2612 162 75 this.tree,
2124 2612 86 75 little

1228 2658 106 75 grams
1350 2658 40 75 of
1405 2658 20 75 a
1439 2658 167 75 vermilion
1624 2658 113 75 colour
1748 2658 53 75 are
1818 2658 114 75 found,
1958 2658 106 75 which
2081 2658 56 75 the
2154 2658 55 75 In-

1227 2705 90 75 dians
1333 2705 92 75 make
1440 2705 69 75 into
1527 2705 105 75 cakes,
1658 2705 61 75 and
1736 2705 76 75 fend
1828 2705 32 75 in
1876 2705 65 75 this
1963 2705 86 75 form
2077 2705 35 75 to
2139 2705 70 75 Eu-

1229 2751 77 75 rope
1320 2751 11 75 ;
1356 2751 26 75 it
1398 2751 27 75 is
1441 2751 154 75 fuppofed
1608 2751 37 75 to
1660 2751 147 75 promote
1822 2751 103 75 urine.

1180 2799 389 75 ACHIROPOETOS,
1595 2799 19 75 a
1630 2799 90 75 name
1736 2799 106 75 given,
1868 2799 43 75 by
1928 2799 125 75 ancient
2070 2799 137 75 writers,

1228 2842 35 75 to
1279 2842 119 75 certain
1418 2842 138 75 pidures
1572 2842 158 75 ofiChrifl
1753 2842 63 75 and
1835 2842 55 75 the
1914 2842 115 75 Virgin
2054 2842 155 75 fuppofed

1229 2890 34 75 to
1279 2890 81 75 have
1382 2890 80 75 been
1483 2890 221 75 miracdoufly
1720 2890 93 75 made
1829 2890 139 75 without
1979 2890 118 75 hands.

1680 2939 32 75 E

1991 2939 215 75 ACHLAR,
