2397 3387
469 143 36 75 B
566 143 36 75 L
660 143 42 75 A

1026 143 19 75 (

1246 143 19 75 )

1628 143 37 75 B
1725 143 35 75 L
1816 143 35 75 E

71 222 179 75 BLAYE,
275 222 19 75 a
306 222 134 75 fortrers
456 222 42 75 of
517 222 163 75 Guienne,
704 222 33 75 in
754 222 135 75 France,
914 222 136 75 fituated
1070 222 41 75 on

120 269 55 75 the
194 269 83 75 river
299 269 169 75 Garonne,
494 269 98 75 about
616 269 199 75 twenty-one
839 269 92 75 miles
956 269 97 75 north
1076 269 42 75 of

119 314 221 75 Bourdeaux;
367 314 62 75 W.
447 314 88 75 long.
555 314 58 75 4.5'
613 314 10 75 ,
650 314 62 75 and
728 314 46 75 N.
796 314 60 75 lat.
876 314 63 75 45°
957 314 67 75 70'.

167 362 78 75 The
261 362 156 75 intention
441 362 40 75 of
499 362 26 75 it
541 362 40 75 is,
607 362 34 75 to
658 362 113 75 hinder
788 362 61 75 any
864 362 66 75 Ihip
945 362 88 75 from
1049 362 58 75 go-

121 408 54 75 ing
191 408 33 75 to
241 408 200 75 Bourdeaux
457 408 138 75 without
613 408 189 75 permiffion.

73 455 174 75 BLAZE,
273 455 18 75 a
308 455 97 75 white
422 455 71 75 fpot
508 455 32 75 in
556 455 20 75 a
591 455 120 75 horfe’s
729 455 84 75 face.

74 501 149 75 Blaze.
276 501 61 75 See
353 501 148 75 Blare.

73 547 303 75 BLAZONING,
401 547 38 75 or
457 547 234 75 Blazonry,
716 547 32 75 in
761 547 162 75 heraldry,
943 547 55 75 the
1010 547 98 75 decy-

121 594 135 75 phering
272 594 56 75 the
340 594 83 75 arms
437 594 40 75 of
497 594 95 75 noble
603 594 149 75 families.

169 641 77 75 The
263 641 92 75 word
370 641 168 75 originally
554 641 139 75 fignified
718 641 55 75 the
793 641 141 75 blowing
952 641 38 75 or
1010 641 101 75 wind-

1208 215 54 75 ing
1278 215 41 75 of
1337 215 18 75 a
1370 215 96 75 horn,
1492 215 63 75 and
1571 215 66 75 was
1661 215 190 75 introduced
1869 215 70 75 into
1955 215 152 75 heraldry
2128 215 32 75 as
2178 215 19 75 a

1207 262 83 75 term
1306 262 154 75 denoting
1476 262 56 75 the
1548 262 191 75 defcription
1756 262 40 75 of
1814 262 108 75 things
1939 262 99 75 borne
2051 262 30 75 in
2099 262 97 75 arms,

1210 309 76 75 with
1304 309 84 75 their
1404 309 115 75 proper
1534 309 223 75 fignifications
1774 309 61 75 and
1858 309 227 75 intendments,
2112 309 85 75 from

1205 355 40 75 an
1263 355 125 75 ancient
1405 355 118 75 cuftom
1541 355 56 75 the
1614 355 141 75 heralds,
1780 355 75 75 who
1872 355 83 75 were
1977 355 129 75 judges,
2131 355 66 75 had

1204 402 41 75 of
1263 402 143 75 winding
1431 402 38 75 an
1494 402 84 75 horn
1601 402 36 75 at
1658 402 78 75 jufts
1755 402 65 75 and
1846 402 231 75 tournaments,
2102 402 94 75 when

1204 449 78 75 they
1309 449 172 75 explained
1509 449 63 75 and
1604 449 156 75 recorded
1791 449 57 75 the
1881 449 248 75 atchievements
2161 449 40 75 of

1207 496 144 75 knights.

1157 543 142 75 BLEA,
1325 543 32 75 in
1369 543 55 75 the
1441 543 150 75 anatomy
1607 543 39 75 of
1658 543 119 75 plants,
1795 543 55 75 the
1864 543 89 75 inner
1967 543 73 75 rind
2052 543 37 75 or
2101 543 91 75 bark.

1206 588 62 75 See
1280 588 310 75 Agriculture,
1615 588 124 75 parti.

409 919 1450 75 BLEACHING.

75 1137 332 75 BLEACHING
433 1137 27 75 is
484 1137 56 75 the
565 1137 55 75 art
639 1137 41 75 of
698 1137 176 75 whitening
898 1137 85 75 linen
1009 1137 101 75 cloth,

198 1183 125 75 thread,
349 1183 64 75 <bc.
430 1183 10 75 ;
467 1183 104 75 which
589 1183 26 75 is
634 1183 176 75 conduced
822 1183 33 75 in
873 1183 56 75 the
946 1183 167 75 following

77 1230 129 75 manner
224 1230 43 75 by
288 1230 55 75 the
360 1230 164 75 bleachers
541 1230 39 75 of
599 1230 65 75 this
677 1230 149 75 country.

122 1277 101 75 After
239 1277 55 75 the
311 1277 88 75 cloth
415 1277 57 75 has
489 1277 79 75 been
585 1277 106 75 forted
715 1277 69 75 into
809 1277 187 75 parcels'of
1014 1277 40 75 an
1079 1277 33 75 e-

76 1324 76 75 qual
170 1324 144 75 finenefs,
340 1324 33 75 as
386 1324 75 75 near
477 1324 33 75 as
526 1324 56 75 can
596 1324 40 75 be
650 1324 135 75 judged,
811 1324 76 75 they
900 1324 53 75 are
970 1324 142 75 latched,

77 1370 121 75 linked,
224 1370 63 75 and
304 1370 76 75 then
397 1370 137 75 fteeped.
584 1370 155 75 Steeping
754 1370 27 75 is
799 1370 55 75 the
867 1370 63 75 firft
948 1370 165 75 operation

77 1416 108 75 which
209 1416 55 75 the
287 1416 89 75 cloth
400 1416 192 75 undergoes,
604 1416 11 75 *
629 1416 63 75 and
719 1416 27 75 is
774 1416 184 75 performed
985 1416 33 75 in
1048 1416 64 75 this

78 1462 143 75 manner.
269 1462 77 75 The
358 1462 102 75 linens
477 1462 53 75 are
549 1462 112 75 folded
683 1462 56 75 up,
765 1462 77 75 each
866 1462 88 75 piece
976 1462 136 75 diftindt,

78 1509 65 75 and
159 1509 65 75 laid
240 1509 32 75 in
287 1509 19 75 a
321 1509 90 75 large
426 1509 137 75 wooden
580 1509 115 75 veffel;
721 1509 68 75 into
806 1509 105 75 which
927 1509 28 75 is
972 1509 140 75 thrown,

79 1555 226 75 blood-warm,
323 1555 19 75 a
358 1555 153 75 fufficient
528 1555 149 75 quantity
689 1555 41 75 of
741 1555 111 75 water,
870 1555 37 75 or
920 1555 93 75 equal
1027 1555 86 75 parts

79 1603 41 75 of
129 1603 101 75 water
243 1603 62 75 and
318 1603 63 75 lye,
395 1603 104 75 which
513 1603 57 75 has
584 1603 80 75 been
676 1603 76 75 ufed
765 1603 34 75 to
812 1603 99 75 white
924 1603 87 75 cloth
1024 1603 88 75 only,

79 1649 39 75 or
130 1649 99 75 water
241 1649 79 75 with
330 1649 155 75 rye-meal
497 1649 36 75 or
542 1649 77 75 bran
630 1649 111 75 mixed
749 1649 79 75 with
836 1649 39 75 it,
887 1649 51 75 till
946 1649 55 75 the
1011 1649 104 75 whole

80 1696 27 75 is
126 1696 198 75 thoroughly
340 1696 76 75 wet,
440 1696 62 75 and
514 1696 56 75 the
585 1696 109 75 liquor
706 1696 74 75 rifes
794 1696 76 75 over
881 1696 56 75 all.
983 1696 97 75 Then
1098 1696 19 75 a

82 1741 96 75 cover
190 1741 40 75 of
236 1741 96 75 wood
343 1741 26 75 is
379 1741 66 75 laid
457 1741 74 75 over
544 1741 56 75 the
613 1741 101 75 cloth,
732 1741 62 75 and
807 1741 70 75 that
890 1741 94 75 cover
992 1741 27 75 is
1028 1741 87 75 fecu-

80 1788 57 75 red
149 1788 79 75 with
241 1788 19 75 a
271 1788 68 75 poll
346 1788 139 75 betwixt
496 1788 56 75 the
564 1788 116 75 boards
694 1788 61 75 and
768 1788 55 75 the
836 1788 141 75 joifting,
991 1788 34 75 to
1039 1788 72 75 pre-

80 1834 76 75 vent
173 1834 55 75 the
245 1834 88 75 cloth
350 1834 83 75 from
452 1834 92 75 rifing
560 1834 116 75 during
692 1834 56 75 the
765 1834 224 75 fermentation
1006 1834 106 75 which

80 1881 123 75 enfues.
251 1881 113 75 About
380 1881 45 75 fix
443 1881 98 75 hours
558 1881 84 75 after
653 1881 55 75 the
719 1881 89 75 cloth
821 1881 56 75 has
877 1863 6 49 1
892 1881 81 75 been
985 1881 127 75 fteeped

79 1928 33 75 in
130 1928 97 75 warm
245 1928 110 75 water,
382 1928 62 75 and
460 1928 96 75 about
569 1928 116 75 twelve
701 1928 32 75 in
750 1928 87 75 cold,
862 1928 132 75 bubbles
1008 1928 40 75 of
1066 1928 48 75 air

81 1973 91 75 arife,
197 1973 19 75 a
230 1973 125 75 pellicle
371 1973 27 75 is
422 1973 126 75 formed
564 1973 41 75 on
630 1973 56 75 the
708 1973 123 75 furface
856 1973 40 75 of
914 1973 54 75 the
992 1973 119 75 liquor,

81 2021 63 75 and
167 2021 57 75 the
245 2021 90 75 cloth
352 2021 102 75 fwells
470 2021 94 75 when
580 2021 25 75 it
622 2021 27 75 is
666 2021 57 75 not
739 2021 239 75 prefieddown.
1026 2021 85 75 This

79 2066 147 75 inteftine
241 2066 122 75 motion
380 2066 163 75 continues
561 2066 85 75 from
669 2066 168 75 thirty-fix
859 2066 35 75 to
919 2066 196 75 forty-eight

80 2112 113 75 hours,
218 2112 170 75 according
405 2112 35 75 to
463 2112 54 75 the
534 2112 136 75 warmth
687 2112 39 75 of
746 2112 56 75 the
824 2112 163 75 weather;
1018 2112 99 75 about

82 2157 107 75 which
214 2157 76 75 tin^
306 2157 55 75 the
377 2157 126 75 pellicle
518 2157 38 75 or
572 2157 85 75 fcum
671 2157 109 75 begins
797 2157 36 75 to
848 2157 58 75 fall
924 2157 35 75 to
975 2157 56 75 the
1043 2157 71 75 bot-

82 2204 82 75 tom.
214 2204 120 75 I^eTore
350 2204 65 75 this
437 2204 221 75 precipitation
675 2204 152 75 happens,
851 2204 56 75 the
924 2204 88 75 cloth
1035 2204 81 75 muft

83 2251 41 75 be
148 2251 96 75 taken
267 2251 80 75 out;
373 2251 63 75 and
452 2251 55 75 the
523 2251 116 75 proper
655 2251 78 75 time
757 2251 50 75 for
823 2251 112 75 taking
951 2251 25 75 it
993 2251 70 75 out,
1089 2251 26 75 is

82 2296 94 75 when
193 2296 40 75 no
251 2296 88 75 more
356 2296 195 75 air-bubbles
575 2296 90 75 arife.
714 2296 85 75 This
816 2296 27 75 is
861 2296 135 75 allowed
1021 2296 34 75 to
1075 2296 40 75 be

83 2344 57 75 the
153 2344 109 75 jufteft
273 2344 96 75 guide
385 2344 43 75 by
446 2344 55 75 the
513 2344 83 75 moft
608 2344 212 75 experienced
831 2344 179 75 bleachers.

130 2391 77 75 The
223 2391 88 75 cloth
328 2391 27 75 is
372 2391 76 75 then
466 2391 94 75 taken
577 2391 69 75 out,
673 2391 72 75 well
758 2391 115 75 rinfed,
898 2391 143 75 difpofed
1066 2391 49 75 re-

84 2436 126 75 gularly
234 2436 43 75 by
299 2436 56 75 the
380 2436 136 75 felvage,
541 2436 63 75 and
628 2436 124 75 waihed
774 2436 31 75 in
835 2436 55 75 the
915 2436 142 75 put-mill
1082 2436 34 75 to

83 2482 94 75 carry
194 2482 51 75 off
265 2482 55 75 the
343 2482 85 75 loofe
444 2482 81 75 duft.
575 2482 98 75 After
689 2482 64 75 this
770 2482 25 75 it
818 2482 26 75 is
867 2482 112 75 fpread
994 2482 43 75 on
1060 2482 55 75 the

84 2529 76 75 field
183 2529 35 75 to
235 2529 80 75 dry:
355 2529 110 75 When
489 2529 197 75 thoroughly
702 2529 104 75 dried,
839 2529 26 75 it
887 2529 27 75 is
940 2529 99 75 ready
1064 2529 52 75 for

85 2575 140 75 bucking
236 2575 10 75 ;
273 2575 106 75 which
392 2575 26 75 is
432 2575 54 75 the
503 2575 114 75 fecond
635 2575 177 75 operation.

133 2621 160 75 Bucking,
318 2621 37 75 or
371 2621 54 75 the
443 2621 191 75 application
656 2621 39 75 of
713 2621 88 75 falts,
827 2621 26 75 is
877 2621 183 75 performed
1082 2621 33 75 in

84 2669 65 75 this
173 2669 143 75 manner.
364 2669 76 75 The
465 2669 75 75 firft,
573 2669 36 75 or
633 2669 128 75 mother
783 2669 65 75 lye,
874 2669 26 75 is
926 2669 91 75 made
1041 2669 31 75 in
1098 2669 33 75 a"

71 2715 3 75 ,
83 2715 131 75 copper,
239 2715 108 75 which
365 2715 46 75 we
424 2715 75 75 (hall
516 2715 142 75 fuppofe,
684 2715 51 75 for
751 2715 161 75 example,
936 2715 92 75 whert
1041 2715 78 75 full,

84 2762 94 75 holds
202 2762 63 75 170
285 2762 93 75 Scots
394 2762 124 75 gallons
534 2762 39 75 of
593 2762 110 75 water.
751 2762 78 75 The
846 2762 116 75 copper
987 2762 25 75 is
1029 2762 89 75 filled

85 2808 94 75 Three
199 2808 127 75 fourths
353 2808 59 75 full
436 2808 41 75 of
495 2808 116 75 water^
632 2808 104 75 which
761 2808 27 75 is
812 2808 142 75 brought
970 2808 34 75 to
1027 2808 87 75 boil:

81 2855 66 75 juft
164 2855 92 75 when
273 2855 26 75 it
315 2855 125 75 begins,
465 2855 54 75 the
543 2855 167 75 following
723 2855 184 75 proportion
925 2855 40 75 of
984 2855 85 75 allies
1091 2855 27 75 is

85 2900 57 75 put
158 2900 69 75 into
243 2900 38 75 it,
299 2900 69 75 viz.
390 2900 43 75 30
448 2900 48 75 lb.
515 2900 39 75 of
564 2900 77 75 blue'
641 2900 10 75 ,
669 2900 62 75 and
748 2900 33 75 as
798 2900 95 75 much
906 2900 98 75 white
1016 2900 103 75 pearl-

86 2947 85 75 afbes
183 2947 7 75 ;
190 2947 14 75 >
221 2947 136 75 aocelb.
374 2947 41 75 of
433 2947 147 75 Maicoft
596 2947 98 75 allies,
722 2947 65 75 (or,
812 2947 32 75 if
861 2947 76 75 they
960 2947 81 75 have
1064 2947 57 75 not

86 2994 99 75 thefe,
212 2994 96 75 about
330 2994 65 75 300
410 2994 48 75 lb.
477 2994 40 75 of
536 2994 144 75 Cafhub,}
693 2994 10 75 ;
744 2994 77 75 300'
821 2994 49 75 fb.
889 2994 39 75 of
947 2994 172 75 Mufcovy,

85 3041 37 75 or
140 3041 114 75 blanch
269 3041 107 75 allies;
403 3041 55 75 the
476 3041 90 75 three
581 3041 57 75 laft
651 3041 101 75 ought
765 3041 35 75 to
812 3041 40 75 be
867 3041 75 75 well
958 3041 162 75 pounded.

178 3089 101 75 Vol.
297 3089 31 75 I.
363 3089 124 75 Numb.
504 3089 59 75 24.

946 3089 17 75 3

1160 1133 85 75 This
1262 1133 110 75 liquor
1391 1133 26 75 is
1436 1133 135 75 allowed
1588 1133 35 75 to
1639 1133 67 75 boil
1727 1133 52 75 for
1799 1133 19 75 a
1834 1133 132 75 quarter
1986 1133 41 75 of
2046 1133 38 75 an
2102 1133 95 75 hour,

1160 1180 126 75 ftirring
1313 1180 56 75 the
1397 1180 87 75 alhes
1510 1180 84 75 from
1624 1180 54 75 the
1706 1180 126 75 bottom
1857 1180 78 75 very
1964 1180 89 75 often
2067 1180 9 75 ;
2115 1180 84 75 after

1160 1226 106 75 which
1279 1226 55 75 the
1351 1226 57 75 fire
1425 1226 26 75 is
1470 1226 95 75 taken
1582 1226 103 75 away.
1733 1226 77 75 The
1822 1226 108 75 liquor
1947 1226 79 75 muft
2043 1226 87 75 ftand
2148 1226 50 75 till

1161 1273 25 75 it
1203 1273 56 75 has
1275 1273 128 75 fettled,
1429 1273 105 75 which
1551 1273 89 75 takes
1659 1273 33 75 at
1707 1273 76 75 leaft
1799 1273 48 75 fix
1864 1273 111 75 hours,
2000 1273 63 75 and
2079 1273 75 75 then
2171 1273 27 75 it

1161 1320 26 75 is
1204 1320 37 75 fit
1254 1320 51 75 for
1322 1320 66 75 ufe.

1209 1365 70 75 Out
1295 1365 42 75 of
1355 1365 83 75 their
1455 1365 76 75 firft,
1557 1365 38 75 or
1614 1365 209 75 mdther-lye,
1848 1365 55 75 the
1919 1365 128 75 fecond,
2073 1365 37 75 or
2126 1365 73 75 that

1162 1413 76 75 ufed
1260 1413 31 75 in
1310 1413 151 75 bucking,
1486 1413 27 75 is
1531 1413 92 75 made
1645 1413 32 75 in
1694 1413 63 75 this
1775 1413 142 75 manner.
1967 1413 75 75 Into
2060 1413 136 75 another

1163 1458 128 75 copper,
1316 1458 146 75 holding,
1487 1458 52 75 for
1555 1458 159 75 example,
1733 1458 45 75 40
1797 1458 94 75 Scots
1909 1458 136 75 gallons,
2060 1458 64 75 -are
2141 1458 58 75 put

1165 1508 41 75 38
1224 1508 123 75 gallons
1371 1508 41 75 of
1430 1508 111 75 water,
1570 1508 18 75 2
1607 1508 46 75 lb.
1678 1508 64 75 fbft
1766 1508 87 75 foap,
1879 1508 63 75 and
1968 1508 18 75 2
2012 1508 124 75 gallons
2161 1508 42 75 pf

1163 1552 197 75 mother-lye
1373 1552 10 75 ;
1403 1552 50 75 or,
1473 1552 51 75 for
1537 1552 183 75 cheapnefs,
1733 1552 31 75 in
1782 1552 89 75 place
1888 1552 40 75 of
1935 1552 55 75 the
1999 1552 87 75 foap,
2104 1552 94 75 when

1162 1599 77 75 they
1255 1599 81 75 have
1352 1599 53 75 lye
1421 1599 107 75 which
1545 1599 56 75 has
1619 1599 78 75 been
1709 1599 78 75 ufed
1802 1599 35 75 to
1854 1599 99 75 white
1969 1599 98 75 linen,
2093 1599 106 75 called

1162 1645 8 75 '
1170 1645 200 75 uibite-linen
1387 1645 59 75 lye,
1473 1645 77 75 they
1566 1645 73 75 take
1662 1645 40 75 14
1727 1645 124 75 gallons
1875 1645 40 75 of
1935 1645 38 75 it,
1998 1645 125 75 leaving
2141 1645 57 75 out

1165 1691 38 75 an
1213 1691 94 75 equal
1321 1691 148 75 quantity
1486 1691 39 75 of
1545 1691 112 75 water.
1705 1691 86 75 This
1813 1691 26 75 is
1861 1691 104 75 called
1984 1691 212 75 bucking-lye.

1213 1738 96 75 After
1325 1738 55 75 the
1396 1738 101 75 linens
1514 1738 53 75 are
1583 1738 96 75 taken
1697 1738 40 75 up
1755 1738 84 75 from
1857 1738 56 75 the
1927 1738 76 75 field
2020 1738 74 75 dry,
2120 1738 78 75 they

1162 1785 53 75 are
1231 1785 46 75 fet
1293 1785 32 75 in
1343 1785 55 75 the
1414 1785 54 75 vat
1485 1785 37 75 or
1539 1785 90 75 cave,
1655 1785 33 75 as
1706 1785 84 75 their
1815 1785 89 75 large
1920 1785 95 75 veffel
2032 1785 26 75 is
2077 1785 119 75 called;

1159 1831 32 75 in
1216 1831 96 75 rows,
1352 1831 149 75 endwife,
1542 1831 72 75 that
1638 1831 78 75 they
1741 1831 73 75 may
1836 1831 41 75 be
1904 1831 132 75 equally
2059 1831 64 75 wet
2155 1831 43 75 by

1160 1879 55 75 the
1231 1879 73 75 lye;
1331 1879 120 75 which,
1477 1879 92 75 made
1593 1879 226 75 blood-warm,
1851 1879 26 75 is
1902 1879 74 75 now
2003 1879 127 75 thrown
2153 1879 44 75 on

1162 1926 100 75 them,
1288 1926 61 75 and
1366 1926 56 75 the
1438 1926 89 75 cloth
1544 1926 26 75 is
1595 1926 189 75 afterwards
1808 1926 161 75 fqueezed
1990 1926 97 75 down
2111 1926 42 75 by
2179 1926 19 75 a

1162 1972 168 75 man-with
1346 1972 136 75 wooden
1499 1972 100 75 (hoes.
1650 1972 92 75 Each
1760 1972 68 75 row
1845 1972 177 75 undergoes
2035 1972 55 75 the
2112 1972 86 75 fame

1161 2019 177 75 operation,
1356 2019 82 75 until
1454 2019 56 75 the
1526 2019 93 75 veffel
1631 2019 26 75 is
1670 2019 73 75 full,
1761 2019 38 75 or
1811 2019 42 75 all
1866 2019 55 75 the
1934 2019 88 75 cloth
2039 2019 30 75 in
2083 2019 39 75 it.
2148 2019 49 75 At

1163 2064 63 75 firft
1242 2064 55 75 the
1307 2064 59 75 lye
1383 2064 26 75 is
1426 2064 57 75 put
1509 2064 40 75 on
1575 2064 206 75 milk-warm,
1807 2064 74 75 and,
1907 2064 83 75 after
2012 2064 143 75 ftanding
2179 2064 20 75 a

1163 2111 84 75 little
1264 2111 78 75 time
1354 2111 42 75 on
1409 2111 55 75 the
1482 2111 100 75 cloth,
1607 2111 26 75 it
1650 2111 26 75 is
1694 2111 91 75 again
1805 2111 46 75 let
1868 2111 51 75 off
1938 2111 44 75 by
1998 2111 18 75 a
2032 2111 81 75 cock
2128 2111 71 75 into

1165 2158 54 75 the
1231 2158 288 75 brcking-copper,
1544 2158 115 75 heated
1677 2158 34 75 to
1724 2158 19 75 a
1754 2158 126 75 greater
1895 2158 130 75 degree,
2043 2158 62 75 and
2121 2158 77 75 then

1164 2204 57 75 put
1238 2204 41 75 on
1297 2204 55 75 the
1369 2204 88 75 cloth
1476 2204 104 75 again.
1628 2204 86 75 This
1732 2204 109 75 courfe
1859 2204 27 75 is
1910 2204 151 75 repeated
2085 2204 51 75 for
2152 2204 48 75 fix

1164 2251 37 75 or
1213 2251 91 75 feven
1321 2251 111 75 hours,
1458 2251 63 75 and
1538 2251 55 75 the
1609 2251 116 75 degree
1748 2251 40 75 of
1807 2251 74 75 heat
1897 2251 167 75 gradually
2076 2251 122 75 increa-

1164 2298 66 75 fed,
1255 2298 52 75 till
1324 2298 25 75 it
1365 2298 40 75 is,
1432 2298 33 75 at
1481 2298 56 75 the
1553 2298 57 75 laft
1627 2298 74 75 turn
1717 2298 38 75 or
1770 2298 80 75 two,
1875 2298 127 75 thrown
2019 2298 42 75 on
2077 2298 135 75 boiling,

1163 2344 71 75 hot.
1259 2344 78 75 The
1354 2344 93 75 cloth
1464 2344 137 75 remains
1614 2344 83 75 after
1713 2344 63 75 this
1788 2344 50 75 for
1857 2344 91 75 three
1972 2344 36 75 or
2018 2344 73 75 four
2100 2344 98 75 hours

1163 2390 32 75 in
1219 2390 56 75 the
1292 2390 74 75 lye;
1394 2390 82 75 after
1499 2390 105 75 which
1621 2390 54 75 the
1693 2390 51 75 lye
1761 2390 27 75 is
1806 2390 44 75 let
1867 2390 59 75 off,
1951 2390 127 75 thrown
2095 2390 102 75 away,

1164 2437 37 75 or
1217 2437 75 75 ufed
1304 2437 32 75 in
1349 2437 55 75 the
1423 2437 63 75 firft
1503 2437 167 75 buckings,
1689 2437 63 75 and
1768 2437 55 75 the
1837 2437 88 75 cloth
1938 2437 77 75 goes
2032 2437 41 75 on
2090 2437 35 75 to
2141 2437 56 75 an-

1165 2483 93 75 other
1274 2483 178 75 operation.

1212 2529 30 75 It
1260 2529 25 75 is
1302 2529 77 75 then
1397 2529 124 75 carried
1537 2529 69 75 out,
1632 2529 165 75 generally
1813 2529 89 75 early
1919 2529 30 75 in
1968 2529 54 75 the
2039 2529 158 75 morning,

1164 2576 111 75 fpread
1296 2576 41 75 on
1362 2576 55 75 the
1441 2576 98 75 grafs,
1565 2576 129 75 pinned,
1720 2576 120 75 corded
1865 2576 108 75 down,
1998 2576 141 75 expofed
2162 2576 36 75 to

1166 2623 53 75 the
1236 2623 54 75 fun
1315 2623 60 75 and
1400 2623 58 75 air,
1485 2623 62 75 and
1570 2623 142 75 watered
1736 2623 51 75 for
1803 2623 56 75 the
1876 2623 63 75 firft
1964 2623 47 75 fix
2027 2623 111 75 hours,
2164 2623 34 75 fo

1165 2669 102 75 Often,
1285 2669 71 75 that
1372 2669 25 75 it
1413 2669 97 75 never
1526 2669 25 75 is
1569 2669 136 75 allowed
1728 2669 35 75 to
1786 2669 73 75 dry.
1909 2669 205 75 Afterwards
2130 2669 25 75 it
2171 2669 27 75 is

1165 2716 136 75 allowed
1316 2716 35 75 to
1367 2716 41 75 lie
1424 2716 50 75 till
1491 2716 60 75 dry
1571 2716 85 75 fpots
1681 2716 115 75 appear
1816 2716 110 75 before
1946 2716 25 75 it
1995 2716 27 75 is
2045 2716 159 75 watered..

1167 2762 97 75 After
1280 2762 92 75 feven
1389 2762 32 75 at
1437 2762 91 75 night
1546 2762 24 75 it
1587 2762 68 75 gets
1673 2762 41 75 no
1726 2762 89 75 more
1831 2762 111 75 water,
1968 2762 103 75 unlefs
2083 2762 26 75 it
2124 2762 40 75 be
2182 2762 19 75 a

1166 2808 77 75 very
1259 2808 115 75 dr'ing
1390 2808 103 75 night.
1543 2808 93 75 Next
1653 2808 75 75 day,
1754 2808 32 75 in
1802 2808 56 75 the
1878 2808 147 75 morning
2036 2808 63 75 and
2114 2808 86 75 fore-

1167 2856 96 75 noon,
1289 2856 24 75 it
1331 2856 25 75 is
1374 2856 140 75 watered
1531 2856 94 75 twice
1649 2856 37 75 or
1706 2856 102 75 thrice
1832 2856 31 75 if
1885 2856 56 75 the
1969 2856 63 75 day
2060 2856 39 75 be
2122 2856 79 75 very

1168 2902 81 75 dry;
1275 2902 59 75 but
1357 2902 29 75 if
1406 2902 54 75 the
1480 2902 143 75 weather
1638 2902 39 75 be
1693 2902 56 75 not
1770 2902 127 75 drying,
1922 2902 25 75 it
1976 2902 69 75 gets
2073 2902 42 75 no
2137 2902 65 75 wa-

1169 2949 48 75 ter
1230 2949 8 75 :
1271 2949 98 75 After
1397 2949 105 75 which
1531 2949 25 75 it
1583 2949 27 75 is
1639 2949 94 75 taken
1759 2949 42 75 up
1829 2949 62 75 dry
1914 2949 31 75 if
1960 2949 56 75 the
2041 2949 97 75 green
2162 2949 40 75 be

1169 2996 88 75 clean
1276 2996 10 75 ;
1309 2996 30 75 if
1352 2996 68 75 not,
1447 2996 25 75 it
1489 2996 25 75 is
1532 2996 115 75 rinfed,
1674 2996 222 75 mill-waftied,
1921 2996 61 75 and
2003 2996 65 75 laid
2094 2996 56 75 out
2167 2996 36 75 to

1169 3043 60 75 dry
1246 3043 104 75 again,
1375 3043 36 75 to
1428 3043 131 75 become
1576 3043 37 75 fit
1629 3043 52 75 for
1698 3043 153 75 bucking.

2124 3099 85 75 This
