2498 3377
565 124 40 75 A
662 124 44 75 N
766 124 39 75 O

1123 124 98 75 (3

235 199 18 75 a
270 199 74 75 rod,
369 199 35 75 to
426 199 106 75 which
552 199 52 75 Sre
620 199 92 75 fitted
739 199 18 75 a
782 199 76 75 line,
882 199 100 75 hook,
1008 199 63 75 end
1090 199 128 75 bait.—

235 245 66 75 For
315 245 55 75 the
386 245 120 75 federal
525 245 149 75 methods
692 245 40 75 of
747 245 128 75 angling
890 245 52 75 for
958 245 133 75 LiLnon,
1116 245 100 75 trout,

234 291 88 75 carp,
356 291 109 75 tench,
497 291 129 75 pearch,
657 291 158 75 flounder,
848 291 65 75 6r.
974 291 63 75 See
1067 291 149 75 Salmon-

238 337 179 75 FISHING,
443 337 304 75 7V«2</-FlSHING,
774 337 64 75 <&C.

186 383 498 75 ANGLO-CALVINISTS,
709 383 19 75 a
743 383 90 75 name
856 383 92 75 given
966 383 43 75 by
1031 383 87 75 fome
1141 383 74 75 wri-

232 432 65 75 ters
314 432 35 75 to
366 432 55 75 the
440 432 157 75 members
614 432 41 75 of
665 432 56 75 the
745 432 118 75 church
884 432 41 75 of
942 432 163 75 England,
1131 432 33 75 as
1181 432 34 75 a-

231 478 131 75 greeing
379 478 78 75 with
481 478 56 75 the
559 478 95 75 other
670 478 168 75 Calvinifts
862 478 33 75 in
917 478 80 75 moil
1013 478 117 75 points,
1156 478 60 75 ex-

233 525 72 75 cept
323 525 359 75 church-government.

181 570 371 75 ANGLO-SAXON,
579 570 38 75 an
634 570 170 75 apellation
821 570 92 75 given
931 570 36 75 to
983 570 55 75 the
1056 570 156 75 language

229 617 118 75 fpoken
376 617 43 75 by
446 617 56 75 the
528 617 132 75 Englifn
690 617 138 75 Saxons,
869 617 32 75 in
918 617 297 75 contradilHndtion

231 664 86 75 from
333 664 55 75 tlie
406 664 71 75 true
503 664 125 75 Saxon,
665 664 33 75 as
722 664 73 75 well
820 664 33 75 as
881 664 85 75 from
994 664 57 75 the
1080 664 135 75 modern

232 709 147 75 Englifh.

181 757 188 75 ANGOL,
395 757 20 75 a
441 757 68 75 city
531 757 41 75 of
594 757 89 75 Chili
710 757 33 75 in
772 757 37 75 S.
833 757 164 75 America,
1021 757 135 75 fituated
1179 757 33 75 in

232 805 62 75 78°
310 805 61 75 W.
391 805 88 75 long,
505 805 62 75 and
587 805 62 75 38°
667 805 36 75 S.
723 805 58 75 lat.

180 850 221 75 ANGOLA,
427 850 18 75 a
461 850 88 75 large
565 850 156 75 maritime
738 850 136 75 country
890 850 42 75 on
949 850 56 75 the
1029 850 185 75 foath-weft

227 896 63 75 fide
314 896 40 75 of
372 896 126 75 Africa,
524 896 89 75 lying
636 896 144 75 between
806 896 61 75 io°
888 896 63 75 and
970 896 61 75 15®
1048 896 44 75 E.
1121 896 89 75 long,

227 942 62 75 and
313 942 16 75 5
329 924 24 49 0
373 942 62 75 and
455 942 63 75 r6°
540 942 36 75 S.
591 942 57 75 lat.

270 990 78 75 The
369 990 196 75 Portuguefe
581 990 83 75 have
680 990 119 75 feveral
817 990 139 75 colonies
975 990 62 75 and
1053 990 157 75 confider-

224 1035 71 75 able
311 1035 194 75 fettlements
523 1035 41 75 on
585 1035 63 75 this
665 1035 96 75 coaft,
787 1035 105 75 which
912 1035 78 75 does
1016 1035 57 75 not
1094 1035 117 75 hinder

224 1081 56 75 the
296 1081 94 75 other
406 1081 124 75 nations
554 1081 40 75 of
604 1081 133 75 Europe
762 1081 83 75 from
862 1081 126 75 driving
1011 1081 19 75 a
1049 1081 102 75 traffic
1175 1081 33 75 in

221 1128 98 75 Haves
337 1128 76 75 with
434 1128 55 75 the
506 1128 133 75 natives,
666 1128 78 75 who
756 1128 54 75 are
829 1128 42 75 all
888 1128 149 75 negroes.

177 1176 324 75 ANGOLA-yefi/.
553 1176 62 75 See
630 1176 213 75 Molucca.

175 1222 189 75 ANQON,
388 1222 33 75 in
437 1222 56 75 the
509 1222 126 75 ancient
651 1222 142 75 military
815 1222 76 75 art/
903 1222 19 75 a
941 1222 79 75 kind
1036 1222 41 75 of
1085 1222 122 75 javelin

222 1267 75 75 ufed
313 1267 41 75 by
371 1267 55 75 the
443 1267 138 75 French.
615 1267 100 75 They
731 1267 115 75 darted
861 1267 27 75 it
907 1267 31 75 at
955 1267 19 75 a
990 1267 216 75 confiderable

221 1314 148 75 diftance.
416 1314 77 75 The
508 1314 70 75 iron
595 1314 82 75 head
705 1314 40 75 of
763 1314 65 75 this
844 1314 132 75 weapon
994 1314 176 75 refembled
1187 1314 19 75 a

221 1360 265 75 flower-de-luce.
522 1360 32 75 It
565 1360 27 75 is
604 1360 55 75 the
676 1360 129 75 opinion
822 1360 40 75 of
872 1360 85 75 feme
976 1360 139 75 writers,
1134 1360 71 75 that

222 1405 56 75 the
290 1405 83 75 arms
390 1405 40 75 of
441 1405 122 75 France
579 1405 54 75 are
648 1405 56 75 not
721 1405 283 75 flowers-de-luce,
1030 1405 57 75 but
1104 1405 55 75 the
1175 1405 29 75 i-

221 1451 57 75 ron
290 1451 89 75 point
391 1451 39 75 of
441 1451 55 75 the
508 1451 116 75 angon,
634 1451 37 75 or
680 1451 120 75 javelin
813 1451 40 75 of
860 1451 55 75 the
927 1451 58 75 anc
997 1451 54 75 ent
1063 1451 138 75 French.

173 1498 298 75 ANGONAiUS,
496 1498 31 75 in
545 1498 162 75 anatomy,
732 1498 19 75 a
766 1498 91 75 name
873 1498 179 75 fometimes
1064 1498 92 75 given
1168 1498 36 75 to

221 1545 55 75 the
293 1545 116 75 mufcle
425 1545 104 75 called
543 1545 180 75 anconeus.
758 1545 60 75 See
835 1545 80 75 page
936 1545 77 75 197.

174 1592 190 75 ANGGil,
388 1592 115 75 among
519 1592 124 75 ancient
658 1592 187 75 phyficians,
870 1592 18 75 a
904 1592 239 75 concentration
1167 1592 44 75 of

218 1638 55 75 the
301 1638 124 75 natural
442 1638 87 75 heat,
555 1638 56 75 the
628 1638 216 75 confequence
870 1638 40 75 of
929 1638 105 75 which
1051 1638 26 75 is
1095 1638 19 75 a
1128 1638 73 75 pain

218 1684 40 75 of
267 1684 56 75 the
338 1684 97 75 head,
461 1684 200 75 palpitation,
686 1684 64 75 and
774 1684 137 75 fadnefs.

168 1731 369 75 ANGGULESME,.
550 1731 18 75 a
588 1731 121 75 city^of
721 1731 133 75 France,
881 1731 133 75 fituated
1031 1731 97 75 about
1153 1731 47 75 64

216 1777 91 75 miles
324 1777 172 75 fouth-eafl
513 1777 41 75 of
562 1777 171 75 Rochelle,
758 1777 32 75 in
812 1777 53 75 10'
880 1777 42 75 E.
939 1777 89 75 Jong,
1054 1777 61 75 and
1130 1777 41 75 45
1180 1759 17 49 0

215 1824 57 75 40'
288 1824 47 75 N.
353 1824 59 75 lat.
461 1824 32 75 It
508 1824 28 75 is
552 1824 57 75 the
624 1824 116 75 capital
752 1824 41 75 of
803 1824 213 75 Angoumois.
1068 1824 62 75 See
1142 1824 56 75 the

214 1869 79 75 next
311 1869 124 75 article.

168 1917 315 75 ANGOUMOIS,
511 1917 18 75 a
560 1917 150 75 province
742 1917 42 75 of
805 1917 136 75 France,
973 1917 148 75 bounded
1153 1917 46 75 by

212 1963 133 75 Poiiftou
362 1963 41 75 on
418 1963 56 75 the
494 1963 112 75 north,
629 1963 45 75 by
692 1963 142 75 Limofin
851 1963 42 75 on
909 1963 55 75 the
981 1963 75 75 eall,
1082 1963 113 75 byPe-

211 2009 109 75 rigord
337 2009 43 75 on
395 2009 55 75 the
462 2009 104 75 fouth,
592 2009 65 75 and
669 2009 44 75 by
731 2009 134 75 Santoin
881 2009 41 75 on
940 2009 55 75 the
1011 2009 87 75 weft.

169 2059 257 75 ANGOURA,
445 2059 153 75 formerly
612 2059 142 75 Ancyra,
772 2059 18 75 a
800 2059 89 75 large
900 2059 156 75 populous
1080 2059 67 75 city
1162 2059 41 75 of

211 2101 145 75 Natolia,
382 2101 32 75 in
432 2101 121 75 Afiatic
568 2101 150 75 Turkey,
745 2101 133 75 fituated
890 2101 40 75 on
948 2101 55 75 th%
1019 2101 85 75 river
1119 2101 77 75 Me-

211 2147 71 75 lus;
308 2147 44 75 E.
371 2147 87 75 long.
481 2147 81 75 33°.
587 2147 48 75 N.
655 2147 57 75 lat.
733 2147 38 75 41
771 2129 27 49 0
821 2147 31 75 5'
852 2147 11 75 .

165 2193 186 75 ANGRA,
363 2193 70 75 .the
450 2193 152 75 principA
620 2193 86 75 town
722 2193 42 75 of
781 2193 56 75 the
861 2193 99 75 ifland
983 2193 41 75 of
1038 2193 157 75 Tercera,

211 2239 58 75 one
286 2239 41 75 of
345 2239 55 75 the
418 2239 138 75 Azores.
607 2239 63 75 See
686 2239 177 75 Azores.

161 2287 296 75 ANGROGNA,
482 2287 19 75 a
517 2287 87 75 town
620 2287 41 75 of
672 2287 183 75 Piedmont,
880 2287 136 75 fituated
1029 2287 98 75 about
1144 2287 48 75 fe-

209 2332 60 75 ven
300 2332 92 75 miles
424 2332 74 75 weft
524 2332 41 75 of
590 2332 172 75 pignerol;
803 2332 44 75 E.
865 2332 95 75 long..
975 2332 58 75 7°.
1066 2332 49 75 N.
1131 2332 60 75 1st.

211 2389 66 75 44°
297 2389 61 75 4S'

160 2427 245 75 ANGUIAN,
431 2427 37 75 or
483 2427 197 75 Enguien,
706 2427 18 75 a
740 2427 90 75 fmall
860 2427 87 75 town
974 2427 41 75 of
1037 2427 55 75 the
1120 2427 71 75 Ne-

208 2472 176 75 therlands,
409 2472 144 75 between
572 2472 138 75 BrdTels
728 2472 63 75 and
807 2472 114 75 Mons.

159 2518 275 75 ANGUILLA,
460 2518 31 75 in
510 2518 148 75 zoology,
684 2518 19 75 a
718 2518 162 75 fynonime
896 2518 40 75 of
957 2518 57 75 the
1030 2518 101 75 nereis
1156 2518 34 75 a-

206 2567 124 75 cuftris,
346 2567 39 75 an
402 2567 95 75 infeift
512 2567 183 75 belonging'
695 2567 34 75 to
742 2567 55 75 the
810 2567 95 75 order
922 2567 41 75 of
974 2567 120 75 vermes
1109 2567 80 75 niol-

205 2612 98 75 lufca.
354 2612 62 75 See
433 2612 162 75 Nereis,
646 2612 29 75 it
691 2612 27 75 is
736 2612 64 75 alfo
818 2612 55 75 the
889 2612 103 75 trivial
1011 2612 91 75 name
1119 2612 40 75 of
1171 2612 19 75 a

205 2658 117 75 fpecies
339 2658 40 75 of
392 2658 138 75 murtena
544 2658 38 75 or
597 2658 64 75 eel.
710 2658 61 75 Sec
787 2658 202 75 Muraina.

158 2705 225 75 Anguilla,
409 2705 32 75 in
461 2705 195 75 geography,
681 2705 60 75 one
758 2705 41 75 of
813 2705 55 75 the
885 2705 159 75 Caribbee
1060 2705 127 75 iflands,

204 2752 119 75 fubjecl
339 2752 35 75 to
390 2752 49 75 G.
458 2752 138 75 Britain,
621 2752 63 75 and
706 2752 135 75 fituated
858 2752 32 75 in
916 2752 62 75 W.
995 2752 88 75 long.
1104 2752 82 75 63°.

204 2798 61 75 and
283 2798 48 75 N.
349 2798 59 75 lat.
432 2798 39 75 18
471 2780 24 49 0
518 2798 64 75 I5\

156 2844 340 75 ANGUILLARA,
515 2844 17 75 a
549 2844 85 75 town
651 2844 32 75 in
702 2844 56 75 the
774 2844 153 75 territory
939 2844 40 75 of
990 2844 123 75 Padua,
1131 2844 54 75 be-

202 2890 130 75 longing
349 2890 35 75 to
396 2890 55 75 the
468 2890 83 75 ftate-
561 2890 39 75 of
612 2890 133 75 Venice.

155 2937 278 75 Anguillara,
459 2937 26 75 is
503 2937 64 75 alfo
592 2937 19 75 a
633 2937 87 75 town
736 2937 40 75 of
796 2937 39 75 St
848 2937 128 75 Peter’s
993 2937 202 75 patrimony,,

203 2984 98 75 about
324 2984 40 75 18
389 2984 92 75 miles
497 2984 84 75 from
597 2984 124 75 Rome,

1240 120 39 75 [5
1341 120 18 75 )

1686 120 42 75 A
1787 120 45 75 N
1889 120 43 75 G

1265 192 397 75 ANGUILLIFORM,
1688 192 40 75 an
1745 192 191 75 appellation
1953 192 95 75 given
2061 192 44 75 by
2118 192 185 75 zcologifts,

1311 238 57 75 not
1384 238 78 75 only
1478 238 34 75 to
1529 238 54 75 the
1599 238 149 75 different
1764 238 118 75 fpecies
1899 238 42 75 of
1959 238 79 75 eels,
2063 238 57 75 but
2145 238 35 75 to
2206 238 96 75 other

1313 286 130 75 animals
1461 286 187 75 refembling
1664 286 88 75 them
1770 286 31 75 in
1819 286 105 75 (hape.

1265 334 242 75 ANGUINA,
1532 334 32 75 in
1580 334 133 75 botany,
1739 334 30 75 a.
1787 334 164 75 fynonime
1977 334 43 75 of
2040 334 56 75 the
2124 334 175 75 trichofan-

1313 378 83 75 thes.
1445 378 63 75 See
1523 378 356 75 Trichosanthes.

1265 426 307 75 ANGUINEAL,
1597 426 133 75 denotes
1747 426 178 75 fomething
1940 426 174 75 belonging
2127 426 48 75 to,
2200 426 39 75 or
2250 426 50 75 re-

1312 472 151 75 fembling
1481 472 18 75 a
1518 472 107 75 fnake,
1652 472 124 75 anguis.

1264 520 273 75 ANGUINUM
1557 520 103 75 ovum,
1687 520 115 75 among
1819 520 126 75 ancient
1961 520 193 75 naturalifts,
2172 520 18 75 a
2205 520 94 75 fabu-

1310 564 70 75 lous
1398 564 78 75 kind
1491 564 41 75 of
1542 564 73 75 egg,
1639 564 65 75 faid
1722 564 35 75 to
1782 564 38 75 be
1837 564 164 75 produced
2018 564 43 75 by
2079 564 56 75 the
2151 564 97 75 faliva
2264 564 40 75 of

1311 610 18 75 a
1351 610 113 75 duller
1490 610 40 75 of
1548 610 158 75 ferpents,
1728 610 63 75 and
1808 610 149 75 pofiefled
1974 610 41 75 of
2027 610 119 75 certain
2163 610 135 75 magical

1310 657 133 75 virtues.

1263 705 201 75 ANGUIS,
1490 705 37 75 or
1545 705 142 75 Snake,
1703 705 33 75 in
1751 705 152 75 zoology,
1927 705 20 75 a
1963 705 99 75 genus
2079 705 172 75 belonging
2262 705 37 75 to

1311 751 54 75 the
1382 751 97 75 Order
1493 751 42 75 of
1546 751 159 75 amphibia
1720 751 173 75 ferpentes.
1952 751 79 75 The
2058 751 180 75 characters
2263 751 40 75 of

1312 798 53 75 rhe
1383 798 112 75 anguis
1511 798 54 75 are
1580 798 106 75 thefe:
1712 798 98 75 They
1828 798 53 75 are
1904 798 170 75 fquameus
2098 798 37 75 or
2152 798 97 75 Ically
2265 798 32 75 in

1308 845 56 75 the
1380 845 87 75 belly
1483 845 62 75 and
1561 845 101 75 under
1678 845 55 75 the
1749 845 71 75 tail.
1868 845 112 75 There
1997 845 53 75 are
2073 845 41 75 16
2132 845 116 75 fpecies
2263 845 41 75 of

1309 891 56 75 the
1386 891 132 75 anguis;
1544 891 69 75 viz.
1643 891 31 75 1.
1698 891 77 75 The
1803 891 179 75 quadrupes
1998 891 9 75 :
2043 891 80 75 The
2150 891 87 75 body
2261 891 44 75 of

1309 939 62 75 this
1389 939 117 75 fpecies
1534 939 27 75 is
1583 939 199 75 cylindrical,
1807 939 79 75 with
1909 939 42 75 14
1967 939 37 75 or
2025 939 40 75 15
2083 939 211 75 longitudinal

1308 985 219 75 affi-coloured
1540 985 117 75 ftreaks
1669 985 10 75 ;
1699 985 55 75 the
1766 985 88 75 teeth
1872 985 53 75 are
1942 985 179 75 extremely
2138 985 111 75 ImaJl;
2270 985 26 75 it

1306 1032 56 75 has
1380 1032 42 75 no
1439 1032 69 75 ears
1520 1032 10 75 ;
1556 1032 56 75 the
1624 1032 65 75 feet
1706 1032 52 75 are
1775 1032 32 75 at
1826 1032 18 75 a
1860 1032 90 75 great
1967 1032 137 75 diftance
2117 1032 85 75 from
2215 1032 78 75 each

1306 1078 105 75 other,
1423 1078 79 75 very
1513 1078 100 75 Ihort,
1625 1078 77 75 wirh
1716 1078 61 75 five
1789 1078 69 75 toes
1873 1078 62 75 and
1947 1078 90 75 final!
2049 1078 80 75 nails
2139 1078 11 75 j
2169 1078 56 75 bivt
2237 1078 58 75 the

1306 1124 69 75 toes
1392 1124 54 75 are
1466 1124 34 75 fo
1520 1124 121 75 minute
1653 1124 71 75 that
1737 1124 77 75 they
1831 1124 59 75 can
1906 1124 116 75 hardly
2038 1124 41 75 be
2095 1124 197 75 numbered:

1304 1171 31 75 It
1352 1171 27 75 is
1403 1171 19 75 a
1443 1171 106 75 native
1565 1171 40 75 of
1617 1171 92 75 Java.
1761 1171 34 75 3.
1818 1171 77 75 The
1913 1171 101 75 bipes,
2040 1171 27 75 is
2093 1171 150 75 amative
2258 1171 43 75 of

1303 1218 55 75 the
1374 1218 128 75 Indies;
1528 1218 26 75 it
1570 1218 57 75 has
1648 1218 66 75 100
1730 1218 89 75 feuta
1845 1218 41 75 on
1906 1218 55 75 the
1978 1218 100 75 belly,
2103 1218 62 75 and
2182 1218 46 75 60
2252 1218 43 75 on

1304 1265 54 75 the
1376 1265 78 75 tail;
1480 1265 56 75 the
1552 1265 86 75 feuta
1661 1265 54 75 are
1737 1265 192 75 fuccedanea
1945 1265 53 75 for
2013 1265 77 75 feet,
2115 1265 119 75 ranged
2252 1265 42 75 on

1302 1311 77 75 both
1397 1311 98 75 fides;
1521 1311 25 75 it
1562 1311 59 75 has
1638 1311 65 75 two
1719 1311 86 75 Ihort
1823 1311 77 75 refer,
1926 1311 77 75 with
2025 1311 65 75 two
2107 1311 82 75 toes,
2214 1311 79 75 near

1302 1359 55 75 the
1375 1359 89 75 anus.
1514 1359 38 75 In
1569 1359 96 75 every
1677 1359 81 75 fcale
1775 1359 40 75 cf
1826 1359 55 75 the
1894 1359 88 75 bipes
1995 1359 92 75 there
2099 1359 31 75 is
2147 1359 18 75 a
2180 1359 112 75 brown

1301 1404 102 75 point.
1456 1404 31 75 2.
1512 1404 77 75 The
1606 1404 180 75 mekagris,
1811 1404 27 75 is
1862 1404 141 75 likewife
2025 1404 24 75 a
2062 1404 107 75 native
2185 1404 40 75 of
2236 1404 57 75 the

1300 1451 120 75 Indies,
1446 1451 61 75 and
1524 1451 57 75 has
1610 1451 63 75 165
1688 1451 85 75 feuta
1792 1451 42 75 on
1850 1451 55 75 the
1921 1451 100 75 belly,
2047 1451 61 75 and
2124 1451 41 75 32
2180 1451 112 75 on-the

1301 1498 56 75 tail
1370 1498 8 75 :
1398 1498 32 75 It
1442 1498 57 75 has
1513 1498 89 75 fmall
1615 1498 102 75 teeth,
1734 1498 57 75 but
1803 1498 43 75 no
1856 1498 86 75 ears.
1971 1498 84 75 This
2073 1498 117 75 fperies
2201 1498 58 75 has
2272 1498 21 75 a

1300 1546 88 75 great
1401 1546 213 75 refemblance
1625 1546 35 75 to
1669 1546 55 75 the
1736 1546 133 75 former.
1888 1546 61 75 See
1958 1546 92 75 Plate
2059 1546 118 75 XXII.
2188 1546 54 75 fig.
2259 1546 29 75 r.

1303 1568 31 104 а.
1359 1594 77 75 The
1451 1594 179 75 colubrina,
1655 1594 27 75 is
1699 1594 40 75 an
1755 1594 179 75 inhabitant
1947 1594 41 75 of
1998 1594 123 75 Egypt,
2147 1594 58 75 has
2223 1594 66 75 180

1298 1638 88 75 feuta
1401 1638 41 75 on
1460 1638 54 75 the
1535 1638 97 75 belly,
1651 1638 62 75 and
1730 1638 39 75 18
1787 1638 41 75 on
1841 1638 55 75 the
1909 1638 77 75 tail;
2018 1638 26 75 it
2057 1638 26 75 is
2097 1638 193 75 beautifully

1299 1685 181 75 variegated
1495 1685 79 75 with
1591 1685 71 75 pale
1690 1685 63 75 and
1776 1685 162 75 yeilowiffi
1957 1685 142 75 colours.
2150 1685 34 75 5.
2208 1685 80 75 The

1297 1732 140 75 jaculus,
1455 1732 18 75 a
1490 1732 105 75 native
1612 1732 40 75 of
1659 1732 124 75 Egypt,
1801 1732 58 75 has
1875 1732 63 75 1S6
1952 1732 88 75 feuta
2057 1732 42 75 on
2115 1732 54 75 the
2187 1732 104 75 belly,

1298 1778 60 75 and
1377 1778 42 75 23
1439 1778 40 75 on
1498 1778 55 75 the
1566 1778 78 75 tail;
1671 1778 55 75 the
1743 1778 98 75 feales
1857 1778 42 75 on
1916 1778 55 75 the
1992 1778 88 75 belly
2096 1778 53 75 are
2167 1778 117 75 broad.

1298 1800 33 104 б.
1355 1826 78 75 The
1446 1826 168 75 maculata,
1641 1826 17 75 a
1672 1826 105 75 native
1795 1826 40 75 of
1849 1826 160 75 America,
2034 1826 59 75 has
2109 1826 70 75 200
2197 1826 94 75 feuta

1296 1872 41 75 on
1353 1872 55 75 the
1421 1872 98 75 belly,
1545 1872 62 75 and
1628 1872 39 75 12
1690 1872 40 75 on
1748 1872 55 75 the
1819 1872 79 75 tail;
1924 1872 25 75 it
1966 1872 26 75 is
2010 1872 128 75 yellow,
2157 1872 63 75 and
2235 1872 48 75 in-

1294 1919 172 75 terfperfed
1485 1919 77 75 with
1583 1919 222 75 affi-coloured
1828 1919 80 75 lines
1931 1919 41 75 on
1998 1919 56 75 the
2070 1919 102 75 back:
2206 1919 79 75 The

1293 1965 81 75 head
1398 1965 30 75 is
1450 1965 89 75 final!
1556 1965 32 75 in
1606 1965 185 75 proportion
1817 1965 34 75 to
1878 1965 55 75 the
1962 1965 104 75 body.
2112 1965 61 75 See
2191 1965 96 75 Plate

1293 2013 118 75 XXII.
1437 2013 56 75 fig.
1512 2013 34 75 2.
1599 2013 39 75 7.
1657 2013 76 75 The
1751 2013 179 75 reticulata,
1956 2013 19 75 a
1991 2013 106 75 native
2122 2013 42 75 of
2180 2013 104 75 Ame-

1293 2058 78 75 rica,
1395 2058 58 75 has
1483 2058 63 75 177
1564 2058 89 75 feuta
1668 2058 41 75 on
1728 2058 53 75 the
1800 2058 98 75 belly,
1924 2058 63 75 and
2006 2058 42 75 37
2067 2058 41 75 on
2126 2058 56 75 the
2198 2058 83 75 tail;

1285 2106 62 75 *iie
1380 2106 113 75 colour
1519 2106 41 75 of
1582 2106 54 75 the
1662 2106 97 75 fcaks
1785 2106 27 75 is
1836 2106 168 75 browniih,
2039 2106 79 75 with
2144 2106 18 75 a
2184 2106 98 75 white

1293 2151 138 75 margin.
1496 2151 35 75 8.
1556 2151 77 75 The
1660 2151 147 75 ceraftes,
1839 2151 78 75 with
1944 2151 69 75 200
2037 2151 92 75 feuta
2155 2151 42 75 on
2225 2151 56 75 the

1293 2198 97 75 belly,
1409 2198 62 75 and
1489 2198 38 75 15
1542 2198 41 75 on
1601 2198 54 75 the
1672 2198 71 75 tail,
1760 2198 26 75 is
1799 2198 19 75 a
1829 2198 105 75 native
1947 2198 40 75 of
1993 2198 124 75 Egypt.
2152 2198 32 75 9.
2202 2198 79 75 The

1291 2245 207 75 kimbricalis,
1532 2245 17 75 a
1577 2245 104 75 native
1707 2245 40 75 of
1766 2245 165 75 America,
1957 2245 57 75 has
2041 2245 69 75 230
2131 2245 89 75 feuta
2237 2245 43 75 on

1293 2291 54 75 the
1368 2291 101 75 belty,
1495 2291 62 75 and
1576 2291 19 75 7
1613 2291 41 75 on
1672 2291 56 75 the
1744 2291 82 75 tail;
1848 2291 43 75 its
1908 2291 112 75 colour
2036 2291 28 75 is
2082 2291 19 75 a
2118 2291 164 75 yellowifii

1290 2338 110 75 white,
1454 2338 54 75 io.
1533 2338 77 75 The
1623 2338 163 75 ventralis,
1812 2338 18 75 a
1846 2338 107 75 native
1977 2338 41 75 of
2029 2338 166 75 CarcrlLna,
2220 2338 56 75 has

1297 2386 63 75 r27
1378 2386 89 75 feuta
1483 2386 41 75 on
1542 2386 55 75 the
1613 2386 100 75 belly,
1730 2386 63 75 and
1813 2386 66 75 222
1894 2386 42 75 on
1948 2386 57 75 the
2016 2386 75 75 tail.
2134 2386 54 75 11.
2201 2386 77 75 The

1289 2430 146 75 platura;
1461 2430 54 75 the
1543 2430 82 75 head
1655 2430 25 75 is
1705 2430 119 75 oblong
1849 2430 63 75 aad
1928 2430 139 75 without
2081 2430 112 75 teeth;
2222 2430 56 75 the

1289 2478 85 75 body
1392 2478 26 75 is
1436 2478 96 75 about
1550 2478 18 75 a
1584 2478 69 75 foot
1672 2478 60 75 and
1751 2478 18 75 a
1785 2478 75 75 half
1869 2478 89 75 long,
1984 2478 93 75 black
2095 2478 100 75 above
2213 2478 64 75 and

1289 2525 98 75 white
1404 2525 125 75 below;
1557 2525 54 75 the
1629 2525 56 75 tail
1703 2525 26 75 is
1747 2525 98 75 about
1861 2525 61 75 one
1935 2525 97 75 ninth,
2044 2525 41 75 of
2094 2525 56 75 the
2162 2525 112 75 length

1289 2571 42 75 of
1343 2571 54 75 the
1413 2571 129 75 animal,
1567 2571 94 75 much
1680 2571 193 75 compreffed
1889 2571 39 75 or
1944 2571 123 75 flatted,
2093 2571 62 75 and
2171 2571 103 75 varie-

1289 2617 95 75 gated
1400 2617 77 75 with
1500 2617 93 75 black
1610 2617 63 75 and
1688 2617 118 75 white;
1834 2617 55 75 the
1912 2617 97 75 feales
2034 2617 53 75 are
2111 2617 168 75 roundiffi,.

1287 2664 101 75 fmall,
1415 2664 56 75 not
1488 2664 202 75 imbricated#
1715 2664 57 75 but
1792 2664 81 75 they
1896 2664 116 75 cannot
2027 2664 40 75 be
2084 2664 195 75 numbered.

1291 2713 54 75 r2.
1362 2713 76 75 The
1455 2713 171 75 laticauda,
1645 2713 18 75 a
1674 2713 105 75 native
1798 2713 40 75 of
1847 2713 164 75 Surinam,
2028 2713 57 75 has
2099 2713 69 75 200
2185 2713 89 75 feuta

1285 2757 40 75 on
1346 2757 54 75 the
1417 2757 98 75 belly,
1541 2757 63 75 and
1627 2757 43 75 30
1684 2757 43 75 on
1746 2757 54 75 the
1817 2757 78 75 tail;
1922 2757 55 75 rhe
1994 2757 56 75 tail
2069 2757 26 75 is
2109 2757 162 75 compref-

1286 2803 64 75 fed,
1376 2803 104 75 acute,
1508 2803 81 75 pale,
1615 2803 77 75 with
1710 2803 156 75 brownifh
1878 2803 98 75 belts.
2029 2803 53 75 13.
2108 2803 75 75 The
2201 2803 69 75 fey-

1285 2850 76 75 tale,
1386 2850 19 75 a
1427 2850 105 75 native
1559 2850 40 75 of
1616 2850 55 75 the
1687 2850 120 75 Indies,
1833 2850 88 75 with-
1938 2850 68 75 240
2031 2850 86 75 feuta
2144 2850 40 75 on
2213 2850 58 75 the

1284 2896 100 75 belly,
1409 2896 63 75 and
1503 2896 37 75 13
1560 2896 42 75 on
1619 2896 54 75 the
1690 2896 69 75 tail.
1807 2896 77 75 The
1900 2896 83 75 head
1999 2896 26 75 is
2045 2896 88 75 final!
2157 2896 61 75 and
2232 2896 36 75 0-

1284 2943 63 75 val,
1374 2943 61 75 and
1452 2943 55 75 the
1522 2943 72 75 eyes
1612 2943 53 75 are
1680 2943 107 75 little;
1814 2943 172 75 the-body
2011 2943 28 75 is
2068 2943 202 75 cylindrical,

1284 2991 98 75 about
1406 2991 22 75 a
1441 2991 78 75 foot,
1534 2991 61 75 and
1612 2991 18 75 a
1646 2991 74 75 half
1731 2991 90 75 leng,
1847 2991 138 75 covered
2011 2991 81 75 with
2114 2991 72 75 oval
2210 2991 64 75 ob-

2202 3044 73 75 tule.
