2428 3377
90 169 102 75 Part
222 169 32 75 T.

653 169 42 75 A
811 169 43 75 N
971 169 42 75 A
1130 169 18 75 1

137 236 76 75 The
237 236 172 75 tranfverfe
434 236 153 75 procefTes
615 236 42 75 of
684 236 55 75 the
763 236 105 75 dorfal
892 236 154 75 vertebras
1071 236 54 75 are

91 281 89 75 long,
205 281 125 75 thicker
347 281 32 75 at
396 281 85 75 their
497 281 76 75 ends
591 281 77 75 than
685 281 31 75 in
735 281 55 75 the
803 281 132 75 middle,
960 281 63 75 and
1034 281 90 75 turn-

91 330 44 75 ed
147 330 166 75 obliquely
327 330 201 75 backwards.

138 373 76 75 The
230 373 99 75 fpinal
345 373 120 75 procefi'
465 373 33 75 es
516 373 52 75 are
585 373 88 75 long,
698 373 90 75 fmall
811 373 142 75 pointed,
979 373 63 75 and
1065 373 60 75 Ho-

91 419 75 75 ping
183 419 200 75 downwards
406 419 63 75 and
492 419 207 75 backwards;
725 419 85 75 from
834 419 85 75 their
940 419 100 75 upper
1064 419 62 75 and

92 465 170 75 back-part
285 465 20 75 a
328 465 91 75 ridge
443 465 87 75 rifes,
564 465 105 75 which
693 465 27 75 is
745 465 147 75 received
919 465 44 75 by
990 465 19 75 a
1035 465 89 75 fmall

92 512 134 75 channel
242 512 33 75 in
290 512 56 75 the
363 512 159 75 fore-part
537 512 41 75 of
596 512 56 75 the
668 512 99 75 fpinal
782 512 126 75 procefs
926 512 199 75 immediate-

92 557 34 75 ly
142 557 115 75 above,
283 557 107 75 which
405 557 26 75 is
444 557 76 75 here
538 557 172 75 connected
725 557 35 75 to
776 557 26 75 it
818 557 43 75 by
877 557 19 75 a
911 557 166 75 ligament.

138 604 77 75 The
231 604 133 75 conduit
379 604 40 75 of
437 604 56 75 the
512 604 99 75 fpinal
628 604 138 75 marrow
781 604 26 75 is
824 604 76 75 here
917 604 89 75 more
1023 604 102 75 circu-

93 650 60 75 lar,
178 650 71 75 but,
274 650 245 75 correfponding
535 650 35 75 to
586 650 56 75 the
658 650 64 75 fize
737 650 40 75 of
788 650 73 75 that
873 650 91 75 cord,
981 650 26 75 is
1020 650 106 75 fmall-

94 696 34 75 er
152 696 79 75 than
246 696 33 75 in
296 696 59 75 any
372 696 41 75 of
431 696 55 75 the
503 696 93 75 other
612 696 167 75 vertebrae,
805 696 64 75 and
884 696 18 75 a
918 696 104 75 larger
1039 696 88 75 (hare

94 742 39 75 of
152 742 55 75 the
224 742 90 75 holes
331 742 33 75 in
376 742 55 75 the
447 742 87 75 bony
549 742 142 75 bridges,
717 742 52 75 for
785 742 54 75 the
863 742 204 75 tranfinilTion
1091 742 40 75 of

94 789 54 75 the
161 789 124 75 nerves,
310 789 26 75 is
354 789 125 75 formed
494 789 34 75 in
544 789 56 75 the
616 789 148 75 vertebra
786 789 115 75 above,
927 789 77 75 than
1021 789 34 75 in
1070 789 56 75 the

92 835 61 75 one
169 835 119 75 below.

141 880 76 75 The
229 880 184 75 connexion
429 880 40 75 of
487 880 56 75 the
554 880 105 75 dorfal
675 880 154 75 vertebrae
841 880 35 75 to
892 880 56 75 the
965 880 79 75 ribs,
1069 880 57 75 the

94 928 138 75 thinnefs
249 928 40 75 of
307 928 85 75 their
407 928 181 75 cartilages,
613 928 55 75 the
691 928 84 75 eredt
791 928 145 75 fituation
953 928 41 75 of
1011 928 56 75 the
1089 928 35 75 o-

95 973 109 75 blique
216 973 167 75 procelfes,
400 973 188 75 thelength,
602 973 132 75 Hoping,
748 973 63 75 and
827 973 188 75 connection
1024 973 40 75 of
1071 973 56 75 the

95 1020 98 75 fpinal
213 1020 165 75 procefles,
407 1020 44 75 all
474 1020 180 75 contribute
670 1020 35 75 to
717 1020 8 75 '
725 1020 121 75 refrain
863 1020 88 75 thefe
971 1020 154 75 vertebrae

95 1066 84 75 from
196 1066 96 75 much
314 1066 135 75 motion,
473 1066 106 75 which
603 1066 102 75 might
728 1066 120 75 difturb
872 1066 55 75 the
950 1066 118 75 actions
1091 1066 41 75 of

98 1112 55 75 the
169 1112 91 75 heart
285 1112 64 75 and
370 1112 216 75 lungsand,
611 1112 33 75 in
668 1112 215 75 confequence
907 1112 41 75 of
965 1112 56 75 the
1043 1112 85 75 little

96 1158 123 75 motion
235 1158 137 75 allowed
386 1158 90 75 here,
500 1158 55 75 the
570 1158 244 75 intervertebral
831 1158 166 75 cartilages
1017 1158 113 75 fooner

97 1204 124 75 (hrivel,
247 1204 43 75 by
305 1204 167 75 becoming
484 1204 88 75 more
583 1204 100 75 folid:
711 1204 79 75 And
804 1204 175 75 therefore,
996 1204 56 75 the
1064 1204 64 75 ffrft

97 1251 198 75 remarkable
321 1251 169 75 curvature
514 1251 40 75 of
572 1251 55 75 the
651 1251 86 75 fpine
761 1251 168 75 obferved,
954 1251 34 75 as
1015 1251 114 75 people

99 1297 137 75 advance
248 1297 35 75 to
295 1297 55 75 old
362 1297 70 75 age,
449 1297 26 75 is
488 1297 33 75 in
529 1297 55 75 the
600 1297 75 75 lead
687 1297 158 75 Hretched
856 1297 153 75 vertebrae
1022 1297 40 75 of
1074 1297 55 75 the

99 1342 80 75 back
191 1342 10 75 ;
231 1342 38 75 or
285 1342 56 75 old
356 1342 112 75 people
485 1342 64 75 firft
565 1342 132 75 become
714 1342 319 75 round-fliouldered.
1075 1342 8 75 *

144 1388 78 75 The
238 1388 111 75 bodies
361 1388 40 75 of
420 1388 54 75 the
490 1388 74 75 four
582 1388 177 75 uppermoft
775 1388 104 75 dorfal
901 1388 154 75 vertebrae
1072 1388 55 75 de-

98 1434 85 75 viate
199 1434 85 75 from
301 1434 56 75 the
374 1434 68 75 rule
458 1434 40 75 of
516 1434 56 75 the
588 1434 166 75 vertebrae,
782 1434 168 75 becoming
965 1434 106 75 larger
1095 1434 32 75 as

99 1481 79 75 they
193 1481 158 75 defcend;
379 1481 51 75 for
447 1481 55 75 the
514 1481 64 75 firfl
594 1481 40 75 of
646 1481 55 75 the
718 1481 73 75 four
807 1481 27 75 is
852 1481 55 75 the
923 1481 126 75 largeft,
1067 1481 62 75 and

99 1527 55 75 the
166 1527 94 75 other
272 1527 90 75 three
373 1527 106 75 below
494 1527 167 75 gradually
676 1527 132 75 become
824 1527 136 75 fmaller,
978 1527 36 75 to
1034 1527 96 75 allow

99 1574 54 75 the
170 1574 131 75 trachea
317 1574 63 75 and
395 1574 88 75 large
498 1574 110 75 veflels
625 1574 35 75 to
676 1574 107 75 divide
803 1574 33 75 at
851 1574 126 75 fmaller
993 1574 120 75 angles.

145 1619 80 75 The
238 1619 66 75 two
320 1619 180 75 uppermoft
515 1619 155 75 vertebrae
697 1619 40 75 of
756 1619 55 75 the
830 1619 99 75 .back,
954 1619 121 75 inftead
1096 1619 40 75 of

99 1664 94 75 being
210 1664 77 75 very
304 1664 179 75 prominent
499 1664 169 75 forwards,
694 1664 54 75 are
765 1664 110 75 flatted
891 1664 43 75 by
951 1664 56 75 the
1027 1664 102 75 adtion

100 1711 38 75 of
158 1711 55 75 the
229 1711 134 75 mufculi
378 1711 87 75 longi
482 1711 74 75 colli
574 1711 62 75 and
651 1711 76 75 redti
743 1711 151 75 majores.

145 1758 76 75 The
237 1758 218 75 proportional
472 1758 62 75 fize
551 1758 39 75 of
609 1758 55 75 the
688 1758 65 75 two
779 1758 84 75 little
882 1758 189 75 depreffions
1097 1758 32 75 in

100 1803 55 75 the
177 1803 87 75 body
287 1803 39 75 of
346 1803 77 75 each
449 1803 158 75 vertebra,
633 1803 51 75 for
708 1803 159 75 receiving
890 1803 55 75 the
969 1803 98 75 heads
1094 1803 42 75 of

100 1850 56 75 the
173 1850 77 75 ribs,
276 1850 97 75 feems
390 1850 35 75 to
437 1850 78 75 vary
531 1850 32 75 in
579 1850 55 75 the
646 1850 167 75 following
825 1850 128 75 manner
965 1850 10 75 ;
1002 1850 55 75 the
1073 1850 57 75 de-

99 1896 131 75 preHion
245 1896 42 75 on
308 1896 55 75 the
380 1896 97 75 upper
494 1896 80 75 edge
596 1896 41 75 of
655 1896 77 75 each
748 1896 149 75 vertebra
911 1896 161 75 decreafes
1096 1896 34 75 as

99 1942 50 75 far
165 1942 95 75 down
277 1942 32 75 as
326 1942 56 75 the
398 1942 123 75 fourth,
546 1942 61 75 and
623 1942 84 75 after
723 1942 71 75 that
810 1942 168 75 increafes.

144 1989 77 75 The
237 1989 172 75 tranfverfe
421 1989 154 75 proceHes
593 1989 52 75 are
668 1989 112 75 longer
799 1989 33 75 in
849 1989 77 75 each
943 1989 100 75 lower
1058 1989 72 75 ver-

101 2035 89 75 tebra
207 2035 34 75 to
258 2035 56 75 the
337 2035 132 75 feventh
492 2035 35 75 or
553 2035 123 75 eighth,
704 2035 76 75 with
805 2035 85 75 their
913 2035 125 75 fmorith
1063 2035 67 75 fur-

101 2082 98 75 faces,
232 2082 51 75 for
307 2082 56 75 the
394 2082 158 75 tubercles
580 2082 40 75 of
639 2082 55 75 the
721 2082 78 75 ribs,
830 2082 108 75 facing
965 2082 168 75 gradually

101 2125 88 75 more
206 2125 220 75 downwards;
452 2125 58 75 but
526 2125 201 75 afterwards,
746 2125 33 75 as
796 2125 78 75 they
889 2125 147 75 defcend,
1054 2125 79 75 they

101 2172 130 75 become
247 2172 133 75 (hotter,
397 2172 63 75 and
470 2172 56 75 the
536 2172 127 75 fmooth
674 2172 138 75 furfaces
829 2172 53 75 are
893 2172 141 75 diredted
1045 2172 88 75 more

102 2217 160 75 upwards.

147 2264 78 75 The
240 2264 125 75 fpinous
382 2264 151 75 procefles
550 2264 39 75 of
608 2264 56 75 the
679 2264 155 75 vertebrae
850 2264 40 75 of
909 2264 54 75 the
980 2264 81 75 back
1077 2264 56 75 be?

103 2310 89 75 come
216 2310 166 75 gradually
404 2310 112 75 longer
540 2310 62 75 and
625 2310 89 75 more
731 2310 133 75 Hunting
879 2310 88 75 from
983 2310 56 75 the
1055 2310 77 75 firft,

103 2356 33 75 as
154 2356 49 75 far
220 2356 96 75 down
332 2356 33 75 as
383 2356 54 75 the
454 2356 112 75 eighth
582 2356 37 75 or
632 2356 91 75 ninth
739 2356 168 75 vertebra;
925 2356 86 75 from
1027 2356 107 75 which

102 2402 79 75 they
196 2402 179 75 manifeftly
382 2402 78 75 turn
477 2402 121 75 fhorter
615 2402 63 75 and
694 2402 87 75 more
798 2402 96 75 eredt.

148 2448 77 75 The
241 2448 64 75 firft
321 2448 160 75 vertebra,
498 2448 117 75 befides
633 2448 38 75 an
687 2448 119 75 oblong
818 2448 121 75 hollow
950 2448 33 75 in
995 2448 41 75 its
1053 2448 80 75 low-

103 2495 33 75 er
153 2495 93 75 edge,
271 2495 70 75 that
359 2495 90 75 alfifts
466 2495 32 75 in
514 2495 139 75 forming
668 2495 56 75 the
741 2495 106 75 cavity
863 2495 139 75 wherein
1019 2495 55 75 the
1086 2495 47 75 fe-

104 2541 83 75 cond
202 2541 50 75 rtb
268 2541 25 75 is
312 2541 156 75 received,
492 2541 56 75 has
565 2541 55 75 the
636 2541 105 75 whole
765 2541 107 75 cavity
894 2541 51 75 for
969 2541 59 75 the
1049 2541 84 75 head

104 2587 40 75 of
162 2587 55 75 the
233 2587 64 75 firft
314 2587 49 75 rib
379 2587 124 75 fonpd
519 2587 32 75 in
567 2587 58 75 it/

149 2632 79 75 The
254 2632 117 75 fecond
393 2632 58 75 has
473 2632 57 75 the
552 2632 91 75 name
653 2632 58 75 "of
729 2632 156 75 axillary,
909 2632 138 75 without
1071 2632 63 75 any

104 2678 92 75 thing
210 2678 172 75 particular
398 2678 32 75 in
446 2678 41 75 its
499 2678 163 75 ftrudture.

149 2725 77 75 The
242 2725 147 75 eleventh
406 2725 89 75 often
511 2725 57 75 has
586 2725 54 75 the
662 2725 105 75 whole
787 2725 105 75 cavity
916 2725 52 75 for
991 2725 54 75 the
1068 2725 63 75 ele-

105 2770 97 75 venth
219 2770 18 75 ri
237 2770 31 75 >
283 2770 33 75 in
333 2770 40 75 its
389 2770 100 75 body,
515 2770 63 75 and
594 2770 99 75 wants
719 2770 55 75 the
798 2770 125 75 fmooth
947 2770 121 75 furface
1090 2770 43 75 on

105 2815 77 75 each
198 2815 174 75 tranfverfe
387 2815 138 75 procefs.

150 2861 77 75 The
243 2861 127 75 twelfth
387 2861 117 75 always
516 2861 136 75 receives
669 2861 56 75 the
741 2861 105 75 whole
856 2861 83 75 head
955 2861 40 75 of
1007 2861 55 75 the
1077 2861 58 75 laft

105 2908 60 75 rib,
184 2908 62 75 and
261 2908 58 75 has
335 2908 42 75 no
393 2908 124 75 fmooth
529 2908 121 75 furface
667 2908 41 75 on
719 2908 42 75 its
778 2908 172 75 tranfverfe
965 2908 168 75 procefles,

105 2953 104 75 which
227 2953 53 75 are
296 2953 78 75 very
389 2953 98 75 (hort.
581 2953 76 75 The
674 2953 125 75 fmooth
815 2953 137 75 furfaces
968 2953 40 75 of
1026 2953 41 75 its
1084 2953 48 75 in-

104 2999 99 75 ferior
212 2999 133 75 oblique
368 2999 155 75 procefles
537 2999 69 75 face
622 2999 161 75 outwards
807 2999 33 75 as
862 2999 56 75 the
933 2999 126 75 lumbar
1074 2999 57 75 do.

152 3048 101 75 Vql.
277 3048 31 75 I.
357 3048 71 75 No.
455 3048 35 75 8.

1016 3080 18 49 3

1287 171 39 75 O
1443 171 50 75 M
1608 171 53 75 Y.

2129 171 52 75 i6
2181 203 25 49 9

1266 233 77 75 And
1358 233 48 75 we
1422 233 74 75 may
1511 233 55 75 fay
1580 233 33 75 in
1630 233 140 75 general,
1789 233 69 75 that
1874 233 55 75 the
1940 233 100 75 upper
2051 233 155 75 vertebra

1174 279 39 75 of
1232 279 56 75 the
1305 279 82 75 back
1402 279 65 75 lofe
1483 279 170 75 gradually
1675 279 85 75 their
1775 279 211 75 refemblance
2002 279 36 75 to
2059 279 91 75 thofe
2174 279 41 75 of

1175 325 54 75 the
1245 325 92 75 neck,
1363 325 62 75 and
1441 325 55 75 the
1512 325 100 75 lower
1634 325 76 75 ones
1727 325 91 75 come
1841 325 112 75 nearer
1976 325 36 75 to
2036 325 56 75 the
2108 325 100 75 figure

1174 371 40 75 of
1232 371 56 75 the
1304 371 139 75 lumbar.

1221 417 75 75 The
1320 417 108 75 lowed:
1450 417 95 75 order
1560 417 41 75 of
1619 417 56 75 the
1691 417 72 75 true
1778 417 154 75 vertebra
1955 417 27 75 is
1998 417 58 75 the
2070 417 137 75 lumbar,

1175 463 105 75 which
1298 463 53 75 are
1366 463 61 75 five
1443 463 112 75 bones,
1572 463 72 75 that
1659 463 74 75 may
1749 463 39 75 be
1805 463 220 75 diftinguiftied
2042 463 86 75 from
2145 463 63 75 any

1174 510 109 75 others
1299 510 45 75 by
1370 510 88 75 thele
1480 510 129 75 marks:
1649 510 31 75 i.
1704 510 105 75 Their
1836 510 125 75 bodies,
1986 510 124 75 though
2130 510 30 75 eft
2160 510 12 75 "
2190 510 19 75 a

1174 556 135 75 circular
1325 556 85 75 form
1438 556 32 75 at
1497 556 84 75 their
1608 556 172 75 fore-part,
1805 556 53 75 are
1885 556 175 75 fbmewhat
2087 556 121 75 oblong

1174 602 84 75 from
1270 602 60 75 one
1346 602 64 75 fide
1426 602 35 75 to
1478 602 55 75 the
1549 602 116 75 other;
1691 602 106 75 which
1813 602 75 75 may
1909 602 41 75 be
1966 602 183 75 occafioned
2164 602 46 75 by

1175 648 54 75 the
1246 648 137 75 prefiure
1399 648 40 75 of
1457 648 56 75 the
1529 648 88 75 large
1633 648 123 75 veflels,
1781 648 55 75 the
1854 648 91 75 aorta
1960 648 61 75 and
2039 648 88 75 cava,
2145 648 64 75 and

1175 693 40 75 of
1233 693 56 75 the
1308 693 127 75 vifeera.
1483 693 77 75 The
1577 693 164 75 epiphyfes
1757 693 43 75 on
1816 693 85 75 their
1911 693 97 75 edges
2020 693 53 75 are
2089 693 118 75 larger,

1175 740 61 75 and
1252 740 162 75 therefore
1437 740 54 75 the
1509 740 98 75 upper
1624 740 63 75 and
1706 740 99 75 lower
1822 740 139 75 furfaces
1979 740 40 75 of
2037 740 85 75 their
2145 740 58 75 bo-

1173 787 68 75 dies
1258 787 53 75 are
1328 787 88 75 more
1436 787 138 75 concave
1594 787 77 75 than
1687 787 32 75 in
1736 787 55 75 the
1808 787 153 75 vertebra
1979 787 41 75 of
2037 787 57 75 the
2111 787 92 75 back,

1176 835 33 75 2.
1233 835 77 75 The
1326 835 167 75 cartilages
1516 835 145 75 between
1685 835 87 75 thefe
1794 835 155 75 vertebra
1967 835 53 75 are
2038 835 97 75 much
2151 835 56 75 the

1174 879 134 75 thickeft
1324 879 40 75 of
1383 879 75 75 any,
1483 879 63 75 and
1563 879 115 75 render
1693 879 56 75 the
1765 879 86 75 fpine
1868 879 125 75 convex
2016 879 112 75 within
2151 879 57 75 the

1175 926 168 75 abdomen,
1368 926 43 75 by
1427 926 84 75 their
1527 926 134 75 greateit
1677 926 159 75 thicknefs
1860 926 95 75 being
1971 926 133 75 at-their
2121 926 86 75 fore-

1174 970 83 75 part.
1308 970 33 75 3.
1365 970 77 75 The
1459 970 130 75 oblique
1617 970 153 75 procefles
1799 970 54 75 are
1881 970 106 75 ftrong
2014 970 66 75 and
2103 970 102 75 deep;

1175 1019 89 75 thofe
1288 1019 33 75 in
1344 1019 140 75 oppofite
1507 1019 79 75 fides
1615 1019 95 75 being
1737 1019 111 75 almoft
1875 1019 113 75 placed
2014 1019 32 75 in
2075 1019 132 75 parallel

1175 1064 132 75 planes;
1346 1064 55 75 the
1432 1064 154 75 fuperior,
1623 1064 105 75 which
1759 1064 53 75 are
1839 1064 150 75 concave,
2026 1064 106 75 facing
2159 1064 48 75 in-

1176 1111 116 75 wards,
1318 1111 62 75 and
1406 1111 56 75 the
1490 1111 126 75 convex
1635 1111 132 75 inferior
1787 1111 77 75 ones
1889 1111 107 75 facing
2023 1111 181 75 outwards:

1177 1157 62 75 and
1255 1157 163 75 therefore
1435 1157 79 75 each
1529 1157 41 75 of
1581 1157 88 75 thefe
1685 1157 153 75 vertebra
1856 1157 139 75 receives
2022 1157 56 75 the
2094 1157 61 75 one
2172 1157 33 75 a-

1176 1204 81 75 bove
1272 1204 39 75 it,
1337 1204 63 75 and
1415 1204 26 75 is
1459 1204 146 75 received
1620 1204 44 75 by
1680 1204 56 75 the
1753 1204 60 75 one
1829 1204 105 75 below
1949 1204 10 75 ;
1985 1204 106 75 which
2107 1204 26 75 is
2150 1204 58 75 not

1177 1249 33 75 fo
1234 1249 129 75 evident
1390 1249 32 75 in
1451 1249 55 75 the
1533 1249 94 75 other
1650 1249 67 75 two
1740 1249 107 75 dalles
1872 1249 130 75 already
2029 1249 178 75 deferibed.

1177 1296 34 75 4.
1234 1296 106 75 Their
1364 1296 173 75 tranfverfe
1562 1296 153 75 procefles
1744 1296 53 75 are
1823 1296 103 75 fmall,
1960 1296 90 75 long,
2076 1296 62 75 and
2161 1296 46 75 al-

1177 1341 79 75 moft
1272 1341 95 75 ered,
1394 1341 51 75 for
1470 1341 149 75 allowing
1635 1341 87 75 large
1739 1341 123 75 motion
1880 1341 36 75 to
1931 1341 78 75 each
2025 1341 95 75 bone,
2145 1341 64 75 and

1177 1388 154 75 fufficient
1346 1388 151 75 infertion
1514 1388 35 75 to
1565 1388 145 75 mufcles,
1728 1388 63 75 and
1806 1388 52 75 for
1874 1388 184 75 fupporting
2074 1388 63 75 and
2151 1388 57 75 de-

1176 1434 131 75 fending
1323 1434 55 75 the
1395 1434 136 75 internal
1548 1434 98 75 parts.
1700 1434 32 75 5.
1757 1434 147 75 Betwixt
1920 1434 56 75 the
1992 1434 89 75 roots
2100 1434 40 75 of
2150 1434 58 75 the

1176 1481 141 75 fuperior
1331 1481 131 75 oblique
1479 1481 63 75 and
1556 1481 174 75 tranfverfe
1748 1481 164 75 procefies,
1938 1481 19 75 a
1982 1481 90 75 fmall
2097 1481 111 75 protu-

1176 1528 134 75 berance
1325 1528 76 75 may
1423 1528 39 75 be
1486 1528 168 75 obferved,
1675 1528 109 75 where
1810 1528 86 75 fome
1923 1528 41 75 of
1987 1528 56 75 the
2072 1528 134 75 mufcles

1177 1572 71 75 that
1265 1572 79 75 raife
1360 1572 55 75 the
1432 1572 96 75 trunk
1545 1572 40 75 of
1597 1572 57 75 the
1668 1572 88 75 body
1772 1572 53 75 are
1841 1572 152 75 inferted.
2042 1572 35 75 6.
2101 1572 109 75 Their

1179 1619 98 75 fpinal
1289 1619 153 75 procefies
1460 1619 53 75 are
1529 1619 119 75 ftrong,
1672 1619 145 75 ftreight,
1843 1619 62 75 and
1917 1619 193 75 horizontal,
2128 1619 81 75 with

1178 1665 102 75 broad
1307 1665 56 75 flat
1385 1665 91 75 fides,
1503 1665 62 75 and
1582 1665 19 75 a
1617 1665 124 75 narrow
1756 1665 81 75 edge
1865 1665 99 75 above
1992 1665 63 75 and
2079 1665 127 75 below;

1177 1711 64 75 this
1258 1711 57 75 laft
1331 1711 95 75 being
1448 1711 125 75 deprefl'
1573 1711 39 75 ed
1627 1711 42 75 on
1685 1711 79 75 each
1789 1711 62 75 fide
1876 1711 43 75 by
1935 1711 145 75 mufcles.
2129 1711 82 75 And

1178 1756 32 75 at
1226 1756 56 75 the
1298 1756 73 75 root
1387 1756 36 75 of
1437 1756 88 75 thefe
1544 1756 110 75 edges,
1679 1756 49 75 we
1744 1756 50 75 fee
1809 1756 102 75 rough
1927 1756 138 75 furfaces
2082 1756 50 75 for
2144 1756 63 75 fix-

1177 1803 54 75 ing
1259 1803 57 75 the
1343 1803 182 75 ligaments.
1589 1803 34 75 7.
1654 1803 76 75 The
1758 1803 88 75 canal
1874 1803 51 75 for
1953 1803 56 75 the
2036 1803 172 75 numerous

1178 1851 106 75 cords,
1308 1851 105 75 called
1429 1851 104 75 cauda
1549 1851 132 75 equina,
1705 1851 69 75 into
1791 1851 106 75 which
1924 1851 55 75 the
2006 1851 99 75 fpinal
2121 1851 84 75 mar-

1179 1896 67 75 row
1262 1896 134 75 divides,
1422 1896 26 75 is
1476 1896 110 75 rather
1610 1896 105 75 larger
1738 1896 32 75 in
1798 1896 88 75 thefe
1912 1896 99 75 bones
2028 1896 77 75 than
2122 1896 87 75 what

1179 1944 142 75 contains
1353 1944 71 75 that
1456 1944 137 75 marrow
1623 1944 32 75 in
1691 1944 55 75 the
1780 1944 153 75 vertebrse
1962 1944 41 75 of
2030 1944 55 75 the
2112 1944 95 75 back.

1180 1992 35 75 8.
1239 1992 76 75 The
1331 1992 90 75 holes
1438 1992 52 75 for
1506 1992 55 75 the
1578 1992 122 75 paflage
1727 1992 40 75 of
1790 1992 55 75 the
1869 1992 111 75 nerves
1998 1992 53 75 are
2067 1992 89 75 more
2174 1992 35 75 e-

1180 2035 110 75 qually
1306 2035 126 75 formed
1455 2035 59 75 out
1530 2035 40 75 of
1588 2035 79 75 both
1684 2035 55 75 the
1755 2035 188 75 contiguous
1960 2035 154 75 vertebra
2131 2035 79 75 than

1179 2080 31 75 in
1227 2080 56 75 the
1299 2080 94 75 other
1409 2080 125 75 clafles;
1553 2080 55 75 the
1624 2080 100 75 upper
1740 2080 60 75 one
1815 2080 155 75 furniflies
1986 2080 150 75 however
2151 2080 59 75 the

1179 2126 105 75 larger
1307 2126 88 75 (hare
1411 2126 40 75 of
1462 2126 79 75 each
1558 2126 86 75 hole.

1226 2174 76 75 The
1318 2174 90 75 thick
1430 2174 166 75 cartilages
1620 2174 141 75 between
1789 2174 86 75 thefe
1897 2174 124 75 lumbar
2038 2174 168 75 vertebra,

1180 2219 82 75 their
1285 2219 80 75 deep
1381 2219 131 75 oblique
1529 2219 165 75 procefles,
1720 2219 63 75 and
1810 2219 84 75 their
1918 2219 84 75 ereft
2018 2219 99 75 fpinal
2134 2219 73 75 pro-

1182 2265 106 75 cefles,
1314 2265 53 75 are
1391 2265 42 75 all
1456 2265 37 75 (it
1511 2265 51 75 for
1580 2265 149 75 allowing
1757 2265 87 75 large
1871 2265 143 75 motion;
2042 2265 122 75 though
2181 2265 27 75 it

1180 2310 25 75 is
1223 2310 56 75 not
1295 2310 33 75 fo
1344 2310 140 75 great'as
1500 2310 87 75 what
1603 2310 27 75 is
1647 2310 182 75 performed
1844 2310 32 75 in
1893 2310 55 75 the
1973 2310 101 75 neck;
2100 2310 108 75 which

1181 2357 129 75 appears
1329 2357 83 75 from
1430 2357 184 75 comparing
1631 2357 54 75 the
1702 2357 111 75 arches
1830 2357 105 75 which
1960 2357 54 75 the
2041 2357 84 75 head
2151 2357 57 75 de-

1179 2403 116 75 feribes
1312 2403 92 75 when
1421 2403 128 75 moving
1566 2403 41 75 on
1623 2403 55 75 the
1694 2403 94 75 neck,
1813 2403 37 75 or
1874 2403 56 75 the
1946 2403 82 75 loins
2045 2403 90 75 only.

1228 2450 76 75 The
1320 2450 124 75 lumbar
1459 2450 166 75 vertebra,
1643 2450 33 75 as
1689 2450 78 75 they
1779 2450 147 75 defcend,
1952 2450 80 75 have
2048 2450 84 75 their
2148 2450 60 75 ob-

1179 2496 87 75 lique
1283 2496 153 75 procefles
1453 2496 32 75 at
1502 2496 19 75 a
1536 2496 124 75 greater
1673 2496 140 75 diftance
1829 2496 86 75 from
1930 2496 78 75 each
2020 2496 107 75 other,
2144 2496 64 75 tyid

1179 2541 106 75 facing
1302 2541 88 75 more
1406 2541 185 75 backwards
1609 2541 62 75 and
1687 2541 169 75 forwards.

1228 2587 88 75 Both
1332 2587 181 75 tranfverfe.
1521 2587 61 75 and
1598 2587 97 75 fpinal
1713 2587 154 75 procefles
1883 2587 41 75 of
1934 2587 56 75 the
2007 2587 202 75 middlemoll

1180 2634 153 75 vertebrse
1346 2634 39 75 of
1395 2634 56 75 the
1461 2634 82 75 loins
1556 2634 51 75 are
1621 2634 119 75 longeft
1757 2634 62 75 and
1836 2634 153 75 thickeft;
2015 2634 33 75 in
2065 2634 55 75 the
2136 2634 72 75 ver-

1181 2680 96 75 tebra
1297 2680 101 75 above
1413 2680 62 75 and
1496 2680 102 75 below
1616 2680 74 75 they
1717 2680 53 75 are
1785 2680 81 75 lefs:
1893 2680 33 75 fo
1943 2680 70 75 that
2031 2680 85 75 thefe
2132 2680 75 75 pro-

1180 2726 94 75 cefles
1290 2726 41 75 of
1341 2726 55 75 the
1411 2726 64 75 firil
1492 2726 63 75 and
1570 2726 72 75 fifth
1658 2726 54 75 are
1727 2726 56 75 the
1801 2726 88 75 lead,
1914 2726 36 75 to
1971 2726 134 75 prevent
2120 2726 87 75 their

1181 2772 131 75 ftriking
1337 2772 41 75 on
1406 2772 54 75 the
1477 2772 65 75 ribs
1559 2772 37 75 or
1621 2772 47 75 ofl'
1668 2772 16 75 a
1706 2772 101 75 ilium,
1834 2772 37 75 or
1899 2772 83 75 their
1999 2772 136 75 bruifing
2151 2772 57 75 the

1182 2819 132 75 mufcles
1337 2819 33 75 in
1387 2819 55 75 the
1458 2819 138 75 motions
1613 2819 40 75 of
1664 2819 54 75 the
1734 2819 98 75 fpine.

1228 2865 75 75 The
1319 2865 184 75 ephiphyfes
1520 2865 103 75 round
1639 2865 55 75 the
1714 2865 95 75 edges
1826 2865 41 75 of
1888 2865 55 75 the
1959 2865 112 75 bodies
2088 2865 41 75 of
2150 2865 59 75 the

1181 2911 123 75 lumbar
1319 2911 152 75 vertebra
1484 2911 52 75 are
1549 2911 78 75 moft
1644 2911 100 75 raifed
1760 2911 33 75 in
1810 2911 55 75 the
1882 2911 66 75 two
1964 2911 119 75 loweft,
2100 2911 107 75 which

1180 2959 224 75 confequently
1420 2959 92 75 make
1527 2959 88 75 them
1633 2959 113 75 appear
1762 2959 156 75 hollower
1945 2959 33 75 in
2005 2959 57 75 the
2088 2959 121 75 middle

1181 3005 76 75 than
1273 3005 55 75 the
1343 3005 109 75 others
1469 3005 66 75 are.

1676 3053 34 75 U
1727 3053 21 75 u

2134 3058 76 75 The
