2483 3387
581 58 233 75 ARK

1151 58 127 75 (42

252 123 108 75 others
379 123 68 75 lox.
464 123 62 75 See.
559 123 152 75 Pelletier
722 123 126 75 .prefers
862 123 108 75 cedar,
997 123 41 75 on
1061 123 136 75 account
1209 123 41 75 of

252 170 41 75 its
309 170 283 75 incorruptibility,
610 170 63 75 and
688 170 57 75 the
762 170 90 75 great
865 170 110 75 plenty
992 170 40 75 of
1052 170 28 75 it
1096 170 31 75 in
1146 170 96 75 Alia;

252 217 129 75 whence
400 217 189 75 Herodotus
615 217 61 75 and
701 217 244 75 Theophraftus
964 217 110 75 relate,
1100 217 72 75 that
1188 217 56 75 the

250 263 93 75 kings
366 263 41 75 of
427 263 111 75 Egypt
561 263 64 75 and
649 263 95 75 Syria
764 263 83 75 built
865 263 106 75 whole
995 263 90 75 fleets
1101 263 141 75 thereof,

254 311 118 75 inftead
389 311 41 75 of
444 311 85 75 deal.

298 358 76 75 The
390 358 130 75 learned
535 358 63 75 .Mr
615 358 110 75 Fuller
741 358 31 75 in
796 358 50 75 his
863 358 230 75 Mifcellanies,
1111 358 58 75 has
1185 358 57 75 ob-

252 404 123 75 ferved,
402 404 69 75 that
488 404 55 75 the
559 404 97 75 wood
672 404 149 75 whereof
833 404 55 75 the
906 404 57 75 ark
980 404 65 75 was
1058 404 93 75 built,
1179 404 63 75 was

251 450 135 75 nothing
401 450 63 75 elfe
481 450 58 75 but
552 450 70 75 that
638 450 105 75 which
757 450 55 75 the
824 450 114 75 Greek
954 450 62 75 call
1031 450 210 75 xoTrag/crcros,

251 496 38 75 or
306 496 54 75 the
378 496 206 75 cyprefs-tree
597 496 12 75 ;
636 496 64 75 for,
727 496 110 75 taking
854 496 89 75 away
955 496 56 75 the
1023 496 218 75 termination,

247 544 104 75 kupar
376 544 63 75 and
457 544 122 75 gopher
602 544 95 75 differ
724 544 80 75 very
827 544 86 75 little
938 544 32 75 in
994 544 113 75 found.
1155 544 86 75 This

247 590 199 75 obfervation
458 590 57 75 the
527 590 89 75 great
629 590 144 75 Bochart
786 590 56 75 has
855 590 187 75 confirmed,
1061 590 62 75 and
1135 590 104 75 fliewn

247 637 78 75 very
341 637 121 75 plainly
479 637 71 75 that
569 637 44 75 no
634 637 138 75 country
800 637 143 75 abounds
972 637 35 75 fo
1035 637 95 75 much
1159 637 81 75 with

246 684 64 75 this
328 684 95 75 wood
439 684 34 75 as
491 684 70 75 that
578 684 71 75 part
667 684 40 75 of
722 684 128 75 Affyria
867 684 106 75 which
990 684 58 75 Kes
1066 684 97 75 about
1175 684 65 75 Ba-

249 731 112 75 bylon.

293 778 38 75 In
342 778 87 75 what
442 778 88 75 place
539 778 98 75 Noah
649 778 83 75 built
745 778 62 75 and
819 778 130 75 finilhed
960 778 50 75 his
1023 778 58 75 ark
1090 778 26 75 is
1127 778 41 75 no
1180 778 60 75 lefs

245 824 93 75 made
354 824 19 75 a
390 824 117 75 matter
522 824 40 75 of
573 824 205 75 difputa:tion.
827 824 67 75 But
912 824 54 75 the
983 824 79 75 moll
1080 824 155 75 probable

245 870 128 75 opinion
402 870 38 75 is,
466 870 71 75 that
553 870 27 75 it
598 870 64 75 was
678 870 82 75 built
777 870 32 75 in
827 870 166 75 Chaldasa,
1019 870 32 75 in
1070 870 54 75 the
1143 870 94 75 terri-

249 918 97 75 tories
364 918 41 75 of
416 918 162 75 Babylon,
604 918 107 75 where
728 918 91 75 there
835 918 65 75 was
917 918 34 75 fo
967 918 91 75 great
1076 918 18 75 a
1110 918 130 75 quanti-

248 964 37 75 ty
301 964 40 75 of
353 964 125 75 cyprefs
495 964 32 75 in
545 964 56 75 the
617 964 114 75 groves
749 964 62 75 and
827 964 136 75 gardens
979 964 32 75 in
1024 964 217 75 Alexander’s

247 1010 90 75 time,
362 1010 72 75 that
451 1010 71 75 that
538 1010 108 75 prince
661 1010 84 75 built
762 1010 19 75 a
792 1010 105 75 whole
912 1010 75 75 fleet
1003 1010 58 75 out
1077 1010 41 75 of
1132 1010 38 75 it,
1188 1010 52 75 for

246 1057 86 75 want
356 1057 41 75 of
415 1057 128 75 timber.
592 1057 78 75 And
687 1057 65 75 this
769 1057 180 75 conjefture
965 1057 27 75 is
1009 1057 174 75 confirmed
1199 1057 44 75 by

247 1104 55 75 the
315 1104 167 75 Chaldean
496 1104 166 75 tradition,
681 1104 104 75 which
797 1104 107 75 makes
916 1104 161 75 Xithurus
1092 1104 151 75 (another

246 1150 92 75 name
354 1150 51 75 for
422 1150 114 75 Noah)
555 1150 47 75 fet
617 1150 56 75 fail
690 1150 84 75 from
791 1150 71 75 that
877 1150 149 75 country.

294 1197 74 75 The
389 1197 192 75 dimenfions
597 1197 41 75 of
650 1197 54 75 the
728 1197 71 75 ark,
825 1197 33 75 as
876 1197 92 75 given
985 1197 43 75 by
1044 1197 124 75 Mofes,
1187 1197 53 75 are

248 1246 67 75 300
333 1246 103 75 cubits
455 1246 32 75 in
503 1246 126 75 length,
652 1246 42 75 50
714 1246 33 75 in
763 1246 150 75 breadth,
931 1246 63 75 and
1008 1246 45 75 30
1069 1246 32 75 in
1113 1246 126 75 height,

244 1290 105 75 which
368 1290 84 75 fome
470 1290 80 75 have
567 1290 138 75 thought
733 1290 56 75 too
816 1290 123 75 fcanty,
964 1290 201 75 confidering
1182 1290 56 75 the

244 1336 134 75 number
394 1336 40 75 of
447 1336 107 75 things
571 1336 26 75 it
615 1336 65 75 was
703 1336 36 75 to
755 1336 128 75 contain
897 1336 10 75 ;
935 1336 62 75 and
1014 1336 99 75 hence
1131 1336 38 75 an
1187 1336 50 75 ar-

244 1384 130 75 gument
389 1384 58 75 has
469 1384 79 75 been
565 1384 111 75 drawn
693 1384 118 75 againft
824 1384 54 75 the
891 1384 164 75 authority
1068 1384 41 75 of
1121 1384 54 75 the
1187 1384 50 75 re-

243 1431 114 75 lation.
405 1431 58 75 To
480 1431 86 75 folve
583 1431 63 75 this
664 1431 159 75 difficulty
846 1431 97 75 many
970 1431 41 75 of
1033 1431 55 75 the
1112 1431 126 75 ancient

244 1477 135 75 fathers,
405 1477 63 75 and
485 1477 55 75 the
557 1477 133 75 modern
719 1477 120 75 critics,
865 1477 80 75 have
961 1477 80 75 been
1059 1477 56 75 put
1132 1477 35 75 to
1185 1477 52 75 ve-

244 1525 37 75 ry
290 1525 164 75 miferable
466 1525 108 75 fliifts:
594 1525 68 75 But
674 1525 107 75 Buteo
797 1525 63 75 and
871 1525 140 75 Kircher
1022 1525 81 75 have
1115 1525 123 75 proved

244 1571 253 75 geometrically,
529 1571 84 75 that,
645 1571 113 75 taking
785 1571 55 75 the
867 1571 148 75 common
1043 1571 89 75 cubit
1158 1571 42 75 of
1220 1571 19 75 a

243 1616 71 75 foot
338 1616 60 75 and
421 1616 18 75 a
462 1616 81 75 half,
568 1616 56 75 the
641 1616 58 75 ark
716 1616 65 75 was
799 1616 199 75 abundantly
1015 1616 155 75 fufficient
1186 1616 53 75 for

244 1664 42 75 all
306 1664 55 75 the
378 1664 132 75 animals
528 1664 154 75 fuppofed
698 1664 36 75 to
750 1664 40 75 be
807 1664 118 75 lodged
941 1664 33 75 in
991 1664 38 75 it.
1097 1664 139 75 Snellius

244 1710 164 75 computes
435 1710 55 75 the
518 1710 59 75 ark
600 1710 36 75 to
660 1710 81 75 have
758 1710 83 75 been
857 1710 99 75 above
973 1710 74 75 half
1058 1710 40 75 an
1116 1710 71 75 acre
1203 1710 33 75 in

244 1757 86 75 area,
355 1757 63 75 and
434 1757 107 75 father
562 1757 108 75 Lamy
695 1757 112 75 fhews,
832 1757 71 75 that
928 1757 25 75 it
979 1757 64 75 was
1077 1757 65 75 no
1170 1757 67 75 feet

243 1803 112 75 longer
372 1803 76 75 than
467 1803 55 75 the
539 1803 119 75 church
676 1803 39 75 of
729 1803 39 75 St
784 1803 101 75 Mary
913 1803 32 75 at
972 1803 104 75 Paris,
1103 1803 62 75 and
1191 1803 46 75 64

243 1849 65 75 feet
326 1849 182 75 narrower;
527 1849 62 75 and
605 1849 31 75 if
646 1849 47 75 fo,
710 1849 27 75 it
749 1849 80 75 mull
840 1849 81 75 have
938 1849 79 75 been
1034 1849 112 75 longer
1159 1849 78 75 than

245 1896 39 75 St
300 1896 109 75 Paul’s
428 1896 120 75 church
565 1896 30 75 in
614 1896 154 75 London,
794 1896 85 75 from
901 1896 76 75 weft
1003 1896 35 75 to
1061 1896 84 75 eaft;
1173 1896 64 75 and

241 1943 139 75 broader
396 1943 79 75 than
488 1943 75 75 that
575 1943 120 75 church
713 1943 26 75 is
756 1943 77 75 high
850 1943 33 75 in
900 1943 56 75 the
979 1943 109 75 infide,
1114 1943 63 75 and
1192 1943 44 75 54

243 1989 79 75 feet*
334 1989 40 75 of
394 1989 56 75 our
481 1989 141 75 meafure
647 1989 31 75 in
703 1989 137 75 height;
879 1989 63 75 and
967 1989 53 75 Dr
1044 1989 192 75 Arbuthnot

244 2037 165 75 computes
425 2037 25 75 it
468 2037 35 75 to
520 2037 81 75 have
617 2037 79 75 been
715 2037 114 75 81062
847 2037 88 75 tuns.

289 2083 77 75 The
382 2083 109 75 things
509 2083 170 75 contained
695 2083 33 75 in
751 2083 25 75 it
792 2083 98 75 were,
915 2083 118 75 befides
1051 2083 88 75 eight
1163 2083 72 75 per-

242 2129 71 75 fons
330 2129 40 75 of
381 2129 127 75 Noah’s
526 2129 125 75 family,
669 2129 60 75 one
747 2129 67 75 pair
831 2129 39 75 of
882 2129 97 75 every
994 2129 118 75 fpecies
1125 2129 40 75 of
1176 2129 59 75 un-

242 2176 90 75 clean
345 2176 145 75 animals,
515 2176 64 75 and
595 2176 91 75 feven
703 2176 69 75 pair
789 2176 41 75 of
840 2176 98 75 every
960 2176 119 75 fpecies
1095 2176 40 75 of
1147 2176 89 75 clean

244 2223 144 75 animals,
414 2223 78 75 with
511 2223 172 75 provilions
697 2223 52 75 for
765 2223 88 75 them
867 2223 41 75 all
926 2223 116 75 during
1058 2223 56 75 the
1130 2223 106 75 whole

243 2268 89 75 year.
380 2268 77 75 The
474 2268 119 75 former
610 2268 145 75 appears,
781 2268 33 75 at
841 2268 64 75 firft
932 2268 95 75 view,
1052 2268 111 75 almoft
1187 2268 48 75 in-

242 2315 111 75 finite;
379 2315 59 75 but
453 2315 32 75 if
497 2315 48 75 we
556 2315 91 75 come
664 2315 36 75 to
717 2315 18 75 a
752 2315 204 75 calculation,
981 2315 56 75 the
1054 2315 132 75 number
1202 2315 40 75 of

243 2362 118 75 fpecies
378 2362 40 75 of
431 2362 131 75 animals
581 2362 65 75 will
673 2362 39 75 be
736 2362 101 75 found
853 2362 96 75 much
966 2362 59 75 lefs
1043 2362 77 75 than
1138 2362 26 75 is
1181 2362 55 75 ge-

243 2408 120 75 nerally
381 2408 174 75 imagined,
573 2408 58 75 not
644 2408 187 75 amounting
847 2408 36 75 to
900 2408 38 75 an
955 2408 147 75 hundred
1120 2408 118 75 fpecies

245 2456 41 75 of
297 2456 215 75 quadrupeds,
538 2456 61 75 nor
614 2456 36 75 to
666 2456 67 75 two
749 2456 149 75 hundred
921 2456 41 75 of
980 2456 87 75 birds
1083 2456 10 75 ;
1120 2456 57 75 out
1203 2456 40 75 of

245 2500 120 75 which,
383 2500 33 75 in
428 2500 64 75 this
505 2500 81 75 cafe,
600 2500 53 75 are
662 2500 158 75 excepted
828 2500 75 75 fuch
917 2500 130 75 animals
1061 2500 32 75 as
1106 2500 58 75 can
1177 2500 63 75 live

241 2549 34 75 in
288 2549 55 75 the
360 2549 111 75 water.
502 2549 182 75 Zoologifts
702 2549 124 75 ufually
841 2549 119 75 reckon
972 2549 58 75 but
1041 2549 39 75 an
1092 2549 148 75 hundred

241 2593 65 75 and
316 2593 130 75 feventy
454 2593 117 75 fpecies
584 2593 32 75 in
628 2593 69 75 all;
715 2593 183 75 andbilhop
906 2593 145 75 Wilkins
1060 2593 98 75 Ihews
1168 2593 72 75 that

240 2641 77 75 only
332 2641 212 75 feventy-two
558 2641 41 75 of
610 2641 55 75 the
682 2641 23 75 q
717 2641 165 75 uadruped
896 2641 79 75 kind
987 2641 121 75 needed
1120 2641 18 75 a
1148 2641 91 75 place

243 2687 32 75 in
292 2687 56 75 the
367 2687 69 75 ark.

290 2735 52 75 By
360 2735 53 75 the
436 2735 193 75 defeription
647 2735 110 75 Mofes
787 2735 87 75 gives
904 2735 40 75 of
966 2735 56 75 the
1044 2735 69 75 ark,
1139 2735 26 75 it
1182 2735 54 75 ap-

241 2781 94 75 pears
361 2781 35 75 to
424 2781 81 75 have
531 2781 78 75 been
638 2781 131 75 divided
797 2781 69 75 into
895 2781 92 75 three
1011 2781 122 75 ftories,
1158 2781 78 75 each

242 2828 56 75 ten
331 2828 116 75 cubits,
483 2828 37 75 or
552 2828 110 75 fifteen
687 2828 75 75 feet,
784 2828 78 75 high
878 2828 11 75 ;
925 2828 62 75 and
1014 2828 26 75 it
1068 2828 26 75 is
1119 2828 118 75 agreed

242 2873 55 75 on,
323 2873 34 75 as
385 2873 79 75 moft
492 2873 165 75 probable,
683 2873 70 75 that
778 2873 55 75 the
851 2873 109 75 loweft
977 2873 86 75 ftory
1090 2873 64 75 was
1183 2873 53 75 for

232 2922 64 75 ,the
322 2922 112 75 beafts,
460 2922 55 75 the
543 2922 121 75 middle
691 2922 52 75 for
770 2922 55 75 the
849 2922 91 75 food,
966 2922 63 75 and
1057 2922 55 75 the
1135 2922 102 75 upper

1287 60 26 75 4
1369 60 18 75 )

1720 60 233 75 ARK

1341 126 51 75 for
1404 126 61 75 the
1480 126 105 75 birds,
1609 126 81 75 with
1706 126 98 75 Noah
1823 126 63 75 and
1908 126 51 75 his
1984 126 112 75 family
2108 126 11 75 ;
2145 126 78 75 each
2243 126 85 75 ftory

1339 173 95 75 being
1457 173 189 75 fubdivided
1661 173 69 75 into
1747 173 149 75 different
1914 173 206 75 apartments,
2138 173 97 75 ftalls,
2261 173 65 75 fac.

1338 219 146 75 Though
1497 219 170 75 Jofephus,
1685 219 108 75 Philo,
1812 219 62 75 and
1886 219 94 75 other
1992 219 259 75 commentators,
2263 219 65 75 add

1340 266 18 75 a
1373 266 80 75 kind
1468 266 40 75 of
1520 266 111 75 fourth
1647 266 88 75 ftory
1751 266 102 75 under
1874 266 42 75 all
1934 266 55 75 the
2009 266 59 75 reft
2081 266 9 75 ;
2118 266 107 75 being,
2251 266 33 75 as
2300 266 27 75 it

1338 313 96 75 were,
1451 313 56 75 the
1524 313 79 75 hold
1618 313 40 75 of
1666 313 55 75 the
1738 313 105 75 veffel,
1861 313 36 75 to
1914 313 126 75 contain
2057 313 56 75 the
2125 313 122 75 ballaft,
2265 313 62 75 and

1338 359 124 75 receive
1478 359 56 75 the
1562 359 72 75 filth
1663 359 64 75 and
1754 359 94 75 faeces
1865 359 40 75 of
1917 359 33 75 fo
1967 359 97 75 many
2079 359 132 75 animals
2223 359 10 75 :
2259 359 70 75 But

1338 407 40 75 F.
1397 407 129 75 Calmet
1542 407 122 75 thinks,
1689 407 71 75 that
1779 407 87 75 what
1881 407 26 75 is
1924 407 76 75 here
2017 407 160 75 reckoned
2193 407 19 75 a
2228 407 97 75 ftory,

1336 453 65 75 was
1418 453 42 75 no
1472 453 89 75 more
1577 453 78 75 than
1672 453 87 75 what
1775 453 26 75 is
1818 453 104 75 called
1938 453 56 75 the
2009 453 71 75 keel
2094 453 40 75 of
2144 453 94 75 fltips,
2264 453 63 75 and

1334 500 111 75 ferved
1460 500 79 75 only
1555 500 52 75 for
1623 500 19 75 a
1657 500 226 75 confervatory
1899 500 40 75 of
1949 500 81 75 frelh
2049 500 111 75 water.
2194 500 131 75 Drexe-

1334 546 61 75 lius
1421 546 109 75 makes
1555 546 92 75 three
1667 546 149 75 hundred
1835 546 209 75 apartments.
2094 546 40 75 F.
2153 546 170 75 Fournier,

1335 594 91 75 three
1442 594 148 75 hundred
1602 594 63 75 and
1681 594 233 75 thirty-three;
1933 594 56 75 the
2001 594 196 75 anonymous
2209 594 117 75 author

1335 639 39 75 of
1386 639 55 75 the
1461 639 173 75 Queftions
1658 639 42 75 on
1724 639 147 75 Genefis,
1897 639 74 75 four
1997 639 168 75 hundred;
2203 639 121 75 Buteo,

1335 686 244 75 Temporarius,
1622 686 98 75 Arias
1761 686 191 75 Montanus,
1997 686 133 75 Hoftus,
2167 686 156 75 Wilkins,

1334 733 119 75 Lamy,
1470 733 63 75 and
1548 733 123 75 others,
1689 733 130 75 fuppofe
1836 733 21 75 a'
1857 733 13 75 s
1886 733 96 75 many
1996 733 169 75 partitions
2182 733 33 75 as
2232 733 110 75 there'

1334 780 84 75 were
1435 780 151 75 different
1602 780 81 75 forts
1701 780 40 75 of
1761 780 144 75 animals.
1954 780 153 75 Pelletier
2124 780 108 75 makes
2248 780 77 75 only

1334 825 227 75 fev.enty-two,
1586 825 71 75 viz.
1698 825 168 75 thirty-fix
1893 825 52 75 for
1971 825 57 75 the
2060 825 101 75 birds,
2190 825 69 75 -and
2289 825 36 75 as

1334 872 95 75 many
1455 872 52 75 for
1532 872 56 75 the
1615 872 100 75 beafts
1730 872 11 75 ;
1768 872 49 75 his
1840 872 110 75 reafon
1972 872 41 75 is,
2039 872 71 75 that
2132 872 32 75 if
2186 872 49 75 we
2251 872 73 75 fup-

1334 919 73 75 pofe
1425 919 19 75 a
1464 919 127 75 greater
1619 919 146 75 number,
1791 919 34 75 as
1853 919 81 75 333,
1959 919 38 75 or
2014 919 81 75 400,
2122 919 77 75 each
2216 919 41 75 of
2268 919 57 75 the

1334 966 89 75 eight
1446 966 128 75 perfons
1597 966 32 75 in
1653 966 55 75 the
1731 966 59 75 ark
1806 966 79 75 muft
1904 966 82 75 have
2004 966 66 75 had
2095 966 225 75 thirty-feven,

1334 1013 179 75 forty-one,
1538 1013 40 75 or
1604 1013 74 75 fifty
1702 1013 85 75 ftalls
1815 1013 36 75 to
1878 1013 111 75 attend
2006 1013 62 75 and
2084 1013 122 75 cleanfe
2221 1013 100 75 daily,

1334 1059 105 75 which
1455 1059 43 75 he
1514 1059 110 75 thinks
1640 1059 172 75 impofiible
1829 1059 35 75 to
1879 1059 82 75 have
1977 1059 80 75 been
2073 1059 96 75 done.
2217 1059 68 75 But
2296 1059 27 75 it

1334 1106 26 75 is
1377 1106 166 75 obferved,
1569 1106 70 75 that
1662 1106 91 75 there
1769 1106 28 75 is
1814 1106 57 75 not
1887 1106 96 75 much
1999 1106 33 75 in
2050 1106 84 75 this;
2161 1106 36 75 to
2228 1106 96 75 dimi-

1334 1152 65 75 ni(h
1416 1152 56 75 the
1488 1152 135 75 number
1638 1152 41 75 of
1690 1152 86 75 ftalls
1793 1152 138 75 without
1954 1152 20 75 a
1989 1152 191 75 diminution
2197 1152 41 75 of
2254 1152 68 75 ani-

1335 1199 78 75 mals
1430 1199 26 75 is
1474 1199 93 75 vain;
1593 1199 27 75 it
1636 1199 95 75 being
1748 1199 135 75 perhaps
1907 1199 90 75 more
2024 1199 137 75 difficult
2188 1199 36 75 to
2247 1199 76 75 take

1333 1245 72 75 care
1421 1245 41 75 of
1474 1245 93 75 three
1591 1245 147 75 hundred
1766 1245 132 75 animals
1923 1245 33 75 in
1979 1245 213 75 feventy-two
2220 1245 101 75 ftalls,

1332 1291 76 75 than
1427 1291 31 75 in
1476 1291 92 75 three
1585 1291 158 75 hundred.
1793 1291 49 75 As
1859 1291 36 75 to
1911 1291 56 75 the
1983 1291 133 75 number
2136 1291 41 75 of
2189 1291 132 75 animals

1332 1338 170 75 chntained
1518 1338 33 75 in
1567 1338 56 75 the
1651 1338 70 75 ark,
1746 1338 107 75 Buteo
1879 1338 165 75 computes
2069 1338 71 75 that
2167 1338 27 75 it
2222 1338 99 75 could

1332 1384 57 75 not
1405 1384 40 75 be
1465 1384 93 75 equal
1576 1384 35 75 to
1628 1384 61 75 five
1705 1384 148 75 hundred
1868 1384 110 75 horfes
1993 1384 10 75 ;
2029 1384 41 75 he
2093 1384 79 75 even
2188 1384 132 75 reduces

1332 1431 54 75 the
1405 1431 105 75 whole
1527 1431 36 75 to
1579 1431 56 75 the
1651 1431 188 75 dimenfions
1863 1431 42 75 of
1919 1431 139 75 fifty-fix
2075 1431 69 75 pair
2166 1431 41 75 of
2220 1431 99 75 oxen.

1332 1478 40 75 F.
1391 1478 107 75 Lamy
1513 1478 146 75 enlarges
1676 1478 26 75 it
1718 1478 35 75 to
1770 1478 174 75 fixty.-four
1967 1478 68 75 pair
2052 1478 41 75 of
2104 1478 99 75 oxen,
2227 1478 38 75 or
2281 1478 40 75 an

1331 1524 148 75 hundred
1499 1524 63 75 and
1574 1524 228 75 twenty-eight
1818 1524 85 75 oxen
1915 1524 9 75 ;
1943 1524 35 75 fo
1994 1524 70 75 that
2080 1524 164 75 fuppofing
2261 1524 61 75 one

1330 1570 46 75 ox
1392 1570 95 75 equal
1504 1570 35 75 to
1563 1570 66 75 two
1652 1570 123 75 horfes,
1800 1570 31 75 if
1850 1570 56 75 the
1922 1570 57 75 ark
1995 1570 72 75 had
2077 1570 91 75 room
2185 1570 51 75 for
2253 1570 67 75 two

1330 1618 148 75 hundred
1502 1618 62 75 and
1593 1618 138 75 fifty-fix
1754 1618 123 75 horfes,
1903 1618 90 75 there
2021 1618 80 75 muft
2129 1618 81 75 have
2239 1618 80 75 been

1331 1664 92 75 roorrf
1440 1664 51 75 for
1512 1664 41 75 all
1571 1664 56 75 the
1644 1664 145 75 animals.
1838 1664 68 75 But
1932 1664 56 75 the
2010 1664 83 75 fame
2120 1664 117 75 author
2263 1664 56 75 de-

1332 1711 200 75 monftrates,
1556 1711 70 75 that
1647 1711 61 75 one
1724 1711 83 75 floor
1823 1711 39 75 of
1881 1711 26 75 it
1928 1711 112 75 would
2062 1711 106 75 fuffice
2192 1711 51 75 for
2259 1711 63 75 five

1331 1757 148 75 hundred
1495 1757 122 75 horfes,
1642 1757 151 75 allowing
1809 1757 73 75 nine
1899 1757 112 75 fquare
2028 1757 65 75 feet
2110 1757 35 75 to
2168 1757 18 75 a
2212 1757 107 75 horfe.

1378 1804 48 75 As
1444 1804 34 75 to
1490 1804 56 75 the
1563 1804 77 75 food
1652 1804 32 75 in
1701 1804 56 75 the
1768 1804 118 75 fecond
1902 1804 97 75 ftory,
2024 1804 26 75 it
2063 1804 26 75 is
2106 1804 152 75 obferved
2276 1804 45 75 by

1330 1849 107 75 Buteo
1453 1849 85 75 from
1556 1849 195 75 Columella,
1777 1849 71 75 that
1865 1849 103 75 thirty
1984 1849 37 75 or
2038 1849 89 75 forty
2143 1849 123 75 pounds
2283 1849 42 75 of

1329 1895 65 75 hay
1410 1895 177 75 ordinalily
1606 1895 123 75 fuffices
1746 1895 53 75 for
1816 1895 38 75 an
1871 1895 45 75 ox
1933 1895 19 75 a
1967 1895 76 75 day,
2069 1895 63 75 and
2147 1895 72 75 that
2235 1895 19 75 a
2268 1895 52 75 fo-

1328 1941 48 75 lid
1392 1941 89 75 cubit
1497 1941 41 75 of
1554 1941 77 75 hay,
1657 1941 34 75 as
1717 1941 124 75 ufually
1864 1941 121 75 preffed
2001 1941 95 75 down
2113 1941 31 75 in
2162 1941 61 75 our
2238 1941 80 75 hay-

1330 1989 98 75 ricks,
1454 1989 121 75 weighs
1600 1989 97 75 about
1722 1989 89 75 forty
1835 1989 146 75 pounds;
2009 1989 34 75 fo
2067 1989 71 75 that
2163 1989 19 75 a
2205 1989 115 75 fquare

1329 2036 89 75 cubit
1434 2036 40 75 of
1485 2036 63 75 hay
1564 2036 26 75 is
1611 2036 89 75 more
1716 2036 79 75 than
1814 2036 126 75 enough
1966 2036 52 75 for
2045 2036 61 75 one
2131 2036 46 75 ox
2184 2036 6 75 .
2200 2036 33 75 in
2256 2036 64 75 one

1330 2082 74 75 day.
1453 2082 88 75 Now
1557 2082 26 75 it
1601 2082 131 75 appears
1748 2082 71 75 that
1842 2082 55 75 the
1914 2082 116 75 fecond
2045 2082 85 75 ftory
2147 2082 171 75 contained

1334 2129 151 75 150,000
1519 2129 82 75 folid
1629 2129 117 75 cubits,
1791 2129 104 75 which
1923 2129 130 75 divided
2079 2129 144 75 between
2251 2129 67 75 two

1329 2174 147 75 hundred
1492 2174 63 75 and
1570 2174 48 75 fix
1633 2174 99 75 oxen,
1758 2174 65 75 will
1849 2174 105 75 afford
1975 2174 78 75 each
2075 2174 89 75 more
2187 2174 64 75 hay
2273 2174 45 75 by

1331 2222 65 75 two
1413 2222 117 75 thirds,
1555 2222 77 75 than
1649 2222 41 75 he
1718 2222 58 75 can
1792 2222 52 75 eat
1861 2222 31 75 in
1917 2222 20 75 a
1955 2222 89 75 year.
2093 2222 118 75 Biftiop
2228 2222 89 75 Wil-

1330 2268 71 75 kins
1418 2268 165 75 computes
1601 2268 42 75 all
1662 2268 55 75 the
1735 2268 204 75 carnivorous
1957 2268 145 75 animals,
2120 2268 196 75 equivalent,

1331 2315 33 75 as
1381 2315 36 75 to
1433 2315 56 75 the
1506 2315 79 75 bulk
1600 2315 41 75 of
1652 2315 84 75 their
1747 2315 124 75 bodies,
1889 2315 64 75 and
1963 2315 85 75 their
2059 2315 90 75 food,
2168 2315 36 75 to
2216 2315 100 75 twen-

1331 2361 145 75 ty-feven
1500 2361 141 75 wolves;
1667 2361 63 75 and
1746 2361 43 75 all
1805 2361 54 75 the
1878 2361 59 75 reft
1956 2361 36 75 to
2010 2361 66 75 two
2088 2361 148 75 hundred
2252 2361 65 75 and

1331 2408 111 75 eighty
1475 2408 126 75 beeves.
1669 2408 66 75 For
1767 2408 56 75 the
1855 2408 119 75 former
2004 2408 40 75 he
2078 2408 110 75 allows
2227 2408 86 75 1825

1331 2454 104 75 fheep,
1460 2454 63 75 and
1544 2454 52 75 for
1618 2454 56 75 the
1691 2454 107 75 latter,
1830 2454 150 75 109,500
1996 2454 103 75 cubits
2116 2454 41 75 of
2173 2454 76 75 hay,
2274 2454 43 75 all

1331 2500 106 75 which
1455 2500 65 75 will
1537 2500 40 75 be
1593 2500 95 75 eafily
1705 2500 169 75 contained
1890 2500 31 75 in
1939 2500 55 75 the
2014 2500 67 75 two
2105 2500 65 75 firft
2194 2500 123 75 ftories,

1332 2546 62 75 and
1414 2546 19 75 a
1449 2546 70 75 deal
1537 2546 40 75 of
1589 2546 90 75 room
1699 2546 33 75 to
1753 2546 102 75 fpare.
1904 2546 49 75 As
1980 2546 36 75 to
2037 2546 56 75 the
2109 2546 89 75 third
2215 2546 98 75 ftory,

1331 2593 42 75 no
1390 2593 87 75 body
1503 2593 185 75 doubts*of
1715 2593 41 75 its
1779 2593 94 75 beipg
1889 2593 153 75 fufficient
2058 2593 52 75 for
2127 2593 55 75 the
2199 2593 116 75 fowls;

1331 2639 78 75 with
1426 2639 111 75 Noah,
1545 2639 58 75 Jiis
1616 2639 84 75 fons,
1719 2639 62 75 and
1791 2639 187 75 daughters.
2007 2639 110 75 .Upon
2130 2639 55 75 the
2198 2639 118 75 whole,

1332 2686 54 75 the
1402 2686 130 75 learned
1549 2686 109 75 bifhop
1675 2686 153 75 remarks,
1846 2686 71 75 that
1929 2686 40 75 of
1976 2686 54 75 the
2047 2686 79 75 two,
2144 2686 24 75 it
2186 2686 130 75 appears

1331 2732 94 75 much
1452 2732 89 75 more
1566 2732 137 75 difficult
1726 2732 36 75 to
1785 2732 92 75 afftgn
1901 2732 18 75 a
1943 2732 134 75 number
2101 2732 61 75 and
2188 2732 77 75 bulk
2281 2732 41 75 of

1332 2778 159 75 neceffary
1508 2778 107 75 things
1645 2778 34 75 to
1708 2778 119 75 anfwer
1834 2778 9 75 ^
1855 2778 55 75 the
1938 2778 143 75 capacity
2106 2778 41 75 of
2161 2778 56 75 the
2245 2778 70 75 ark,

1332 2825 77 75 than
1422 2825 34 75 to
1468 2825 66 75 find
1547 2825 152 75 fufficient
1713 2825 89 75 room
1816 2825 51 75 for
1876 2825 54 75 the
1939 2825 118 75 feveral
2071 2825 117 75 fpecies
2198 2825 39 75 of
2249 2825 67 75 ani-

1331 2872 79 75 mals
1430 2872 127 75 already
1578 2872 116 75 known
1710 2872 36 75 to
1761 2872 80 75 have
1859 2872 79 75 been
1955 2872 102 75 there.
2106 2872 22 75 1
2142 2872 49 75 his
2202 2872 47 75 Ee
2268 2872 48 75 at-

1331 2920 136 75 tributes
1492 2920 36 75 to
1551 2920 55 75 the
1633 2920 219 75 imperfe&ion
1869 2920 40 75 of
1920 2920 60 75 our
1995 2920 51 75 lift
2062 2920 39 75 of
2113 2920 144 75 animals,
2282 2920 32 75 e-

2167 2961 149 75 fpecially
2338 2961 6 75 ‘
