2493 3387
768 192 500 75 ASTRO

219 257 97 75 many
337 257 139 75 millions
493 257 40 75 of
553 257 89 75 miles
658 257 128 75 beyond
801 257 39 75 it,
866 257 42 75 its
926 257 194 75 appearance
1143 257 110 75 would

221 304 38 75 be
276 304 56 75 the
348 304 79 75 very
442 304 84 75 fame
551 304 35 75 to
611 304 50 75 us.
709 304 78 75 The
810 304 55 75 fun
892 304 62 75 and
977 304 77 75 liars
1080 304 106 75 would
1212 304 43 75 all

215 326 6 104 ■
221 352 82 75 Teem
326 352 35 75 to
377 352 40 75 be
434 352 88 75 fixed
538 352 42 75 on
605 352 61 75 one
691 352 138 75 concave
853 352 136 75 furface,
1015 352 40 75 of
1072 352 106 75 which
1202 352 56 75 the

222 397 180 75 fpedte.tor’s
415 397 60 75 eye
490 397 108 75 would
616 397 39 75 be
673 397 55 75 the
744 397 123 75 centre.
916 397 67 75 But
995 397 55 75 the
1066 397 124 75 planets
1203 397 55 75 be-

216 444 57 75 ing
296 444 95 75 much
415 444 112 75 nearer
550 444 75 75 than
653 444 55 75 the
730 444 94 75 ftars,
850 444 84 75 their
958 444 210 75 appearances
1191 444 66 75 will

220 491 77 75 vary
319 491 220 75 confiderably
564 491 79 75 wichi
667 491 56 75 the
747 491 91 75 place
863 491 85 75 from
971 491 107 75 which
1103 491 79 75 they
1203 491 55 75 are

217 540 139 75 viewed.

267 587 36 75 If
314 587 56 75 the
385 587 156 75 fpe&ator
558 587 26 75 is
603 587 31 75 at
652 587 60 75 reft
729 587 138 75 without
879 587 85 75 their
980 587 115 75 orbits,
1120 587 56 75 the
1189 587 68 75 pla-

219 633 72 75 nets
307 633 67 75 will
397 633 84 75 feem
498 633 35 75 to
559 633 39 75 be
623 633 33 75 at
678 633 57 75 the
758 633 84 75 fame
868 633 138 75 diftance
1030 633 35 75 as
1088 633 57 75 the
1166 633 91 75 ftars,

220 680 57 75 but
293 680 197 75 continually
507 680 157 75 changing
681 680 85 75 their
789 680 106 75 places
913 680 78 75 with
1016 680 118 75 refpe<ft
1151 680 34 75 to
1203 680 55 75 the

219 727 77 75 ftars
320 727 63 75 and
401 727 33 75 to
451 727 61 75 one
528 727 148 75 another,
701 727 155 75 aflufning
877 727 127 75 various
1021 727 110 75 phafes
1148 727 41 75 of
1207 727 49 75 in-

221 775 103 75 creafe
347 775 63 75 and
430 775 28 75 d'
458 775 119 75 ecreafe
596 775 65 75 like
689 775 56 75 the
769 775 118 75 moon;
914 775 75 75 and,
1015 775 241 75 notwithftand-

221 820 52 75 ing
290 820 85 75 their
399 820 127 75 regular
542 820 140 75 motions
701 820 99 75 about
817 820 54 75 the
894 820 70 75 fun,
990 820 67 75 will
1076 820 181 75 fometimes

221 870 115 75 appear
360 870 35 75 to
423 870 94 75 move
540 870 147 75 quicker,
715 870 181 75 fometimes
921 870 123 75 flower,
1081 870 39 75 be
1148 870 34 75 as
1205 870 51 75 of-

220 915 52 75 ten
298 915 35 75 to
359 915 55 75 the
431 915 75 75 weft
523 915 32 75 as
574 915 34 75 to
625 915 57 75 the
708 915 64 75 eaft
795 915 41 75 of
854 915 57 75 the
939 915 69 75 fun,
1033 915 64 75 and
1122 915 32 75 at
1173 915 85 75 their

218 963 79 75 grea'
297 963 56 75 teft
384 963 154 75 diftances
572 963 84 75 feem
685 963 90 75 quite
806 963 186 75 ftationary.
1056 963 78 75 The
1162 963 95 75 dura-

220 1009 79 75 tion,
323 1009 127 75 extent,
475 1009 62 75 and
554 1009 138 75 diftance
709 1009 42 75 of
761 1009 89 75 thofe
867 1009 105 75 points
990 1009 31 75 in
1039 1009 56 75 the
1119 1009 138 75 heavens

218 1057 108 75 where
341 1057 89 75 thefe
447 1057 183 75 digreflions
648 1057 93 75 begin
759 1057 61 75 and
836 1057 76 75 end,
937 1057 110 75 would
1062 1057 40 75 be
1114 1057 91 75 more
1220 1057 40 75 or

220 1104 71 75 iefs,
317 1104 172 75 according
506 1104 35 75 to
566 1104 56 75 the
647 1104 170 75 refpeftive
832 1104 154 75 diftances
1004 1104 41 75 of
1063 1104 56 75 the
1138 1104 120 75 feveral

218 1150 122 75 planets
357 1150 84 75 from
458 1150 56 75 the
531 1150 77 75 fun;
635 1150 57 75 but
709 1150 31 75 in
758 1150 55 75 the
828 1150 84 75 fame
929 1150 107 75 planet
1053 1150 78 75 they
1150 1150 109 75 would

218 1198 149 75 continue
390 1198 180 75 invariably
596 1198 56 75 the
678 1198 84 75 fame
787 1198 32 75 at
844 1198 42 75 all
903 1198 115 75 times;
1048 1198 66 75 like
1137 1198 120 75 pendu-

220 1244 80 75 lums
312 1244 40 75 of
373 1244 139 75 unequal
529 1244 128 75 lengths
674 1244 179 75 ofcillating
870 1244 162 75 together,
1059 1244 56 75 the
1134 1244 123 75 Ihorter

218 1291 92 75 move
325 1291 99 75 quick
441 1291 61 75 and
520 1291 43 75 go
579 1291 77 75 over
674 1291 18 75 a
706 1291 92 75 fmall
815 1291 102 75 place,
948 1291 55 75 the
1026 1291 113 75 longer
1162 1291 105 75 move-

218 1337 74 75 flow
309 1337 63 75 and
396 1337 42 75 go
462 1337 78 75 over
565 1337 18 75 a
609 1337 89 75 large
720 1337 104 75 fpace.
873 1337 38 75 If
930 1337 55 75 the
1007 1337 149 75 obferver
1178 1337 27 75 is
1223 1337 34 75 at

219 1385 59 75 reft
301 1385 112 75 within
438 1385 56 75 the
518 1385 102 75 orbits
645 1385 40 75 of
705 1385 55 75 the
788 1385 137 75 planets,
952 1385 57 75 but
1033 1385 57 75 not
1107 1385 77 75 near
1200 1385 57 75 the

217 1432 147 75 common
380 1432 122 75 centre,
528 1432 86 75 their
630 1432 154 75 apparent
801 1432 138 75 motions
956 1432 66 75 will
1034 1432 40 75 be
1085 1432 170 75 irregular,

218 1478 57 75 but
287 1478 59 75 lefs
364 1478 33 75 fo
415 1478 77 75 than
508 1478 32 75 in
553 1478 56 75 the
626 1478 121 75 former
766 1478 81 75 cafe.
897 1478 95 75 Each
1006 1478 40 75 of
1065 1478 56 75 the
1136 1478 121 75 feveral

216 1527 123 75 planets
357 1527 66 75 will
442 1527 115 75 appear
580 1527 105 75 larger
703 1527 63 75 and
781 1527 60 75 lefs
859 1527 43 75 by
920 1527 105 75 turns,
1050 1527 34 75 as
1101 1527 78 75 they
1201 1527 55 75 ap-

216 1573 118 75 proach
358 1573 111 75 nearer
486 1573 37 75 or
545 1573 114 75 recede
682 1573 124 75 farther
822 1573 85 75 from
931 1573 55 75 the
1011 1573 161 75 obferver,
1199 1573 56 75 the

217 1620 120 75 neareft
354 1620 132 75 varying
503 1620 80 75 moft
606 1620 32 75 in
654 1620 85 75 their
756 1620 76 75 fize.
880 1620 101 75 They
998 1620 67 75 will
1081 1620 65 75 alfo
1163 1620 92 75 move

217 1666 134 75 quicker
372 1666 38 75 or
426 1666 111 75 flower
559 1666 80 75 with
663 1666 116 75 regard
803 1666 35 75 to
862 1666 86 75 their
972 1666 88 75 fixed
1080 1666 92 75 ftars,
1196 1666 60 75 but

218 1714 64 75 will
296 1714 96 75 never
409 1714 39 75 be
465 1714 186 75 retrograde
668 1714 37 75 or
717 1714 186 75 ftationary.

265 1760 36 75 If
320 1760 39 75 an
372 1760 148 75 obferver
537 1760 32 75 in
595 1760 122 75 motion
737 1760 97 75 views
852 1760 55 75 the
923 1760 152 75 heavens,
1100 1760 55 75 the
1171 1760 85 75 fame

217 1807 152 75 apparent
393 1807 229 75 irregularities
647 1807 67 75 will
740 1807 39 75 be
800 1807 167 75 obferved,
992 1807 58 75 but
1074 1807 79 75 with
1168 1807 87 75 fome

215 1854 156 75 variation
387 1854 151 75 refulting
555 1854 84 75 from
655 1854 41 75 its
714 1854 74 75 own
812 1854 136 75 motion.
997 1854 38 75 If
1053 1854 42 75 he
1118 1854 26 75 is
1170 1854 42 75 on
1237 1854 20 75 a.

215 1901 109 75 planet
340 1901 105 75 which
463 1901 57 75 has
546 1901 19 75 a
587 1901 141 75 rotation
754 1901 41 75 on
818 1901 41 75 its
885 1901 84 75 axis,
994 1901 58 75 not
1074 1901 96 75 being
1185 1901 69 75 fen-

217 1948 74 75 iible
308 1948 42 75 of
366 1948 50 75 his
432 1948 72 75 own
521 1948 135 75 motion,
683 1948 40 75 he
741 1948 65 75 will
823 1948 138 75 imagine
978 1948 55 75 the
1049 1948 107 75 whole
1178 1948 76 75 hea-

218 1994 89 75 vens,
331 1994 70 75 fun,
426 1994 137 75 planets,
595 1994 63 75 and
681 1994 90 75 ftars,
797 1994 35 75 to
858 1994 128 75 revolve
1011 1994 98 75 about
1132 1994 67 75 him
1222 1994 33 75 in

217 2042 55 75 the
288 2042 84 75 fame
392 2042 78 75 time
489 2042 69 75 that
582 2042 49 75 his
653 2042 107 75 planet
777 2042 90 75 turns
892 2042 114 75 round,
1031 2042 132 75 bufthe
1179 2042 76 75 con-

217 2088 89 75 trary
322 2088 83 75 way,
423 2088 64 75 and
502 2088 67 75 will
586 2088 57 75 not
659 2088 39 75 be
715 2088 95 75 eafily
826 2088 176 75 Convinced
1017 2088 40 75 of
1069 2088 54 75 the
1139 2088 115 75 decep-

217 2135 81 75 tion.
346 2135 38 75 If
403 2135 48 75 his
469 2135 106 75 planet
592 2135 110 75 moves
715 2135 104 75 round
837 2135 59 75 the
909 2135 69 75 fun,
1004 2135 55 75 the
1076 2135 83 75 fame
1176 2135 79 75 irre-

217 2182 162 75 gularities
403 2182 64 75 and
489 2182 120 75 afpedls
626 2182 33 75 as
676 2182 101 75 above
794 2182 185 75 mentioned
999 2182 68 75 will
1091 2182 116 75 appear
1222 2182 33 75 in

218 2229 56 75 the
291 2229 138 75 motions
447 2229 40 75 of
506 2229 55 75 the
578 2229 94 75 other
688 2229 146 75 planets;
862 2229 61 75 and
940 2229 56 75 the
1013 2229 55 75 fun
1088 2229 66 75 will
1170 2229 83 75 feem

219 2275 34 75 to
269 2275 93 75 move
379 2275 116 75 among
511 2275 55 75 the
582 2275 88 75 fixed
694 2275 78 75 ftars
788 2275 39 75 or
843 2275 94 75 figns,
962 2275 135 75 diredtly
1112 2275 142 75 oppofite

217 2323 36 75 to
270 2323 91 75 thofe
377 2323 33 75 in
435 2323 105 75 which
566 2323 50 75 his
640 2323 109 75 planet
771 2323 131 75 moves,_
918 2323 159 75 changing
1100 2323 41 75 its
1164 2323 90 75 place

217 2369 97 75 every
330 2369 64 75 day
410 2369 34 75 as
460 2369 42 75 he
518 2369 92 75 does.
660 2369 38 75 In
716 2369 18 75 a
749 2369 105 75 word,
872 2369 145 75 whether
1028 2369 61 75 our
1104 2369 149 75 obferver

218 2417 39 75 be
273 2417 31 75 in
328 2417 122 75 motion
467 2417 39 75 or
530 2417 33 75 at
579 2417 72 75 reft,
676 2417 147 75 whether
846 2417 113 75 within
982 2417 38 75 or
1042 2417 140 75 without
1198 2417 55 75 the

217 2464 101 75 orbits
334 2464 41 75 of
394 2464 55 75 the
466 2464 136 75 planets,
627 2464 84 75 their
728 2464 139 75 motions
885 2464 66 75 will
975 2464 88 75 feenf
1082 2464 169 75 irregular,

217 2510 161 75 intricate,
403 2510 63 75 and
482 2510 186 75 perplexed,
686 2510 103 75 unlefs
806 2510 41 75 he
864 2510 26 75 is
908 2510 31 75 in
952 2510 56 75 the
1020 2510 109 75 centre
1146 2510 40 75 of
1197 2510 57 75 the

217 2557 132 75 fyftem;
375 2557 63 75 and
461 2557 85 75 from
569 2557 115 75 thence
707 2557 56 75 the
787 2557 80 75 moft
891 2557 157 75 beautiful
1072 2557 97 75 order
1190 2557 64 75 and

216 2604 158 75 harmony
390 2604 66 75 will
474 2604 37 75 be
528 2604 71 75 feen
615 2604 44 75 by
681 2604 80 75 him.

264 2651 78 75 The
358 2651 55 75 fun
431 2651 94 75 being
547 2651 56 75 the
621 2651 107 75 centre
745 2651 40 75 of
804 2651 43 75 all
872 2651 55 75 the
950 2651 123 75 planets
1099 2651 152 75 motions,

217 2698 56 75 the
290 2698 77 75 only
389 2698 91 75 place
497 2698 93 75 fron\
604 2698 106 75 which
727 2698 84 75 their
835 2698 138 75 motions
996 2698 96 75 could
1109 2698 39 75 be
1165 2698 87 75 truly

217 2744 73 75 feen
307 2744 25 75 is
350 2744 55 75 the
424 2744 84 75 fun’s
525 2744 129 75 centre;
681 2744 107 75 where
809 2744 56 75 the
882 2744 160 75 obferver,
1069 2744 94 75 being
1179 2744 70 75 fup-

217 2791 98 75 pofed
333 2791 56 75 not
405 2791 35 75 to
465 2791 74 75 turn
563 2791 104 75 round
686 2791 78 75 with
789 2791 55 75 the
867 2791 69 75 fun,
965 2791 134 75 (which,
1129 2791 32 75 in
1185 2791 65 75 this

218 2838 81 75 cafe,
325 2838 48 75 we
390 2838 80 75 muft
485 2838 138 75 imagine
639 2838 35 75 to
691 2838 39 75 be
750 2838 19 75 a
785 2838 198 75 tranfparent
999 2838 118 75 body),
1143 2838 109 75 would

216 2885 52 75 fee
292 2885 41 75 all
350 2885 56 75 the
423 2885 77 75 ftars
517 2885 32 75 at
571 2885 73 75 reft,
670 2885 62 75 and
756 2885 172 75 feemingly
952 2885 192 75 equidiftant
1165 2885 86 75 from

217 2931 81 75 him.
345 2931 57 75 To
419 2931 76 75 fuch
512 2931 39 75 an
568 2931 160 75 obferver,
753 2931 56 75 the
826 2931 123 75 planets
961 2931 110 75 would
1083 2931 115 75 appear
1214 2931 36 75 to

217 2978 94 75 move
327 2978 115 75 among
453 2978 57 75 the
521 2978 89 75 fixed
625 2978 89 75 ftars,
741 2978 32 75 in
790 2978 18 75 a
824 2978 119 75 fimple,
969 2978 140 75 regular,
1134 2978 62 75 and
1211 2978 37 75 u-

217 3024 117 75 niform
352 3024 152 75 manner;
530 3024 87 75 only,
643 3024 70 75 that
739 3024 33 75 as
797 3024 32 75 in
853 3024 94 75 equal
972 3024 92 75 times
1090 3024 78 75 they
1192 3024 56 75 de-

217 3072 100 75 fcribe
333 3072 96 75 equal
445 3072 101 75 areas,
571 3072 78 75 they
664 3072 109 75 would
789 3072 142 75 defcribe
946 3072 107 75 fpaces
1075 3072 175 75 fomewhat

1347 191 44 75 N
1470 191 41 75 O
1590 191 49 75 M
1717 191 54 75 Y.

1300 256 152 75 unequal,
1481 256 134 75 becaufe
1642 256 80 75 they
1745 256 95 75 move
1868 256 33 75 In
1927 256 123 75 elliptic
2065 256 116 75 orbits.
2224 256 116 75 .Thfit*

1302 304 138 75 motions
1457 304 110 75 would
1582 304 66 75 alfo
1664 304 116 75 appear
1796 304 36 75 to
1848 304 39 75 be
1912 304 88 75 what
2023 304 79 75 they
2127 304 54 75 are
2204 304 33 75 in
2259 304 81 75 fa<ft,

1301 350 57 75 the
1374 350 84 75 fame
1474 350 72 75 way
1561 350 105 75 round
1681 350 55 75 the
1748 350 152 75 heavens,
1925 350 33 75 in
1974 350 92 75 paths
2079 350 106 75 which
2202 350 85 75 crofs
2305 350 34 75 at

1303 397 90 75 fmall
1409 397 109 75 angles
1541 397 30 75 in
1596 397 152 75 different
1769 397 89 75 parts
1874 397 40 75 of
1932 397 56 75 the
2004 397 151 75 heavens,
2180 397 62 75 and
2260 397 78 75 then

1303 445 140 75 feparate
1460 445 19 75 a
1494 445 86 75 little
1596 445 85 75 from
1703 445 62 75 one
1789 445 154 75 another:
1970 445 35 75 fo
2029 445 71 75 that
2123 445 32 75 if
2173 445 57 75 the
2254 445 86 75 folar

1284 491 6 75 ‘
1302 491 195 75 aftronomer
1515 491 114 75 ftiould
1644 491 92 75 make
1748 491 56 75 the
1816 491 77 75 path
1909 491 38 75 or
1959 491 85 75 orbit
2057 491 40 75 of
2115 491 63 75 any
2194 491 60 75 one
2270 491 70 75 pla-

1302 538 55 75 net
1380 538 19 75 a
1423 538 160 75 ftandard,
1609 538 63 75 and
1689 538 141 75 confider
1854 538 26 75 it
1904 538 34 75 as
1960 538 119 75 having
2102 538 42 75 no
2159 538 178 75 obliquity,

1302 586 41 75 he
1359 586 109 75 would
1480 586 102 75 judge
1598 586 56 75 the
1671 586 94 75 paths
1781 586 41 75 of
1839 586 43 75 all
1899 586 56 75 the
1970 586 61 75 reft
2047 586 36 75 to
2095 586 42 75 be
2151 586 139 75 inclined
2302 586 38 75 to

1302 633 38 75 it,
1366 633 78 75 each
1467 633 110 75 planet
1592 633 119 75 having
1727 633 61 75 one
1804 633 75 75 half
1897 633 41 75 of
1955 633 43 75 its
2015 633 77 75 path
2117 633 42 75 on
2182 633 60 75 one
2259 633 78 75 fide,

1302 680 62 75 and
1381 680 56 75 the
1461 680 95 75 other
1571 680 76 75 half
1665 680 40 75 on
1731 680 56 75 the
1811 680 143 75 oppofite
1975 680 64 75 fide
2056 680 40 75 of
2114 680 56 75 the
2189 680 149 75 ftandard

1301 727 76 75 path
1396 727 37 75 or
1448 727 99 75 orbit.
1596 727 81 75 And
1692 727 30 75 if
1741 727 41 75 he
1797 727 112 75 Ihould
1925 727 76 75 ever
2016 727 51 75 fee
2083 727 41 75 all
2142 727 56 75 the
2214 727 125 75 planets

1301 773 76 75 ftart
1392 773 86 75 from
1496 773 18 75 a
1529 773 203 75 conjundtion
1748 773 80 75 with
1843 773 78 75 each
1934 773 107 75 other,
2058 773 158 75 Mercury
2227 773 110 75 would

1300 821 93 75 move
1410 821 34 75 fo
1461 821 93 75 much
1573 821 94 75 fafter
1682 821 78 75 than
1773 821 125 75 Venus,
1917 821 34 75 as
1963 821 35 75 to
2010 821 153 75 overtake
2174 821 59 75 her
2244 821 94 75 again

1302 868 139 75 (though
1459 868 57 75 not
1527 868 33 75 in
1572 868 56 75 the
1644 868 83 75 fame
1744 868 91 75 point
1851 868 40 75 of
1910 868 56 75 the
1983 868 153 75 heavens)
2155 868 33 75 in
2200 868 19 75 a
2234 868 103 75 quan-

1302 914 62 75 tity
1376 914 40 75 of
1423 914 76 75 time
1512 914 112 75 alrnoft
1635 914 96 75 equal
1743 914 35 75 to
1792 914 62 75 145
1866 914 40 75 of
1913 914 59 75 our
1983 914 80 75 days
2076 914 61 75 and
2150 914 121 75 nights,
2284 914 52 75 or,

1301 961 32 75 as
1350 961 49 75 we
1416 961 183 75 commonly
1615 961 62 75 call
1688 961 102 75 them,
1818 961 139 75 natural
1971 961 89 75 days,
2083 961 105 75 which
2205 961 130 75 include

1301 1008 78 75 both
1397 1008 56 75 the
1469 1008 79 75 days
1566 1008 62 75 and
1645 1008 130 75 nights;
1801 1008 113 75 Venus
1938 1008 109 75 would
2070 1008 94 75 move
2188 1008 34 75 fo
2241 1008 97 75 much

1301 1055 93 75 fafter
1411 1055 76 75 than
1505 1055 56 75 the
1576 1055 105 75 earth,
1707 1055 34 75 as
1764 1055 35 75 to
1816 1055 152 75 overtake
1984 1055 26 75 it
2026 1055 92 75 again
2134 1055 34 75 in
2189 1055 66 75 585
2280 1055 57 75 na-

1302 1103 84 75 tural
1403 1103 103 75 days;
1532 1103 56 75 the
1604 1103 93 75 earth
1713 1103 35 75 fo
1772 1103 96 75 much
1893 1103 95 75 fafter
2009 1103 77 75 than
2112 1103 108 75 Mars,
2244 1103 34 75 as
2302 1103 37 75 to

1302 1150 152 75 overtake
1477 1150 67 75 him
1570 1150 93 75 again
1687 1150 32 75 in
1748 1150 64 75 778
1838 1150 75 75 fuch
1937 1150 102 75 days;
2066 1150 94 75 Mars
2183 1150 35 75 fo
2241 1150 98 75 much

1300 1196 94 75 fafter
1411 1196 76 75 than
1505 1196 140 75 Jupiter,
1665 1196 33 75 as
1715 1196 35 75 to
1766 1196 153 75 overtake
1936 1196 68 75 him
2017 1196 91 75 again
2124 1196 32 75 in
2175 1196 68 75 817
2260 1196 77 75 fuch

1300 1242 100 75 days;
1428 1242 63 75 and
1514 1242 128 75 Jupiter
1665 1242 34 75 fo
1716 1242 96 75 much
1835 1242 95 75 fafter
1946 1242 76 75 than
2042 1242 131 75 Saturn,
2198 1242 34 75 as
2248 1242 36 75 to
2301 1242 36 75 o-

1300 1290 131 75 vertake
1446 1290 67 75 him
1530 1290 92 75 again
1638 1290 33 75 in
1690 1290 91 75 7236
1798 1290 92 75 days,
1916 1290 42 75 all
1972 1290 40 75 of
2030 1290 60 75 our
2108 1290 89 75 time.

1346 1337 67 75 But
1426 1337 33 75 as
1472 1337 60 75 Our
1543 1337 81 75 folar
1640 1337 193 75 aftronomer
1851 1337 96 75 could
1962 1337 82 75 have
2061 1337 42 75 no
2114 1337 73 75 idea
2198 1337 41 75 of
2250 1337 87 75 mea-

1299 1383 108 75 furing
1422 1383 57 75 the
1496 1383 126 75 courfes
1639 1383 41 75 of
1697 1383 56 75 the
1770 1383 124 75 planets
1910 1383 45 75 by
1969 1383 60 75 our
2045 1383 91 75 days,
2162 1383 42 75 he
2227 1383 111 75 would

1301 1431 156 75 probably
1473 1431 75 75 take
1563 1431 56 75 the
1632 1431 114 75 period
1757 1431 41 75 of
1809 1431 170 75 Mercury,
1997 1431 106 75 which
2115 1431 26 75 is
2155 1431 56 75 the
2222 1431 116 75 quick-

1300 1477 43 75 eft
1359 1477 132 75 moving
1506 1477 120 75 planet,
1651 1477 54 75 for
1724 1477 19 75 a
1759 1477 141 75 meafure
1917 1477 36 75 to
1972 1477 149 75 compare
2137 1477 56 75 the
2209 1477 128 75 periods

1300 1524 41 75 of
1359 1524 57 75 the
1433 1524 109 75 others
1559 1524 55 75 by.
1664 1524 50 75 As
1731 1524 43 75 all
1790 1524 57 75 the
1861 1524 80 75 ftars
1957 1524 107 75 would
2092 1524 117 75 appear
2231 1524 106 75 quief-

1300 1571 71 75 CCnt
1390 1571 34 75 to
1441 1571 79 75 him,
1546 1571 41 75 he
1603 1571 110 75 would
1730 1571 95 75 never
1837 1571 96 75 think
1948 1571 70 75 that
2030 1571 79 75 they
2118 1571 66 75 had
2201 1571 63 75 any
2279 1571 59 75 de-

1299 1619 162 75 pendence
1475 1619 83 75 upon
1574 1619 57 75 the
1647 1619 55 75 fun
1715 1619 10 75 ;
1744 1619 60 75 but
1820 1619 109 75 would
1941 1619 160 75 naturally
2112 1619 138 75 imagine
2263 1619 74 75 that

1300 1665 55 75 the
1382 1665 122 75 planets
1532 1665 95 75 have,
1662 1665 134 75 becaufe
1822 1665 78 75 they
1928 1665 94 75 move
2048 1665 105 75 round
2180 1665 56 75 the
2264 1665 70 75 fun..

1299 1713 79 75 And
1394 1713 24 75 it
1434 1713 28 75 is
1479 1713 43 75 by
1539 1713 42 75 no
1597 1713 107 75 means
1729 1713 210 75 improbable,
1965 1713 69 75 that
2058 1713 43 75 he
2125 1713 109 75 would
2259 1713 77 75 con-

1299 1760 93 75 clude
1409 1760 91 75 thofe
1516 1760 125 75 planets
1657 1760 107 75 whofe
1780 1760 130 75 periods
1927 1760 52 75 are
2002 1760 155 75 quickeft,
2181 1760 38 75 to
2242 1760 96 75 move

1299 1806 32 75 in
1347 1806 102 75 orbits
1466 1806 265 75 proportionably
1745 1806 60 75 lefs
1830 1806 78 75 than
1930 1806 91 75 thofe
2045 1806 44 75 do
2112 1806 107 75 which
2242 1806 95 75 make

1300 1853 109 75 flower
1437 1853 142 75 circuits.
1628 1853 68 75 But
1724 1853 93 75 being
1845 1853 149 75 deftitute
2021 1853 40 75 of
2084 1853 19 75 a
2124 1853 134 75 method
2282 1853 54 75 for

1299 1899 120 75 finding
1435 1899 84 75 their
1535 1899 193 75 parallaxes,
1753 1899 51 75 or,
1829 1899 91 75 more
1944 1899 151 75 properly
2111 1899 162 75 fpeaking,
2299 1899 36 75 as

1299 1946 78 75 they
1389 1946 97 75 could
1497 1946 81 75 have
1590 1946 42 75 no
1649 1946 145 75 parallax
1810 1946 35 75 to
1862 1946 80 75 him,
1960 1946 41 75 he
2018 1946 97 75 could
2126 1946 96 75 never
2237 1946 99 75 know

1300 1993 62 75 any
1378 1993 93 75 thing
1487 1993 40 75 of
1547 1993 85 75 their
1647 1993 66 75 real
1729 1993 154 75 diftances
1907 1993 36 75 or
1965 1993 214 75 magnitudes.
2227 1993 108 75 Their

1299 2040 134 75 relative
1449 2040 154 75 diftances
1620 2040 41 75 he
1677 2040 104 75 might
1797 2040 135 75 perhaps
1950 2040 90 75 guefs
2058 2040 32 75 at
2111 2040 44 75 by
2171 2040 85 75 their
2279 2040 55 75 pe-

1300 2087 99 75 riods,
1425 2087 63 75 and
1504 2087 85 75 from
1602 2087 114 75 thence
1732 2087 84 75 infer
1830 2087 181 75 fomething
2022 2087 41 75 of
2073 2087 91 75 truth
2181 2087 153 75 concern-

1294 2135 60 75 ing
1365 2135 85 75 their
1461 2135 133 75 relative
1604 2135 108 75 bulks,
1725 2135 44 75 by
1781 2135 184 75 comparing
1976 2135 86 75 their
2074 2135 152 75 apparent
2238 2135 96 75 bulks

1299 2181 79 75 with
1396 2181 61 75 one
1473 2181 148 75 another.
1670 2181 66 75 For
1751 2181 162 75 example,
1938 2181 128 75 Jupiter
2077 2181 171 75 appearing
2265 2181 71 75 big-

1299 2228 57 75 ger
1373 2228 35 75 to
1423 2228 67 75 him
1507 2228 77 75 than
1601 2228 107 75 Mars,
1733 2228 41 75 he
1791 2228 109 75 would
1916 2228 156 75 conclude
2088 2228 26 75 it
2131 2228 35 75 to
2182 2228 39 75 be
2237 2228 97 75 much

1299 2276 112 75 bigger
1426 2276 33 75 in
1476 2276 85 75 fa£t;
1587 2276 132 75 becaufe
1735 2276 27 75 it
1778 2276 131 75 appears
1925 2276 47 75 fo,
1989 2276 64 75 and
2064 2276 80 75 muft
2156 2276 39 75 be
2211 2276 125 75 farther

1300 2323 84 75 from
1396 2323 67 75 him
1479 2323 42 75 on
1538 2323 135 75 account
1689 2323 40 75 of
1739 2323 41 75 its
1797 2323 114 75 longer
1922 2323 124 75 period.
2096 2323 158 75 Mercury
2270 2323 64 75 and

1300 2370 55 75 the
1374 2370 91 75 earth
1484 2370 108 75 would
1606 2370 84 75 feem
1707 2370 95 75 much
1820 2370 41 75 of
1878 2370 56 75 the
1958 2370 84 75 fame
2063 2370 101 75 bulk;
2191 2370 71 75 but,
2289 2370 46 75 by

1299 2417 182 75 comparing
1497 2417 42 75 its
1553 2417 112 75 period
1678 2417 78 75 with
1773 2417 56 75 the
1845 2417 132 75 earth’s,
2003 2417 42 75 he
2056 2417 109 75 would
2178 2417 156 75 conclude

1300 2464 70 75 that
1387 2464 55 75 the
1465 2464 91 75 earth
1578 2464 29 75 is
1628 2464 97 75 much
1742 2464 124 75 farther
1883 2464 85 75 from
1985 2464 67 75 him
2068 2464 78 75 than
2161 2464 172 75 Mercury,

1299 2508 63 75 and
1378 2508 228 75 confequently
1620 2508 72 75 that
1717 2508 27 75 it
1769 2508 80 75 muft
1875 2508 40 75 be
1940 2508 101 75 really
2063 2508 119 75 larger,
2208 2508 125 75 though

1300 2557 186 75 apparently
1502 2557 41 75 of
1561 2557 56 75 the
1632 2557 85 75 fame
1732 2557 78 75 bulk
1822 2557 11 75 ;
1860 2557 64 75 and
1939 2557 34 75 fo
1995 2557 40 75 of
2053 2557 56 75 the
2133 2557 73 75 reft.
2254 2557 80 75 And

1299 2605 34 75 as
1351 2605 78 75 each
1445 2605 108 75 planet
1568 2605 110 75 would
1694 2605 117 75 appear
1826 2605 174 75 fomewhat
2015 2605 106 75 larger
2136 2605 32 75 in
2186 2605 60 75 one
2262 2605 73 75 part

1299 2652 41 75 of
1358 2652 41 75 its
1424 2652 86 75 orbit
1534 2652 78 75 than
1636 2652 34 75 in
1694 2652 57 75 the
1774 2652 154 75 oppofite,
1953 2652 62 75 and
2031 2652 35 75 to
2082 2652 93 75 move
2191 2652 144 75 quickeft:

1298 2698 93 75 when
1416 2698 27 75 it
1462 2698 99 75 feems
1587 2698 134 75 biggeft,
1745 2698 57 75 the
1818 2698 149 75 obferver
1983 2698 109 75 would
2107 2698 39 75 be
2163 2698 33 75 at
2213 2698 41 75 no
2271 2698 63 75 lofs

1299 2745 33 75 to
1344 2745 177 75 determine
1537 2745 72 75 that
1626 2745 42 75 all
1681 2745 54 75 the
1747 2745 123 75 planets
1888 2745 92 75 move
1995 2745 32 75 in
2040 2745 117 75 orbits,
2174 2745 42 75 of
2226 2745 108 75 which

1298 2793 55 75 the
1369 2793 55 75 fun
1442 2793 25 75 is
1484 2793 59 75 not
1559 2793 153 75 precifely
1728 2793 32 75 in
1778 2793 55 75 the
1850 2793 119 75 centre.

1345 2840 77 75 The
1444 2840 152 75 apparent
1622 2840 200 75 magnitudes
1846 2840 42 75 of
1907 2840 56 75 the
1986 2840 123 75 planets
2135 2840 199 75 continually

1298 2887 121 75 change
1436 2887 34 75 as
1487 2887 71 75 feen
1575 2887 85 75 from
1677 2887 55 75 the
1748 2887 91 75 earth
1855 2887 9 75 ;
1889 2887 107 75 which
2013 2887 227 75 demonftrates
2261 2887 72 75 that

1298 2934 78 75 they
1394 2934 156 75 approach
1569 2934 111 75 nearer
1703 2934 36 75 to
1762 2934 39 75 it,
1828 2934 63 75 and
1915 2934 114 75 recede
2049 2934 125 75 farther
2195 2934 86 75 from
2305 2934 29 75 it

1297 2981 45 75 by
1364 2981 104 75 turns.
1518 2981 99 75 From
1641 2981 88 75 thefe
1751 2981 211 75 phenomena,
1988 2981 62 75 and
2071 2981 84 75 their
2180 2981 153 75 apparent

1298 3027 138 75 motions
1453 3027 116 75 among
1586 3027 55 75 the
1664 3027 90 75 ftars,
1780 3027 78 75 they
1881 3027 84 75 feem
1988 3027 36 75 to
2048 3027 141 75 defcribe
2213 3027 119 75 looped

1297 3075 110 75 curves
1426 3075 106 75 which
1549 3075 95 75 never
1656 3075 109 75 return
1782 3075 69 75 into
1869 3075 202 75 themfelves,
2096 3075 140 75 Venus’s
2253 3075 77 75 path

2158 3116 170 75 excepted.
