<?xml version="1.0" encoding="UTF-8"?>
<alto xmlns="http://www.loc.gov/standards/alto/v3/alto.xsd"><Description><MeasurementUnit>pixel</MeasurementUnit><sourceImageInformation><fileName>./data/pdfs/c_188936619/i_144133901/188082693.23.pdf</fileName></sourceImageInformation><OCRProcessing ID="IdOcr"><ocrProcessingStep><processingDateTime>Fri Jul 12 10:37:54 2019
</processingDateTime><processingSoftware><softwareCreator>CONTRIBUTORS</softwareCreator><softwareName>pdfalto</softwareName><softwareVersion>0.1</softwareVersion></processingSoftware></ocrProcessingStep></OCRProcessing></Description><Styles><TextStyle ID="font0" FONTFAMILY="times" FONTSIZE="10.000" FONTTYPE="serif" FONTWIDTH="proportional" FONTCOLOR="#WWWWWW" FONTSTYLE=""/><TextStyle ID="font1" FONTFAMILY="times" FONTSIZE="6.500" FONTTYPE="serif" FONTWIDTH="proportional" FONTCOLOR="#WWWWWW" FONTSTYLE="superscript"/><TextStyle ID="font2" FONTFAMILY="times" FONTSIZE="6.500" FONTTYPE="serif" FONTWIDTH="proportional" FONTCOLOR="#WWWWWW" FONTSTYLE="subscript"/><TextStyle ID="font3" FONTFAMILY="times" FONTSIZE="6.500" FONTTYPE="serif" FONTWIDTH="proportional" FONTCOLOR="#WWWWWW" FONTSTYLE=""/><TextStyle ID="font4" FONTFAMILY="invisibleocr" FONTSIZE="10.000" FONTTYPE="sans-serif" FONTWIDTH="proportional" FONTCOLOR="#WWWWWW" FONTSTYLE=""/></Styles><Layout><Page ID="Page474" PHYSICAL_IMG_NR="474" WIDTH="2483" HEIGHT="3387"><PrintSpace><TextLine WIDTH="78" HEIGHT="75" ID="p474_t1" HPOS="281" VPOS="169"><String ID="p474_w1" CONTENT="3^2" HPOS="281" VPOS="169" WIDTH="78" HEIGHT="75" STYLEREFS="font0"/></TextLine><TextLine WIDTH="617" HEIGHT="75" ID="p474_t2" HPOS="745" VPOS="169"><String ID="p474_w2" CONTENT="A" HPOS="745" VPOS="169" WIDTH="41" HEIGHT="75" STYLEREFS="font0"/><SP WIDTH="76" VPOS="169" HPOS="786"/><String ID="p474_w3" CONTENT="R" HPOS="862" VPOS="169" WIDTH="38" HEIGHT="75" STYLEREFS="font0"/><SP WIDTH="78" VPOS="169" HPOS="900"/><String ID="p474_w4" CONTENT="I" HPOS="978" VPOS="169" WIDTH="19" HEIGHT="75" STYLEREFS="font0"/><SP WIDTH="78" VPOS="169" HPOS="997"/><String ID="p474_w5" CONTENT="T" HPOS="1075" VPOS="169" WIDTH="40" HEIGHT="75" STYLEREFS="font0"/><SP WIDTH="76" VPOS="169" HPOS="1115"/><String ID="p474_w6" CONTENT="H" HPOS="1191" VPOS="169" WIDTH="44" HEIGHT="75" STYLEREFS="font0"/><SP WIDTH="77" VPOS="169" HPOS="1235"/><String ID="p474_w7" CONTENT="M" HPOS="1312" VPOS="169" WIDTH="50" HEIGHT="75" STYLEREFS="font0"/></TextLine><TextLine WIDTH="994" HEIGHT="75" ID="p474_t3" HPOS="328" VPOS="243"><String ID="p474_w8" CONTENT="Note" HPOS="328" VPOS="243" WIDTH="88" HEIGHT="75" STYLEREFS="font0"/><SP WIDTH="22" VPOS="243" HPOS="416"/><String ID="p474_w9" CONTENT="i." HPOS="438" VPOS="243" WIDTH="30" HEIGHT="75" STYLEREFS="font0"/><SP WIDTH="35" VPOS="243" HPOS="468"/><String ID="p474_w10" CONTENT="Tnftead" HPOS="503" VPOS="243" WIDTH="131" HEIGHT="75" STYLEREFS="font0"/><SP WIDTH="22" VPOS="243" HPOS="634"/><String ID="p474_w11" CONTENT="of" HPOS="656" VPOS="243" WIDTH="41" HEIGHT="75" STYLEREFS="font0"/><SP WIDTH="19" VPOS="243" HPOS="697"/><String ID="p474_w12" CONTENT="working" HPOS="716" VPOS="243" WIDTH="148" HEIGHT="75" STYLEREFS="font0"/><SP WIDTH="21" VPOS="243" HPOS="864"/><String ID="p474_w13" CONTENT="divifion" HPOS="885" VPOS="243" WIDTH="133" HEIGHT="75" STYLEREFS="font0"/><SP WIDTH="25" VPOS="243" HPOS="1018"/><String ID="p474_w14" CONTENT="of" HPOS="1043" VPOS="243" WIDTH="42" HEIGHT="75" STYLEREFS="font0"/><SP WIDTH="21" VPOS="243" HPOS="1085"/><String ID="p474_w15" CONTENT="fraftioris" HPOS="1106" VPOS="243" WIDTH="153" HEIGHT="75" STYLEREFS="font0"/><SP WIDTH="27" VPOS="243" HPOS="1259"/><String ID="p474_w16" CONTENT="as" HPOS="1286" VPOS="243" WIDTH="36" HEIGHT="75" STYLEREFS="font0"/></TextLine><TextLine WIDTH="1060" HEIGHT="75" ID="p474_t4" HPOS="260" VPOS="289"><String ID="p474_w17" CONTENT="," HPOS="260" VPOS="289" WIDTH="4" HEIGHT="75" STYLEREFS="font0"/><SP WIDTH="16" VPOS="289" HPOS="264"/><String ID="p474_w18" CONTENT="taught" HPOS="280" VPOS="289" WIDTH="116" HEIGHT="75" STYLEREFS="font0"/><SP WIDTH="15" VPOS="289" HPOS="396"/><String ID="p474_w19" CONTENT="above," HPOS="411" VPOS="289" WIDTH="114" HEIGHT="75" STYLEREFS="font0"/><SP WIDTH="25" VPOS="289" HPOS="525"/><String ID="p474_w20" CONTENT="you" HPOS="550" VPOS="289" WIDTH="65" HEIGHT="75" STYLEREFS="font0"/><SP WIDTH="17" VPOS="289" HPOS="615"/><String ID="p474_w21" CONTENT="may" HPOS="632" VPOS="289" WIDTH="74" HEIGHT="75" STYLEREFS="font0"/><SP WIDTH="16" VPOS="289" HPOS="706"/><String ID="p474_w22" CONTENT="invert" HPOS="722" VPOS="289" WIDTH="105" HEIGHT="75" STYLEREFS="font0"/><SP WIDTH="16" VPOS="289" HPOS="827"/><String ID="p474_w23" CONTENT="the" HPOS="843" VPOS="289" WIDTH="56" HEIGHT="75" STYLEREFS="font0"/><SP WIDTH="16" VPOS="289" HPOS="899"/><String ID="p474_w24" CONTENT="divifor," HPOS="915" VPOS="289" WIDTH="130" HEIGHT="75" STYLEREFS="font0"/><SP WIDTH="27" VPOS="289" HPOS="1045"/><String ID="p474_w25" CONTENT="and" HPOS="1072" VPOS="289" WIDTH="64" HEIGHT="75" STYLEREFS="font0"/><SP WIDTH="12" VPOS="289" HPOS="1136"/><String ID="p474_w26" CONTENT="then" HPOS="1148" VPOS="289" WIDTH="76" HEIGHT="75" STYLEREFS="font0"/><SP WIDTH="14" VPOS="289" HPOS="1224"/><String ID="p474_w27" CONTENT="mul-" HPOS="1238" VPOS="289" WIDTH="82" HEIGHT="75" STYLEREFS="font0"/></TextLine><TextLine WIDTH="1042" HEIGHT="75" ID="p474_t5" HPOS="281" VPOS="336"><String ID="p474_w28" CONTENT="tiply" HPOS="281" VPOS="336" WIDTH="84" HEIGHT="75" STYLEREFS="font0"/><SP WIDTH="14" VPOS="336" HPOS="365"/><String ID="p474_w29" CONTENT="it" HPOS="379" VPOS="336" WIDTH="26" HEIGHT="75" STYLEREFS="font0"/><SP WIDTH="16" VPOS="336" HPOS="405"/><String ID="p474_w30" CONTENT="into" HPOS="421" VPOS="336" WIDTH="70" HEIGHT="75" STYLEREFS="font0"/><SP WIDTH="17" VPOS="336" HPOS="491"/><String ID="p474_w31" CONTENT="the" HPOS="508" VPOS="336" WIDTH="55" HEIGHT="75" STYLEREFS="font0"/><SP WIDTH="16" VPOS="336" HPOS="563"/><String ID="p474_w32" CONTENT="dividend." HPOS="579" VPOS="336" WIDTH="165" HEIGHT="75" STYLEREFS="font0"/><SP WIDTH="48" VPOS="336" HPOS="744"/><String ID="p474_w33" CONTENT="Thus," HPOS="792" VPOS="336" WIDTH="109" HEIGHT="75" STYLEREFS="font0"/><SP WIDTH="19" VPOS="336" HPOS="901"/><String ID="p474_w34" CONTENT="in" HPOS="920" VPOS="336" WIDTH="32" HEIGHT="75" STYLEREFS="font0"/><SP WIDTH="17" VPOS="336" HPOS="952"/><String ID="p474_w35" CONTENT="Example" HPOS="969" VPOS="336" WIDTH="163" HEIGHT="75" STYLEREFS="font0"/><SP WIDTH="21" VPOS="336" HPOS="1132"/><String ID="p474_w36" CONTENT="r." HPOS="1153" VPOS="336" WIDTH="31" HEIGHT="75" STYLEREFS="font0"/><SP WIDTH="17" VPOS="336" HPOS="1184"/><String ID="p474_w37" CONTENT="inftead" HPOS="1201" VPOS="336" WIDTH="122" HEIGHT="75" STYLEREFS="font0"/></TextLine><TextLine WIDTH="632" HEIGHT="75" ID="p474_t6" HPOS="453" VPOS="376"><String ID="p474_w38" CONTENT="y°u" HPOS="453" VPOS="394" WIDTH="64" HEIGHT="75" STYLEREFS="font0"/><SP WIDTH="17" VPOS="394" HPOS="517"/><String ID="p474_w39" CONTENT="ma" HPOS="534" VPOS="376" WIDTH="52" HEIGHT="49" STYLEREFS="font1"/><String ID="p474_w40" CONTENT="y" HPOS="586" VPOS="394" WIDTH="21" HEIGHT="75" STYLEREFS="font0"/><SP WIDTH="18" VPOS="394" HPOS="607"/><String ID="p474_w41" CONTENT="^y." HPOS="625" VPOS="394" WIDTH="66" HEIGHT="75" STYLEREFS="font0"/><SP WIDTH="27" VPOS="394" HPOS="691"/><String ID="p474_w42" CONTENT="-fx#—?o—iA=" HPOS="718" VPOS="394" WIDTH="308" HEIGHT="75" STYLEREFS="font0"/><String ID="p474_w43" CONTENT="i" HPOS="1026" VPOS="376" WIDTH="17" HEIGHT="49" STYLEREFS="font1"/><String ID="p474_w44" CONTENT="v-" HPOS="1043" VPOS="394" WIDTH="42" HEIGHT="75" STYLEREFS="font0"/></TextLine><TextLine WIDTH="994" HEIGHT="75" ID="p474_t7" HPOS="331" VPOS="430"><String ID="p474_w45" CONTENT="2." HPOS="331" VPOS="430" WIDTH="34" HEIGHT="75" STYLEREFS="font0"/><SP WIDTH="30" VPOS="430" HPOS="365"/><String ID="p474_w46" CONTENT="If" HPOS="395" VPOS="430" WIDTH="36" HEIGHT="75" STYLEREFS="font0"/><SP WIDTH="13" VPOS="430" HPOS="431"/><String ID="p474_w47" CONTENT="any" HPOS="444" VPOS="430" WIDTH="62" HEIGHT="75" STYLEREFS="font0"/><SP WIDTH="15" VPOS="430" HPOS="506"/><String ID="p474_w48" CONTENT="number" HPOS="521" VPOS="430" WIDTH="136" HEIGHT="75" STYLEREFS="font0"/><SP WIDTH="18" VPOS="430" HPOS="657"/><String ID="p474_w49" CONTENT="be" HPOS="675" VPOS="430" WIDTH="39" HEIGHT="75" STYLEREFS="font0"/><SP WIDTH="16" VPOS="430" HPOS="714"/><String ID="p474_w50" CONTENT="divided" HPOS="730" VPOS="430" WIDTH="132" HEIGHT="75" STYLEREFS="font0"/><SP WIDTH="16" VPOS="430" HPOS="862"/><String ID="p474_w51" CONTENT="by" HPOS="878" VPOS="430" WIDTH="44" HEIGHT="75" STYLEREFS="font0"/><SP WIDTH="12" VPOS="430" HPOS="922"/><String ID="p474_w52" CONTENT="a" HPOS="934" VPOS="430" WIDTH="17" HEIGHT="75" STYLEREFS="font0"/><SP WIDTH="16" VPOS="430" HPOS="951"/><String ID="p474_w53" CONTENT="proper" HPOS="967" VPOS="430" WIDTH="119" HEIGHT="75" STYLEREFS="font0"/><SP WIDTH="14" VPOS="430" HPOS="1086"/><String ID="p474_w54" CONTENT="fradlion," HPOS="1100" VPOS="430" WIDTH="148" HEIGHT="75" STYLEREFS="font0"/><SP WIDTH="18" VPOS="430" HPOS="1248"/><String ID="p474_w55" CONTENT="the" HPOS="1266" VPOS="430" WIDTH="59" HEIGHT="75" STYLEREFS="font0"/></TextLine><TextLine WIDTH="1040" HEIGHT="75" ID="p474_t8" HPOS="282" VPOS="477"><String ID="p474_w56" CONTENT="quot" HPOS="282" VPOS="477" WIDTH="84" HEIGHT="75" STYLEREFS="font0"/><SP WIDTH="15" VPOS="477" HPOS="366"/><String ID="p474_w57" CONTENT="will" HPOS="381" VPOS="477" WIDTH="67" HEIGHT="75" STYLEREFS="font0"/><SP WIDTH="17" VPOS="477" HPOS="448"/><String ID="p474_w58" CONTENT="be" HPOS="465" VPOS="477" WIDTH="39" HEIGHT="75" STYLEREFS="font0"/><SP WIDTH="24" VPOS="477" HPOS="504"/><String ID="p474_w59" CONTENT="greater" HPOS="528" VPOS="477" WIDTH="127" HEIGHT="75" STYLEREFS="font0"/><SP WIDTH="25" VPOS="477" HPOS="655"/><String ID="p474_w60" CONTENT="than" HPOS="680" VPOS="477" WIDTH="79" HEIGHT="75" STYLEREFS="font0"/><SP WIDTH="24" VPOS="477" HPOS="759"/><String ID="p474_w61" CONTENT="the" HPOS="783" VPOS="477" WIDTH="56" HEIGHT="75" STYLEREFS="font0"/><SP WIDTH="24" VPOS="477" HPOS="839"/><String ID="p474_w62" CONTENT="dividend:" HPOS="863" VPOS="477" WIDTH="171" HEIGHT="75" STYLEREFS="font0"/><SP WIDTH="27" VPOS="477" HPOS="1034"/><String ID="p474_w63" CONTENT="for" HPOS="1061" VPOS="477" WIDTH="52" HEIGHT="75" STYLEREFS="font0"/><SP WIDTH="24" VPOS="477" HPOS="1113"/><String ID="p474_w64" CONTENT="in" HPOS="1137" VPOS="477" WIDTH="33" HEIGHT="75" STYLEREFS="font0"/><SP WIDTH="19" VPOS="477" HPOS="1170"/><String ID="p474_w65" CONTENT="divifiofl" HPOS="1189" VPOS="477" WIDTH="133" HEIGHT="75" STYLEREFS="font0"/></TextLine><TextLine WIDTH="1041" HEIGHT="75" ID="p474_t9" HPOS="284" VPOS="525"><String ID="p474_w66" CONTENT="the" HPOS="284" VPOS="525" WIDTH="56" HEIGHT="75" STYLEREFS="font0"/><SP WIDTH="16" VPOS="525" HPOS="340"/><String ID="p474_w67" CONTENT="quot" HPOS="356" VPOS="525" WIDTH="81" HEIGHT="75" STYLEREFS="font0"/><SP WIDTH="15" VPOS="525" HPOS="437"/><String ID="p474_w68" CONTENT="ftiews" HPOS="452" VPOS="525" WIDTH="99" HEIGHT="75" STYLEREFS="font0"/><SP WIDTH="17" VPOS="525" HPOS="551"/><String ID="p474_w69" CONTENT="how" HPOS="568" VPOS="525" WIDTH="76" HEIGHT="75" STYLEREFS="font0"/><SP WIDTH="16" VPOS="525" HPOS="644"/><String ID="p474_w70" CONTENT="often" HPOS="660" VPOS="525" WIDTH="90" HEIGHT="75" STYLEREFS="font0"/><SP WIDTH="18" VPOS="525" HPOS="750"/><String ID="p474_w71" CONTENT="the" HPOS="768" VPOS="525" WIDTH="55" HEIGHT="75" STYLEREFS="font0"/><SP WIDTH="16" VPOS="525" HPOS="823"/><String ID="p474_w72" CONTENT="divifor" HPOS="839" VPOS="525" WIDTH="120" HEIGHT="75" STYLEREFS="font0"/><SP WIDTH="20" VPOS="525" HPOS="959"/><String ID="p474_w73" CONTENT="is" HPOS="979" VPOS="525" WIDTH="26" HEIGHT="75" STYLEREFS="font0"/><SP WIDTH="24" VPOS="525" HPOS="1005"/><String ID="p474_w74" CONTENT="contained" HPOS="1029" VPOS="525" WIDTH="174" HEIGHT="75" STYLEREFS="font0"/><SP WIDTH="13" VPOS="525" HPOS="1203"/><String ID="p474_w75" CONTENT="in" HPOS="1216" VPOS="525" WIDTH="34" HEIGHT="75" STYLEREFS="font0"/><SP WIDTH="17" VPOS="525" HPOS="1250"/><String ID="p474_w76" CONTENT="the" HPOS="1267" VPOS="525" WIDTH="58" HEIGHT="75" STYLEREFS="font0"/></TextLine><TextLine WIDTH="1043" HEIGHT="75" ID="p474_t10" HPOS="283" VPOS="572"><String ID="p474_w77" CONTENT="dividend" HPOS="283" VPOS="572" WIDTH="151" HEIGHT="75" STYLEREFS="font0"/><SP WIDTH="12" VPOS="572" HPOS="434"/><String ID="p474_w78" CONTENT=";" HPOS="446" VPOS="572" WIDTH="10" HEIGHT="75" STYLEREFS="font0"/><SP WIDTH="28" VPOS="572" HPOS="456"/><String ID="p474_w79" CONTENT="and" HPOS="484" VPOS="572" WIDTH="63" HEIGHT="75" STYLEREFS="font0"/><SP WIDTH="16" VPOS="572" HPOS="547"/><String ID="p474_w80" CONTENT="confequently" HPOS="563" VPOS="572" WIDTH="230" HEIGHT="75" STYLEREFS="font0"/><SP WIDTH="15" VPOS="572" HPOS="793"/><String ID="p474_w81" CONTENT="if" HPOS="808" VPOS="572" WIDTH="31" HEIGHT="75" STYLEREFS="font0"/><SP WIDTH="12" VPOS="572" HPOS="839"/><String ID="p474_w82" CONTENT="the" HPOS="851" VPOS="572" WIDTH="55" HEIGHT="75" STYLEREFS="font0"/><SP WIDTH="12" VPOS="572" HPOS="906"/><String ID="p474_w83" CONTENT="divifor" HPOS="918" VPOS="572" WIDTH="120" HEIGHT="75" STYLEREFS="font0"/><SP WIDTH="11" VPOS="572" HPOS="1038"/><String ID="p474_w84" CONTENT="be" HPOS="1049" VPOS="572" WIDTH="40" HEIGHT="75" STYLEREFS="font0"/><SP WIDTH="13" VPOS="572" HPOS="1089"/><String ID="p474_w85" CONTENT="greater" HPOS="1102" VPOS="572" WIDTH="126" HEIGHT="75" STYLEREFS="font0"/><SP WIDTH="17" VPOS="572" HPOS="1228"/><String ID="p474_w86" CONTENT="than" HPOS="1245" VPOS="572" WIDTH="81" HEIGHT="75" STYLEREFS="font0"/></TextLine><TextLine WIDTH="1039" HEIGHT="75" ID="p474_t11" HPOS="283" VPOS="618"><String ID="p474_w87" CONTENT="unity," HPOS="283" VPOS="618" WIDTH="105" HEIGHT="75" STYLEREFS="font0"/><SP WIDTH="27" VPOS="618" HPOS="388"/><String ID="p474_w88" CONTENT="the" HPOS="415" VPOS="618" WIDTH="55" HEIGHT="75" STYLEREFS="font0"/><SP WIDTH="12" VPOS="618" HPOS="470"/><String ID="p474_w89" CONTENT="quot" HPOS="482" VPOS="618" WIDTH="81" HEIGHT="75" STYLEREFS="font0"/><SP WIDTH="17" VPOS="618" HPOS="563"/><String ID="p474_w90" CONTENT="will" HPOS="580" VPOS="618" WIDTH="67" HEIGHT="75" STYLEREFS="font0"/><SP WIDTH="18" VPOS="618" HPOS="647"/><String ID="p474_w91" CONTENT="be" HPOS="665" VPOS="618" WIDTH="38" HEIGHT="75" STYLEREFS="font0"/><SP WIDTH="16" VPOS="618" HPOS="703"/><String ID="p474_w92" CONTENT="lefs" HPOS="719" VPOS="618" WIDTH="60" HEIGHT="75" STYLEREFS="font0"/><SP WIDTH="17" VPOS="618" HPOS="779"/><String ID="p474_w93" CONTENT="than" HPOS="796" VPOS="618" WIDTH="78" HEIGHT="75" STYLEREFS="font0"/><SP WIDTH="16" VPOS="618" HPOS="874"/><String ID="p474_w94" CONTENT="the" HPOS="890" VPOS="618" WIDTH="55" HEIGHT="75" STYLEREFS="font0"/><SP WIDTH="16" VPOS="618" HPOS="945"/><String ID="p474_w95" CONTENT="dividend;" HPOS="961" VPOS="618" WIDTH="174" HEIGHT="75" STYLEREFS="font0"/><SP WIDTH="27" VPOS="618" HPOS="1135"/><String ID="p474_w96" CONTENT="if" HPOS="1162" VPOS="618" WIDTH="31" HEIGHT="75" STYLEREFS="font0"/><SP WIDTH="11" VPOS="618" HPOS="1193"/><String ID="p474_w97" CONTENT="the" HPOS="1204" VPOS="618" WIDTH="55" HEIGHT="75" STYLEREFS="font0"/><SP WIDTH="11" VPOS="618" HPOS="1259"/><String ID="p474_w98" CONTENT="di-" HPOS="1270" VPOS="618" WIDTH="52" HEIGHT="75" STYLEREFS="font0"/></TextLine><TextLine WIDTH="1037" HEIGHT="75" ID="p474_t12" HPOS="282" VPOS="665"><String ID="p474_w99" CONTENT="vifor" HPOS="282" VPOS="665" WIDTH="85" HEIGHT="75" STYLEREFS="font0"/><SP WIDTH="16" VPOS="665" HPOS="367"/><String ID="p474_w100" CONTENT="be" HPOS="383" VPOS="665" WIDTH="42" HEIGHT="75" STYLEREFS="font0"/><SP WIDTH="16" VPOS="665" HPOS="425"/><String ID="p474_w101" CONTENT="unity," HPOS="441" VPOS="665" WIDTH="104" HEIGHT="75" STYLEREFS="font0"/><SP WIDTH="26" VPOS="665" HPOS="545"/><String ID="p474_w102" CONTENT="the" HPOS="571" VPOS="665" WIDTH="57" HEIGHT="75" STYLEREFS="font0"/><SP WIDTH="24" VPOS="665" HPOS="628"/><String ID="p474_w103" CONTENT="quot" HPOS="652" VPOS="665" WIDTH="80" HEIGHT="75" STYLEREFS="font0"/><SP WIDTH="17" VPOS="665" HPOS="732"/><String ID="p474_w104" CONTENT="will" HPOS="749" VPOS="665" WIDTH="67" HEIGHT="75" STYLEREFS="font0"/><SP WIDTH="16" VPOS="665" HPOS="816"/><String ID="p474_w105" CONTENT="be" HPOS="832" VPOS="665" WIDTH="40" HEIGHT="75" STYLEREFS="font0"/><SP WIDTH="18" VPOS="665" HPOS="872"/><String ID="p474_w106" CONTENT="equal" HPOS="890" VPOS="665" WIDTH="94" HEIGHT="75" STYLEREFS="font0"/><SP WIDTH="18" VPOS="665" HPOS="984"/><String ID="p474_w107" CONTENT="to" HPOS="1002" VPOS="665" WIDTH="34" HEIGHT="75" STYLEREFS="font0"/><SP WIDTH="25" VPOS="665" HPOS="1036"/><String ID="p474_w108" CONTENT="the" HPOS="1061" VPOS="665" WIDTH="56" HEIGHT="75" STYLEREFS="font0"/><SP WIDTH="25" VPOS="665" HPOS="1117"/><String ID="p474_w109" CONTENT="dividend" HPOS="1142" VPOS="665" WIDTH="152" HEIGHT="75" STYLEREFS="font0"/><SP WIDTH="14" VPOS="665" HPOS="1294"/><String ID="p474_w110" CONTENT=";" HPOS="1308" VPOS="665" WIDTH="11" HEIGHT="75" STYLEREFS="font0"/></TextLine><TextLine WIDTH="1034" HEIGHT="75" ID="p474_t13" HPOS="285" VPOS="715"><String ID="p474_w111" CONTENT="and" HPOS="285" VPOS="715" WIDTH="61" HEIGHT="75" STYLEREFS="font0"/><SP WIDTH="16" VPOS="715" HPOS="346"/><String ID="p474_w112" CONTENT="if" HPOS="362" VPOS="715" WIDTH="31" HEIGHT="75" STYLEREFS="font0"/><SP WIDTH="19" VPOS="715" HPOS="393"/><String ID="p474_w113" CONTENT="the" HPOS="412" VPOS="715" WIDTH="58" HEIGHT="75" STYLEREFS="font0"/><SP WIDTH="22" VPOS="715" HPOS="470"/><String ID="p474_w114" CONTENT="dmfor" HPOS="492" VPOS="715" WIDTH="119" HEIGHT="75" STYLEREFS="font0"/><SP WIDTH="21" VPOS="715" HPOS="611"/><String ID="p474_w115" CONTENT="be" HPOS="632" VPOS="715" WIDTH="40" HEIGHT="75" STYLEREFS="font0"/><SP WIDTH="25" VPOS="715" HPOS="672"/><String ID="p474_w116" CONTENT="lefs" HPOS="697" VPOS="715" WIDTH="59" HEIGHT="75" STYLEREFS="font0"/><SP WIDTH="25" VPOS="715" HPOS="756"/><String ID="p474_w117" CONTENT="than" HPOS="781" VPOS="715" WIDTH="79" HEIGHT="75" STYLEREFS="font0"/><SP WIDTH="24" VPOS="715" HPOS="860"/><String ID="p474_w118" CONTENT="unity," HPOS="884" VPOS="715" WIDTH="104" HEIGHT="75" STYLEREFS="font0"/><SP WIDTH="24" VPOS="715" HPOS="988"/><String ID="p474_w119" CONTENT="the" HPOS="1012" VPOS="715" WIDTH="55" HEIGHT="75" STYLEREFS="font0"/><SP WIDTH="17" VPOS="715" HPOS="1067"/><String ID="p474_w120" CONTENT="quot" HPOS="1084" VPOS="715" WIDTH="81" HEIGHT="75" STYLEREFS="font0"/><SP WIDTH="17" VPOS="715" HPOS="1165"/><String ID="p474_w121" CONTENT="will," HPOS="1182" VPOS="715" WIDTH="81" HEIGHT="75" STYLEREFS="font0"/><SP WIDTH="23" VPOS="715" HPOS="1263"/><String ID="p474_w122" CONTENT="in" HPOS="1286" VPOS="715" WIDTH="33" HEIGHT="75" STYLEREFS="font0"/></TextLine><TextLine WIDTH="1037" HEIGHT="75" ID="p474_t14" HPOS="283" VPOS="761"><String ID="p474_w123" CONTENT="the" HPOS="283" VPOS="761" WIDTH="57" HEIGHT="75" STYLEREFS="font0"/><SP WIDTH="12" VPOS="761" HPOS="340"/><String ID="p474_w124" CONTENT="fame" HPOS="352" VPOS="761" WIDTH="83" HEIGHT="75" STYLEREFS="font0"/><SP WIDTH="12" VPOS="761" HPOS="435"/><String ID="p474_w125" CONTENT="proportion," HPOS="447" VPOS="761" WIDTH="200" HEIGHT="75" STYLEREFS="font0"/><SP WIDTH="18" VPOS="761" HPOS="647"/><String ID="p474_w126" CONTENT="be" HPOS="665" VPOS="761" WIDTH="40" HEIGHT="75" STYLEREFS="font0"/><SP WIDTH="12" VPOS="761" HPOS="705"/><String ID="p474_w127" CONTENT="greater" HPOS="717" VPOS="761" WIDTH="126" HEIGHT="75" STYLEREFS="font0"/><SP WIDTH="13" VPOS="761" HPOS="843"/><String ID="p474_w128" CONTENT="than" HPOS="856" VPOS="761" WIDTH="78" HEIGHT="75" STYLEREFS="font0"/><SP WIDTH="12" VPOS="761" HPOS="934"/><String ID="p474_w129" CONTENT="the" HPOS="946" VPOS="761" WIDTH="57" HEIGHT="75" STYLEREFS="font0"/><SP WIDTH="12" VPOS="761" HPOS="1003"/><String ID="p474_w130" CONTENT="dividend." HPOS="1015" VPOS="761" WIDTH="165" HEIGHT="75" STYLEREFS="font0"/><SP WIDTH="29" VPOS="761" HPOS="1180"/><String ID="p474_w131" CONTENT="Thus," HPOS="1209" VPOS="761" WIDTH="111" HEIGHT="75" STYLEREFS="font0"/></TextLine><TextLine WIDTH="1042" HEIGHT="75" ID="p474_t15" HPOS="284" VPOS="806"><String ID="p474_w132" CONTENT="fuppofing" HPOS="284" VPOS="806" WIDTH="165" HEIGHT="75" STYLEREFS="font0"/><SP WIDTH="15" VPOS="806" HPOS="449"/><String ID="p474_w133" CONTENT="the" HPOS="464" VPOS="806" WIDTH="56" HEIGHT="75" STYLEREFS="font0"/><SP WIDTH="16" VPOS="806" HPOS="520"/><String ID="p474_w134" CONTENT="divifor" HPOS="536" VPOS="806" WIDTH="118" HEIGHT="75" STYLEREFS="font0"/><SP WIDTH="16" VPOS="806" HPOS="654"/><String ID="p474_w135" CONTENT="to" HPOS="670" VPOS="806" WIDTH="36" HEIGHT="75" STYLEREFS="font0"/><SP WIDTH="15" VPOS="806" HPOS="706"/><String ID="p474_w136" CONTENT="be" HPOS="721" VPOS="806" WIDTH="41" HEIGHT="75" STYLEREFS="font0"/><SP WIDTH="17" VPOS="806" HPOS="762"/><String ID="p474_w137" CONTENT="-£»" HPOS="779" VPOS="806" WIDTH="36" HEIGHT="75" STYLEREFS="font0"/><SP WIDTH="25" VPOS="806" HPOS="815"/><String ID="p474_w138" CONTENT="or" HPOS="840" VPOS="806" WIDTH="38" HEIGHT="75" STYLEREFS="font0"/><SP WIDTH="15" VPOS="806" HPOS="878"/><String ID="p474_w139" CONTENT="j-," HPOS="893" VPOS="806" WIDTH="36" HEIGHT="75" STYLEREFS="font0"/><SP WIDTH="26" VPOS="806" HPOS="929"/><String ID="p474_w140" CONTENT="the" HPOS="955" VPOS="806" WIDTH="56" HEIGHT="75" STYLEREFS="font0"/><SP WIDTH="14" VPOS="806" HPOS="1011"/><String ID="p474_w141" CONTENT="quot" HPOS="1025" VPOS="806" WIDTH="81" HEIGHT="75" STYLEREFS="font0"/><SP WIDTH="15" VPOS="806" HPOS="1106"/><String ID="p474_w142" CONTENT="in" HPOS="1121" VPOS="806" WIDTH="33" HEIGHT="75" STYLEREFS="font0"/><SP WIDTH="16" VPOS="806" HPOS="1154"/><String ID="p474_w143" CONTENT="this" HPOS="1170" VPOS="806" WIDTH="64" HEIGHT="75" STYLEREFS="font0"/><SP WIDTH="18" VPOS="806" HPOS="1234"/><String ID="p474_w144" CONTENT="cafe" HPOS="1252" VPOS="806" WIDTH="74" HEIGHT="75" STYLEREFS="font0"/></TextLine><TextLine WIDTH="728" HEIGHT="75" ID="p474_t16" HPOS="283" VPOS="855"><String ID="p474_w145" CONTENT="will" HPOS="283" VPOS="855" WIDTH="68" HEIGHT="75" STYLEREFS="font0"/><SP WIDTH="17" VPOS="855" HPOS="351"/><String ID="p474_w146" CONTENT="be" HPOS="368" VPOS="855" WIDTH="40" HEIGHT="75" STYLEREFS="font0"/><SP WIDTH="16" VPOS="855" HPOS="408"/><String ID="p474_w147" CONTENT="double" HPOS="424" VPOS="855" WIDTH="123" HEIGHT="75" STYLEREFS="font0"/><SP WIDTH="13" VPOS="855" HPOS="547"/><String ID="p474_w148" CONTENT="or" HPOS="560" VPOS="855" WIDTH="37" HEIGHT="75" STYLEREFS="font0"/><SP WIDTH="11" VPOS="855" HPOS="597"/><String ID="p474_w149" CONTENT="triple" HPOS="608" VPOS="855" WIDTH="99" HEIGHT="75" STYLEREFS="font0"/><SP WIDTH="10" VPOS="855" HPOS="707"/><String ID="p474_w150" CONTENT="of" HPOS="717" VPOS="855" WIDTH="39" HEIGHT="75" STYLEREFS="font0"/><SP WIDTH="20" VPOS="855" HPOS="756"/><String ID="p474_w151" CONTENT="the" HPOS="776" VPOS="855" WIDTH="57" HEIGHT="75" STYLEREFS="font0"/><SP WIDTH="12" VPOS="855" HPOS="833"/><String ID="p474_w152" CONTENT="dividend." HPOS="845" VPOS="855" WIDTH="166" HEIGHT="75" STYLEREFS="font0"/></TextLine><TextLine WIDTH="987" HEIGHT="75" ID="p474_t17" HPOS="335" VPOS="902"><String ID="p474_w153" CONTENT="3." HPOS="335" VPOS="902" WIDTH="32" HEIGHT="75" STYLEREFS="font0"/><SP WIDTH="25" VPOS="902" HPOS="367"/><String ID="p474_w154" CONTENT="To" HPOS="392" VPOS="902" WIDTH="56" HEIGHT="75" STYLEREFS="font0"/><SP WIDTH="18" VPOS="902" HPOS="448"/><String ID="p474_w155" CONTENT="divide" HPOS="466" VPOS="902" WIDTH="107" HEIGHT="75" STYLEREFS="font0"/><SP WIDTH="17" VPOS="902" HPOS="573"/><String ID="p474_w156" CONTENT="a" HPOS="590" VPOS="902" WIDTH="19" HEIGHT="75" STYLEREFS="font0"/><SP WIDTH="17" VPOS="902" HPOS="609"/><String ID="p474_w157" CONTENT="fradtion" HPOS="626" VPOS="902" WIDTH="135" HEIGHT="75" STYLEREFS="font0"/><SP WIDTH="15" VPOS="902" HPOS="761"/><String ID="p474_w158" CONTENT="by" HPOS="776" VPOS="902" WIDTH="44" HEIGHT="75" STYLEREFS="font0"/><SP WIDTH="17" VPOS="902" HPOS="820"/><String ID="p474_w159" CONTENT="an" HPOS="837" VPOS="902" WIDTH="38" HEIGHT="75" STYLEREFS="font0"/><SP WIDTH="18" VPOS="902" HPOS="875"/><String ID="p474_w160" CONTENT="integer,-" HPOS="893" VPOS="902" WIDTH="143" HEIGHT="75" STYLEREFS="font0"/><SP WIDTH="18" VPOS="902" HPOS="1036"/><String ID="p474_w161" CONTENT="is" HPOS="1054" VPOS="902" WIDTH="27" HEIGHT="75" STYLEREFS="font0"/><SP WIDTH="18" VPOS="902" HPOS="1081"/><String ID="p474_w162" CONTENT="only" HPOS="1099" VPOS="902" WIDTH="76" HEIGHT="75" STYLEREFS="font0"/><SP WIDTH="12" VPOS="902" HPOS="1175"/><String ID="p474_w163" CONTENT="to" HPOS="1187" VPOS="902" WIDTH="36" HEIGHT="75" STYLEREFS="font0"/><SP WIDTH="15" VPOS="902" HPOS="1223"/><String ID="p474_w164" CONTENT="mul-" HPOS="1238" VPOS="902" WIDTH="84" HEIGHT="75" STYLEREFS="font0"/></TextLine><TextLine WIDTH="1038" HEIGHT="75" ID="p474_t18" HPOS="284" VPOS="949"><String ID="p474_w165" CONTENT="tiply" HPOS="284" VPOS="949" WIDTH="83" HEIGHT="75" STYLEREFS="font0"/><SP WIDTH="15" VPOS="949" HPOS="367"/><String ID="p474_w166" CONTENT="the" HPOS="382" VPOS="949" WIDTH="56" HEIGHT="75" STYLEREFS="font0"/><SP WIDTH="25" VPOS="949" HPOS="438"/><String ID="p474_w167" CONTENT="integer" HPOS="463" VPOS="949" WIDTH="124" HEIGHT="75" STYLEREFS="font0"/><SP WIDTH="23" VPOS="949" HPOS="587"/><String ID="p474_w168" CONTENT="into" HPOS="610" VPOS="949" WIDTH="70" HEIGHT="75" STYLEREFS="font0"/><SP WIDTH="28" VPOS="949" HPOS="680"/><String ID="p474_w169" CONTENT="the" HPOS="708" VPOS="949" WIDTH="57" HEIGHT="75" STYLEREFS="font0"/><SP WIDTH="23" VPOS="949" HPOS="765"/><String ID="p474_w170" CONTENT="denominator" HPOS="788" VPOS="949" WIDTH="226" HEIGHT="75" STYLEREFS="font0"/><SP WIDTH="22" VPOS="949" HPOS="1014"/><String ID="p474_w171" CONTENT="of" HPOS="1036" VPOS="949" WIDTH="41" HEIGHT="75" STYLEREFS="font0"/><SP WIDTH="17" VPOS="949" HPOS="1077"/><String ID="p474_w172" CONTENT="the" HPOS="1094" VPOS="949" WIDTH="57" HEIGHT="75" STYLEREFS="font0"/><SP WIDTH="22" VPOS="949" HPOS="1151"/><String ID="p474_w173" CONTENT="fradlion," HPOS="1173" VPOS="949" WIDTH="149" HEIGHT="75" STYLEREFS="font0"/></TextLine><TextLine WIDTH="904" HEIGHT="75" ID="p474_t19" HPOS="283" VPOS="996"><String ID="p474_w174" CONTENT="the" HPOS="283" VPOS="996" WIDTH="56" HEIGHT="75" STYLEREFS="font0"/><SP WIDTH="17" VPOS="996" HPOS="339"/><String ID="p474_w175" CONTENT="numerator" HPOS="356" VPOS="996" WIDTH="184" HEIGHT="75" STYLEREFS="font0"/><SP WIDTH="16" VPOS="996" HPOS="540"/><String ID="p474_w176" CONTENT="being" HPOS="556" VPOS="996" WIDTH="97" HEIGHT="75" STYLEREFS="font0"/><SP WIDTH="21" VPOS="996" HPOS="653"/><String ID="p474_w177" CONTENT="continued." HPOS="674" VPOS="996" WIDTH="184" HEIGHT="75" STYLEREFS="font0"/><SP WIDTH="48" VPOS="996" HPOS="858"/><String ID="p474_w178" CONTENT="Thus," HPOS="906" VPOS="996" WIDTH="111" HEIGHT="75" STYLEREFS="font0"/><SP WIDTH="28" VPOS="996" HPOS="1017"/><String ID="p474_w179" CONTENT="7):|viV" HPOS="1045" VPOS="996" WIDTH="142" HEIGHT="75" STYLEREFS="font0"/></TextLine><TextLine WIDTH="990" HEIGHT="75" ID="p474_t20" HPOS="332" VPOS="1043"><String ID="p474_w180" CONTENT="4." HPOS="332" VPOS="1043" WIDTH="33" HEIGHT="75" STYLEREFS="font0"/><SP WIDTH="26" VPOS="1043" HPOS="365"/><String ID="p474_w181" CONTENT="A" HPOS="391" VPOS="1043" WIDTH="34" HEIGHT="75" STYLEREFS="font0"/><SP WIDTH="25" VPOS="1043" HPOS="425"/><String ID="p474_w182" CONTENT="mixt" HPOS="450" VPOS="1043" WIDTH="84" HEIGHT="75" STYLEREFS="font0"/><SP WIDTH="25" VPOS="1043" HPOS="534"/><String ID="p474_w183" CONTENT="number" HPOS="559" VPOS="1043" WIDTH="135" HEIGHT="75" STYLEREFS="font0"/><SP WIDTH="25" VPOS="1043" HPOS="694"/><String ID="p474_w184" CONTENT="may" HPOS="719" VPOS="1043" WIDTH="73" HEIGHT="75" STYLEREFS="font0"/><SP WIDTH="17" VPOS="1043" HPOS="792"/><String ID="p474_w185" CONTENT="fometimes" HPOS="809" VPOS="1043" WIDTH="180" HEIGHT="75" STYLEREFS="font0"/><SP WIDTH="25" VPOS="1043" HPOS="989"/><String ID="p474_w186" CONTENT="be" HPOS="1014" VPOS="1043" WIDTH="38" HEIGHT="75" STYLEREFS="font0"/><SP WIDTH="25" VPOS="1043" HPOS="1052"/><String ID="p474_w187" CONTENT="divided" HPOS="1077" VPOS="1043" WIDTH="129" HEIGHT="75" STYLEREFS="font0"/><SP WIDTH="16" VPOS="1043" HPOS="1206"/><String ID="p474_w188" CONTENT="by" HPOS="1222" VPOS="1043" WIDTH="44" HEIGHT="75" STYLEREFS="font0"/><SP WIDTH="17" VPOS="1043" HPOS="1266"/><String ID="p474_w189" CONTENT="an" HPOS="1283" VPOS="1043" WIDTH="39" HEIGHT="75" STYLEREFS="font0"/></TextLine><TextLine WIDTH="1038" HEIGHT="75" ID="p474_t21" HPOS="284" VPOS="1089"><String ID="p474_w190" CONTENT="integer," HPOS="284" VPOS="1089" WIDTH="135" HEIGHT="75" STYLEREFS="font0"/><SP WIDTH="26" VPOS="1089" HPOS="419"/><String ID="p474_w191" CONTENT="with" HPOS="445" VPOS="1089" WIDTH="79" HEIGHT="75" STYLEREFS="font0"/><SP WIDTH="18" VPOS="1089" HPOS="524"/><String ID="p474_w192" CONTENT="more" HPOS="542" VPOS="1089" WIDTH="89" HEIGHT="75" STYLEREFS="font0"/><SP WIDTH="24" VPOS="1089" HPOS="631"/><String ID="p474_w193" CONTENT="eafe," HPOS="655" VPOS="1089" WIDTH="82" HEIGHT="75" STYLEREFS="font0"/><SP WIDTH="25" VPOS="1089" HPOS="737"/><String ID="p474_w194" CONTENT="in" HPOS="762" VPOS="1089" WIDTH="31" HEIGHT="75" STYLEREFS="font0"/><SP WIDTH="20" VPOS="1089" HPOS="793"/><String ID="p474_w195" CONTENT="the" HPOS="813" VPOS="1089" WIDTH="56" HEIGHT="75" STYLEREFS="font0"/><SP WIDTH="13" VPOS="1089" HPOS="869"/><String ID="p474_w196" CONTENT="following" HPOS="882" VPOS="1089" WIDTH="167" HEIGHT="75" STYLEREFS="font0"/><SP WIDTH="14" VPOS="1089" HPOS="1049"/><String ID="p474_w197" CONTENT="manner." HPOS="1063" VPOS="1089" WIDTH="144" HEIGHT="75" STYLEREFS="font0"/><SP WIDTH="50" VPOS="1089" HPOS="1207"/><String ID="p474_w198" CONTENT="Di-" HPOS="1257" VPOS="1089" WIDTH="65" HEIGHT="75" STYLEREFS="font0"/></TextLine><TextLine WIDTH="1042" HEIGHT="75" ID="p474_t22" HPOS="282" VPOS="1137"><String ID="p474_w199" CONTENT="vide" HPOS="282" VPOS="1137" WIDTH="75" HEIGHT="75" STYLEREFS="font0"/><SP WIDTH="16" VPOS="1137" HPOS="357"/><String ID="p474_w200" CONTENT="the" HPOS="373" VPOS="1137" WIDTH="56" HEIGHT="75" STYLEREFS="font0"/><SP WIDTH="15" VPOS="1137" HPOS="429"/><String ID="p474_w201" CONTENT="integral" HPOS="444" VPOS="1137" WIDTH="139" HEIGHT="75" STYLEREFS="font0"/><SP WIDTH="17" VPOS="1137" HPOS="583"/><String ID="p474_w202" CONTENT="pa-1" HPOS="600" VPOS="1137" WIDTH="72" HEIGHT="75" STYLEREFS="font0"/><SP WIDTH="16" VPOS="1137" HPOS="672"/><String ID="p474_w203" CONTENT="of" HPOS="688" VPOS="1137" WIDTH="41" HEIGHT="75" STYLEREFS="font0"/><SP WIDTH="19" VPOS="1137" HPOS="729"/><String ID="p474_w204" CONTENT="the" HPOS="748" VPOS="1137" WIDTH="56" HEIGHT="75" STYLEREFS="font0"/><SP WIDTH="22" VPOS="1137" HPOS="804"/><String ID="p474_w205" CONTENT="mixt" HPOS="826" VPOS="1137" WIDTH="85" HEIGHT="75" STYLEREFS="font0"/><SP WIDTH="22" VPOS="1137" HPOS="911"/><String ID="p474_w206" CONTENT="number" HPOS="933" VPOS="1137" WIDTH="133" HEIGHT="75" STYLEREFS="font0"/><SP WIDTH="22" VPOS="1137" HPOS="1066"/><String ID="p474_w207" CONTENT="by" HPOS="1088" VPOS="1137" WIDTH="45" HEIGHT="75" STYLEREFS="font0"/><SP WIDTH="16" VPOS="1137" HPOS="1133"/><String ID="p474_w208" CONTENT="the" HPOS="1149" VPOS="1137" WIDTH="56" HEIGHT="75" STYLEREFS="font0"/><SP WIDTH="22" VPOS="1137" HPOS="1205"/><String ID="p474_w209" CONTENT="given" HPOS="1227" VPOS="1137" WIDTH="97" HEIGHT="75" STYLEREFS="font0"/></TextLine><TextLine WIDTH="1040" HEIGHT="75" ID="p474_t23" HPOS="282" VPOS="1183"><String ID="p474_w210" CONTENT="integer:" HPOS="282" VPOS="1183" WIDTH="145" HEIGHT="75" STYLEREFS="font0"/><SP WIDTH="31" VPOS="1183" HPOS="427"/><String ID="p474_w211" CONTENT="and" HPOS="458" VPOS="1183" WIDTH="63" HEIGHT="75" STYLEREFS="font0"/><SP WIDTH="17" VPOS="1183" HPOS="521"/><String ID="p474_w212" CONTENT="if" HPOS="538" VPOS="1183" WIDTH="31" HEIGHT="75" STYLEREFS="font0"/><SP WIDTH="18" VPOS="1183" HPOS="569"/><String ID="p474_w213" CONTENT="there" HPOS="587" VPOS="1183" WIDTH="93" HEIGHT="75" STYLEREFS="font0"/><SP WIDTH="22" VPOS="1183" HPOS="680"/><String ID="p474_w214" CONTENT="be" HPOS="702" VPOS="1183" WIDTH="41" HEIGHT="75" STYLEREFS="font0"/><SP WIDTH="23" VPOS="1183" HPOS="743"/><String ID="p474_w215" CONTENT="no" HPOS="766" VPOS="1183" WIDTH="43" HEIGHT="75" STYLEREFS="font0"/><SP WIDTH="23" VPOS="1183" HPOS="809"/><String ID="p474_w216" CONTENT="remainder," HPOS="832" VPOS="1183" WIDTH="192" HEIGHT="75" STYLEREFS="font0"/><SP WIDTH="24" VPOS="1183" HPOS="1024"/><String ID="p474_w217" CONTENT="divide" HPOS="1048" VPOS="1183" WIDTH="109" HEIGHT="75" STYLEREFS="font0"/><SP WIDTH="23" VPOS="1183" HPOS="1157"/><String ID="p474_w218" CONTENT="likewife" HPOS="1180" VPOS="1183" WIDTH="142" HEIGHT="75" STYLEREFS="font0"/></TextLine><TextLine WIDTH="1041" HEIGHT="75" ID="p474_t24" HPOS="283" VPOS="1231"><String ID="p474_w219" CONTENT="the" HPOS="283" VPOS="1231" WIDTH="56" HEIGHT="75" STYLEREFS="font0"/><SP WIDTH="11" VPOS="1231" HPOS="339"/><String ID="p474_w220" CONTENT="fradtion" HPOS="350" VPOS="1231" WIDTH="136" HEIGHT="75" STYLEREFS="font0"/><SP WIDTH="17" VPOS="1231" HPOS="486"/><String ID="p474_w221" CONTENT="of" HPOS="503" VPOS="1231" WIDTH="41" HEIGHT="75" STYLEREFS="font0"/><SP WIDTH="11" VPOS="1231" HPOS="544"/><String ID="p474_w222" CONTENT="the" HPOS="555" VPOS="1231" WIDTH="56" HEIGHT="75" STYLEREFS="font0"/><SP WIDTH="16" VPOS="1231" HPOS="611"/><String ID="p474_w223" CONTENT="mixt" HPOS="627" VPOS="1231" WIDTH="84" HEIGHT="75" STYLEREFS="font0"/><SP WIDTH="12" VPOS="1231" HPOS="711"/><String ID="p474_w224" CONTENT="number" HPOS="723" VPOS="1231" WIDTH="134" HEIGHT="75" STYLEREFS="font0"/><SP WIDTH="12" VPOS="1231" HPOS="857"/><String ID="p474_w225" CONTENT="by" HPOS="869" VPOS="1231" WIDTH="42" HEIGHT="75" STYLEREFS="font0"/><SP WIDTH="12" VPOS="1231" HPOS="911"/><String ID="p474_w226" CONTENT="the" HPOS="923" VPOS="1231" WIDTH="57" HEIGHT="75" STYLEREFS="font0"/><SP WIDTH="12" VPOS="1231" HPOS="980"/><String ID="p474_w227" CONTENT="given" HPOS="992" VPOS="1231" WIDTH="95" HEIGHT="75" STYLEREFS="font0"/><SP WIDTH="16" VPOS="1231" HPOS="1087"/><String ID="p474_w228" CONTENT="integer," HPOS="1103" VPOS="1231" WIDTH="138" HEIGHT="75" STYLEREFS="font0"/><SP WIDTH="16" VPOS="1231" HPOS="1241"/><String ID="p474_w229" CONTENT="and" HPOS="1257" VPOS="1231" WIDTH="67" HEIGHT="75" STYLEREFS="font0"/></TextLine><TextLine WIDTH="1034" HEIGHT="75" ID="p474_t25" HPOS="284" VPOS="1278"><String ID="p474_w230" CONTENT="annex" HPOS="284" VPOS="1278" WIDTH="105" HEIGHT="75" STYLEREFS="font0"/><SP WIDTH="28" VPOS="1278" HPOS="389"/><String ID="p474_w231" CONTENT="the" HPOS="417" VPOS="1278" WIDTH="55" HEIGHT="75" STYLEREFS="font0"/><SP WIDTH="29" VPOS="1278" HPOS="472"/><String ID="p474_w232" CONTENT="quot" HPOS="501" VPOS="1278" WIDTH="82" HEIGHT="75" STYLEREFS="font0"/><SP WIDTH="27" VPOS="1278" HPOS="583"/><String ID="p474_w233" CONTENT="to" HPOS="610" VPOS="1278" WIDTH="35" HEIGHT="75" STYLEREFS="font0"/><SP WIDTH="25" VPOS="1278" HPOS="645"/><String ID="p474_w234" CONTENT="the" HPOS="670" VPOS="1278" WIDTH="56" HEIGHT="75" STYLEREFS="font0"/><SP WIDTH="23" VPOS="1278" HPOS="726"/><String ID="p474_w235" CONTENT="integral" HPOS="749" VPOS="1278" WIDTH="135" HEIGHT="75" STYLEREFS="font0"/><SP WIDTH="29" VPOS="1278" HPOS="884"/><String ID="p474_w236" CONTENT="quot" HPOS="913" VPOS="1278" WIDTH="81" HEIGHT="75" STYLEREFS="font0"/><SP WIDTH="27" VPOS="1278" HPOS="994"/><String ID="p474_w237" CONTENT="formerly" HPOS="1021" VPOS="1278" WIDTH="157" HEIGHT="75" STYLEREFS="font0"/><SP WIDTH="27" VPOS="1278" HPOS="1178"/><String ID="p474_w238" CONTENT="found." HPOS="1205" VPOS="1278" WIDTH="113" HEIGHT="75" STYLEREFS="font0"/></TextLine><TextLine WIDTH="1039" HEIGHT="75" ID="p474_t26" HPOS="283" VPOS="1324"><String ID="p474_w239" CONTENT="But" HPOS="283" VPOS="1324" WIDTH="68" HEIGHT="75" STYLEREFS="font0"/><SP WIDTH="16" VPOS="1324" HPOS="351"/><String ID="p474_w240" CONTENT="if," HPOS="367" VPOS="1324" WIDTH="38" HEIGHT="75" STYLEREFS="font0"/><SP WIDTH="25" VPOS="1324" HPOS="405"/><String ID="p474_w241" CONTENT="in" HPOS="430" VPOS="1324" WIDTH="31" HEIGHT="75" STYLEREFS="font0"/><SP WIDTH="17" VPOS="1324" HPOS="461"/><String ID="p474_w242" CONTENT="dividing" HPOS="478" VPOS="1324" WIDTH="145" HEIGHT="75" STYLEREFS="font0"/><SP WIDTH="16" VPOS="1324" HPOS="623"/><String ID="p474_w243" CONTENT="the" HPOS="639" VPOS="1324" WIDTH="56" HEIGHT="75" STYLEREFS="font0"/><SP WIDTH="15" VPOS="1324" HPOS="695"/><String ID="p474_w244" CONTENT="integral" HPOS="710" VPOS="1324" WIDTH="136" HEIGHT="75" STYLEREFS="font0"/><SP WIDTH="25" VPOS="1324" HPOS="846"/><String ID="p474_w245" CONTENT="part," HPOS="871" VPOS="1324" WIDTH="84" HEIGHT="75" STYLEREFS="font0"/><SP WIDTH="24" VPOS="1324" HPOS="955"/><String ID="p474_w246" CONTENT="there" HPOS="979" VPOS="1324" WIDTH="92" HEIGHT="75" STYLEREFS="font0"/><SP WIDTH="16" VPOS="1324" HPOS="1071"/><String ID="p474_w247" CONTENT="happen" HPOS="1087" VPOS="1324" WIDTH="124" HEIGHT="75" STYLEREFS="font0"/><SP WIDTH="16" VPOS="1324" HPOS="1211"/><String ID="p474_w248" CONTENT="to" HPOS="1227" VPOS="1324" WIDTH="37" HEIGHT="75" STYLEREFS="font0"/><SP WIDTH="17" VPOS="1324" HPOS="1264"/><String ID="p474_w249" CONTENT="be" HPOS="1281" VPOS="1324" WIDTH="41" HEIGHT="75" STYLEREFS="font0"/></TextLine><TextLine WIDTH="1038" HEIGHT="75" ID="p474_t27" HPOS="283" VPOS="1371"><String ID="p474_w250" CONTENT="a" HPOS="283" VPOS="1371" WIDTH="20" HEIGHT="75" STYLEREFS="font0"/><SP WIDTH="14" VPOS="1371" HPOS="303"/><String ID="p474_w251" CONTENT="remainder," HPOS="317" VPOS="1371" WIDTH="191" HEIGHT="75" STYLEREFS="font0"/><SP WIDTH="26" VPOS="1371" HPOS="508"/><String ID="p474_w252" CONTENT="prefix" HPOS="534" VPOS="1371" WIDTH="103" HEIGHT="75" STYLEREFS="font0"/><SP WIDTH="16" VPOS="1371" HPOS="637"/><String ID="p474_w253" CONTENT="this" HPOS="653" VPOS="1371" WIDTH="64" HEIGHT="75" STYLEREFS="font0"/><SP WIDTH="17" VPOS="1371" HPOS="717"/><String ID="p474_w254" CONTENT="remainder" HPOS="734" VPOS="1371" WIDTH="180" HEIGHT="75" STYLEREFS="font0"/><SP WIDTH="16" VPOS="1371" HPOS="914"/><String ID="p474_w255" CONTENT="to" HPOS="930" VPOS="1371" WIDTH="35" HEIGHT="75" STYLEREFS="font0"/><SP WIDTH="23" VPOS="1371" HPOS="965"/><String ID="p474_w256" CONTENT="the" HPOS="988" VPOS="1371" WIDTH="56" HEIGHT="75" STYLEREFS="font0"/><SP WIDTH="24" VPOS="1371" HPOS="1044"/><String ID="p474_w257" CONTENT="fradtion" HPOS="1068" VPOS="1371" WIDTH="134" HEIGHT="75" STYLEREFS="font0"/><SP WIDTH="25" VPOS="1371" HPOS="1202"/><String ID="p474_w258" CONTENT="for" HPOS="1227" VPOS="1371" WIDTH="52" HEIGHT="75" STYLEREFS="font0"/><SP WIDTH="23" VPOS="1371" HPOS="1279"/><String ID="p474_w259" CONTENT="a" HPOS="1302" VPOS="1371" WIDTH="19" HEIGHT="75" STYLEREFS="font0"/></TextLine><TextLine WIDTH="1036" HEIGHT="75" ID="p474_t28" HPOS="284" VPOS="1419"><String ID="p474_w260" CONTENT="new" HPOS="284" VPOS="1419" WIDTH="71" HEIGHT="75" STYLEREFS="font0"/><SP WIDTH="16" VPOS="1419" HPOS="355"/><String ID="p474_w261" CONTENT="mixt" HPOS="371" VPOS="1419" WIDTH="84" HEIGHT="75" STYLEREFS="font0"/><SP WIDTH="17" VPOS="1419" HPOS="455"/><String ID="p474_w262" CONTENT="number;" HPOS="472" VPOS="1419" WIDTH="154" HEIGHT="75" STYLEREFS="font0"/><SP WIDTH="26" VPOS="1419" HPOS="626"/><String ID="p474_w263" CONTENT="which" HPOS="652" VPOS="1419" WIDTH="108" HEIGHT="75" STYLEREFS="font0"/><SP WIDTH="24" VPOS="1419" HPOS="760"/><String ID="p474_w264" CONTENT="reduce" HPOS="784" VPOS="1419" WIDTH="117" HEIGHT="75" STYLEREFS="font0"/><SP WIDTH="23" VPOS="1419" HPOS="901"/><String ID="p474_w265" CONTENT="to" HPOS="924" VPOS="1419" WIDTH="36" HEIGHT="75" STYLEREFS="font0"/><SP WIDTH="25" VPOS="1419" HPOS="960"/><String ID="p474_w266" CONTENT="an" HPOS="985" VPOS="1419" WIDTH="40" HEIGHT="75" STYLEREFS="font0"/><SP WIDTH="24" VPOS="1419" HPOS="1025"/><String ID="p474_w267" CONTENT="improper" HPOS="1049" VPOS="1419" WIDTH="163" HEIGHT="75" STYLEREFS="font0"/><SP WIDTH="25" VPOS="1419" HPOS="1212"/><String ID="p474_w268" CONTENT="frac-" HPOS="1237" VPOS="1419" WIDTH="83" HEIGHT="75" STYLEREFS="font0"/></TextLine><TextLine WIDTH="1037" HEIGHT="75" ID="p474_t29" HPOS="283" VPOS="1466"><String ID="p474_w269" CONTENT="tion" HPOS="283" VPOS="1466" WIDTH="67" HEIGHT="75" STYLEREFS="font0"/><SP WIDTH="12" VPOS="1466" HPOS="350"/><String ID="p474_w270" CONTENT=":" HPOS="362" VPOS="1466" WIDTH="9" HEIGHT="75" STYLEREFS="font0"/><SP WIDTH="27" VPOS="1466" HPOS="371"/><String ID="p474_w271" CONTENT="then" HPOS="398" VPOS="1466" WIDTH="79" HEIGHT="75" STYLEREFS="font0"/><SP WIDTH="14" VPOS="1466" HPOS="477"/><String ID="p474_w272" CONTENT="divide" HPOS="491" VPOS="1466" WIDTH="107" HEIGHT="75" STYLEREFS="font0"/><SP WIDTH="21" VPOS="1466" HPOS="598"/><String ID="p474_w273" CONTENT="the" HPOS="619" VPOS="1466" WIDTH="56" HEIGHT="75" STYLEREFS="font0"/><SP WIDTH="15" VPOS="1466" HPOS="675"/><String ID="p474_w274" CONTENT="improper" HPOS="690" VPOS="1466" WIDTH="162" HEIGHT="75" STYLEREFS="font0"/><SP WIDTH="16" VPOS="1466" HPOS="852"/><String ID="p474_w275" CONTENT="fradtion" HPOS="868" VPOS="1466" WIDTH="135" HEIGHT="75" STYLEREFS="font0"/><SP WIDTH="23" VPOS="1466" HPOS="1003"/><String ID="p474_w276" CONTENT="by" HPOS="1026" VPOS="1466" WIDTH="44" HEIGHT="75" STYLEREFS="font0"/><SP WIDTH="16" VPOS="1466" HPOS="1070"/><String ID="p474_w277" CONTENT="the" HPOS="1086" VPOS="1466" WIDTH="57" HEIGHT="75" STYLEREFS="font0"/><SP WIDTH="18" VPOS="1466" HPOS="1143"/><String ID="p474_w278" CONTENT="given" HPOS="1161" VPOS="1466" WIDTH="93" HEIGHT="75" STYLEREFS="font0"/><SP WIDTH="18" VPOS="1466" HPOS="1254"/><String ID="p474_w279" CONTENT="in-" HPOS="1272" VPOS="1466" WIDTH="48" HEIGHT="75" STYLEREFS="font0"/></TextLine><TextLine WIDTH="1038" HEIGHT="75" ID="p474_t30" HPOS="283" VPOS="1512"><String ID="p474_w280" CONTENT="teger," HPOS="283" VPOS="1512" WIDTH="104" HEIGHT="75" STYLEREFS="font0"/><SP WIDTH="23" VPOS="1512" HPOS="387"/><String ID="p474_w281" CONTENT="and" HPOS="410" VPOS="1512" WIDTH="65" HEIGHT="75" STYLEREFS="font0"/><SP WIDTH="12" VPOS="1512" HPOS="475"/><String ID="p474_w282" CONTENT="annex" HPOS="487" VPOS="1512" WIDTH="106" HEIGHT="75" STYLEREFS="font0"/><SP WIDTH="19" VPOS="1512" HPOS="593"/><String ID="p474_w283" CONTENT="the" HPOS="612" VPOS="1512" WIDTH="57" HEIGHT="75" STYLEREFS="font0"/><SP WIDTH="23" VPOS="1512" HPOS="669"/><String ID="p474_w284" CONTENT="quot" HPOS="692" VPOS="1512" WIDTH="80" HEIGHT="75" STYLEREFS="font0"/><SP WIDTH="17" VPOS="1512" HPOS="772"/><String ID="p474_w285" CONTENT="to" HPOS="789" VPOS="1512" WIDTH="35" HEIGHT="75" STYLEREFS="font0"/><SP WIDTH="17" VPOS="1512" HPOS="824"/><String ID="p474_w286" CONTENT="the" HPOS="841" VPOS="1512" WIDTH="56" HEIGHT="75" STYLEREFS="font0"/><SP WIDTH="17" VPOS="1512" HPOS="897"/><String ID="p474_w287" CONTENT="integral" HPOS="914" VPOS="1512" WIDTH="137" HEIGHT="75" STYLEREFS="font0"/><SP WIDTH="16" VPOS="1512" HPOS="1051"/><String ID="p474_w288" CONTENT="quot" HPOS="1067" VPOS="1512" WIDTH="81" HEIGHT="75" STYLEREFS="font0"/><SP WIDTH="16" VPOS="1512" HPOS="1148"/><String ID="p474_w289" CONTENT="formerly" HPOS="1164" VPOS="1512" WIDTH="157" HEIGHT="75" STYLEREFS="font0"/></TextLine><TextLine WIDTH="1041" HEIGHT="81" ID="p474_t31" HPOS="282" VPOS="1559"><String ID="p474_w290" CONTENT="found." HPOS="282" VPOS="1559" WIDTH="115" HEIGHT="75" STYLEREFS="font0"/><SP WIDTH="57" VPOS="1559" HPOS="397"/><String ID="p474_w291" CONTENT="Thus," HPOS="454" VPOS="1559" WIDTH="110" HEIGHT="75" STYLEREFS="font0"/><SP WIDTH="25" VPOS="1559" HPOS="564"/><String ID="p474_w292" CONTENT="if" HPOS="589" VPOS="1559" WIDTH="31" HEIGHT="75" STYLEREFS="font0"/><SP WIDTH="19" VPOS="1559" HPOS="620"/><String ID="p474_w293" CONTENT="it" HPOS="639" VPOS="1559" WIDTH="25" HEIGHT="75" STYLEREFS="font0"/><SP WIDTH="26" VPOS="1559" HPOS="664"/><String ID="p474_w294" CONTENT="be" HPOS="690" VPOS="1559" WIDTH="39" HEIGHT="75" STYLEREFS="font0"/><SP WIDTH="25" VPOS="1559" HPOS="729"/><String ID="p474_w295" CONTENT="required" HPOS="754" VPOS="1559" WIDTH="151" HEIGHT="75" STYLEREFS="font0"/><SP WIDTH="24" VPOS="1559" HPOS="905"/><String ID="p474_w296" CONTENT="to" HPOS="929" VPOS="1559" WIDTH="35" HEIGHT="75" STYLEREFS="font0"/><SP WIDTH="24" VPOS="1559" HPOS="964"/><String ID="p474_w297" CONTENT="divide" HPOS="988" VPOS="1559" WIDTH="108" HEIGHT="75" STYLEREFS="font0"/><SP WIDTH="30" VPOS="1559" HPOS="1096"/><String ID="p474_w298" CONTENT="15^" HPOS="1126" VPOS="1559" WIDTH="66" HEIGHT="75" STYLEREFS="font0"/><SP WIDTH="24" VPOS="1559" HPOS="1192"/><String ID="p474_w299" CONTENT="by" HPOS="1216" VPOS="1559" WIDTH="43" HEIGHT="75" STYLEREFS="font0"/><SP WIDTH="25" VPOS="1559" HPOS="1259"/><String ID="p474_w300" CONTENT="8" HPOS="1284" VPOS="1559" WIDTH="20" HEIGHT="75" STYLEREFS="font0"/><String ID="p474_w301" CONTENT="r" HPOS="1304" VPOS="1591" WIDTH="19" HEIGHT="49" STYLEREFS="font2"/></TextLine><TextLine WIDTH="1038" HEIGHT="75" ID="p474_t32" HPOS="283" VPOS="1607"><String ID="p474_w302" CONTENT="fay," HPOS="283" VPOS="1607" WIDTH="66" HEIGHT="75" STYLEREFS="font0"/><SP WIDTH="28" VPOS="1607" HPOS="349"/><String ID="p474_w303" CONTENT="8)" HPOS="377" VPOS="1607" WIDTH="38" HEIGHT="75" STYLEREFS="font0"/><SP WIDTH="18" VPOS="1607" HPOS="415"/><String ID="p474_w304" CONTENT="15(1," HPOS="433" VPOS="1607" WIDTH="98" HEIGHT="75" STYLEREFS="font0"/><SP WIDTH="26" VPOS="1607" HPOS="531"/><String ID="p474_w305" CONTENT="and" HPOS="557" VPOS="1607" WIDTH="63" HEIGHT="75" STYLEREFS="font0"/><SP WIDTH="18" VPOS="1607" HPOS="620"/><String ID="p474_w306" CONTENT="7" HPOS="638" VPOS="1607" WIDTH="18" HEIGHT="75" STYLEREFS="font0"/><SP WIDTH="18" VPOS="1607" HPOS="656"/><String ID="p474_w307" CONTENT="remains;" HPOS="674" VPOS="1607" WIDTH="159" HEIGHT="75" STYLEREFS="font0"/><SP WIDTH="26" VPOS="1607" HPOS="833"/><String ID="p474_w308" CONTENT="which" HPOS="859" VPOS="1607" WIDTH="107" HEIGHT="75" STYLEREFS="font0"/><SP WIDTH="18" VPOS="1607" HPOS="966"/><String ID="p474_w309" CONTENT="7," HPOS="984" VPOS="1607" WIDTH="33" HEIGHT="75" STYLEREFS="font0"/><SP WIDTH="26" VPOS="1607" HPOS="1017"/><String ID="p474_w310" CONTENT="prefixed" HPOS="1043" VPOS="1607" WIDTH="145" HEIGHT="75" STYLEREFS="font0"/><SP WIDTH="24" VPOS="1607" HPOS="1188"/><String ID="p474_w311" CONTENT="to" HPOS="1212" VPOS="1607" WIDTH="36" HEIGHT="75" STYLEREFS="font0"/><SP WIDTH="17" VPOS="1607" HPOS="1248"/><String ID="p474_w312" CONTENT="the" HPOS="1265" VPOS="1607" WIDTH="56" HEIGHT="75" STYLEREFS="font0"/></TextLine><TextLine WIDTH="1037" HEIGHT="75" ID="p474_t33" HPOS="284" VPOS="1654"><String ID="p474_w313" CONTENT="fradtion," HPOS="284" VPOS="1654" WIDTH="148" HEIGHT="75" STYLEREFS="font0"/><SP WIDTH="26" VPOS="1654" HPOS="432"/><String ID="p474_w314" CONTENT="gives" HPOS="458" VPOS="1654" WIDTH="88" HEIGHT="75" STYLEREFS="font0"/><SP WIDTH="19" VPOS="1654" HPOS="546"/><String ID="p474_w315" CONTENT="7^-for" HPOS="565" VPOS="1654" WIDTH="109" HEIGHT="75" STYLEREFS="font0"/><SP WIDTH="16" VPOS="1654" HPOS="674"/><String ID="p474_w316" CONTENT="anew" HPOS="690" VPOS="1654" WIDTH="101" HEIGHT="75" STYLEREFS="font0"/><SP WIDTH="14" VPOS="1654" HPOS="791"/><String ID="p474_w317" CONTENT="mixt" HPOS="805" VPOS="1654" WIDTH="84" HEIGHT="75" STYLEREFS="font0"/><SP WIDTH="17" VPOS="1654" HPOS="889"/><String ID="p474_w318" CONTENT="number;" HPOS="906" VPOS="1654" WIDTH="156" HEIGHT="75" STYLEREFS="font0"/><SP WIDTH="27" VPOS="1654" HPOS="1062"/><String ID="p474_w319" CONTENT="and" HPOS="1089" VPOS="1654" WIDTH="63" HEIGHT="75" STYLEREFS="font0"/><SP WIDTH="17" VPOS="1654" HPOS="1152"/><String ID="p474_w320" CONTENT="this," HPOS="1169" VPOS="1654" WIDTH="77" HEIGHT="75" STYLEREFS="font0"/><SP WIDTH="25" VPOS="1654" HPOS="1246"/><String ID="p474_w321" CONTENT="re-" HPOS="1271" VPOS="1654" WIDTH="50" HEIGHT="75" STYLEREFS="font0"/></TextLine><TextLine WIDTH="1041" HEIGHT="75" ID="p474_t34" HPOS="282" VPOS="1700"><String ID="p474_w322" CONTENT="duced" HPOS="282" VPOS="1700" WIDTH="106" HEIGHT="75" STYLEREFS="font0"/><SP WIDTH="15" VPOS="1700" HPOS="388"/><String ID="p474_w323" CONTENT="to" HPOS="403" VPOS="1700" WIDTH="36" HEIGHT="75" STYLEREFS="font0"/><SP WIDTH="17" VPOS="1700" HPOS="439"/><String ID="p474_w324" CONTENT="an" HPOS="456" VPOS="1700" WIDTH="41" HEIGHT="75" STYLEREFS="font0"/><SP WIDTH="14" VPOS="1700" HPOS="497"/><String ID="p474_w325" CONTENT="improper" HPOS="511" VPOS="1700" WIDTH="162" HEIGHT="75" STYLEREFS="font0"/><SP WIDTH="25" VPOS="1700" HPOS="673"/><String ID="p474_w326" CONTENT="fradtion," HPOS="698" VPOS="1700" WIDTH="149" HEIGHT="75" STYLEREFS="font0"/><SP WIDTH="23" VPOS="1700" HPOS="847"/><String ID="p474_w327" CONTENT="is" HPOS="870" VPOS="1700" WIDTH="26" HEIGHT="75" STYLEREFS="font0"/><SP WIDTH="26" VPOS="1700" HPOS="896"/><String ID="p474_w328" CONTENT="^," HPOS="922" VPOS="1700" WIDTH="53" HEIGHT="75" STYLEREFS="font0"/><SP WIDTH="26" VPOS="1700" HPOS="975"/><String ID="p474_w329" CONTENT="and" HPOS="1001" VPOS="1700" WIDTH="63" HEIGHT="75" STYLEREFS="font0"/><SP WIDTH="17" VPOS="1700" HPOS="1064"/><String ID="p474_w330" CONTENT="8)" HPOS="1081" VPOS="1700" WIDTH="39" HEIGHT="75" STYLEREFS="font0"/><SP WIDTH="9" VPOS="1700" HPOS="1120"/><String ID="p474_w331" CONTENT="y" HPOS="1129" VPOS="1700" WIDTH="35" HEIGHT="75" STYLEREFS="font0"/><SP WIDTH="11" VPOS="1700" HPOS="1164"/><String ID="p474_w332" CONTENT="(yr:" HPOS="1175" VPOS="1700" WIDTH="82" HEIGHT="75" STYLEREFS="font0"/><SP WIDTH="30" VPOS="1700" HPOS="1257"/><String ID="p474_w333" CONTENT="fo" HPOS="1287" VPOS="1700" WIDTH="36" HEIGHT="75" STYLEREFS="font0"/></TextLine><TextLine WIDTH="374" HEIGHT="75" ID="p474_t35" HPOS="282" VPOS="1748"><String ID="p474_w334" CONTENT="the" HPOS="282" VPOS="1748" WIDTH="57" HEIGHT="75" STYLEREFS="font0"/><SP WIDTH="17" VPOS="1748" HPOS="339"/><String ID="p474_w335" CONTENT="complete" HPOS="356" VPOS="1748" WIDTH="160" HEIGHT="75" STYLEREFS="font0"/><SP WIDTH="17" VPOS="1748" HPOS="516"/><String ID="p474_w336" CONTENT="quot" HPOS="533" VPOS="1748" WIDTH="83" HEIGHT="75" STYLEREFS="font0"/><SP WIDTH="13" VPOS="1748" HPOS="616"/><String ID="p474_w337" CONTENT="is" HPOS="629" VPOS="1748" WIDTH="27" HEIGHT="75" STYLEREFS="font0"/></TextLine><TextLine WIDTH="989" HEIGHT="75" ID="p474_t36" HPOS="334" VPOS="1795"><String ID="p474_w338" CONTENT="5." HPOS="334" VPOS="1795" WIDTH="32" HEIGHT="75" STYLEREFS="font0"/><SP WIDTH="25" VPOS="1795" HPOS="366"/><String ID="p474_w339" CONTENT="If" HPOS="391" VPOS="1795" WIDTH="38" HEIGHT="75" STYLEREFS="font0"/><SP WIDTH="19" VPOS="1795" HPOS="429"/><String ID="p474_w340" CONTENT="the" HPOS="448" VPOS="1795" WIDTH="56" HEIGHT="75" STYLEREFS="font0"/><SP WIDTH="22" VPOS="1795" HPOS="504"/><String ID="p474_w341" CONTENT="fadtors" HPOS="526" VPOS="1795" WIDTH="121" HEIGHT="75" STYLEREFS="font0"/><SP WIDTH="16" VPOS="1795" HPOS="647"/><String ID="p474_w342" CONTENT="of" HPOS="663" VPOS="1795" WIDTH="41" HEIGHT="75" STYLEREFS="font0"/><SP WIDTH="19" VPOS="1795" HPOS="704"/><String ID="p474_w343" CONTENT="the" HPOS="723" VPOS="1795" WIDTH="56" HEIGHT="75" STYLEREFS="font0"/><SP WIDTH="23" VPOS="1795" HPOS="779"/><String ID="p474_w344" CONTENT="numerator" HPOS="802" VPOS="1795" WIDTH="186" HEIGHT="75" STYLEREFS="font0"/><SP WIDTH="23" VPOS="1795" HPOS="988"/><String ID="p474_w345" CONTENT="and" HPOS="1011" VPOS="1795" WIDTH="64" HEIGHT="75" STYLEREFS="font0"/><SP WIDTH="23" VPOS="1795" HPOS="1075"/><String ID="p474_w346" CONTENT="denominator" HPOS="1098" VPOS="1795" WIDTH="225" HEIGHT="75" STYLEREFS="font0"/></TextLine><TextLine WIDTH="1039" HEIGHT="75" ID="p474_t37" HPOS="283" VPOS="1842"><String ID="p474_w347" CONTENT="of" HPOS="283" VPOS="1842" WIDTH="40" HEIGHT="75" STYLEREFS="font0"/><SP WIDTH="19" VPOS="1842" HPOS="323"/><String ID="p474_w348" CONTENT="the" HPOS="342" VPOS="1842" WIDTH="55" HEIGHT="75" STYLEREFS="font0"/><SP WIDTH="25" VPOS="1842" HPOS="397"/><String ID="p474_w349" CONTENT="quots," HPOS="422" VPOS="1842" WIDTH="109" HEIGHT="75" STYLEREFS="font0"/><SP WIDTH="29" VPOS="1842" HPOS="531"/><String ID="p474_w350" CONTENT="inftead" HPOS="560" VPOS="1842" WIDTH="121" HEIGHT="75" STYLEREFS="font0"/><SP WIDTH="16" VPOS="1842" HPOS="681"/><String ID="p474_w351" CONTENT="of" HPOS="697" VPOS="1842" WIDTH="40" HEIGHT="75" STYLEREFS="font0"/><SP WIDTH="28" VPOS="1842" HPOS="737"/><String ID="p474_w352" CONTENT="being" HPOS="765" VPOS="1842" WIDTH="96" HEIGHT="75" STYLEREFS="font0"/><SP WIDTH="28" VPOS="1842" HPOS="861"/><String ID="p474_w353" CONTENT="adtually" HPOS="889" VPOS="1842" WIDTH="137" HEIGHT="75" STYLEREFS="font0"/><SP WIDTH="28" VPOS="1842" HPOS="1026"/><String ID="p474_w354" CONTENT="multiplied," HPOS="1054" VPOS="1842" WIDTH="193" HEIGHT="75" STYLEREFS="font0"/><SP WIDTH="34" VPOS="1842" HPOS="1247"/><String ID="p474_w355" CONTENT="be" HPOS="1281" VPOS="1842" WIDTH="41" HEIGHT="75" STYLEREFS="font0"/></TextLine><TextLine WIDTH="1038" HEIGHT="75" ID="p474_t38" HPOS="283" VPOS="1888"><String ID="p474_w356" CONTENT="only" HPOS="283" VPOS="1888" WIDTH="77" HEIGHT="75" STYLEREFS="font0"/><SP WIDTH="16" VPOS="1888" HPOS="360"/><String ID="p474_w357" CONTENT="connedted" HPOS="376" VPOS="1888" WIDTH="175" HEIGHT="75" STYLEREFS="font0"/><SP WIDTH="15" VPOS="1888" HPOS="551"/><String ID="p474_w358" CONTENT="with" HPOS="566" VPOS="1888" WIDTH="81" HEIGHT="75" STYLEREFS="font0"/><SP WIDTH="12" VPOS="1888" HPOS="647"/><String ID="p474_w359" CONTENT="the" HPOS="659" VPOS="1888" WIDTH="56" HEIGHT="75" STYLEREFS="font0"/><SP WIDTH="12" VPOS="1888" HPOS="715"/><String ID="p474_w360" CONTENT="fign" HPOS="727" VPOS="1888" WIDTH="65" HEIGHT="75" STYLEREFS="font0"/><SP WIDTH="19" VPOS="1888" HPOS="792"/><String ID="p474_w361" CONTENT="of" HPOS="811" VPOS="1888" WIDTH="40" HEIGHT="75" STYLEREFS="font0"/><SP WIDTH="19" VPOS="1888" HPOS="851"/><String ID="p474_w362" CONTENT="multiplication," HPOS="870" VPOS="1888" WIDTH="260" HEIGHT="75" STYLEREFS="font0"/><SP WIDTH="25" VPOS="1888" HPOS="1130"/><String ID="p474_w363" CONTENT="it" HPOS="1155" VPOS="1888" WIDTH="26" HEIGHT="75" STYLEREFS="font0"/><SP WIDTH="17" VPOS="1888" HPOS="1181"/><String ID="p474_w364" CONTENT="will" HPOS="1198" VPOS="1888" WIDTH="67" HEIGHT="75" STYLEREFS="font0"/><SP WIDTH="16" VPOS="1888" HPOS="1265"/><String ID="p474_w365" CONTENT="be" HPOS="1281" VPOS="1888" WIDTH="40" HEIGHT="75" STYLEREFS="font0"/></TextLine><TextLine WIDTH="1037" HEIGHT="75" ID="p474_t39" HPOS="284" VPOS="1935"><String ID="p474_w366" CONTENT="eafy" HPOS="284" VPOS="1935" WIDTH="73" HEIGHT="75" STYLEREFS="font0"/><SP WIDTH="16" VPOS="1935" HPOS="357"/><String ID="p474_w367" CONTENT="to" HPOS="373" VPOS="1935" WIDTH="36" HEIGHT="75" STYLEREFS="font0"/><SP WIDTH="16" VPOS="1935" HPOS="409"/><String ID="p474_w368" CONTENT="drop" HPOS="425" VPOS="1935" WIDTH="83" HEIGHT="75" STYLEREFS="font0"/><SP WIDTH="16" VPOS="1935" HPOS="508"/><String ID="p474_w369" CONTENT="fuch" HPOS="524" VPOS="1935" WIDTH="77" HEIGHT="75" STYLEREFS="font0"/><SP WIDTH="21" VPOS="1935" HPOS="601"/><String ID="p474_w370" CONTENT="fadtors," HPOS="622" VPOS="1935" WIDTH="133" HEIGHT="75" STYLEREFS="font0"/><SP WIDTH="25" VPOS="1935" HPOS="755"/><String ID="p474_w371" CONTENT="above" HPOS="780" VPOS="1935" WIDTH="101" HEIGHT="75" STYLEREFS="font0"/><SP WIDTH="23" VPOS="1935" HPOS="881"/><String ID="p474_w372" CONTENT="and" HPOS="904" VPOS="1935" WIDTH="64" HEIGHT="75" STYLEREFS="font0"/><SP WIDTH="23" VPOS="1935" HPOS="968"/><String ID="p474_w373" CONTENT="below," HPOS="991" VPOS="1935" WIDTH="118" HEIGHT="75" STYLEREFS="font0"/><SP WIDTH="26" VPOS="1935" HPOS="1109"/><String ID="p474_w374" CONTENT="as" HPOS="1135" VPOS="1935" WIDTH="35" HEIGHT="75" STYLEREFS="font0"/><SP WIDTH="26" VPOS="1935" HPOS="1170"/><String ID="p474_w375" CONTENT="happen" HPOS="1196" VPOS="1935" WIDTH="125" HEIGHT="75" STYLEREFS="font0"/></TextLine><TextLine WIDTH="571" HEIGHT="75" ID="p474_t40" HPOS="286" VPOS="2013"><String ID="p474_w376" CONTENT="to" HPOS="286" VPOS="2013" WIDTH="35" HEIGHT="75" STYLEREFS="font0"/><SP WIDTH="26" VPOS="2013" HPOS="321"/><String ID="p474_w377" CONTENT="be" HPOS="347" VPOS="2013" WIDTH="39" HEIGHT="75" STYLEREFS="font0"/><SP WIDTH="17" VPOS="2013" HPOS="386"/><String ID="p474_w378" CONTENT="the" HPOS="403" VPOS="2013" WIDTH="56" HEIGHT="75" STYLEREFS="font0"/><SP WIDTH="20" VPOS="2013" HPOS="459"/><String ID="p474_w379" CONTENT="fame," HPOS="479" VPOS="2013" WIDTH="97" HEIGHT="75" STYLEREFS="font0"/><SP WIDTH="25" VPOS="2013" HPOS="576"/><String ID="p474_w380" CONTENT="thus:" HPOS="601" VPOS="2013" WIDTH="99" HEIGHT="75" STYLEREFS="font0"/><SP WIDTH="117" VPOS="2013" HPOS="700"/><String ID="p474_w381" CONTENT="of" HPOS="817" VPOS="2013" WIDTH="40" HEIGHT="75" STYLEREFS="font0"/></TextLine><TextLine WIDTH="1041" HEIGHT="75" ID="p474_t41" HPOS="283" VPOS="2083"><String ID="p474_w382" CONTENT="s=f." HPOS="283" VPOS="2083" WIDTH="72" HEIGHT="75" STYLEREFS="font0"/><SP WIDTH="50" VPOS="2083" HPOS="355"/><String ID="p474_w383" CONTENT="Or" HPOS="405" VPOS="2083" WIDTH="50" HEIGHT="75" STYLEREFS="font0"/><SP WIDTH="24" VPOS="2083" HPOS="455"/><String ID="p474_w384" CONTENT="a" HPOS="479" VPOS="2083" WIDTH="19" HEIGHT="75" STYLEREFS="font0"/><SP WIDTH="22" VPOS="2083" HPOS="498"/><String ID="p474_w385" CONTENT="fadtor" HPOS="520" VPOS="2083" WIDTH="102" HEIGHT="75" STYLEREFS="font0"/><SP WIDTH="23" VPOS="2083" HPOS="622"/><String ID="p474_w386" CONTENT="above" HPOS="645" VPOS="2083" WIDTH="101" HEIGHT="75" STYLEREFS="font0"/><SP WIDTH="22" VPOS="2083" HPOS="746"/><String ID="p474_w387" CONTENT="and" HPOS="768" VPOS="2083" WIDTH="64" HEIGHT="75" STYLEREFS="font0"/><SP WIDTH="21" VPOS="2083" HPOS="832"/><String ID="p474_w388" CONTENT="below" HPOS="853" VPOS="2083" WIDTH="106" HEIGHT="75" STYLEREFS="font0"/><SP WIDTH="15" VPOS="2083" HPOS="959"/><String ID="p474_w389" CONTENT="may" HPOS="974" VPOS="2083" WIDTH="74" HEIGHT="75" STYLEREFS="font0"/><SP WIDTH="16" VPOS="2083" HPOS="1048"/><String ID="p474_w390" CONTENT="be" HPOS="1064" VPOS="2083" WIDTH="40" HEIGHT="75" STYLEREFS="font0"/><SP WIDTH="22" VPOS="2083" HPOS="1104"/><String ID="p474_w391" CONTENT="divided" HPOS="1126" VPOS="2083" WIDTH="132" HEIGHT="75" STYLEREFS="font0"/><SP WIDTH="20" VPOS="2083" HPOS="1258"/><String ID="p474_w392" CONTENT="by" HPOS="1278" VPOS="2083" WIDTH="46" HEIGHT="75" STYLEREFS="font0"/></TextLine><TextLine WIDTH="1040" HEIGHT="75" ID="p474_t42" HPOS="284" VPOS="2162"><String ID="p474_w393" CONTENT="the" HPOS="284" VPOS="2162" WIDTH="56" HEIGHT="75" STYLEREFS="font0"/><SP WIDTH="23" VPOS="2162" HPOS="340"/><String ID="p474_w394" CONTENT="fame" HPOS="363" VPOS="2162" WIDTH="86" HEIGHT="75" STYLEREFS="font0"/><SP WIDTH="28" VPOS="2162" HPOS="449"/><String ID="p474_w395" CONTENT="number" HPOS="477" VPOS="2162" WIDTH="136" HEIGHT="75" STYLEREFS="font0"/><SP WIDTH="15" VPOS="2162" HPOS="613"/><String ID="p474_w396" CONTENT="thus" HPOS="628" VPOS="2162" WIDTH="76" HEIGHT="75" STYLEREFS="font0"/><SP WIDTH="13" VPOS="2162" HPOS="704"/><String ID="p474_w397" CONTENT=":" HPOS="717" VPOS="2162" WIDTH="10" HEIGHT="75" STYLEREFS="font0"/><SP WIDTH="105" VPOS="2162" HPOS="727"/><String ID="p474_w398" CONTENT="v(^°r" HPOS="832" VPOS="2162" WIDTH="492" HEIGHT="75" STYLEREFS="font0"/></TextLine><TextLine WIDTH="1038" HEIGHT="75" ID="p474_t43" HPOS="282" VPOS="2232"><String ID="p474_w399" CONTENT="the" HPOS="282" VPOS="2232" WIDTH="58" HEIGHT="75" STYLEREFS="font0"/><SP WIDTH="24" VPOS="2232" HPOS="340"/><String ID="p474_w400" CONTENT="fadtors" HPOS="364" VPOS="2232" WIDTH="118" HEIGHT="75" STYLEREFS="font0"/><SP WIDTH="24" VPOS="2232" HPOS="482"/><String ID="p474_w401" CONTENT="of" HPOS="506" VPOS="2232" WIDTH="41" HEIGHT="75" STYLEREFS="font0"/><SP WIDTH="18" VPOS="2232" HPOS="547"/><String ID="p474_w402" CONTENT="the" HPOS="565" VPOS="2232" WIDTH="56" HEIGHT="75" STYLEREFS="font0"/><SP WIDTH="23" VPOS="2232" HPOS="621"/><String ID="p474_w403" CONTENT="numerator" HPOS="644" VPOS="2232" WIDTH="184" HEIGHT="75" STYLEREFS="font0"/><SP WIDTH="24" VPOS="2232" HPOS="828"/><String ID="p474_w404" CONTENT="of" HPOS="852" VPOS="2232" WIDTH="40" HEIGHT="75" STYLEREFS="font0"/><SP WIDTH="24" VPOS="2232" HPOS="892"/><String ID="p474_w405" CONTENT="the" HPOS="916" VPOS="2232" WIDTH="58" HEIGHT="75" STYLEREFS="font0"/><SP WIDTH="21" VPOS="2232" HPOS="974"/><String ID="p474_w406" CONTENT="quot" HPOS="995" VPOS="2232" WIDTH="83" HEIGHT="75" STYLEREFS="font0"/><SP WIDTH="23" VPOS="2232" HPOS="1078"/><String ID="p474_w407" CONTENT="may" HPOS="1101" VPOS="2232" WIDTH="74" HEIGHT="75" STYLEREFS="font0"/><SP WIDTH="22" VPOS="2232" HPOS="1175"/><String ID="p474_w408" CONTENT="be" HPOS="1197" VPOS="2232" WIDTH="41" HEIGHT="75" STYLEREFS="font0"/><SP WIDTH="23" VPOS="2232" HPOS="1238"/><String ID="p474_w409" CONTENT="ex-" HPOS="1261" VPOS="2232" WIDTH="59" HEIGHT="75" STYLEREFS="font0"/></TextLine><TextLine WIDTH="804" HEIGHT="81" ID="p474_t44" HPOS="285" VPOS="2309"><String ID="p474_w410" CONTENT="changed," HPOS="285" VPOS="2309" WIDTH="156" HEIGHT="75" STYLEREFS="font0"/><SP WIDTH="25" VPOS="2309" HPOS="441"/><String ID="p474_w411" CONTENT="the,," HPOS="466" VPOS="2309" WIDTH="97" HEIGHT="75" STYLEREFS="font0"/><SP WIDTH="37" VPOS="2309" HPOS="563"/><String ID="p474_w412" CONTENT=".W.52?" HPOS="600" VPOS="2309" WIDTH="169" HEIGHT="75" STYLEREFS="font0"/><SP WIDTH="9" VPOS="2309" HPOS="769"/><String ID="p474_w413" CONTENT="=" HPOS="778" VPOS="2341" WIDTH="37" HEIGHT="49" STYLEREFS="font2"/><SP WIDTH="9" VPOS="2341" HPOS="815"/><String ID="p474_w414" CONTENT="^" HPOS="824" VPOS="2309" WIDTH="75" HEIGHT="75" STYLEREFS="font0"/><SP WIDTH="7" VPOS="2309" HPOS="899"/><String ID="p474_w415" CONTENT="=" HPOS="906" VPOS="2341" WIDTH="39" HEIGHT="49" STYLEREFS="font2"/><SP WIDTH="7" VPOS="2341" HPOS="945"/><String ID="p474_w416" CONTENT="?-=" HPOS="952" VPOS="2309" WIDTH="113" HEIGHT="75" STYLEREFS="font0"/><String ID="p474_w417" CONTENT="5" HPOS="1065" VPOS="2341" WIDTH="18" HEIGHT="49" STYLEREFS="font2"/><String ID="p474_w418" CONTENT="." HPOS="1083" VPOS="2309" WIDTH="6" HEIGHT="75" STYLEREFS="font0"/></TextLine><TextLine WIDTH="19" HEIGHT="75" ID="p474_t45" HPOS="367" VPOS="2323"><String ID="p474_w419" CONTENT="6" HPOS="367" VPOS="2323" WIDTH="19" HEIGHT="75" STYLEREFS="font0"/></TextLine><TextLine WIDTH="489" HEIGHT="75" ID="p474_t46" HPOS="593" VPOS="2323"><String ID="p474_w420" CONTENT="T'MaXp" HPOS="593" VPOS="2323" WIDTH="178" HEIGHT="75" STYLEREFS="font0"/><SP WIDTH="53" VPOS="2323" HPOS="771"/><String ID="p474_w421" CONTENT="2X9" HPOS="824" VPOS="2323" WIDTH="76" HEIGHT="75" STYLEREFS="font0"/><SP WIDTH="50" VPOS="2323" HPOS="900"/><String ID="p474_w422" CONTENT="2X3" HPOS="950" VPOS="2323" WIDTH="74" HEIGHT="75" STYLEREFS="font0"/><SP WIDTH="42" VPOS="2323" HPOS="1024"/><String ID="p474_w423" CONTENT="®" HPOS="1066" VPOS="2323" WIDTH="16" HEIGHT="75" STYLEREFS="font0"/></TextLine><TextLine WIDTH="988" HEIGHT="75" ID="p474_t47" HPOS="333" VPOS="2380"><String ID="p474_w424" CONTENT="6." HPOS="333" VPOS="2380" WIDTH="33" HEIGHT="75" STYLEREFS="font0"/><SP WIDTH="24" VPOS="2380" HPOS="366"/><String ID="p474_w425" CONTENT="To" HPOS="390" VPOS="2380" WIDTH="58" HEIGHT="75" STYLEREFS="font0"/><SP WIDTH="12" VPOS="2380" HPOS="448"/><String ID="p474_w426" CONTENT="divide" HPOS="460" VPOS="2380" WIDTH="108" HEIGHT="75" STYLEREFS="font0"/><SP WIDTH="12" VPOS="2380" HPOS="568"/><String ID="p474_w427" CONTENT="an" HPOS="580" VPOS="2380" WIDTH="39" HEIGHT="75" STYLEREFS="font0"/><SP WIDTH="16" VPOS="2380" HPOS="619"/><String ID="p474_w428" CONTENT="integer" HPOS="635" VPOS="2380" WIDTH="126" HEIGHT="75" STYLEREFS="font0"/><SP WIDTH="12" VPOS="2380" HPOS="761"/><String ID="p474_w429" CONTENT="by" HPOS="773" VPOS="2380" WIDTH="44" HEIGHT="75" STYLEREFS="font0"/><SP WIDTH="12" VPOS="2380" HPOS="817"/><String ID="p474_w430" CONTENT="a" HPOS="829" VPOS="2380" WIDTH="20" HEIGHT="75" STYLEREFS="font0"/><SP WIDTH="18" VPOS="2380" HPOS="849"/><String ID="p474_w431" CONTENT="fradtion," HPOS="867" VPOS="2380" WIDTH="148" HEIGHT="75" STYLEREFS="font0"/><SP WIDTH="25" VPOS="2380" HPOS="1015"/><String ID="p474_w432" CONTENT="is" HPOS="1040" VPOS="2380" WIDTH="28" HEIGHT="75" STYLEREFS="font0"/><SP WIDTH="16" VPOS="2380" HPOS="1068"/><String ID="p474_w433" CONTENT="to" HPOS="1084" VPOS="2380" WIDTH="36" HEIGHT="75" STYLEREFS="font0"/><SP WIDTH="20" VPOS="2380" HPOS="1120"/><String ID="p474_w434" CONTENT="divide" HPOS="1140" VPOS="2380" WIDTH="109" HEIGHT="75" STYLEREFS="font0"/><SP WIDTH="16" VPOS="2380" HPOS="1249"/><String ID="p474_w435" CONTENT="the" HPOS="1265" VPOS="2380" WIDTH="56" HEIGHT="75" STYLEREFS="font0"/></TextLine><TextLine WIDTH="1038" HEIGHT="75" ID="p474_t48" HPOS="282" VPOS="2426"><String ID="p474_w436" CONTENT="produdt" HPOS="282" VPOS="2426" WIDTH="134" HEIGHT="75" STYLEREFS="font0"/><SP WIDTH="12" VPOS="2426" HPOS="416"/><String ID="p474_w437" CONTENT="of" HPOS="428" VPOS="2426" WIDTH="40" HEIGHT="75" STYLEREFS="font0"/><SP WIDTH="11" VPOS="2426" HPOS="468"/><String ID="p474_w438" CONTENT="the" HPOS="479" VPOS="2426" WIDTH="55" HEIGHT="75" STYLEREFS="font0"/><SP WIDTH="11" VPOS="2426" HPOS="534"/><String ID="p474_w439" CONTENT="denominator" HPOS="545" VPOS="2426" WIDTH="222" HEIGHT="75" STYLEREFS="font0"/><SP WIDTH="17" VPOS="2426" HPOS="767"/><String ID="p474_w440" CONTENT="and" HPOS="784" VPOS="2426" WIDTH="64" HEIGHT="75" STYLEREFS="font0"/><SP WIDTH="10" VPOS="2426" HPOS="848"/><String ID="p474_w441" CONTENT="integer" HPOS="858" VPOS="2426" WIDTH="125" HEIGHT="75" STYLEREFS="font0"/><SP WIDTH="12" VPOS="2426" HPOS="983"/><String ID="p474_w442" CONTENT="by" HPOS="995" VPOS="2426" WIDTH="43" HEIGHT="75" STYLEREFS="font0"/><SP WIDTH="11" VPOS="2426" HPOS="1038"/><String ID="p474_w443" CONTENT="the" HPOS="1049" VPOS="2426" WIDTH="56" HEIGHT="75" STYLEREFS="font0"/><SP WIDTH="17" VPOS="2426" HPOS="1105"/><String ID="p474_w444" CONTENT="numerator," HPOS="1122" VPOS="2426" WIDTH="198" HEIGHT="75" STYLEREFS="font0"/></TextLine><TextLine WIDTH="580" HEIGHT="75" ID="p474_t49" HPOS="286" VPOS="2505"><String ID="p474_w445" CONTENT="thus:" HPOS="286" VPOS="2505" WIDTH="95" HEIGHT="75" STYLEREFS="font0"/><SP WIDTH="25" VPOS="2505" HPOS="381"/><String ID="p474_w446" CONTENT="y)s(" HPOS="406" VPOS="2505" WIDTH="91" HEIGHT="75" STYLEREFS="font0"/><SP WIDTH="11" VPOS="2505" HPOS="497"/><String ID="p474_w447" CONTENT="=^^=5" HPOS="508" VPOS="2505" WIDTH="181" HEIGHT="75" STYLEREFS="font0"/><SP WIDTH="12" VPOS="2505" HPOS="689"/><String ID="p474_w448" CONTENT="X" HPOS="701" VPOS="2505" WIDTH="29" HEIGHT="75" STYLEREFS="font0"/><SP WIDTH="9" VPOS="2505" HPOS="730"/><String ID="p474_w449" CONTENT="2" HPOS="739" VPOS="2505" WIDTH="19" HEIGHT="75" STYLEREFS="font0"/><SP WIDTH="7" VPOS="2505" HPOS="758"/><String ID="p474_w450" CONTENT="—10." HPOS="765" VPOS="2505" WIDTH="101" HEIGHT="75" STYLEREFS="font0"/></TextLine><TextLine WIDTH="985" HEIGHT="75" ID="p474_t50" HPOS="333" VPOS="2585"><String ID="p474_w451" CONTENT="7." HPOS="333" VPOS="2585" WIDTH="32" HEIGHT="75" STYLEREFS="font0"/><SP WIDTH="24" VPOS="2585" HPOS="365"/><String ID="p474_w452" CONTENT="If" HPOS="389" VPOS="2585" WIDTH="38" HEIGHT="75" STYLEREFS="font0"/><SP WIDTH="19" VPOS="2585" HPOS="427"/><String ID="p474_w453" CONTENT="the" HPOS="446" VPOS="2585" WIDTH="55" HEIGHT="75" STYLEREFS="font0"/><SP WIDTH="16" VPOS="2585" HPOS="501"/><String ID="p474_w454" CONTENT="divifor" HPOS="517" VPOS="2585" WIDTH="118" HEIGHT="75" STYLEREFS="font0"/><SP WIDTH="18" VPOS="2585" HPOS="635"/><String ID="p474_w455" CONTENT="and" HPOS="653" VPOS="2585" WIDTH="62" HEIGHT="75" STYLEREFS="font0"/><SP WIDTH="20" VPOS="2585" HPOS="715"/><String ID="p474_w456" CONTENT="dividend" HPOS="735" VPOS="2585" WIDTH="152" HEIGHT="75" STYLEREFS="font0"/><SP WIDTH="17" VPOS="2585" HPOS="887"/><String ID="p474_w457" CONTENT="have" HPOS="904" VPOS="2585" WIDTH="82" HEIGHT="75" STYLEREFS="font0"/><SP WIDTH="17" VPOS="2585" HPOS="986"/><String ID="p474_w458" CONTENT="the" HPOS="1003" VPOS="2585" WIDTH="57" HEIGHT="75" STYLEREFS="font0"/><SP WIDTH="17" VPOS="2585" HPOS="1060"/><String ID="p474_w459" CONTENT="fame" HPOS="1077" VPOS="2585" WIDTH="84" HEIGHT="75" STYLEREFS="font0"/><SP WIDTH="13" VPOS="2585" HPOS="1161"/><String ID="p474_w460" CONTENT="denomi-" HPOS="1174" VPOS="2585" WIDTH="144" HEIGHT="75" STYLEREFS="font0"/></TextLine><TextLine WIDTH="1035" HEIGHT="75" ID="p474_t51" HPOS="283" VPOS="2633"><String ID="p474_w461" CONTENT="nator," HPOS="283" VPOS="2633" WIDTH="105" HEIGHT="75" STYLEREFS="font0"/><SP WIDTH="25" VPOS="2633" HPOS="388"/><String ID="p474_w462" CONTENT="you" HPOS="413" VPOS="2633" WIDTH="64" HEIGHT="75" STYLEREFS="font0"/><SP WIDTH="19" VPOS="2633" HPOS="477"/><String ID="p474_w463" CONTENT="have" HPOS="496" VPOS="2633" WIDTH="82" HEIGHT="75" STYLEREFS="font0"/><SP WIDTH="18" VPOS="2633" HPOS="578"/><String ID="p474_w464" CONTENT="only" HPOS="596" VPOS="2633" WIDTH="78" HEIGHT="75" STYLEREFS="font0"/><SP WIDTH="20" VPOS="2633" HPOS="674"/><String ID="p474_w465" CONTENT="to" HPOS="694" VPOS="2633" WIDTH="36" HEIGHT="75" STYLEREFS="font0"/><SP WIDTH="15" VPOS="2633" HPOS="730"/><String ID="p474_w466" CONTENT="divide" HPOS="745" VPOS="2633" WIDTH="107" HEIGHT="75" STYLEREFS="font0"/><SP WIDTH="16" VPOS="2633" HPOS="852"/><String ID="p474_w467" CONTENT="the" HPOS="868" VPOS="2633" WIDTH="56" HEIGHT="75" STYLEREFS="font0"/><SP WIDTH="16" VPOS="2633" HPOS="924"/><String ID="p474_w468" CONTENT="numerator" HPOS="940" VPOS="2633" WIDTH="185" HEIGHT="75" STYLEREFS="font0"/><SP WIDTH="11" VPOS="2633" HPOS="1125"/><String ID="p474_w469" CONTENT="of" HPOS="1136" VPOS="2633" WIDTH="42" HEIGHT="75" STYLEREFS="font0"/><SP WIDTH="18" VPOS="2633" HPOS="1178"/><String ID="p474_w470" CONTENT="the" HPOS="1196" VPOS="2633" WIDTH="56" HEIGHT="75" STYLEREFS="font0"/><SP WIDTH="15" VPOS="2633" HPOS="1252"/><String ID="p474_w471" CONTENT="di-" HPOS="1267" VPOS="2633" WIDTH="51" HEIGHT="75" STYLEREFS="font0"/></TextLine><TextLine WIDTH="1032" HEIGHT="75" ID="p474_t52" HPOS="283" VPOS="2680"><String ID="p474_w472" CONTENT="vidend" HPOS="283" VPOS="2680" WIDTH="118" HEIGHT="75" STYLEREFS="font0"/><SP WIDTH="17" VPOS="2680" HPOS="401"/><String ID="p474_w473" CONTENT="by" HPOS="418" VPOS="2680" WIDTH="43" HEIGHT="75" STYLEREFS="font0"/><SP WIDTH="15" VPOS="2680" HPOS="461"/><String ID="p474_w474" CONTENT="the" HPOS="476" VPOS="2680" WIDTH="56" HEIGHT="75" STYLEREFS="font0"/><SP WIDTH="13" VPOS="2680" HPOS="532"/><String ID="p474_w475" CONTENT="numerator" HPOS="545" VPOS="2680" WIDTH="184" HEIGHT="75" STYLEREFS="font0"/><SP WIDTH="16" VPOS="2680" HPOS="729"/><String ID="p474_w476" CONTENT="of" HPOS="745" VPOS="2680" WIDTH="40" HEIGHT="75" STYLEREFS="font0"/><SP WIDTH="19" VPOS="2680" HPOS="785"/><String ID="p474_w477" CONTENT="the" HPOS="804" VPOS="2680" WIDTH="56" HEIGHT="75" STYLEREFS="font0"/><SP WIDTH="12" VPOS="2680" HPOS="860"/><String ID="p474_w478" CONTENT="divifor," HPOS="872" VPOS="2680" WIDTH="131" HEIGHT="75" STYLEREFS="font0"/><SP WIDTH="23" VPOS="2680" HPOS="1003"/><String ID="p474_w479" CONTENT="thus:" HPOS="1026" VPOS="2680" WIDTH="97" HEIGHT="75" STYLEREFS="font0"/><SP WIDTH="28" VPOS="2680" HPOS="1123"/><String ID="p474_w480" CONTENT="^-g-C^r;" HPOS="1151" VPOS="2680" WIDTH="164" HEIGHT="75" STYLEREFS="font0"/></TextLine><TextLine WIDTH="52" HEIGHT="49" ID="p474_t53" HPOS="284" VPOS="2760"><String ID="p474_w481" CONTENT="for" HPOS="284" VPOS="2760" WIDTH="52" HEIGHT="49" STYLEREFS="font3"/></TextLine><TextLine WIDTH="986" HEIGHT="75" ID="p474_t54" HPOS="332" VPOS="2826"><String ID="p474_w482" CONTENT="8." HPOS="332" VPOS="2826" WIDTH="34" HEIGHT="75" STYLEREFS="font0"/><SP WIDTH="25" VPOS="2826" HPOS="366"/><String ID="p474_w483" CONTENT="If" HPOS="391" VPOS="2826" WIDTH="38" HEIGHT="75" STYLEREFS="font0"/><SP WIDTH="18" VPOS="2826" HPOS="429"/><String ID="p474_w484" CONTENT="a" HPOS="447" VPOS="2826" WIDTH="20" HEIGHT="75" STYLEREFS="font0"/><SP WIDTH="26" VPOS="2826" HPOS="467"/><String ID="p474_w485" CONTENT="dividend" HPOS="493" VPOS="2826" WIDTH="153" HEIGHT="75" STYLEREFS="font0"/><SP WIDTH="27" VPOS="2826" HPOS="646"/><String ID="p474_w486" CONTENT="of" HPOS="673" VPOS="2826" WIDTH="41" HEIGHT="75" STYLEREFS="font0"/><SP WIDTH="22" VPOS="2826" HPOS="714"/><String ID="p474_w487" CONTENT="two" HPOS="736" VPOS="2826" WIDTH="66" HEIGHT="75" STYLEREFS="font0"/><SP WIDTH="24" VPOS="2826" HPOS="802"/><String ID="p474_w488" CONTENT="or" HPOS="826" VPOS="2826" WIDTH="37" HEIGHT="75" STYLEREFS="font0"/><SP WIDTH="22" VPOS="2826" HPOS="863"/><String ID="p474_w489" CONTENT="more" HPOS="885" VPOS="2826" WIDTH="91" HEIGHT="75" STYLEREFS="font0"/><SP WIDTH="22" VPOS="2826" HPOS="976"/><String ID="p474_w490" CONTENT="denominations" HPOS="998" VPOS="2826" WIDTH="256" HEIGHT="75" STYLEREFS="font0"/><SP WIDTH="23" VPOS="2826" HPOS="1254"/><String ID="p474_w491" CONTENT="be" HPOS="1277" VPOS="2826" WIDTH="41" HEIGHT="75" STYLEREFS="font0"/></TextLine><TextLine WIDTH="1036" HEIGHT="75" ID="p474_t55" HPOS="282" VPOS="2875"><String ID="p474_w492" CONTENT="given" HPOS="282" VPOS="2875" WIDTH="94" HEIGHT="75" STYLEREFS="font0"/><SP WIDTH="15" VPOS="2875" HPOS="376"/><String ID="p474_w493" CONTENT="to" HPOS="391" VPOS="2875" WIDTH="35" HEIGHT="75" STYLEREFS="font0"/><SP WIDTH="17" VPOS="2875" HPOS="426"/><String ID="p474_w494" CONTENT="be" HPOS="443" VPOS="2875" WIDTH="40" HEIGHT="75" STYLEREFS="font0"/><SP WIDTH="12" VPOS="2875" HPOS="483"/><String ID="p474_w495" CONTENT="divided" HPOS="495" VPOS="2875" WIDTH="130" HEIGHT="75" STYLEREFS="font0"/><SP WIDTH="16" VPOS="2875" HPOS="625"/><String ID="p474_w496" CONTENT="by" HPOS="641" VPOS="2875" WIDTH="46" HEIGHT="75" STYLEREFS="font0"/><SP WIDTH="15" VPOS="2875" HPOS="687"/><String ID="p474_w497" CONTENT="a" HPOS="702" VPOS="2875" WIDTH="19" HEIGHT="75" STYLEREFS="font0"/><SP WIDTH="15" VPOS="2875" HPOS="721"/><String ID="p474_w498" CONTENT="fradtion," HPOS="736" VPOS="2875" WIDTH="148" HEIGHT="75" STYLEREFS="font0"/><SP WIDTH="25" VPOS="2875" HPOS="884"/><String ID="p474_w499" CONTENT="reduce" HPOS="909" VPOS="2875" WIDTH="118" HEIGHT="75" STYLEREFS="font0"/><SP WIDTH="16" VPOS="2875" HPOS="1027"/><String ID="p474_w500" CONTENT="the" HPOS="1043" VPOS="2875" WIDTH="56" HEIGHT="75" STYLEREFS="font0"/><SP WIDTH="16" VPOS="2875" HPOS="1099"/><String ID="p474_w501" CONTENT="higher" HPOS="1115" VPOS="2875" WIDTH="115" HEIGHT="75" STYLEREFS="font0"/><SP WIDTH="16" VPOS="2875" HPOS="1230"/><String ID="p474_w502" CONTENT="part" HPOS="1246" VPOS="2875" WIDTH="72" HEIGHT="75" STYLEREFS="font0"/></TextLine><TextLine WIDTH="1034" HEIGHT="75" ID="p474_t56" HPOS="283" VPOS="2921"><String ID="p474_w503" CONTENT="or" HPOS="283" VPOS="2921" WIDTH="38" HEIGHT="75" STYLEREFS="font0"/><SP WIDTH="16" VPOS="2921" HPOS="321"/><String ID="p474_w504" CONTENT="parts" HPOS="337" VPOS="2921" WIDTH="86" HEIGHT="75" STYLEREFS="font0"/><SP WIDTH="18" VPOS="2921" HPOS="423"/><String ID="p474_w505" CONTENT="of" HPOS="441" VPOS="2921" WIDTH="40" HEIGHT="75" STYLEREFS="font0"/><SP WIDTH="18" VPOS="2921" HPOS="481"/><String ID="p474_w506" CONTENT="the" HPOS="499" VPOS="2921" WIDTH="56" HEIGHT="75" STYLEREFS="font0"/><SP WIDTH="16" VPOS="2921" HPOS="555"/><String ID="p474_w507" CONTENT="dividend" HPOS="571" VPOS="2921" WIDTH="150" HEIGHT="75" STYLEREFS="font0"/><SP WIDTH="19" VPOS="2921" HPOS="721"/><String ID="p474_w508" CONTENT="to" HPOS="740" VPOS="2921" WIDTH="35" HEIGHT="75" STYLEREFS="font0"/><SP WIDTH="22" VPOS="2921" HPOS="775"/><String ID="p474_w509" CONTENT="the" HPOS="797" VPOS="2921" WIDTH="57" HEIGHT="75" STYLEREFS="font0"/><SP WIDTH="14" VPOS="2921" HPOS="854"/><String ID="p474_w510" CONTENT="lowed" HPOS="868" VPOS="2921" WIDTH="109" HEIGHT="75" STYLEREFS="font0"/><SP WIDTH="25" VPOS="2921" HPOS="977"/><String ID="p474_w511" CONTENT="fpecies," HPOS="1002" VPOS="2921" WIDTH="131" HEIGHT="75" STYLEREFS="font0"/><SP WIDTH="26" VPOS="2921" HPOS="1133"/><String ID="p474_w512" CONTENT="and" HPOS="1159" VPOS="2921" WIDTH="63" HEIGHT="75" STYLEREFS="font0"/><SP WIDTH="16" VPOS="2921" HPOS="1222"/><String ID="p474_w513" CONTENT="then" HPOS="1238" VPOS="2921" WIDTH="79" HEIGHT="75" STYLEREFS="font0"/></TextLine><TextLine WIDTH="1034" HEIGHT="81" ID="p474_t57" HPOS="284" VPOS="2968"><String ID="p474_w514" CONTENT="divide." HPOS="284" VPOS="2968" WIDTH="121" HEIGHT="75" STYLEREFS="font0"/><SP WIDTH="57" VPOS="2968" HPOS="405"/><String ID="p474_w515" CONTENT="Thus," HPOS="462" VPOS="2968" WIDTH="109" HEIGHT="75" STYLEREFS="font0"/><SP WIDTH="34" VPOS="2968" HPOS="571"/><String ID="p474_w516" CONTENT="to" HPOS="605" VPOS="2968" WIDTH="34" HEIGHT="75" STYLEREFS="font0"/><SP WIDTH="27" VPOS="2968" HPOS="639"/><String ID="p474_w517" CONTENT="divide" HPOS="666" VPOS="2968" WIDTH="107" HEIGHT="75" STYLEREFS="font0"/><SP WIDTH="29" VPOS="2968" HPOS="773"/><String ID="p474_w518" CONTENT="61." HPOS="802" VPOS="2968" WIDTH="57" HEIGHT="75" STYLEREFS="font0"/><SP WIDTH="26" VPOS="2968" HPOS="859"/><String ID="p474_w519" CONTENT="p^s." HPOS="885" VPOS="2968" WIDTH="84" HEIGHT="75" STYLEREFS="font0"/><SP WIDTH="26" VPOS="2968" HPOS="969"/><String ID="p474_w520" CONTENT="by" HPOS="995" VPOS="2968" WIDTH="46" HEIGHT="75" STYLEREFS="font0"/><SP WIDTH="19" VPOS="2968" HPOS="1041"/><String ID="p474_w521" CONTENT="4," HPOS="1060" VPOS="2968" WIDTH="37" HEIGHT="75" STYLEREFS="font0"/><SP WIDTH="24" VPOS="2968" HPOS="1097"/><String ID="p474_w522" CONTENT="fay" HPOS="1121" VPOS="2968" WIDTH="55" HEIGHT="75" STYLEREFS="font0"/><String ID="p474_w523" CONTENT="s" HPOS="1176" VPOS="3000" WIDTH="12" HEIGHT="49" STYLEREFS="font2"/><SP WIDTH="33" VPOS="3000" HPOS="1188"/><String ID="p474_w524" CONTENT="61\=" HPOS="1221" VPOS="2968" WIDTH="97" HEIGHT="75" STYLEREFS="font0"/></TextLine><TextLine WIDTH="1033" HEIGHT="75" ID="p474_t58" HPOS="283" VPOS="3001"><String ID="p474_w525" CONTENT="j$X20s.=" HPOS="283" VPOS="3019" WIDTH="201" HEIGHT="75" STYLEREFS="font0"/><SP WIDTH="14" VPOS="3019" HPOS="484"/><String ID="p474_w526" CONTENT="i2o;" HPOS="498" VPOS="3019" WIDTH="85" HEIGHT="75" STYLEREFS="font0"/><SP WIDTH="43" VPOS="3019" HPOS="583"/><String ID="p474_w527" CONTENT="and" HPOS="626" VPOS="3019" WIDTH="62" HEIGHT="75" STYLEREFS="font0"/><SP WIDTH="29" VPOS="3019" HPOS="688"/><String ID="p474_w528" CONTENT="120" HPOS="717" VPOS="3019" WIDTH="64" HEIGHT="75" STYLEREFS="font0"/><SP WIDTH="10" VPOS="3019" HPOS="781"/><String ID="p474_w529" CONTENT="+" HPOS="791" VPOS="3019" WIDTH="38" HEIGHT="75" STYLEREFS="font0"/><SP WIDTH="10" VPOS="3019" HPOS="829"/><String ID="p474_w530" CONTENT="9^=" HPOS="839" VPOS="3019" WIDTH="89" HEIGHT="75" STYLEREFS="font0"/><SP WIDTH="12" VPOS="3019" HPOS="928"/><String ID="p474_w531" CONTENT="i'&gt;9^s.=i^r" HPOS="940" VPOS="3019" WIDTH="237" HEIGHT="75" STYLEREFS="font0"/><String ID="p474_w532" CONTENT="9" HPOS="1177" VPOS="3001" WIDTH="10" HEIGHT="49" STYLEREFS="font1"/><String ID="p474_w533" CONTENT=";" HPOS="1187" VPOS="3019" WIDTH="26" HEIGHT="75" STYLEREFS="font0"/><SP WIDTH="40" VPOS="3019" HPOS="1213"/><String ID="p474_w534" CONTENT="and" HPOS="1253" VPOS="3019" WIDTH="63" HEIGHT="75" STYLEREFS="font0"/></TextLine><TextLine WIDTH="519" HEIGHT="75" ID="p474_t59" HPOS="457" VPOS="3068"><String ID="p474_w535" CONTENT="8-=mT" HPOS="457" VPOS="3086" WIDTH="184" HEIGHT="75" STYLEREFS="font0"/><String ID="p474_w536" CONTENT="s" HPOS="641" VPOS="3068" WIDTH="23" HEIGHT="49" STYLEREFS="font1"/><String ID="p474_w537" CONTENT="l|&gt;" HPOS="664" VPOS="3086" WIDTH="72" HEIGHT="75" STYLEREFS="font0"/><String ID="p474_w538" CONTENT="1" HPOS="736" VPOS="3068" WIDTH="17" HEIGHT="49" STYLEREFS="font1"/><String ID="p474_w539" CONTENT="&quot;" HPOS="753" VPOS="3086" WIDTH="8" HEIGHT="75" STYLEREFS="font0"/><String ID="p474_w540" CONTENT="-" HPOS="761" VPOS="3086" WIDTH="7" HEIGHT="75" STYLEREFS="font0"/><SP WIDTH="21" VPOS="3086" HPOS="768"/><String ID="p474_w541" CONTENT="14" HPOS="789" VPOS="3086" WIDTH="43" HEIGHT="75" STYLEREFS="font0"/><String ID="p474_w542" CONTENT="s" HPOS="832" VPOS="3068" WIDTH="24" HEIGHT="49" STYLEREFS="font1"/><String ID="p474_w543" CONTENT="-" HPOS="856" VPOS="3086" WIDTH="12" HEIGHT="75" STYLEREFS="font0"/><SP WIDTH="21" VPOS="3086" HPOS="868"/><String ID="p474_w544" CONTENT="7-fd." HPOS="889" VPOS="3086" WIDTH="87" HEIGHT="75" STYLEREFS="font0"/></TextLine><TextLine WIDTH="496" HEIGHT="75" ID="p474_t60" HPOS="1442" VPOS="169"><String ID="p474_w545" CONTENT="stick:." HPOS="1442" VPOS="169" WIDTH="496" HEIGHT="75" STYLEREFS="font0"/></TextLine><TextLine WIDTH="993" HEIGHT="75" ID="p474_t61" HPOS="1415" VPOS="241"><String ID="p474_w546" CONTENT="Or," HPOS="1415" VPOS="241" WIDTH="64" HEIGHT="75" STYLEREFS="font0"/><SP WIDTH="24" VPOS="241" HPOS="1479"/><String ID="p474_w547" CONTENT="Divide" HPOS="1503" VPOS="241" WIDTH="124" HEIGHT="75" STYLEREFS="font0"/><SP WIDTH="22" VPOS="241" HPOS="1627"/><String ID="p474_w548" CONTENT="the" HPOS="1649" VPOS="241" WIDTH="57" HEIGHT="75" STYLEREFS="font0"/><SP WIDTH="25" VPOS="241" HPOS="1706"/><String ID="p474_w549" CONTENT="giten" HPOS="1731" VPOS="241" WIDTH="93" HEIGHT="75" STYLEREFS="font0"/><SP WIDTH="24" VPOS="241" HPOS="1824"/><String ID="p474_w550" CONTENT="multiplicand" HPOS="1848" VPOS="241" WIDTH="222" HEIGHT="75" STYLEREFS="font0"/><SP WIDTH="17" VPOS="241" HPOS="2070"/><String ID="p474_w551" CONTENT="by" HPOS="2087" VPOS="241" WIDTH="44" HEIGHT="75" STYLEREFS="font0"/><SP WIDTH="16" VPOS="241" HPOS="2131"/><String ID="p474_w552" CONTENT="the" HPOS="2147" VPOS="241" WIDTH="55" HEIGHT="75" STYLEREFS="font0"/><SP WIDTH="20" VPOS="241" HPOS="2202"/><String ID="p474_w553" CONTENT="numerator" HPOS="2222" VPOS="241" WIDTH="186" HEIGHT="75" STYLEREFS="font0"/></TextLine><TextLine WIDTH="1039" HEIGHT="75" ID="p474_t62" HPOS="1369" VPOS="288"><String ID="p474_w554" CONTENT="cf" HPOS="1369" VPOS="288" WIDTH="39" HEIGHT="75" STYLEREFS="font0"/><SP WIDTH="11" VPOS="288" HPOS="1408"/><String ID="p474_w555" CONTENT="the" HPOS="1419" VPOS="288" WIDTH="56" HEIGHT="75" STYLEREFS="font0"/><SP WIDTH="23" VPOS="288" HPOS="1475"/><String ID="p474_w556" CONTENT="fradtion," HPOS="1498" VPOS="288" WIDTH="149" HEIGHT="75" STYLEREFS="font0"/><SP WIDTH="29" VPOS="288" HPOS="1647"/><String ID="p474_w557" CONTENT="and" HPOS="1676" VPOS="288" WIDTH="64" HEIGHT="75" STYLEREFS="font0"/><SP WIDTH="23" VPOS="288" HPOS="1740"/><String ID="p474_w558" CONTENT="miultiply" HPOS="1763" VPOS="288" WIDTH="155" HEIGHT="75" STYLEREFS="font0"/><SP WIDTH="22" VPOS="288" HPOS="1918"/><String ID="p474_w559" CONTENT="the" HPOS="1940" VPOS="288" WIDTH="57" HEIGHT="75" STYLEREFS="font0"/><SP WIDTH="23" VPOS="288" HPOS="1997"/><String ID="p474_w560" CONTENT="quot" HPOS="2020" VPOS="288" WIDTH="81" HEIGHT="75" STYLEREFS="font0"/><SP WIDTH="23" VPOS="288" HPOS="2101"/><String ID="p474_w561" CONTENT="by" HPOS="2124" VPOS="288" WIDTH="44" HEIGHT="75" STYLEREFS="font0"/><SP WIDTH="17" VPOS="288" HPOS="2168"/><String ID="p474_w562" CONTENT="the" HPOS="2185" VPOS="288" WIDTH="56" HEIGHT="75" STYLEREFS="font0"/><SP WIDTH="23" VPOS="288" HPOS="2241"/><String ID="p474_w563" CONTENT="denomi-" HPOS="2264" VPOS="288" WIDTH="144" HEIGHT="75" STYLEREFS="font0"/></TextLine><TextLine WIDTH="106" HEIGHT="75" ID="p474_t63" HPOS="1368" VPOS="335"><String ID="p474_w564" CONTENT="nator." HPOS="1368" VPOS="335" WIDTH="106" HEIGHT="75" STYLEREFS="font0"/></TextLine><TextLine WIDTH="7" HEIGHT="75" ID="p474_t64" HPOS="2019" VPOS="335"><String ID="p474_w565" CONTENT="&gt;" HPOS="2019" VPOS="335" WIDTH="7" HEIGHT="75" STYLEREFS="font0"/></TextLine><TextLine WIDTH="33" HEIGHT="75" ID="p474_t65" HPOS="2328" VPOS="335"><String ID="p474_w566" CONTENT="t," HPOS="2328" VPOS="335" WIDTH="33" HEIGHT="75" STYLEREFS="font0"/></TextLine><TextLine WIDTH="989" HEIGHT="75" ID="p474_t66" HPOS="1419" VPOS="383"><String ID="p474_w567" CONTENT="Exam*." HPOS="1419" VPOS="383" WIDTH="153" HEIGHT="75" STYLEREFS="font0"/><SP WIDTH="48" VPOS="383" HPOS="1572"/><String ID="p474_w568" CONTENT="Divide" HPOS="1620" VPOS="383" WIDTH="124" HEIGHT="75" STYLEREFS="font0"/><SP WIDTH="17" VPOS="383" HPOS="1744"/><String ID="p474_w569" CONTENT="L." HPOS="1761" VPOS="383" WIDTH="46" HEIGHT="75" STYLEREFS="font0"/><SP WIDTH="19" VPOS="383" HPOS="1807"/><String ID="p474_w570" CONTENT="276" HPOS="1826" VPOS="383" WIDTH="69" HEIGHT="75" STYLEREFS="font0"/><SP WIDTH="19" VPOS="383" HPOS="1895"/><String ID="p474_w571" CONTENT=":" HPOS="1914" VPOS="383" WIDTH="10" HEIGHT="75" STYLEREFS="font0"/><SP WIDTH="25" VPOS="383" HPOS="1924"/><String ID="p474_w572" CONTENT="16" HPOS="1949" VPOS="383" WIDTH="40" HEIGHT="75" STYLEREFS="font0"/><SP WIDTH="22" VPOS="383" HPOS="1989"/><String ID="p474_w573" CONTENT=":" HPOS="2011" VPOS="383" WIDTH="8" HEIGHT="75" STYLEREFS="font0"/><SP WIDTH="24" VPOS="383" HPOS="2019"/><String ID="p474_w574" CONTENT="8" HPOS="2043" VPOS="383" WIDTH="19" HEIGHT="75" STYLEREFS="font0"/><SP WIDTH="18" VPOS="383" HPOS="2062"/><String ID="p474_w575" CONTENT="among" HPOS="2080" VPOS="383" WIDTH="117" HEIGHT="75" STYLEREFS="font0"/><SP WIDTH="25" VPOS="383" HPOS="2197"/><String ID="p474_w576" CONTENT="four" HPOS="2222" VPOS="383" WIDTH="74" HEIGHT="75" STYLEREFS="font0"/><SP WIDTH="27" VPOS="383" HPOS="2296"/><String ID="p474_w577" CONTENT="men," HPOS="2323" VPOS="383" WIDTH="85" HEIGHT="75" STYLEREFS="font0"/></TextLine><TextLine WIDTH="1038" HEIGHT="75" ID="p474_t67" HPOS="1371" VPOS="430"><String ID="p474_w578" CONTENT="A," HPOS="1371" VPOS="430" WIDTH="46" HEIGHT="75" STYLEREFS="font0"/><SP WIDTH="26" VPOS="430" HPOS="1417"/><String ID="p474_w579" CONTENT="B," HPOS="1443" VPOS="430" WIDTH="42" HEIGHT="75" STYLEREFS="font0"/><SP WIDTH="26" VPOS="430" HPOS="1485"/><String ID="p474_w580" CONTENT="C," HPOS="1511" VPOS="430" WIDTH="44" HEIGHT="75" STYLEREFS="font0"/><SP WIDTH="27" VPOS="430" HPOS="1555"/><String ID="p474_w581" CONTENT="D," HPOS="1582" VPOS="430" WIDTH="48" HEIGHT="75" STYLEREFS="font0"/><SP WIDTH="26" VPOS="430" HPOS="1630"/><String ID="p474_w582" CONTENT="fo" HPOS="1656" VPOS="430" WIDTH="35" HEIGHT="75" STYLEREFS="font0"/><SP WIDTH="17" VPOS="430" HPOS="1691"/><String ID="p474_w583" CONTENT="that" HPOS="1708" VPOS="430" WIDTH="70" HEIGHT="75" STYLEREFS="font0"/><SP WIDTH="18" VPOS="430" HPOS="1778"/><String ID="p474_w584" CONTENT="A," HPOS="1796" VPOS="430" WIDTH="45" HEIGHT="75" STYLEREFS="font0"/><SP WIDTH="26" VPOS="430" HPOS="1841"/><String ID="p474_w585" CONTENT="B," HPOS="1867" VPOS="430" WIDTH="42" HEIGHT="75" STYLEREFS="font0"/><SP WIDTH="19" VPOS="430" HPOS="1909"/><String ID="p474_w586" CONTENT="C," HPOS="1928" VPOS="430" WIDTH="43" HEIGHT="75" STYLEREFS="font0"/><SP WIDTH="19" VPOS="430" HPOS="1971"/><String ID="p474_w587" CONTENT="may" HPOS="1990" VPOS="430" WIDTH="73" HEIGHT="75" STYLEREFS="font0"/><SP WIDTH="17" VPOS="430" HPOS="2063"/><String ID="p474_w588" CONTENT="have" HPOS="2080" VPOS="430" WIDTH="81" HEIGHT="75" STYLEREFS="font0"/><SP WIDTH="18" VPOS="430" HPOS="2161"/><String ID="p474_w589" CONTENT="equal" HPOS="2179" VPOS="430" WIDTH="95" HEIGHT="75" STYLEREFS="font0"/><SP WIDTH="17" VPOS="430" HPOS="2274"/><String ID="p474_w590" CONTENT="lhares," HPOS="2291" VPOS="430" WIDTH="118" HEIGHT="75" STYLEREFS="font0"/></TextLine><TextLine WIDTH="842" HEIGHT="75" ID="p474_t68" HPOS="1371" VPOS="477"><String ID="p474_w591" CONTENT="and" HPOS="1371" VPOS="477" WIDTH="63" HEIGHT="75" STYLEREFS="font0"/><SP WIDTH="15" VPOS="477" HPOS="1434"/><String ID="p474_w592" CONTENT="D" HPOS="1449" VPOS="477" WIDTH="36" HEIGHT="75" STYLEREFS="font0"/><SP WIDTH="17" VPOS="477" HPOS="1485"/><String ID="p474_w593" CONTENT="only" HPOS="1502" VPOS="477" WIDTH="78" HEIGHT="75" STYLEREFS="font0"/><SP WIDTH="15" VPOS="477" HPOS="1580"/><String ID="p474_w594" CONTENT="two" HPOS="1595" VPOS="477" WIDTH="67" HEIGHT="75" STYLEREFS="font0"/><SP WIDTH="15" VPOS="477" HPOS="1662"/><String ID="p474_w595" CONTENT="thirds" HPOS="1677" VPOS="477" WIDTH="111" HEIGHT="75" STYLEREFS="font0"/><SP WIDTH="12" VPOS="477" HPOS="1788"/><String ID="p474_w596" CONTENT="of" HPOS="1800" VPOS="477" WIDTH="42" HEIGHT="75" STYLEREFS="font0"/><SP WIDTH="19" VPOS="477" HPOS="1842"/><String ID="p474_w597" CONTENT="one" HPOS="1861" VPOS="477" WIDTH="61" HEIGHT="75" STYLEREFS="font0"/><SP WIDTH="13" VPOS="477" HPOS="1922"/><String ID="p474_w598" CONTENT="of" HPOS="1935" VPOS="477" WIDTH="39" HEIGHT="75" STYLEREFS="font0"/><SP WIDTH="18" VPOS="477" HPOS="1974"/><String ID="p474_w599" CONTENT="their" HPOS="1992" VPOS="477" WIDTH="86" HEIGHT="75" STYLEREFS="font0"/><SP WIDTH="16" VPOS="477" HPOS="2078"/><String ID="p474_w600" CONTENT="fhares." HPOS="2094" VPOS="477" WIDTH="119" HEIGHT="75" STYLEREFS="font0"/></TextLine><TextLine WIDTH="632" HEIGHT="75" ID="p474_t69" HPOS="1424" VPOS="526"><String ID="p474_w601" CONTENT="1" HPOS="1424" VPOS="526" WIDTH="12" HEIGHT="75" STYLEREFS="font0"/><SP WIDTH="12" VPOS="526" HPOS="1436"/><String ID="p474_w602" CONTENT="+" HPOS="1448" VPOS="526" WIDTH="38" HEIGHT="75" STYLEREFS="font0"/><SP WIDTH="12" VPOS="526" HPOS="1486"/><String ID="p474_w603" CONTENT="1" HPOS="1498" VPOS="526" WIDTH="11" HEIGHT="75" STYLEREFS="font0"/><SP WIDTH="13" VPOS="526" HPOS="1509"/><String ID="p474_w604" CONTENT="+" HPOS="1522" VPOS="526" WIDTH="38" HEIGHT="75" STYLEREFS="font0"/><SP WIDTH="12" VPOS="526" HPOS="1560"/><String ID="p474_w605" CONTENT="1" HPOS="1572" VPOS="526" WIDTH="12" HEIGHT="75" STYLEREFS="font0"/><SP WIDTH="12" VPOS="526" HPOS="1584"/><String ID="p474_w606" CONTENT="+y=-f-f-f+-!+!=44" HPOS="1596" VPOS="526" WIDTH="460" HEIGHT="75" STYLEREFS="font0"/></TextLine><TextLine WIDTH="465" HEIGHT="75" ID="p474_t70" HPOS="1513" VPOS="572"><String ID="p474_w607" CONTENT="L." HPOS="1513" VPOS="572" WIDTH="41" HEIGHT="75" STYLEREFS="font0"/><SP WIDTH="56" VPOS="572" HPOS="1554"/><String ID="p474_w608" CONTENT="s." HPOS="1610" VPOS="572" WIDTH="32" HEIGHT="75" STYLEREFS="font0"/><SP WIDTH="49" VPOS="572" HPOS="1642"/><String ID="p474_w609" CONTENT="d." HPOS="1691" VPOS="572" WIDTH="33" HEIGHT="75" STYLEREFS="font0"/><SP WIDTH="51" VPOS="572" HPOS="1724"/><String ID="p474_w610" CONTENT="L." HPOS="1775" VPOS="572" WIDTH="41" HEIGHT="75" STYLEREFS="font0"/><SP WIDTH="48" VPOS="572" HPOS="1816"/><String ID="p474_w611" CONTENT="s." HPOS="1864" VPOS="572" WIDTH="28" HEIGHT="75" STYLEREFS="font0"/><SP WIDTH="52" VPOS="572" HPOS="1892"/><String ID="p474_w612" CONTENT="d." HPOS="1944" VPOS="572" WIDTH="34" HEIGHT="75" STYLEREFS="font0"/></TextLine><TextLine WIDTH="204" HEIGHT="75" ID="p474_t71" HPOS="2111" VPOS="572"><String ID="p474_w613" CONTENT="L." HPOS="2111" VPOS="572" WIDTH="41" HEIGHT="75" STYLEREFS="font0"/><SP WIDTH="49" VPOS="572" HPOS="2152"/><String ID="p474_w614" CONTENT="s." HPOS="2201" VPOS="572" WIDTH="30" HEIGHT="75" STYLEREFS="font0"/><SP WIDTH="50" VPOS="572" HPOS="2231"/><String ID="p474_w615" CONTENT="d." HPOS="2281" VPOS="572" WIDTH="34" HEIGHT="75" STYLEREFS="font0"/></TextLine><TextLine WIDTH="965" HEIGHT="75" ID="p474_t72" HPOS="1421" VPOS="602"><String ID="p474_w616" CONTENT="11)276" HPOS="1421" VPOS="620" WIDTH="140" HEIGHT="75" STYLEREFS="font0"/><SP WIDTH="46" VPOS="620" HPOS="1561"/><String ID="p474_w617" CONTENT="16" HPOS="1607" VPOS="620" WIDTH="42" HEIGHT="75" STYLEREFS="font0"/><SP WIDTH="41" VPOS="620" HPOS="1649"/><String ID="p474_w618" CONTENT="8" HPOS="1690" VPOS="620" WIDTH="20" HEIGHT="75" STYLEREFS="font0"/><SP WIDTH="31" VPOS="620" HPOS="1710"/><String ID="p474_w619" CONTENT="(25" HPOS="1741" VPOS="620" WIDTH="69" HEIGHT="75" STYLEREFS="font0"/><SP WIDTH="53" VPOS="620" HPOS="1810"/><String ID="p474_w620" CONTENT="z" HPOS="1863" VPOS="620" WIDTH="21" HEIGHT="75" STYLEREFS="font0"/><SP WIDTH="56" VPOS="620" HPOS="1884"/><String ID="p474_w621" CONTENT="4X2—75" HPOS="1940" VPOS="620" WIDTH="207" HEIGHT="75" STYLEREFS="font0"/><SP WIDTH="55" VPOS="620" HPOS="2147"/><String ID="p474_w622" CONTENT="ro" HPOS="2202" VPOS="602" WIDTH="41" HEIGHT="49" STYLEREFS="font1"/><SP WIDTH="97" VPOS="602" HPOS="2243"/><String ID="p474_w623" CONTENT="A-" HPOS="2340" VPOS="620" WIDTH="46" HEIGHT="75" STYLEREFS="font0"/></TextLine><TextLine WIDTH="403" HEIGHT="75" ID="p474_t73" HPOS="1982" VPOS="667"><String ID="p474_w624" CONTENT="X3" HPOS="1982" VPOS="667" WIDTH="61" HEIGHT="75" STYLEREFS="font0"/><SP WIDTH="14" VPOS="667" HPOS="2043"/><String ID="p474_w625" CONTENT="=" HPOS="2057" VPOS="667" WIDTH="37" HEIGHT="75" STYLEREFS="font0"/><SP WIDTH="13" VPOS="667" HPOS="2094"/><String ID="p474_w626" CONTENT="75" HPOS="2107" VPOS="667" WIDTH="40" HEIGHT="75" STYLEREFS="font0"/><SP WIDTH="57" VPOS="667" HPOS="2147"/><String ID="p474_w627" CONTENT="10" HPOS="2204" VPOS="667" WIDTH="44" HEIGHT="75" STYLEREFS="font0"/><SP WIDTH="93" VPOS="667" HPOS="2248"/><String ID="p474_w628" CONTENT="B." HPOS="2341" VPOS="667" WIDTH="44" HEIGHT="75" STYLEREFS="font0"/></TextLine><TextLine WIDTH="406" HEIGHT="75" ID="p474_t74" HPOS="1982" VPOS="718"><String ID="p474_w629" CONTENT="X" HPOS="1982" VPOS="718" WIDTH="31" HEIGHT="75" STYLEREFS="font0"/><SP WIDTH="15" VPOS="718" HPOS="2013"/><String ID="p474_w630" CONTENT="3" HPOS="2028" VPOS="718" WIDTH="17" HEIGHT="75" STYLEREFS="font0"/><SP WIDTH="14" VPOS="718" HPOS="2045"/><String ID="p474_w631" CONTENT="=" HPOS="2059" VPOS="718" WIDTH="40" HEIGHT="75" STYLEREFS="font0"/><SP WIDTH="10" VPOS="718" HPOS="2099"/><String ID="p474_w632" CONTENT="75" HPOS="2109" VPOS="718" WIDTH="40" HEIGHT="75" STYLEREFS="font0"/><SP WIDTH="56" VPOS="718" HPOS="2149"/><String ID="p474_w633" CONTENT="ia" HPOS="2205" VPOS="718" WIDTH="45" HEIGHT="75" STYLEREFS="font0"/><SP WIDTH="94" VPOS="718" HPOS="2250"/><String ID="p474_w634" CONTENT="G." HPOS="2344" VPOS="718" WIDTH="44" HEIGHT="75" STYLEREFS="font0"/></TextLine><TextLine WIDTH="412" HEIGHT="75" ID="p474_t75" HPOS="1979" VPOS="762"><String ID="p474_w635" CONTENT="X" HPOS="1979" VPOS="762" WIDTH="29" HEIGHT="75" STYLEREFS="font0"/><SP WIDTH="14" VPOS="762" HPOS="2008"/><String ID="p474_w636" CONTENT="2" HPOS="2022" VPOS="762" WIDTH="19" HEIGHT="75" STYLEREFS="font0"/><SP WIDTH="14" VPOS="762" HPOS="2041"/><String ID="p474_w637" CONTENT="=" HPOS="2055" VPOS="762" WIDTH="37" HEIGHT="75" STYLEREFS="font0"/><SP WIDTH="14" VPOS="762" HPOS="2092"/><String ID="p474_w638" CONTENT="50" HPOS="2106" VPOS="762" WIDTH="42" HEIGHT="75" STYLEREFS="font0"/><SP WIDTH="73" VPOS="762" HPOS="2148"/><String ID="p474_w639" CONTENT="6" HPOS="2221" VPOS="762" WIDTH="23" HEIGHT="75" STYLEREFS="font0"/><SP WIDTH="49" VPOS="762" HPOS="2244"/><String ID="p474_w640" CONTENT="8" HPOS="2293" VPOS="762" WIDTH="21" HEIGHT="75" STYLEREFS="font0"/><SP WIDTH="26" VPOS="762" HPOS="2314"/><String ID="p474_w641" CONTENT="D." HPOS="2340" VPOS="762" WIDTH="51" HEIGHT="75" STYLEREFS="font0"/></TextLine><TextLine WIDTH="389" HEIGHT="75" ID="p474_t76" HPOS="1927" VPOS="853"><String ID="p474_w642" CONTENT="Proof" HPOS="1927" VPOS="853" WIDTH="109" HEIGHT="75" STYLEREFS="font0"/><SP WIDTH="43" VPOS="853" HPOS="2036"/><String ID="p474_w643" CONTENT="376" HPOS="2079" VPOS="853" WIDTH="70" HEIGHT="75" STYLEREFS="font0"/><SP WIDTH="54" VPOS="853" HPOS="2149"/><String ID="p474_w644" CONTENT="16" HPOS="2203" VPOS="853" WIDTH="43" HEIGHT="75" STYLEREFS="font0"/><SP WIDTH="48" VPOS="853" HPOS="2246"/><String ID="p474_w645" CONTENT="8" HPOS="2294" VPOS="853" WIDTH="22" HEIGHT="75" STYLEREFS="font0"/></TextLine><TextLine WIDTH="997" HEIGHT="75" ID="p474_t77" HPOS="1417" VPOS="901"><String ID="p474_w646" CONTENT="The" HPOS="1417" VPOS="901" WIDTH="77" HEIGHT="75" STYLEREFS="font0"/><SP WIDTH="27" VPOS="901" HPOS="1494"/><String ID="p474_w647" CONTENT="reafon" HPOS="1521" VPOS="901" WIDTH="109" HEIGHT="75" STYLEREFS="font0"/><SP WIDTH="28" VPOS="901" HPOS="1630"/><String ID="p474_w648" CONTENT="of" HPOS="1658" VPOS="901" WIDTH="42" HEIGHT="75" STYLEREFS="font0"/><SP WIDTH="20" VPOS="901" HPOS="1700"/><String ID="p474_w649" CONTENT="the" HPOS="1720" VPOS="901" WIDTH="57" HEIGHT="75" STYLEREFS="font0"/><SP WIDTH="28" VPOS="901" HPOS="1777"/><String ID="p474_w650" CONTENT="rule" HPOS="1805" VPOS="901" WIDTH="69" HEIGHT="75" STYLEREFS="font0"/><SP WIDTH="23" VPOS="901" HPOS="1874"/><String ID="p474_w651" CONTENT="will" HPOS="1897" VPOS="901" WIDTH="68" HEIGHT="75" STYLEREFS="font0"/><SP WIDTH="29" VPOS="901" HPOS="1965"/><String ID="p474_w652" CONTENT="appear" HPOS="1994" VPOS="901" WIDTH="116" HEIGHT="75" STYLEREFS="font0"/><SP WIDTH="23" VPOS="901" HPOS="2110"/><String ID="p474_w653" CONTENT="by*" HPOS="2133" VPOS="901" WIDTH="47" HEIGHT="75" STYLEREFS="font0"/><SP WIDTH="22" VPOS="901" HPOS="2180"/><String ID="p474_w654" CONTENT="confiderirvg," HPOS="2202" VPOS="901" WIDTH="212" HEIGHT="75" STYLEREFS="font0"/></TextLine><TextLine WIDTH="1040" HEIGHT="75" ID="p474_t78" HPOS="1371" VPOS="947"><String ID="p474_w655" CONTENT="that" HPOS="1371" VPOS="947" WIDTH="70" HEIGHT="75" STYLEREFS="font0"/><SP WIDTH="17" VPOS="947" HPOS="1441"/><String ID="p474_w656" CONTENT="the" HPOS="1458" VPOS="947" WIDTH="56" HEIGHT="75" STYLEREFS="font0"/><SP WIDTH="16" VPOS="947" HPOS="1514"/><String ID="p474_w657" CONTENT="method" HPOS="1530" VPOS="947" WIDTH="133" HEIGHT="75" STYLEREFS="font0"/><SP WIDTH="16" VPOS="947" HPOS="1663"/><String ID="p474_w658" CONTENT="here" HPOS="1679" VPOS="947" WIDTH="78" HEIGHT="75" STYLEREFS="font0"/><SP WIDTH="23" VPOS="947" HPOS="1757"/><String ID="p474_w659" CONTENT="ufed" HPOS="1780" VPOS="947" WIDTH="77" HEIGHT="75" STYLEREFS="font0"/><SP WIDTH="26" VPOS="947" HPOS="1857"/><String ID="p474_w660" CONTENT="is" HPOS="1883" VPOS="947" WIDTH="27" HEIGHT="75" STYLEREFS="font0"/><SP WIDTH="17" VPOS="947" HPOS="1910"/><String ID="p474_w661" CONTENT="nothing" HPOS="1927" VPOS="947" WIDTH="135" HEIGHT="75" STYLEREFS="font0"/><SP WIDTH="17" VPOS="947" HPOS="2062"/><String ID="p474_w662" CONTENT="elfe" HPOS="2079" VPOS="947" WIDTH="64" HEIGHT="75" STYLEREFS="font0"/><SP WIDTH="25" VPOS="947" HPOS="2143"/><String ID="p474_w663" CONTENT="but" HPOS="2168" VPOS="947" WIDTH="60" HEIGHT="75" STYLEREFS="font0"/><SP WIDTH="16" VPOS="947" HPOS="2228"/><String ID="p474_w664" CONTENT="the" HPOS="2244" VPOS="947" WIDTH="56" HEIGHT="75" STYLEREFS="font0"/><SP WIDTH="16" VPOS="947" HPOS="2300"/><String ID="p474_w665" CONTENT="redu-" HPOS="2316" VPOS="947" WIDTH="95" HEIGHT="75" STYLEREFS="font0"/></TextLine><TextLine WIDTH="1042" HEIGHT="75" ID="p474_t79" HPOS="1370" VPOS="994"><String ID="p474_w666" CONTENT="cing" HPOS="1370" VPOS="994" WIDTH="73" HEIGHT="75" STYLEREFS="font0"/><SP WIDTH="14" VPOS="994" HPOS="1443"/><String ID="p474_w667" CONTENT="the" HPOS="1457" VPOS="994" WIDTH="56" HEIGHT="75" STYLEREFS="font0"/><SP WIDTH="16" VPOS="994" HPOS="1513"/><String ID="p474_w668" CONTENT="divifor" HPOS="1529" VPOS="994" WIDTH="117" HEIGHT="75" STYLEREFS="font0"/><SP WIDTH="16" VPOS="994" HPOS="1646"/><String ID="p474_w669" CONTENT="and" HPOS="1662" VPOS="994" WIDTH="63" HEIGHT="75" STYLEREFS="font0"/><SP WIDTH="16" VPOS="994" HPOS="1725"/><String ID="p474_w670" CONTENT="dividend" HPOS="1741" VPOS="994" WIDTH="154" HEIGHT="75" STYLEREFS="font0"/><SP WIDTH="21" VPOS="994" HPOS="1895"/><String ID="p474_w671" CONTENT="to" HPOS="1916" VPOS="994" WIDTH="38" HEIGHT="75" STYLEREFS="font0"/><SP WIDTH="15" VPOS="994" HPOS="1954"/><String ID="p474_w672" CONTENT="a" HPOS="1969" VPOS="994" WIDTH="19" HEIGHT="75" STYLEREFS="font0"/><SP WIDTH="16" VPOS="994" HPOS="1988"/><String ID="p474_w673" CONTENT="common" HPOS="2004" VPOS="994" WIDTH="149" HEIGHT="75" STYLEREFS="font0"/><SP WIDTH="19" VPOS="994" HPOS="2153"/><String ID="p474_w674" CONTENT="denominator," HPOS="2172" VPOS="994" WIDTH="240" HEIGHT="75" STYLEREFS="font0"/></TextLine><TextLine WIDTH="1041" HEIGHT="75" ID="p474_t80" HPOS="1371" VPOS="1041"><String ID="p474_w675" CONTENT="and" HPOS="1371" VPOS="1041" WIDTH="62" HEIGHT="75" STYLEREFS="font0"/><SP WIDTH="18" VPOS="1041" HPOS="1433"/><String ID="p474_w676" CONTENT="then" HPOS="1451" VPOS="1041" WIDTH="77" HEIGHT="75" STYLEREFS="font0"/><SP WIDTH="12" VPOS="1041" HPOS="1528"/><String ID="p474_w677" CONTENT="dividing" HPOS="1540" VPOS="1041" WIDTH="144" HEIGHT="75" STYLEREFS="font0"/><SP WIDTH="12" VPOS="1041" HPOS="1684"/><String ID="p474_w678" CONTENT="the" HPOS="1696" VPOS="1041" WIDTH="56" HEIGHT="75" STYLEREFS="font0"/><SP WIDTH="13" VPOS="1041" HPOS="1752"/><String ID="p474_w679" CONTENT="one" HPOS="1765" VPOS="1041" WIDTH="60" HEIGHT="75" STYLEREFS="font0"/><SP WIDTH="14" VPOS="1041" HPOS="1825"/><String ID="p474_w680" CONTENT="numerator" HPOS="1839" VPOS="1041" WIDTH="185" HEIGHT="75" STYLEREFS="font0"/><SP WIDTH="11" VPOS="1041" HPOS="2024"/><String ID="p474_w681" CONTENT="by" HPOS="2035" VPOS="1041" WIDTH="43" HEIGHT="75" STYLEREFS="font0"/><SP WIDTH="11" VPOS="1041" HPOS="2078"/><String ID="p474_w682" CONTENT="the" HPOS="2089" VPOS="1041" WIDTH="57" HEIGHT="75" STYLEREFS="font0"/><SP WIDTH="12" VPOS="1041" HPOS="2146"/><String ID="p474_w683" CONTENT="other." HPOS="2158" VPOS="1041" WIDTH="108" HEIGHT="75" STYLEREFS="font0"/><SP WIDTH="34" VPOS="1041" HPOS="2266"/><String ID="p474_w684" CONTENT="Thus," HPOS="2300" VPOS="1041" WIDTH="112" HEIGHT="75" STYLEREFS="font0"/></TextLine><TextLine WIDTH="1042" HEIGHT="104" ID="p474_t81" HPOS="1369" VPOS="1075"><String ID="p474_w685" CONTENT="■" HPOS="1369" VPOS="1075" WIDTH="4" HEIGHT="104" STYLEREFS="font4"/><String ID="p474_w686" CONTENT="i)" HPOS="1373" VPOS="1101" WIDTH="35" HEIGHT="75" STYLEREFS="font0"/><SP WIDTH="18" VPOS="1101" HPOS="1408"/><String ID="p474_w687" CONTENT="T" HPOS="1426" VPOS="1101" WIDTH="26" HEIGHT="75" STYLEREFS="font0"/><SP WIDTH="17" VPOS="1101" HPOS="1452"/><String ID="p474_w688" CONTENT="(l'" HPOS="1469" VPOS="1101" WIDTH="30" HEIGHT="75" STYLEREFS="font0"/><String ID="p474_w689" CONTENT="&gt;" HPOS="1499" VPOS="1101" WIDTH="22" HEIGHT="75" STYLEREFS="font0"/><SP WIDTH="25" VPOS="1101" HPOS="1521"/><String ID="p474_w690" CONTENT="^o" HPOS="1546" VPOS="1101" WIDTH="40" HEIGHT="75" STYLEREFS="font0"/><String ID="p474_w691" CONTENT="r" HPOS="1586" VPOS="1083" WIDTH="13" HEIGHT="49" STYLEREFS="font1"/><SP WIDTH="16" VPOS="1083" HPOS="1599"/><String ID="p474_w692" CONTENT="re^uc" HPOS="1615" VPOS="1083" WIDTH="98" HEIGHT="49" STYLEREFS="font1"/><String ID="p474_w693" CONTENT="i" HPOS="1713" VPOS="1101" WIDTH="12" HEIGHT="75" STYLEREFS="font0"/><String ID="p474_w694" CONTENT="n" HPOS="1725" VPOS="1083" WIDTH="21" HEIGHT="49" STYLEREFS="font1"/><String ID="p474_w695" CONTENT="g" HPOS="1746" VPOS="1101" WIDTH="23" HEIGHT="75" STYLEREFS="font0"/><SP WIDTH="16" VPOS="1101" HPOS="1769"/><String ID="p474_w696" CONTENT="the" HPOS="1785" VPOS="1101" WIDTH="56" HEIGHT="75" STYLEREFS="font0"/><SP WIDTH="12" VPOS="1101" HPOS="1841"/><String ID="p474_w697" CONTENT="divifor" HPOS="1853" VPOS="1101" WIDTH="119" HEIGHT="75" STYLEREFS="font0"/><SP WIDTH="15" VPOS="1101" HPOS="1972"/><String ID="p474_w698" CONTENT="and" HPOS="1987" VPOS="1101" WIDTH="62" HEIGHT="75" STYLEREFS="font0"/><SP WIDTH="17" VPOS="1101" HPOS="2049"/><String ID="p474_w699" CONTENT="dividend" HPOS="2066" VPOS="1101" WIDTH="153" HEIGHT="75" STYLEREFS="font0"/><SP WIDTH="16" VPOS="1101" HPOS="2219"/><String ID="p474_w700" CONTENT="to" HPOS="2235" VPOS="1101" WIDTH="36" HEIGHT="75" STYLEREFS="font0"/><SP WIDTH="17" VPOS="1101" HPOS="2271"/><String ID="p474_w701" CONTENT="a" HPOS="2288" VPOS="1101" WIDTH="19" HEIGHT="75" STYLEREFS="font0"/><SP WIDTH="16" VPOS="1101" HPOS="2307"/><String ID="p474_w702" CONTENT="com-" HPOS="2323" VPOS="1101" WIDTH="88" HEIGHT="75" STYLEREFS="font0"/></TextLine><TextLine WIDTH="743" HEIGHT="81" ID="p474_t82" HPOS="1370" VPOS="1135"><String ID="p474_w703" CONTENT="mon" HPOS="1370" VPOS="1135" WIDTH="75" HEIGHT="75" STYLEREFS="font0"/><SP WIDTH="17" VPOS="1135" HPOS="1445"/><String ID="p474_w704" CONTENT="denominator," HPOS="1462" VPOS="1135" WIDTH="236" HEIGHT="75" STYLEREFS="font0"/><SP WIDTH="26" VPOS="1135" HPOS="1698"/><String ID="p474_w705" CONTENT="we" HPOS="1724" VPOS="1135" WIDTH="48" HEIGHT="75" STYLEREFS="font0"/><SP WIDTH="16" VPOS="1135" HPOS="1772"/><String ID="p474_w706" CONTENT="have" HPOS="1788" VPOS="1135" WIDTH="82" HEIGHT="75" STYLEREFS="font0"/><SP WIDTH="16" VPOS="1135" HPOS="1870"/><String ID="p474_w707" CONTENT="y?" HPOS="1886" VPOS="1135" WIDTH="34" HEIGHT="75" STYLEREFS="font0"/><String ID="p474_w708" CONTENT="r" HPOS="1920" VPOS="1167" WIDTH="14" HEIGHT="49" STYLEREFS="font2"/><String ID="p474_w709" CONTENT=")" HPOS="1934" VPOS="1135" WIDTH="15" HEIGHT="75" STYLEREFS="font0"/><SP WIDTH="15" VPOS="1135" HPOS="1949"/><String ID="p474_w710" CONTENT="-A" HPOS="1964" VPOS="1135" WIDTH="47" HEIGHT="75" STYLEREFS="font0"/><SP WIDTH="15" VPOS="1135" HPOS="2011"/><String ID="p474_w711" CONTENT="(=|." HPOS="2026" VPOS="1135" WIDTH="87" HEIGHT="75" STYLEREFS="font0"/></TextLine><TextLine WIDTH="998" HEIGHT="75" ID="p474_t83" HPOS="1416" VPOS="1183"><String ID="p474_w712" CONTENT="The" HPOS="1416" VPOS="1183" WIDTH="77" HEIGHT="75" STYLEREFS="font0"/><SP WIDTH="16" VPOS="1183" HPOS="1493"/><String ID="p474_w713" CONTENT="truth" HPOS="1509" VPOS="1183" WIDTH="91" HEIGHT="75" STYLEREFS="font0"/><SP WIDTH="17" VPOS="1183" HPOS="1600"/><String ID="p474_w714" CONTENT="of" HPOS="1617" VPOS="1183" WIDTH="40" HEIGHT="75" STYLEREFS="font0"/><SP WIDTH="12" VPOS="1183" HPOS="1657"/><String ID="p474_w715" CONTENT="the" HPOS="1669" VPOS="1183" WIDTH="56" HEIGHT="75" STYLEREFS="font0"/><SP WIDTH="18" VPOS="1183" HPOS="1725"/><String ID="p474_w716" CONTENT="rule" HPOS="1743" VPOS="1183" WIDTH="69" HEIGHT="75" STYLEREFS="font0"/><SP WIDTH="16" VPOS="1183" HPOS="1812"/><String ID="p474_w717" CONTENT="may" HPOS="1828" VPOS="1183" WIDTH="74" HEIGHT="75" STYLEREFS="font0"/><SP WIDTH="17" VPOS="1183" HPOS="1902"/><String ID="p474_w718" CONTENT="alfo" HPOS="1919" VPOS="1183" WIDTH="65" HEIGHT="75" STYLEREFS="font0"/><SP WIDTH="16" VPOS="1183" HPOS="1984"/><String ID="p474_w719" CONTENT="be" HPOS="2000" VPOS="1183" WIDTH="40" HEIGHT="75" STYLEREFS="font0"/><SP WIDTH="18" VPOS="1183" HPOS="2040"/><String ID="p474_w720" CONTENT="proved" HPOS="2058" VPOS="1183" WIDTH="123" HEIGHT="75" STYLEREFS="font0"/><SP WIDTH="18" VPOS="1183" HPOS="2181"/><String ID="p474_w721" CONTENT="by" HPOS="2199" VPOS="1183" WIDTH="45" HEIGHT="75" STYLEREFS="font0"/><SP WIDTH="16" VPOS="1183" HPOS="2244"/><String ID="p474_w722" CONTENT="afluming" HPOS="2260" VPOS="1183" WIDTH="154" HEIGHT="75" STYLEREFS="font0"/></TextLine><TextLine WIDTH="1044" HEIGHT="75" ID="p474_t84" HPOS="1369" VPOS="1228"><String ID="p474_w723" CONTENT="two" HPOS="1369" VPOS="1228" WIDTH="66" HEIGHT="75" STYLEREFS="font0"/><SP WIDTH="16" VPOS="1228" HPOS="1435"/><String ID="p474_w724" CONTENT="fradlions" HPOS="1451" VPOS="1228" WIDTH="152" HEIGHT="75" STYLEREFS="font0"/><SP WIDTH="17" VPOS="1228" HPOS="1603"/><String ID="p474_w725" CONTENT="equal" HPOS="1620" VPOS="1228" WIDTH="96" HEIGHT="75" STYLEREFS="font0"/><SP WIDTH="16" VPOS="1228" HPOS="1716"/><String ID="p474_w726" CONTENT="to" HPOS="1732" VPOS="1228" WIDTH="36" HEIGHT="75" STYLEREFS="font0"/><SP WIDTH="24" VPOS="1228" HPOS="1768"/><String ID="p474_w727" CONTENT="two" HPOS="1792" VPOS="1228" WIDTH="67" HEIGHT="75" STYLEREFS="font0"/><SP WIDTH="22" VPOS="1228" HPOS="1859"/><String ID="p474_w728" CONTENT="integers," HPOS="1881" VPOS="1228" WIDTH="155" HEIGHT="75" STYLEREFS="font0"/><SP WIDTH="25" VPOS="1228" HPOS="2036"/><String ID="p474_w729" CONTENT="fuch" HPOS="2061" VPOS="1228" WIDTH="76" HEIGHT="75" STYLEREFS="font0"/><SP WIDTH="16" VPOS="1228" HPOS="2137"/><String ID="p474_w730" CONTENT="as," HPOS="2153" VPOS="1228" WIDTH="47" HEIGHT="75" STYLEREFS="font0"/><SP WIDTH="28" VPOS="1228" HPOS="2200"/><String ID="p474_w731" CONTENT="-f-" HPOS="2228" VPOS="1228" WIDTH="27" HEIGHT="75" STYLEREFS="font0"/><SP WIDTH="16" VPOS="1228" HPOS="2255"/><String ID="p474_w732" CONTENT="and" HPOS="2271" VPOS="1228" WIDTH="64" HEIGHT="75" STYLEREFS="font0"/><SP WIDTH="21" VPOS="1228" HPOS="2335"/><String ID="p474_w733" CONTENT="^," HPOS="2356" VPOS="1228" WIDTH="57" HEIGHT="75" STYLEREFS="font0"/></TextLine><TextLine WIDTH="1043" HEIGHT="75" ID="p474_t85" HPOS="1369" VPOS="1275"><String ID="p474_w734" CONTENT="equal" HPOS="1369" VPOS="1275" WIDTH="94" HEIGHT="75" STYLEREFS="font0"/><SP WIDTH="19" VPOS="1275" HPOS="1463"/><String ID="p474_w735" CONTENT="to" HPOS="1482" VPOS="1275" WIDTH="34" HEIGHT="75" STYLEREFS="font0"/><SP WIDTH="18" VPOS="1275" HPOS="1516"/><String ID="p474_w736" CONTENT="2" HPOS="1534" VPOS="1275" WIDTH="18" HEIGHT="75" STYLEREFS="font0"/><SP WIDTH="20" VPOS="1275" HPOS="1552"/><String ID="p474_w737" CONTENT="and" HPOS="1572" VPOS="1275" WIDTH="63" HEIGHT="75" STYLEREFS="font0"/><SP WIDTH="17" VPOS="1275" HPOS="1635"/><String ID="p474_w738" CONTENT="4," HPOS="1652" VPOS="1275" WIDTH="34" HEIGHT="75" STYLEREFS="font0"/><SP WIDTH="26" VPOS="1275" HPOS="1686"/><String ID="p474_w739" CONTENT="and" HPOS="1712" VPOS="1275" WIDTH="63" HEIGHT="75" STYLEREFS="font0"/><SP WIDTH="24" VPOS="1275" HPOS="1775"/><String ID="p474_w740" CONTENT="the" HPOS="1799" VPOS="1275" WIDTH="56" HEIGHT="75" STYLEREFS="font0"/><SP WIDTH="24" VPOS="1275" HPOS="1855"/><String ID="p474_w741" CONTENT="quot" HPOS="1879" VPOS="1275" WIDTH="81" HEIGHT="75" STYLEREFS="font0"/><SP WIDTH="17" VPOS="1275" HPOS="1960"/><String ID="p474_w742" CONTENT="of" HPOS="1977" VPOS="1275" WIDTH="41" HEIGHT="75" STYLEREFS="font0"/><SP WIDTH="18" VPOS="1275" HPOS="2018"/><String ID="p474_w743" CONTENT="the" HPOS="2036" VPOS="1275" WIDTH="56" HEIGHT="75" STYLEREFS="font0"/><SP WIDTH="24" VPOS="1275" HPOS="2092"/><String ID="p474_w744" CONTENT="fradions" HPOS="2116" VPOS="1275" WIDTH="152" HEIGHT="75" STYLEREFS="font0"/><SP WIDTH="17" VPOS="1275" HPOS="2268"/><String ID="p474_w745" CONTENT="will" HPOS="2285" VPOS="1275" WIDTH="67" HEIGHT="75" STYLEREFS="font0"/><SP WIDTH="20" VPOS="1275" HPOS="2352"/><String ID="p474_w746" CONTENT="be" HPOS="2372" VPOS="1275" WIDTH="40" HEIGHT="75" STYLEREFS="font0"/></TextLine><TextLine WIDTH="1046" HEIGHT="75" ID="p474_t86" HPOS="1369" VPOS="1322"><String ID="p474_w747" CONTENT="equal" HPOS="1369" VPOS="1322" WIDTH="95" HEIGHT="75" STYLEREFS="font0"/><SP WIDTH="18" VPOS="1322" HPOS="1464"/><String ID="p474_w748" CONTENT="to" HPOS="1482" VPOS="1322" WIDTH="36" HEIGHT="75" STYLEREFS="font0"/><SP WIDTH="16" VPOS="1322" HPOS="1518"/><String ID="p474_w749" CONTENT="the" HPOS="1534" VPOS="1322" WIDTH="56" HEIGHT="75" STYLEREFS="font0"/><SP WIDTH="22" VPOS="1322" HPOS="1590"/><String ID="p474_w750" CONTENT="quot" HPOS="1612" VPOS="1322" WIDTH="81" HEIGHT="75" STYLEREFS="font0"/><SP WIDTH="20" VPOS="1322" HPOS="1693"/><String ID="p474_w751" CONTENT="of" HPOS="1713" VPOS="1322" WIDTH="40" HEIGHT="75" STYLEREFS="font0"/><SP WIDTH="18" VPOS="1322" HPOS="1753"/><String ID="p474_w752" CONTENT="the" HPOS="1771" VPOS="1322" WIDTH="57" HEIGHT="75" STYLEREFS="font0"/><SP WIDTH="23" VPOS="1322" HPOS="1828"/><String ID="p474_w753" CONTENT="integers." HPOS="1851" VPOS="1322" WIDTH="154" HEIGHT="75" STYLEREFS="font0"/><SP WIDTH="48" VPOS="1322" HPOS="2005"/><String ID="p474_w754" CONTENT="Thus," HPOS="2053" VPOS="1322" WIDTH="111" HEIGHT="75" STYLEREFS="font0"/><SP WIDTH="23" VPOS="1322" HPOS="2164"/><String ID="p474_w755" CONTENT="|-)" HPOS="2187" VPOS="1322" WIDTH="41" HEIGHT="75" STYLEREFS="font0"/><SP WIDTH="86" VPOS="1322" HPOS="2228"/><String ID="p474_w756" CONTENT="(4!;=" HPOS="2314" VPOS="1322" WIDTH="101" HEIGHT="75" STYLEREFS="font0"/></TextLine><TextLine WIDTH="271" HEIGHT="75" ID="p474_t87" HPOS="1372" VPOS="1372"><String ID="p474_w757" CONTENT="2," HPOS="1372" VPOS="1372" WIDTH="32" HEIGHT="75" STYLEREFS="font0"/><SP WIDTH="27" VPOS="1372" HPOS="1404"/><String ID="p474_w758" CONTENT="and" HPOS="1431" VPOS="1372" WIDTH="62" HEIGHT="75" STYLEREFS="font0"/><SP WIDTH="18" VPOS="1372" HPOS="1493"/><String ID="p474_w759" CONTENT="2)4(2." HPOS="1511" VPOS="1372" WIDTH="132" HEIGHT="75" STYLEREFS="font0"/></TextLine><TextLine WIDTH="877" HEIGHT="75" ID="p474_t88" HPOS="1453" VPOS="1474"><String ID="p474_w760" CONTENT="The" HPOS="1453" VPOS="1474" WIDTH="67" HEIGHT="75" STYLEREFS="font0"/><SP WIDTH="16" VPOS="1474" HPOS="1520"/><String ID="p474_w761" CONTENT="Simple" HPOS="1536" VPOS="1474" WIDTH="124" HEIGHT="75" STYLEREFS="font0"/><SP WIDTH="19" VPOS="1474" HPOS="1660"/><String ID="p474_w762" CONTENT="Rule" HPOS="1679" VPOS="1474" WIDTH="84" HEIGHT="75" STYLEREFS="font0"/><SP WIDTH="17" VPOS="1474" HPOS="1763"/><String ID="p474_w763" CONTENT="of" HPOS="1780" VPOS="1474" WIDTH="44" HEIGHT="75" STYLEREFS="font0"/><SP WIDTH="6" VPOS="1474" HPOS="1824"/><String ID="p474_w764" CONTENT="Three" HPOS="1830" VPOS="1474" WIDTH="104" HEIGHT="75" STYLEREFS="font0"/><SP WIDTH="16" VPOS="1474" HPOS="1934"/><String ID="p474_w765" CONTENT="in" HPOS="1950" VPOS="1474" WIDTH="36" HEIGHT="75" STYLEREFS="font0"/><SP WIDTH="16" VPOS="1474" HPOS="1986"/><String ID="p474_w766" CONTENT="Vulgar" HPOS="2002" VPOS="1474" WIDTH="128" HEIGHT="75" STYLEREFS="font0"/><SP WIDTH="17" VPOS="1474" HPOS="2130"/><String ID="p474_w767" CONTENT="Fraflions." HPOS="2147" VPOS="1474" WIDTH="183" HEIGHT="75" STYLEREFS="font0"/></TextLine><TextLine WIDTH="994" HEIGHT="75" ID="p474_t89" HPOS="1418" VPOS="1555"><String ID="p474_w768" CONTENT="The" HPOS="1418" VPOS="1555" WIDTH="77" HEIGHT="75" STYLEREFS="font0"/><SP WIDTH="16" VPOS="1555" HPOS="1495"/><String ID="p474_w769" CONTENT="queftion" HPOS="1511" VPOS="1555" WIDTH="144" HEIGHT="75" STYLEREFS="font0"/><SP WIDTH="17" VPOS="1555" HPOS="1655"/><String ID="p474_w770" CONTENT="is" HPOS="1672" VPOS="1555" WIDTH="26" HEIGHT="75" STYLEREFS="font0"/><SP WIDTH="17" VPOS="1555" HPOS="1698"/><String ID="p474_w771" CONTENT="ftafed" HPOS="1715" VPOS="1555" WIDTH="102" HEIGHT="75" STYLEREFS="font0"/><SP WIDTH="16" VPOS="1555" HPOS="1817"/><String ID="p474_w772" CONTENT="as" HPOS="1833" VPOS="1555" WIDTH="34" HEIGHT="75" STYLEREFS="font0"/><SP WIDTH="28" VPOS="1555" HPOS="1867"/><String ID="p474_w773" CONTENT="formerly" HPOS="1895" VPOS="1555" WIDTH="158" HEIGHT="75" STYLEREFS="font0"/><SP WIDTH="22" VPOS="1555" HPOS="2053"/><String ID="p474_w774" CONTENT="taught" HPOS="2075" VPOS="1555" WIDTH="115" HEIGHT="75" STYLEREFS="font0"/><SP WIDTH="23" VPOS="1555" HPOS="2190"/><String ID="p474_w775" CONTENT="in" HPOS="2213" VPOS="1555" WIDTH="34" HEIGHT="75" STYLEREFS="font0"/><SP WIDTH="22" VPOS="1555" HPOS="2247"/><String ID="p474_w776" CONTENT="the" HPOS="2269" VPOS="1555" WIDTH="57" HEIGHT="75" STYLEREFS="font0"/><SP WIDTH="17" VPOS="1555" HPOS="2326"/><String ID="p474_w777" CONTENT="rule" HPOS="2343" VPOS="1555" WIDTH="69" HEIGHT="75" STYLEREFS="font0"/></TextLine><TextLine WIDTH="1039" HEIGHT="75" ID="p474_t90" HPOS="1371" VPOS="1603"><String ID="p474_w778" CONTENT="of" HPOS="1371" VPOS="1603" WIDTH="40" HEIGHT="75" STYLEREFS="font0"/><SP WIDTH="10" VPOS="1603" HPOS="1411"/><String ID="p474_w779" CONTENT="three." HPOS="1421" VPOS="1603" WIDTH="105" HEIGHT="75" STYLEREFS="font0"/><SP WIDTH="48" VPOS="1603" HPOS="1526"/><String ID="p474_w780" CONTENT="The" HPOS="1574" VPOS="1603" WIDTH="78" HEIGHT="75" STYLEREFS="font0"/><SP WIDTH="16" VPOS="1603" HPOS="1652"/><String ID="p474_w781" CONTENT="extremes" HPOS="1668" VPOS="1603" WIDTH="164" HEIGHT="75" STYLEREFS="font0"/><SP WIDTH="15" VPOS="1603" HPOS="1832"/><String ID="p474_w782" CONTENT="muft" HPOS="1847" VPOS="1603" WIDTH="80" HEIGHT="75" STYLEREFS="font0"/><SP WIDTH="27" VPOS="1603" HPOS="1927"/><String ID="p474_w783" CONTENT="be" HPOS="1954" VPOS="1603" WIDTH="41" HEIGHT="75" STYLEREFS="font0"/><SP WIDTH="16" VPOS="1603" HPOS="1995"/><String ID="p474_w784" CONTENT="of" HPOS="2011" VPOS="1603" WIDTH="41" HEIGHT="75" STYLEREFS="font0"/><SP WIDTH="21" VPOS="1603" HPOS="2052"/><String ID="p474_w785" CONTENT="one" HPOS="2073" VPOS="1603" WIDTH="61" HEIGHT="75" STYLEREFS="font0"/><SP WIDTH="23" VPOS="1603" HPOS="2134"/><String ID="p474_w786" CONTENT="denomination." HPOS="2157" VPOS="1603" WIDTH="253" HEIGHT="75" STYLEREFS="font0"/></TextLine><TextLine WIDTH="1039" HEIGHT="75" ID="p474_t91" HPOS="1372" VPOS="1649"><String ID="p474_w787" CONTENT="Reduce" HPOS="1372" VPOS="1649" WIDTH="135" HEIGHT="75" STYLEREFS="font0"/><SP WIDTH="16" VPOS="1649" HPOS="1507"/><String ID="p474_w788" CONTENT="mixt" HPOS="1523" VPOS="1649" WIDTH="84" HEIGHT="75" STYLEREFS="font0"/><SP WIDTH="16" VPOS="1649" HPOS="1607"/><String ID="p474_w789" CONTENT="numbers" HPOS="1623" VPOS="1649" WIDTH="152" HEIGHT="75" STYLEREFS="font0"/><SP WIDTH="11" VPOS="1649" HPOS="1775"/><String ID="p474_w790" CONTENT="and" HPOS="1786" VPOS="1649" WIDTH="62" HEIGHT="75" STYLEREFS="font0"/><SP WIDTH="16" VPOS="1649" HPOS="1848"/><String ID="p474_w791" CONTENT="integers" HPOS="1864" VPOS="1649" WIDTH="140" HEIGHT="75" STYLEREFS="font0"/><SP WIDTH="12" VPOS="1649" HPOS="2004"/><String ID="p474_w792" CONTENT="to" HPOS="2016" VPOS="1649" WIDTH="35" HEIGHT="75" STYLEREFS="font0"/><SP WIDTH="16" VPOS="1649" HPOS="2051"/><String ID="p474_w793" CONTENT="improper" HPOS="2067" VPOS="1649" WIDTH="162" HEIGHT="75" STYLEREFS="font0"/><SP WIDTH="16" VPOS="1649" HPOS="2229"/><String ID="p474_w794" CONTENT="fradiions," HPOS="2245" VPOS="1649" WIDTH="166" HEIGHT="75" STYLEREFS="font0"/></TextLine><TextLine WIDTH="1041" HEIGHT="75" ID="p474_t92" HPOS="1372" VPOS="1696"><String ID="p474_w795" CONTENT="compound" HPOS="1372" VPOS="1696" WIDTH="181" HEIGHT="75" STYLEREFS="font0"/><SP WIDTH="16" VPOS="1696" HPOS="1553"/><String ID="p474_w796" CONTENT="fradlions" HPOS="1569" VPOS="1696" WIDTH="153" HEIGHT="75" STYLEREFS="font0"/><SP WIDTH="16" VPOS="1696" HPOS="1722"/><String ID="p474_w797" CONTENT="to" HPOS="1738" VPOS="1696" WIDTH="40" HEIGHT="75" STYLEREFS="font0"/><SP WIDTH="11" VPOS="1696" HPOS="1778"/><String ID="p474_w798" CONTENT="Ample" HPOS="1789" VPOS="1696" WIDTH="109" HEIGHT="75" STYLEREFS="font0"/><SP WIDTH="12" VPOS="1696" HPOS="1898"/><String ID="p474_w799" CONTENT="ones," HPOS="1910" VPOS="1696" WIDTH="91" HEIGHT="75" STYLEREFS="font0"/><SP WIDTH="24" VPOS="1696" HPOS="2001"/><String ID="p474_w800" CONTENT="and" HPOS="2025" VPOS="1696" WIDTH="69" HEIGHT="75" STYLEREFS="font0"/><SP WIDTH="10" VPOS="1696" HPOS="2094"/><String ID="p474_w801" CONTENT="then" HPOS="2104" VPOS="1696" WIDTH="78" HEIGHT="75" STYLEREFS="font0"/><SP WIDTH="11" VPOS="1696" HPOS="2182"/><String ID="p474_w802" CONTENT="Work" HPOS="2193" VPOS="1696" WIDTH="92" HEIGHT="75" STYLEREFS="font0"/><SP WIDTH="16" VPOS="1696" HPOS="2285"/><String ID="p474_w803" CONTENT="by" HPOS="2301" VPOS="1696" WIDTH="44" HEIGHT="75" STYLEREFS="font0"/><SP WIDTH="11" VPOS="1696" HPOS="2345"/><String ID="p474_w804" CONTENT="the" HPOS="2356" VPOS="1696" WIDTH="57" HEIGHT="75" STYLEREFS="font0"/></TextLine><TextLine WIDTH="358" HEIGHT="75" ID="p474_t93" HPOS="1373" VPOS="1743"><String ID="p474_w805" CONTENT="following" HPOS="1373" VPOS="1743" WIDTH="169" HEIGHT="75" STYLEREFS="font0"/><SP WIDTH="13" VPOS="1743" HPOS="1542"/><String ID="p474_w806" CONTENT="rule," HPOS="1555" VPOS="1743" WIDTH="82" HEIGHT="75" STYLEREFS="font0"/><SP WIDTH="25" VPOS="1743" HPOS="1637"/><String ID="p474_w807" CONTENT="viz." HPOS="1662" VPOS="1743" WIDTH="69" HEIGHT="75" STYLEREFS="font0"/></TextLine><TextLine WIDTH="994" HEIGHT="75" ID="p474_t94" HPOS="1419" VPOS="1790"><String ID="p474_w808" CONTENT="Multiply" HPOS="1419" VPOS="1790" WIDTH="159" HEIGHT="75" STYLEREFS="font0"/><SP WIDTH="15" VPOS="1790" HPOS="1578"/><String ID="p474_w809" CONTENT="the" HPOS="1593" VPOS="1790" WIDTH="57" HEIGHT="75" STYLEREFS="font0"/><SP WIDTH="22" VPOS="1790" HPOS="1650"/><String ID="p474_w810" CONTENT="fecond" HPOS="1672" VPOS="1790" WIDTH="117" HEIGHT="75" STYLEREFS="font0"/><SP WIDTH="24" VPOS="1790" HPOS="1789"/><String ID="p474_w811" CONTENT="and" HPOS="1813" VPOS="1790" WIDTH="63" HEIGHT="75" STYLEREFS="font0"/><SP WIDTH="25" VPOS="1790" HPOS="1876"/><String ID="p474_w812" CONTENT="third" HPOS="1901" VPOS="1790" WIDTH="89" HEIGHT="75" STYLEREFS="font0"/><SP WIDTH="24" VPOS="1790" HPOS="1990"/><String ID="p474_w813" CONTENT="terms," HPOS="2014" VPOS="1790" WIDTH="115" HEIGHT="75" STYLEREFS="font0"/><SP WIDTH="22" VPOS="1790" HPOS="2129"/><String ID="p474_w814" CONTENT="and;" HPOS="2151" VPOS="1790" WIDTH="67" HEIGHT="75" STYLEREFS="font0"/><SP WIDTH="14" VPOS="1790" HPOS="2218"/><String ID="p474_w815" CONTENT="divide" HPOS="2232" VPOS="1790" WIDTH="108" HEIGHT="75" STYLEREFS="font0"/><SP WIDTH="16" VPOS="1790" HPOS="2340"/><String ID="p474_w816" CONTENT="the" HPOS="2356" VPOS="1790" WIDTH="57" HEIGHT="75" STYLEREFS="font0"/></TextLine><TextLine WIDTH="1042" HEIGHT="75" ID="p474_t95" HPOS="1371" VPOS="1837"><String ID="p474_w817" CONTENT="produdl" HPOS="1371" VPOS="1837" WIDTH="136" HEIGHT="75" STYLEREFS="font0"/><SP WIDTH="14" VPOS="1837" HPOS="1507"/><String ID="p474_w818" CONTENT="by" HPOS="1521" VPOS="1837" WIDTH="45" HEIGHT="75" STYLEREFS="font0"/><SP WIDTH="15" VPOS="1837" HPOS="1566"/><String ID="p474_w819" CONTENT="the" HPOS="1581" VPOS="1837" WIDTH="58" HEIGHT="75" STYLEREFS="font0"/><SP WIDTH="15" VPOS="1837" HPOS="1639"/><String ID="p474_w820" CONTENT="firft" HPOS="1654" VPOS="1837" WIDTH="64" HEIGHT="75" STYLEREFS="font0"/><SP WIDTH="17" VPOS="1837" HPOS="1718"/><String ID="p474_w821" CONTENT="term" HPOS="1735" VPOS="1837" WIDTH="82" HEIGHT="75" STYLEREFS="font0"/><SP WIDTH="13" VPOS="1837" HPOS="1817"/><String ID="p474_w822" CONTENT=";" HPOS="1830" VPOS="1837" WIDTH="8" HEIGHT="75" STYLEREFS="font0"/><SP WIDTH="28" VPOS="1837" HPOS="1838"/><String ID="p474_w823" CONTENT="that" HPOS="1866" VPOS="1837" WIDTH="71" HEIGHT="75" STYLEREFS="font0"/><SP WIDTH="24" VPOS="1837" HPOS="1937"/><String ID="p474_w824" CONTENT="is," HPOS="1961" VPOS="1837" WIDTH="46" HEIGHT="75" STYLEREFS="font0"/><SP WIDTH="20" VPOS="1837" HPOS="2007"/><String ID="p474_w825" CONTENT="multiply" HPOS="2027" VPOS="1837" WIDTH="151" HEIGHT="75" STYLEREFS="font0"/><SP WIDTH="17" VPOS="1837" HPOS="2178"/><String ID="p474_w826" CONTENT="the" HPOS="2195" VPOS="1837" WIDTH="55" HEIGHT="75" STYLEREFS="font0"/><SP WIDTH="16" VPOS="1837" HPOS="2250"/><String ID="p474_w827" CONTENT="numera-" HPOS="2266" VPOS="1837" WIDTH="147" HEIGHT="75" STYLEREFS="font0"/></TextLine><TextLine WIDTH="1042" HEIGHT="75" ID="p474_t96" HPOS="1371" VPOS="1883"><String ID="p474_w828" CONTENT="tor" HPOS="1371" VPOS="1883" WIDTH="52" HEIGHT="75" STYLEREFS="font0"/><SP WIDTH="15" VPOS="1883" HPOS="1423"/><String ID="p474_w829" CONTENT="of" HPOS="1438" VPOS="1883" WIDTH="41" HEIGHT="75" STYLEREFS="font0"/><SP WIDTH="10" VPOS="1883" HPOS="1479"/><String ID="p474_w830" CONTENT="the" HPOS="1489" VPOS="1883" WIDTH="58" HEIGHT="75" STYLEREFS="font0"/><SP WIDTH="16" VPOS="1883" HPOS="1547"/><String ID="p474_w831" CONTENT="firft" HPOS="1563" VPOS="1883" WIDTH="64" HEIGHT="75" STYLEREFS="font0"/><SP WIDTH="16" VPOS="1883" HPOS="1627"/><String ID="p474_w832" CONTENT="term" HPOS="1643" VPOS="1883" WIDTH="84" HEIGHT="75" STYLEREFS="font0"/><SP WIDTH="16" VPOS="1883" HPOS="1727"/><String ID="p474_w833" CONTENT="into" HPOS="1743" VPOS="1883" WIDTH="70" HEIGHT="75" STYLEREFS="font0"/><SP WIDTH="19" VPOS="1883" HPOS="1813"/><String ID="p474_w834" CONTENT="the" HPOS="1832" VPOS="1883" WIDTH="56" HEIGHT="75" STYLEREFS="font0"/><SP WIDTH="16" VPOS="1883" HPOS="1888"/><String ID="p474_w835" CONTENT="denominators" HPOS="1904" VPOS="1883" WIDTH="240" HEIGHT="75" STYLEREFS="font0"/><SP WIDTH="17" VPOS="1883" HPOS="2144"/><String ID="p474_w836" CONTENT="of" HPOS="2161" VPOS="1883" WIDTH="41" HEIGHT="75" STYLEREFS="font0"/><SP WIDTH="18" VPOS="1883" HPOS="2202"/><String ID="p474_w837" CONTENT="the" HPOS="2220" VPOS="1883" WIDTH="56" HEIGHT="75" STYLEREFS="font0"/><SP WIDTH="19" VPOS="1883" HPOS="2276"/><String ID="p474_w838" CONTENT="feeond" HPOS="2295" VPOS="1883" WIDTH="118" HEIGHT="75" STYLEREFS="font0"/></TextLine><TextLine WIDTH="1040" HEIGHT="75" ID="p474_t97" HPOS="1371" VPOS="1929"><String ID="p474_w839" CONTENT="and" HPOS="1371" VPOS="1929" WIDTH="61" HEIGHT="75" STYLEREFS="font0"/><SP WIDTH="17" VPOS="1929" HPOS="1432"/><String ID="p474_w840" CONTENT="third," HPOS="1449" VPOS="1929" WIDTH="101" HEIGHT="75" STYLEREFS="font0"/><SP WIDTH="25" VPOS="1929" HPOS="1550"/><String ID="p474_w841" CONTENT="for" HPOS="1575" VPOS="1929" WIDTH="52" HEIGHT="75" STYLEREFS="font0"/><SP WIDTH="17" VPOS="1929" HPOS="1627"/><String ID="p474_w842" CONTENT="the" HPOS="1644" VPOS="1929" WIDTH="56" HEIGHT="75" STYLEREFS="font0"/><SP WIDTH="22" VPOS="1929" HPOS="1700"/><String ID="p474_w843" CONTENT="denominator" HPOS="1722" VPOS="1929" WIDTH="224" HEIGHT="75" STYLEREFS="font0"/><SP WIDTH="15" VPOS="1929" HPOS="1946"/><String ID="p474_w844" CONTENT="of" HPOS="1961" VPOS="1929" WIDTH="40" HEIGHT="75" STYLEREFS="font0"/><SP WIDTH="11" VPOS="1929" HPOS="2001"/><String ID="p474_w845" CONTENT="the" HPOS="2012" VPOS="1929" WIDTH="56" HEIGHT="75" STYLEREFS="font0"/><SP WIDTH="12" VPOS="1929" HPOS="2068"/><String ID="p474_w846" CONTENT="anfwer;" HPOS="2080" VPOS="1929" WIDTH="141" HEIGHT="75" STYLEREFS="font0"/><SP WIDTH="27" VPOS="1929" HPOS="2221"/><String ID="p474_w847" CONTENT="and" HPOS="2248" VPOS="1929" WIDTH="63" HEIGHT="75" STYLEREFS="font0"/><SP WIDTH="15" VPOS="1929" HPOS="2311"/><String ID="p474_w848" CONTENT="mul-" HPOS="2326" VPOS="1929" WIDTH="85" HEIGHT="75" STYLEREFS="font0"/></TextLine><TextLine WIDTH="1041" HEIGHT="75" ID="p474_t98" HPOS="1370" VPOS="1976"><String ID="p474_w849" CONTENT="tiply" HPOS="1370" VPOS="1976" WIDTH="81" HEIGHT="75" STYLEREFS="font0"/><SP WIDTH="16" VPOS="1976" HPOS="1451"/><String ID="p474_w850" CONTENT="the" HPOS="1467" VPOS="1976" WIDTH="57" HEIGHT="75" STYLEREFS="font0"/><SP WIDTH="19" VPOS="1976" HPOS="1524"/><String ID="p474_w851" CONTENT="denominator" HPOS="1543" VPOS="1976" WIDTH="224" HEIGHT="75" STYLEREFS="font0"/><SP WIDTH="15" VPOS="1976" HPOS="1767"/><String ID="p474_w852" CONTENT="of" HPOS="1782" VPOS="1976" WIDTH="40" HEIGHT="75" STYLEREFS="font0"/><SP WIDTH="19" VPOS="1976" HPOS="1822"/><String ID="p474_w853" CONTENT="the" HPOS="1841" VPOS="1976" WIDTH="57" HEIGHT="75" STYLEREFS="font0"/><SP WIDTH="22" VPOS="1976" HPOS="1898"/><String ID="p474_w854" CONTENT="firft" HPOS="1920" VPOS="1976" WIDTH="65" HEIGHT="75" STYLEREFS="font0"/><SP WIDTH="16" VPOS="1976" HPOS="1985"/><String ID="p474_w855" CONTENT="term" HPOS="2001" VPOS="1976" WIDTH="82" HEIGHT="75" STYLEREFS="font0"/><SP WIDTH="18" VPOS="1976" HPOS="2083"/><String ID="p474_w856" CONTENT="into" HPOS="2101" VPOS="1976" WIDTH="68" HEIGHT="75" STYLEREFS="font0"/><SP WIDTH="19" VPOS="1976" HPOS="2169"/><String ID="p474_w857" CONTENT="the" HPOS="2188" VPOS="1976" WIDTH="56" HEIGHT="75" STYLEREFS="font0"/><SP WIDTH="19" VPOS="1976" HPOS="2244"/><String ID="p474_w858" CONTENT="numera-" HPOS="2263" VPOS="1976" WIDTH="148" HEIGHT="75" STYLEREFS="font0"/></TextLine><TextLine WIDTH="1040" HEIGHT="75" ID="p474_t99" HPOS="1370" VPOS="2023"><String ID="p474_w859" CONTENT="tors" HPOS="1370" VPOS="2023" WIDTH="68" HEIGHT="75" STYLEREFS="font0"/><SP WIDTH="17" VPOS="2023" HPOS="1438"/><String ID="p474_w860" CONTENT="of" HPOS="1455" VPOS="2023" WIDTH="41" HEIGHT="75" STYLEREFS="font0"/><SP WIDTH="20" VPOS="2023" HPOS="1496"/><String ID="p474_w861" CONTENT="the" HPOS="1516" VPOS="2023" WIDTH="56" HEIGHT="75" STYLEREFS="font0"/><SP WIDTH="16" VPOS="2023" HPOS="1572"/><String ID="p474_w862" CONTENT="fecond" HPOS="1588" VPOS="2023" WIDTH="118" HEIGHT="75" STYLEREFS="font0"/><SP WIDTH="23" VPOS="2023" HPOS="1706"/><String ID="p474_w863" CONTENT="and" HPOS="1729" VPOS="2023" WIDTH="62" HEIGHT="75" STYLEREFS="font0"/><SP WIDTH="15" VPOS="2023" HPOS="1791"/><String ID="p474_w864" CONTENT="third," HPOS="1806" VPOS="2023" WIDTH="103" HEIGHT="75" STYLEREFS="font0"/><SP WIDTH="24" VPOS="2023" HPOS="1909"/><String ID="p474_w865" CONTENT="for" HPOS="1933" VPOS="2023" WIDTH="52" HEIGHT="75" STYLEREFS="font0"/><SP WIDTH="25" VPOS="2023" HPOS="1985"/><String ID="p474_w866" CONTENT="the" HPOS="2010" VPOS="2023" WIDTH="56" HEIGHT="75" STYLEREFS="font0"/><SP WIDTH="24" VPOS="2023" HPOS="2066"/><String ID="p474_w867" CONTENT="numerator" HPOS="2090" VPOS="2023" WIDTH="185" HEIGHT="75" STYLEREFS="font0"/><SP WIDTH="16" VPOS="2023" HPOS="2275"/><String ID="p474_w868" CONTENT="of" HPOS="2291" VPOS="2023" WIDTH="41" HEIGHT="75" STYLEREFS="font0"/><SP WIDTH="22" VPOS="2023" HPOS="2332"/><String ID="p474_w869" CONTENT="the" HPOS="2354" VPOS="2023" WIDTH="56" HEIGHT="75" STYLEREFS="font0"/></TextLine><TextLine WIDTH="132" HEIGHT="75" ID="p474_t100" HPOS="1371" VPOS="2071"><String ID="p474_w870" CONTENT="anfwer." HPOS="1371" VPOS="2071" WIDTH="132" HEIGHT="75" STYLEREFS="font0"/></TextLine><TextLine WIDTH="191" HEIGHT="75" ID="p474_t101" HPOS="1790" VPOS="2175"><String ID="p474_w871" CONTENT="I." HPOS="1790" VPOS="2175" WIDTH="30" HEIGHT="75" STYLEREFS="font0"/><SP WIDTH="27" VPOS="2175" HPOS="1820"/><String ID="p474_w872" CONTENT="Dir" HPOS="1847" VPOS="2175" WIDTH="73" HEIGHT="75" STYLEREFS="font0"/><SP WIDTH="2" VPOS="2175" HPOS="1920"/><String ID="p474_w873" CONTENT="eft." HPOS="1922" VPOS="2175" WIDTH="59" HEIGHT="75" STYLEREFS="font0"/></TextLine><TextLine WIDTH="987" HEIGHT="75" ID="p474_t102" HPOS="1420" VPOS="2256"><String ID="p474_w874" CONTENT="Quest." HPOS="1420" VPOS="2256" WIDTH="150" HEIGHT="75" STYLEREFS="font0"/><SP WIDTH="37" VPOS="2256" HPOS="1570"/><String ID="p474_w875" CONTENT="If" HPOS="1607" VPOS="2256" WIDTH="39" HEIGHT="75" STYLEREFS="font0"/><SP WIDTH="15" VPOS="2256" HPOS="1646"/><String ID="p474_w876" CONTENT="4" HPOS="1661" VPOS="2256" WIDTH="25" HEIGHT="75" STYLEREFS="font0"/><SP WIDTH="15" VPOS="2256" HPOS="1686"/><String ID="p474_w877" CONTENT="yard" HPOS="1701" VPOS="2256" WIDTH="81" HEIGHT="75" STYLEREFS="font0"/><SP WIDTH="16" VPOS="2256" HPOS="1782"/><String ID="p474_w878" CONTENT="coft" HPOS="1798" VPOS="2256" WIDTH="65" HEIGHT="75" STYLEREFS="font0"/><SP WIDTH="16" VPOS="2256" HPOS="1863"/><String ID="p474_w879" CONTENT="4" HPOS="1879" VPOS="2256" WIDTH="24" HEIGHT="75" STYLEREFS="font0"/><SP WIDTH="11" VPOS="2256" HPOS="1903"/><String ID="p474_w880" CONTENT="!•" HPOS="1914" VPOS="2256" WIDTH="25" HEIGHT="75" STYLEREFS="font0"/><SP WIDTH="28" VPOS="2256" HPOS="1939"/><String ID="p474_w881" CONTENT="what" HPOS="1967" VPOS="2256" WIDTH="89" HEIGHT="75" STYLEREFS="font0"/><SP WIDTH="14" VPOS="2256" HPOS="2056"/><String ID="p474_w882" CONTENT="will" HPOS="2070" VPOS="2256" WIDTH="69" HEIGHT="75" STYLEREFS="font0"/><SP WIDTH="79" VPOS="2256" HPOS="2139"/><String ID="p474_w883" CONTENT="yard" HPOS="2218" VPOS="2256" WIDTH="82" HEIGHT="75" STYLEREFS="font0"/><SP WIDTH="16" VPOS="2256" HPOS="2300"/><String ID="p474_w884" CONTENT="coft" HPOS="2316" VPOS="2256" WIDTH="65" HEIGHT="75" STYLEREFS="font0"/><SP WIDTH="13" VPOS="2256" HPOS="2381"/><String ID="p474_w885" CONTENT="?" HPOS="2394" VPOS="2256" WIDTH="13" HEIGHT="75" STYLEREFS="font0"/></TextLine><TextLine WIDTH="279" HEIGHT="75" ID="p474_t103" HPOS="1749" VPOS="2302"><String ID="p474_w886" CONTENT="Yd." HPOS="1749" VPOS="2302" WIDTH="58" HEIGHT="75" STYLEREFS="font0"/><SP WIDTH="48" VPOS="2302" HPOS="1807"/><String ID="p474_w887" CONTENT="L." HPOS="1855" VPOS="2302" WIDTH="40" HEIGHT="75" STYLEREFS="font0"/><SP WIDTH="74" VPOS="2302" HPOS="1895"/><String ID="p474_w888" CONTENT="Yd." HPOS="1969" VPOS="2302" WIDTH="59" HEIGHT="75" STYLEREFS="font0"/></TextLine><TextLine WIDTH="323" HEIGHT="75" ID="p474_t104" HPOS="1714" VPOS="2342"><String ID="p474_w889" CONTENT="If" HPOS="1714" VPOS="2360" WIDTH="38" HEIGHT="75" STYLEREFS="font0"/><SP WIDTH="17" VPOS="2360" HPOS="1752"/><String ID="p474_w890" CONTENT="1" HPOS="1769" VPOS="2360" WIDTH="25" HEIGHT="75" STYLEREFS="font0"/><SP WIDTH="26" VPOS="2360" HPOS="1794"/><String ID="p474_w891" CONTENT=":" HPOS="1820" VPOS="2342" WIDTH="9" HEIGHT="49" STYLEREFS="font1"/><SP WIDTH="28" VPOS="2342" HPOS="1829"/><String ID="p474_w892" CONTENT="1" HPOS="1857" VPOS="2360" WIDTH="25" HEIGHT="75" STYLEREFS="font0"/><SP WIDTH="25" VPOS="2360" HPOS="1882"/><String ID="p474_w893" CONTENT=":" HPOS="1907" VPOS="2342" WIDTH="9" HEIGHT="49" STYLEREFS="font1"/><SP WIDTH="22" VPOS="2342" HPOS="1916"/><String ID="p474_w894" CONTENT=":" HPOS="1938" VPOS="2342" WIDTH="10" HEIGHT="49" STYLEREFS="font1"/><SP WIDTH="27" VPOS="2342" HPOS="1948"/><String ID="p474_w895" CONTENT="tV" HPOS="1975" VPOS="2360" WIDTH="62" HEIGHT="75" STYLEREFS="font0"/></TextLine><TextLine WIDTH="20" HEIGHT="75" ID="p474_t105" HPOS="1517" VPOS="2410"><String ID="p474_w896" CONTENT="4" HPOS="1517" VPOS="2410" WIDTH="20" HEIGHT="75" STYLEREFS="font0"/></TextLine><TextLine WIDTH="72" HEIGHT="75" ID="p474_t106" HPOS="1960" VPOS="2410"><String ID="p474_w897" CONTENT="=" HPOS="1960" VPOS="2410" WIDTH="39" HEIGHT="75" STYLEREFS="font0"/><SP WIDTH="10" VPOS="2410" HPOS="1999"/><String ID="p474_w898" CONTENT="?" HPOS="2009" VPOS="2410" WIDTH="23" HEIGHT="75" STYLEREFS="font0"/></TextLine><TextLine WIDTH="195" HEIGHT="75" ID="p474_t107" HPOS="2200" VPOS="2410"><String ID="p474_w899" CONTENT="=:!_=" HPOS="2200" VPOS="2410" WIDTH="195" HEIGHT="75" STYLEREFS="font0"/></TextLine><TextLine WIDTH="884" HEIGHT="75" ID="p474_t108" HPOS="1467" VPOS="2434"><String ID="p474_w900" CONTENT="•" HPOS="1467" VPOS="2452" WIDTH="6" HEIGHT="75" STYLEREFS="font0"/><String ID="p474_w901" CONTENT="/" HPOS="1473" VPOS="2434" WIDTH="11" HEIGHT="49" STYLEREFS="font1"/><SP WIDTH="33" VPOS="2434" HPOS="1484"/><String ID="p474_w902" CONTENT="3X8X10" HPOS="1517" VPOS="2452" WIDTH="200" HEIGHT="75" STYLEREFS="font0"/><SP WIDTH="49" VPOS="2452" HPOS="1717"/><String ID="p474_w903" CONTENT="3X2X10" HPOS="1766" VPOS="2452" WIDTH="197" HEIGHT="75" STYLEREFS="font0"/><SP WIDTH="52" VPOS="2452" HPOS="1963"/><String ID="p474_w904" CONTENT="3X2X2" HPOS="2015" VPOS="2452" WIDTH="174" HEIGHT="75" STYLEREFS="font0"/><SP WIDTH="63" VPOS="2452" HPOS="2189"/><String ID="p474_w905" CONTENT="2X2" HPOS="2252" VPOS="2452" WIDTH="99" HEIGHT="75" STYLEREFS="font0"/></TextLine><TextLine WIDTH="21" HEIGHT="75" ID="p474_t109" HPOS="1467" VPOS="2565"><String ID="p474_w906" CONTENT="4" HPOS="1467" VPOS="2565" WIDTH="21" HEIGHT="75" STYLEREFS="font0"/></TextLine><TextLine WIDTH="245" HEIGHT="75" ID="p474_t110" HPOS="1761" VPOS="2658"><String ID="p474_w907" CONTENT="IT." HPOS="1761" VPOS="2658" WIDTH="49" HEIGHT="75" STYLEREFS="font0"/><SP WIDTH="50" VPOS="2658" HPOS="1810"/><String ID="p474_w908" CONTENT="Inverfe." HPOS="1860" VPOS="2658" WIDTH="146" HEIGHT="75" STYLEREFS="font0"/></TextLine><TextLine WIDTH="991" HEIGHT="75" ID="p474_t111" HPOS="1417" VPOS="2720"><String ID="p474_w909" CONTENT="Quest." HPOS="1417" VPOS="2738" WIDTH="154" HEIGHT="75" STYLEREFS="font0"/><SP WIDTH="25" VPOS="2738" HPOS="1571"/><String ID="p474_w910" CONTENT="If" HPOS="1596" VPOS="2738" WIDTH="39" HEIGHT="75" STYLEREFS="font0"/><SP WIDTH="8" VPOS="2738" HPOS="1635"/><String ID="p474_w911" CONTENT="4" HPOS="1643" VPOS="2738" WIDTH="25" HEIGHT="75" STYLEREFS="font0"/><SP WIDTH="16" VPOS="2738" HPOS="1668"/><String ID="p474_w912" CONTENT="yard" HPOS="1684" VPOS="2738" WIDTH="80" HEIGHT="75" STYLEREFS="font0"/><String ID="p474_w913" CONTENT="1" HPOS="1764" VPOS="2720" WIDTH="7" HEIGHT="49" STYLEREFS="font1"/><SP WIDTH="9" VPOS="2720" HPOS="1771"/><String ID="p474_w914" CONTENT="of" HPOS="1780" VPOS="2738" WIDTH="43" HEIGHT="75" STYLEREFS="font0"/><SP WIDTH="9" VPOS="2738" HPOS="1823"/><String ID="p474_w915" CONTENT="cloth" HPOS="1832" VPOS="2738" WIDTH="89" HEIGHT="75" STYLEREFS="font0"/><SP WIDTH="20" VPOS="2738" HPOS="1921"/><String ID="p474_w916" CONTENT="that" HPOS="1941" VPOS="2738" WIDTH="74" HEIGHT="75" STYLEREFS="font0"/><SP WIDTH="14" VPOS="2738" HPOS="2015"/><String ID="p474_w917" CONTENT="is" HPOS="2029" VPOS="2738" WIDTH="26" HEIGHT="75" STYLEREFS="font0"/><SP WIDTH="14" VPOS="2738" HPOS="2055"/><String ID="p474_w918" CONTENT="2" HPOS="2069" VPOS="2738" WIDTH="20" HEIGHT="75" STYLEREFS="font0"/><SP WIDTH="17" VPOS="2738" HPOS="2089"/><String ID="p474_w919" CONTENT="yards" HPOS="2106" VPOS="2738" WIDTH="98" HEIGHT="75" STYLEREFS="font0"/><SP WIDTH="14" VPOS="2738" HPOS="2204"/><String ID="p474_w920" CONTENT="wide," HPOS="2218" VPOS="2738" WIDTH="97" HEIGHT="75" STYLEREFS="font0"/><SP WIDTH="25" VPOS="2738" HPOS="2315"/><String ID="p474_w921" CONTENT="Will" HPOS="2340" VPOS="2738" WIDTH="68" HEIGHT="75" STYLEREFS="font0"/></TextLine><TextLine WIDTH="1041" HEIGHT="75" ID="p474_t112" HPOS="1369" VPOS="2785"><String ID="p474_w922" CONTENT="make" HPOS="1369" VPOS="2785" WIDTH="93" HEIGHT="75" STYLEREFS="font0"/><SP WIDTH="18" VPOS="2785" HPOS="1462"/><String ID="p474_w923" CONTENT="a" HPOS="1480" VPOS="2785" WIDTH="19" HEIGHT="75" STYLEREFS="font0"/><SP WIDTH="23" VPOS="2785" HPOS="1499"/><String ID="p474_w924" CONTENT="garment," HPOS="1522" VPOS="2785" WIDTH="157" HEIGHT="75" STYLEREFS="font0"/><SP WIDTH="25" VPOS="2785" HPOS="1679"/><String ID="p474_w925" CONTENT="how" HPOS="1704" VPOS="2785" WIDTH="75" HEIGHT="75" STYLEREFS="font0"/><SP WIDTH="24" VPOS="2785" HPOS="1779"/><String ID="p474_w926" CONTENT="much" HPOS="1803" VPOS="2785" WIDTH="95" HEIGHT="75" STYLEREFS="font0"/><SP WIDTH="17" VPOS="2785" HPOS="1898"/><String ID="p474_w927" CONTENT="of" HPOS="1915" VPOS="2785" WIDTH="42" HEIGHT="75" STYLEREFS="font0"/><SP WIDTH="21" VPOS="2785" HPOS="1957"/><String ID="p474_w928" CONTENT="any" HPOS="1978" VPOS="2785" WIDTH="62" HEIGHT="75" STYLEREFS="font0"/><SP WIDTH="15" VPOS="2785" HPOS="2040"/><String ID="p474_w929" CONTENT="other" HPOS="2055" VPOS="2785" WIDTH="98" HEIGHT="75" STYLEREFS="font0"/><SP WIDTH="25" VPOS="2785" HPOS="2153"/><String ID="p474_w930" CONTENT="cloth" HPOS="2178" VPOS="2785" WIDTH="93" HEIGHT="75" STYLEREFS="font0"/><SP WIDTH="20" VPOS="2785" HPOS="2271"/><String ID="p474_w931" CONTENT="that" HPOS="2291" VPOS="2785" WIDTH="73" HEIGHT="75" STYLEREFS="font0"/><SP WIDTH="16" VPOS="2785" HPOS="2364"/><String ID="p474_w932" CONTENT="it!" HPOS="2380" VPOS="2785" WIDTH="30" HEIGHT="75" STYLEREFS="font0"/></TextLine><TextLine WIDTH="772" HEIGHT="75" ID="p474_t113" HPOS="1368" VPOS="2836"><String ID="p474_w933" CONTENT="•f" HPOS="1368" VPOS="2836" WIDTH="26" HEIGHT="75" STYLEREFS="font0"/><SP WIDTH="14" VPOS="2836" HPOS="1394"/><String ID="p474_w934" CONTENT="yard" HPOS="1408" VPOS="2836" WIDTH="81" HEIGHT="75" STYLEREFS="font0"/><SP WIDTH="17" VPOS="2836" HPOS="1489"/><String ID="p474_w935" CONTENT="wide" HPOS="1506" VPOS="2836" WIDTH="82" HEIGHT="75" STYLEREFS="font0"/><SP WIDTH="17" VPOS="2836" HPOS="1588"/><String ID="p474_w936" CONTENT="will" HPOS="1605" VPOS="2836" WIDTH="65" HEIGHT="75" STYLEREFS="font0"/><SP WIDTH="19" VPOS="2836" HPOS="1670"/><String ID="p474_w937" CONTENT="make" HPOS="1689" VPOS="2836" WIDTH="91" HEIGHT="75" STYLEREFS="font0"/><SP WIDTH="17" VPOS="2836" HPOS="1780"/><String ID="p474_w938" CONTENT="the" HPOS="1797" VPOS="2836" WIDTH="55" HEIGHT="75" STYLEREFS="font0"/><SP WIDTH="16" VPOS="2836" HPOS="1852"/><String ID="p474_w939" CONTENT="fame" HPOS="1868" VPOS="2836" WIDTH="83" HEIGHT="75" STYLEREFS="font0"/><SP WIDTH="16" VPOS="2836" HPOS="1951"/><String ID="p474_w940" CONTENT="garment" HPOS="1967" VPOS="2836" WIDTH="146" HEIGHT="75" STYLEREFS="font0"/><SP WIDTH="13" VPOS="2836" HPOS="2113"/><String ID="p474_w941" CONTENT="?" HPOS="2126" VPOS="2836" WIDTH="14" HEIGHT="75" STYLEREFS="font0"/></TextLine><TextLine WIDTH="391" HEIGHT="75" ID="p474_t114" HPOS="1700" VPOS="2879"><String ID="p474_w942" CONTENT="Bread," HPOS="1700" VPOS="2879" WIDTH="123" HEIGHT="75" STYLEREFS="font0"/><SP WIDTH="25" VPOS="2879" HPOS="1823"/><String ID="p474_w943" CONTENT="len." HPOS="1848" VPOS="2879" WIDTH="68" HEIGHT="75" STYLEREFS="font0"/><SP WIDTH="51" VPOS="2879" HPOS="1916"/><String ID="p474_w944" CONTENT="Bread." HPOS="1967" VPOS="2879" WIDTH="124" HEIGHT="75" STYLEREFS="font0"/></TextLine></PrintSpace></Page></Layout></alto>