2428 3377
140 154 101 75 Part
261 154 52 75 II.

716 154 357 75 ANA

140 217 94 75 when
252 217 55 75 the
324 217 160 75 trapezius
502 217 63 75 and
580 217 137 75 ferratus
737 217 103 75 major
865 217 88 75 ceafe
978 217 35 75 to
1036 217 48 75 aft
1098 217 11 75 ;
1132 217 45 75 by

139 263 145 75 drawing
299 263 186 75 downward
501 263 56 75 the
573 263 166 75 apophyfis
756 263 197 75 coracoides,
978 263 33 75 in
1027 263 106 75 which
1149 263 28 75 it

139 311 27 75 is
183 311 153 75 inferted.

185 357 77 75 The
279 357 176 75 fubclavius
473 357 59 75 can
549 357 81 75 have
647 357 41 75 no
705 357 94 75 other
810 357 152 75 ordinary
972 357 67 75 ufe,
1064 357 59 75 but
1140 357 34 75 to

138 403 92 75 bring
247 403 95 75 down
358 403 57 75 the
431 403 167 75 clavicula,
623 403 85 75 after
722 403 27 75 it
765 403 57 75 has
839 403 81 75 been
945 403 112 75 raifed,
1082 403 90 75 toge-

138 449 74 75 ther
236 449 78 75 with
332 449 56 75 the
405 449 187 75 acromium,
618 449 43 75 by
678 449 56 75 the
758 449 102 75 adlion
877 449 40 75 of
933 449 56 75 the
1013 449 160 75 trapezius

139 497 63 75 and
216 497 137 75 ferratus
371 497 116 75 major.

138 644 159 75 Sect.
329 644 71 75 IV.
458 644 80 75 The
565 644 216 75 Muscles
815 644 131 75 which
979 644 101 75 move
1111 644 67 75 the

341 701 54 75 Os
424 701 162 75 Humeri
615 701 44 75 on
692 701 66 75 the
787 701 186 75 Scapula.

442 798 35 75 D
493 798 31 75 E
543 798 32 75 L
590 798 37 75 T
643 798 32 75 O
693 798 15 75 I
727 798 35 75 D
779 798 31 75 E
830 798 36 75 S.

185 866 101 75 This
304 866 27 75 is
349 866 19 75 $
382 866 80 75 very
478 866 92 75 thick
585 866 130 75 mufcle,
742 866 151 75 covering
908 866 57 75 the
987 866 100 75 upper
1106 866 72 75 part

139 913 40 75 of
198 913 56 75 the
267 913 79 75 arm,
372 913 63 75 and
451 913 139 75 forming
606 913 88 75 what
706 913 26 75 is
749 913 124 75 termed
884 913 64 75 the.
956 913 102 75 flump
1071 913 40 75 of
1122 913 55 75 the

139 960 159 75 flioulder.
348 960 32 75 It
403 960 27 75 is
455 960 102 75 broad
582 960 112 75 above,
725 960 62 75 and
810 960 127 75 narrow
960 960 116 75 below,
1101 960 32 75 in
1159 960 19 75 a

139 1005 176 75 triangular
332 1005 84 75 form
428 1005 9 75 ;
465 1005 63 75 and
541 1005 44 75 its
602 1005 91 75 name
709 1005 26 75 is
753 1005 96 75 taken
872 1005 87 75 from
985 1005 56 75 the
1061 1005 116 75 refem-

139 1053 114 75 blance
268 1053 26 75 it
312 1053 92 75 bears
421 1053 36 75 to
473 1053 56 75 the
547 1053 114 75 Greek
680 1053 97 75 letter
793 1053 26 75 A
837 1053 100 75 delta.

188 1098 32 75 It
235 1098 27 75 is
286 1098 93 75 made
396 1098 42 75 up
453 1098 41 75 of
514 1098 145 75 eighteen
677 1098 38 75 or
731 1098 123 75 twenty
871 1098 90 75 fmall
978 1098 97 75 fingle
1092 1098 84 75 muf-

141 1145 77 75 cles,
243 1145 33 75 in
293 1145 39 75 an
349 1145 139 75 oppofite
503 1145 147 75 fituation
668 1145 77 75 with
762 1145 120 75 refpe<S
905 1145 35 75 to
965 1145 78 75 each
1069 1145 107 75 other,

141 1192 63 75 and
218 1192 112 75 united
345 1192 44 75 by
398 1192 119 75 middle
533 1192 136 75 tendons
681 1192 11 75 ;
711 1192 33 75 fo
757 1192 83 75 that,
854 1192 95 75 taken
963 1192 41 75 all
1015 1192 161 75 together,

141 1239 79 75 they
235 1239 85 75 form
336 1239 118 75 feveral
467 1239 178 75 penniform
664 1239 145 75 mufcles.
857 1239 77 75 The
951 1239 93 75 outer
1055 1239 123 75 furface

141 1286 131 75 appears
288 1286 110 75 almoft
413 1286 123 75 wholly
547 1286 108 75 flefliy,
681 1286 57 75 but
756 1286 40 75 on
813 1286 56 75 the
885 1286 90 75 inner
990 1286 122 75 furface
1128 1286 50 75 we

142 1332 50 75 fee
207 1332 56 75 the
279 1332 119 75 feveral
411 1332 148 75 tendons.

189 1378 129 75 Above,
343 1378 26 75 it
380 1378 27 75 is
424 1378 90 75 fixed
527 1378 32 75 in
571 1378 56 75 the
644 1378 107 75 whole
766 1378 132 75 inferior
922 1378 118 75 labium
1061 1378 40 75 of
1121 1378 55 75 the

142 1424 87 75 fpina
243 1424 147 75 fcapulae,
414 1424 32 75 in
463 1424 56 75 the
536 1424 124 75 convex
683 1424 38 75 or
742 1424 78 75 long
844 1424 81 75 edge
949 1424 40 75 of
1007 1424 55 75 the
1086 1424 91 75 acro-

143 1471 110 75 mium,
280 1471 62 75 and
357 1471 33 75 in
407 1471 55 75 the
479 1471 90 75 third
584 1471 72 75 part
674 1471 39 75 of
731 1471 55 75 the
804 1471 139 75 anterior
966 1471 80 75 edge
1064 1471 40 75 of
1121 1471 57 75 the

143 1518 132 75 clavicle
302 1518 80 75 next
409 1518 72 75 that
509 1518 178 75 apophyfis.
744 1518 32 75 It
803 1518 174 75 furrounds
1006 1518 55 75 the
1086 1518 93 75 angle

143 1564 127 75 formed
285 1564 44 75 by
345 1564 56 75 the
418 1564 204 75 articulation
639 1564 40 75 of
689 1564 88 75 thefe
793 1564 66 75 two
874 1564 112 75 bones,
1012 1564 43 75 by
1072 1564 18 75 a
1106 1564 71 75 par-

143 1610 117 75 ticular
276 1610 84 75 flope
377 1610 63 75 and
450 1610 71 75 fold
537 1610 165 75 contrived
719 1610 52 75 for
787 1610 70 75 that
874 1610 147 75 purpofe.

190 1657 99 75 From
315 1657 116 75 thence
457 1657 27 75 it
510 1657 73 75 runs
609 1657 94 75 down
729 1657 99 75 above
853 1657 60 75 one
942 1657 88 75 third
1055 1657 40 75 of
1121 1657 57 75 the

143 1702 111 75 length
271 1702 40 75 of
322 1702 56 75 the
394 1702 38 75 os
448 1702 137 75 humeri,
611 1702 106 75 where
734 1702 25 75 it
776 1702 27 75 is
820 1702 150 75 inferred,
997 1702 43 75 by
1053 1702 19 75 a
1088 1702 90 75 thick

142 1749 133 75 tendon,
292 1749 104 75 in-the
413 1749 88 75 large
517 1749 157 75 mufcular
691 1749 102 75 rough
808 1749 177 75 impreflion
1002 1749 105 75 below
1123 1749 56 75 the

144 1795 87 75 bony
247 1795 91 75 ridge
353 1795 104 75 which
484 1795 77 75 goes
586 1795 85 75 from
688 1795 55 75 the
767 1795 91 75 great
874 1795 173 75 tuberofity
1064 1795 40 75 of
1123 1795 56 75 the

143 1844 83 75 head
242 1844 41 75 of
301 1844 56 75 the
374 1844 95 75 bone.

286 1947 447 75 PECTORALIS
782 1947 244 75 MAJOR.

187 2027 102 75 This
319 2027 27 75 is
371 2027 19 75 a
411 2027 101 75 large,
536 2027 104 75 thick,
665 2027 63 75 and
748 2027 98 75 flefhy
869 2027 133 75 mufcle,
1026 2027 151 75 covering

142 2074 55 75 the
213 2074 160 75 fore-part
388 2074 40 75 of
447 2074 56 75 the
524 2074 115 75 breafl,
663 2074 86 75 from
771 2074 55 75 the
851 2074 149 75 fternum,
1026 2074 108 75 where
1150 2074 26 75 it

141 2119 28 75 is
181 2119 77 75 very
269 2119 114 75 broad,
409 2119 35 75 to
460 2119 56 75 the
533 2119 110 75 axilla,
668 2119 108 75 where
787 2119 26 75 it
825 2119 158 75 contrails
999 2119 32 75 in
1046 2119 42 75 its
1106 2119 68 75 paf-

142 2166 71 75 fage
230 2166 35 75 to
278 2166 55 75 the
350 2166 80 75 arm.

188 2212 78 75 The
280 2212 166 75 infertions
463 2212 32 75 in
513 2212 54 75 the
583 2212 137 75 fternum
738 2212 62 75 end
816 2212 43 75 by
882 2212 18 75 a
925 2212 90 75 great
1039 2212 135 75 number

144 2260 39 75 of
205 2260 79 75 very
299 2260 87 75 Ihort
402 2260 136 75 tendons
554 2260 106 75 which
677 2260 59 75 run
756 2260 125 75 toward
909 2260 55 75 the
989 2260 121 75 middle
1138 2260 41 75 of

142 2306 55 75 the
220 2306 103 75 bone,'
339 2306 141 75 meeting
504 2306 62 75 and
590 2306 195 75 decuflating
801 2306 88 75 thofe
913 2306 84 75 from
1013 2306 56 75 the
1091 2306 84 75 fame

142 2352 118 75 mufcle
288 2352 40 75 on
357 2352 56 75 the
439 2352 95 75 other
560 2352 76 75 fide.
692 2352 76 75 The
795 2352 102 75 lower
924 2352 167 75 Infertions
1119 2352 55 75 are

141 2401 79 75 moft
231 2401 157 75 diflinilly
398 2401 172 75 digitated,
585 2401 62 75 and
658 2401 79 75 they
753 2401 70 75 mix
839 2401 78 75 with
935 2401 91 75 thofe
1040 2401 131 75 belong-

139 2446 55 75 ing
210 2446 36 75 to
262 2446 56 75 the
335 2446 105 75 reilns
455 2446 61 75 and
536 2446 150 75 obliquus
703 2446 152 75 externus
872 2446 40 75 of
930 2446 56 75 the
1003 2446 169 75 abdomen,

141 2494 90 75 there
247 2494 96 75 being
357 2494 139 75 likewife
512 2494 118 75 feveral
653 2494 140 75 fafciculi
811 2494 39 75 of
861 2494 94 75 fibres
973 2494 148 75 common
1138 2494 35 75 to

141 2539 54 75 the
208 2539 166 75 peftoralis
386 2539 78 75 with
477 2539 87 75 thefe
580 2539 149 75 mufcles.
758 2539 85 75 This
856 2539 126 75 portion
995 2539 26 75 is
1035 2539 64 75 alfo
1110 2539 62 75 fix-

141 2586 41 75 ed
198 2586 35 75 to
249 2586 56 75 the
323 2586 63 75 ribs
403 2586 44 75 by
462 2586 134 75 internal
613 2586 95 75 flelhy
724 2586 95 75 ftrata
835 2586 136 75 covered
988 2586 42 75 by
1047 2586 54 75 die
1114 2586 58 75 ex-

141 2631 102 75 ternal
260 2631 180 75 infertions,
466 2631 62 75 and
545 2631 151 75 forming,
721 2631 150 75 together
887 2631 77 75 with
983 2631 101 75 them,
1117 2631 56 75 the

146 2678 161 75 thicknefs
324 2678 40 75 of
375 2678 56 75 the
447 2678 131 75 mufcle.

188 2724 97 75 From
302 2724 114 75 thence
433 2724 42 75 all
495 2724 55 75 the
566 2724 97 75 flelhy
689 2724 95 75 fibres
813 2724 141 75 contrail
969 2724 33 75 in
1018 2724 154 75 breadth,

145 2770 62 75 and
223 2770 157 75 appfcoach
409 2770 78 75 each
512 2770 106 75 other,
642 2770 31 75 in
693 2770 86 75 their
805 2770 122 75 paffage
954 2770 41 75 to-
1013 2770 56 75 the
1092 2770 83 75 arm.

142 2815 75 75 The
235 2815 139 75 fuperior
390 2815 93 75 fibres
502 2815 58 75 run
588 2815 199 75 downward,
817 2815 124 75 joining
958 2815 90 75 thofe
1065 2815 40 75 of
1115 2815 63 75 the

144 2860 171 75 clavicular
330 2860 129 75 portion
471 2860 10 75 ;
507 2860 89 75 thofe
612 2860 80 75 next
708 2860 88 75 them
818 2860 58 75 run
897 2860 59 75 lefs
981 2860 165 75 obliquely
1160 2860 10 75 ;

143 2909 56 75 the
215 2909 168 75 following
400 2909 87 75 more
503 2909 37 75 or
555 2909 58 75 lefs
631 2909 232 75 tranfverfely;
891 2909 62 75 and
969 2909 53 75 the
1039 2909 135 75 inferior

143 2955 58 75 run
218 2955 143 75 upward,
387 2955 32 75 in
440 2955 55 75 the
512 2955 82 75 fame
611 2955 143 75 manner.

190 3002 85 75 This
291 3002 131 75 mufcle,
447 3002 148 75 together
618 3002 79 75 with
723 3002 56 75 the
805 3002 177 75 deltoides,
1006 3002 92 75 fends
1127 3002 52 75 off

1186 147 37 75 T
1339 147 40 75 O
1495 147 49 75 M
1657 147 54 75 Y.

2178 147 77 75 195

1220 214 39 75 an
1283 214 214 75 aponeurofis,
1530 214 119 75 which,
1674 214 126 75 joining
1825 214 71 75 that
1924 214 42 75 of
1987 214 57 75 the
2073 214 124 75 biceps,
2235 214 28 75 is

1220 261 113 75 fpread
1349 261 77 75 over
1443 261 56 75 the
1516 261 134 75 mufcles
1666 261 42 75 of
1718 261 56 75 the
1790 261 82 75 arm.

1379 361 443 75 LATISSIMUS
1872 361 227 75 DORSE

1265 430 100 75 This
1383 430 27 75 is
1428 430 19 75 a
1463 430 114 75 broad,
1602 430 83 75 thin,
1704 430 63 75 and
1784 430 114 75 moftly
1909 430 97 75 flefhy
2022 430 130 75 mufcle,
2169 430 92 75 lying

1218 476 147 75 between
1392 476 55 75 the
1475 476 111 75 axilla,
1611 476 109 75 where
1747 476 27 75 it
1801 476 28 75 is
1854 476 79 75 very
1961 476 138 75 narrow,
2125 476 63 75 and
2203 476 58 75 the

1220 522 82 75 back
1319 522 41 75 on
1377 522 105 75 which
1499 522 27 75 it
1541 522 143 75 expands
1707 522 90 75 itfelf
1816 522 43 75 by
1876 522 146 75 radiated
2046 522 107 75 fibres,
2180 522 81 75 both

1220 569 32 75 in
1272 569 111 75 length
1407 569 63 75 and
1492 569 149 75 breadth,
1675 569 85 75 from
1777 569 56 75 the
1850 569 119 75 middle
1987 569 40 75 of
2049 569 55 75 the
2121 569 82 75 back
2215 569 44 75 all

1221 616 55 75 the
1299 616 72 75 way
1395 616 36 75 to
1454 616 57 75 the
1534 616 102 75 lower
1657 616 72 75 part
1753 616 41 75 of
1816 616 57 75 the
1890 616 89 75 regio
1995 616 175 75 lumbaris;
2197 616 65 75 and

1221 662 84 75 from
1322 662 64 75 this
1404 662 147 75 fituation
1566 662 27 75 it
1615 662 58 75 has
1689 662 41 75 its
1747 662 105 75 name.

1268 708 47 75 Its
1339 708 167 75 infertions
1524 708 52 75 are
1593 708 109 75 partly
1723 708 182 75 tendinous,
1930 708 64 75 and
2020 708 109 75 partly
2147 708 111 75 flefhy.

1221 754 39 75 In
1276 754 56 75 the
1348 754 65 75 firft
1429 754 102 75 place,
1559 754 27 75 it
1606 754 26 75 is
1648 754 192 75 fometimes,
1866 754 58 75 but
1941 754 56 75 not
2014 754 132 75 always,
2171 754 90 75 fixed

1222 801 32 75 in
1271 801 56 75 the
1342 801 134 75 inferior
1495 801 83 75 cofta
1594 801 41 75 of
1654 801 56 75 the
1734 801 126 75 fcapula
1884 801 76 75 near
1976 801 55 75 the
2048 801 105 75 angle,
2182 801 43 75 by
2242 801 19 75 a

1220 848 168 75 fafciculus
1407 848 40 75 of
1457 848 97 75 flefhy
1570 848 109 75 fibres.
1727 848 38 75 In
1779 848 55 75 the
1851 848 79 75 next
1947 848 103 75 place,
2076 848 26 75 it
2118 848 26 75 is
2168 848 91 75 fixed

1222 894 43 75 by
1280 894 40 75 an
1337 894 214 75 aponeurofis,
1576 894 31 75 in
1636 894 56 75 the
1708 894 99 75 fpinal
1825 894 173 75 apophyfes
2016 894 40 75 of
2077 894 55 75 the
2148 894 48 75 fix
2221 894 37 75 or

1221 940 103 75 feven,
1350 940 64 75 and
1436 940 180 75 fometimes
1634 940 89 75 eight
1738 940 109 75 loweft
1863 940 155 75 vertebrae
2035 940 40 75 of
2090 940 56 75 the
2162 940 95 75 back,

1221 987 31 75 in
1270 987 91 75 thofe
1384 987 41 75 of
1446 987 43 75 all
1506 987 56 75 the
1578 987 155 75 vertebrae
1750 987 40 75 of
1801 987 56 75 the
1873 987 96 75 loins,
1994 987 33 75 in
2044 987 56 75 the
2116 987 144 75 fuperior

1220 1034 99 75 fpines
1338 1034 65 75 and
1422 1034 114 75 lateral
1553 1034 87 75 parts
1658 1034 41 75 of
1710 1034 56 75 the
1782 1034 36 75 os
1835 1034 136 75 facrum,
1998 1034 73 75 and.
2076 1034 33 75 in
2124 1034 60 75 the
2197 1034 60 75 ex-

1222 1080 102 75 ternal
1339 1080 122 75 labium
1481 1080 40 75 of
1533 1080 56 75 the
1606 1080 153 75 pofterior
1775 1080 73 75 part
1863 1080 40 75 of
1915 1080 55 75 the
1990 1080 35 75 os
2043 1080 103 75 ilium.

1481 1183 223 75 TERES
1752 1183 245 75 MAJOR.

1268 1258 101 75 This
1394 1258 28 75 is
1447 1258 18 75 a
1490 1258 88 75 long,
1605 1258 100 75 thick,
1732 1258 55 75 flat
1811 1258 130 75 mufcle,
1967 1258 134 75 fituated
2129 1258 18 75 a
2175 1258 85 75 little

1222 1305 166 75 obliquely
1404 1305 144 75 between
1566 1305 55 75 the
1638 1305 135 75 inferior
1792 1305 93 75 angle
1902 1305 40 75 of
1961 1305 56 75 the
2032 1305 139 75 fcapula,
2197 1305 64 75 and

1223 1351 53 75 the
1293 1351 99 75 upper
1409 1351 71 75 part
1496 1351 41 75 of
1552 1351 55 75 the
1624 1351 80 75 arm.

1271 1398 30 75 It
1318 1398 27 75 is
1362 1398 88 75 fixed
1466 1398 44 75 by
1526 1398 41 75 its
1585 1398 152 75 pofterior
1761 1398 96 75 flefhy
1873 1398 177 75 extremity
2073 1398 32 75 in
2134 1398 42 75 all
2204 1398 59 75 the

1222 1444 88 75 large
1327 1444 131 75 angular
1474 1444 124 75 furface
1613 1444 42 75 on
1672 1444 57 75 the
1741 1444 120 75 outfide
1878 1444 41 75 of
1930 1444 56 75 the
2001 1444 139 75 fcapula,
2159 1444 32 75 in
2204 1444 55 75 the

1223 1491 132 75 inferior
1371 1491 85 75 colta
1472 1491 41 75 of
1524 1491 70 75 that
1616 1491 95 75 bone,
1740 1491 63 75 and
1819 1491 76 75 near
1922 1491 72 75 the.
2006 1491 105 75 angle.
2160 1491 100 75 From

1224 1536 114 75 thence
1354 1536 26 75 it
1397 1536 155 75 advances
1565 1536 78 75 with
1659 1536 210 75 longitudinal
1886 1536 95 75 fibres
1999 1536 124 75 toward
2132 1536 55 75 the
2199 1536 59 75 up-

1224 1584 57 75 per
1306 1584 131 75 quarter
1464 1584 40 75 of
1523 1584 56 75 the
1603 1584 37 75 os
1667 1584 137 75 humeri,
1830 1584 205 75 terminating
2062 1584 32 75 in
2118 1584 18 75 a
2158 1584 104 75 broad

1224 1630 55 75 flat
1295 1630 119 75 tendon
1430 1630 195 75 intermixed
1640 1630 80 75 with
1734 1630 87 75 fome
1836 1630 98 75 fiefhy
1961 1630 108 75 fibres,
2094 1630 107 75 which
2225 1630 36 75 at

1224 1677 55 75 the
1295 1677 99 75 upper
1410 1677 80 75 edge
1503 1677 53 75 are
1569 1677 171 75 continued
1758 1677 42 75 all
1811 1677 56 75 the
1883 1677 72 75 way
1971 1677 35 75 to
2023 1677 56 75 the
2093 1677 167 75 infertion,

1225 1723 87 75 lying
1332 1723 31 75 in
1383 1723 55 75 the
1455 1723 82 75 fame
1555 1723 88 75 place
1660 1723 79 75 with
1756 1723 54 75 the
1828 1723 133 75 tendon.

1272 1770 30 75 It
1322 1770 27 75 is
1370 1770 150 75 inferted,
1546 1770 50 75 by.
1606 1770 40 75 its
1664 1770 141 75 anterior
1822 1770 189 75 extremity,
2037 1770 32 75 at
2087 1770 56 75 the
2158 1770 104 75 lower

1223 1817 71 75 part
1322 1817 39 75 of
1373 1817 56 75 the
1445 1817 87 75 bony
1551 1817 90 75 ridge
1657 1817 41 75 of
1709 1817 56 75 the
1781 1817 88 75 fmall
1886 1817 188 75 tuberqfity,
2093 1817 96 75 along
2201 1817 59 75 the

1224 1864 80 75 edge
1322 1864 40 75 of
1373 1864 55 75 the
1444 1864 147 75 channel,
1610 1864 111 75 almoft
1737 1864 141 75 oppofite
1894 1864 47 75 to,
1968 1864 61 75 and
2045 1864 180 75 fometimes
2239 1864 21 75 a

1223 1911 84 75 little
1323 1911 100 75 lower
1439 1911 77 75 than
1535 1911 56 75 the
1607 1911 150 75 infertion
1771 1911 40 75 of
1823 1911 54 75 the
1890 1911 165 75 peftoralis
2072 1911 116 75 major.
2226 1911 34 75 It

1222 1957 79 75 lines
1319 1957 55 75 the
1391 1957 107 75 cavity
1509 1957 41 75 of
1561 1957 55 75 the
1629 1957 134 75 channel
1780 1957 43 75 by
1840 1957 19 75 a
1874 1957 168 75 tendinous
2059 1957 197 75 elongation,

1223 2003 105 75 which
1341 2003 87 75 joins
1445 2003 70 75 that
1539 2003 86 75 from
1653 2003 56 75 the
1736 2003 183 75 petftoralis,
1943 2003 62 75 and
2028 2003 101 75 feems
2157 2003 36 75 to
2218 2003 40 75 be

1223 2049 171 75 continued
1410 2049 80 75 with
1505 2049 39 75 it.

1481 2152 225 75 TERES
1747 2152 240 75 MINOR.

1267 2223 104 75 This
1398 2223 33 75 is.
1455 2223 19 75 a
1500 2223 80 75 very
1602 2223 97 75 flefhy
1717 2223 129 75 mufcle,
1872 2223 189 75 refembling
2089 2223 55 75 the
2172 2223 84 75 t^res

1221 2269 115 75 major,
1362 2269 57 75 but
1437 2269 161 75 narrower
1617 2269 61 75 and
1694 2269 136 75 fhorter.
1878 2269 33 75 It
1927 2269 58 75 lies
2003 2269 102 75 above
2121 2269 56 75 the
2200 2269 58 75 laft

1221 2315 115 75 named
1351 2315 132 75 mufcle,
1508 2315 146 75 between
1671 2315 56 75 die
1746 2315 84 75 cofta
1845 2315 134 75 inferior
1994 2315 41 75 of
2046 2315 55 75 the
2116 2315 138 75 fcapula,

1222 2362 61 75 and
1300 2362 56 75 the
1378 2362 82 75 head
1478 2362 39 75 of
1529 2362 56 75 the
1601 2362 34 75 os
1654 2362 138 75 humeri.

1268 2408 32 75 It
1316 2408 26 75 is
1360 2408 86 75 fixed
1464 2408 45 75 by
1524 2408 61 75 one
1601 2408 62 75 end
1680 2408 35 75 to
1733 2408 41 75 all
1787 2408 56 75 the
1860 2408 119 75 middle
1997 2408 72 75 part
2084 2408 40 75 of
2135 2408 55 75 the
2205 2408 49 75 in-

1220 2455 100 75 ferior
1335 2455 85 75 cofta
1436 2455 40 75 of
1482 2455 59 75 the
1555 2455 137 75 fcapula,
1710 2455 64 75 and
1789 2455 38 75 to
1842 2455 55 75 the
1913 2455 79 75 long
2001 2455 174 75 particular
2186 2455 68 75 fur-

1219 2502 72 75 face
1321 2502 219 75 immediately
1556 2502 99 75 above
1683 2502 71 75 that
1779 2502 96 75 cofta,
1909 2502 151 75 reaching
2086 2502 85 75 from
2197 2502 63 75 the

1220 2547 89 75 great
1327 2547 131 75 angular
1473 2547 123 75 furface
1612 2547 75 75 near
1704 2547 56 75 the
1776 2547 81 75 neck
1874 2547 41 75 of
1927 2547 55 75 the
2008 2547 96 75 bone.
2155 2547 99 75 From

1219 2594 113 75 thence
1350 2594 25 75 it
1391 2594 74 75 runs
1479 2594 120 75 wholly
1615 2594 109 75 fiefhy,
1741 2594 50 75 till
1807 2594 25 75 it
1850 2594 137 75 changes
2004 2594 69 75 into
2086 2594 85 75 a.flat
2183 2594 70 75 ten-

1221 2640 76 75 don,
1316 2640 105 75 which
1438 2640 26 75 is
1481 2640 137 75 inferted
1635 2640 31 75 in
1685 2640 54 75 the
1755 2640 155 75 pofterior
1927 2640 38 75 or
1981 2640 133 75 inferior
2130 2640 124 75 furface

1219 2688 40 75 of
1271 2688 54 75 the
1342 2688 91 75 great
1447 2688 135 75 tuberofi
1587 2688 33 75 ty
1638 2688 40 75 of
1686 2688 53 75 the
1755 2688 84 75 head
1854 2688 41 75 of
1905 2688 55 75 the
1977 2688 95 75 bone,
2099 2688 62 75 and
2172 2688 64 75 like
2243 2688 10 75 -

1219 2734 73 75 wife
1310 2734 19 75 a
1344 2734 84 75 little
1444 2734 99 75 lower
1560 2734 108 75 down.

1430 2837 609 75 INFRASPINATUS.

1267 2913 99 75 This
1384 2913 27 75 is
1428 2913 18 75 a
1462 2913 187 75 triangular,
1672 2913 108 75 flefhy,
1800 2913 62 75 and
1878 2913 110 75 pretty
2004 2913 101 75 broad
2122 2913 139 75 mufcie,.

1219 2958 30 75 in
1269 2958 87 75 fome
1372 2958 140 75 meafure
1529 2958 193 75 penniform,
1747 2958 101 75 filling
1866 2958 53 75 the
1937 2958 106 75 whole
2049 2958 212 75 infra-fpiual.

1220 3005 105 75 cavity
1341 3005 38 75 or
1395 3005 80 75 fofia
1491 3005 39 75 of
1543 3005 55 75 the
1615 3005 140 75 fcapula.

2221 3055 40 75 It,
