2493 3387
564 174 44 75 A
666 174 28 75 S
753 174 37 75 C

1150 174 20 75 (
1225 174 84 75 429

204 242 74 75 AS,
296 242 32 75 in
342 242 174 75 antiquity,
534 242 18 75 a
563 242 174 75 particular
748 242 132 75 weight,
900 242 164 75 confining
1076 242 41 75 of
1127 242 117 75 twelve

249 288 131 75 ounces,
414 288 98 75 being
535 288 57 75 the
615 288 84 75 fame
724 288 84 75 with,
829 288 93 75 libra,
965 288 39 75 or
1030 288 56 75 the
1113 288 129 75 Roman

248 334 121 75 pound.
419 334 32 75 It
469 334 64 75 was
551 334 67 75 alfo
632 334 56 75 the
701 334 91 75 nantie
804 334 39 75 of
857 334 19 75 a
890 334 128 75 Roman
1030 334 86 75 coin,
1133 334 107 75 which

250 381 65 75 was
332 381 40 75 of
383 381 150 75 different
550 381 118 75 matter
684 381 63 75 and
771 381 133 75 weight,
929 381 173 75 according
1125 381 35 75 to
1182 381 58 75 the

249 428 151 75 different
417 428 73 75 ages
507 428 41 75 of
567 428 56 75 the
640 428 279 75 commonwealth.
969 428 32 75 It
1026 428 27 75 is
1079 428 68 75 alfo
1161 428 79 75 ufed

247 474 36 75 to
299 474 114 75 figmfy
429 474 40 75 an
485 474 136 75 integer,
639 474 141 75 divifible
796 474 71 75 into
886 474 113 75 twelve
1016 474 86 75 parts
1115 474 10 75 ;
1146 474 92 75 from

248 521 104 75 which
371 521 58 75 laft
444 521 201 75 acceptation
662 521 26 75 it
704 521 140 75 fignified
861 521 19 75 a
896 521 105 75 whole
1027 521 208 75 inheritance.

199 569 329 75 ASAFOETIDA,
554 569 32 75 in
611 569 56 75 the
692 569 133 75 materia
848 569 135 75 medica,
1008 569 56 75 the
1088 569 149 75 concrete

243 616 89 75 juice
347 616 40 75 of
407 616 19 75 a
443 616 87 75 large
546 616 242 75 umbelliferous
806 616 87 75 plant
911 616 145 75 growing
1066 616 33 75 in
1116 616 118 75 Perfia.

248 663 86 75 This
354 663 89 75 juice
459 663 138 75 exfudes
613 663 85 75 from
722 663 132 75 wounds
874 663 91 75 made
986 663 32 75 in
1035 663 55 75 the
1110 663 73 75 root
1200 663 40 75 of

246 709 56 75 the
319 709 101 75 plant,
439 709 103 75 liquid
558 709 64 75 and
633 709 98 75 white
748 709 65 75 like
826 709 92 75 milkv
964 709 112 75 When
1093 709 144 75 expofed

245 755 36 75 to
298 755 56 75 the
371 755 59 75 air,
455 755 25 75 it
497 755 90 75 turns
604 755 41 75 of
664 755 19 75 a
699 755 155 75 brownilh
878 755 125 75 colour,
1030 755 63 75 and
1115 755 118 75 gradu-

245 802 67 75 ally
336 802 146 75 acquires
506 802 151 75 different
682 802 133 75 degrees
841 802 41 75 of
900 802 200 75 confidence.
1150 802 33 75 It
1206 802 27 75 is

246 850 140 75 brought
402 850 37 75 to
454 850 36 75 us
507 850 32 75 in
563 850 89 75 large
676 850 157 75 irregular
856 850 123 75 maffes,
1004 850 171 75 compofed
1198 850 41 75 of

244 897 127 75 various
388 897 84 75 little
486 897 123 75 fiiining
625 897 120 75 grains,
770 897 104 75 which
892 897 53 75 are
968 897 110 75 partly
1094 897 138 75 whitilh,

244 943 106 75 partly
367 943 137 75 reddilh,
531 943 63 75 and
607 943 112 75 .partly
734 943 42 75 of
794 943 20 75 a
828 943 244 75 violet’colour.
1121 943 112 75 Thofe

170 990 3 75 '
242 990 110 75 maffes
378 990 54 75 are
458 990 177 75 accounted
656 990 57 75 the
736 990 68 75 beft
828 990 107 75 which
962 990 53 75 are
1032 990 98 75 clear,
1156 990 41 75 of
1216 990 20 75 a

243 1037 72 75 pale
331 1037 124 75 reddilh
471 1037 126 75 colour,
622 1037 64 75 and
700 1037 185 75 variegated
899 1037 80 75 with
996 1037 18 75 a
1031 1037 91 75 great
1142 1037 91 75 num-

243 1083 59 75 ber
318 1083 39 75 of
377 1083 126 75 elegant
520 1083 98 75 white
636 1083 97 75 tears.
782 1083 86 75 This
895 1083 84 75 drug
1003 1083 58 75 has
1084 1083 19 75 a
1127 1083 109 75 ftrong

241 1130 98 75 foetid
363 1130 87 75 fmell
476 1130 65 75 like
565 1130 116 75 garlic,
715 1130 62 75 and
805 1130 19 75 a
851 1130 111 75 bitter,
997 1130 101 75 acrid,
1132 1130 104 75 biting

243 1177 90 75 tafte.
383 1177 31 75 It
431 1177 27 75 is
482 1177 185 75 frequently
692 1177 76 75 ufed
792 1177 32 75 in
849 1177 139 75 hyfteric
1012 1177 62 75 and
1098 1177 136 75 nervous

242 1224 201 75 complaints,
469 1224 148 75 flatulent
634 1224 111 75 colics,
770 1224 62 75 and
850 1224 34 75 as
902 1224 18 75 a
937 1224 165 75 promoter
1118 1224 41 75 of
1178 1224 56 75 the

241 1271 134 75 menfes.
424 1271 34 75 It
481 1271 27 75 is
532 1271 139 75 likewife
695 1271 39 75 an
759 1271 180 75 ingredient
963 1271 33 75 in
1023 1271 57 75 the
1095 1271 157 75 officinal'

241 1318 180 75 gum-pills,
448 1318 62 75 and
526 1318 119 75 feveral
663 1318 94 75 other
773 1318 236 75 compofitions.

194 1365 96 75 ASA
309 1365 120 75 dulcis.
478 1365 62 75 See
557 1365 201 75 Benzoin.

884 1365 12 75 *

194 1411 172 75 ASAPH,
392 1411 37 75 or
446 1411 42 75 St
510 1411 146 75 Asaph,
681 1411 19 75 a
722 1411 67 75 city
812 1411 40 75 of
871 1411 169 75 Flintlhire
1064 1411 33 75 in
1121 1411 111 75 North

243 1456 127 75 Wales,
396 1456 134 75 fituated
546 1456 98 75 about
662 1456 44 75 20
723 1456 92 75 miles
831 1456 48 75 N.
897 1456 62 75 W.
977 1456 41 75 of
1036 1456 146 75 Chefter,
1199 1456 33 75 in

246 1504 42 75 30
288 1486 22 49 9
332 1504 43 75 go
375 1486 11 49 7
403 1504 60 75 W.
481 1504 90 75 long,
597 1504 64 75 and
679 1504 41 75 53
720 1486 25 49 0
770 1504 39 75 i8
809 1486 12 49 7
839 1504 48 75 N.
905 1504 60 75 lat.

193 1550 224 75 ASAPPES,
442 1550 39 75 or
497 1550 174 75 Azapes,
689 1550 31 75 in
737 1550 209 75 theTurkilh
964 1550 126 75 armies,
1109 1550 19 75 a
1138 1550 93 75 name

242 1596 91 75 given
352 1596 34 75 to
410 1596 56 75 the
482 1596 160 75 auxiliary
658 1596 111 75 troops
785 1596 106 75 which
919 1596 77 75 they
1021 1596 77 75 raife
1116 1596 116 75 among

241 1643 55 75 the
313 1643 175 75 Chriftians
505 1643 102 75 under
623 1643 86 75 their
724 1643 177 75 dominion,
919 1643 63 75 and
999 1643 117 75 expofe
1128 1643 35 75 to
1176 1643 56 75 the

240 1689 65 75 firft
321 1689 96 75 Ihock
430 1689 40 75 of
489 1689 57 75 the
563 1689 127 75 enemy.

194 1737 339 75 ASARABACCA,
558 1737 31 75 in
608 1737 132 75 botany.
791 1737 255 75 SeeAsARUM.

193 1783 60 75 AS
258 1783 166 75 ARINA,
465 1783 32 75 in
527 1783 132 75 botany,
696 1783 18 75 a
741 1783 163 75 fynonime
932 1783 40 75 of
1002 1783 55 75 the
1084 1783 147 75 chelone.

243 1829 60 75 See
321 1829 202 75 Chelone.

189 1878 221 75 ASARUM,
435 1878 33 75 in
485 1878 132 75 botany,
643 1878 19 75 a
678 1878 100 75 genus
795 1878 40 75 of
854 1878 56 75 the
926 1878 219 75 dodecandria
1160 1878 70 75 mo-

238 1923 141 75 nogynia
404 1923 92 75 clafs.
544 1923 78 75 The
645 1923 124 75 afarum
793 1923 26 75 is
846 1923 192 75 quinquifid,
1065 1923 62 75 and
1152 1923 77 75 refts

236 1971 41 75 on
295 1971 55 75 the
366 1971 152 75 germen;
544 1971 26 75 it
595 1971 56 75 has
678 1971 43 75 no
743 1971 135 75 corolla.
926 1971 78 75 The
1031 1971 118 75 fpecies
1174 1971 55 75 are

237 2017 87 75 four,
357 2017 77 75 only
458 2017 61 75 one
545 2017 40 75 of
604 2017 118 75 which,
746 2017 71 75 viz.
849 2017 56 75 the
933 2017 194 75 europseum,
1159 2017 25 75 is
1210 2017 18 75 a

237 2063 106 75 native
359 2063 41 75 of
418 2063 138 75 Britain.
614 2063 32 75 It
673 2063 27 75 is
730 2063 18 75 a
776 2063 106 75 ftrong
908 2063 225 75 fternutatory,
1164 2063 64 75 and

237 2110 159 75 occafions
420 2110 91 75 great
534 2110 216 75 evacuations,
775 2110 80 75 both
871 2110 147 75 upwards
1036 2110 62 75 and
1114 2110 112 75 down-

238 2154 116 75 wards.

186 2202 265 75 ASBESTOS,
476 2202 19 75 a
508 2202 68 75 fort
592 2202 41 75 of
652 2202 106 75 native
782 2202 98 75 foflile
904 2202 100 75 ftone,
1028 2202 105 75 which
1151 2202 77 75 may

237 2247 39 75 be
293 2247 74 75 fplit
388 2247 69 75 into
473 2247 130 75 threads
627 2247 64 75 and
715 2247 172 75 filaments,
914 2247 85 75 from
1015 2247 61 75 one
1092 2247 75 75 inch
1190 2247 36 75 to

236 2294 55 75 ten
305 2294 109 75 inches
430 2294 33 75 in
479 2294 123 75 length-,
623 2294 83 75 very
721 2294 76 75 finq,
821 2294 125 75 brittle,
967 2294 59 75 yet
1050 2294 175 75 fomewhat

235 2340 166 75 traftable,
427 2340 90 75 filky,
542 2340 63 75 and
628 2340 41 75 of
687 2340 19 75 a
730 2340 123 75 greyilh
876 2340 124 75 colour,
1035 2340 57 75 not
1116 2340 108 75 unlike

237 2386 65 75 talc
319 2386 41 75 of
379 2386 135 75 Venice.
563 2386 32 75 It
611 2386 27 75 is
664 2386 110 75 almoft
800 2386 111 75 infipid
935 2386 35 75 to
987 2386 55 75 the
1058 2386 91 75 tafte,
1174 2386 48 75 in-

236 2435 166 75 diffoluble
425 2435 31 75 in
481 2435 111 75 water,
618 2435 64 75 and
705 2435 127 75 endued
856 2435 79 75 with
962 2435 55 75 the
1041 2435 180 75 wonderful

235 2480 154 75 property
404 2480 40 75 of
463 2480 174 75 remaining
652 2480 214 75 unconfumed
883 2480 32 75 in
938 2480 56 75 the
1019 2480 69 75 fire,
1114 2480 107 75 which

234 2527 78 75 only
335 2527 134 75 tvhitens
493 2527 40 75 it.
582 2527 78 75 But,
685 2527 282 75 notwithftanding
990 2527 57 75 the
1073 2527 148 75 common

233 2573 142 75 opinion,
412 2573 33 75 in
469 2573 67 75 two
560 2573 90 75 trials
674 2573 112 75 before
810 2573 55 75 the
889 2573 108 75 Royal
1024 2573 145 75 Society,
1202 2573 20 75 a

233 2619 146 75 piece'of
398 2619 88 75 cloth
504 2619 91 75 made
615 2619 40 75 of
674 2619 64 75 this
759 2619 86 75 ftone
863 2619 64 75 was
944 2619 102 75 found
1061 2619 36 75 to
1114 2619 64 75 lofe
1203 2619 18 75 a

232 2667 91 75 dram
340 2667 40 75 of
405 2667 43 75 its
480 2667 120 75 weight
626 2667 80 75 each
737 2667 91 75 time.
887 2667 104 75 Paper
1020 2667 34 75 as
1086 2667 74 75 well
1185 2667 34 75 as

232 2713 90 75 cloth
347 2713 58 75 has
434 2713 79 75 been
538 2713 92 75 made
658 2713 41 75 of
716 2713 48 75 it;
790 2713 62 75 and
878 2713 96 75 Pliny
997 2713 68 75 fays
1089 2713 42 75 he
1153 2713 76 75 had.

231 2760 75 75 feen
321 2760 133 75 napkins
472 2760 39 75 of
529 2760 39 75 it,
594 2760 117 75 which,
736 2760 97 75 being
847 2760 95 75 taken
966 2760 72 75 foul
1054 2760 85 75 from
1163 2760 57 75 the

234 2807 103 75 table,
362 2807 87 75 were
475 2807 126 75 thrown
626 2807 69 75 into
712 2807 55 75 the
793 2807 69 75 fire,
887 2807 62 75 and
966 2807 105 75 better
1088 2807 133 75 fcoured

233 2853 78 75 than
329 2853 31 75 if
380 2853 78 75 they
474 2853 65 75 had
555 2853 79 75 been
661 2853 86 75 wafh'
747 2853 37 75 ed
806 2853 34 75 in
864 2853 115 75 water.
1029 2853 86 75 This
1131 2853 88 75 ftone

231 2900 27 75 is
274 2900 102 75 found
391 2900 32 75 in
441 2900 94 75 many
551 2900 107 75 places
675 2900 40 75 of
727 2900 76 75 Afia
819 2900 62 75 and
898 2900 130 75 Europe
1042 2900 10 75 ;
1079 2900 138 75 particu-

230 2945 83 75 larly
330 2945 30 75 in
379 2945 55 75 the
450 2945 99 75 ifland
566 2945 40 75 of
617 2945 162 75 Anglefey
795 2945 32 75 in
843 2945 129 75 Wales,
990 2945 62 75 and
1064 2945 32 75 in
1110 2945 107 75 Aber-

231 2994 160 75 deenfhire
407 2994 32 75 irt
454 2994 166 75 Scotland.

183 3041 218 75 ASCARIS,
427 3041 32 75 in
477 3041 153 75 zoology,
656 3041 135 75 a.genus
808 3041 41 75 of
867 3041 111 75 infeds
994 3041 172 75 belonging
1181 3041 36 75 to

278 3087 101 75 Vol.
403 3087 31 75 I.
482 3087 71 75 No.
583 3087 54 75 18.

828 3087 19 75 3

1367 177 19 75 )

1741 177 42 75 A
1841 177 29 75 S
1931 177 36 75 C

1340 238 56 75 the
1413 238 95 75 order
1524 238 42 75 of
1584 238 124 75 vermes
1723 238 159 75 inteftina.
1930 238 78 75 The
2031 238 89 75 body
2141 238 117 75 of'the
2282 238 39 75 a"

1339 285 82 75 caris
1437 285 27 75 is
1482 285 203 75 cylindrical,
1711 285 144 75 filiform,
1881 285 63 75 and
1960 285 105 75 tapers
2081 285 34 75 at
2132 285 77 75 both
2234 285 93 75 ends-

1337 332 76 75 The
1425 332 118 75 fpecies
1558 332 53 75 are
1624 332 79 75 two,
1722 332 71 75 viz.
1815 332 30 75 1.
1861 332 78 75 The
1951 332 218 75 vermicularis
2185 332 27 75 is
2230 332 99 75 abo«t

1334 379 19 75 a
1370 379 131 75 quarter
1516 379 41 75 of
1576 379 39 75 an
1632 379 75 75 inch
1732 379 88 75 long,
1850 379 63 75 and
1937 379 27 75 is
1988 379 103 75 found
2111 379 33 75 in
2168 379 101 75 lakes,
2294 379 35 75 in

1334 426 56 75 the
1406 426 89 75 roots
1512 426 41 75 of
1572 426 108 75 putrid
1695 426 117 75 plants,
1838 426 62 75 and
1917 426 78 75 very
2011 426 187 75 frequently
2214 426 33 75 in
2265 426 62 75 the

1334 473 120 75 redtum
1471 473 41 75 of
1522 473 144 75 children
1683 473 62 75 and
1767 473 122 75 horfes.
1939 473 34 75 2.
1998 473 78 75 The
2098 473 227 75 lumbricoides

1332 519 27 75 is
1377 519 98 75 about
1491 519 56 75 the
1560 519 83 75 fame
1659 519 112 75 length
1788 519 79 75 with
1884 519 55 75 the
1955 519 174 75 lumbricus
2154 519 169 75 terreftris,

1334 566 37 75 or
1387 566 146 75 common
1550 566 224 75 earth-worm,
1798 566 59 75 but
1880 566 27 75 it
1923 566 102 75 wants
2042 566 56 75 the
2114 566 211 75 protuberant

1334 612 69 75 ring
1420 612 140 75 towards
1578 612 57 75 the
1653 612 122 75 middle
1795 612 41 75 of
1854 612 56 75 the
1934 612 100 75 body,
2060 612 56 75 the
2133 612 77 75 only
2233 612 92 75 mark

1331 659 44 75 by
1399 659 105 75 which
1532 659 80 75 they
1635 659 58 75 can
1719 659 151 75 properly
1894 659 40 75 be
1958 659 238 75 diftinguifhed.
2244 659 80 75 The

1333 706 90 75 body
1436 706 41 75 of
1496 706 55 75 the
1567 706 227 75 lumbricoides
1811 706 27 75 is
1855 706 201 75 cylindrical,
2082 706 63 75 and
2156 706 169 75 fubulated

1331 753 33 75 at
1375 753 79 75 each
1467 753 176 75 extremity
1655 753 10 75 ;
1683 753 60 75 but
1758 753 57 75 the
1832 753 56 75 tail
1906 753 26 75 is
1945 753 173 75 fomewhat
2132 753 190 75 triangular.

1331 801 77 75 The
1423 801 228 75 lumbricoides
1663 801 27 75 is
1707 801 57 75 the
1780 801 101 75 worm
1900 801 105 75 which
2021 801 26 75 is
2061 801 79 75 moft
2157 801 149 75 commcn
2314 801 9 75 -

1330 848 35 75 ly
1377 848 102 75 found
1493 848 33 75 in
1543 848 57 75 the
1612 848 116 75 human
1749 848 175 75 inteftines.
1974 848 68 75 For
2058 848 56 75 the
2131 848 132 75 method
2287 848 42 75 of

1330 895 164 75 expelling
1510 895 89 75 thefe
1621 895 66 75 two
1707 895 95 75 kinds
1818 895 41 75 of
1877 895 126 75 infedts,
2029 895 51 75 fee
2097 895 222 75 Medicine,

1332 941 52 75 Of
1399 941 7 75 '
1406 941 124 75 worms.

1283 989 345 75 ASCENDANTS,
1646 989 31 75 in
1693 989 76 75 law,
1787 989 53 75 are
1854 989 139 75 oppofed
2006 989 35 75 to
2058 989 210 75 defcendents
2285 989 34 75 in

1330 1034 32 75 in
1375 1034 164 75 fucceflion
1551 1034 11 75 ;
1588 1034 25 75 i.
1630 1034 30 75 e.
1684 1034 95 75 when
1799 1034 18 75 a
1835 1034 105 75 father
1957 1034 150 75 fupceeds
2124 1034 52 75 his
2187 1034 69 75 fon,
2282 1034 39 75 or

1331 1081 38 75 an
1390 1081 95 75 uncle
1503 1081 51 75 his
1571 1081 147 75 nephew,
1745 1081 66 75 fac.
1836 1081 143 75 heritage
2002 1081 28 75 is
2053 1081 67 75 laid
2140 1081 35 75 to
2192 1081 127 75 afcend,

1332 1127 36 75 or
1385 1127 42 75 go
1441 1127 34 75 to
1493 1127 198 75 afcendants.

1282 1176 293 75 ASCENDENS
1592 1176 158 75 obliqum,
1775 1176 56 75 the
1848 1176 84 75 fame
1943 1176 79 75 with
2035 1176 56 75 the
2102 1176 152 75 obliquus
2271 1176 48 75 in-

1331 1222 108 75 ternus
1452 1222 191 75 abdominis.
1695 1222 61 75 See
1774 1222 217 75 Anatomy,
2017 1222 32 75 p.
2075 1222 75 75 192.

1283 1269 305 75 ASCENDING,
1613 1269 32 75 in
1663 1269 192 75 aftronomy,
1880 1269 26 75 is
1932 1269 66 75 faid
2021 1269 42 75 of
2081 1269 77 75 fuch
2185 1269 75 75 ftars
2283 1269 35 75 as

1329 1315 54 75 are
1399 1315 94 75 riling
1510 1315 101 75 above
1628 1315 56 75 the
1699 1315 138 75 horizon
1852 1315 34 75 in
1902 1315 62 75 any
1987 1315 198 75 parallel"of
2204 1315 55 75 the
2284 1315 34 75 e-

1329 1362 128 75 quator.

1282 1410 235 75 Ascending
1537 1410 119 75 vejfels,
1681 1410 32 75 in
1731 1410 163 75 anatomy,
1920 1410 90 75 thofe
2029 1410 108 75 which
2153 1410 94 75 carry
2262 1410 57 75 the

1331 1456 98 75 blood
1446 1456 163 75 upwards,
1635 1456 35 75 as
1688 1456 55 75 the
1759 1456 96 75 aorta
1871 1456 182 75 afcendens.

1281 1504 291 75 ASCENSION,
1590 1504 33 75 in
1639 1504 195 75 aftronomy,
1850 1504 28 75 is
1895 1504 103 75 either
2014 1504 88 75 right
2118 1504 39 75 or
2172 1504 143 75 oblique.

1320 1549 113 75 Right
1454 1549 156 75 afcenfion
1635 1549 41 75 of
1695 1549 57 75 the
1775 1549 70 75 fun,
1868 1549 38 75 or
1923 1549 19 75 a
1966 1549 74 75 ftar,
2065 1549 27 75 is
2108 1549 71 75 that
2200 1549 117 75 degree

1328 1596 40 75 of
1387 1596 56 75 the
1459 1596 206 75 equinodtial,
1690 1596 140 75 counted
1853 1596 85 75 from
1956 1596 55 75 the
2035 1596 173 75 beginning
2223 1596 40 75 of
2283 1596 33 75 a-

1329 1642 75 75 ries,
1424 1642 105 75 which
1545 1642 76 75 rifes
1639 1642 82 75 with
1736 1642 56 75 the
1809 1642 56 75 fun
1882 1642 36 75 or
1935 1642 62 75 ftar
2012 1642 32 75 in
2057 1642 19 75 a
2087 1642 87 75 right
2191 1642 124 75 fphere.

1326 1690 144 75 Oblique
1486 1690 157 75 afcenfion
1655 1690 27 75 is
1703 1690 40 75 an
1755 1690 77 75 arch
1843 1690 40 75 of
1896 1690 54 75 the
1962 1690 137 75 equator
2113 1690 204 75 intercepted

1326 1736 144 75 between
1488 1736 55 75 the
1561 1736 65 75 lirft
1646 1736 90 75 point
1752 1736 40 75 of
1810 1736 96 75 aries,
1930 1736 64 75 and
2009 1736 72 75 that
2092 1736 91 75 point
2200 1736 41 75 of
2259 1736 57 75 the

1326 1782 139 75 equator
1480 1782 106 75 which
1602 1782 76 75 rifes
1697 1782 149 75 together
1862 1782 79 75 with
1958 1782 19 75 a
1999 1782 61 75 ftar
2070 1782 38 75 jn
2128 1782 40 75 an
2184 1782 131 75 oblique

1327 1829 137 75 fphere..

1277 1876 318 75 Ascension-^/,
1635 1876 20 75 a
1682 1876 121 75 feftival
1834 1876 42 75 of
1905 1876 55 75 the
1989 1876 160 75 Chriftian
2177 1876 135 75 church,

1323 1923 77 75 held
1426 1923 54 75 ten
1511 1923 80 75 days
1623 1923 112 75 before
1766 1923 237 75 Whitfuntide,
2035 1923 33 75 in
2096 1923 146 75 memory
2275 1923 42 75 of

1325 1969 59 75 our
1410 1969 165 75 Saviour’s
1599 1969 158 75 afcenfion
1778 1969 70 75 into
1874 1969 121 75 heaven
2024 1969 84 75 after
2133 1969 51 75 his
2209 1969 102 75 refur-

1326 2016 132 75 redtion.

1274 2063 365 75 Ascension-//^7»</.
1665 2063 39 75 an
1726 2063 207 75 uninhabited
1956 2063 110 75 ifland,
2091 2063 91 75 lying
2199 2063 111 75 almoft

1322 2108 30 75 in
1379 2108 55 75 the
1458 2108 138 75 midway
1619 2108 146 75 between
1791 2108 116 75 Africa
1934 2108 63 75 and
2025 2108 126 75 Brazil,
2182 2108 32 75 in
2242 2108 65 75 iy°

1323 2156 61 75 W.
1397 2156 89 75 long,
1511 2156 62 75 and
1592 2156 18 75 7
1610 2138 24 49 0
1655 2156 37 75 S.
1709 2156 58 75 lat.

1275 2203 343 75 ASCENSIONAL
1635 2203 183 75 difference,
1835 2203 56 75 the
1908 2203 172 75 difference
2095 2203 144 75 between
2252 2203 56 75 the

1321 2248 87 75 right
1426 2248 63 75 and
1505 2248 131 75 oblique
1659 2248 157 75 afcenfion
1838 2248 41 75 of
1898 2248 54 75 the
1977 2248 84 75 fame
2085 2248 91 75 point
2200 2248 35 75 to
2251 2248 56 75 the

1320 2295 122 75 furface
1460 2295 42 75 of
1520 2295 56 75 the
1593 2295 125 75 fphere.
1768 2295 61 75 See
1845 2295 272 75 Astronomy.

1276 2342 198 75 ASCENT
1498 2342 43 75 of
1564 2342 104 75 bodies
1692 2342 41 75 on
1762 2342 146 75 inclined
1933 2342 129 75 planes.
2129 2342 62 75 See
2220 2342 84 75 Me-

1328 2388 183 75 chanics.

1271 2434 160 75 Ascent
1451 2434 43 75 of
1496 2434 119 75 fluids.
1665 2434 64 75 See
1745 2434 331 75 Hydrostatics.

1267 2482 249 75 ASCETICS,
1540 2482 33 75 in
1589 2482 270 75 church-hiftory,
1884 2482 75 75 fuch
1985 2482 177 75 Chriftians
2186 2482 33 75 in
2244 2482 58 75 the

1316 2528 159 75 primitive
1492 2528 130 75 church,
1629 2528 33 75 as
1680 2528 120 75 enured
1812 2528 187 75 themfelves
2016 2528 35 75 to
2063 2528 90 75 great
2168 2528 134 75 degrees

1315 2574 39 75 of
1373 2574 177 75 abftinence
1574 2574 63 75 and
1670 2574 126 75 falling,
1829 2574 33 75 in
1889 2574 96 75 order
2014 2574 34 75 to
2077 2574 119 75 fubdue
2217 2574 85 75 their

1314 2621 141 75 paflions.

1265 2670 438 75 ASCHAFFENBURG,
1730 2670 17 75 a
1764 2670 67 75 city
1846 2670 42 75 of
1905 2670 181 75 Germany,
2111 2670 132 75 fituated
2256 2670 43 75 on

1313 2714 55 75 the
1385 2714 83 75 river
1483 2714 135 75 Mayne,
1642 2714 33 75 in
1698 2714 57 75 the
1777 2714 96 75 circle
1898 2714 41 75 of
1957 2714 55 75 the
2029 2714 121 75 Lower
2172 2714 124 75 Rhine,

1312 2761 98 75 about
1428 2761 45 75 20
1487 2761 92 75 miles
1596 2761 62 75 call
1673 2761 41 75 of
1733 2761 188 75 Frankfort,
1945 2761 34 75 in
1997 2761 21 75 9
2018 2743 22 49 0
2058 2761 44 75 E.
2120 2761 88 75 long,
2234 2761 65 75 and

1317 2808 63 75 50°
1400 2808 12 75 1
1423 2808 28 75 s'
1468 2808 47 75 N.
1529 2808 59 75 lat.

1263 2856 214 75 ASCIDIA,
1501 2856 18 75 a
1537 2856 98 75 genus
1652 2856 40 75 of
1709 2856 112 75 infedts
1837 2856 173 75 belonging
2021 2856 36 75 to
2077 2856 56 75 the
2149 2856 96 75 order
2260 2856 43 75 of

1313 2902 120 75 vermes
1446 2902 162 75 mollufca.
1641 2902 77 75 The
1731 2902 87 75 body
1830 2902 33 75 is-
1871 2902 187 75 cylindrical
2069 2902 63 75 and
2141 2902 154 75 fheathy;

1312 2948 24 75 it
1355 2948 56 75 has
1429 2948 66 75 two
1511 2948 162 75 apertures
1691 2948 140 75 towards
1850 2948 65 75 the"
1922 2948 70 75 top,
2018 2948 54 75 the
2095 2948 60 75 one
2178 2948 18 75 a
2212 2948 86 75 little

1311 2995 102 75 lower
1428 2995 77 75 than
1522 2995 56 75 the
1595 2995 106 75 other.
1749 2995 115 75 There
1886 2995 53 75 are
1963 2995 47 75 fix
2031 2995 118 75 fpecies
2171 2995 42 75 of
2231 2995 66 75 this

1311 3044 108 75 infedt,
1443 3044 71 75 viz.
1546 3044 56 75 the
1626 3044 199 75 papillofum,
1851 3044 222 75 gelatinofum,
2096 3044 199 75 inteftinalis,

1692 3090 17 75 5

2038 3090 258 75 quadridcntata.
