2477 3395
789 161 35 75 B
943 161 40 75 O
1102 161 39 75 T

179 231 106 75 hemp,
311 231 212 75 tranfplanted
546 231 87 75 them
661 231 32 75 at
711 231 17 75 a
751 231 90 75 great
864 231 137 75 diftance
1029 231 84 75 from
1138 231 63 75 any

179 277 96 75 males
299 277 40 75 of
361 277 55 75 the
431 277 82 75 fame
529 277 110 75 genus,
660 277 65 75 and
742 277 119 75 befides
879 277 63 75 had
958 277 86 75 them
1061 277 139 75 inclofed

178 322 44 75 by
236 322 117 75 double
376 322 82 75 rows
475 322 40 75 of
536 322 131 75 hedges.
714 322 78 75 The
815 322 98 75 refult
934 322 77 75 was,
1036 322 70 75 that
1122 322 78 75 each

178 368 40 75 bf
228 368 87 75 thefe
332 368 103 75 plants
452 368 160 75 produced
629 368 89 75 great
735 368 171 75 quantities
924 368 40 75 of
975 368 105 75 fertile
1098 368 100 75 feeds.

177 414 200 75 Tournefort
393 414 91 75 made
514 414 55 75 the
585 414 83 75 fame
684 414 72 75 trial
784 414 83 75 upon
884 414 56 75 the
956 414 138 75 lupulus,
1119 414 81 75 Mil-

176 459 48 75 ler
239 459 84 75 upon
339 459 56 75 the
410 459 135 75 bryony,
571 459 62 75 and
649 459 161 75 GeofFroy
830 459 82 75 upon
930 459 54 75 the
1001 459 88 75 mays
1101 459 10 75 ;
1138 459 61 75 and

178 505 40 75 all
231 505 40 75 of
282 505 87 75 them
385 505 125 75 declare
527 505 69 75 that
609 505 54 75 the
679 505 87 75 feeds
779 505 40 75 of
841 505 85 75 thefe
943 505 105 75 plants
1065 505 83 75 were
1166 505 32 75 as

178 552 106 75 fertile
295 552 33 75 as
341 552 29 75 if
378 552 74 75 they
464 552 65 75 had
539 552 79 75 been
631 552 194 75 furrounded
837 552 43 75 by
893 552 181 75 athoufand
1088 552 109 75 males.

225 598 161 75 Linnaeus,
403 598 32 75 in
451 598 49 75 his
517 598 64 75 firft
593 598 164 75 argument
774 598 51 75 for
841 598 56 75 the
913 598 103 75 coitus
1031 598 40 75 of
1083 598 115 75 plants,

179 644 98 75 refers
294 644 95 75 every
405 644 71 75 man
489 644 34 75 to
541 644 54 75 the
611 644 163 75 evidences
787 644 39 75 of
838 644 48 75 his
899 644 113 75 fenfes.

226 689 25 75 “
276 689 56 75 Do
344 689 48 75 we
409 689 55 75 not
481 689 62 75 fee,
563 689 84 75 (fays
660 689 54 75 he)
730 689 54 75 the
801 689 109 75 ftigma
926 689 39 75 of
977 689 109 75 almoft
1102 689 96 75 every

178 735 256 75 hermaphrodite
451 735 107 75 flower
569 735 133 75 covered
719 735 77 75 over
808 735 77 75 with
899 735 54 75 the
970 735 104 75 pollen
1091 735 37 75 or
1140 735 59 75 im-

177 782 187 75 pregnating
380 782 156 75 fubftance
550 782 12 75 ?
589 782 56 75 Do
662 782 56 75 not
734 782 48 75 we
795 782 49 75 fee
860 782 56 75 the
940 782 179 75 parietaria,
1145 782 55 75 the

177 827 113 75 urtica,
404 827 44 75 by
464 827 117 75 violent
597 827 190 75 explofions,
811 827 200 75 difeharging
1028 827 84 75 their
1131 827 68 75 pol-

173 871 53 75 len
255 871 30 75 in
302 871 54 75 the
371 871 81 75 open
478 871 57 75 air,
561 871 70 75 that
655 871 25 75 it
697 871 72 75 may
794 871 40 75 be
854 871 123 75 carried
1003 871 31 75 in
1054 871 70 75 that
1140 871 53 75 ve-

177 918 81 75 hicle
273 918 35 75 to
326 918 52 75 the
402 918 142 75 ftigmata
562 918 40 75 of
624 918 85 75 their
724 918 169 75 refpefHve
909 918 130 75 females
1094 918 106 75 —All

176 965 62 75 this
255 965 26 75 is
298 965 155 75 admitted
479 965 43 75 by
538 965 56 75 the
610 965 149 75 oppofers
772 965 38 75 of
833 965 54 75 the
905 965 88 75 fexes
1005 965 10 75 ;
1042 965 57 75 bet
1123 965 76 75 then

175 1010 78 75 they
279 1010 85 75 deny
390 1010 69 75 that
488 1010 87 75 thefe
602 1010 193 75 explofions,
819 1010 66 75 lire,
911 1010 53 75 are
991 1010 149 75 intended
1163 1010 35 75 to

175 1056 104 75 create
295 1056 63 75 any
373 1056 191 75 intercourfe
580 1056 143 75 between
737 1056 54 75 the
809 1056 81 75 male
908 1056 60 75 and
986 1056 54 75 the
1058 1056 113 75 female
1186 1056 10 75 ;

175 1101 61 75 and
254 1101 123 75 further
395 1101 135 75 alledge,
556 1101 70 75 that
642 1101 64 75 this
720 1101 134 75 ejection
868 1101 39 75 of
915 1101 54 75 the
985 1101 105 75 pollen
1107 1101 26 75 is
1150 1101 47 75 in-

176 1147 115 75 tended
309 1147 42 75 by
363 1147 109 75 nature
485 1147 35 75 to
537 1147 104 75 throw
650 1147 51 75 off
712 1147 175 75 fomething
903 1147 293 75 excrementitious,

176 1192 36 75 or
227 1192 32 75 at
283 1192 75 75 lead
381 1192 187 75 fomething,
594 1192 117 75 which,
737 1192 31 75 if
789 1192 154 75 retained,
969 1192 108 75 would
1100 1192 97 75 prove

176 1239 115 75 noxius
308 1239 35 75 to
359 1239 55 75 the
427 1239 231 75 fructification.

220 1286 148 75 Linnaeus
387 1286 87 75 takes
498 1286 49 75 his
563 1286 113 75 fecond
700 1286 163 75 argument
888 1286 84 75 from
990 1286 54 75 the
1061 1286 133 75 propor-

174 1329 65 75 tion
258 1329 102 75 which
378 1329 55 75 the
449 1329 129 75 /lamina
594 1329 74 75 bear
684 1329 35 75 to
746 1329 55 75 the
817 1329 108 75 ftylus,
952 1329 158 75 alledging
1126 1329 70 75 that

173 1376 77 75 they
273 1376 51 75 are
341 1376 161 75 generally
517 1376 40 75 of
579 1376 55 75 the
654 1376 83 75 fame
764 1376 257 75 height.—This
1050 1376 144 75 obferva-

173 1421 67 75 tion
264 1421 26 75 is
307 1421 57 75 not
392 1421 75 75 only
491 1421 149 75 contrary
662 1421 35 75 to
723 1421 201 75 experience,
952 1421 67 75 bur,
1046 1421 149 75 allowing

174 1467 24 75 it
215 1467 35 75 to
276 1467 39 75 be
333 1467 164 75 univerfal,
523 1467 42 75 no
582 1467 175 75 conclufion
786 1467 56 75 can
870 1467 40 75 be
932 1467 108 75 drawn
1069 1467 85 75 from
1169 1467 27 75 it

173 1513 103 75 either
291 1513 52 75 for
358 1513 37 75 or
412 1513 115 75 again/l
544 1513 54 75 the
610 1513 106 75 fexual
733 1513 190 75 hyppthefis.

219 1560 75 75 The
307 1560 86 75 third
406 1560 164 75 argument
583 1560 25 75 is
621 1560 93 75 taken
732 1560 81 75 from
826 1560 54 75 the
897 1560 85 75 /ecus
999 1560 36 75 or
1051 1560 144 75 fituation

172 1605 40 75 of
233 1605 55 75 the
304 1605 128 75 /lamina
449 1605 77 75 with
543 1605 119 75 refpedt
677 1605 35 75 to
728 1605 55 75 the
800 1605 95 75 ftylus
911 1605 9 75 ;
946 1605 23 75 “
996 1605 62 75 and
1082 1605 33 75 as
1141 1605 54 75 the

171 1652 81 75 male
272 1652 123 75 flowers
419 1652 30 75 in
475 1652 55 75 the
556 1652 162 75 monoecia
746 1652 76 75 clafs
847 1652 87 75 /land
951 1652 116 75 always
1095 1652 100 75 above

171 1696 56 75 the
243 1696 114 75 female
373 1696 137 75 flowers,
535 1696 26 75 it
582 1696 78 75 mu/l
677 1696 37 75 be
731 1696 175 75 concluded
925 1696 83 75 (fays
1024 1696 168 75 Linnaeus)

173 1741 69 75 that
265 1741 55 75 the
336 1741 153 75 intention
512 1741 40 75 of
574 1741 122 75 nature,
721 1741 32 75 in
781 1741 63 75 this
872 1741 179 75 difpofition
1075 1741 40 75 of
1134 1741 55 75 the

173 1788 100 75 parts,
297 1788 26 75 is
340 1788 35 75 to
388 1788 93 75 allow
497 1788 18 75 a
536 1788 67 75 free
620 1788 59 75 and
704 1788 71 75 eafy
792 1788 101 75 accefs
916 1788 40 75 of
967 1788 54 75 the
1037 1788 106 75 pollen
1160 1788 34 75 to

173 1833 54 75 the
246 1833 257 75 /ligma.”—But
519 1833 193 75 the/lamina
727 1833 114 75 cannot
858 1833 38 75 be
912 1833 66 75 faid
994 1833 201 75 tofurround

173 1880 54 75 the
245 1880 145 75 pi/lillum
406 1880 32 75 in
455 1880 55 75 the
523 1880 182 75 monandria
719 1880 60 75 and
797 1880 143 75 diandria
956 1880 109 75 claffes
1080 1880 9 75 :
1116 1880 77 75 And

160 1926 67 75 •the
244 1926 130 75 pofition
387 1926 39 75 of
436 1926 55 75 the
507 1926 81 75 male
605 1926 123 75 flowers
745 1926 30 75 in
793 1926 54 75 the
864 1926 162 75 monoecia
1042 1926 77 75 clafs
1137 1926 25 75 is
1175 1926 19 75 a

172 1974 85 75 mere
273 1974 159 75 chimera;
459 1974 51 75 for
525 1974 32 75 in
585 1974 54 75 the
655 1974 127 75 ricinus,
808 1974 61 75 one
892 1974 40 75 of
953 1974 54 75 the
1029 1974 162 75 examples

170 2019 104 75 which
287 2019 148 75 Linnaeus
452 2019 155 75 mentions
624 2019 30 75 in
672 2019 216 75 confirmation
905 2019 40 75 of
964 2019 49 75 his
1036 2019 153 75 doClrine,

171 2064 53 75 the
241 2064 113 75 female
365 2064 125 75 flowers
506 2064 86 75 Hand
609 2064 173 75 uniformly
797 2064 84 75 fome
897 2064 106 75 inches
1020 2064 99 75 above
1136 2064 55 75 the

171 2109 108 75 males.

217 2155 90 75 That
333 2155 54 75 the
405 2155 126 75 /lamina
548 2155 62 75 and
636 2155 112 75 pi/lilla
773 2155 161 75 generally
950 2155 88 75 come
1062 2155 33 75 to
1120 2155 71 75 per-

172 2200 114 75 fection
304 2200 31 75 at
352 2200 54 75 the
422 2200 82 75 fame
527 2200 88 75 time,
642 2200 62 75 and
728 2200 70 75 that
815 2200 63 75 this
903 2200 137 75 happens
1065 2200 77 75 even
1159 2200 32 75 in

171 2246 53 75 the
240 2246 139 75 dioicous
398 2246 114 75 plants,
530 2246 25 75 is
569 2246 178 75 Linnaeus’s
763 2246 109 75 fourth
890 2246 176 75 argument.
1109 2246 78 75 But,

170 2293 33 75 as
219 2293 26 75 it
256 2293 26 75 is
299 2293 248 75 acknowledged
563 2293 41 75 by
622 2293 149 75 Linnaeus
788 2293 136 75 hirnfelf,
949 2293 70 75 that
1036 2293 88 75 there
1137 2293 52 75 are

169 2338 93 75 many
278 2338 187 75 exceptions
488 2338 79 75 with
583 2338 116 75 refpeCl
715 2338 36 75 to
771 2338 62 75 this
861 2338 75 75 fad,
961 2338 54 75 the
1041 2338 149 75 oppofers

169 2385 40 75 of
220 2385 54 75 the
287 2385 106 75 fexual
406 2385 178 75 hypothefis
597 2385 122 75 alledge
732 2385 69 75 that
813 2385 25 75 it
851 2385 114 75 carries
982 2385 54 75 the
1053 2385 64 75 bt/l
1134 2385 53 75 an-

168 2430 79 75 fwer
258 2430 31 75 in
306 2430 39 75 its
359 2430 70 75 own
447 2430 119 75 bofom.

215 2477 75 75 The
307 2477 72 75 fifth
397 2477 163 75 argument
577 2477 26 75 is
631 2477 140 75 founded
788 2477 39 75 on
845 2477 55 75 the
916 2477 221 75 circum/lance
1154 2477 40 75 of

167 2524 86 75 fbme
273 2524 124 75 flowers
424 2524 138 75 /hutting
584 2524 42 75 up
642 2524 83 75 their
748 2524 99 75 petals
871 2524 32 75 in
920 2524 90 75 rainy
1033 2524 39 75 or
1098 2524 90 75 moi/l

167 2570 276 75 evenings.—But
459 2570 94 75 many
569 2570 123 75 flowers
708 2570 43 75 do
763 2570 55 75 not
841 2570 68 75 /hut
926 2570 187 75 themfelves
1131 2570 53 75 up,

167 2615 102 75 eithgr
284 2615 30 75 in
328 2615 54 75 the
399 2615 89 75 night
501 2615 36 75 or
549 2615 90 75 moifl
650 2615 149 75 weather,
818 2615 33 75 as
864 2615 53 75 the
934 2615 250 75 pa/fion-flower,

169 2662 64 75 ire.
281 2662 76 75 The
384 2662 124 75 lychnis
532 2662 173 75 noctiflora,
730 2662 151 75 mirabilis
908 2662 187 75 peruvianar,
1121 2662 64 75 ire.

166 2708 81 75 open
274 2708 83 75 their
372 2708 122 75 flowers
522 2708 32 75 in
580 2708 56 75 the
659 2708 101 75 night,
787 2708 62 75 and
871 2708 69 75 /hut
964 2708 88 75 them
1070 2708 32 75 at
1130 2708 55 75 the

165 2754 159 75 approach
348 2754 39 75 of
398 2754 55 75 the
477 2754 66 75 fun.
593 2754 111 75 Hence
728 2754 62 75 this
807 2754 27 75 is
851 2754 132 75 another
1005 2754 74 75 final
1095 2754 90 75 caufe

166 2799 161 75 evidently
338 2799 167 75 perverted
521 2799 36 75 to
569 2799 128 75 fupport
713 2799 18 75 a
743 2799 155 75 favourite
907 2799 192 75 hypothefis.

214 2846 65 75 We
295 2846 89 75 come
400 2846 72 75 now
488 2846 34 75 to
537 2846 56 75 the
609 2846 123 75 culture
753 2846 38 75 of
803 2846 54 75 the
874 2846 180 75 palm-tree,
1080 2846 105 75 which

165 2891 26 75 is
209 2891 54 75 the
279 2891 83 75 fixth
381 2891 61 75 and
457 2891 79 75 mo/l
552 2891 145 75 plaufible
713 2891 163 75 argument
888 2891 168 75 employed
1071 2891 43 75 by
1129 2891 56 75 the

165 2938 174 75 fexuali/ls.
387 2938 198 75 Herodotus,
609 2938 251 75 Theophra/lus,
885 2938 105 75 Pliny,
1017 2938 62 75 and
1100 2938 85 75 fome

165 2984 121 75 others,
296 2984 79 75 have
387 2984 157 75 informed
557 2984 47 75 us,
619 2984 67 75 that
699 2984 54 75 the
765 2984 113 75 female
886 2984 179 75 palm-tree,
1083 2984 103 75 unlefs

1258 160 365 75 ANY.

2198 160 83 75 647

1249 226 16 75 a
1283 226 81 75 male
1381 226 105 75 grows
1502 226 190 75 fu/fieiently
1707 226 75 75 near
1798 226 37 75 it,
1861 226 35 75 or
1920 226 102 75 unlefs
2042 226 56 75 the
2114 226 112 75 pollen
2237 226 40 75 be

1248 274 179 75 artificially
1450 274 162 75 conveyed
1628 274 34 75 to
1687 274 55 75 the
1758 274 113 75 female
1898 274 121 75 fpatha,
2044 274 67 75 will
2135 274 140 75 produce

1247 319 134 75 nothing
1397 319 58 75 but
1471 319 73 75 four
1559 319 90 75 dates
1666 319 62 75 and
1744 319 149 75 unfertile
1917 319 100 75 feeds.
2065 319 85 75 This
2168 319 61 75 fad
2246 319 28 75 is

1246 364 105 75 partly
1366 364 116 75 denied
1499 364 42 75 by
1558 364 204 75 Pere-Labat
1779 364 60 75 and
1852 364 212 75 Tournefort.
2112 364 77 75 The
2206 364 68 75 for-

1246 410 67 75 mer
1325 410 39 75 of
1371 410 87 75 thefe
1470 410 130 75 authors
1611 410 163 75 exprefsly
1786 410 129 75 affirms,
1933 410 70 75 that
2017 410 17 75 a
2046 410 114 75 female
2175 410 100 75 palm-

1244 457 79 75 tree,
1348 457 32 75 in
1397 457 56 75 the
1480 457 118 75 garden
1616 457 174 75 belonging
1808 457 34 75 to
1860 457 53 75 the
1937 457 178 75 mona/lery
2130 457 33 75 at
2180 457 93 75 Mar-

1245 503 111 75 tinico,
1373 503 162 75 produced
1550 503 77 75 mo/l
1644 503 158 75 excellent
1819 503 90 75 fruit,
1935 503 154 75 although
2107 503 90 75 there
2210 503 63 75 was

1245 548 55 75 not
1317 548 17 75 a
1350 548 83 75 male
1456 548 110 75 within
1583 548 47 75 fix
1656 548 91 75 miles
1771 548 39 75 of
1822 548 24 75 it
1861 548 9 75 :
1905 548 97 75 From
2019 548 103 75 which
2140 548 41 75 he
2197 548 75 75 con-

1244 594 120 75 cludes,
1389 594 70 75 that
1475 594 54 75 the
1554 594 146 75 prefence
1717 594 39 75 of
1775 594 54 75 the
1846 594 81 75 male
1943 594 27 75 is
1987 594 57 75 not
2061 594 160 75 neceffary
2237 594 35 75 to

1245 641 113 75 render
1374 641 64 75 this
1454 641 67 75 tree
1537 641 142 75 fruitful,
1704 641 161 75 whatever
1880 641 73 75 may
1977 641 39 75 be
2040 641 173 75 pretended
2230 641 42 75 by

1245 688 122 75 ancient
1385 688 36 75 or
1449 688 131 75 modern
1597 688 190 75 naturali/ls.
1835 688 187 75 Herodotus
2050 688 127 75 relates,
2203 688 65 75 th«'

1244 733 55 75 the
1317 733 111 75 people
1451 733 40 75 of
1515 733 159 75 Babylon,
1699 733 92 75 when
1809 733 55 75 the
1880 733 82 75 male
1980 733 63 75 was
2060 733 33 75 at
2108 733 57 75 too
2181 733 91 75 great

1245 778 18 75 a
1279 778 136 75 di/lance
1442 778 85 75 from
1553 778 54 75 the
1624 778 128 75 female,
1778 778 92 75 made
1887 778 19 75 a
1922 778 75 75 rope
2021 778 68 75 pafs
2118 778 83 75 from
2219 778 53 75 the

1245 826 123 75 boughs
1386 826 39 75 of
1437 826 54 75 the
1508 826 59 75 one
1585 826 34 75 to
1636 826 54 75 the
1708 826 123 75 boughs
1852 826 40 75 of
1914 826 56 75 the
1986 826 106 75 other,
2118 826 34 75 to
2169 826 105 75 afford

1244 870 38 75 an
1301 870 206 75 opportunity
1525 870 36 75 to
1588 870 55 75 the
1670 870 116 75 culices
1814 870 63 75 and
1892 870 94 75 other
2012 870 111 75 infecls
2140 870 35 75 to
2202 870 68 75 pafs

1244 917 93 75 along
1355 917 55 75 the
1434 917 87 75 rope,
1548 917 62 75 and
1629 917 121 75 convey
1767 917 84 75 fome
1874 917 79 75 kind
1976 917 41 75 of
2038 917 233 75 impregnating

1245 964 151 75 influence
1424 964 84 75 from
1533 964 56 75 the
1617 964 81 75 male
1726 964 35 75 to
1785 964 55 75 the
1868 964 129 75 female.
2056 964 215 75 Tournefort,

1245 1009 90 75 wiien
1363 1009 40 75 he
1421 1009 62 75 was
1501 1009 32 75 in
1561 1009 70 75 that
1648 1009 147 75 country,
1821 1009 148 75 inquired
1996 1009 34 75 at
2046 1009 54 75 the
2124 1009 79 75 mo/l
2218 1009 50 75 in-

1243 1055 144 75 telligent
1402 1055 112 75 people
1537 1055 39 75 of
1598 1055 55 75 the
1671 1055 99 75 place,
1796 1055 33 75 as
1847 1055 34 75 to
1898 1055 55 75 the
1981 1055 89 75 truth
2086 1055 41 75 of
2137 1055 63 75 this
2218 1055 50 75 re-

1243 1101 98 75 lation
1354 1101 8 75 ;
1390 1101 56 75 but
1463 1101 146 75 received
1634 1101 50 75 for
1712 1101 129 75 anfwer,
1867 1101 90 75 That
1981 1101 77 75 they
2080 1101 64 75 had
2173 1101 98 75 never

1242 1147 100 75 heard
1358 1147 40 75 of
1419 1147 61 75 any
1502 1147 76 75 fuch
1595 1147 126 75 matter.
1770 1147 92 75 Even
1895 1147 55 75 the
1976 1147 163 75 favourers
2156 1147 41 75 of
2215 1147 57 75 the

1243 1194 108 75 fexual
1368 1194 181 75 hypothefis
1566 1194 72 75 give
1654 1194 79 75 very
1748 1194 149 75 different
1912 1194 149 75 accounts
2077 1194 41 75 of
2128 1194 55 75 the
2203 1194 70 75 me-

1243 1239 81 75 thod
1343 1239 39 75 of
1402 1239 184 75 cultivating
1603 1239 186 75 palm-trees
1806 1239 31 75 in
1854 1239 89 75 thofe
1967 1239 173 75 countries.
2188 1239 80 75 Vef-

1242 1285 127 75 lingius,
1395 1285 73 75 who
1496 1285 119 75 refided
1631 1285 94 75 many
1747 1285 91 75 years
1863 1285 32 75 in
1911 1285 123 75 Egypt,
2059 1285 108 75 denies
2195 1285 72 75 that

1242 1330 60 75 any
1330 1330 143 75 artificial
1509 1330 131 75 method
1667 1330 25 75 is
1718 1330 167 75 employed
1917 1330 51 75 for
1996 1330 186 75 frudlifying
2212 1330 57 75 the

1240 1378 182 75 palm-trees
1448 1378 31 75 in
1504 1378 71 75 that
1598 1378 147 75 country.
1793 1378 95 75 Thus
1905 1378 178 75 Yeflingius
2101 1378 166 75 exprefsly

1242 1425 188 75 contradidls
1448 1425 185 75 Herodotus
1646 1425 61 75 and
1724 1425 94 75 many
1829 1425 120 75 others.
2000 1425 38 75 In
2055 1425 18 75 a
2091 1425 102 75 word,
2218 1425 48 75 ai-

1242 1469 78 75 mo/l
1346 1469 96 75 every
1458 1469 148 75 different
1632 1469 114 75 author
1774 1469 87 75 gives
1879 1469 19 75 a
1915 1469 149 75 different
2081 1469 134 75 account
2232 1469 42 75 of

1242 1515 62 75 this
1322 1515 96 75 /lory.
1455 1515 125 75 Amid/l
1592 1515 33 75 fo
1642 1515 93 75 many
1748 1515 244 75 contradidlions
2010 1515 190 75 concerning
2210 1515 57 75 the

1242 1562 122 75 culture
1380 1562 41 75 of
1431 1562 196 75 palm-trees,
1646 1562 54 75 the
1712 1562 148 75 oppofers
1872 1562 39 75 of
1921 1562 55 75 the
1992 1562 91 75 fexes
2099 1562 166 75 conclude,

1240 1608 71 75 that
1327 1608 55 75 the
1398 1608 106 75 whole
1519 1608 85 75 /lory
1620 1608 27 75 is
1663 1608 18 75 a
1696 1608 91 75 vular
1814 1608 103 75 error,
1942 1608 96 75 taken
2053 1608 53 75 for
2132 1608 135 75 granted

1241 1653 41 75 by
1299 1653 84 75 fome
1407 1653 129 75 learned
1565 1653 82 75 men,
1673 1653 172 75 fpurioufly
1862 1653 146 75 fathered
2032 1653 84 75 upon
2142 1653 123 75 others,

1241 1700 60 75 and
1317 1700 179 75 fwallowed
1513 1700 93 75 down
1636 1700 136 75 without
1802 1700 214 75 examination
2041 1700 43 75 by
2100 1700 84 75 their
2199 1700 67 75 cre-

1240 1746 113 75 dulous
1382 1746 238 75 readers.—As
1648 1746 49 75 we
1724 1746 82 75 have
1831 1746 60 75 not
1915 1746 71 75 feen
2012 1746 61 75 any
2090 1746 118 75 anfwer
2231 1746 35 75 to

1239 1793 181 75 Mylefius’s
1435 1793 96 75 letter
1547 1793 39 75 on
1601 1793 63 75 this
1677 1793 131 75 fubjecl,
1832 1793 58 75 our
1908 1793 215 75 obfervations
2139 1793 84 75 upon
2237 1793 28 75 it

1240 1838 75 75 /hall
1331 1838 39 75 be
1399 1838 143 75 reffrved
1565 1838 49 75 till
1631 1838 63 75 this
1719 1838 161 75 bi/lorical
1896 1838 82 75 view
2001 1838 39 75 of
2064 1838 54 75 the
2136 1838 128 75 contro-

1239 1883 90 75 verfy
1342 1883 38 75 be
1396 1883 140 75 finiffied.

1284 1931 75 75 The
1375 1931 129 75 feventh
1534 1931 163 75 argument
1715 1931 38 75 of
1774 1931 151 75 Linnaeus
1941 1931 27 75 is
1989 1931 95 75 taken
2101 1931 84 75 from
2209 1931 55 75 the

1228 1978 98 75 flores
1346 1978 290 75 nutantes.—The
1649 1978 95 75 piftils
1770 1978 40 75 of
1828 1978 88 75 thefe
1932 1978 137 75 flowers,
2093 1978 172 75 according

1236 2022 35 75 to
1287 2022 163 75 Linnasus,
1477 2022 53 75 are
1546 2022 117 75 always
1680 2022 112 75 logger
1808 2022 76 75 than
1896 2022 55 75 the
1967 2022 147 75 /lamina,,
2133 2022 62 75 and
2208 2022 53 75 na-

1235 2069 71 75 ture
1322 2069 57 75 has
1396 2069 134 75 affigned
1546 2069 87 75 them
1651 2069 64 75 this
1744 2069 111 75 penfile
1872 2069 135 75 po/lure,
2033 2069 70 75 that
2121 2069 53 75 the
2190 2069 71 75 pol-

1236 2115 63 75 len,
1325 2115 105 75 which
1447 2115 27 75 is
1490 2115 188 75 fpeci/ically
1693 2115 131 75 heavier,
1837 2115 75 75 than
1929 2115 58 75 air,
2015 2115 71 75 may
2100 2115 55 75 the
2171 2115 90 75 more

1235 2160 222 75 conveniently
1472 2160 56 75 fall
1546 2160 82 75 upon
1648 2160 53 75 the
1718 2160 236 75 /ligma.—But
1970 2160 54 75 the
2041 2160 96 75 pi/tils
2155 2160 40 75 of
2206 2160 55 75 the

1236 2207 194 75 campanula,
1456 2207 113 75 lilium,
1595 2207 62 75 and
1673 2207 96 75 many
1791 2207 93 75 other
1901 2207 99 75 flares
2016 2207 164 75 nutantes,
2206 2207 56 75 are

1236 2251 54 75 not
1317 2251 111 75 longer
1459 2251 77 75 than
1569 2251 54 75 the
1647 2251 139 75 /lamina.
1845 2251 140 75 Befides,
2018 2251 145 75 granting
2192 2251 66 75 this

1234 2298 82 75 were
1340 2298 172 75 uniformly
1527 2298 56 75 the
1607 2298 89 75 cafe;
1723 2298 65 75 yet,
1813 2298 33 75 as
1875 2298 54 75 the
1957 2298 105 75 polkn
2087 2298 30 75 is
2130 2298 128 75 heavier

1233 2344 76 75 than
1326 2344 57 75 air,
1410 2344 63 75 this
1500 2344 123 75 po/lure
1648 2344 79 75 mu/l
1742 2344 41 75 of
1804 2344 146 75 neceflity
1965 2344 103 75 either
2093 2344 91 75 make
2201 2344 56 75 the

1234 2390 104 75 pollen
1357 2390 70 75 mifs
1455 2390 55 75 the
1534 2390 145 75 pi!tillum
1696 2390 190 75 altogether,
1912 2390 48 75 or,
1990 2390 32 75 at
2047 2390 61 75 any
2125 2390 79 75 rate,
2229 2390 26 75 it

1233 2437 56 75 can
1307 2437 75 75 only
1393 2437 58 75 fall
1469 2437 81 75 upon
1568 2437 54 75 the
1643 2437 80 75 back
1739 2437 72 75 part
1826 2437 42 75 of
1889 2437 55 75 the
1962 2437 79 75 piflil
2058 2437 32 75 in
2114 2437 89 75 place
2220 2437 41 75 of

1233 2483 54 75 the
1304 2483 109 75 /ligma
1423 2483 11 75 ;
1460 2483 74 75 and,
1559 2483 40 75 of
1622 2483 120 75 courfe,
1771 2483 75 75 fuch
1871 2483 19 75 a
1912 2483 152 75 direction
2081 2483 108 75 would
2207 2483 47 75 ra-

1232 2527 73 75 ther
1320 2527 76 75 tend
1412 2527 35 75 to
1473 2527 147 75 fru/Irate
1644 2527 75 75 than
1735 2527 146 75 promote
1901 2527 55 75 the
1972 2527 230 75 impregnation
2220 2527 40 75 of

1232 2575 54 75 the
1302 2575 84 75 feed.

1278 2621 74 75 The
1367 2621 109 75 eighth
1505 2621 164 75 argument
1686 2621 26 75 is
1737 2621 94 75 taken
1856 2621 83 75 from
1957 2621 54 75 the
2033 2621 98 75 plant
2133 2621 25 75 a
2174 2621 79 75 fub-

1230 2667 117 75 merfle,
1373 2667 103 75 which
1499 2667 51 75 are
1567 2667 66 75 laid
1650 2667 33 75 to
1699 2667 126 75 emerge
1841 2667 33 75 as
1890 2667 127 75 foomas
2033 2667 84 75 their
2128 2667 125 75 flowers

1231 2713 92 75 begin
1349 2713 34 75 to
1408 2713 99 75 blow,
1532 2713 56 75 le/l
1611 2713 54 75 the
1692 2713 105 75 pollen
1814 2713 110 75 ffiould
1948 2713 39 75 be
2012 2713 187 75 coagulated
2215 2713 37 75 or

1231 2759 121 75 wa/hed
1364 2759 50 75 off
1426 2759 41 75 by
1479 2759 54 75 the
1545 2759 225 75 water.—But
1782 2759 92 75 many
1885 2759 176 75 fubmarine
2075 2759 61 75 and
2152 2759 98 75 aqua-

1232 2805 43 75 tic
1292 2805 101 75 plants
1417 2805 133 75 fructify,
1563 2805 133 75 entirely
1714 2805 103 75 below
1844 2805 125 75 water;.
1990 2805 74 75 and,
2088 2805 164 75 fuppo/ing

1230 2851 75 75 they
1321 2851 56 75 did
1392 2851 67 75 not,
1485 2851 57 75 the
1556 2851 82 75 fame
1655 2851 165 75 argument
1839 2851 103 75 would
1959 2851 129 75 equally
2104 2851 96 75 prove
2224 2851 25 75 it

1230 2897 34 75 to
1280 2897 38 75 be
1334 2897 54 75 the
1404 2897 154 75 intention
1574 2897 40 75 of
1636 2897 122 75 nature,
1784 2897 71 75 that
1871 2897 54 75 the
1953 2897 106 75 pollen
2083 2897 111 75 ffiould
2209 2897 40 75 be

1231 2945 103 75 blown
1361 2945 89 75 away
1466 2945 42 75 by
1525 2945 54 75 the
1602 2945 112 75 winds,
1740 2945 35 75 as
1790 2945 70 75 that
1876 2945 25 75 it
1928 2945 110 75 fhould
2065 2945 39 75 be
2128 2945 122 75 fubfer-

1230 2994 85 75 vient
1332 2994 104 75 to.the
1447 2994 241 75 impregnation,
1697 2994 41 75 of
1749 2994 53 75 the
1818 2994 95 75 feed..

2177 3042 84 75 The.
