2406 3327
178 201 22 49 S
200 169 34 75 6

638 169 43 75 A
759 169 41 75 G
877 169 37 75 II
990 169 19 75 I
1087 169 35 75 C
1200 169 42 75 U

178 234 27 75 is
223 234 93 75 made
332 234 35 75 to
382 234 75 75 turn
473 234 157 75 inwards;
657 234 64 75 and
740 234 56 75 the
816 234 157 75 fore-part
989 234 40 75 of
1046 234 38 75 it,
1108 234 107 75 which

178 280 29 75 is
230 280 134 75 ftraight
385 280 118 75 below,
528 280 26 75 is
583 280 89 75 more
696 280 62 75 and
773 280 88 75 more
882 280 119 75 curved
1016 280 56 75 the
1085 280 131 75 further

180 325 43 75 up
240 325 27 75 it
282 325 118 75 comes,
426 325 189 75 refembling
627 325 55 75 the
694 325 73 75 bow
780 325 39 75 of
838 325 19 75 a
873 325 93 75 fhip/j

229 373 37 75 If
284 373 60 75 one
365 373 207 75 mold-board
598 373 39 75 be
659 373 178 75 preferable
860 373 36 75 to
920 373 147 75 another,
1092 373 26 75 it
1134 373 82 75 mufi

181 419 42 75 be
239 419 103 75 either
358 419 131 75 becaufe
504 419 27 75 it
546 419 122 75 throws
685 419 55 75 the
752 419 91 75 earth
860 419 40 75 of
914 419 57 75 the
987 419 123 75 furrow
1125 419 91 75 more

182 465 163 75 properly,
363 465 37 75 or
418 465 109 75 makes
544 465 55 75 the
611 465 120 75 plough
749 465 89 75 more
855 465 92 75 eafily
959 465 123 75 drawn.
1114 465 100 75 Now,

181 512 58 75 the
255 512 53 75 ufe
325 512 40 75 of
382 512 56 75 the
453 512 206 75 mold-board
674 512 27 75 is
718 512 37 75 to
779 512 78 75 raife
879 512 58 75 the
962 512 104 75 earth,
1091 512 76 75 turn
1189 512 27 75 it

182 558 90 75 over,
297 558 76 75 and,
395 558 33 75 if
445 558 26 75 it
490 558 38 75 be
540 558 96 75 taken
651 558 53 75 off
722 558 138 75 narrow,
885 558 36 75 to
942 558 76 75 ftiift
1041 558 28 75 it
1089 558 20 75 a
1129 558 87 75 little

181 604 37 75 to
241 604 56 75 the
325 604 87 75 right
436 604 99 75 hand.
591 604 78 75 The
696 604 148 75 common
871 604 218 75 mold-board,
1122 604 94 75 when

183 651 88 75 right
287 651 105 75 made,
409 651 157 75 performs
585 651 42 75 all
636 651 91 75 thefe
740 651 181 75 operations
933 651 180 75 gradually.
1149 651 68 75 But

184 698 57 75 the
265 698 130 75 curved-
408 698 220 75 mold-board,
653 698 33 75 as
711 698 26 75 it
760 698 28 75 is
813 698 63 75 call
899 698 57 75 out
979 698 101 75 above
1104 698 32 75 in
1160 698 56 75 the

181 743 178 75 fore-part,
380 743 149 75 prevents
545 743 56 75 the
617 743 122 75 furrow
763 743 85 75 from
870 743 106 75 rifing,
1002 743 63 75 and
1085 743 90 75 turns
1191 743 26 75 it

185 792 82 75 over
283 792 167 75 fuddenly.
494 792 44 75 In
554 792 74 75 land
645 792 71 75 that
731 792 96 75 eafily
842 792 114 75 breaks
972 792 32 75 in
1020 792 118 75 pieces,
1161 792 56 75 the

186 837 149 75 common
358 837 207 75 mold-board
580 837 58 75 has
655 837 55 75 the
726 837 188 75 advantage,
939 837 131 75 becaufe
1086 837 26 75 it
1124 837 93 75 raifes

186 884 56 75 the
255 884 90 75 earth
362 884 39 75 of
413 884 55 75 the
484 884 123 75 furrow
618 884 116 75 higher
750 884 78 75 than
841 884 55 75 the
908 884 106 75 other,
1040 884 63 75 and
1114 884 104 75 leaves

186 930 28 75 it
238 930 88 75 more
351 930 86 75 loofe
462 930 62 75 and
547 930 95 75 open.
692 930 68 75 But
783 930 56 75 the
866 930 120 75 curved
1013 930 207 75 mold-board

187 976 28 75 is
238 976 178 75 preferable
439 976 33 75 in
495 976 76 75 land
593 976 71 75 that
687 976 28 75 is
739 976 57 75 not
820 976 95 75 eafily
938 976 112 75 broke,
1082 976 65 75 for,
1174 976 45 75 by

186 1023 132 75 turning
338 1023 78 75 over
437 1023 56 75 the
517 1023 91 75 earth
632 1023 168 75 fuddenly,
825 1023 26 75 it
874 1023 27 75 is
927 1023 89 75 apter
1040 1023 36 75 to
1103 1023 69 75 tear
1194 1023 25 75 it

189 1069 146 75 afunder.

237 1115 78 75 The
346 1115 121 75 plough
498 1115 27 75 is
553 1115 89 75 more
664 1115 98 75 eafily
785 1115 109 75 drawn
919 1115 45 75 by
987 1115 56 75 the
1073 1115 147 75 common

189 1162 220 75 mold-board,
433 1162 33 75 as
483 1162 26 75 it
528 1162 57 75 has
608 1162 60 75 lefs
689 1162 128 75 fridion
837 1162 79 75 than
939 1162 55 75 the
1011 1162 119 75 curved
1146 1162 75 75 one.

245 1274 65 75 Of
329 1274 66 75 the
421 1274 150 75 Plough
604 1274 99 75 with
734 1274 66 75 the
820 1274 217 75 feathered
1062 1274 102 75 Sock.

237 1350 87 75 The
343 1350 172 75 difference
530 1350 144 75 between
698 1350 55 75 the
777 1350 167 75 feathered
966 1350 63 75 and
1052 1350 56 75 the
1136 1350 86 75 com-

192 1396 78 75 mon
284 1396 77 75 fock
375 1396 67 75 will
457 1396 41 75 be
513 1396 66 75 bell
594 1396 193 75 underftood
801 1396 45 75 by
871 1396 184 75 comparing
1077 1396 84 75 their
1186 1396 37 75 fi-

192 1444 109 75 gures.
349 1444 74 75 Fig.
449 1444 55 75 14.
530 1444 27 75 is
581 1444 55 75 the
657 1444 146 75 common
819 1444 89 75 fock,
934 1444 62 75 and
1011 1444 56 75 fig.
1089 1444 56 75 15,
1169 1444 56 75 the

194 1490 168 75 feathered
378 1490 73 75 one.

243 1537 99 75 From
358 1537 56 75 the
431 1537 209 75 conftrudion
656 1537 40 75 of
714 1537 55 75 the
784 1537 168 75 feathered
968 1537 88 75 fock,
1079 1537 27 75 it
1124 1537 27 75 is
1168 1537 57 75 ob-

194 1583 106 75 vious,
323 1583 71 75 that
409 1583 26 75 it
451 1583 79 75 mufi
553 1583 84 75 meet
653 1583 78 75 with
749 1583 125 75 greater
898 1583 162 75 refiftance
1075 1583 78 75 than
1171 1583 56 75 the

196 1629 149 75 common
360 1629 88 75 fock.
497 1629 174 75 However,
688 1629 94 75 when
794 1629 54 75 the
865 1629 121 75 plough
1001 1629 91 75 takes
1109 1629 51 75 off
1170 1629 57 75 the

197 1675 93 75 earth
307 1675 39 75 of
365 1675 55 75 the
444 1675 120 75 furrow
580 1675 137 75 broader
739 1675 77 75 than
832 1675 72 75 that
927 1675 73 75 part
1022 1675 41 75 of
1081 1675 55 75 the
1151 1675 77 75 fock

198 1721 106 75 which
321 1721 76 75 goes
412 1721 85 75 upon
514 1721 54 75 the
584 1721 97 75 head,
698 1721 24 75 it
731 1721 27 75 is
768 1721 88 75 more
865 1721 209 75 eafilydrawn
1086 1721 76 75 than
1172 1721 56 75 the

199 1767 125 75 plough
337 1767 79 75 wjth
431 1767 56 75 the
511 1767 146 75 common
680 1767 96 75 fock;
802 1767 53 75 for
873 1767 57 75 the
947 1767 90 75 earth
1049 1767 107 75 whiter
1172 1767 56 75 the

200 1814 146 75 common
362 1814 76 75 fock
460 1814 104 75 leaves
584 1814 35 75 to
639 1814 40 75 be
696 1814 122 75 opened
837 1814 44 75 by
897 1814 55 75 the
968 1814 105 75 wreft,
1097 1814 26 75 is
1140 1814 89 75 more

199 1862 96 75 eafi’.y
310 1862 124 75 opened
447 1862 47 75 by
507 1862 57 75 the
586 1862 124 75 feather
726 1862 40 75 of
784 1862 56 75 the
863 1862 93 75 other
972 1862 89 75 fock.
1109 1862 41 75 In
1164 1862 64 75 lea,

199 1907 58 75 the
269 1907 165 75 feathered
448 1907 76 75 fock
544 1907 108 75 makes
667 1907 55 75 the
740 1907 118 75 plough
879 1907 42 75 go
936 1907 89 75 more
1042 1907 105 75 eafily,
1171 1907 56 75 be-

201 1953 91 75 caufe
308 1953 56 75 the
380 1953 90 75 roots
485 1953 40 75 of
543 1953 56 75 the
615 1953 99 75 grafs,
738 1953 107 75 which
862 1953 42 75 go
918 1953 129 75 beyond
1062 1953 55 75 the
1133 1953 95 75 reach

202 2000 40 75 of
261 2000 56 75 the
340 2000 133 75 plough,
497 2000 53 75 are
566 2000 89 75 more
670 2000 95 75 eafily
780 2000 54 75 cut
859 2000 43 75 by
924 2000 57 75 the
1005 2000 123 75 feather
1151 2000 78 75 than

203 2047 79 75 they
295 2047 56 75 can
368 2047 44 75 be
424 2047 73 75 torn
510 2047 131 75 afunder
657 2047 43 75 by
712 2047 54 75 the
779 2047 145 75 common
935 2047 88 75 fock.
1069 2047 78 75 The
1162 2047 68 75 fea-

203 2093 114 75 thered
332 2093 75 75 fock
422 2093 27 75 is
465 2093 65 75 alfo
546 2093 40 75 of
605 2093 90 75 great
711 2093 53 75 ufe
780 2093 32 75 in
832 2093 124 75 cutting
973 2093 63 75 and
1051 2093 181 75 defiroying

204 2139 209 75 root-weeds.
453 2139 77 75 The
542 2139 145 75 common
701 2139 88 75 fock,
804 2139 163 75 however,
985 2139 134 75 anfwers
1135 2139 95 75 much

204 2185 106 75 better
325 2185 33 75 in
376 2185 105 75 ftrong
497 2185 88 75 land.

253 2232 31 75 It
300 2232 28 75 is
344 2232 114 75 proper
480 2232 76 75 here
579 2232 36 75 to
639 2232 76 75 add,
738 2232 72 75 that
826 2232 33 75 in
871 2232 109 75 fitting
995 2232 57 75 the
1068 2232 165 75 feathered

207 2279 74 75 fock
296 2279 37 75 to
349 2279 55 75 the
419 2279 95 75 head,
539 2279 56 75 the
611 2279 90 75 point
716 2279 39 75 of
767 2279 25 75 it
801 2279 119 75 Ihould
930 2279 40 75 be
982 2279 116 75 turned
1114 2279 19 75 a
1147 2279 85 75 little

207 2325 86 75 from
309 2325 55 75 the
375 2325 90 75 land,
489 2325 37 75 or
542 2325 19 75 a
575 2325 85 75 little
675 2325 35 75 to
727 2325 55 75 the
799 2325 87 75 right
901 2325 99 75 hand.

455 2433 64 75 Of
539 2433 65 75 the
634 2433 178 75 Wheeled
833 2433 162 75 Plough.

256 2513 59 75 Th
323 2513 18 75 e
361 2513 94 75 Scots
466 2513 145 75 wheeled
622 2513 119 75 plough
753 2513 27 75 is
792 2513 126 75 formed
927 2513 45 75 by
983 2513 118 75 adding
1116 2513 118 75 wheels

210 2559 37 75 to
262 2559 55 75 the
334 2559 56 75 old
407 2559 94 75 Scots
523 2559 133 75 plough,
682 2559 61 75 and
766 2559 111 75 giving
898 2559 26 75 it
949 2559 18 75 a
992 2559 116 75 curved
1131 2559 103 75 mold-

212 2606 113 75 board,
348 2606 38 75 or
401 2606 164 75 feathered
581 2606 87 75 fock,
693 2606 168 75 according
879 2606 32 75 to
928 2606 55 75 the
999 2606 183 75 inclination
1202 2606 40 75 of

212 2653 55 75 the
295 2653 132 75 farmer.
482 2653 81 75 The
587 2653 176 75 advantage
797 2653 38 75 or
862 2653 222 75 disadvantage
1111 2653 39 75 of
1181 2653 56 75 the

212 2698 119 75 wheels
353 2698 27 75 is
405 2698 161 75 therefore
591 2698 56 75 the
671 2698 75 75 only
770 2698 90 75 thing
885 2698 35 75 to
943 2698 41 75 be
1001 2698 182 75 ccnfidered
1205 2698 32 75 in

211 2746 64 75 this
292 2746 102 75 place.

259 2791 78 75 The
351 2791 167 75 following
532 2791 53 75 are
608 2791 54 75 the
684 2791 154 75 principal
854 2791 196 75 advantages
1061 2791 41 75 of
1119 2791 102 75 wheel'
1221 2791 16 75 s

215 2839 35 75 to
267 2839 19 75 a
299 2839 120 75 plough
436 2839 39 75 of
493 2839 66 75 this
574 2839 91 75 kind.
713 2839 136 75 Wheels
866 2839 141 75 regulate
1023 2839 55 75 the
1094 2839 141 75 plough;

214 2884 77 75 tlpey
307 2884 91 75 make
413 2884 26 75 it
451 2884 41 75 go
508 2884 36 75 to
563 2884 19 75 a
597 2884 119 75 certain
733 2884 111 75 depth,
868 2884 74 75 take
954 2884 52 75 off
1024 2884 55 75 the
1096 2884 90 75 earth
1203 2884 41 75 of

214 2931 55 75 the
295 2931 121 75 furrow
443 2931 43 75 of
513 2931 17 75 a
557 2931 209 75 determinate
788 2931 149 75 breadth,
974 2931 63 75 and
1063 2931 92 75 make
1180 2931 58 75 the

213 2978 120 75 plough
356 2978 77 75 very
454 2978 71 75 eafy
548 2978 35 75 to
607 2978 143 75 manage.
764 2978 171 75 Wheels
951 2978 137 75 likewife
1104 2978 92 75 make
1211 2978 27 75 it

1323 168 34 75 L
1434 168 39 75 T
1549 168 45 75 U
1671 168 39 75 R
1781 168 47 75 E.

1261 231 73 75 eafy
1351 231 52 75 for
1412 231 57 75 the
1480 231 195 75 ploughman
1684 231 37 75 to
1733 231 81 75 keep
1832 231 56 75 the
1900 231 107 75 ridges
2019 231 144 75 ftraight,
2187 231 108 75 which

1263 277 25 75 it
1304 277 27 75 is
1348 277 136 75 difficult
1500 277 35 75 to
1551 277 44 75 do
1610 277 138 75 without
1763 277 102 75 them.

1309 324 77 75 The
1410 324 237 75 difadvantages
1676 324 167 75 attending
1873 324 20 75 a
1922 324 144 75 wheeled
2098 324 120 75 plough
2241 324 55 75 are

1262 370 112 75 nearly
1395 370 95 75 equal
1510 370 35 75 to
1569 370 41 75 its
1636 370 206 75 advantages.
1892 370 32 75 It
1947 370 59 75 has
2030 370 57 75 too
2109 370 185 75 much-ma-

1264 416 142 75 chinery,
1425 416 107 75 which
1548 416 27 75 is
1587 416 40 75 an
1638 416 244 75 inconvenience
1898 416 34 75 in
1948 416 62 75 any
2025 416 217 75 inftrurnent...
2263 416 34 75 It

1264 463 24 75 is
1307 463 160 75 improper
1480 463 55 75 for
1551 463 176 75 ploughing
1743 463 106 75 ridges
1874 463 115 75 acrofs.
2039 463 32 75 It
2088 463 35 75 is'
2123 463 79 75 -uifo
2217 463 79 75 very

1262 509 222 75 inconvenient
1508 509 51 75 for
1581 509 177 75 ploughing
1782 509 125 75 narrow
1931 509 126 75 ridges;
2090 509 52 75 for
2161 509 34 75 it-
2208 509 88 75 Wnrft

1263 556 39 75 be
1328 556 186 75 frequently
1539 556 123 75 altered
1686 556 33 75 in
1743 556 177 75 ploughing
1942 556 58 75 out
2024 556 20 75 a
2068 556 102 75 ridge.
2194 556 8 75 -
2218 556 77 75 The

1264 602 102 75 wheel
1383 602 69 75 that
1469 602 76 75 goes
1560 602 34 75 in
1610 602 56 75 the
1693 602 121 75 furrow
1829 602 95 75 being
1939 602 113 75 higher
2075 602 77 75 than
2176 602 57 75 the
2259 602 36 75 o-

1264 648 85 75 ther,
1374 648 94 75 when
1484 648 80 75 both
1580 648 119 75 wheels
1716 648 53 75 are
1792 648 97 75 going
1905 648 85 75 upon
2008 648 55 75 the
2078 648 136 75 furfircc,
2239 648 57 75 the

1264 695 91 75 beam
1380 695 80 75 muft
1483 695 43 75 be
1549 695 145 75 changed
1717 695 84 75 from
1823 695 41 75 its
1888 695 152 75 ordinary
2060 695 148 75 pofiticn,
2233 695 64 75 and

1264 742 114 75 placed
1392 742 32 75 in
1439 742 77 75 fuch
1533 742 20 75 a
1568 742 129 75 manner
1709 742 34 75 as
1759 742 36 75 to
1810 742 82 75 keep
1906 742 59 75 th§
1981 742 120 75 plough
2117 742 91 75 even,
2233 742 65 75 and

1265 787 33 75 to
1314 787 93 75 make
1424 787 25 75 it
1474 787 43 75 go
1541 787 18 75 a
1582 787 85 75 little
1691 787 117 75 deeper
1832 787 76 75 than
1932 787 163 75 ordinary.
2144 787 111 75 When
2278 787 20 75 a

1266 834 120 75 furrow
1402 834 26 75 is
1446 834 92 75 made
1554 834 53 75 for
1623 834 55 75 the
1702 834 103 75 wheel
1827 834 37 75 to
1888 834 42 75 go
1954 834 44 75 in,
2024 834 118 75 the'be
2145 834 49 75 am
2216 834 81 75 muft

1265 881 40 75 be
1321 881 123 75 altered
1460 881 91 75 again
1575 881 35 75 to
1635 881 42 75 its
1702 881 151 75 ordinary
1869 881 130 75 pofition
2013 881 10 75 ;
2053 881 61 75 and
2131 881 94 75 when
2242 881 56 75 the

1267 927 92 75 ridge
1379 927 26 75 is
1423 927 76 75 near
1520 927 143 75 finilhed,
1688 927 35 75 fo
1742 927 74 75 that
1838 927 80 75 both
1942 927 119 75 wheels
2061 909 10 49 -
2084 927 54 75 are
2153 927 96 75 going
2265 927 32 75 irj

1266 974 150 75 furrows,
1441 974 55 75 the
1513 974 132 75 pofition
1669 974 43 75 of
1725 974 58 75 the
1807 974 93 75 beam
1915 974 80 75 muft
2012 974 40 75 be
2077 974 157 75 changed,
2260 974 37 75 to

1264 1020 83 75 keep
1363 1020 56 75 the
1440 1020 122 75 plough
1578 1020 91 75 even,
1693 1020 65 75 and
1773 1020 35 75 to
1832 1020 133 75 prevent
1979 1020 28 75 it
2022 1020 83 75 from
2122 1020 98 75 going
2242 1020 57 75 too

1261 1066 100 75 .deep.

1442 1178 64 75 Of
1532 1178 66 75 the
1628 1178 305 75 Four-coultered
1954 1178 165 75 Plinigh.

1315 1255 40 75 In
1371 1255 162 75 England,
1558 1255 65 75 this
1639 1255 121 75 plough
1776 1255 27 75 is
1819 1255 66 75 faid
1901 1255 35 75 to
1959 1255 40 75 be
2022 1255 79 75 ufed
2123 1255 79 75 with
2227 1255 71 75 fuc-

1271 1301 77 75 cefs.
1396 1301 69 75 But
1488 1301 84 75 after
1590 1301 149 75 repeated
1760 1301 92 75 trials
1867 1301 43 75 by
1926 1301 90 75 thofe
2032 1301 75 75 who
2123 1301 176 75 attempted

1272 1347 34 75 to
1328 1347 54 75 ufe
1403 1347 28 75 it
1454 1347 34 75 in
1512 1347 168 75 Scotland,
1704 1347 78 75 they
1804 1347 84 75 have
1913 1347 78 75 been
2017 1347 129 75 obliged
2169 1347 35 75 to
2227 1347 73 75 give

1271 1393 25 75 it
1319 1393 56 75 up.

1321 1440 45 75 So
1381 1440 95 75 many
1501 1440 139 75 coulters
1663 1440 33 75 in
1719 1440 56 75 the
1798 1440 125 75 ground
1948 1440 32 75 at
2010 1440 78 75 once
2112 1440 80 75 muft
2214 1440 87 75 meet

1272 1487 80 75 with
1367 1487 96 75 many
1479 1487 166 75 obftacles,
1669 1487 108 75 which
1792 1487 68 75 will
1876 1487 71 75 give
1963 1487 149 75 different
2130 1487 170 75 direftions

1273 1533 35 75 to
1330 1533 56 75 the
1407 1533 138 75 plough,
1568 1533 170 75 according
1760 1533 36 75 to
1818 1533 56 75 the
1896 1533 150 75 different
2069 1533 90 75 parts
2181 1533 40 75 of
2243 1533 56 75 the

1275 1580 138 75 coulters
1430 1580 34 75 to
1479 1580 105 75 which
1601 1580 55 75 the
1673 1580 157 75 refiftance
1846 1580 27 75 is
1892 1580 137 75 applied.
2077 1580 141 75 Befides,
2236 1580 25 75 it
2273 1580 26 75 is

1275 1625 135 75 difficult
1424 1625 37 75 to
1474 1625 91 75 place
1580 1625 56 75 the
1651 1625 108 75 planes
1776 1625 40 75 of
1825 1625 56 75 the
1897 1625 141 75 coulters
2055 1625 125 75 exadlly
2197 1625 104 75 paral-

1275 1673 42 75 lel
1334 1673 36 75 to
1386 1673 78 75 each
1480 1673 115 75 other;
1622 1673 63 75 and
1700 1673 31 75 if
1748 1673 65 75 this
1829 1673 41 75 be
1885 1673 57 75 not
1965 1673 97 75 done,
2086 1673 78 75 they
2178 1673 66 75 will
2261 1673 40 75 be

1276 1719 195 75 continually
1483 1719 17 75 a
1502 1719 82 75 (Sling
1595 1719 86 75 upon
1696 1719 56 75 the
1767 1719 122 75 plough
1904 1719 32 75 in
1953 1719 149 75 different
2118 1719 182 75 directions.

1275 1765 111 75 When
1410 1765 64 75 this
1503 1765 118 75 plough
1645 1765 26 75 is
1699 1765 170 75 employed
1892 1765 52 75 for
1967 1765 153 75 breaking
2135 1765 42 75 up
2200 1765 103 75 grafs-

1276 1811 152 75 grounds,
1452 1811 106 75 which
1571 1811 26 75 is
1610 1811 55 75 the
1684 1811 91 75 chief
1784 1811 105 75 defign
1906 1811 40 75 of
1963 1811 39 75 it,
2028 1811 54 75 the
2099 1811 128 75 oblique
2244 1811 59 75 po-

1275 1857 91 75 fition
1382 1857 40 75 of
1440 1857 54 75 the
1511 1857 140 75 coulters
1675 1857 26 75 is
1726 1857 55 75 apt
1805 1857 36 75 to
1866 1857 78 75 raife
1967 1857 57 75 the
2047 1857 74 75 turf
2138 1857 32 75 in
2192 1857 75 75 fuch
2285 1857 19 75 q.

1275 1902 131 75 manner
1422 1902 33 75 as
1471 1902 36 75 to
1529 1902 141 75 intangle
1689 1902 28 75 it
1738 1902 137 75 betwixt
1890 1902 102 75 them,
2017 1902 62 75 and
2095 1902 136 75 thereby
2246 1902 55 75 en-

1276 1950 95 75 tirely
1383 1950 67 75 ftop
1465 1950 57 75 the
1538 1950 133 75 plough.

1322 1995 85 75 This
1423 1995 119 75 plough
1558 1995 113 75 ftiould
1686 1995 117 75 always
1819 1995 41 75 be
1883 1995 93 75 made
2002 1995 80 75 with
2106 1995 119 75 wheels
2250 1995 52 75 for

1278 2041 178 75 regulating
1471 2041 42 75 its
1529 2041 175 75 direction;
1722 2041 56 75 the
1789 2041 109 75 planes
1918 2041 39 75 of
1972 2041 56 75 the
2042 2041 139 75 coulters
2193 2041 113 75 flioukl

1279 2089 39 75 be
1335 2089 126 75 exactly
1477 2089 131 75 parallel
1624 2089 35 75 to
1674 2089 79 75 each
1770 2089 113 75 other:
1910 2089 76 75 The
2002 2089 65 75 firft
2085 2089 123 75 coulter
2224 2089 80 75 muft

1279 2135 39 75 be
1334 2135 46 75 fet
1397 2135 110 75 almoft
1523 2135 253 75 perpendicular,
1794 2135 62 75 and
1872 2135 111 75 (hot!Id
1999 2135 56 75 not
2068 2135 41 75 go
2126 2135 99 75 above
2237 2135 68 75 two

1279 2182 108 75 inches
1412 2182 102 75 deep;
1548 2182 56 75 the
1630 2182 116 75 fecond
1768 2182 113 75 ftiduld
1906 2182 84 75 Hope
2012 2182 18 75 a
2051 2182 98 75 little,
2174 2182 63 75 and
2263 2182 45 75 go

1281 2229 173 75 fomewhat
1469 2229 115 75 deeper
1600 2229 78 75 than
1693 2229 56 75 the
1766 2229 77 75 firft,
1868 2229 63 75 and
1951 2229 33 75 fo
2000 2229 41 75 on
2057 2229 37 75 to
2115 2229 55 75 the
2187 2229 69 75 laft.

1330 2274 74 75 Soft
1419 2274 248 75 meadow-land,
1691 2274 69 75 free
1784 2274 86 75 from
1892 2274 119 75 ftones^
2032 2274 26 75 is
2081 2274 64 75 beft
2170 2274 138 75 adapted

1281 2321 35 75 to
1332 2321 56 75 the
1404 2321 111 75 nature
1530 2321 40 75 of
1584 2321 62 75 this
1663 2321 132 75 plough.

1568 2428 64 75 Of
1647 2428 65 75 the
1741 2428 87 75 Iron
1854 2428 162 75 Plough.

1329 2508 85 75 This
1426 2508 120 75 plough
1563 2508 27 75 is
1603 2508 125 75 formed
1739 2508 85 75 upon
1832 2508 55 75 the
1903 2508 106 75 model
2022 2508 40 75 of
2072 2508 55 75 the
2144 2508 53 75 old
2212 2508 99 75 Scots

1283 2553 140 75 plough;
1449 2553 75 75 only
1540 2553 56 75 the
1612 2553 121 75 feveral
1747 2553 86 75 parts
1853 2553 40 75 of
1904 2553 26 75 it
1946 2553 54 75 are
2015 2553 133 75 fliorter,
2173 2553 135 75 and'the

1283 2602 82 75 head
1382 2602 61 75 and
1459 2602 75 75 fock
1550 2602 52 75 are
1629 2602 40 75 of
1681 2602 60 75 one
1757 2602 88 75 piece
1860 2602 64 75 like
1948 2602 55 75 the
2022 2602 132 75 Englifh
2171 2602 137 75 plough-

1276 2646 105 75 .ftiare.

1330 2691 86 75 ITiis
1432 2691 121 75 plough
1581 2691 27 75 is
1635 2691 130 75 lighter,
1792 2691 61 75 and
1870 2691 226 75 cenfequently
2110 2691 90 75 more
2215 2691 96 75 eafily

1285 2737 108 75 drawn
1410 2737 78 75 than
1506 2737 61 75 any
1584 2737 93 75 other
1689 2737 123 75 plough
1831 2737 75 75 ufed
1921 2737 32 75 in
1978 2737 153 75 Scotland
2146 2737 10 75 ;
2182 2737 75 75 and,
2276 2737 34 75 as

1285 2784 25 75 it
1326 2784 27 75 is
1378 2784 133 75 {hotter,
1536 2784 55 75 the
1613 2784 127 75 friction
1757 2784 28 75 is
1800 2784 64 75 alfo
1881 2784 197 75 diminiffied.
2126 2784 140 75 Neither
2282 2784 27 75 is

1287 2830 54 75 the
1357 2830 92 75 earth
1465 2830 34 75 fo
1516 2830 55 75 apt
1587 2830 36 75 to
1639 2830 78 75 ftick
1733 2830 35 75 to
1784 2830 43 75 it,
1850 2830 61 75 and
1934 2830 72 75 clog
2033 2830 25 75 it
2083 2830 94 75 while
2201 2830 108 75 going.

1284 2877 68 75 But
1369 2877 87 75 thefe
1472 2877 54 75 are
1541 2877 76 75 only
1634 2877 136 75 feeming
1786 2877 190 75 advantages
1988 2877 10 75 ;
2024 2877 53 75 for
2092 2877 220 75 thelightnefs

1286 2923 63 75 and
1363 2923 153 75 ftiortnefs
1540 2923 40 75 of
1590 2923 27 75 it
1633 2923 113 75 render
1764 2923 25 75 it
1808 2923 178 75 extremely
2004 2923 118 75 fubjeCt
2138 2923 35 75 to
2189 2923 122 75 change

1284 2971 44 75 its
1343 2971 152 75 direction
1512 2971 84 75 upon
1608 2971 139 75 meeting
1756 2971 79 75 with
1846 2971 56 75 the
1917 2971 76 75 ieaft
2008 2971 202 75 obftruCtion.
2230 2971 82 75 -Soft

2222 3012 87 75 land.
