2443 3377
202 217 54 49 34
256 185 25 75 8

700 185 41 75 A
799 185 37 75 R
896 185 35 75 C
991 185 43 75 H
1091 185 18 75 I
1168 185 39 75 T

204 248 216 75 coincidence.
470 248 73 75 One
559 248 149 75 example
732 248 26 75 is
776 248 93 75 given
886 248 41 75 of
946 248 64 75 this
1027 248 216 75 coincidence,

198 296 37 75 an
248 296 54 75 the
317 296 148 75 numbers
480 296 54 75 l6,
553 296 57 75 24,
630 296 62 75 and
710 296 44 75 36
766 296 10 75 ;
803 296 58 75 but
874 296 35 75 to
925 296 41 75 be
982 296 175 75 convinced
1173 296 71 75 that

204 343 26 75 it
247 343 26 75 is
291 343 123 75 merely
427 343 189 75 accidental,
634 343 48 75 we
695 343 81 75 need
787 343 59 75 but
864 343 118 75 refled,
999 343 71 75 that
1088 343 55 75 the
1160 343 85 75 fame

204 390 206 75 proportions
424 390 53 75 are
495 390 56 75 not
568 390 175 75 applicable
761 390 34 75 to
812 390 56 75 the
884 390 148 75 external
1048 390 100 75 figure
1168 390 40 75 of
1227 390 19 75 a

201 437 115 75 •houle,
342 437 63 75 and
422 437 49 75 far
488 437 59 75 lefs
566 437 34 75 to
617 437 18 75 a
652 437 142 75 column.

253 483 33 75 It
308 483 38 75 is'
346 483 169 75 ludicrous
533 483 35 75 to
592 483 132 75 obferve
748 483 126 75 writers
902 483 265 75 acknowledging
1190 483 56 75 the

205 530 147 75 neceffity
369 530 40 75 of
428 530 147 75 accurate
591 530 217 75 proportions,
834 530 64 75 and
914 530 55 75 yet
979 530 151 75 differing
1146 530 99 75 wide-

204 577 36 75 ly
257 577 97 75 about
370 577 102 75 them.
519 577 132 75 Laying
668 577 81 75 afide
770 577 166 75 reafoning
953 577 63 75 and
1039 577 203 75 philofophy,

205 624 61 75 one
281 624 65 75 fad
368 624 194 75 univerfally
577 624 118 75 agreed
710 624 42 75 on
769 624 103 75 ought
888 624 35 75 to
940 624 81 75 have
1050 624 197 75 undeceived

207 671 101 75 them,
333 671 72 75 that
421 671 56 75 the
493 671 83 75 fame
590 671 202 75 proportions
810 671 106 75 which
928 671 103 75 pleafe
1052 671 32 75 in
1100 671 19 75 a
1139 671 107 75 model

208 718 52 75 are
277 718 56 75 not
356 718 166 75 agreeable
538 718 32 75 in
586 718 20 75 a
621 718 89 75 large
732 718 167 75 building:
937 718 33 75 A
994 718 92 75 room
1110 718 44 75 48
1179 718 68 75 feet

200 738 6 104 ■
206 764 34 75 in
257 764 125 75 length,
409 764 63 75 and
495 764 42 75 24
550 764 32 75 in
594 764 136 75 breadth
750 764 62 75 and
828 764 125 75 height,
978 764 26 75 is
1022 764 73 75 well
1112 764 134 75 propor-

209 811 109 75 tioned
330 811 10 75 ;
367 811 58 75 but
437 811 19 75 a
472 811 92 75 room
586 811 39 75 12
640 811 68 75 feet
723 811 84 75 wide
819 811 65 75 and
899 811 92 75 high,
1018 811 63 75 and
1099 811 45 75 24
1155 811 90 75 long,

210 858 193 75 approaches
418 858 38 75 to
473 858 19 75 a
507 858 138 75 gallery.

255 905 161 75 Perrault,
441 905 33 75 in
490 905 51 75 his
566 905 198 75 comparifon
790 905 40 75 of
850 905 56 75 the
931 905 141 75 ancients
1098 905 64 75 and
1177 905 70 75 mo-

211 951 106 75 derns,
344 951 76 75 goes
444 951 35 75 to
502 951 56 75 the
583 951 140 75 oppofite
747 951 158 75 extreme,
930 951 220 75 maintaining,
1176 951 73 75 that

204 999 61 75 the
281 999 157 75 ,different
463 999 203 75 proportions
692 999 137 75 affigned
851 999 35 75 to
912 999 79 75 each
1014 999 96 75 order
1134 999 40 75 of
1193 999 54 75 co-

209 1046 104 75 lumns
338 1046 53 75 are
408 1046 171 75 arbitrary,
605 1046 64 75 and
685 1046 71 75 that
779 1046 56 75 the
858 1046 120 75 beauty
1003 1046 41 75 of
1063 1046 87 75 thefe
1173 1046 75 75 pro-

210 1094 146 75 portions
373 1094 26 75 is
416 1094 138 75 entirely
570 1094 56 75 the
643 1094 94 75 effed
752 1094 41 75 of
814 1094 132 75 cuftom.
995 1094 69 75 But
1080 1094 40 75 he
1137 1094 113 75 fhould

211 1140 81 75 have
308 1140 196 75 conflJered,
530 1140 71 75 that
612 1140 30 75 if
662 1140 88 75 thefe
766 1140 204 75 proportions
989 1140 66 75 had
1070 1140 57 75 not
1149 1140 99 75 origi-

211 1186 87 75 nally
316 1186 79 75 been
417 1186 179 75 agreeable,
621 1186 78 75 they
722 1186 98 75 could
844 1186 96 75 never
963 1186 83 75 have
1068 1186 80 75 been
1170 1186 79 75 effa-

212 1233 121 75 blifhed
346 1233 43 75 by
401 1233 133 75 cuffom.

259 1280 66 75 For
340 1280 190 75 illuftrating
547 1280 64 75 this
628 1280 103 75 point,
749 1280 49 75 we
811 1280 77 75 fliall
901 1280 66 75 add
977 1280 19 75 a
1008 1280 63 75 few
1084 1280 165 75 examples

213 1326 39 75 of
263 1326 57 75 the
332 1326 236 75 agreeablenefs
580 1326 42 75 of
633 1326 151 75 different
796 1326 216 75 proportions.
1055 1326 38 75 In
1110 1326 20 75 a
1144 1326 106 75 fump-

213 1374 95 75 tuous
325 1374 123 75 edifice,
467 1374 55 75 the
539 1374 116 75 capital
671 1374 108 75 rooms
795 1374 102 75 ought
914 1374 34 75 to
965 1374 40 75 be
1022 1374 100 75 large,
1140 1374 110 75 other-

209 1421 79 75 wife
314 1421 76 75 they
415 1421 66 75 will
506 1421 57 75 not
592 1421 40 75 be
655 1421 232 75 proportioned
910 1421 35 75 to
970 1421 57 75 the
1049 1421 63 75 fize
1138 1421 39 75 of
1196 1421 56 75 the

214 1467 168 75 building;
409 1467 51 75 for
478 1467 56 75 the
550 1467 84 75 fame
647 1467 127 75 reafon,
800 1467 18 75 a
835 1467 78 75 very
930 1467 88 75 large
1034 1467 92 75 room
1148 1467 27 75 is
1192 1467 59 75 im-

217 1513 115 75 proper
347 1513 35 75 in
399 1513 19 75 a
434 1513 90 75 fmall
540 1513 111 75 houfe.
692 1513 68 75 But
776 1513 33 75 in
826 1513 108 75 things
951 1513 75 75 thus
1044 1513 208 75 related,_the

216 1560 88 75 mind
317 1560 143 75 requires
473 1560 56 75 not
546 1560 19 75 a
580 1560 118 75 precife
710 1560 38 75 or
760 1560 96 75 Angle
874 1560 202 75 proportion,
1101 1560 152 75 rejeding

217 1607 42 75 all
282 1607 132 75 others;
441 1607 42 75 on
506 1607 55 75 the
584 1607 163 75 contrary,
771 1607 95 75 many
882 1607 152 75 different
1049 1607 204 75 proportions

218 1654 52 75 are
286 1654 132 75 equally
434 1654 178 75 agreeable.
661 1654 33 75 It
709 1654 27 75 is
753 1654 78 75 only
849 1654 94 75 when
960 1654 18 75 a
993 1654 189 75 proportion
1199 1654 54 75 be-

217 1701 106 75 comes
348 1701 89 75 loofe
460 1701 66 75 and
549 1701 126 75 diflant,
702 1701 71 75 that
797 1701 56 75 the
878 1701 235 75 agreeablenefs
1131 1701 121 75 abates,

218 1747 63 75 and
298 1747 33 75 at
354 1747 57 75 laft
430 1747 155 75 vanifhes.
635 1747 233 75 Accordingly,
893 1747 33 75 in
943 1747 175 75 buildings,
1144 1747 110 75 rooms

218 1794 40 75 of
269 1794 151 75 different
436 1794 204 75 proportions
665 1794 53 75 are
740 1794 105 75 found
868 1794 35 75 to
929 1794 39 75 be
992 1794 132 75 equally
1145 1794 109 75 agree-

219 1841 84 75 able,
328 1841 81 75 even
427 1841 109 75 where
553 1841 56 75 the
621 1841 188 75 proportion
826 1841 26 75 is
869 1841 58 75 not
939 1841 177 75 influenced
1132 1841 43 75 by
1184 1841 70 75 -uti-

217 1887 75 75 lity.
349 1887 99 75 With
473 1887 115 75 regard
613 1887 36 75 to
673 1887 56 75 the
752 1887 187 75 proportion
959 1887 61 75 the
1043 1887 114 75 height
1178 1887 40 75 of
1237 1887 20 75 a

220 1934 91 75 room
328 1934 111 75 Ihould
456 1934 76 75 bear
548 1934 34 75 to
598 1934 57 75 the
676 1934 112 75 length
806 1934 62 75 and
890 1934 149 75 breadth,
1064 1934 26 75 it
1113 1934 80 75 muff
1216 1934 40 75 be

221 1981 181 75 extremely
418 1981 171 75 arbitrary,
615 1981 196 75 confidering
839 1981 55 75 the
917 1981 202 75 uncertainty
1143 1981 40 75 of
1201 1981 55 75 the

221 2029 59 75 eye
297 2029 33 75 as
348 2029 34 75 to
399 2029 55 75 the
476 2029 114 75 height
615 2029 40 75 of
674 2029 19 75 a
711 2029 94 75 room
828 2029 144 75 when*it
994 2029 138 75 exceeds
1161 2029 40 75 16
1218 2029 37 75 or

227 2074 38 75 17
288 2074 79 75 feet.
418 2074 39 75 In
475 2074 156 75 columns,
657 2074 105 75 again,
787 2074 98 75 every
901 2074 152 75 archited
1076 2074 81 75 muff
1180 2074 75 75 con-

222 2120 74 75 fefs,
321 2120 71 75 that
409 2120 56 75 the
481 2120 188 75 proportion
691 2120 40 75 of
750 2120 111 75 height
886 2120 62 75 and
971 2120 160 75 thicknefs
1155 2120 101 75 varies

218 2167 142 75 betwixt
376 2167 20 75 8
415 2167 172 75 diameters
612 2167 63 75 and
701 2167 55 75 10,
782 2167 63 75 and
868 2167 72 75 that
956 2167 96 75 every
1069 2167 187 75 proportion

223 2213 144 75 between
385 2213 87 75 thefe
489 2213 66 75 two
572 2213 161 75 extremes
749 2213 27 75 is
788 2213 179 75 agreeable.
1008 2213 141 75 Befides,
1166 2213 91 75 there

223 2260 81 75 muff
320 2260 155 75 certainly
491 2260 40 75 be
555 2260 18 75 a
590 2260 127 75 further
741 2260 158 75 variation
914 2260 41 75 of
974 2260 200 75 proportion,
1199 2260 56 75 de-

227 2307 138 75 pending
380 2307 42 75 on
445 2307 56 75 the
525 2307 62 75 fize
604 2307 40 75 of
663 2307 54 75 the
735 2307 128 75 column
879 2307 8 75 :
922 2307 35 75 A
973 2307 69 75 row
1058 2307 39 75 of
1117 2307 142 75 columns

232 2355 39 75 10
297 2355 66 75 feet
387 2355 91 75 high,
510 2355 66 75 and
603 2355 19 75 a
648 2355 68 75 row
744 2355 94 75 twice
862 2355 71 75 that
961 2355 125 75 height,
1117 2355 142 75 requires

226 2399 151 75 different
400 2399 224 75 proportions:
658 2399 77 75 The
752 2399 327 75 intercolumniations
1099 2399 81 75 muff
1197 2399 65 75 allb

226 2446 95 75 differ
338 2446 30 75 in
387 2446 188 75 proportion
591 2446 171 75 according
778 2446 35 75 to
830 2446 55 75 the
897 2446 113 75 height
1026 2446 40 75 of
1085 2446 55 75 the
1157 2446 81 75 row.

274 2492 194 75 Proportion
484 2492 41 75 of
544 2492 87 75 parts
647 2492 26 75 is
691 2492 57 75 not
762 2492 78 75 only
856 2492 90 75 itfelf
963 2492 20 75 a
1003 2492 132 75 beauty,
1159 2492 61 75 but
1234 2492 28 75 is

228 2540 198 75 infeparably
442 2540 173 75 conneded
630 2540 80 75 with
727 2540 18 75 a
760 2540 119 75 beauty
894 2540 40 75 of
945 2540 55 75 the
1016 2540 123 75 higheft
1155 2540 106 75 relifh,

228 2586 71 75 that
315 2586 41 75 of
376 2586 140 75 concord
532 2586 62 75 and
610 2586 157 75 harmony
780 2586 10 75 ;
816 2586 106 75 which
939 2586 68 75 will
1018 2586 40 75 be
1075 2586 84 75 plain
1177 2586 86 75 from

228 2634 87 75 what
332 2634 127 75 follows
472 2634 9 75 :
517 2634 34 75 A
567 2634 102 75 room,
695 2634 56 75 the
768 2634 88 75 parts
867 2634 40 75 of
918 2634 107 75 which
1042 2634 54 75 are
1112 2634 42 75 all
1167 2634 97 75 finely

222 2681 57 75 adj
286 2681 87 75 uffed
389 2681 35 75 to
441 2681 76 75 each
535 2681 107 75 pther,
666 2681 111 75 ftrikes
793 2681 37 75 us
847 2681 57 75 not
920 2681 77 75 only
1008 2681 80 75 with
1099 2681 56 75 the
1167 2681 96 75 beau-

229 2727 38 75 ty
283 2727 40 75 of
341 2727 199 75 proportion,
565 2727 58 75 hut
635 2727 78 75 with
731 2727 18 75 a
764 2727 141 75 pleafure
922 2727 50 75 far
983 2727 154 75 fuperior.
1187 2727 77 75 The

230 2774 123 75 length,
380 2774 54 75 the
450 2774 150 75 breadth,
626 2774 54 75 the
695 2774 126 75 height,
840 2774 55 75 the
915 2774 163 75 windows,
1097 2774 78 75 raife
1187 2774 78 75 each

230 2821 40 75 of
281 2821 88 75 them
387 2821 19 75 a
421 2821 141 75 feparate
578 2821 161 75 emotion:
767 2821 108 75 Thefe
888 2821 155 75 emotions
1057 2821 53 75 are
1127 2821 135 75 fimilar;

231 2868 87 75 and,,
331 2868 124 75 though
472 2868 92 75 faint'
564 2868 98 75 when
680 2868 174 75 feparately
870 2868 71 75 felt.,
967 2868 78 75 they
1064 2868 150 75 produce,
1233 2868 33 75 in

230 2912 217 75 conjundion,
473 2912 55 75 the
545 2912 141 75 emotion
703 2912 40 75 of
761 2912 141 75 concord
912 2912 39 75 or
961 2912 168 75 harmony,
1156 2912 108 75 which

232 2960 25 75 is
274 2960 79 75 very
370 2960 150 75 pleafant.
571 2960 55 75 On
649 2960 55 75 the
724 2960 95 75 other
834 2960 98 75 hand,
957 2960 108 75 where
1084 2960 53 75 the
1153 2960 112 75 length

232 3007 41 75 of
285 3007 18 75 a
314 3007 92 75 room
421 3007 50 75 far
488 3007 137 75 exceeds
641 3007 55 75 the
712 3007 149 75 breadth,
886 3007 56 75 the
959 3007 100 75 mind,
1081 3007 184 75 comparing

234 3054 146 75 together
398 3054 86 75 parts
502 3054 32 75 fo
551 3054 181 75 intimately
748 3054 186 75 conneded,
958 3054 220 75 immediately
1195 3054 71 75 per-

1265 178 35 75 E
1362 178 35 75 C
1456 178 39 75 T
1551 178 44 75 U
1654 178 37 75 R
1749 178 49 75 E.

1293 252 104 75 ceives
1423 252 19 75 a
1463 252 232 75 difagreement
1720 252 38 75 or
1785 252 237 75 difproportion
2049 252 108 75 which
2183 252 145 75 difgufts.

1297 299 111 75 Hence
1425 299 19 75 a
1459 299 77 75 long
1553 299 136 75 gallery,
1714 299 151 75 however
1889 299 189 75 convenient
2103 299 51 75 for
2178 299 153 75 exercife,

1295 347 25 75 is
1339 347 56 75 not
1408 347 39 75 an
1459 347 167 75 agreeable
1642 347 102 75 figure
1760 347 40 75 of
1820 347 17 75 a
1854 347 104 75 room.

1342 392 39 75 In
1396 392 161 75 buildings
1570 392 144 75 deflined
1725 392 115 75 chiefly
1854 392 37 75 or
1907 392 100 75 folely
2019 392 36 75 to
2072 392 103 75 pleafe
2189 392 54 75 the
2259 392 72 75 eye,

1297 439 176 75 regularity
1497 439 63 75 and
1582 439 188 75 proportion
1794 439 53 75 are
1871 439 176 75 effentially
2071 439 172 75 neceffary,
2277 439 56 75 be-

1298 486 88 75 caufe
1403 486 78 75 they
1499 486 53 75 are
1569 486 56 75 the
1648 486 108 75 means
1781 486 40 75 of
1839 486 176 75 producing
2038 486 140 75 intrinfic
2202 486 133 75 beauty.

1296 533 70 75 But
1387 533 19 75 a
1420 533 108 75 fldlful
1541 533 87 75 artift
1644 533 68 75 will
1729 533 57 75 not
1802 533 122 75 confine
1941 533 50 75 his
2007 533 82 75 view
2105 533 36 75 to
2157 533 178 75 regularity

1298 579 61 75 and
1375 579 210 75 proportion;
1611 579 41 75 he
1668 579 67 75 will
1761 579 64 75 alfo
1848 579 94 75 ftudy
1966 579 182 75 congruity,
2174 579 108 75 which
2305 579 28 75 is

1296 625 169 75 perceived
1488 625 94 75 when
1606 625 57 75 the
1687 625 85 75 form
1798 625 62 75 and
1882 625 182 75 ornaments
2086 625 41 75 of
2146 625 20 75 a
2180 625 154 75 ftrudure

1297 673 53 75 are
1376 673 104 75 fuited
1508 673 35 75 to
1572 673 55 75 the
1651 673 135 75 purpofe
1812 673 54 75 for
1892 673 106 75 which
2030 673 27 75 it
2087 673 27 75 is
2147 673 184 75 appointed.

1297 720 112 75 Hence
1426 720 97 75 every
1541 720 146 75 building
1709 720 103 75 ought
1829 720 34 75 to
1879 720 81 75 have
1978 720 39 75 an
2033 720 173 75 expreflion
2231 720 104 75 fuited

1297 767 42 75 to.
1348 767 42 75 its
1408 767 203 75 deftination.
1633 767 5 75 '
1659 767 34 75 A
1709 767 109 75 palace
1835 767 103 75 ought
1954 767 35 75 to
2004 767 41 75 be
2070 767 183 75 fumptuous
2272 767 63 75 and

1298 813 121 75 grand;
1453 813 18 75 a
1492 813 123 75 private
1642 813 164 75 dwelling,
1831 813 75 75 neat
1934 813 63 75 and
2023 813 143 75 modeft;
2199 813 19 75 a
2244 813 91 75 play-

1298 859 110 75 houfe,
1433 859 63 75 gay
1513 859 62 75 and
1592 859 166 75 fplendid;
1785 859 61 75 and
1864 859 18 75 a
1899 859 199 75 monument,
2123 859 130 75 gloomy
2273 859 63 75 and

1299 905 214 75 melancholy.
1562 905 34 75 A
1611 905 139 75 heathen
1766 905 118 75 temple
1896 905 56 75 has
1965 905 19 75 a
1994 905 118 75 double
2123 905 209 75 deflination:

1300 952 32 75 It
1348 952 27 75 is
1401 952 184 75 confidered
1609 952 35 75 as
1661 952 19 75 a
1701 952 98 75 houfe
1822 952 170 75 dedicated
2011 952 36 75 to
2069 952 86 75 fome
2175 952 157 75 divinity;

1301 999 161 75 therefore
1485 999 26 75 it
1536 999 104 75 ought
1663 999 35 75 to
1789 999 115 75 grand,
1928 999 159 75 elevated,
2111 999 62 75 and
2191 999 143 75 magnifi-

1301 1047 71 75 cent
1384 1047 8 75 :
1430 1047 31 75 It
1478 1047 26 75 is
1522 1047 67 75 alfo
1613 1047 183 75 confidefed
1820 1047 34 75 as
1878 1047 19 75 a
1918 1047 89 75 place
2029 1047 41 75 of
2088 1047 156 75 worfhip;
2272 1047 64 75 and

1301 1093 166 75 therefore’
1488 1093 102 75 ought
1615 1093 35 75 to
1674 1093 40 75 be
1738 1093 173 75 fomewhat
1935 1093 82 75 dark
2033 1093 63 75 and
2111 1093 140 75 gloomy,
2279 1093 55 75 be-

1301 1139 91 75 caufe
1417 1139 137 75 dimnefs
1580 1139 38 75 or
1642 1139 163 75 obfcurity
1828 1139 157 75 produces
2011 1139 71 75 that
2098 1139 74 75 tone
2189 1139 40 75 of
2248 1139 89 75 mind

1301 1185 105 75 which
1423 1185 27 75 is
1468 1185 187 75 favourable
1672 1185 35 75 to
1718 1185 152 75 humility
1883 1185 63 75 and
1957 1185 165 75 devotion.
2163 1185 174 75 Columns,

1300 1232 119 75 befides
1437 1232 84 75 their
1537 1232 92 75 chief
1639 1232 188 75 deftination
1852 1232 41 75 of
1911 1232 94 75 being
2029 1232 160 75 fupports,
2215 1232 120 75 contri-

1300 1279 76 75 bute
1396 1279 35 75 to
1441 1279 82 75 .that
1539 1279 140 75 peculiar
1695 1279 175 75 expreflion
1887 1279 105 75 which
2016 1279 55 75 the
2087 1279 188 75 deftination
2299 1279 41 75 of

1302 1326 18 75 a
1343 1326 149 75 building
1515 1326 164 75 requires:
1715 1326 157 75 Columns
1894 1326 41 75 of
1956 1326 151 75 different
2129 1326 206 75 proportions

1302 1372 87 75 ferve
1416 1372 36 75 to
1484 1372 128 75 exprefs
1645 1372 157 75 loftinefs,
1843 1372 164 75 lightnefs,
2042 1372 65 75 &C.
2140 1372 33 75 as
2202 1372 73 75 well
2300 1372 35 75 as

1304 1417 154 75 ftrength.
1508 1417 163 75 Situation
1688 1417 74 75 may
1786 1417 65 75 alfo
1875 1417 181 75 contribute
2080 1417 34 75 to
2138 1417 195 75 expreflion:

1305 1464 228 75 Conveniency
1550 1464 159 75 regulates
1727 1464 55 75 the
1803 1464 150 75 fituation
1976 1464 40 75 of
2036 1464 19 75 a
2078 1464 122 75 private
2224 1464 112 75 dweli-

1304 1510 191 75 ing-houfe;
1523 1510 63 75 and
1602 1510 55 75 the
1668 1510 148 75 fituation
1832 1510 41 75 of
1892 1510 19 75 a
1926 1510 111 75 palace
2053 1510 102 75 ought
2165 1510 36 75 to
2217 1510 39 75 be
2272 1510 64 75 lof-

1305 1558 48 75 ty.
1401 1558 85 75 This
1511 1558 88 75 leads
1623 1558 35 75 to
1681 1558 19 75 a
1722 1558 155 75 queftion,
1910 1558 163 75 Whether
2097 1558 54 75 the
2175 1558 161 75 fituation,

1304 1604 107 75 where
1436 1604 91 75 there
1551 1604 141 75 happens
1716 1604 37 75 to
1780 1604 40 75 be
1848 1604 43 75 no
1919 1604 123 75 choice,
2075 1604 115 75 ought,
2214 1604 32 75 in
2275 1604 64 75 any

1305 1651 154 75 meafure,
1484 1651 36 75 to
1537 1651 142 75 regulate
1697 1651 54 75 the
1763 1651 85 75 form
1864 1651 42 75 of
1917 1651 56 75 the
1988 1651 111 75 edifice
2113 1651 11 75 ?
2166 1651 77 75 The
2261 1651 75 75 con-

1304 1698 124 75 ne&ion
1452 1698 146 75 between
1625 1698 18 75 a
1667 1698 88 75 great
1772 1698 98 75 houfe
1886 1698 68 75 and
1965 1698 19 75 a
2000 1698 232 75 neighbouring
2248 1698 88 75 field,

1305 1743 125 75 though
1453 1743 57 75 not
1534 1743 179 75 extremely
1725 1743 162 75 intimate,
1911 1743 152 75 demands
2087 1743 151 75 however
2252 1743 87 75 fome

1306 1789 182 75 congruity.
1538 1789 32 75 It
1586 1789 122 75 would,
1734 1789 52 75 for
1807 1789 161 75 example,
1992 1789 151 75 difpleafe
2166 1789 38 75 us
2221 1789 35 75 to
2271 1789 68 75 find

1306 1837 40 75 an
1362 1837 127 75 elegant
1505 1837 145 75 building
1662 1837 127 75 thrown
1805 1837 90 75 away
1907 1837 85 75 upon
2004 1837 18 75 a
2034 1837 77 75 wild
2122 1837 218 75 uncultivated

1309 1882 156 75 country:
1493 1882 183 75 Congruity
1693 1882 143 75 requires
1853 1882 19 75 a
1892 1882 142 75 polifhed
2056 1882 75 75 field
2154 1882 51 75 for
2227 1882 75 75 fuch
2319 1882 20 75 a

1306 1928 158 75 building.
1512 1928 78 75 The
1614 1928 56 75 old
1694 1928 127 75 Gothic
1843 1928 85 75 form
1952 1928 41 75 of
2012 1928 144 75 building
2177 1928 66 75 was
2266 1928 73 75 well

1308 1975 103 75 fuited
1422 1975 36 75 to
1474 1975 55 75 the
1545 1975 104 75 rough
1666 1975 217 75 uncultivated
1899 1975 127 75 regions
2042 1975 107 75 where
2165 1975 25 75 it
2213 1975 64 75 was
2290 1975 48 75 in-

1307 2021 117 75 vented
1435 2021 11 75 ;
1471 2021 58 75 but
1554 2021 65 75 was
1644 2021 77 75 very
1743 2021 37 75 ill
1803 2021 138 75 adapted
1965 2021 35 75 to
2022 2021 56 75 the
2094 2021 62 75 fine
2178 2021 101 75 plains
2302 2021 43 75 of

1307 2068 124 75 France
1446 2068 63 75 and
1524 2068 98 75 Italy.

1354 2114 77 75 The
1447 2114 147 75 external
1610 2114 152 75 ftruflure
1786 2114 41 75 of
1844 2114 21 75 a
1887 2114 99 75 houfe
2009 2114 89 75 leads
2120 2114 161 75 naturally
2305 2114 35 75 to

1306 2162 43 75 its
1364 2162 135 75 internal
1514 2162 169 75 ftrudure.
1722 2162 34 75 A
1771 2162 89 75 large
1877 2162 62 75 and
1954 2162 143 75 fpacious
2114 2162 102 75 room,
2235 2162 106 75 which

1309 2209 26 75 is
1352 2209 56 75 the
1424 2209 65 75 firft
1506 2209 70 75 that
1599 2209 180 75 commonly
1804 2209 139 75 receives
1967 2209 50 75 us,
2043 2209 26 75 is
2094 2209 19 75 a
2136 2209 63 75 bad
2223 2209 117 75 contri-

1310 2254 98 75 vance
1424 2254 31 75 in
1473 2254 119 75 feveral
1609 2254 148 75 refpeds.
1806 2254 40 75 In
1870 2254 57 75 the
1950 2254 64 75 firft
2039 2254 102 75 place,
2167 2254 91 75 when
2281 2254 61 75 im-

1311 2302 172 75 mediately
1499 2302 84 75 from
1600 2302 55 75 the
1671 2302 81 75 open
1778 2302 46 75 air
1848 2302 50 75 we
1922 2302 64 75 ftep
2009 2302 69 75 into
2101 2302 77 75 fuch
2201 2302 18 75 a
2236 2302 104 75 room,

1312 2349 41 75 its
1374 2349 61 75 ftze
1452 2349 32 75 in
1501 2349 194 75 appearance
1711 2349 26 75 is
1754 2349 186 75 diminifhed
1963 2349 44 75 by
2023 2349 158 75 contraft;
2207 2349 26 75 it
2249 2349 92 75 looks

1313 2396 96 75 little,
1434 2396 171 75 compared
1620 2396 78 75 with
1715 2396 56 75 the
1795 2396 90 75 great
1909 2396 123 75 canopy
2049 2396 40 75 of
2107 2396 56 75 the
2185 2396 69 75 fky.
2303 2396 39 75 In

1313 2443 53 75 the
1383 2443 79 75 next
1478 2443 101 75 place,
1604 2443 93 75 when
1708 2443 31 75 at
1755 2443 147 75 recovers
1917 2443 43 75 its
1978 2443 171 75 grandeur,
2174 2443 33 75 as
2224 2443 26 75 it
2266 2443 77 75 foon

1313 2488 92 75 doth,
1430 2488 27 75 it
1472 2488 87 75 gives
1577 2488 18 75 a
1610 2488 188 75 diminutive
1815 2488 193 75 appearance
2024 2488 35 75 to
2075 2488 55 75 the
2146 2488 60 75 reft
2229 2488 40 75 of
2288 2488 56 75 the

1311 2535 117 75 houfe.
1454 2535 116 75 palling
1583 2535 85 75 from
1684 2535 39 75 it,
1748 2535 96 75 ev6ry
1856 2535 179 75 apartment
2050 2535 93 75 looks
2158 2535 97 75 little.
2303 2535 41 75 In

1313 2583 55 75 the
1385 2583 88 75 third
1485 2583 104 75 place,
1614 2583 43 75 by
1673 2583 41 75 its
1732 2583 146 75 fituation
1894 2583 28 75 it
1941 2583 103 75 ferves
2060 2583 79 75 only
2155 2583 50 75 for
2217 2583 19 75 a
2251 2583 92 75 wait-

1315 2629 172 75 ing-room,
1524 2629 63 75 and
1614 2629 18 75 a
1656 2629 122 75 paffage
1807 2629 34 75 to
1868 2629 55 75 the
1950 2629 153 75 principal
2134 2629 209 75 apartments.

1315 2675 169 75 Rejeding
1501 2675 162 75 therefore
1676 2675 63 75 this
1756 2675 97 75 form,
1880 2675 17 75 a
1916 2675 71 75 hint
2002 2675 74 75 may
2091 2675 41 75 be
2147 2675 96 75 taken
2259 2675 86 75 from

1315 2723 54 75 the
1387 2723 120 75 climax
1522 2723 32 75 in
1571 2723 129 75 writing
1717 2723 51 75 for
1779 2723 135 75 another
1927 2723 71 75 that
2014 2723 131 75 appears
2161 2723 90 75 more
2267 2723 77 75 fuit-

1316 2769 90 75 able:
1432 2769 34 75 A
1482 2769 173 75 handfome
1673 2769 136 75 portico,
1835 2769 232 75 proportioned
2082 2769 35 75 to
2134 2769 55 75 the
2205 2769 62 75 fize
2283 2769 63 75 and

1317 2815 118 75 fafhion
1449 2815 40 75 of
1509 2815 54 75 the
1582 2815 100 75 front,
1706 2815 89 75 leads
1816 2815 69 75 into
1903 2815 18 75 a
1937 2815 238 75 waiting-room
2190 2815 39 75 of
2249 2815 18 75 a
2282 2815 64 75 lar-

1317 2862 55 75 ger
1385 2862 72 75 fize,
1484 2862 63 75 and
1563 2862 64 75 this
1644 2862 35 75 to
1697 2862 54 75 the
1768 2862 91 75 great
1875 2862 103 75 room,
2004 2862 43 75 all
2063 2862 44 75 by
2124 2862 19 75 a
2158 2862 190 75 progreffion

1317 2911 84 75 from
1417 2911 88 75 fmall
1522 2911 35 75 to
1573 2911 103 75 great.

1365 2954 173 75 Grandeur
1562 2954 27 75 is
1618 2954 55 75 the
1697 2954 152 75 principal
1875 2954 142 75 emotion
2041 2954 70 75 that
2138 2954 211 75 architedure

1317 3003 26 75 is
1358 3003 133 75 capable
1507 3003 41 75 of
1567 3003 113 75 raifing
1696 3003 31 75 in
1744 3003 55 75 the
1816 3003 109 75 mind:
1952 3003 26 75 it
2000 3003 103 75 might
2124 3003 161 75 therefore
2308 3003 40 75 be

1317 3052 56 75 the
1390 3052 90 75 chief
1498 3052 93 75 ftudy
1608 3052 38 75 of
1667 3052 54 75 the
1739 3052 99 75 artift,
1863 3052 32 75 in
1913 3052 90 75 great
2026 3052 159 75 buildings
2209 3052 140 75 deftined
2311 3085 36 75 to
