<?xml version="1.0" encoding="UTF-8"?>
<alto xmlns="http://www.loc.gov/standards/alto/v3/alto.xsd"><Description><MeasurementUnit>pixel</MeasurementUnit><sourceImageInformation><fileName>./data/pdfs/c_188936619/i_144133901/188082693.23.pdf</fileName></sourceImageInformation><OCRProcessing ID="IdOcr"><ocrProcessingStep><processingDateTime>Fri Jul 12 10:38:24 2019
</processingDateTime><processingSoftware><softwareCreator>CONTRIBUTORS</softwareCreator><softwareName>pdfalto</softwareName><softwareVersion>0.1</softwareVersion></processingSoftware></ocrProcessingStep></OCRProcessing></Description><Styles><TextStyle ID="font0" FONTFAMILY="times" FONTSIZE="10.000" FONTTYPE="serif" FONTWIDTH="proportional" FONTCOLOR="#WWWWWW" FONTSTYLE=""/><TextStyle ID="font1" FONTFAMILY="times" FONTSIZE="6.500" FONTTYPE="serif" FONTWIDTH="proportional" FONTCOLOR="#WWWWWW" FONTSTYLE="subscript"/><TextStyle ID="font2" FONTFAMILY="times" FONTSIZE="6.500" FONTTYPE="serif" FONTWIDTH="proportional" FONTCOLOR="#WWWWWW" FONTSTYLE="superscript"/></Styles><Layout><Page ID="Page609" PHYSICAL_IMG_NR="609" WIDTH="2448" HEIGHT="3387"><PrintSpace><TextLine WIDTH="238" HEIGHT="75" ID="p609_t1" HPOS="513" VPOS="142"><String ID="p609_w1" CONTENT="A" HPOS="513" VPOS="142" WIDTH="42" HEIGHT="75" STYLEREFS="font0"/><SP WIDTH="57" VPOS="142" HPOS="555"/><String ID="p609_w2" CONTENT="T" HPOS="612" VPOS="142" WIDTH="39" HEIGHT="75" STYLEREFS="font0"/><SP WIDTH="29" VPOS="142" HPOS="651"/><String ID="p609_w3" CONTENT="." HPOS="680" VPOS="142" WIDTH="8" HEIGHT="75" STYLEREFS="font0"/><SP WIDTH="21" VPOS="142" HPOS="688"/><String ID="p609_w4" CONTENT="H" HPOS="709" VPOS="142" WIDTH="42" HEIGHT="75" STYLEREFS="font0"/></TextLine><TextLine WIDTH="157" HEIGHT="75" ID="p609_t2" HPOS="1068" VPOS="142"><String ID="p609_w5" CONTENT="(" HPOS="1068" VPOS="142" WIDTH="18" HEIGHT="75" STYLEREFS="font0"/><SP WIDTH="58" VPOS="142" HPOS="1086"/><String ID="p609_w6" CONTENT="501" HPOS="1144" VPOS="142" WIDTH="81" HEIGHT="75" STYLEREFS="font0"/></TextLine><TextLine WIDTH="990" HEIGHT="75" ID="p609_t3" HPOS="189" VPOS="213"><String ID="p609_w7" CONTENT="afyla," HPOS="189" VPOS="213" WIDTH="97" HEIGHT="75" STYLEREFS="font0"/><SP WIDTH="25" VPOS="213" HPOS="286"/><String ID="p609_w8" CONTENT="the" HPOS="311" VPOS="213" WIDTH="55" HEIGHT="75" STYLEREFS="font0"/><SP WIDTH="23" VPOS="213" HPOS="366"/><String ID="p609_w9" CONTENT="moft" HPOS="389" VPOS="213" WIDTH="79" HEIGHT="75" STYLEREFS="font0"/><SP WIDTH="18" VPOS="213" HPOS="468"/><String ID="p609_w10" CONTENT="remarkable" HPOS="486" VPOS="213" WIDTH="198" HEIGHT="75" STYLEREFS="font0"/><SP WIDTH="18" VPOS="213" HPOS="684"/><String ID="p609_w11" CONTENT="of" HPOS="702" VPOS="213" WIDTH="40" HEIGHT="75" STYLEREFS="font0"/><SP WIDTH="12" VPOS="213" HPOS="742"/><String ID="p609_w12" CONTENT="which" HPOS="754" VPOS="213" WIDTH="105" HEIGHT="75" STYLEREFS="font0"/><SP WIDTH="17" VPOS="213" HPOS="859"/><String ID="p609_w13" CONTENT="were," HPOS="876" VPOS="213" WIDTH="97" HEIGHT="75" STYLEREFS="font0"/><SP WIDTH="24" VPOS="213" HPOS="973"/><String ID="p609_w14" CONTENT="the" HPOS="997" VPOS="213" WIDTH="56" HEIGHT="75" STYLEREFS="font0"/><SP WIDTH="17" VPOS="213" HPOS="1053"/><String ID="p609_w15" CONTENT="fix" HPOS="1070" VPOS="213" WIDTH="47" HEIGHT="75" STYLEREFS="font0"/><SP WIDTH="17" VPOS="213" HPOS="1117"/><String ID="p609_w16" CONTENT="ci-" HPOS="1134" VPOS="213" WIDTH="45" HEIGHT="75" STYLEREFS="font0"/></TextLine><TextLine WIDTH="990" HEIGHT="75" ID="p609_t4" HPOS="187" VPOS="261"><String ID="p609_w17" CONTENT="ties" HPOS="187" VPOS="261" WIDTH="60" HEIGHT="75" STYLEREFS="font0"/><SP WIDTH="17" VPOS="261" HPOS="247"/><String ID="p609_w18" CONTENT="of" HPOS="264" VPOS="261" WIDTH="39" HEIGHT="75" STYLEREFS="font0"/><SP WIDTH="12" VPOS="261" HPOS="303"/><String ID="p609_w19" CONTENT="refuge," HPOS="315" VPOS="261" WIDTH="122" HEIGHT="75" STYLEREFS="font0"/><SP WIDTH="26" VPOS="261" HPOS="437"/><String ID="p609_w20" CONTENT="the" HPOS="463" VPOS="261" WIDTH="56" HEIGHT="75" STYLEREFS="font0"/><SP WIDTH="17" VPOS="261" HPOS="519"/><String ID="p609_w21" CONTENT="temple," HPOS="536" VPOS="261" WIDTH="132" HEIGHT="75" STYLEREFS="font0"/><SP WIDTH="26" VPOS="261" HPOS="668"/><String ID="p609_w22" CONTENT="and" HPOS="694" VPOS="261" WIDTH="64" HEIGHT="75" STYLEREFS="font0"/><SP WIDTH="16" VPOS="261" HPOS="758"/><String ID="p609_w23" CONTENT="the" HPOS="774" VPOS="261" WIDTH="55" HEIGHT="75" STYLEREFS="font0"/><SP WIDTH="17" VPOS="261" HPOS="829"/><String ID="p609_w24" CONTENT="altar" HPOS="846" VPOS="261" WIDTH="81" HEIGHT="75" STYLEREFS="font0"/><SP WIDTH="25" VPOS="261" HPOS="927"/><String ID="p609_w25" CONTENT="of" HPOS="952" VPOS="261" WIDTH="41" HEIGHT="75" STYLEREFS="font0"/><SP WIDTH="20" VPOS="261" HPOS="993"/><String ID="p609_w26" CONTENT="burnt-of-" HPOS="1013" VPOS="261" WIDTH="164" HEIGHT="75" STYLEREFS="font0"/></TextLine><TextLine WIDTH="132" HEIGHT="75" ID="p609_t5" HPOS="192" VPOS="305"><String ID="p609_w27" CONTENT="ferings." HPOS="192" VPOS="305" WIDTH="132" HEIGHT="75" STYLEREFS="font0"/></TextLine><TextLine WIDTH="1037" HEIGHT="75" ID="p609_t6" HPOS="141" VPOS="352"><String ID="p609_w28" CONTENT="ASYMMETRY," HPOS="141" VPOS="352" WIDTH="320" HEIGHT="75" STYLEREFS="font0"/><SP WIDTH="34" VPOS="352" HPOS="461"/><String ID="p609_w29" CONTENT="the" HPOS="495" VPOS="352" WIDTH="55" HEIGHT="75" STYLEREFS="font0"/><SP WIDTH="24" VPOS="352" HPOS="550"/><String ID="p609_w30" CONTENT="want" HPOS="574" VPOS="352" WIDTH="86" HEIGHT="75" STYLEREFS="font0"/><SP WIDTH="31" VPOS="352" HPOS="660"/><String ID="p609_w31" CONTENT="of" HPOS="691" VPOS="352" WIDTH="41" HEIGHT="75" STYLEREFS="font0"/><SP WIDTH="18" VPOS="352" HPOS="732"/><String ID="p609_w32" CONTENT="proportion" HPOS="750" VPOS="352" WIDTH="185" HEIGHT="75" STYLEREFS="font0"/><SP WIDTH="16" VPOS="352" HPOS="935"/><String ID="p609_w33" CONTENT="between" HPOS="951" VPOS="352" WIDTH="143" HEIGHT="75" STYLEREFS="font0"/><SP WIDTH="28" VPOS="352" HPOS="1094"/><String ID="p609_w34" CONTENT="the" HPOS="1122" VPOS="352" WIDTH="56" HEIGHT="75" STYLEREFS="font0"/></TextLine><TextLine WIDTH="987" HEIGHT="75" ID="p609_t7" HPOS="188" VPOS="399"><String ID="p609_w35" CONTENT="parts" HPOS="188" VPOS="399" WIDTH="86" HEIGHT="75" STYLEREFS="font0"/><SP WIDTH="18" VPOS="399" HPOS="274"/><String ID="p609_w36" CONTENT="of" HPOS="292" VPOS="399" WIDTH="40" HEIGHT="75" STYLEREFS="font0"/><SP WIDTH="28" VPOS="399" HPOS="332"/><String ID="p609_w37" CONTENT="any" HPOS="360" VPOS="399" WIDTH="62" HEIGHT="75" STYLEREFS="font0"/><SP WIDTH="16" VPOS="399" HPOS="422"/><String ID="p609_w38" CONTENT="thing," HPOS="438" VPOS="399" WIDTH="104" HEIGHT="75" STYLEREFS="font0"/><SP WIDTH="26" VPOS="399" HPOS="542"/><String ID="p609_w39" CONTENT="being" HPOS="568" VPOS="399" WIDTH="95" HEIGHT="75" STYLEREFS="font0"/><SP WIDTH="16" VPOS="399" HPOS="663"/><String ID="p609_w40" CONTENT="the" HPOS="679" VPOS="399" WIDTH="56" HEIGHT="75" STYLEREFS="font0"/><SP WIDTH="19" VPOS="399" HPOS="735"/><String ID="p609_w41" CONTENT="contrary" HPOS="754" VPOS="399" WIDTH="150" HEIGHT="75" STYLEREFS="font0"/><SP WIDTH="24" VPOS="399" HPOS="904"/><String ID="p609_w42" CONTENT="of" HPOS="928" VPOS="399" WIDTH="40" HEIGHT="75" STYLEREFS="font0"/><SP WIDTH="22" VPOS="399" HPOS="968"/><String ID="p609_w43" CONTENT="fymmetry." HPOS="990" VPOS="399" WIDTH="185" HEIGHT="75" STYLEREFS="font0"/></TextLine><TextLine WIDTH="324" HEIGHT="75" ID="p609_t8" HPOS="189" VPOS="446"><String ID="p609_w44" CONTENT="See" HPOS="189" VPOS="446" WIDTH="61" HEIGHT="75" STYLEREFS="font0"/><SP WIDTH="26" VPOS="446" HPOS="250"/><String ID="p609_w45" CONTENT="Symmetry." HPOS="276" VPOS="446" WIDTH="237" HEIGHT="75" STYLEREFS="font0"/></TextLine><TextLine WIDTH="1034" HEIGHT="75" ID="p609_t9" HPOS="143" VPOS="490"><String ID="p609_w46" CONTENT="ASYMPTOTE," HPOS="143" VPOS="490" WIDTH="313" HEIGHT="75" STYLEREFS="font0"/><SP WIDTH="22" VPOS="490" HPOS="456"/><String ID="p609_w47" CONTENT="in" HPOS="478" VPOS="490" WIDTH="32" HEIGHT="75" STYLEREFS="font0"/><SP WIDTH="24" VPOS="490" HPOS="510"/><String ID="p609_w48" CONTENT="geometry," HPOS="534" VPOS="490" WIDTH="179" HEIGHT="75" STYLEREFS="font0"/><SP WIDTH="26" VPOS="490" HPOS="713"/><String ID="p609_w49" CONTENT="a" HPOS="739" VPOS="490" WIDTH="18" HEIGHT="75" STYLEREFS="font0"/><SP WIDTH="24" VPOS="490" HPOS="757"/><String ID="p609_w50" CONTENT="line" HPOS="781" VPOS="490" WIDTH="63" HEIGHT="75" STYLEREFS="font0"/><SP WIDTH="18" VPOS="490" HPOS="844"/><String ID="p609_w51" CONTENT="which" HPOS="862" VPOS="490" WIDTH="106" HEIGHT="75" STYLEREFS="font0"/><SP WIDTH="12" VPOS="490" HPOS="968"/><String ID="p609_w52" CONTENT="continually" HPOS="980" VPOS="490" WIDTH="197" HEIGHT="75" STYLEREFS="font0"/></TextLine><TextLine WIDTH="986" HEIGHT="81" ID="p609_t10" HPOS="187" VPOS="537"><String ID="p609_w53" CONTENT="approaches" HPOS="187" VPOS="537" WIDTH="192" HEIGHT="75" STYLEREFS="font0"/><SP WIDTH="9" VPOS="537" HPOS="379"/><String ID="p609_w54" CONTENT="nearer" HPOS="388" VPOS="537" WIDTH="110" HEIGHT="75" STYLEREFS="font0"/><SP WIDTH="11" VPOS="537" HPOS="498"/><String ID="p609_w55" CONTENT="to" HPOS="509" VPOS="537" WIDTH="34" HEIGHT="75" STYLEREFS="font0"/><SP WIDTH="9" VPOS="537" HPOS="543"/><String ID="p609_w56" CONTENT="another" HPOS="552" VPOS="537" WIDTH="133" HEIGHT="75" STYLEREFS="font0"/><SP WIDTH="12" VPOS="537" HPOS="685"/><String ID="p609_w57" CONTENT=";" HPOS="697" VPOS="537" WIDTH="11" HEIGHT="75" STYLEREFS="font0"/><SP WIDTH="18" VPOS="537" HPOS="708"/><String ID="p609_w58" CONTENT="but," HPOS="726" VPOS="537" WIDTH="70" HEIGHT="75" STYLEREFS="font0"/><SP WIDTH="15" VPOS="537" HPOS="796"/><String ID="p609_w59" CONTENT="though" HPOS="811" VPOS="537" WIDTH="122" HEIGHT="75" STYLEREFS="font0"/><String ID="p609_w60" CONTENT=";" HPOS="933" VPOS="569" WIDTH="9" HEIGHT="49" STYLEREFS="font1"/><String ID="p609_w61" CONTENT="continued" HPOS="942" VPOS="537" WIDTH="173" HEIGHT="75" STYLEREFS="font0"/><SP WIDTH="11" VPOS="537" HPOS="1115"/><String ID="p609_w62" CONTENT="in-" HPOS="1126" VPOS="537" WIDTH="47" HEIGHT="75" STYLEREFS="font0"/></TextLine><TextLine WIDTH="989" HEIGHT="75" ID="p609_t11" HPOS="183" VPOS="585"><String ID="p609_w63" CONTENT="finitely," HPOS="183" VPOS="585" WIDTH="137" HEIGHT="75" STYLEREFS="font0"/><SP WIDTH="19" VPOS="585" HPOS="320"/><String ID="p609_w64" CONTENT="will" HPOS="339" VPOS="585" WIDTH="66" HEIGHT="75" STYLEREFS="font0"/><SP WIDTH="12" VPOS="585" HPOS="405"/><String ID="p609_w65" CONTENT="never" HPOS="417" VPOS="585" WIDTH="95" HEIGHT="75" STYLEREFS="font0"/><SP WIDTH="13" VPOS="585" HPOS="512"/><String ID="p609_w66" CONTENT="meet" HPOS="525" VPOS="585" WIDTH="84" HEIGHT="75" STYLEREFS="font0"/><SP WIDTH="11" VPOS="585" HPOS="609"/><String ID="p609_w67" CONTENT="with" HPOS="620" VPOS="585" WIDTH="78" HEIGHT="75" STYLEREFS="font0"/><SP WIDTH="13" VPOS="585" HPOS="698"/><String ID="p609_w68" CONTENT="it:" HPOS="711" VPOS="585" WIDTH="45" HEIGHT="75" STYLEREFS="font0"/><SP WIDTH="20" VPOS="585" HPOS="756"/><String ID="p609_w69" CONTENT="Of" HPOS="776" VPOS="585" WIDTH="54" HEIGHT="75" STYLEREFS="font0"/><SP WIDTH="6" VPOS="585" HPOS="830"/><String ID="p609_w70" CONTENT="thefe" HPOS="836" VPOS="585" WIDTH="86" HEIGHT="75" STYLEREFS="font0"/><SP WIDTH="13" VPOS="585" HPOS="922"/><String ID="p609_w71" CONTENT="there" HPOS="935" VPOS="585" WIDTH="91" HEIGHT="75" STYLEREFS="font0"/><SP WIDTH="12" VPOS="585" HPOS="1026"/><String ID="p609_w72" CONTENT="are" HPOS="1038" VPOS="585" WIDTH="55" HEIGHT="75" STYLEREFS="font0"/><SP WIDTH="12" VPOS="585" HPOS="1093"/><String ID="p609_w73" CONTENT="ma-" HPOS="1105" VPOS="585" WIDTH="67" HEIGHT="75" STYLEREFS="font0"/></TextLine><TextLine WIDTH="985" HEIGHT="75" ID="p609_t12" HPOS="187" VPOS="633"><String ID="p609_w74" CONTENT="ny" HPOS="187" VPOS="633" WIDTH="43" HEIGHT="75" STYLEREFS="font0"/><SP WIDTH="14" VPOS="633" HPOS="230"/><String ID="p609_w75" CONTENT="kinds." HPOS="244" VPOS="633" WIDTH="106" HEIGHT="75" STYLEREFS="font0"/><SP WIDTH="41" VPOS="633" HPOS="350"/><String ID="p609_w76" CONTENT="In" HPOS="391" VPOS="633" WIDTH="39" HEIGHT="75" STYLEREFS="font0"/><SP WIDTH="17" VPOS="633" HPOS="430"/><String ID="p609_w77" CONTENT="ftricknefs," HPOS="447" VPOS="633" WIDTH="176" HEIGHT="75" STYLEREFS="font0"/><SP WIDTH="17" VPOS="633" HPOS="623"/><String ID="p609_w78" CONTENT="however," HPOS="640" VPOS="633" WIDTH="161" HEIGHT="75" STYLEREFS="font0"/><SP WIDTH="17" VPOS="633" HPOS="801"/><String ID="p609_w79" CONTENT="the" HPOS="818" VPOS="633" WIDTH="56" HEIGHT="75" STYLEREFS="font0"/><SP WIDTH="16" VPOS="633" HPOS="874"/><String ID="p609_w80" CONTENT="term" HPOS="890" VPOS="633" WIDTH="82" HEIGHT="75" STYLEREFS="font0"/><SP WIDTH="16" VPOS="633" HPOS="972"/><String ID="p609_w81" CONTENT="afymptotes" HPOS="988" VPOS="633" WIDTH="184" HEIGHT="75" STYLEREFS="font0"/></TextLine><TextLine WIDTH="986" HEIGHT="75" ID="p609_t13" HPOS="188" VPOS="679"><String ID="p609_w82" CONTENT="is" HPOS="188" VPOS="679" WIDTH="26" HEIGHT="75" STYLEREFS="font0"/><SP WIDTH="18" VPOS="679" HPOS="214"/><String ID="p609_w83" CONTENT="appropriated" HPOS="232" VPOS="679" WIDTH="224" HEIGHT="75" STYLEREFS="font0"/><SP WIDTH="23" VPOS="679" HPOS="456"/><String ID="p609_w84" CONTENT="to" HPOS="479" VPOS="679" WIDTH="35" HEIGHT="75" STYLEREFS="font0"/><SP WIDTH="23" VPOS="679" HPOS="514"/><String ID="p609_w85" CONTENT="right" HPOS="537" VPOS="679" WIDTH="87" HEIGHT="75" STYLEREFS="font0"/><SP WIDTH="15" VPOS="679" HPOS="624"/><String ID="p609_w86" CONTENT="lines," HPOS="639" VPOS="679" WIDTH="93" HEIGHT="75" STYLEREFS="font0"/><SP WIDTH="24" VPOS="679" HPOS="732"/><String ID="p609_w87" CONTENT="which" HPOS="756" VPOS="679" WIDTH="106" HEIGHT="75" STYLEREFS="font0"/><SP WIDTH="24" VPOS="679" HPOS="862"/><String ID="p609_w88" CONTENT="approach" HPOS="886" VPOS="679" WIDTH="159" HEIGHT="75" STYLEREFS="font0"/><SP WIDTH="17" VPOS="679" HPOS="1045"/><String ID="p609_w89" CONTENT="nearer" HPOS="1062" VPOS="679" WIDTH="112" HEIGHT="75" STYLEREFS="font0"/></TextLine><TextLine WIDTH="986" HEIGHT="75" ID="p609_t14" HPOS="187" VPOS="724"><String ID="p609_w90" CONTENT="and" HPOS="187" VPOS="724" WIDTH="63" HEIGHT="75" STYLEREFS="font0"/><SP WIDTH="17" VPOS="724" HPOS="250"/><String ID="p609_w91" CONTENT="nearer" HPOS="267" VPOS="724" WIDTH="110" HEIGHT="75" STYLEREFS="font0"/><SP WIDTH="16" VPOS="724" HPOS="377"/><String ID="p609_w92" CONTENT="to" HPOS="393" VPOS="724" WIDTH="34" HEIGHT="75" STYLEREFS="font0"/><SP WIDTH="16" VPOS="724" HPOS="427"/><String ID="p609_w93" CONTENT="fome" HPOS="443" VPOS="724" WIDTH="85" HEIGHT="75" STYLEREFS="font0"/><SP WIDTH="17" VPOS="724" HPOS="528"/><String ID="p609_w94" CONTENT="curves" HPOS="545" VPOS="724" WIDTH="111" HEIGHT="75" STYLEREFS="font0"/><SP WIDTH="16" VPOS="724" HPOS="656"/><String ID="p609_w95" CONTENT="of" HPOS="672" VPOS="724" WIDTH="41" HEIGHT="75" STYLEREFS="font0"/><SP WIDTH="10" VPOS="724" HPOS="713"/><String ID="p609_w96" CONTENT="which" HPOS="723" VPOS="724" WIDTH="106" HEIGHT="75" STYLEREFS="font0"/><SP WIDTH="16" VPOS="724" HPOS="829"/><String ID="p609_w97" CONTENT="they" HPOS="845" VPOS="724" WIDTH="76" HEIGHT="75" STYLEREFS="font0"/><SP WIDTH="13" VPOS="724" HPOS="921"/><String ID="p609_w98" CONTENT="are" HPOS="934" VPOS="724" WIDTH="53" HEIGHT="75" STYLEREFS="font0"/><SP WIDTH="17" VPOS="724" HPOS="987"/><String ID="p609_w99" CONTENT="faid" HPOS="1004" VPOS="724" WIDTH="67" HEIGHT="75" STYLEREFS="font0"/><SP WIDTH="12" VPOS="724" HPOS="1071"/><String ID="p609_w100" CONTENT="to" HPOS="1083" VPOS="724" WIDTH="34" HEIGHT="75" STYLEREFS="font0"/><SP WIDTH="17" VPOS="724" HPOS="1117"/><String ID="p609_w101" CONTENT="be" HPOS="1134" VPOS="724" WIDTH="39" HEIGHT="75" STYLEREFS="font0"/></TextLine><TextLine WIDTH="986" HEIGHT="75" ID="p609_t15" HPOS="187" VPOS="769"><String ID="p609_w102" CONTENT="afy?nptotes;" HPOS="187" VPOS="769" WIDTH="206" HEIGHT="75" STYLEREFS="font0"/><SP WIDTH="26" VPOS="769" HPOS="393"/><String ID="p609_w103" CONTENT="but" HPOS="419" VPOS="769" WIDTH="58" HEIGHT="75" STYLEREFS="font0"/><SP WIDTH="16" VPOS="769" HPOS="477"/><String ID="p609_w104" CONTENT="if" HPOS="493" VPOS="769" WIDTH="31" HEIGHT="75" STYLEREFS="font0"/><SP WIDTH="17" VPOS="769" HPOS="524"/><String ID="p609_w105" CONTENT="they" HPOS="541" VPOS="769" WIDTH="77" HEIGHT="75" STYLEREFS="font0"/><SP WIDTH="17" VPOS="769" HPOS="618"/><String ID="p609_w106" CONTENT="and" HPOS="635" VPOS="769" WIDTH="62" HEIGHT="75" STYLEREFS="font0"/><SP WIDTH="15" VPOS="769" HPOS="697"/><String ID="p609_w107" CONTENT="their" HPOS="712" VPOS="769" WIDTH="84" HEIGHT="75" STYLEREFS="font0"/><SP WIDTH="16" VPOS="769" HPOS="796"/><String ID="p609_w108" CONTENT="curve" HPOS="812" VPOS="769" WIDTH="95" HEIGHT="75" STYLEREFS="font0"/><SP WIDTH="18" VPOS="769" HPOS="907"/><String ID="p609_w109" CONTENT="are" HPOS="925" VPOS="769" WIDTH="53" HEIGHT="75" STYLEREFS="font0"/><SP WIDTH="16" VPOS="769" HPOS="978"/><String ID="p609_w110" CONTENT="indefinite-" HPOS="994" VPOS="769" WIDTH="179" HEIGHT="75" STYLEREFS="font0"/></TextLine><TextLine WIDTH="658" HEIGHT="75" ID="p609_t16" HPOS="188" VPOS="816"><String ID="p609_w111" CONTENT="ly" HPOS="188" VPOS="816" WIDTH="34" HEIGHT="75" STYLEREFS="font0"/><SP WIDTH="25" VPOS="816" HPOS="222"/><String ID="p609_w112" CONTENT="continued," HPOS="247" VPOS="816" WIDTH="184" HEIGHT="75" STYLEREFS="font0"/><SP WIDTH="25" VPOS="816" HPOS="431"/><String ID="p609_w113" CONTENT="they" HPOS="456" VPOS="816" WIDTH="79" HEIGHT="75" STYLEREFS="font0"/><SP WIDTH="16" VPOS="816" HPOS="535"/><String ID="p609_w114" CONTENT="will" HPOS="551" VPOS="816" WIDTH="66" HEIGHT="75" STYLEREFS="font0"/><SP WIDTH="19" VPOS="816" HPOS="617"/><String ID="p609_w115" CONTENT="never" HPOS="636" VPOS="816" WIDTH="97" HEIGHT="75" STYLEREFS="font0"/><SP WIDTH="16" VPOS="816" HPOS="733"/><String ID="p609_w116" CONTENT="meet." HPOS="749" VPOS="816" WIDTH="97" HEIGHT="75" STYLEREFS="font0"/></TextLine><TextLine WIDTH="1030" HEIGHT="75" ID="p609_t17" HPOS="140" VPOS="861"><String ID="p609_w117" CONTENT="ASYMPTOTIC" HPOS="140" VPOS="861" WIDTH="313" HEIGHT="75" STYLEREFS="font0"/><SP WIDTH="9" VPOS="861" HPOS="453"/><String ID="p609_w118" CONTENT="[pace," HPOS="462" VPOS="861" WIDTH="110" HEIGHT="75" STYLEREFS="font0"/><SP WIDTH="25" VPOS="861" HPOS="572"/><String ID="p609_w119" CONTENT="the" HPOS="597" VPOS="861" WIDTH="55" HEIGHT="75" STYLEREFS="font0"/><SP WIDTH="16" VPOS="861" HPOS="652"/><String ID="p609_w120" CONTENT="fame" HPOS="668" VPOS="861" WIDTH="84" HEIGHT="75" STYLEREFS="font0"/><SP WIDTH="17" VPOS="861" HPOS="752"/><String ID="p609_w121" CONTENT="with" HPOS="769" VPOS="861" WIDTH="78" HEIGHT="75" STYLEREFS="font0"/><SP WIDTH="16" VPOS="861" HPOS="847"/><String ID="p609_w122" CONTENT="hyperbolic" HPOS="863" VPOS="861" WIDTH="187" HEIGHT="75" STYLEREFS="font0"/><SP WIDTH="16" VPOS="861" HPOS="1050"/><String ID="p609_w123" CONTENT="fpace." HPOS="1066" VPOS="861" WIDTH="104" HEIGHT="75" STYLEREFS="font0"/></TextLine><TextLine WIDTH="344" HEIGHT="75" ID="p609_t18" HPOS="191" VPOS="910"><String ID="p609_w124" CONTENT="See" HPOS="191" VPOS="910" WIDTH="59" HEIGHT="75" STYLEREFS="font0"/><SP WIDTH="17" VPOS="910" HPOS="250"/><String ID="p609_w125" CONTENT="Hyperbolic." HPOS="267" VPOS="910" WIDTH="268" HEIGHT="75" STYLEREFS="font0"/></TextLine><TextLine WIDTH="1034" HEIGHT="75" ID="p609_t19" HPOS="138" VPOS="955"><String ID="p609_w126" CONTENT="ASYNDETON," HPOS="138" VPOS="955" WIDTH="316" HEIGHT="75" STYLEREFS="font0"/><SP WIDTH="24" VPOS="955" HPOS="454"/><String ID="p609_w127" CONTENT="in" HPOS="478" VPOS="955" WIDTH="33" HEIGHT="75" STYLEREFS="font0"/><SP WIDTH="17" VPOS="955" HPOS="511"/><String ID="p609_w128" CONTENT="grammar," HPOS="528" VPOS="955" WIDTH="170" HEIGHT="75" STYLEREFS="font0"/><SP WIDTH="25" VPOS="955" HPOS="698"/><String ID="p609_w129" CONTENT="a" HPOS="723" VPOS="955" WIDTH="19" HEIGHT="75" STYLEREFS="font0"/><SP WIDTH="23" VPOS="955" HPOS="742"/><String ID="p609_w130" CONTENT="figure" HPOS="765" VPOS="955" WIDTH="101" HEIGHT="75" STYLEREFS="font0"/><SP WIDTH="15" VPOS="955" HPOS="866"/><String ID="p609_w131" CONTENT="which" HPOS="881" VPOS="955" WIDTH="106" HEIGHT="75" STYLEREFS="font0"/><SP WIDTH="16" VPOS="955" HPOS="987"/><String ID="p609_w132" CONTENT="omits" HPOS="1003" VPOS="955" WIDTH="96" HEIGHT="75" STYLEREFS="font0"/><SP WIDTH="17" VPOS="955" HPOS="1099"/><String ID="p609_w133" CONTENT="the" HPOS="1116" VPOS="955" WIDTH="56" HEIGHT="75" STYLEREFS="font0"/></TextLine><TextLine WIDTH="984" HEIGHT="75" ID="p609_t20" HPOS="186" VPOS="1001"><String ID="p609_w134" CONTENT="conjundtions" HPOS="186" VPOS="1001" WIDTH="216" HEIGHT="75" STYLEREFS="font0"/><SP WIDTH="16" VPOS="1001" HPOS="402"/><String ID="p609_w135" CONTENT="in" HPOS="418" VPOS="1001" WIDTH="33" HEIGHT="75" STYLEREFS="font0"/><SP WIDTH="24" VPOS="1001" HPOS="451"/><String ID="p609_w136" CONTENT="a" HPOS="475" VPOS="1001" WIDTH="18" HEIGHT="75" STYLEREFS="font0"/><SP WIDTH="24" VPOS="1001" HPOS="493"/><String ID="p609_w137" CONTENT="fentence;" HPOS="517" VPOS="1001" WIDTH="167" HEIGHT="75" STYLEREFS="font0"/><SP WIDTH="34" VPOS="1001" HPOS="684"/><String ID="p609_w138" CONTENT="as" HPOS="718" VPOS="1001" WIDTH="33" HEIGHT="75" STYLEREFS="font0"/><SP WIDTH="18" VPOS="1001" HPOS="751"/><String ID="p609_w139" CONTENT="in" HPOS="769" VPOS="1001" WIDTH="32" HEIGHT="75" STYLEREFS="font0"/><SP WIDTH="17" VPOS="1001" HPOS="801"/><String ID="p609_w140" CONTENT="veni," HPOS="818" VPOS="1001" WIDTH="87" HEIGHT="75" STYLEREFS="font0"/><SP WIDTH="18" VPOS="1001" HPOS="905"/><String ID="p609_w141" CONTENT="vtdi,vici," HPOS="923" VPOS="1001" WIDTH="179" HEIGHT="75" STYLEREFS="font0"/><SP WIDTH="20" VPOS="1001" HPOS="1102"/><String ID="p609_w142" CONTENT="et" HPOS="1122" VPOS="1001" WIDTH="48" HEIGHT="75" STYLEREFS="font0"/></TextLine><TextLine WIDTH="189" HEIGHT="75" ID="p609_t21" HPOS="186" VPOS="1049"><String ID="p609_w143" CONTENT="is" HPOS="186" VPOS="1049" WIDTH="26" HEIGHT="75" STYLEREFS="font0"/><SP WIDTH="17" VPOS="1049" HPOS="212"/><String ID="p609_w144" CONTENT="left" HPOS="229" VPOS="1049" WIDTH="61" HEIGHT="75" STYLEREFS="font0"/><SP WIDTH="15" VPOS="1049" HPOS="290"/><String ID="p609_w145" CONTENT="out." HPOS="305" VPOS="1049" WIDTH="70" HEIGHT="75" STYLEREFS="font0"/></TextLine><TextLine WIDTH="1032" HEIGHT="75" ID="p609_t22" HPOS="138" VPOS="1094"><String ID="p609_w146" CONTENT="ATARAXY," HPOS="138" VPOS="1094" WIDTH="251" HEIGHT="75" STYLEREFS="font0"/><SP WIDTH="25" VPOS="1094" HPOS="389"/><String ID="p609_w147" CONTENT="a" HPOS="414" VPOS="1094" WIDTH="18" HEIGHT="75" STYLEREFS="font0"/><SP WIDTH="16" VPOS="1094" HPOS="432"/><String ID="p609_w148" CONTENT="term" HPOS="448" VPOS="1094" WIDTH="82" HEIGHT="75" STYLEREFS="font0"/><SP WIDTH="15" VPOS="1094" HPOS="530"/><String ID="p609_w149" CONTENT="ufed" HPOS="545" VPOS="1094" WIDTH="77" HEIGHT="75" STYLEREFS="font0"/><SP WIDTH="16" VPOS="1094" HPOS="622"/><String ID="p609_w150" CONTENT="by" HPOS="638" VPOS="1094" WIDTH="44" HEIGHT="75" STYLEREFS="font0"/><SP WIDTH="15" VPOS="1094" HPOS="682"/><String ID="p609_w151" CONTENT="the" HPOS="697" VPOS="1094" WIDTH="56" HEIGHT="75" STYLEREFS="font0"/><SP WIDTH="16" VPOS="1094" HPOS="753"/><String ID="p609_w152" CONTENT="ftoics" HPOS="769" VPOS="1094" WIDTH="92" HEIGHT="75" STYLEREFS="font0"/><SP WIDTH="16" VPOS="1094" HPOS="861"/><String ID="p609_w153" CONTENT="and" HPOS="877" VPOS="1094" WIDTH="64" HEIGHT="75" STYLEREFS="font0"/><SP WIDTH="14" VPOS="1094" HPOS="941"/><String ID="p609_w154" CONTENT="fceptics," HPOS="955" VPOS="1094" WIDTH="147" HEIGHT="75" STYLEREFS="font0"/><SP WIDTH="32" VPOS="1094" HPOS="1102"/><String ID="p609_w155" CONTENT="to" HPOS="1134" VPOS="1094" WIDTH="36" HEIGHT="75" STYLEREFS="font0"/></TextLine><TextLine WIDTH="984" HEIGHT="75" ID="p609_t23" HPOS="186" VPOS="1141"><String ID="p609_w156" CONTENT="denote" HPOS="186" VPOS="1141" WIDTH="116" HEIGHT="75" STYLEREFS="font0"/><SP WIDTH="23" VPOS="1141" HPOS="302"/><String ID="p609_w157" CONTENT="that" HPOS="325" VPOS="1141" WIDTH="70" HEIGHT="75" STYLEREFS="font0"/><SP WIDTH="23" VPOS="1141" HPOS="395"/><String ID="p609_w158" CONTENT="calmnefs" HPOS="418" VPOS="1141" WIDTH="150" HEIGHT="75" STYLEREFS="font0"/><SP WIDTH="17" VPOS="1141" HPOS="568"/><String ID="p609_w159" CONTENT="of" HPOS="585" VPOS="1141" WIDTH="40" HEIGHT="75" STYLEREFS="font0"/><SP WIDTH="11" VPOS="1141" HPOS="625"/><String ID="p609_w160" CONTENT="mind" HPOS="636" VPOS="1141" WIDTH="87" HEIGHT="75" STYLEREFS="font0"/><SP WIDTH="22" VPOS="1141" HPOS="723"/><String ID="p609_w161" CONTENT="which" HPOS="745" VPOS="1141" WIDTH="104" HEIGHT="75" STYLEREFS="font0"/><SP WIDTH="24" VPOS="1141" HPOS="849"/><String ID="p609_w162" CONTENT="fecures" HPOS="873" VPOS="1141" WIDTH="124" HEIGHT="75" STYLEREFS="font0"/><SP WIDTH="28" VPOS="1141" HPOS="997"/><String ID="p609_w163" CONTENT="us" HPOS="1025" VPOS="1141" WIDTH="36" HEIGHT="75" STYLEREFS="font0"/><SP WIDTH="24" VPOS="1141" HPOS="1061"/><String ID="p609_w164" CONTENT="from" HPOS="1085" VPOS="1141" WIDTH="85" HEIGHT="75" STYLEREFS="font0"/></TextLine><TextLine WIDTH="874" HEIGHT="75" ID="p609_t24" HPOS="186" VPOS="1186"><String ID="p609_w165" CONTENT="all" HPOS="186" VPOS="1186" WIDTH="43" HEIGHT="75" STYLEREFS="font0"/><SP WIDTH="15" VPOS="1186" HPOS="229"/><String ID="p609_w166" CONTENT="emotions" HPOS="244" VPOS="1186" WIDTH="155" HEIGHT="75" STYLEREFS="font0"/><SP WIDTH="17" VPOS="1186" HPOS="399"/><String ID="p609_w167" CONTENT="arifing" HPOS="416" VPOS="1186" WIDTH="113" HEIGHT="75" STYLEREFS="font0"/><SP WIDTH="15" VPOS="1186" HPOS="529"/><String ID="p609_w168" CONTENT="from" HPOS="544" VPOS="1186" WIDTH="84" HEIGHT="75" STYLEREFS="font0"/><SP WIDTH="17" VPOS="1186" HPOS="628"/><String ID="p609_w169" CONTENT="vanity" HPOS="645" VPOS="1186" WIDTH="108" HEIGHT="75" STYLEREFS="font0"/><SP WIDTH="16" VPOS="1186" HPOS="753"/><String ID="p609_w170" CONTENT="and" HPOS="769" VPOS="1186" WIDTH="63" HEIGHT="75" STYLEREFS="font0"/><SP WIDTH="14" VPOS="1186" HPOS="832"/><String ID="p609_w171" CONTENT="felf-conceit." HPOS="846" VPOS="1186" WIDTH="214" HEIGHT="75" STYLEREFS="font0"/></TextLine><TextLine WIDTH="1032" HEIGHT="75" ID="p609_t25" HPOS="138" VPOS="1233"><String ID="p609_w172" CONTENT="ATAXY," HPOS="138" VPOS="1233" WIDTH="180" HEIGHT="75" STYLEREFS="font0"/><SP WIDTH="25" VPOS="1233" HPOS="318"/><String ID="p609_w173" CONTENT="in" HPOS="343" VPOS="1233" WIDTH="32" HEIGHT="75" STYLEREFS="font0"/><SP WIDTH="17" VPOS="1233" HPOS="375"/><String ID="p609_w174" CONTENT="a" HPOS="392" VPOS="1233" WIDTH="19" HEIGHT="75" STYLEREFS="font0"/><SP WIDTH="24" VPOS="1233" HPOS="411"/><String ID="p609_w175" CONTENT="general" HPOS="435" VPOS="1233" WIDTH="127" HEIGHT="75" STYLEREFS="font0"/><SP WIDTH="16" VPOS="1233" HPOS="562"/><String ID="p609_w176" CONTENT="fenfe," HPOS="578" VPOS="1233" WIDTH="98" HEIGHT="75" STYLEREFS="font0"/><SP WIDTH="25" VPOS="1233" HPOS="676"/><String ID="p609_w177" CONTENT="the" HPOS="701" VPOS="1233" WIDTH="56" HEIGHT="75" STYLEREFS="font0"/><SP WIDTH="16" VPOS="1233" HPOS="757"/><String ID="p609_w178" CONTENT="want" HPOS="773" VPOS="1233" WIDTH="85" HEIGHT="75" STYLEREFS="font0"/><SP WIDTH="17" VPOS="1233" HPOS="858"/><String ID="p609_w179" CONTENT="of" HPOS="875" VPOS="1233" WIDTH="39" HEIGHT="75" STYLEREFS="font0"/><SP WIDTH="12" VPOS="1233" HPOS="914"/><String ID="p609_w180" CONTENT="order" HPOS="926" VPOS="1233" WIDTH="95" HEIGHT="75" STYLEREFS="font0"/><SP WIDTH="14" VPOS="1233" HPOS="1021"/><String ID="p609_w181" CONTENT=":" HPOS="1035" VPOS="1233" WIDTH="9" HEIGHT="75" STYLEREFS="font0"/><SP WIDTH="28" VPOS="1233" HPOS="1044"/><String ID="p609_w182" CONTENT="With" HPOS="1072" VPOS="1233" WIDTH="98" HEIGHT="75" STYLEREFS="font0"/></TextLine><TextLine WIDTH="984" HEIGHT="75" ID="p609_t26" HPOS="186" VPOS="1278"><String ID="p609_w183" CONTENT="phyficians," HPOS="186" VPOS="1278" WIDTH="187" HEIGHT="75" STYLEREFS="font0"/><SP WIDTH="26" VPOS="1278" HPOS="373"/><String ID="p609_w184" CONTENT="it" HPOS="399" VPOS="1278" WIDTH="25" HEIGHT="75" STYLEREFS="font0"/><SP WIDTH="28" VPOS="1278" HPOS="424"/><String ID="p609_w185" CONTENT="fignifies" HPOS="452" VPOS="1278" WIDTH="133" HEIGHT="75" STYLEREFS="font0"/><SP WIDTH="27" VPOS="1278" HPOS="585"/><String ID="p609_w186" CONTENT="irregularity" HPOS="612" VPOS="1278" WIDTH="205" HEIGHT="75" STYLEREFS="font0"/><SP WIDTH="28" VPOS="1278" HPOS="817"/><String ID="p609_w187" CONTENT="of" HPOS="845" VPOS="1278" WIDTH="40" HEIGHT="75" STYLEREFS="font0"/><SP WIDTH="27" VPOS="1278" HPOS="885"/><String ID="p609_w188" CONTENT="crifes" HPOS="912" VPOS="1278" WIDTH="94" HEIGHT="75" STYLEREFS="font0"/><SP WIDTH="25" VPOS="1278" HPOS="1006"/><String ID="p609_w189" CONTENT="and" HPOS="1031" VPOS="1278" WIDTH="63" HEIGHT="75" STYLEREFS="font0"/><SP WIDTH="21" VPOS="1278" HPOS="1094"/><String ID="p609_w190" CONTENT="pa-" HPOS="1115" VPOS="1278" WIDTH="55" HEIGHT="75" STYLEREFS="font0"/></TextLine><TextLine WIDTH="329" HEIGHT="75" ID="p609_t27" HPOS="186" VPOS="1325"><String ID="p609_w191" CONTENT="roxyfms" HPOS="186" VPOS="1325" WIDTH="145" HEIGHT="75" STYLEREFS="font0"/><SP WIDTH="16" VPOS="1325" HPOS="331"/><String ID="p609_w192" CONTENT="of" HPOS="347" VPOS="1325" WIDTH="40" HEIGHT="75" STYLEREFS="font0"/><SP WIDTH="11" VPOS="1325" HPOS="387"/><String ID="p609_w193" CONTENT="fevers." HPOS="398" VPOS="1325" WIDTH="117" HEIGHT="75" STYLEREFS="font0"/></TextLine><TextLine WIDTH="1030" HEIGHT="75" ID="p609_t28" HPOS="137" VPOS="1372"><String ID="p609_w194" CONTENT="ATCHE," HPOS="137" VPOS="1372" WIDTH="181" HEIGHT="75" STYLEREFS="font0"/><SP WIDTH="16" VPOS="1372" HPOS="318"/><String ID="p609_w195" CONTENT="in" HPOS="334" VPOS="1372" WIDTH="32" HEIGHT="75" STYLEREFS="font0"/><SP WIDTH="18" VPOS="1372" HPOS="366"/><String ID="p609_w196" CONTENT="commerce," HPOS="384" VPOS="1372" WIDTH="189" HEIGHT="75" STYLEREFS="font0"/><SP WIDTH="13" VPOS="1372" HPOS="573"/><String ID="p609_w197" CONTENT="a" HPOS="586" VPOS="1372" WIDTH="19" HEIGHT="75" STYLEREFS="font0"/><SP WIDTH="10" VPOS="1372" HPOS="605"/><String ID="p609_w198" CONTENT="fmall" HPOS="615" VPOS="1372" WIDTH="89" HEIGHT="75" STYLEREFS="font0"/><SP WIDTH="13" VPOS="1372" HPOS="704"/><String ID="p609_w199" CONTENT="filver" HPOS="717" VPOS="1372" WIDTH="92" HEIGHT="75" STYLEREFS="font0"/><SP WIDTH="11" VPOS="1372" HPOS="809"/><String ID="p609_w200" CONTENT="coin" HPOS="820" VPOS="1372" WIDTH="72" HEIGHT="75" STYLEREFS="font0"/><SP WIDTH="12" VPOS="1372" HPOS="892"/><String ID="p609_w201" CONTENT="ufed" HPOS="904" VPOS="1372" WIDTH="77" HEIGHT="75" STYLEREFS="font0"/><SP WIDTH="11" VPOS="1372" HPOS="981"/><String ID="p609_w202" CONTENT="in" HPOS="992" VPOS="1372" WIDTH="33" HEIGHT="75" STYLEREFS="font0"/><SP WIDTH="11" VPOS="1372" HPOS="1025"/><String ID="p609_w203" CONTENT="Turky," HPOS="1036" VPOS="1372" WIDTH="131" HEIGHT="75" STYLEREFS="font0"/></TextLine><TextLine WIDTH="866" HEIGHT="75" ID="p609_t29" HPOS="185" VPOS="1417"><String ID="p609_w204" CONTENT="and" HPOS="185" VPOS="1417" WIDTH="62" HEIGHT="75" STYLEREFS="font0"/><SP WIDTH="15" VPOS="1417" HPOS="247"/><String ID="p609_w205" CONTENT="worth" HPOS="262" VPOS="1417" WIDTH="107" HEIGHT="75" STYLEREFS="font0"/><SP WIDTH="17" VPOS="1417" HPOS="369"/><String ID="p609_w206" CONTENT="only" HPOS="386" VPOS="1417" WIDTH="77" HEIGHT="75" STYLEREFS="font0"/><SP WIDTH="15" VPOS="1417" HPOS="463"/><String ID="p609_w207" CONTENT="one" HPOS="478" VPOS="1417" WIDTH="61" HEIGHT="75" STYLEREFS="font0"/><SP WIDTH="16" VPOS="1417" HPOS="539"/><String ID="p609_w208" CONTENT="third" HPOS="555" VPOS="1417" WIDTH="89" HEIGHT="75" STYLEREFS="font0"/><SP WIDTH="16" VPOS="1417" HPOS="644"/><String ID="p609_w209" CONTENT="of" HPOS="660" VPOS="1417" WIDTH="40" HEIGHT="75" STYLEREFS="font0"/><SP WIDTH="13" VPOS="1417" HPOS="700"/><String ID="p609_w210" CONTENT="the" HPOS="713" VPOS="1417" WIDTH="56" HEIGHT="75" STYLEREFS="font0"/><SP WIDTH="16" VPOS="1417" HPOS="769"/><String ID="p609_w211" CONTENT="Englilh" HPOS="785" VPOS="1417" WIDTH="133" HEIGHT="75" STYLEREFS="font0"/><SP WIDTH="16" VPOS="1417" HPOS="918"/><String ID="p609_w212" CONTENT="penny." HPOS="934" VPOS="1417" WIDTH="117" HEIGHT="75" STYLEREFS="font0"/></TextLine><TextLine WIDTH="1036" HEIGHT="75" ID="p609_t30" HPOS="137" VPOS="1461"><String ID="p609_w213" CONTENT="ATCHIEVEMENT," HPOS="137" VPOS="1461" WIDTH="411" HEIGHT="75" STYLEREFS="font0"/><SP WIDTH="25" VPOS="1461" HPOS="548"/><String ID="p609_w214" CONTENT="in" HPOS="573" VPOS="1461" WIDTH="32" HEIGHT="75" STYLEREFS="font0"/><SP WIDTH="17" VPOS="1461" HPOS="605"/><String ID="p609_w215" CONTENT="heraldry," HPOS="622" VPOS="1461" WIDTH="163" HEIGHT="75" STYLEREFS="font0"/><SP WIDTH="27" VPOS="1461" HPOS="785"/><String ID="p609_w216" CONTENT="denotes" HPOS="812" VPOS="1461" WIDTH="133" HEIGHT="75" STYLEREFS="font0"/><SP WIDTH="17" VPOS="1461" HPOS="945"/><String ID="p609_w217" CONTENT="the" HPOS="962" VPOS="1461" WIDTH="55" HEIGHT="75" STYLEREFS="font0"/><SP WIDTH="18" VPOS="1461" HPOS="1017"/><String ID="p609_w218" CONTENT="arms" HPOS="1035" VPOS="1461" WIDTH="82" HEIGHT="75" STYLEREFS="font0"/><SP WIDTH="16" VPOS="1461" HPOS="1117"/><String ID="p609_w219" CONTENT="of" HPOS="1133" VPOS="1461" WIDTH="40" HEIGHT="75" STYLEREFS="font0"/></TextLine><TextLine WIDTH="981" HEIGHT="75" ID="p609_t31" HPOS="186" VPOS="1510"><String ID="p609_w220" CONTENT="a" HPOS="186" VPOS="1510" WIDTH="17" HEIGHT="75" STYLEREFS="font0"/><SP WIDTH="12" VPOS="1510" HPOS="203"/><String ID="p609_w221" CONTENT="perfon," HPOS="215" VPOS="1510" WIDTH="124" HEIGHT="75" STYLEREFS="font0"/><SP WIDTH="17" VPOS="1510" HPOS="339"/><String ID="p609_w222" CONTENT="or" HPOS="356" VPOS="1510" WIDTH="38" HEIGHT="75" STYLEREFS="font0"/><SP WIDTH="22" VPOS="1510" HPOS="394"/><String ID="p609_w223" CONTENT="family," HPOS="416" VPOS="1510" WIDTH="125" HEIGHT="75" STYLEREFS="font0"/><SP WIDTH="24" VPOS="1510" HPOS="541"/><String ID="p609_w224" CONTENT="together" HPOS="565" VPOS="1510" WIDTH="151" HEIGHT="75" STYLEREFS="font0"/><SP WIDTH="14" VPOS="1510" HPOS="716"/><String ID="p609_w225" CONTENT="with" HPOS="730" VPOS="1510" WIDTH="79" HEIGHT="75" STYLEREFS="font0"/><SP WIDTH="16" VPOS="1510" HPOS="809"/><String ID="p609_w226" CONTENT="all" HPOS="825" VPOS="1510" WIDTH="43" HEIGHT="75" STYLEREFS="font0"/><SP WIDTH="16" VPOS="1510" HPOS="868"/><String ID="p609_w227" CONTENT="the" HPOS="884" VPOS="1510" WIDTH="56" HEIGHT="75" STYLEREFS="font0"/><SP WIDTH="15" VPOS="1510" HPOS="940"/><String ID="p609_w228" CONTENT="exterior" HPOS="955" VPOS="1510" WIDTH="143" HEIGHT="75" STYLEREFS="font0"/><SP WIDTH="15" VPOS="1510" HPOS="1098"/><String ID="p609_w229" CONTENT="or-" HPOS="1113" VPOS="1510" WIDTH="54" HEIGHT="75" STYLEREFS="font0"/></TextLine><TextLine WIDTH="981" HEIGHT="75" ID="p609_t32" HPOS="186" VPOS="1556"><String ID="p609_w230" CONTENT="naments" HPOS="186" VPOS="1556" WIDTH="141" HEIGHT="75" STYLEREFS="font0"/><SP WIDTH="13" VPOS="1556" HPOS="327"/><String ID="p609_w231" CONTENT="of" HPOS="340" VPOS="1556" WIDTH="41" HEIGHT="75" STYLEREFS="font0"/><SP WIDTH="11" VPOS="1556" HPOS="381"/><String ID="p609_w232" CONTENT="the" HPOS="392" VPOS="1556" WIDTH="54" HEIGHT="75" STYLEREFS="font0"/><SP WIDTH="12" VPOS="1556" HPOS="446"/><String ID="p609_w233" CONTENT="Ihield" HPOS="458" VPOS="1556" WIDTH="98" HEIGHT="75" STYLEREFS="font0"/><SP WIDTH="12" VPOS="1556" HPOS="556"/><String ID="p609_w234" CONTENT=";" HPOS="568" VPOS="1556" WIDTH="10" HEIGHT="75" STYLEREFS="font0"/><SP WIDTH="19" VPOS="1556" HPOS="578"/><String ID="p609_w235" CONTENT="as" HPOS="597" VPOS="1556" WIDTH="33" HEIGHT="75" STYLEREFS="font0"/><SP WIDTH="13" VPOS="1556" HPOS="630"/><String ID="p609_w236" CONTENT="helmet," HPOS="643" VPOS="1556" WIDTH="132" HEIGHT="75" STYLEREFS="font0"/><SP WIDTH="13" VPOS="1556" HPOS="775"/><String ID="p609_w237" CONTENT="mantle," HPOS="788" VPOS="1556" WIDTH="132" HEIGHT="75" STYLEREFS="font0"/><SP WIDTH="17" VPOS="1556" HPOS="920"/><String ID="p609_w238" CONTENT="creft," HPOS="937" VPOS="1556" WIDTH="90" HEIGHT="75" STYLEREFS="font0"/><SP WIDTH="16" VPOS="1556" HPOS="1027"/><String ID="p609_w239" CONTENT="fcrolls," HPOS="1043" VPOS="1556" WIDTH="124" HEIGHT="75" STYLEREFS="font0"/></TextLine><TextLine WIDTH="983" HEIGHT="75" ID="p609_t33" HPOS="185" VPOS="1602"><String ID="p609_w240" CONTENT="and" HPOS="185" VPOS="1602" WIDTH="62" HEIGHT="75" STYLEREFS="font0"/><SP WIDTH="27" VPOS="1602" HPOS="247"/><String ID="p609_w241" CONTENT="motto," HPOS="274" VPOS="1602" WIDTH="116" HEIGHT="75" STYLEREFS="font0"/><SP WIDTH="25" VPOS="1602" HPOS="390"/><String ID="p609_w242" CONTENT="together" HPOS="415" VPOS="1602" WIDTH="148" HEIGHT="75" STYLEREFS="font0"/><SP WIDTH="27" VPOS="1602" HPOS="563"/><String ID="p609_w243" CONTENT="with" HPOS="590" VPOS="1602" WIDTH="79" HEIGHT="75" STYLEREFS="font0"/><SP WIDTH="28" VPOS="1602" HPOS="669"/><String ID="p609_w244" CONTENT="fuch" HPOS="697" VPOS="1602" WIDTH="75" HEIGHT="75" STYLEREFS="font0"/><SP WIDTH="25" VPOS="1602" HPOS="772"/><String ID="p609_w245" CONTENT="quarterings" HPOS="797" VPOS="1602" WIDTH="201" HEIGHT="75" STYLEREFS="font0"/><SP WIDTH="36" VPOS="1602" HPOS="998"/><String ID="p609_w246" CONTENT="as" HPOS="1034" VPOS="1602" WIDTH="33" HEIGHT="75" STYLEREFS="font0"/><SP WIDTH="26" VPOS="1602" HPOS="1067"/><String ID="p609_w247" CONTENT="may" HPOS="1093" VPOS="1602" WIDTH="75" HEIGHT="75" STYLEREFS="font0"/></TextLine><TextLine WIDTH="984" HEIGHT="75" ID="p609_t34" HPOS="182" VPOS="1649"><String ID="p609_w248" CONTENT="have" HPOS="182" VPOS="1649" WIDTH="81" HEIGHT="75" STYLEREFS="font0"/><SP WIDTH="14" VPOS="1649" HPOS="263"/><String ID="p609_w249" CONTENT="been" HPOS="277" VPOS="1649" WIDTH="82" HEIGHT="75" STYLEREFS="font0"/><SP WIDTH="22" VPOS="1649" HPOS="359"/><String ID="p609_w250" CONTENT="acquired" HPOS="381" VPOS="1649" WIDTH="153" HEIGHT="75" STYLEREFS="font0"/><SP WIDTH="14" VPOS="1649" HPOS="534"/><String ID="p609_w251" CONTENT="by" HPOS="548" VPOS="1649" WIDTH="44" HEIGHT="75" STYLEREFS="font0"/><SP WIDTH="16" VPOS="1649" HPOS="592"/><String ID="p609_w252" CONTENT="alliances,." HPOS="608" VPOS="1649" WIDTH="176" HEIGHT="75" STYLEREFS="font0"/><SP WIDTH="18" VPOS="1649" HPOS="784"/><String ID="p609_w253" CONTENT="all" HPOS="802" VPOS="1649" WIDTH="44" HEIGHT="75" STYLEREFS="font0"/><SP WIDTH="15" VPOS="1649" HPOS="846"/><String ID="p609_w254" CONTENT="marlhalled" HPOS="861" VPOS="1649" WIDTH="188" HEIGHT="75" STYLEREFS="font0"/><SP WIDTH="15" VPOS="1649" HPOS="1049"/><String ID="p609_w255" CONTENT="in" HPOS="1064" VPOS="1649" WIDTH="33" HEIGHT="75" STYLEREFS="font0"/><SP WIDTH="16" VPOS="1649" HPOS="1097"/><String ID="p609_w256" CONTENT="or-" HPOS="1113" VPOS="1649" WIDTH="53" HEIGHT="75" STYLEREFS="font0"/></TextLine><TextLine WIDTH="69" HEIGHT="75" ID="p609_t35" HPOS="184" VPOS="1693"><String ID="p609_w257" CONTENT="der." HPOS="184" VPOS="1693" WIDTH="69" HEIGHT="75" STYLEREFS="font0"/></TextLine><TextLine WIDTH="1029" HEIGHT="75" ID="p609_t36" HPOS="139" VPOS="1742"><String ID="p609_w258" CONTENT="A" HPOS="139" VPOS="1742" WIDTH="32" HEIGHT="75" STYLEREFS="font0"/><SP WIDTH="22" VPOS="1742" HPOS="171"/><String ID="p609_w259" CONTENT="TEMPO" HPOS="193" VPOS="1742" WIDTH="171" HEIGHT="75" STYLEREFS="font0"/><SP WIDTH="23" VPOS="1742" HPOS="364"/><String ID="p609_w260" CONTENT="GIUSTO," HPOS="387" VPOS="1742" WIDTH="199" HEIGHT="75" STYLEREFS="font0"/><SP WIDTH="32" VPOS="1742" HPOS="586"/><String ID="p609_w261" CONTENT="in" HPOS="618" VPOS="1742" WIDTH="32" HEIGHT="75" STYLEREFS="font0"/><SP WIDTH="27" VPOS="1742" HPOS="650"/><String ID="p609_w262" CONTENT="mufic," HPOS="677" VPOS="1742" WIDTH="107" HEIGHT="75" STYLEREFS="font0"/><SP WIDTH="26" VPOS="1742" HPOS="784"/><String ID="p609_w263" CONTENT="fignifies" HPOS="810" VPOS="1742" WIDTH="134" HEIGHT="75" STYLEREFS="font0"/><SP WIDTH="17" VPOS="1742" HPOS="944"/><String ID="p609_w264" CONTENT="to" HPOS="961" VPOS="1742" WIDTH="35" HEIGHT="75" STYLEREFS="font0"/><SP WIDTH="27" VPOS="1742" HPOS="996"/><String ID="p609_w265" CONTENT="fing." HPOS="1023" VPOS="1742" WIDTH="72" HEIGHT="75" STYLEREFS="font0"/><SP WIDTH="10" VPOS="1742" HPOS="1095"/><String ID="p609_w266" CONTENT="and" HPOS="1105" VPOS="1742" WIDTH="63" HEIGHT="75" STYLEREFS="font0"/></TextLine><TextLine WIDTH="980" HEIGHT="75" ID="p609_t37" HPOS="185" VPOS="1787"><String ID="p609_w267" CONTENT="or" HPOS="185" VPOS="1787" WIDTH="36" HEIGHT="75" STYLEREFS="font0"/><SP WIDTH="16" VPOS="1787" HPOS="221"/><String ID="p609_w268" CONTENT="play" HPOS="237" VPOS="1787" WIDTH="74" HEIGHT="75" STYLEREFS="font0"/><SP WIDTH="15" VPOS="1787" HPOS="311"/><String ID="p609_w269" CONTENT="in" HPOS="326" VPOS="1787" WIDTH="32" HEIGHT="75" STYLEREFS="font0"/><SP WIDTH="16" VPOS="1787" HPOS="358"/><String ID="p609_w270" CONTENT="an" HPOS="374" VPOS="1787" WIDTH="39" HEIGHT="75" STYLEREFS="font0"/><SP WIDTH="20" VPOS="1787" HPOS="413"/><String ID="p609_w271" CONTENT="equal," HPOS="433" VPOS="1787" WIDTH="107" HEIGHT="75" STYLEREFS="font0"/><SP WIDTH="18" VPOS="1787" HPOS="540"/><String ID="p609_w272" CONTENT="true," HPOS="558" VPOS="1787" WIDTH="84" HEIGHT="75" STYLEREFS="font0"/><SP WIDTH="26" VPOS="1787" HPOS="642"/><String ID="p609_w273" CONTENT="and" HPOS="668" VPOS="1787" WIDTH="61" HEIGHT="75" STYLEREFS="font0"/><SP WIDTH="16" VPOS="1787" HPOS="729"/><String ID="p609_w274" CONTENT="juft" HPOS="745" VPOS="1787" WIDTH="63" HEIGHT="75" STYLEREFS="font0"/><SP WIDTH="17" VPOS="1787" HPOS="808"/><String ID="p609_w275" CONTENT="time." HPOS="825" VPOS="1787" WIDTH="89" HEIGHT="75" STYLEREFS="font0"/><SP WIDTH="50" VPOS="1787" HPOS="914"/><String ID="p609_w276" CONTENT="See" HPOS="964" VPOS="1787" WIDTH="62" HEIGHT="75" STYLEREFS="font0"/><SP WIDTH="15" VPOS="1787" HPOS="1026"/><String ID="p609_w277" CONTENT="Time." HPOS="1041" VPOS="1787" WIDTH="124" HEIGHT="75" STYLEREFS="font0"/></TextLine><TextLine WIDTH="1026" HEIGHT="75" ID="p609_t38" HPOS="139" VPOS="1833"><String ID="p609_w278" CONTENT="ATHAMAPULET," HPOS="139" VPOS="1833" WIDTH="399" HEIGHT="75" STYLEREFS="font0"/><SP WIDTH="25" VPOS="1833" HPOS="538"/><String ID="p609_w279" CONTENT="the" HPOS="563" VPOS="1833" WIDTH="54" HEIGHT="75" STYLEREFS="font0"/><SP WIDTH="17" VPOS="1833" HPOS="617"/><String ID="p609_w280" CONTENT="prime" HPOS="634" VPOS="1833" WIDTH="101" HEIGHT="75" STYLEREFS="font0"/><SP WIDTH="17" VPOS="1833" HPOS="735"/><String ID="p609_w281" CONTENT="minifter" HPOS="752" VPOS="1833" WIDTH="138" HEIGHT="75" STYLEREFS="font0"/><SP WIDTH="16" VPOS="1833" HPOS="890"/><String ID="p609_w282" CONTENT="of" HPOS="906" VPOS="1833" WIDTH="40" HEIGHT="75" STYLEREFS="font0"/><SP WIDTH="21" VPOS="1833" HPOS="946"/><String ID="p609_w283" CONTENT="the" HPOS="967" VPOS="1833" WIDTH="56" HEIGHT="75" STYLEREFS="font0"/><SP WIDTH="16" VPOS="1833" HPOS="1023"/><String ID="p609_w284" CONTENT="Perfian" HPOS="1039" VPOS="1833" WIDTH="126" HEIGHT="75" STYLEREFS="font0"/></TextLine><TextLine WIDTH="980" HEIGHT="75" ID="p609_t39" HPOS="185" VPOS="1880"><String ID="p609_w285" CONTENT="empire," HPOS="185" VPOS="1880" WIDTH="131" HEIGHT="75" STYLEREFS="font0"/><SP WIDTH="28" VPOS="1880" HPOS="316"/><String ID="p609_w286" CONTENT="as" HPOS="344" VPOS="1880" WIDTH="34" HEIGHT="75" STYLEREFS="font0"/><SP WIDTH="17" VPOS="1880" HPOS="378"/><String ID="p609_w287" CONTENT="the" HPOS="395" VPOS="1880" WIDTH="57" HEIGHT="75" STYLEREFS="font0"/><SP WIDTH="16" VPOS="1880" HPOS="452"/><String ID="p609_w288" CONTENT="grand" HPOS="468" VPOS="1880" WIDTH="102" HEIGHT="75" STYLEREFS="font0"/><SP WIDTH="22" VPOS="1880" HPOS="570"/><String ID="p609_w289" CONTENT="vizier" HPOS="592" VPOS="1880" WIDTH="102" HEIGHT="75" STYLEREFS="font0"/><SP WIDTH="16" VPOS="1880" HPOS="694"/><String ID="p609_w290" CONTENT="is" HPOS="710" VPOS="1880" WIDTH="26" HEIGHT="75" STYLEREFS="font0"/><SP WIDTH="18" VPOS="1880" HPOS="736"/><String ID="p609_w291" CONTENT="of" HPOS="754" VPOS="1880" WIDTH="40" HEIGHT="75" STYLEREFS="font0"/><SP WIDTH="13" VPOS="1880" HPOS="794"/><String ID="p609_w292" CONTENT="the" HPOS="807" VPOS="1880" WIDTH="54" HEIGHT="75" STYLEREFS="font0"/><SP WIDTH="16" VPOS="1880" HPOS="861"/><String ID="p609_w293" CONTENT="Turkifti" HPOS="877" VPOS="1880" WIDTH="140" HEIGHT="75" STYLEREFS="font0"/><SP WIDTH="17" VPOS="1880" HPOS="1017"/><String ID="p609_w294" CONTENT="empire." HPOS="1034" VPOS="1880" WIDTH="131" HEIGHT="75" STYLEREFS="font0"/></TextLine><TextLine WIDTH="983" HEIGHT="75" ID="p609_t40" HPOS="183" VPOS="1926"><String ID="p609_w295" CONTENT="He" HPOS="183" VPOS="1926" WIDTH="53" HEIGHT="75" STYLEREFS="font0"/><SP WIDTH="11" VPOS="1926" HPOS="236"/><String ID="p609_w296" CONTENT="is" HPOS="247" VPOS="1926" WIDTH="26" HEIGHT="75" STYLEREFS="font0"/><SP WIDTH="16" VPOS="1926" HPOS="273"/><String ID="p609_w297" CONTENT="great" HPOS="289" VPOS="1926" WIDTH="91" HEIGHT="75" STYLEREFS="font0"/><SP WIDTH="10" VPOS="1926" HPOS="380"/><String ID="p609_w298" CONTENT="chancellor" HPOS="390" VPOS="1926" WIDTH="183" HEIGHT="75" STYLEREFS="font0"/><SP WIDTH="16" VPOS="1926" HPOS="573"/><String ID="p609_w299" CONTENT="of" HPOS="589" VPOS="1926" WIDTH="40" HEIGHT="75" STYLEREFS="font0"/><SP WIDTH="10" VPOS="1926" HPOS="629"/><String ID="p609_w300" CONTENT="the" HPOS="639" VPOS="1926" WIDTH="55" HEIGHT="75" STYLEREFS="font0"/><SP WIDTH="16" VPOS="1926" HPOS="694"/><String ID="p609_w301" CONTENT="kingdom,&gt;prefident" HPOS="710" VPOS="1926" WIDTH="341" HEIGHT="75" STYLEREFS="font0"/><SP WIDTH="9" VPOS="1926" HPOS="1051"/><String ID="p609_w302" CONTENT="of" HPOS="1060" VPOS="1926" WIDTH="39" HEIGHT="75" STYLEREFS="font0"/><SP WIDTH="11" VPOS="1926" HPOS="1099"/><String ID="p609_w303" CONTENT="the" HPOS="1110" VPOS="1926" WIDTH="56" HEIGHT="75" STYLEREFS="font0"/></TextLine><TextLine WIDTH="985" HEIGHT="75" ID="p609_t41" HPOS="182" VPOS="1972"><String ID="p609_w304" CONTENT="council," HPOS="182" VPOS="1972" WIDTH="138" HEIGHT="75" STYLEREFS="font0"/><SP WIDTH="24" VPOS="1972" HPOS="320"/><String ID="p609_w305" CONTENT="fuperintendant" HPOS="344" VPOS="1972" WIDTH="258" HEIGHT="75" STYLEREFS="font0"/><SP WIDTH="16" VPOS="1972" HPOS="602"/><String ID="p609_w306" CONTENT="of" HPOS="618" VPOS="1972" WIDTH="41" HEIGHT="75" STYLEREFS="font0"/><SP WIDTH="10" VPOS="1972" HPOS="659"/><String ID="p609_w307" CONTENT="the" HPOS="669" VPOS="1972" WIDTH="55" HEIGHT="75" STYLEREFS="font0"/><SP WIDTH="17" VPOS="1972" HPOS="724"/><String ID="p609_w308" CONTENT="finances," HPOS="741" VPOS="1972" WIDTH="151" HEIGHT="75" STYLEREFS="font0"/><SP WIDTH="17" VPOS="1972" HPOS="892"/><String ID="p609_w309" CONTENT="and" HPOS="909" VPOS="1972" WIDTH="63" HEIGHT="75" STYLEREFS="font0"/><SP WIDTH="15" VPOS="1972" HPOS="972"/><String ID="p609_w310" CONTENT="is" HPOS="987" VPOS="1972" WIDTH="27" HEIGHT="75" STYLEREFS="font0"/><SP WIDTH="13" VPOS="1972" HPOS="1014"/><String ID="p609_w311" CONTENT="charged" HPOS="1027" VPOS="1972" WIDTH="140" HEIGHT="75" STYLEREFS="font0"/></TextLine><TextLine WIDTH="417" HEIGHT="75" ID="p609_t42" HPOS="182" VPOS="2018"><String ID="p609_w312" CONTENT="with" HPOS="182" VPOS="2018" WIDTH="78" HEIGHT="75" STYLEREFS="font0"/><SP WIDTH="17" VPOS="2018" HPOS="260"/><String ID="p609_w313" CONTENT="all" HPOS="277" VPOS="2018" WIDTH="41" HEIGHT="75" STYLEREFS="font0"/><SP WIDTH="19" VPOS="2018" HPOS="318"/><String ID="p609_w314" CONTENT="foreign" HPOS="337" VPOS="2018" WIDTH="122" HEIGHT="75" STYLEREFS="font0"/><SP WIDTH="19" VPOS="2018" HPOS="459"/><String ID="p609_w315" CONTENT="affairs." HPOS="478" VPOS="2018" WIDTH="121" HEIGHT="75" STYLEREFS="font0"/></TextLine><TextLine WIDTH="1027" HEIGHT="75" ID="p609_t43" HPOS="137" VPOS="2064"><String ID="p609_w316" CONTENT="ATHAMANTA," HPOS="137" VPOS="2064" WIDTH="329" HEIGHT="75" STYLEREFS="font0"/><SP WIDTH="25" VPOS="2064" HPOS="466"/><String ID="p609_w317" CONTENT="in" HPOS="491" VPOS="2064" WIDTH="34" HEIGHT="75" STYLEREFS="font0"/><SP WIDTH="17" VPOS="2064" HPOS="525"/><String ID="p609_w318" CONTENT="botany," HPOS="542" VPOS="2064" WIDTH="133" HEIGHT="75" STYLEREFS="font0"/><SP WIDTH="31" VPOS="2064" HPOS="675"/><String ID="p609_w319" CONTENT="a" HPOS="706" VPOS="2064" WIDTH="18" HEIGHT="75" STYLEREFS="font0"/><SP WIDTH="16" VPOS="2064" HPOS="724"/><String ID="p609_w320" CONTENT="genus" HPOS="740" VPOS="2064" WIDTH="98" HEIGHT="75" STYLEREFS="font0"/><SP WIDTH="17" VPOS="2064" HPOS="838"/><String ID="p609_w321" CONTENT="of" HPOS="855" VPOS="2064" WIDTH="40" HEIGHT="75" STYLEREFS="font0"/><SP WIDTH="11" VPOS="2064" HPOS="895"/><String ID="p609_w322" CONTENT="the" HPOS="906" VPOS="2064" WIDTH="55" HEIGHT="75" STYLEREFS="font0"/><SP WIDTH="16" VPOS="2064" HPOS="961"/><String ID="p609_w323" CONTENT="pentandria" HPOS="977" VPOS="2064" WIDTH="187" HEIGHT="75" STYLEREFS="font0"/></TextLine><TextLine WIDTH="981" HEIGHT="75" ID="p609_t44" HPOS="182" VPOS="2109"><String ID="p609_w324" CONTENT="digynia" HPOS="182" VPOS="2109" WIDTH="128" HEIGHT="75" STYLEREFS="font0"/><SP WIDTH="17" VPOS="2109" HPOS="310"/><String ID="p609_w325" CONTENT="clafs." HPOS="327" VPOS="2109" WIDTH="91" HEIGHT="75" STYLEREFS="font0"/><SP WIDTH="37" VPOS="2109" HPOS="418"/><String ID="p609_w326" CONTENT="The" HPOS="455" VPOS="2109" WIDTH="78" HEIGHT="75" STYLEREFS="font0"/><SP WIDTH="16" VPOS="2109" HPOS="533"/><String ID="p609_w327" CONTENT="fruit" HPOS="549" VPOS="2109" WIDTH="79" HEIGHT="75" STYLEREFS="font0"/><SP WIDTH="12" VPOS="2109" HPOS="628"/><String ID="p609_w328" CONTENT="is" HPOS="640" VPOS="2109" WIDTH="26" HEIGHT="75" STYLEREFS="font0"/><SP WIDTH="13" VPOS="2109" HPOS="666"/><String ID="p609_w329" CONTENT="oblong" HPOS="679" VPOS="2109" WIDTH="119" HEIGHT="75" STYLEREFS="font0"/><SP WIDTH="16" VPOS="2109" HPOS="798"/><String ID="p609_w330" CONTENT="and" HPOS="814" VPOS="2109" WIDTH="62" HEIGHT="75" STYLEREFS="font0"/><SP WIDTH="16" VPOS="2109" HPOS="876"/><String ID="p609_w331" CONTENT="ftreaked." HPOS="892" VPOS="2109" WIDTH="155" HEIGHT="75" STYLEREFS="font0"/><SP WIDTH="39" VPOS="2109" HPOS="1047"/><String ID="p609_w332" CONTENT="The" HPOS="1086" VPOS="2109" WIDTH="77" HEIGHT="75" STYLEREFS="font0"/></TextLine><TextLine WIDTH="981" HEIGHT="75" ID="p609_t45" HPOS="183" VPOS="2155"><String ID="p609_w333" CONTENT="fpecies" HPOS="183" VPOS="2155" WIDTH="117" HEIGHT="75" STYLEREFS="font0"/><SP WIDTH="18" VPOS="2155" HPOS="300"/><String ID="p609_w334" CONTENT="are" HPOS="318" VPOS="2155" WIDTH="52" HEIGHT="75" STYLEREFS="font0"/><SP WIDTH="27" VPOS="2155" HPOS="370"/><String ID="p609_w335" CONTENT="10," HPOS="397" VPOS="2155" WIDTH="54" HEIGHT="75" STYLEREFS="font0"/><SP WIDTH="25" VPOS="2155" HPOS="451"/><String ID="p609_w336" CONTENT="only" HPOS="476" VPOS="2155" WIDTH="77" HEIGHT="75" STYLEREFS="font0"/><SP WIDTH="26" VPOS="2155" HPOS="553"/><String ID="p609_w337" CONTENT="one" HPOS="579" VPOS="2155" WIDTH="61" HEIGHT="75" STYLEREFS="font0"/><SP WIDTH="16" VPOS="2155" HPOS="640"/><String ID="p609_w338" CONTENT="of" HPOS="656" VPOS="2155" WIDTH="39" HEIGHT="75" STYLEREFS="font0"/><SP WIDTH="9" VPOS="2155" HPOS="695"/><String ID="p609_w339" CONTENT="which," HPOS="704" VPOS="2155" WIDTH="121" HEIGHT="75" STYLEREFS="font0"/><SP WIDTH="29" VPOS="2155" HPOS="825"/><String ID="p609_w340" CONTENT="viz." HPOS="854" VPOS="2155" WIDTH="70" HEIGHT="75" STYLEREFS="font0"/><SP WIDTH="18" VPOS="2155" HPOS="924"/><String ID="p609_w341" CONTENT="the" HPOS="942" VPOS="2155" WIDTH="56" HEIGHT="75" STYLEREFS="font0"/><SP WIDTH="15" VPOS="2155" HPOS="998"/><String ID="p609_w342" CONTENT="libanotis" HPOS="1013" VPOS="2155" WIDTH="151" HEIGHT="75" STYLEREFS="font0"/></TextLine><TextLine WIDTH="983" HEIGHT="75" ID="p609_t46" HPOS="182" VPOS="2200"><String ID="p609_w343" CONTENT="or" HPOS="182" VPOS="2200" WIDTH="37" HEIGHT="75" STYLEREFS="font0"/><SP WIDTH="17" VPOS="2200" HPOS="219"/><String ID="p609_w344" CONTENT="mountain" HPOS="236" VPOS="2200" WIDTH="162" HEIGHT="75" STYLEREFS="font0"/><SP WIDTH="17" VPOS="2200" HPOS="398"/><String ID="p609_w345" CONTENT="ftone-parfley" HPOS="415" VPOS="2200" WIDTH="224" HEIGHT="75" STYLEREFS="font0"/><SP WIDTH="16" VPOS="2200" HPOS="639"/><String ID="p609_w346" CONTENT="is" HPOS="655" VPOS="2200" WIDTH="26" HEIGHT="75" STYLEREFS="font0"/><SP WIDTH="18" VPOS="2200" HPOS="681"/><String ID="p609_w347" CONTENT="a" HPOS="699" VPOS="2200" WIDTH="18" HEIGHT="75" STYLEREFS="font0"/><SP WIDTH="16" VPOS="2200" HPOS="717"/><String ID="p609_w348" CONTENT="native" HPOS="733" VPOS="2200" WIDTH="105" HEIGHT="75" STYLEREFS="font0"/><SP WIDTH="17" VPOS="2200" HPOS="838"/><String ID="p609_w349" CONTENT="of" HPOS="855" VPOS="2200" WIDTH="40" HEIGHT="75" STYLEREFS="font0"/><SP WIDTH="11" VPOS="2200" HPOS="895"/><String ID="p609_w350" CONTENT="Britain." HPOS="906" VPOS="2200" WIDTH="138" HEIGHT="75" STYLEREFS="font0"/><SP WIDTH="44" VPOS="2200" HPOS="1044"/><String ID="p609_w351" CONTENT="The" HPOS="1088" VPOS="2200" WIDTH="77" HEIGHT="75" STYLEREFS="font0"/></TextLine><TextLine WIDTH="979" HEIGHT="75" ID="p609_t47" HPOS="183" VPOS="2247"><String ID="p609_w352" CONTENT="root" HPOS="183" VPOS="2247" WIDTH="72" HEIGHT="75" STYLEREFS="font0"/><SP WIDTH="17" VPOS="2247" HPOS="255"/><String ID="p609_w353" CONTENT="of" HPOS="272" VPOS="2247" WIDTH="39" HEIGHT="75" STYLEREFS="font0"/><SP WIDTH="10" VPOS="2247" HPOS="311"/><String ID="p609_w354" CONTENT="the" HPOS="321" VPOS="2247" WIDTH="56" HEIGHT="75" STYLEREFS="font0"/><SP WIDTH="23" VPOS="2247" HPOS="377"/><String ID="p609_w355" CONTENT="athamanta" HPOS="400" VPOS="2247" WIDTH="182" HEIGHT="75" STYLEREFS="font0"/><SP WIDTH="15" VPOS="2247" HPOS="582"/><String ID="p609_w356" CONTENT="meum" HPOS="597" VPOS="2247" WIDTH="105" HEIGHT="75" STYLEREFS="font0"/><SP WIDTH="16" VPOS="2247" HPOS="702"/><String ID="p609_w357" CONTENT="or" HPOS="718" VPOS="2247" WIDTH="38" HEIGHT="75" STYLEREFS="font0"/><SP WIDTH="15" VPOS="2247" HPOS="756"/><String ID="p609_w358" CONTENT="fpignel," HPOS="771" VPOS="2247" WIDTH="132" HEIGHT="75" STYLEREFS="font0"/><SP WIDTH="19" VPOS="2247" HPOS="903"/><String ID="p609_w359" CONTENT="a" HPOS="922" VPOS="2247" WIDTH="18" HEIGHT="75" STYLEREFS="font0"/><SP WIDTH="18" VPOS="2247" HPOS="940"/><String ID="p609_w360" CONTENT="native" HPOS="958" VPOS="2247" WIDTH="104" HEIGHT="75" STYLEREFS="font0"/><SP WIDTH="17" VPOS="2247" HPOS="1062"/><String ID="p609_w361" CONTENT="of" HPOS="1079" VPOS="2247" WIDTH="40" HEIGHT="75" STYLEREFS="font0"/><SP WIDTH="11" VPOS="2247" HPOS="1119"/><String ID="p609_w362" CONTENT="I-" HPOS="1130" VPOS="2247" WIDTH="32" HEIGHT="75" STYLEREFS="font0"/></TextLine><TextLine WIDTH="982" HEIGHT="75" ID="p609_t48" HPOS="181" VPOS="2294"><String ID="p609_w363" CONTENT="taly," HPOS="181" VPOS="2294" WIDTH="79" HEIGHT="75" STYLEREFS="font0"/><SP WIDTH="25" VPOS="2294" HPOS="260"/><String ID="p609_w364" CONTENT="is" HPOS="285" VPOS="2294" WIDTH="26" HEIGHT="75" STYLEREFS="font0"/><SP WIDTH="25" VPOS="2294" HPOS="311"/><String ID="p609_w365" CONTENT="an" HPOS="336" VPOS="2294" WIDTH="40" HEIGHT="75" STYLEREFS="font0"/><SP WIDTH="28" VPOS="2294" HPOS="376"/><String ID="p609_w366" CONTENT="ufeful" HPOS="404" VPOS="2294" WIDTH="100" HEIGHT="75" STYLEREFS="font0"/><SP WIDTH="23" VPOS="2294" HPOS="504"/><String ID="p609_w367" CONTENT="aromatic" HPOS="527" VPOS="2294" WIDTH="153" HEIGHT="75" STYLEREFS="font0"/><SP WIDTH="23" VPOS="2294" HPOS="680"/><String ID="p609_w368" CONTENT="and" HPOS="703" VPOS="2294" WIDTH="62" HEIGHT="75" STYLEREFS="font0"/><SP WIDTH="27" VPOS="2294" HPOS="765"/><String ID="p609_w369" CONTENT="carminative," HPOS="792" VPOS="2294" WIDTH="216" HEIGHT="75" STYLEREFS="font0"/><SP WIDTH="30" VPOS="2294" HPOS="1008"/><String ID="p609_w370" CONTENT="though" HPOS="1038" VPOS="2294" WIDTH="125" HEIGHT="75" STYLEREFS="font0"/></TextLine><TextLine WIDTH="687" HEIGHT="75" ID="p609_t49" HPOS="182" VPOS="2340"><String ID="p609_w371" CONTENT="little" HPOS="182" VPOS="2340" WIDTH="83" HEIGHT="75" STYLEREFS="font0"/><SP WIDTH="23" VPOS="2340" HPOS="265"/><String ID="p609_w372" CONTENT="regarded" HPOS="288" VPOS="2340" WIDTH="156" HEIGHT="75" STYLEREFS="font0"/><SP WIDTH="18" VPOS="2340" HPOS="444"/><String ID="p609_w373" CONTENT="in" HPOS="462" VPOS="2340" WIDTH="32" HEIGHT="75" STYLEREFS="font0"/><SP WIDTH="17" VPOS="2340" HPOS="494"/><String ID="p609_w374" CONTENT="the" HPOS="511" VPOS="2340" WIDTH="55" HEIGHT="75" STYLEREFS="font0"/><SP WIDTH="16" VPOS="2340" HPOS="566"/><String ID="p609_w375" CONTENT="prefent" HPOS="582" VPOS="2340" WIDTH="124" HEIGHT="75" STYLEREFS="font0"/><SP WIDTH="16" VPOS="2340" HPOS="706"/><String ID="p609_w376" CONTENT="pra&amp;ice." HPOS="722" VPOS="2340" WIDTH="147" HEIGHT="75" STYLEREFS="font0"/></TextLine><TextLine WIDTH="1030" HEIGHT="75" ID="p609_t50" HPOS="135" VPOS="2386"><String ID="p609_w377" CONTENT="ATHANASIA," HPOS="135" VPOS="2386" WIDTH="299" HEIGHT="75" STYLEREFS="font0"/><SP WIDTH="31" VPOS="2386" HPOS="434"/><String ID="p609_w378" CONTENT="in" HPOS="465" VPOS="2386" WIDTH="32" HEIGHT="75" STYLEREFS="font0"/><SP WIDTH="16" VPOS="2386" HPOS="497"/><String ID="p609_w379" CONTENT="botany," HPOS="513" VPOS="2386" WIDTH="132" HEIGHT="75" STYLEREFS="font0"/><SP WIDTH="33" VPOS="2386" HPOS="645"/><String ID="p609_w380" CONTENT="a" HPOS="678" VPOS="2386" WIDTH="19" HEIGHT="75" STYLEREFS="font0"/><SP WIDTH="27" VPOS="2386" HPOS="697"/><String ID="p609_w381" CONTENT="genus" HPOS="724" VPOS="2386" WIDTH="97" HEIGHT="75" STYLEREFS="font0"/><SP WIDTH="24" VPOS="2386" HPOS="821"/><String ID="p609_w382" CONTENT="of" HPOS="845" VPOS="2386" WIDTH="40" HEIGHT="75" STYLEREFS="font0"/><SP WIDTH="18" VPOS="2386" HPOS="885"/><String ID="p609_w383" CONTENT="the" HPOS="903" VPOS="2386" WIDTH="56" HEIGHT="75" STYLEREFS="font0"/><SP WIDTH="26" VPOS="2386" HPOS="959"/><String ID="p609_w384" CONTENT="fyngenefia" HPOS="985" VPOS="2386" WIDTH="180" HEIGHT="75" STYLEREFS="font0"/></TextLine><TextLine WIDTH="988" HEIGHT="75" ID="p609_t51" HPOS="182" VPOS="2432"><String ID="p609_w385" CONTENT="polygamia" HPOS="182" VPOS="2432" WIDTH="181" HEIGHT="75" STYLEREFS="font0"/><SP WIDTH="19" VPOS="2432" HPOS="363"/><String ID="p609_w386" CONTENT="sequalis" HPOS="382" VPOS="2432" WIDTH="130" HEIGHT="75" STYLEREFS="font0"/><SP WIDTH="28" VPOS="2432" HPOS="512"/><String ID="p609_w387" CONTENT="clafs." HPOS="540" VPOS="2432" WIDTH="91" HEIGHT="75" STYLEREFS="font0"/><SP WIDTH="56" VPOS="2432" HPOS="631"/><String ID="p609_w388" CONTENT="There" HPOS="687" VPOS="2432" WIDTH="113" HEIGHT="75" STYLEREFS="font0"/><SP WIDTH="28" VPOS="2432" HPOS="800"/><String ID="p609_w389" CONTENT="are" HPOS="828" VPOS="2432" WIDTH="53" HEIGHT="75" STYLEREFS="font0"/><SP WIDTH="28" VPOS="2432" HPOS="881"/><String ID="p609_w390" CONTENT="ten" HPOS="909" VPOS="2432" WIDTH="52" HEIGHT="75" STYLEREFS="font0"/><SP WIDTH="24" VPOS="2432" HPOS="961"/><String ID="p609_w391" CONTENT="fpecies" HPOS="985" VPOS="2432" WIDTH="117" HEIGHT="75" STYLEREFS="font0"/><SP WIDTH="26" VPOS="2432" HPOS="1102"/><String ID="p609_w392" CONTENT="of" HPOS="1128" VPOS="2432" WIDTH="42" HEIGHT="75" STYLEREFS="font0"/></TextLine><TextLine WIDTH="789" HEIGHT="75" ID="p609_t52" HPOS="183" VPOS="2479"><String ID="p609_w393" CONTENT="this" HPOS="183" VPOS="2479" WIDTH="63" HEIGHT="75" STYLEREFS="font0"/><SP WIDTH="18" VPOS="2479" HPOS="246"/><String ID="p609_w394" CONTENT="genus," HPOS="264" VPOS="2479" WIDTH="110" HEIGHT="75" STYLEREFS="font0"/><SP WIDTH="27" VPOS="2479" HPOS="374"/><String ID="p609_w395" CONTENT="moft" HPOS="401" VPOS="2479" WIDTH="78" HEIGHT="75" STYLEREFS="font0"/><SP WIDTH="16" VPOS="2479" HPOS="479"/><String ID="p609_w396" CONTENT="of" HPOS="495" VPOS="2479" WIDTH="40" HEIGHT="75" STYLEREFS="font0"/><SP WIDTH="12" VPOS="2479" HPOS="535"/><String ID="p609_w397" CONTENT="them" HPOS="547" VPOS="2479" WIDTH="86" HEIGHT="75" STYLEREFS="font0"/><SP WIDTH="18" VPOS="2479" HPOS="633"/><String ID="p609_w398" CONTENT="natives" HPOS="651" VPOS="2479" WIDTH="122" HEIGHT="75" STYLEREFS="font0"/><SP WIDTH="17" VPOS="2479" HPOS="773"/><String ID="p609_w399" CONTENT="of" HPOS="790" VPOS="2479" WIDTH="39" HEIGHT="75" STYLEREFS="font0"/><SP WIDTH="16" VPOS="2479" HPOS="829"/><String ID="p609_w400" CONTENT="Africa." HPOS="845" VPOS="2479" WIDTH="127" HEIGHT="75" STYLEREFS="font0"/></TextLine><TextLine WIDTH="1028" HEIGHT="75" ID="p609_t53" HPOS="135" VPOS="2524"><String ID="p609_w401" CONTENT="A" HPOS="135" VPOS="2524" WIDTH="31" HEIGHT="75" STYLEREFS="font0"/><SP WIDTH="2" VPOS="2524" HPOS="166"/><String ID="p609_w402" CONTENT="T" HPOS="168" VPOS="2524" WIDTH="36" HEIGHT="75" STYLEREFS="font0"/><SP WIDTH="2" VPOS="2524" HPOS="204"/><String ID="p609_w403" CONTENT="H" HPOS="206" VPOS="2524" WIDTH="32" HEIGHT="75" STYLEREFS="font0"/><SP WIDTH="5" VPOS="2524" HPOS="238"/><String ID="p609_w404" CONTENT="A" HPOS="243" VPOS="2524" WIDTH="29" HEIGHT="75" STYLEREFS="font0"/><SP WIDTH="3" VPOS="2524" HPOS="272"/><String ID="p609_w405" CONTENT="N" HPOS="275" VPOS="2524" WIDTH="33" HEIGHT="75" STYLEREFS="font0"/><SP WIDTH="3" VPOS="2524" HPOS="308"/><String ID="p609_w406" CONTENT="A" HPOS="311" VPOS="2524" WIDTH="33" HEIGHT="75" STYLEREFS="font0"/><SP WIDTH="3" VPOS="2524" HPOS="344"/><String ID="p609_w407" CONTENT="SIAN" HPOS="347" VPOS="2524" WIDTH="110" HEIGHT="75" STYLEREFS="font0"/><SP WIDTH="23" VPOS="2524" HPOS="457"/><String ID="p609_w408" CONTENT="creed," HPOS="480" VPOS="2524" WIDTH="104" HEIGHT="75" STYLEREFS="font0"/><SP WIDTH="28" VPOS="2524" HPOS="584"/><String ID="p609_w409" CONTENT="that" HPOS="612" VPOS="2524" WIDTH="70" HEIGHT="75" STYLEREFS="font0"/><SP WIDTH="16" VPOS="2524" HPOS="682"/><String ID="p609_w410" CONTENT="fuppofed" HPOS="698" VPOS="2524" WIDTH="153" HEIGHT="75" STYLEREFS="font0"/><SP WIDTH="21" VPOS="2524" HPOS="851"/><String ID="p609_w411" CONTENT="to" HPOS="872" VPOS="2524" WIDTH="35" HEIGHT="75" STYLEREFS="font0"/><SP WIDTH="24" VPOS="2524" HPOS="907"/><String ID="p609_w412" CONTENT="be" HPOS="931" VPOS="2524" WIDTH="39" HEIGHT="75" STYLEREFS="font0"/><SP WIDTH="24" VPOS="2524" HPOS="970"/><String ID="p609_w413" CONTENT="compofed" HPOS="994" VPOS="2524" WIDTH="169" HEIGHT="75" STYLEREFS="font0"/></TextLine><TextLine WIDTH="536" HEIGHT="75" ID="p609_t54" HPOS="183" VPOS="2569"><String ID="p609_w414" CONTENT="by" HPOS="183" VPOS="2569" WIDTH="41" HEIGHT="75" STYLEREFS="font0"/><SP WIDTH="19" VPOS="2569" HPOS="224"/><String ID="p609_w415" CONTENT="Athanafius." HPOS="243" VPOS="2569" WIDTH="203" HEIGHT="75" STYLEREFS="font0"/><SP WIDTH="50" VPOS="2569" HPOS="446"/><String ID="p609_w416" CONTENT="See" HPOS="496" VPOS="2569" WIDTH="60" HEIGHT="75" STYLEREFS="font0"/><SP WIDTH="17" VPOS="2569" HPOS="556"/><String ID="p609_w417" CONTENT="Creed." HPOS="573" VPOS="2569" WIDTH="146" HEIGHT="75" STYLEREFS="font0"/></TextLine><TextLine WIDTH="1022" HEIGHT="75" ID="p609_t55" HPOS="136" VPOS="2616"><String ID="p609_w418" CONTENT="ATHANATI," HPOS="136" VPOS="2616" WIDTH="271" HEIGHT="75" STYLEREFS="font0"/><SP WIDTH="27" VPOS="2616" HPOS="407"/><String ID="p609_w419" CONTENT="in" HPOS="434" VPOS="2616" WIDTH="33" HEIGHT="75" STYLEREFS="font0"/><SP WIDTH="15" VPOS="2616" HPOS="467"/><String ID="p609_w420" CONTENT="Pejfian" HPOS="482" VPOS="2616" WIDTH="127" HEIGHT="75" STYLEREFS="font0"/><SP WIDTH="26" VPOS="2616" HPOS="609"/><String ID="p609_w421" CONTENT="antiquity," HPOS="635" VPOS="2616" WIDTH="172" HEIGHT="75" STYLEREFS="font0"/><SP WIDTH="17" VPOS="2616" HPOS="807"/><String ID="p609_w422" CONTENT="a" HPOS="824" VPOS="2616" WIDTH="19" HEIGHT="75" STYLEREFS="font0"/><SP WIDTH="21" VPOS="2616" HPOS="843"/><String ID="p609_w423" CONTENT="body" HPOS="864" VPOS="2616" WIDTH="87" HEIGHT="75" STYLEREFS="font0"/><SP WIDTH="16" VPOS="2616" HPOS="951"/><String ID="p609_w424" CONTENT="of" HPOS="967" VPOS="2616" WIDTH="40" HEIGHT="75" STYLEREFS="font0"/><SP WIDTH="11" VPOS="2616" HPOS="1007"/><String ID="p609_w425" CONTENT="cavalry," HPOS="1018" VPOS="2616" WIDTH="140" HEIGHT="75" STYLEREFS="font0"/></TextLine><TextLine WIDTH="976" HEIGHT="75" ID="p609_t56" HPOS="183" VPOS="2662"><String ID="p609_w426" CONTENT="confifting" HPOS="183" VPOS="2662" WIDTH="164" HEIGHT="75" STYLEREFS="font0"/><SP WIDTH="31" VPOS="2662" HPOS="347"/><String ID="p609_w427" CONTENT="of" HPOS="378" VPOS="2662" WIDTH="40" HEIGHT="75" STYLEREFS="font0"/><SP WIDTH="27" VPOS="2662" HPOS="418"/><String ID="p609_w428" CONTENT="ten" HPOS="445" VPOS="2662" WIDTH="52" HEIGHT="75" STYLEREFS="font0"/><SP WIDTH="32" VPOS="2662" HPOS="497"/><String ID="p609_w429" CONTENT="tfioufand" HPOS="529" VPOS="2662" WIDTH="156" HEIGHT="75" STYLEREFS="font0"/><SP WIDTH="32" VPOS="2662" HPOS="685"/><String ID="p609_w430" CONTENT="men," HPOS="717" VPOS="2662" WIDTH="83" HEIGHT="75" STYLEREFS="font0"/><SP WIDTH="34" VPOS="2662" HPOS="800"/><String ID="p609_w431" CONTENT="always" HPOS="834" VPOS="2662" WIDTH="117" HEIGHT="75" STYLEREFS="font0"/><SP WIDTH="36" VPOS="2662" HPOS="951"/><String ID="p609_w432" CONTENT="complete." HPOS="987" VPOS="2662" WIDTH="172" HEIGHT="75" STYLEREFS="font0"/></TextLine><TextLine WIDTH="986" HEIGHT="75" ID="p609_t57" HPOS="179" VPOS="2710"><String ID="p609_w433" CONTENT="They" HPOS="179" VPOS="2710" WIDTH="101" HEIGHT="75" STYLEREFS="font0"/><SP WIDTH="31" VPOS="2710" HPOS="280"/><String ID="p609_w434" CONTENT="were" HPOS="311" VPOS="2710" WIDTH="84" HEIGHT="75" STYLEREFS="font0"/><SP WIDTH="28" VPOS="2710" HPOS="395"/><String ID="p609_w435" CONTENT="called" HPOS="423" VPOS="2710" WIDTH="101" HEIGHT="75" STYLEREFS="font0"/><SP WIDTH="27" VPOS="2710" HPOS="524"/><String ID="p609_w436" CONTENT="atbanati," HPOS="551" VPOS="2710" WIDTH="166" HEIGHT="75" STYLEREFS="font0"/><SP WIDTH="25" VPOS="2710" HPOS="717"/><String ID="p609_w437" CONTENT="becaufe," HPOS="742" VPOS="2710" WIDTH="144" HEIGHT="75" STYLEREFS="font0"/><SP WIDTH="34" VPOS="2710" HPOS="886"/><String ID="p609_w438" CONTENT="when" HPOS="920" VPOS="2710" WIDTH="92" HEIGHT="75" STYLEREFS="font0"/><SP WIDTH="25" VPOS="2710" HPOS="1012"/><String ID="p609_w439" CONTENT="one" HPOS="1037" VPOS="2710" WIDTH="61" HEIGHT="75" STYLEREFS="font0"/><SP WIDTH="27" VPOS="2710" HPOS="1098"/><String ID="p609_w440" CONTENT="of" HPOS="1125" VPOS="2710" WIDTH="40" HEIGHT="75" STYLEREFS="font0"/></TextLine><TextLine WIDTH="977" HEIGHT="75" ID="p609_t58" HPOS="182" VPOS="2755"><String ID="p609_w441" CONTENT="them" HPOS="182" VPOS="2755" WIDTH="86" HEIGHT="75" STYLEREFS="font0"/><SP WIDTH="24" VPOS="2755" HPOS="268"/><String ID="p609_w442" CONTENT="happened" HPOS="292" VPOS="2755" WIDTH="166" HEIGHT="75" STYLEREFS="font0"/><SP WIDTH="15" VPOS="2755" HPOS="458"/><String ID="p609_w443" CONTENT="to" HPOS="473" VPOS="2755" WIDTH="35" HEIGHT="75" STYLEREFS="font0"/><SP WIDTH="22" VPOS="2755" HPOS="508"/><String ID="p609_w444" CONTENT="die," HPOS="530" VPOS="2755" WIDTH="64" HEIGHT="75" STYLEREFS="font0"/><SP WIDTH="25" VPOS="2755" HPOS="594"/><String ID="p609_w445" CONTENT="another" HPOS="619" VPOS="2755" WIDTH="133" HEIGHT="75" STYLEREFS="font0"/><SP WIDTH="24" VPOS="2755" HPOS="752"/><String ID="p609_w446" CONTENT="was" HPOS="776" VPOS="2755" WIDTH="63" HEIGHT="75" STYLEREFS="font0"/><SP WIDTH="21" VPOS="2755" HPOS="839"/><String ID="p609_w447" CONTENT="immediately" HPOS="860" VPOS="2755" WIDTH="219" HEIGHT="75" STYLEREFS="font0"/><SP WIDTH="27" VPOS="2755" HPOS="1079"/><String ID="p609_w448" CONTENT="ap-" HPOS="1106" VPOS="2755" WIDTH="53" HEIGHT="75" STYLEREFS="font0"/></TextLine><TextLine WIDTH="444" HEIGHT="75" ID="p609_t59" HPOS="182" VPOS="2801"><String ID="p609_w449" CONTENT="pointed" HPOS="182" VPOS="2801" WIDTH="130" HEIGHT="75" STYLEREFS="font0"/><SP WIDTH="17" VPOS="2801" HPOS="312"/><String ID="p609_w450" CONTENT="to" HPOS="329" VPOS="2801" WIDTH="33" HEIGHT="75" STYLEREFS="font0"/><SP WIDTH="17" VPOS="2801" HPOS="362"/><String ID="p609_w451" CONTENT="fucceed" HPOS="379" VPOS="2801" WIDTH="131" HEIGHT="75" STYLEREFS="font0"/><SP WIDTH="15" VPOS="2801" HPOS="510"/><String ID="p609_w452" CONTENT="him.." HPOS="525" VPOS="2801" WIDTH="101" HEIGHT="75" STYLEREFS="font0"/></TextLine><TextLine WIDTH="1027" HEIGHT="75" ID="p609_t60" HPOS="134" VPOS="2848"><String ID="p609_w453" CONTENT="ATHANOR," HPOS="134" VPOS="2848" WIDTH="255" HEIGHT="75" STYLEREFS="font0"/><SP WIDTH="28" VPOS="2848" HPOS="389"/><String ID="p609_w454" CONTENT="in" HPOS="417" VPOS="2848" WIDTH="31" HEIGHT="75" STYLEREFS="font0"/><SP WIDTH="25" VPOS="2848" HPOS="448"/><String ID="p609_w455" CONTENT="chemiftry," HPOS="473" VPOS="2848" WIDTH="180" HEIGHT="75" STYLEREFS="font0"/><SP WIDTH="30" VPOS="2848" HPOS="653"/><String ID="p609_w456" CONTENT="a" HPOS="683" VPOS="2848" WIDTH="18" HEIGHT="75" STYLEREFS="font0"/><SP WIDTH="26" VPOS="2848" HPOS="701"/><String ID="p609_w457" CONTENT="kind" HPOS="727" VPOS="2848" WIDTH="78" HEIGHT="75" STYLEREFS="font0"/><SP WIDTH="27" VPOS="2848" HPOS="805"/><String ID="p609_w458" CONTENT="of" HPOS="832" VPOS="2848" WIDTH="39" HEIGHT="75" STYLEREFS="font0"/><SP WIDTH="22" VPOS="2848" HPOS="871"/><String ID="p609_w459" CONTENT="fixed" HPOS="893" VPOS="2848" WIDTH="86" HEIGHT="75" STYLEREFS="font0"/><SP WIDTH="17" VPOS="2848" HPOS="979"/><String ID="p609_w460" CONTENT="and" HPOS="996" VPOS="2848" WIDTH="62" HEIGHT="75" STYLEREFS="font0"/><SP WIDTH="15" VPOS="2848" HPOS="1058"/><String ID="p609_w461" CONTENT="large" HPOS="1073" VPOS="2848" WIDTH="88" HEIGHT="75" STYLEREFS="font0"/></TextLine><TextLine WIDTH="977" HEIGHT="75" ID="p609_t61" HPOS="182" VPOS="2893"><String ID="p609_w462" CONTENT="digefting" HPOS="182" VPOS="2893" WIDTH="152" HEIGHT="75" STYLEREFS="font0"/><SP WIDTH="15" VPOS="2893" HPOS="334"/><String ID="p609_w463" CONTENT="furnace," HPOS="349" VPOS="2893" WIDTH="142" HEIGHT="75" STYLEREFS="font0"/><SP WIDTH="28" VPOS="2893" HPOS="491"/><String ID="p609_w464" CONTENT="made" HPOS="519" VPOS="2893" WIDTH="92" HEIGHT="75" STYLEREFS="font0"/><SP WIDTH="17" VPOS="2893" HPOS="611"/><String ID="p609_w465" CONTENT="with" HPOS="628" VPOS="2893" WIDTH="77" HEIGHT="75" STYLEREFS="font0"/><SP WIDTH="18" VPOS="2893" HPOS="705"/><String ID="p609_w466" CONTENT="a" HPOS="723" VPOS="2893" WIDTH="17" HEIGHT="75" STYLEREFS="font0"/><SP WIDTH="16" VPOS="2893" HPOS="740"/><String ID="p609_w467" CONTENT="tower," HPOS="756" VPOS="2893" WIDTH="114" HEIGHT="75" STYLEREFS="font0"/><SP WIDTH="25" VPOS="2893" HPOS="870"/><String ID="p609_w468" CONTENT="fo" HPOS="895" VPOS="2893" WIDTH="33" HEIGHT="75" STYLEREFS="font0"/><SP WIDTH="17" VPOS="2893" HPOS="928"/><String ID="p609_w469" CONTENT="contrived" HPOS="945" VPOS="2893" WIDTH="164" HEIGHT="75" STYLEREFS="font0"/><SP WIDTH="17" VPOS="2893" HPOS="1109"/><String ID="p609_w470" CONTENT="as" HPOS="1126" VPOS="2893" WIDTH="33" HEIGHT="75" STYLEREFS="font0"/></TextLine><TextLine WIDTH="978" HEIGHT="75" ID="p609_t62" HPOS="182" VPOS="2940"><String ID="p609_w471" CONTENT="to" HPOS="182" VPOS="2940" WIDTH="35" HEIGHT="75" STYLEREFS="font0"/><SP WIDTH="26" VPOS="2940" HPOS="217"/><String ID="p609_w472" CONTENT="keep" HPOS="243" VPOS="2940" WIDTH="80" HEIGHT="75" STYLEREFS="font0"/><SP WIDTH="17" VPOS="2940" HPOS="323"/><String ID="p609_w473" CONTENT="a" HPOS="340" VPOS="2940" WIDTH="19" HEIGHT="75" STYLEREFS="font0"/><SP WIDTH="15" VPOS="2940" HPOS="359"/><String ID="p609_w474" CONTENT="Conftant" HPOS="374" VPOS="2940" WIDTH="139" HEIGHT="75" STYLEREFS="font0"/><SP WIDTH="23" VPOS="2940" HPOS="513"/><String ID="p609_w475" CONTENT="moderate" HPOS="536" VPOS="2940" WIDTH="163" HEIGHT="75" STYLEREFS="font0"/><SP WIDTH="26" VPOS="2940" HPOS="699"/><String ID="p609_w476" CONTENT="heat" HPOS="725" VPOS="2940" WIDTH="75" HEIGHT="75" STYLEREFS="font0"/><SP WIDTH="23" VPOS="2940" HPOS="800"/><String ID="p609_w477" CONTENT="for" HPOS="823" VPOS="2940" WIDTH="52" HEIGHT="75" STYLEREFS="font0"/><SP WIDTH="27" VPOS="2940" HPOS="875"/><String ID="p609_w478" CONTENT="a" HPOS="902" VPOS="2940" WIDTH="19" HEIGHT="75" STYLEREFS="font0"/><SP WIDTH="27" VPOS="2940" HPOS="921"/><String ID="p609_w479" CONTENT="confiderable" HPOS="948" VPOS="2940" WIDTH="212" HEIGHT="75" STYLEREFS="font0"/></TextLine><TextLine WIDTH="976" HEIGHT="75" ID="p609_t63" HPOS="182" VPOS="2986"><String ID="p609_w480" CONTENT="time," HPOS="182" VPOS="2986" WIDTH="88" HEIGHT="75" STYLEREFS="font0"/><SP WIDTH="29" VPOS="2986" HPOS="270"/><String ID="p609_w481" CONTENT="which" HPOS="299" VPOS="2986" WIDTH="103" HEIGHT="75" STYLEREFS="font0"/><SP WIDTH="18" VPOS="2986" HPOS="402"/><String ID="p609_w482" CONTENT="may" HPOS="420" VPOS="2986" WIDTH="71" HEIGHT="75" STYLEREFS="font0"/><SP WIDTH="17" VPOS="2986" HPOS="491"/><String ID="p609_w483" CONTENT="be" HPOS="508" VPOS="2986" WIDTH="39" HEIGHT="75" STYLEREFS="font0"/><SP WIDTH="16" VPOS="2986" HPOS="547"/><String ID="p609_w484" CONTENT="increafed" HPOS="563" VPOS="2986" WIDTH="161" HEIGHT="75" STYLEREFS="font0"/><SP WIDTH="15" VPOS="2986" HPOS="724"/><String ID="p609_w485" CONTENT="or" HPOS="739" VPOS="2986" WIDTH="37" HEIGHT="75" STYLEREFS="font0"/><SP WIDTH="22" VPOS="2986" HPOS="776"/><String ID="p609_w486" CONTENT="diminiflied" HPOS="798" VPOS="2986" WIDTH="186" HEIGHT="75" STYLEREFS="font0"/><SP WIDTH="27" VPOS="2986" HPOS="984"/><String ID="p609_w487" CONTENT="at" HPOS="1011" VPOS="2986" WIDTH="33" HEIGHT="75" STYLEREFS="font0"/><SP WIDTH="27" VPOS="2986" HPOS="1044"/><String ID="p609_w488" CONTENT="plea-" HPOS="1071" VPOS="2986" WIDTH="87" HEIGHT="75" STYLEREFS="font0"/></TextLine><TextLine WIDTH="399" HEIGHT="81" ID="p609_t64" HPOS="229" VPOS="3034"><String ID="p609_w489" CONTENT="Vol." HPOS="229" VPOS="3034" WIDTH="95" HEIGHT="75" STYLEREFS="font0"/><SP WIDTH="18" VPOS="3034" HPOS="324"/><String ID="p609_w490" CONTENT="I." HPOS="342" VPOS="3034" WIDTH="31" HEIGHT="75" STYLEREFS="font0"/><SP WIDTH="39" VPOS="3034" HPOS="373"/><String ID="p609_w491" CONTENT="Numb." HPOS="412" VPOS="3034" WIDTH="125" HEIGHT="75" STYLEREFS="font0"/><SP WIDTH="21" VPOS="3034" HPOS="537"/><String ID="p609_w492" CONTENT="2\" HPOS="558" VPOS="3034" WIDTH="39" HEIGHT="75" STYLEREFS="font0"/><String ID="p609_w493" CONTENT="y" HPOS="597" VPOS="3066" WIDTH="31" HEIGHT="49" STYLEREFS="font1"/></TextLine><TextLine WIDTH="18" HEIGHT="75" ID="p609_t65" HPOS="1044" VPOS="3034"><String ID="p609_w494" CONTENT="3" HPOS="1044" VPOS="3034" WIDTH="18" HEIGHT="75" STYLEREFS="font0"/></TextLine><TextLine WIDTH="19" HEIGHT="75" ID="p609_t66" HPOS="1289" VPOS="141"><String ID="p609_w495" CONTENT=")" HPOS="1289" VPOS="141" WIDTH="19" HEIGHT="75" STYLEREFS="font0"/></TextLine><TextLine WIDTH="236" HEIGHT="75" ID="p609_t67" HPOS="1626" VPOS="141"><String ID="p609_w496" CONTENT="A" HPOS="1626" VPOS="141" WIDTH="42" HEIGHT="75" STYLEREFS="font0"/><SP WIDTH="56" VPOS="141" HPOS="1668"/><String ID="p609_w497" CONTENT="T" HPOS="1724" VPOS="141" WIDTH="38" HEIGHT="75" STYLEREFS="font0"/><SP WIDTH="59" VPOS="141" HPOS="1762"/><String ID="p609_w498" CONTENT="H" HPOS="1821" VPOS="141" WIDTH="41" HEIGHT="75" STYLEREFS="font0"/></TextLine><TextLine WIDTH="999" HEIGHT="75" ID="p609_t68" HPOS="1271" VPOS="204"><String ID="p609_w499" CONTENT="fure" HPOS="1271" VPOS="204" WIDTH="71" HEIGHT="75" STYLEREFS="font0"/><SP WIDTH="16" VPOS="204" HPOS="1342"/><String ID="p609_w500" CONTENT="by" HPOS="1358" VPOS="204" WIDTH="44" HEIGHT="75" STYLEREFS="font0"/><SP WIDTH="19" VPOS="204" HPOS="1402"/><String ID="p609_w501" CONTENT="{hutting" HPOS="1421" VPOS="204" WIDTH="141" HEIGHT="75" STYLEREFS="font0"/><SP WIDTH="16" VPOS="204" HPOS="1562"/><String ID="p609_w502" CONTENT="the" HPOS="1578" VPOS="204" WIDTH="55" HEIGHT="75" STYLEREFS="font0"/><SP WIDTH="15" VPOS="204" HPOS="1633"/><String ID="p609_w503" CONTENT="regifters." HPOS="1648" VPOS="204" WIDTH="160" HEIGHT="75" STYLEREFS="font0"/><SP WIDTH="51" VPOS="204" HPOS="1808"/><String ID="p609_w504" CONTENT="See" HPOS="1859" VPOS="204" WIDTH="61" HEIGHT="75" STYLEREFS="font0"/><SP WIDTH="17" VPOS="204" HPOS="1920"/><String ID="p609_w505" CONTENT="Chemistry," HPOS="1937" VPOS="204" WIDTH="249" HEIGHT="75" STYLEREFS="font0"/><SP WIDTH="30" VPOS="204" HPOS="2186"/><String ID="p609_w506" CONTENT="Of" HPOS="2216" VPOS="204" WIDTH="54" HEIGHT="75" STYLEREFS="font0"/></TextLine><TextLine WIDTH="178" HEIGHT="75" ID="p609_t69" HPOS="1261" VPOS="251"><String ID="p609_w507" CONTENT="furnaces." HPOS="1261" VPOS="251" WIDTH="178" HEIGHT="75" STYLEREFS="font0"/></TextLine><TextLine WIDTH="1035" HEIGHT="75" ID="p609_t70" HPOS="1223" VPOS="299"><String ID="p609_w508" CONTENT="ATHEIST," HPOS="1223" VPOS="299" WIDTH="230" HEIGHT="75" STYLEREFS="font0"/><SP WIDTH="19" VPOS="299" HPOS="1453"/><String ID="p609_w509" CONTENT="a" HPOS="1472" VPOS="299" WIDTH="18" HEIGHT="75" STYLEREFS="font0"/><SP WIDTH="16" VPOS="299" HPOS="1490"/><String ID="p609_w510" CONTENT="perfon" HPOS="1506" VPOS="299" WIDTH="112" HEIGHT="75" STYLEREFS="font0"/><SP WIDTH="17" VPOS="299" HPOS="1618"/><String ID="p609_w511" CONTENT="who" HPOS="1635" VPOS="299" WIDTH="74" HEIGHT="75" STYLEREFS="font0"/><SP WIDTH="17" VPOS="299" HPOS="1709"/><String ID="p609_w512" CONTENT="does" HPOS="1726" VPOS="299" WIDTH="77" HEIGHT="75" STYLEREFS="font0"/><SP WIDTH="17" VPOS="299" HPOS="1803"/><String ID="p609_w513" CONTENT="not" HPOS="1820" VPOS="299" WIDTH="57" HEIGHT="75" STYLEREFS="font0"/><SP WIDTH="16" VPOS="299" HPOS="1877"/><String ID="p609_w514" CONTENT="believe" HPOS="1893" VPOS="299" WIDTH="121" HEIGHT="75" STYLEREFS="font0"/><SP WIDTH="19" VPOS="299" HPOS="2014"/><String ID="p609_w515" CONTENT="the" HPOS="2033" VPOS="299" WIDTH="55" HEIGHT="75" STYLEREFS="font0"/><SP WIDTH="11" VPOS="299" HPOS="2088"/><String ID="p609_w516" CONTENT="exiftence" HPOS="2099" VPOS="299" WIDTH="159" HEIGHT="75" STYLEREFS="font0"/></TextLine><TextLine WIDTH="984" HEIGHT="75" ID="p609_t71" HPOS="1272" VPOS="343"><String ID="p609_w517" CONTENT="of" HPOS="1272" VPOS="343" WIDTH="40" HEIGHT="75" STYLEREFS="font0"/><SP WIDTH="16" VPOS="343" HPOS="1312"/><String ID="p609_w518" CONTENT="a" HPOS="1328" VPOS="343" WIDTH="18" HEIGHT="75" STYLEREFS="font0"/><SP WIDTH="17" VPOS="343" HPOS="1346"/><String ID="p609_w519" CONTENT="Deity." HPOS="1363" VPOS="343" WIDTH="116" HEIGHT="75" STYLEREFS="font0"/><SP WIDTH="50" VPOS="343" HPOS="1479"/><String ID="p609_w520" CONTENT="Many" HPOS="1529" VPOS="343" WIDTH="104" HEIGHT="75" STYLEREFS="font0"/><SP WIDTH="16" VPOS="343" HPOS="1633"/><String ID="p609_w521" CONTENT="people," HPOS="1649" VPOS="343" WIDTH="126" HEIGHT="75" STYLEREFS="font0"/><SP WIDTH="18" VPOS="343" HPOS="1775"/><String ID="p609_w522" CONTENT="both" HPOS="1793" VPOS="343" WIDTH="81" HEIGHT="75" STYLEREFS="font0"/><SP WIDTH="17" VPOS="343" HPOS="1874"/><String ID="p609_w523" CONTENT="ancient" HPOS="1891" VPOS="343" WIDTH="125" HEIGHT="75" STYLEREFS="font0"/><SP WIDTH="17" VPOS="343" HPOS="2016"/><String ID="p609_w524" CONTENT="and" HPOS="2033" VPOS="343" WIDTH="62" HEIGHT="75" STYLEREFS="font0"/><SP WIDTH="15" VPOS="343" HPOS="2095"/><String ID="p609_w525" CONTENT="modern," HPOS="2110" VPOS="343" WIDTH="146" HEIGHT="75" STYLEREFS="font0"/></TextLine><TextLine WIDTH="985" HEIGHT="75" ID="p609_t72" HPOS="1269" VPOS="390"><String ID="p609_w526" CONTENT="have" HPOS="1269" VPOS="390" WIDTH="82" HEIGHT="75" STYLEREFS="font0"/><SP WIDTH="17" VPOS="390" HPOS="1351"/><String ID="p609_w527" CONTENT="pretended" HPOS="1368" VPOS="390" WIDTH="175" HEIGHT="75" STYLEREFS="font0"/><SP WIDTH="26" VPOS="390" HPOS="1543"/><String ID="p609_w528" CONTENT="to" HPOS="1569" VPOS="390" WIDTH="34" HEIGHT="75" STYLEREFS="font0"/><SP WIDTH="18" VPOS="390" HPOS="1603"/><String ID="p609_w529" CONTENT="atheifm," HPOS="1621" VPOS="390" WIDTH="146" HEIGHT="75" STYLEREFS="font0"/><SP WIDTH="29" VPOS="390" HPOS="1767"/><String ID="p609_w530" CONTENT="or" HPOS="1796" VPOS="390" WIDTH="37" HEIGHT="75" STYLEREFS="font0"/><SP WIDTH="16" VPOS="390" HPOS="1833"/><String ID="p609_w531" CONTENT="have" HPOS="1849" VPOS="390" WIDTH="81" HEIGHT="75" STYLEREFS="font0"/><SP WIDTH="17" VPOS="390" HPOS="1930"/><String ID="p609_w532" CONTENT="been" HPOS="1947" VPOS="390" WIDTH="81" HEIGHT="75" STYLEREFS="font0"/><SP WIDTH="18" VPOS="390" HPOS="2028"/><String ID="p609_w533" CONTENT="reckoned" HPOS="2046" VPOS="390" WIDTH="159" HEIGHT="75" STYLEREFS="font0"/><SP WIDTH="17" VPOS="390" HPOS="2205"/><String ID="p609_w534" CONTENT="a-" HPOS="2222" VPOS="390" WIDTH="32" HEIGHT="75" STYLEREFS="font0"/></TextLine><TextLine WIDTH="984" HEIGHT="75" ID="p609_t73" HPOS="1270" VPOS="437"><String ID="p609_w535" CONTENT="theifts" HPOS="1270" VPOS="437" WIDTH="108" HEIGHT="75" STYLEREFS="font0"/><SP WIDTH="18" VPOS="437" HPOS="1378"/><String ID="p609_w536" CONTENT="by" HPOS="1396" VPOS="437" WIDTH="42" HEIGHT="75" STYLEREFS="font0"/><SP WIDTH="17" VPOS="437" HPOS="1438"/><String ID="p609_w537" CONTENT="the" HPOS="1455" VPOS="437" WIDTH="56" HEIGHT="75" STYLEREFS="font0"/><SP WIDTH="17" VPOS="437" HPOS="1511"/><String ID="p609_w538" CONTENT="world" HPOS="1528" VPOS="437" WIDTH="102" HEIGHT="75" STYLEREFS="font0"/><SP WIDTH="15" VPOS="437" HPOS="1630"/><String ID="p609_w539" CONTENT=";" HPOS="1645" VPOS="437" WIDTH="10" HEIGHT="75" STYLEREFS="font0"/><SP WIDTH="27" VPOS="437" HPOS="1655"/><String ID="p609_w540" CONTENT="but" HPOS="1682" VPOS="437" WIDTH="58" HEIGHT="75" STYLEREFS="font0"/><SP WIDTH="22" VPOS="437" HPOS="1740"/><String ID="p609_w541" CONTENT="it" HPOS="1762" VPOS="437" WIDTH="26" HEIGHT="75" STYLEREFS="font0"/><SP WIDTH="24" VPOS="437" HPOS="1788"/><String ID="p609_w542" CONTENT="is" HPOS="1812" VPOS="437" WIDTH="26" HEIGHT="75" STYLEREFS="font0"/><SP WIDTH="14" VPOS="437" HPOS="1838"/><String ID="p609_w543" CONTENT="juftly" HPOS="1852" VPOS="437" WIDTH="100" HEIGHT="75" STYLEREFS="font0"/><SP WIDTH="16" VPOS="437" HPOS="1952"/><String ID="p609_w544" CONTENT="queftioned" HPOS="1968" VPOS="437" WIDTH="184" HEIGHT="75" STYLEREFS="font0"/><SP WIDTH="16" VPOS="437" HPOS="2152"/><String ID="p609_w545" CONTENT="whe-" HPOS="2168" VPOS="437" WIDTH="86" HEIGHT="75" STYLEREFS="font0"/></TextLine><TextLine WIDTH="987" HEIGHT="75" ID="p609_t74" HPOS="1269" VPOS="483"><String ID="p609_w546" CONTENT="ther" HPOS="1269" VPOS="483" WIDTH="72" HEIGHT="75" STYLEREFS="font0"/><SP WIDTH="17" VPOS="483" HPOS="1341"/><String ID="p609_w547" CONTENT="any" HPOS="1358" VPOS="483" WIDTH="62" HEIGHT="75" STYLEREFS="font0"/><SP WIDTH="15" VPOS="483" HPOS="1420"/><String ID="p609_w548" CONTENT="man" HPOS="1435" VPOS="483" WIDTH="73" HEIGHT="75" STYLEREFS="font0"/><SP WIDTH="18" VPOS="483" HPOS="1508"/><String ID="p609_w549" CONTENT="ferioufty" HPOS="1526" VPOS="483" WIDTH="149" HEIGHT="75" STYLEREFS="font0"/><SP WIDTH="11" VPOS="483" HPOS="1675"/><String ID="p609_w550" CONTENT="adopted" HPOS="1686" VPOS="483" WIDTH="140" HEIGHT="75" STYLEREFS="font0"/><SP WIDTH="12" VPOS="483" HPOS="1826"/><String ID="p609_w551" CONTENT="fuch" HPOS="1838" VPOS="483" WIDTH="76" HEIGHT="75" STYLEREFS="font0"/><SP WIDTH="13" VPOS="483" HPOS="1914"/><String ID="p609_w552" CONTENT="a" HPOS="1927" VPOS="483" WIDTH="19" HEIGHT="75" STYLEREFS="font0"/><SP WIDTH="11" VPOS="483" HPOS="1946"/><String ID="p609_w553" CONTENT="principle." HPOS="1957" VPOS="483" WIDTH="165" HEIGHT="75" STYLEREFS="font0"/><SP WIDTH="24" VPOS="483" HPOS="2122"/><String ID="p609_w554" CONTENT="Thefe" HPOS="2146" VPOS="483" WIDTH="110" HEIGHT="75" STYLEREFS="font0"/></TextLine><TextLine WIDTH="989" HEIGHT="75" ID="p609_t75" HPOS="1266" VPOS="531"><String ID="p609_w555" CONTENT="pretenfions," HPOS="1266" VPOS="531" WIDTH="206" HEIGHT="75" STYLEREFS="font0"/><SP WIDTH="28" VPOS="531" HPOS="1472"/><String ID="p609_w556" CONTENT="therefore," HPOS="1500" VPOS="531" WIDTH="175" HEIGHT="75" STYLEREFS="font0"/><SP WIDTH="26" VPOS="531" HPOS="1675"/><String ID="p609_w557" CONTENT="muft" HPOS="1701" VPOS="531" WIDTH="80" HEIGHT="75" STYLEREFS="font0"/><SP WIDTH="24" VPOS="531" HPOS="1781"/><String ID="p609_w558" CONTENT="be" HPOS="1805" VPOS="531" WIDTH="39" HEIGHT="75" STYLEREFS="font0"/><SP WIDTH="26" VPOS="531" HPOS="1844"/><String ID="p609_w559" CONTENT="founded" HPOS="1870" VPOS="531" WIDTH="143" HEIGHT="75" STYLEREFS="font0"/><SP WIDTH="24" VPOS="531" HPOS="2013"/><String ID="p609_w560" CONTENT="on" HPOS="2037" VPOS="531" WIDTH="41" HEIGHT="75" STYLEREFS="font0"/><SP WIDTH="24" VPOS="531" HPOS="2078"/><String ID="p609_w561" CONTENT="pride" HPOS="2102" VPOS="531" WIDTH="90" HEIGHT="75" STYLEREFS="font0"/><SP WIDTH="24" VPOS="531" HPOS="2192"/><String ID="p609_w562" CONTENT="or" HPOS="2216" VPOS="531" WIDTH="39" HEIGHT="75" STYLEREFS="font0"/></TextLine><TextLine WIDTH="193" HEIGHT="75" ID="p609_t76" HPOS="1268" VPOS="576"><String ID="p609_w563" CONTENT="affe&amp;ation." HPOS="1268" VPOS="576" WIDTH="193" HEIGHT="75" STYLEREFS="font0"/></TextLine><TextLine WIDTH="1035" HEIGHT="75" ID="p609_t77" HPOS="1219" VPOS="624"><String ID="p609_w564" CONTENT="ATHELING," HPOS="1219" VPOS="624" WIDTH="274" HEIGHT="75" STYLEREFS="font0"/><SP WIDTH="36" VPOS="624" HPOS="1493"/><String ID="p609_w565" CONTENT="Adeling," HPOS="1529" VPOS="624" WIDTH="198" HEIGHT="75" STYLEREFS="font0"/><SP WIDTH="37" VPOS="624" HPOS="1727"/><String ID="p609_w566" CONTENT="Edling," HPOS="1764" VPOS="624" WIDTH="171" HEIGHT="75" STYLEREFS="font0"/><SP WIDTH="36" VPOS="624" HPOS="1935"/><String ID="p609_w567" CONTENT="Ethling," HPOS="1971" VPOS="624" WIDTH="200" HEIGHT="75" STYLEREFS="font0"/><SP WIDTH="45" VPOS="624" HPOS="2171"/><String ID="p609_w568" CONTENT="or" HPOS="2216" VPOS="624" WIDTH="38" HEIGHT="75" STYLEREFS="font0"/></TextLine><TextLine WIDTH="988" HEIGHT="75" ID="p609_t78" HPOS="1267" VPOS="671"><String ID="p609_w569" CONTENT="Etheling," HPOS="1267" VPOS="671" WIDTH="225" HEIGHT="75" STYLEREFS="font0"/><SP WIDTH="26" VPOS="671" HPOS="1492"/><String ID="p609_w570" CONTENT="among" HPOS="1518" VPOS="671" WIDTH="116" HEIGHT="75" STYLEREFS="font0"/><SP WIDTH="16" VPOS="671" HPOS="1634"/><String ID="p609_w571" CONTENT="our" HPOS="1650" VPOS="671" WIDTH="59" HEIGHT="75" STYLEREFS="font0"/><SP WIDTH="18" VPOS="671" HPOS="1709"/><String ID="p609_w572" CONTENT="Saxon" HPOS="1727" VPOS="671" WIDTH="110" HEIGHT="75" STYLEREFS="font0"/><SP WIDTH="29" VPOS="671" HPOS="1837"/><String ID="p609_w573" CONTENT="anceftors," HPOS="1866" VPOS="671" WIDTH="169" HEIGHT="75" STYLEREFS="font0"/><SP WIDTH="25" VPOS="671" HPOS="2035"/><String ID="p609_w574" CONTENT="was" HPOS="2060" VPOS="671" WIDTH="65" HEIGHT="75" STYLEREFS="font0"/><SP WIDTH="24" VPOS="671" HPOS="2125"/><String ID="p609_w575" CONTENT="a" HPOS="2149" VPOS="671" WIDTH="18" HEIGHT="75" STYLEREFS="font0"/><SP WIDTH="15" VPOS="671" HPOS="2167"/><String ID="p609_w576" CONTENT="title" HPOS="2182" VPOS="671" WIDTH="73" HEIGHT="75" STYLEREFS="font0"/></TextLine><TextLine WIDTH="988" HEIGHT="75" ID="p609_t79" HPOS="1267" VPOS="719"><String ID="p609_w577" CONTENT="of" HPOS="1267" VPOS="719" WIDTH="39" HEIGHT="75" STYLEREFS="font0"/><SP WIDTH="10" VPOS="719" HPOS="1306"/><String ID="p609_w578" CONTENT="honour" HPOS="1316" VPOS="719" WIDTH="127" HEIGHT="75" STYLEREFS="font0"/><SP WIDTH="17" VPOS="719" HPOS="1443"/><String ID="p609_w579" CONTENT="properly" HPOS="1460" VPOS="719" WIDTH="149" HEIGHT="75" STYLEREFS="font0"/><SP WIDTH="17" VPOS="719" HPOS="1609"/><String ID="p609_w580" CONTENT="belonging" HPOS="1626" VPOS="719" WIDTH="171" HEIGHT="75" STYLEREFS="font0"/><SP WIDTH="17" VPOS="719" HPOS="1797"/><String ID="p609_w581" CONTENT="to" HPOS="1814" VPOS="719" WIDTH="36" HEIGHT="75" STYLEREFS="font0"/><SP WIDTH="16" VPOS="719" HPOS="1850"/><String ID="p609_w582" CONTENT="the" HPOS="1866" VPOS="719" WIDTH="55" HEIGHT="75" STYLEREFS="font0"/><SP WIDTH="16" VPOS="719" HPOS="1921"/><String ID="p609_w583" CONTENT="heir" HPOS="1937" VPOS="719" WIDTH="71" HEIGHT="75" STYLEREFS="font0"/><SP WIDTH="16" VPOS="719" HPOS="2008"/><String ID="p609_w584" CONTENT="apparent," HPOS="2024" VPOS="719" WIDTH="163" HEIGHT="75" STYLEREFS="font0"/><SP WIDTH="29" VPOS="719" HPOS="2187"/><String ID="p609_w585" CONTENT="or" HPOS="2216" VPOS="719" WIDTH="39" HEIGHT="75" STYLEREFS="font0"/></TextLine><TextLine WIDTH="988" HEIGHT="75" ID="p609_t80" HPOS="1265" VPOS="763"><String ID="p609_w586" CONTENT="prefumptive," HPOS="1265" VPOS="763" WIDTH="225" HEIGHT="75" STYLEREFS="font0"/><SP WIDTH="24" VPOS="763" HPOS="1490"/><String ID="p609_w587" CONTENT="to" HPOS="1514" VPOS="763" WIDTH="36" HEIGHT="75" STYLEREFS="font0"/><SP WIDTH="18" VPOS="763" HPOS="1550"/><String ID="p609_w588" CONTENT="the" HPOS="1568" VPOS="763" WIDTH="55" HEIGHT="75" STYLEREFS="font0"/><SP WIDTH="17" VPOS="763" HPOS="1623"/><String ID="p609_w589" CONTENT="crown." HPOS="1640" VPOS="763" WIDTH="120" HEIGHT="75" STYLEREFS="font0"/><SP WIDTH="56" VPOS="763" HPOS="1760"/><String ID="p609_w590" CONTENT="This" HPOS="1816" VPOS="763" WIDTH="86" HEIGHT="75" STYLEREFS="font0"/><SP WIDTH="28" VPOS="763" HPOS="1902"/><String ID="p609_w591" CONTENT="honourable" HPOS="1930" VPOS="763" WIDTH="198" HEIGHT="75" STYLEREFS="font0"/><SP WIDTH="16" VPOS="763" HPOS="2128"/><String ID="p609_w592" CONTENT="appel-" HPOS="2144" VPOS="763" WIDTH="109" HEIGHT="75" STYLEREFS="font0"/></TextLine><TextLine WIDTH="987" HEIGHT="75" ID="p609_t81" HPOS="1266" VPOS="810"><String ID="p609_w593" CONTENT="lation" HPOS="1266" VPOS="810" WIDTH="99" HEIGHT="75" STYLEREFS="font0"/><SP WIDTH="17" VPOS="810" HPOS="1365"/><String ID="p609_w594" CONTENT="was" HPOS="1382" VPOS="810" WIDTH="64" HEIGHT="75" STYLEREFS="font0"/><SP WIDTH="17" VPOS="810" HPOS="1446"/><String ID="p609_w595" CONTENT="firft" HPOS="1463" VPOS="810" WIDTH="63" HEIGHT="75" STYLEREFS="font0"/><SP WIDTH="18" VPOS="810" HPOS="1526"/><String ID="p609_w596" CONTENT="conferred" HPOS="1544" VPOS="810" WIDTH="167" HEIGHT="75" STYLEREFS="font0"/><SP WIDTH="15" VPOS="810" HPOS="1711"/><String ID="p609_w597" CONTENT="by" HPOS="1726" VPOS="810" WIDTH="43" HEIGHT="75" STYLEREFS="font0"/><SP WIDTH="16" VPOS="810" HPOS="1769"/><String ID="p609_w598" CONTENT="king" HPOS="1785" VPOS="810" WIDTH="77" HEIGHT="75" STYLEREFS="font0"/><SP WIDTH="16" VPOS="810" HPOS="1862"/><String ID="p609_w599" CONTENT="Edward" HPOS="1878" VPOS="810" WIDTH="144" HEIGHT="75" STYLEREFS="font0"/><SP WIDTH="24" VPOS="810" HPOS="2022"/><String ID="p609_w600" CONTENT="the" HPOS="2046" VPOS="810" WIDTH="54" HEIGHT="75" STYLEREFS="font0"/><SP WIDTH="17" VPOS="810" HPOS="2100"/><String ID="p609_w601" CONTENT="Confef-" HPOS="2117" VPOS="810" WIDTH="136" HEIGHT="75" STYLEREFS="font0"/></TextLine><TextLine WIDTH="987" HEIGHT="75" ID="p609_t82" HPOS="1264" VPOS="855"><String ID="p609_w602" CONTENT="for" HPOS="1264" VPOS="855" WIDTH="51" HEIGHT="75" STYLEREFS="font0"/><SP WIDTH="24" VPOS="855" HPOS="1315"/><String ID="p609_w603" CONTENT="on" HPOS="1339" VPOS="855" WIDTH="41" HEIGHT="75" STYLEREFS="font0"/><SP WIDTH="15" VPOS="855" HPOS="1380"/><String ID="p609_w604" CONTENT="Edgar," HPOS="1395" VPOS="855" WIDTH="124" HEIGHT="75" STYLEREFS="font0"/><SP WIDTH="26" VPOS="855" HPOS="1519"/><String ID="p609_w605" CONTENT="to" HPOS="1545" VPOS="855" WIDTH="35" HEIGHT="75" STYLEREFS="font0"/><SP WIDTH="25" VPOS="855" HPOS="1580"/><String ID="p609_w606" CONTENT="whom" HPOS="1605" VPOS="855" WIDTH="107" HEIGHT="75" STYLEREFS="font0"/><SP WIDTH="27" VPOS="855" HPOS="1712"/><String ID="p609_w607" CONTENT="he" HPOS="1739" VPOS="855" WIDTH="41" HEIGHT="75" STYLEREFS="font0"/><SP WIDTH="28" VPOS="855" HPOS="1780"/><String ID="p609_w608" CONTENT="was" HPOS="1808" VPOS="855" WIDTH="67" HEIGHT="75" STYLEREFS="font0"/><SP WIDTH="31" VPOS="855" HPOS="1875"/><String ID="p609_w609" CONTENT="great" HPOS="1906" VPOS="855" WIDTH="91" HEIGHT="75" STYLEREFS="font0"/><SP WIDTH="17" VPOS="855" HPOS="1997"/><String ID="p609_w610" CONTENT="uncle," HPOS="2014" VPOS="855" WIDTH="105" HEIGHT="75" STYLEREFS="font0"/><SP WIDTH="25" VPOS="855" HPOS="2119"/><String ID="p609_w611" CONTENT="when," HPOS="2144" VPOS="855" WIDTH="107" HEIGHT="75" STYLEREFS="font0"/></TextLine><TextLine WIDTH="987" HEIGHT="75" ID="p609_t83" HPOS="1266" VPOS="902"><String ID="p609_w612" CONTENT="being" HPOS="1266" VPOS="902" WIDTH="94" HEIGHT="75" STYLEREFS="font0"/><SP WIDTH="16" VPOS="902" HPOS="1360"/><String ID="p609_w613" CONTENT="without" HPOS="1376" VPOS="902" WIDTH="137" HEIGHT="75" STYLEREFS="font0"/><SP WIDTH="24" VPOS="902" HPOS="1513"/><String ID="p609_w614" CONTENT="any" HPOS="1537" VPOS="902" WIDTH="62" HEIGHT="75" STYLEREFS="font0"/><SP WIDTH="16" VPOS="902" HPOS="1599"/><String ID="p609_w615" CONTENT="iffue" HPOS="1615" VPOS="902" WIDTH="77" HEIGHT="75" STYLEREFS="font0"/><SP WIDTH="27" VPOS="902" HPOS="1692"/><String ID="p609_w616" CONTENT="of" HPOS="1719" VPOS="902" WIDTH="40" HEIGHT="75" STYLEREFS="font0"/><SP WIDTH="22" VPOS="902" HPOS="1759"/><String ID="p609_w617" CONTENT="his" HPOS="1781" VPOS="902" WIDTH="50" HEIGHT="75" STYLEREFS="font0"/><SP WIDTH="28" VPOS="902" HPOS="1831"/><String ID="p609_w618" CONTENT="own," HPOS="1859" VPOS="902" WIDTH="85" HEIGHT="75" STYLEREFS="font0"/><SP WIDTH="26" VPOS="902" HPOS="1944"/><String ID="p609_w619" CONTENT="he" HPOS="1970" VPOS="902" WIDTH="41" HEIGHT="75" STYLEREFS="font0"/><SP WIDTH="26" VPOS="902" HPOS="2011"/><String ID="p609_w620" CONTENT="intended" HPOS="2037" VPOS="902" WIDTH="153" HEIGHT="75" STYLEREFS="font0"/><SP WIDTH="26" VPOS="902" HPOS="2190"/><String ID="p609_w621" CONTENT="to" HPOS="2216" VPOS="902" WIDTH="37" HEIGHT="75" STYLEREFS="font0"/></TextLine><TextLine WIDTH="340" HEIGHT="75" ID="p609_t84" HPOS="1265" VPOS="949"><String ID="p609_w622" CONTENT="make" HPOS="1265" VPOS="949" WIDTH="91" HEIGHT="75" STYLEREFS="font0"/><SP WIDTH="17" VPOS="949" HPOS="1356"/><String ID="p609_w623" CONTENT="him" HPOS="1373" VPOS="949" WIDTH="67" HEIGHT="75" STYLEREFS="font0"/><SP WIDTH="16" VPOS="949" HPOS="1440"/><String ID="p609_w624" CONTENT="his" HPOS="1456" VPOS="949" WIDTH="50" HEIGHT="75" STYLEREFS="font0"/><SP WIDTH="17" VPOS="949" HPOS="1506"/><String ID="p609_w625" CONTENT="heir." HPOS="1523" VPOS="949" WIDTH="82" HEIGHT="75" STYLEREFS="font0"/></TextLine><TextLine WIDTH="1034" HEIGHT="75" ID="p609_t85" HPOS="1217" VPOS="997"><String ID="p609_w626" CONTENT="ATHENA," HPOS="1217" VPOS="997" WIDTH="219" HEIGHT="75" STYLEREFS="font0"/><SP WIDTH="24" VPOS="997" HPOS="1436"/><String ID="p609_w627" CONTENT="a" HPOS="1460" VPOS="997" WIDTH="20" HEIGHT="75" STYLEREFS="font0"/><SP WIDTH="26" VPOS="997" HPOS="1480"/><String ID="p609_w628" CONTENT="plafter" HPOS="1506" VPOS="997" WIDTH="114" HEIGHT="75" STYLEREFS="font0"/><SP WIDTH="16" VPOS="997" HPOS="1620"/><String ID="p609_w629" CONTENT="made" HPOS="1636" VPOS="997" WIDTH="93" HEIGHT="75" STYLEREFS="font0"/><SP WIDTH="22" VPOS="997" HPOS="1729"/><String ID="p609_w630" CONTENT="of" HPOS="1751" VPOS="997" WIDTH="41" HEIGHT="75" STYLEREFS="font0"/><SP WIDTH="19" VPOS="997" HPOS="1792"/><String ID="p609_w631" CONTENT="aloes," HPOS="1811" VPOS="997" WIDTH="99" HEIGHT="75" STYLEREFS="font0"/><SP WIDTH="25" VPOS="997" HPOS="1910"/><String ID="p609_w632" CONTENT="myrrh," HPOS="1935" VPOS="997" WIDTH="123" HEIGHT="75" STYLEREFS="font0"/><SP WIDTH="26" VPOS="997" HPOS="2058"/><String ID="p609_w633" CONTENT="and" HPOS="2084" VPOS="997" WIDTH="62" HEIGHT="75" STYLEREFS="font0"/><SP WIDTH="27" VPOS="997" HPOS="2146"/><String ID="p609_w634" CONTENT="gum" HPOS="2173" VPOS="997" WIDTH="78" HEIGHT="75" STYLEREFS="font0"/></TextLine><TextLine WIDTH="985" HEIGHT="75" ID="p609_t86" HPOS="1264" VPOS="1043"><String ID="p609_w635" CONTENT="ammoniac," HPOS="1264" VPOS="1043" WIDTH="187" HEIGHT="75" STYLEREFS="font0"/><SP WIDTH="26" VPOS="1043" HPOS="1451"/><String ID="p609_w636" CONTENT="and" HPOS="1477" VPOS="1043" WIDTH="61" HEIGHT="75" STYLEREFS="font0"/><SP WIDTH="17" VPOS="1043" HPOS="1538"/><String ID="p609_w637" CONTENT="recommended" HPOS="1555" VPOS="1043" WIDTH="244" HEIGHT="75" STYLEREFS="font0"/><SP WIDTH="22" VPOS="1043" HPOS="1799"/><String ID="p609_w638" CONTENT="by" HPOS="1821" VPOS="1043" WIDTH="43" HEIGHT="75" STYLEREFS="font0"/><SP WIDTH="15" VPOS="1043" HPOS="1864"/><String ID="p609_w639" CONTENT="fome" HPOS="1879" VPOS="1043" WIDTH="87" HEIGHT="75" STYLEREFS="font0"/><SP WIDTH="27" VPOS="1043" HPOS="1966"/><String ID="p609_w640" CONTENT="ancient" HPOS="1993" VPOS="1043" WIDTH="125" HEIGHT="75" STYLEREFS="font0"/><SP WIDTH="26" VPOS="1043" HPOS="2118"/><String ID="p609_w641" CONTENT="phyfi-" HPOS="2144" VPOS="1043" WIDTH="105" HEIGHT="75" STYLEREFS="font0"/></TextLine><TextLine WIDTH="519" HEIGHT="75" ID="p609_t87" HPOS="1264" VPOS="1093"><String ID="p609_w642" CONTENT="cians" HPOS="1264" VPOS="1093" WIDTH="84" HEIGHT="75" STYLEREFS="font0"/><SP WIDTH="18" VPOS="1093" HPOS="1348"/><String ID="p609_w643" CONTENT="in" HPOS="1366" VPOS="1093" WIDTH="33" HEIGHT="75" STYLEREFS="font0"/><SP WIDTH="16" VPOS="1093" HPOS="1399"/><String ID="p609_w644" CONTENT="wounds" HPOS="1415" VPOS="1093" WIDTH="133" HEIGHT="75" STYLEREFS="font0"/><SP WIDTH="15" VPOS="1093" HPOS="1548"/><String ID="p609_w645" CONTENT="of" HPOS="1563" VPOS="1093" WIDTH="42" HEIGHT="75" STYLEREFS="font0"/><SP WIDTH="11" VPOS="1093" HPOS="1605"/><String ID="p609_w646" CONTENT="the" HPOS="1616" VPOS="1093" WIDTH="56" HEIGHT="75" STYLEREFS="font0"/><SP WIDTH="15" VPOS="1093" HPOS="1672"/><String ID="p609_w647" CONTENT="head." HPOS="1687" VPOS="1093" WIDTH="96" HEIGHT="75" STYLEREFS="font0"/></TextLine><TextLine WIDTH="1027" HEIGHT="75" ID="p609_t88" HPOS="1217" VPOS="1138"><String ID="p609_w648" CONTENT="ATHENAA," HPOS="1217" VPOS="1138" WIDTH="264" HEIGHT="75" STYLEREFS="font0"/><SP WIDTH="26" VPOS="1138" HPOS="1481"/><String ID="p609_w649" CONTENT="in" HPOS="1507" VPOS="1138" WIDTH="33" HEIGHT="75" STYLEREFS="font0"/><SP WIDTH="28" VPOS="1138" HPOS="1540"/><String ID="p609_w650" CONTENT="Grecian" HPOS="1568" VPOS="1138" WIDTH="143" HEIGHT="75" STYLEREFS="font0"/><SP WIDTH="25" VPOS="1138" HPOS="1711"/><String ID="p609_w651" CONTENT="antiquity*" HPOS="1736" VPOS="1138" WIDTH="173" HEIGHT="75" STYLEREFS="font0"/><SP WIDTH="52" VPOS="1138" HPOS="1909"/><String ID="p609_w652" CONTENT="See" HPOS="1961" VPOS="1138" WIDTH="62" HEIGHT="75" STYLEREFS="font0"/><SP WIDTH="16" VPOS="1138" HPOS="2023"/><String ID="p609_w653" CONTENT="Panathe-" HPOS="2039" VPOS="1138" WIDTH="205" HEIGHT="75" STYLEREFS="font0"/></TextLine><TextLine WIDTH="98" HEIGHT="75" ID="p609_t89" HPOS="1268" VPOS="1181"><String ID="p609_w654" CONTENT="n.ea." HPOS="1268" VPOS="1181" WIDTH="98" HEIGHT="75" STYLEREFS="font0"/></TextLine><TextLine WIDTH="1047" HEIGHT="75" ID="p609_t90" HPOS="1215" VPOS="1230"><String ID="p609_w655" CONTENT="ATHENAEUM," HPOS="1215" VPOS="1230" WIDTH="310" HEIGHT="75" STYLEREFS="font0"/><SP WIDTH="26" VPOS="1230" HPOS="1525"/><String ID="p609_w656" CONTENT="in" HPOS="1551" VPOS="1230" WIDTH="32" HEIGHT="75" STYLEREFS="font0"/><SP WIDTH="28" VPOS="1230" HPOS="1583"/><String ID="p609_w657" CONTENT="antiquity," HPOS="1611" VPOS="1230" WIDTH="171" HEIGHT="75" STYLEREFS="font0"/><SP WIDTH="26" VPOS="1230" HPOS="1782"/><String ID="p609_w658" CONTENT="a" HPOS="1808" VPOS="1230" WIDTH="19" HEIGHT="75" STYLEREFS="font0"/><SP WIDTH="27" VPOS="1230" HPOS="1827"/><String ID="p609_w659" CONTENT="public" HPOS="1854" VPOS="1230" WIDTH="108" HEIGHT="75" STYLEREFS="font0"/><SP WIDTH="28" VPOS="1230" HPOS="1962"/><String ID="p609_w660" CONTENT="place" HPOS="1990" VPOS="1230" WIDTH="90" HEIGHT="75" STYLEREFS="font0"/><SP WIDTH="28" VPOS="1230" HPOS="2080"/><String ID="p609_w661" CONTENT="wherein-" HPOS="2108" VPOS="1230" WIDTH="154" HEIGHT="75" STYLEREFS="font0"/></TextLine><TextLine WIDTH="983" HEIGHT="75" ID="p609_t91" HPOS="1261" VPOS="1274"><String ID="p609_w662" CONTENT="the" HPOS="1261" VPOS="1274" WIDTH="55" HEIGHT="75" STYLEREFS="font0"/><SP WIDTH="16" VPOS="1274" HPOS="1316"/><String ID="p609_w663" CONTENT="profeffors" HPOS="1332" VPOS="1274" WIDTH="169" HEIGHT="75" STYLEREFS="font0"/><SP WIDTH="18" VPOS="1274" HPOS="1501"/><String ID="p609_w664" CONTENT="of" HPOS="1519" VPOS="1274" WIDTH="40" HEIGHT="75" STYLEREFS="font0"/><SP WIDTH="11" VPOS="1274" HPOS="1559"/><String ID="p609_w665" CONTENT="the" HPOS="1570" VPOS="1274" WIDTH="55" HEIGHT="75" STYLEREFS="font0"/><SP WIDTH="17" VPOS="1274" HPOS="1625"/><String ID="p609_w666" CONTENT="liberal" HPOS="1642" VPOS="1274" WIDTH="111" HEIGHT="75" STYLEREFS="font0"/><SP WIDTH="18" VPOS="1274" HPOS="1753"/><String ID="p609_w667" CONTENT="arts" HPOS="1771" VPOS="1274" WIDTH="64" HEIGHT="75" STYLEREFS="font0"/><SP WIDTH="18" VPOS="1274" HPOS="1835"/><String ID="p609_w668" CONTENT="held" HPOS="1853" VPOS="1274" WIDTH="75" HEIGHT="75" STYLEREFS="font0"/><SP WIDTH="17" VPOS="1274" HPOS="1928"/><String ID="p609_w669" CONTENT="their" HPOS="1945" VPOS="1274" WIDTH="84" HEIGHT="75" STYLEREFS="font0"/><SP WIDTH="28" VPOS="1274" HPOS="2029"/><String ID="p609_w670" CONTENT="affemblies," HPOS="2057" VPOS="1274" WIDTH="187" HEIGHT="75" STYLEREFS="font0"/></TextLine><TextLine WIDTH="988" HEIGHT="75" ID="p609_t92" HPOS="1261" VPOS="1321"><String ID="p609_w671" CONTENT="the" HPOS="1261" VPOS="1321" WIDTH="56" HEIGHT="75" STYLEREFS="font0"/><SP WIDTH="24" VPOS="1321" HPOS="1317"/><String ID="p609_w672" CONTENT="rhetoricians" HPOS="1341" VPOS="1321" WIDTH="207" HEIGHT="75" STYLEREFS="font0"/><SP WIDTH="26" VPOS="1321" HPOS="1548"/><String ID="p609_w673" CONTENT="declaimed," HPOS="1574" VPOS="1321" WIDTH="188" HEIGHT="75" STYLEREFS="font0"/><SP WIDTH="32" VPOS="1321" HPOS="1762"/><String ID="p609_w674" CONTENT="and" HPOS="1794" VPOS="1321" WIDTH="63" HEIGHT="75" STYLEREFS="font0"/><SP WIDTH="27" VPOS="1321" HPOS="1857"/><String ID="p609_w675" CONTENT="the" HPOS="1884" VPOS="1321" WIDTH="55" HEIGHT="75" STYLEREFS="font0"/><SP WIDTH="25" VPOS="1321" HPOS="1939"/><String ID="p609_w676" CONTENT="poets" HPOS="1964" VPOS="1321" WIDTH="92" HEIGHT="75" STYLEREFS="font0"/><SP WIDTH="26" VPOS="1321" HPOS="2056"/><String ID="p609_w677" CONTENT="rehearfed" HPOS="2082" VPOS="1321" WIDTH="167" HEIGHT="75" STYLEREFS="font0"/></TextLine><TextLine WIDTH="349" HEIGHT="75" ID="p609_t93" HPOS="1263" VPOS="1367"><String ID="p609_w678" CONTENT="their" HPOS="1263" VPOS="1367" WIDTH="84" HEIGHT="75" STYLEREFS="font0"/><SP WIDTH="16" VPOS="1367" HPOS="1347"/><String ID="p609_w679" CONTENT="performances." HPOS="1363" VPOS="1367" WIDTH="249" HEIGHT="75" STYLEREFS="font0"/></TextLine><TextLine WIDTH="939" HEIGHT="75" ID="p609_t94" HPOS="1309" VPOS="1414"><String ID="p609_w680" CONTENT="Thefe" HPOS="1309" VPOS="1414" WIDTH="108" HEIGHT="75" STYLEREFS="font0"/><SP WIDTH="16" VPOS="1414" HPOS="1417"/><String ID="p609_w681" CONTENT="places," HPOS="1433" VPOS="1414" WIDTH="117" HEIGHT="75" STYLEREFS="font0"/><SP WIDTH="25" VPOS="1414" HPOS="1550"/><String ID="p609_w682" CONTENT="of" HPOS="1575" VPOS="1414" WIDTH="41" HEIGHT="75" STYLEREFS="font0"/><SP WIDTH="11" VPOS="1414" HPOS="1616"/><String ID="p609_w683" CONTENT="which" HPOS="1627" VPOS="1414" WIDTH="104" HEIGHT="75" STYLEREFS="font0"/><SP WIDTH="17" VPOS="1414" HPOS="1731"/><String ID="p609_w684" CONTENT="there" HPOS="1748" VPOS="1414" WIDTH="91" HEIGHT="75" STYLEREFS="font0"/><SP WIDTH="16" VPOS="1414" HPOS="1839"/><String ID="p609_w685" CONTENT="Were" HPOS="1855" VPOS="1414" WIDTH="84" HEIGHT="75" STYLEREFS="font0"/><SP WIDTH="24" VPOS="1414" HPOS="1939"/><String ID="p609_w686" CONTENT="a" HPOS="1963" VPOS="1414" WIDTH="19" HEIGHT="75" STYLEREFS="font0"/><SP WIDTH="26" VPOS="1414" HPOS="1982"/><String ID="p609_w687" CONTENT="great" HPOS="2008" VPOS="1414" WIDTH="89" HEIGHT="75" STYLEREFS="font0"/><SP WIDTH="17" VPOS="1414" HPOS="2097"/><String ID="p609_w688" CONTENT="number" HPOS="2114" VPOS="1414" WIDTH="134" HEIGHT="75" STYLEREFS="font0"/></TextLine><TextLine WIDTH="984" HEIGHT="75" ID="p609_t95" HPOS="1261" VPOS="1460"><String ID="p609_w689" CONTENT="at" HPOS="1261" VPOS="1460" WIDTH="33" HEIGHT="75" STYLEREFS="font0"/><SP WIDTH="16" VPOS="1460" HPOS="1294"/><String ID="p609_w690" CONTENT="Athens," HPOS="1310" VPOS="1460" WIDTH="140" HEIGHT="75" STYLEREFS="font0"/><SP WIDTH="25" VPOS="1460" HPOS="1450"/><String ID="p609_w691" CONTENT="were" HPOS="1475" VPOS="1460" WIDTH="85" HEIGHT="75" STYLEREFS="font0"/><SP WIDTH="12" VPOS="1460" HPOS="1560"/><String ID="p609_w692" CONTENT="built" HPOS="1572" VPOS="1460" WIDTH="82" HEIGHT="75" STYLEREFS="font0"/><SP WIDTH="12" VPOS="1460" HPOS="1654"/><String ID="p609_w693" CONTENT="in" HPOS="1666" VPOS="1460" WIDTH="30" HEIGHT="75" STYLEREFS="font0"/><SP WIDTH="18" VPOS="1460" HPOS="1696"/><String ID="p609_w694" CONTENT="the" HPOS="1714" VPOS="1460" WIDTH="56" HEIGHT="75" STYLEREFS="font0"/><SP WIDTH="17" VPOS="1460" HPOS="1770"/><String ID="p609_w695" CONTENT="manner" HPOS="1787" VPOS="1460" WIDTH="129" HEIGHT="75" STYLEREFS="font0"/><SP WIDTH="16" VPOS="1460" HPOS="1916"/><String ID="p609_w696" CONTENT="of" HPOS="1932" VPOS="1460" WIDTH="40" HEIGHT="75" STYLEREFS="font0"/><SP WIDTH="11" VPOS="1460" HPOS="1972"/><String ID="p609_w697" CONTENT="amphitheatres," HPOS="1983" VPOS="1460" WIDTH="262" HEIGHT="75" STYLEREFS="font0"/></TextLine><TextLine WIDTH="985" HEIGHT="75" ID="p609_t96" HPOS="1261" VPOS="1507"><String ID="p609_w698" CONTENT="encompaffed" HPOS="1261" VPOS="1507" WIDTH="217" HEIGHT="75" STYLEREFS="font0"/><SP WIDTH="16" VPOS="1507" HPOS="1478"/><String ID="p609_w699" CONTENT="with" HPOS="1494" VPOS="1507" WIDTH="77" HEIGHT="75" STYLEREFS="font0"/><SP WIDTH="18" VPOS="1507" HPOS="1571"/><String ID="p609_w700" CONTENT="feats," HPOS="1589" VPOS="1507" WIDTH="94" HEIGHT="75" STYLEREFS="font0"/><SP WIDTH="18" VPOS="1507" HPOS="1683"/><String ID="p609_w701" CONTENT="called" HPOS="1701" VPOS="1507" WIDTH="103" HEIGHT="75" STYLEREFS="font0"/><SP WIDTH="16" VPOS="1507" HPOS="1804"/><String ID="p609_w702" CONTENT="cunei." HPOS="1820" VPOS="1507" WIDTH="106" HEIGHT="75" STYLEREFS="font0"/><SP WIDTH="40" VPOS="1507" HPOS="1926"/><String ID="p609_w703" CONTENT="The" HPOS="1966" VPOS="1507" WIDTH="78" HEIGHT="75" STYLEREFS="font0"/><SP WIDTH="16" VPOS="1507" HPOS="2044"/><String ID="p609_w704" CONTENT="three" HPOS="2060" VPOS="1507" WIDTH="91" HEIGHT="75" STYLEREFS="font0"/><SP WIDTH="17" VPOS="1507" HPOS="2151"/><String ID="p609_w705" CONTENT="moft" HPOS="2168" VPOS="1507" WIDTH="78" HEIGHT="75" STYLEREFS="font0"/></TextLine><TextLine WIDTH="984" HEIGHT="75" ID="p609_t97" HPOS="1261" VPOS="1553"><String ID="p609_w706" CONTENT="celebrated" HPOS="1261" VPOS="1553" WIDTH="181" HEIGHT="75" STYLEREFS="font0"/><SP WIDTH="14" VPOS="1553" HPOS="1442"/><String ID="p609_w707" CONTENT="Athenaea" HPOS="1456" VPOS="1553" WIDTH="160" HEIGHT="75" STYLEREFS="font0"/><SP WIDTH="15" VPOS="1553" HPOS="1616"/><String ID="p609_w708" CONTENT="were" HPOS="1631" VPOS="1553" WIDTH="85" HEIGHT="75" STYLEREFS="font0"/><SP WIDTH="17" VPOS="1553" HPOS="1716"/><String ID="p609_w709" CONTENT="thofe" HPOS="1733" VPOS="1553" WIDTH="90" HEIGHT="75" STYLEREFS="font0"/><SP WIDTH="28" VPOS="1553" HPOS="1823"/><String ID="p609_w710" CONTENT="at" HPOS="1851" VPOS="1553" WIDTH="33" HEIGHT="75" STYLEREFS="font0"/><SP WIDTH="24" VPOS="1553" HPOS="1884"/><String ID="p609_w711" CONTENT="Athens," HPOS="1908" VPOS="1553" WIDTH="140" HEIGHT="75" STYLEREFS="font0"/><SP WIDTH="26" VPOS="1553" HPOS="2048"/><String ID="p609_w712" CONTENT="at" HPOS="2074" VPOS="1553" WIDTH="32" HEIGHT="75" STYLEREFS="font0"/><SP WIDTH="20" VPOS="1553" HPOS="2106"/><String ID="p609_w713" CONTENT="Rome," HPOS="2126" VPOS="1553" WIDTH="119" HEIGHT="75" STYLEREFS="font0"/></TextLine><TextLine WIDTH="986" HEIGHT="75" ID="p609_t98" HPOS="1260" VPOS="1599"><String ID="p609_w714" CONTENT="and" HPOS="1260" VPOS="1599" WIDTH="61" HEIGHT="75" STYLEREFS="font0"/><SP WIDTH="18" VPOS="1599" HPOS="1321"/><String ID="p609_w715" CONTENT="at" HPOS="1339" VPOS="1599" WIDTH="31" HEIGHT="75" STYLEREFS="font0"/><SP WIDTH="25" VPOS="1599" HPOS="1370"/><String ID="p609_w716" CONTENT="Lyons," HPOS="1395" VPOS="1599" WIDTH="125" HEIGHT="75" STYLEREFS="font0"/><SP WIDTH="26" VPOS="1599" HPOS="1520"/><String ID="p609_w717" CONTENT="the" HPOS="1546" VPOS="1599" WIDTH="55" HEIGHT="75" STYLEREFS="font0"/><SP WIDTH="24" VPOS="1599" HPOS="1601"/><String ID="p609_w718" CONTENT="fecond" HPOS="1625" VPOS="1599" WIDTH="117" HEIGHT="75" STYLEREFS="font0"/><SP WIDTH="26" VPOS="1599" HPOS="1742"/><String ID="p609_w719" CONTENT="of" HPOS="1768" VPOS="1599" WIDTH="41" HEIGHT="75" STYLEREFS="font0"/><SP WIDTH="23" VPOS="1599" HPOS="1809"/><String ID="p609_w720" CONTENT="which" HPOS="1832" VPOS="1599" WIDTH="103" HEIGHT="75" STYLEREFS="font0"/><SP WIDTH="17" VPOS="1599" HPOS="1935"/><String ID="p609_w721" CONTENT="was" HPOS="1952" VPOS="1599" WIDTH="64" HEIGHT="75" STYLEREFS="font0"/><SP WIDTH="17" VPOS="1599" HPOS="2016"/><String ID="p609_w722" CONTENT="built" HPOS="2033" VPOS="1599" WIDTH="81" HEIGHT="75" STYLEREFS="font0"/><SP WIDTH="16" VPOS="1599" HPOS="2114"/><String ID="p609_w723" CONTENT="by" HPOS="2130" VPOS="1599" WIDTH="43" HEIGHT="75" STYLEREFS="font0"/><SP WIDTH="16" VPOS="1599" HPOS="2173"/><String ID="p609_w724" CONTENT="the" HPOS="2189" VPOS="1599" WIDTH="57" HEIGHT="75" STYLEREFS="font0"/></TextLine><TextLine WIDTH="299" HEIGHT="75" ID="p609_t99" HPOS="1262" VPOS="1645"><String ID="p609_w725" CONTENT="emperor" HPOS="1262" VPOS="1645" WIDTH="146" HEIGHT="75" STYLEREFS="font0"/><SP WIDTH="16" VPOS="1645" HPOS="1408"/><String ID="p609_w726" CONTENT="Adrian." HPOS="1424" VPOS="1645" WIDTH="137" HEIGHT="75" STYLEREFS="font0"/></TextLine><TextLine WIDTH="1030" HEIGHT="75" ID="p609_t100" HPOS="1213" VPOS="1694"><String ID="p609_w727" CONTENT="ATHENREE," HPOS="1213" VPOS="1694" WIDTH="282" HEIGHT="75" STYLEREFS="font0"/><SP WIDTH="19" VPOS="1694" HPOS="1495"/><String ID="p609_w728" CONTENT="a" HPOS="1514" VPOS="1694" WIDTH="17" HEIGHT="75" STYLEREFS="font0"/><SP WIDTH="17" VPOS="1694" HPOS="1531"/><String ID="p609_w729" CONTENT="town" HPOS="1548" VPOS="1694" WIDTH="86" HEIGHT="75" STYLEREFS="font0"/><SP WIDTH="17" VPOS="1694" HPOS="1634"/><String ID="p609_w730" CONTENT="of" HPOS="1651" VPOS="1694" WIDTH="39" HEIGHT="75" STYLEREFS="font0"/><SP WIDTH="12" VPOS="1694" HPOS="1690"/><String ID="p609_w731" CONTENT="Ireland," HPOS="1702" VPOS="1694" WIDTH="139" HEIGHT="75" STYLEREFS="font0"/><SP WIDTH="20" VPOS="1694" HPOS="1841"/><String ID="p609_w732" CONTENT="in" HPOS="1861" VPOS="1694" WIDTH="30" HEIGHT="75" STYLEREFS="font0"/><SP WIDTH="14" VPOS="1694" HPOS="1891"/><String ID="p609_w733" CONTENT="the" HPOS="1905" VPOS="1694" WIDTH="54" HEIGHT="75" STYLEREFS="font0"/><SP WIDTH="14" VPOS="1694" HPOS="1959"/><String ID="p609_w734" CONTENT="county" HPOS="1973" VPOS="1694" WIDTH="121" HEIGHT="75" STYLEREFS="font0"/><SP WIDTH="15" VPOS="1694" HPOS="2094"/><String ID="p609_w735" CONTENT="of" HPOS="2109" VPOS="1694" WIDTH="39" HEIGHT="75" STYLEREFS="font0"/><SP WIDTH="12" VPOS="1694" HPOS="2148"/><String ID="p609_w736" CONTENT="Gal-" HPOS="2160" VPOS="1694" WIDTH="83" HEIGHT="75" STYLEREFS="font0"/></TextLine><TextLine WIDTH="982" HEIGHT="75" ID="p609_t101" HPOS="1261" VPOS="1738"><String ID="p609_w737" CONTENT="way," HPOS="1261" VPOS="1738" WIDTH="82" HEIGHT="75" STYLEREFS="font0"/><SP WIDTH="26" VPOS="1738" HPOS="1343"/><String ID="p609_w738" CONTENT="and" HPOS="1369" VPOS="1738" WIDTH="62" HEIGHT="75" STYLEREFS="font0"/><SP WIDTH="24" VPOS="1738" HPOS="1431"/><String ID="p609_w739" CONTENT="province" HPOS="1455" VPOS="1738" WIDTH="151" HEIGHT="75" STYLEREFS="font0"/><SP WIDTH="27" VPOS="1738" HPOS="1606"/><String ID="p609_w740" CONTENT="of" HPOS="1633" VPOS="1738" WIDTH="40" HEIGHT="75" STYLEREFS="font0"/><SP WIDTH="20" VPOS="1738" HPOS="1673"/><String ID="p609_w741" CONTENT="Connaught," HPOS="1693" VPOS="1738" WIDTH="207" HEIGHT="75" STYLEREFS="font0"/><SP WIDTH="26" VPOS="1738" HPOS="1900"/><String ID="p609_w742" CONTENT="fituated" HPOS="1926" VPOS="1738" WIDTH="134" HEIGHT="75" STYLEREFS="font0"/><SP WIDTH="16" VPOS="1738" HPOS="2060"/><String ID="p609_w743" CONTENT="about" HPOS="2076" VPOS="1738" WIDTH="97" HEIGHT="75" STYLEREFS="font0"/><SP WIDTH="16" VPOS="1738" HPOS="2173"/><String ID="p609_w744" CONTENT="ten" HPOS="2189" VPOS="1738" WIDTH="54" HEIGHT="75" STYLEREFS="font0"/></TextLine><TextLine WIDTH="984" HEIGHT="75" ID="p609_t102" HPOS="1260" VPOS="1787"><String ID="p609_w745" CONTENT="miles" HPOS="1260" VPOS="1787" WIDTH="90" HEIGHT="75" STYLEREFS="font0"/><SP WIDTH="18" VPOS="1787" HPOS="1350"/><String ID="p609_w746" CONTENT="eaftward" HPOS="1368" VPOS="1787" WIDTH="152" HEIGHT="75" STYLEREFS="font0"/><SP WIDTH="16" VPOS="1787" HPOS="1520"/><String ID="p609_w747" CONTENT="of" HPOS="1536" VPOS="1787" WIDTH="40" HEIGHT="75" STYLEREFS="font0"/><SP WIDTH="11" VPOS="1787" HPOS="1576"/><String ID="p609_w748" CONTENT="the" HPOS="1587" VPOS="1787" WIDTH="54" HEIGHT="75" STYLEREFS="font0"/><SP WIDTH="18" VPOS="1787" HPOS="1641"/><String ID="p609_w749" CONTENT="city" HPOS="1659" VPOS="1787" WIDTH="66" HEIGHT="75" STYLEREFS="font0"/><SP WIDTH="24" VPOS="1787" HPOS="1725"/><String ID="p609_w750" CONTENT="of" HPOS="1749" VPOS="1787" WIDTH="41" HEIGHT="75" STYLEREFS="font0"/><SP WIDTH="19" VPOS="1787" HPOS="1790"/><String ID="p609_w751" CONTENT="Galway," HPOS="1809" VPOS="1787" WIDTH="153" HEIGHT="75" STYLEREFS="font0"/><SP WIDTH="25" VPOS="1787" HPOS="1962"/><String ID="p609_w752" CONTENT="in" HPOS="1987" VPOS="1787" WIDTH="32" HEIGHT="75" STYLEREFS="font0"/><SP WIDTH="25" VPOS="1787" HPOS="2019"/><String ID="p609_w753" CONTENT="8" HPOS="2044" VPOS="1787" WIDTH="39" HEIGHT="75" STYLEREFS="font0"/><SP WIDTH="21" VPOS="1787" HPOS="2083"/><String ID="p609_w754" CONTENT="50'" HPOS="2104" VPOS="1787" WIDTH="54" HEIGHT="75" STYLEREFS="font0"/><SP WIDTH="24" VPOS="1787" HPOS="2158"/><String ID="p609_w755" CONTENT="W." HPOS="2182" VPOS="1787" WIDTH="62" HEIGHT="75" STYLEREFS="font0"/></TextLine><TextLine WIDTH="470" HEIGHT="75" ID="p609_t103" HPOS="1259" VPOS="1813"><String ID="p609_w756" CONTENT="long," HPOS="1259" VPOS="1831" WIDTH="88" HEIGHT="75" STYLEREFS="font0"/><SP WIDTH="27" VPOS="1831" HPOS="1347"/><String ID="p609_w757" CONTENT="and" HPOS="1374" VPOS="1831" WIDTH="60" HEIGHT="75" STYLEREFS="font0"/><SP WIDTH="20" VPOS="1831" HPOS="1434"/><String ID="p609_w758" CONTENT="53" HPOS="1454" VPOS="1831" WIDTH="39" HEIGHT="75" STYLEREFS="font0"/><String ID="p609_w759" CONTENT="0" HPOS="1493" VPOS="1813" WIDTH="23" HEIGHT="49" STYLEREFS="font2"/><SP WIDTH="21" VPOS="1813" HPOS="1516"/><String ID="p609_w760" CONTENT="if" HPOS="1537" VPOS="1831" WIDTH="55" HEIGHT="75" STYLEREFS="font0"/><SP WIDTH="11" VPOS="1831" HPOS="1592"/><String ID="p609_w761" CONTENT="N." HPOS="1603" VPOS="1831" WIDTH="49" HEIGHT="75" STYLEREFS="font0"/><SP WIDTH="18" VPOS="1831" HPOS="1652"/><String ID="p609_w762" CONTENT="lat." HPOS="1670" VPOS="1831" WIDTH="59" HEIGHT="75" STYLEREFS="font0"/></TextLine><TextLine WIDTH="1031" HEIGHT="75" ID="p609_t104" HPOS="1212" VPOS="1880"><String ID="p609_w763" CONTENT="ATHENS," HPOS="1212" VPOS="1880" WIDTH="211" HEIGHT="75" STYLEREFS="font0"/><SP WIDTH="26" VPOS="1880" HPOS="1423"/><String ID="p609_w764" CONTENT="anciently" HPOS="1449" VPOS="1880" WIDTH="160" HEIGHT="75" STYLEREFS="font0"/><SP WIDTH="27" VPOS="1880" HPOS="1609"/><String ID="p609_w765" CONTENT="the" HPOS="1636" VPOS="1880" WIDTH="55" HEIGHT="75" STYLEREFS="font0"/><SP WIDTH="26" VPOS="1880" HPOS="1691"/><String ID="p609_w766" CONTENT="capital" HPOS="1717" VPOS="1880" WIDTH="114" HEIGHT="75" STYLEREFS="font0"/><SP WIDTH="19" VPOS="1880" HPOS="1831"/><String ID="p609_w767" CONTENT="of" HPOS="1850" VPOS="1880" WIDTH="42" HEIGHT="75" STYLEREFS="font0"/><SP WIDTH="19" VPOS="1880" HPOS="1892"/><String ID="p609_w768" CONTENT="Attica," HPOS="1911" VPOS="1880" WIDTH="125" HEIGHT="75" STYLEREFS="font0"/><SP WIDTH="25" VPOS="1880" HPOS="2036"/><String ID="p609_w769" CONTENT="fo" HPOS="2061" VPOS="1880" WIDTH="35" HEIGHT="75" STYLEREFS="font0"/><SP WIDTH="23" VPOS="1880" HPOS="2096"/><String ID="p609_w770" CONTENT="famous" HPOS="2119" VPOS="1880" WIDTH="124" HEIGHT="75" STYLEREFS="font0"/></TextLine><TextLine WIDTH="983" HEIGHT="75" ID="p609_t105" HPOS="1259" VPOS="1925"><String ID="p609_w771" CONTENT="for" HPOS="1259" VPOS="1925" WIDTH="51" HEIGHT="75" STYLEREFS="font0"/><SP WIDTH="16" VPOS="1925" HPOS="1310"/><String ID="p609_w772" CONTENT="its" HPOS="1326" VPOS="1925" WIDTH="41" HEIGHT="75" STYLEREFS="font0"/><SP WIDTH="18" VPOS="1925" HPOS="1367"/><String ID="p609_w773" CONTENT="learned" HPOS="1385" VPOS="1925" WIDTH="130" HEIGHT="75" STYLEREFS="font0"/><SP WIDTH="25" VPOS="1925" HPOS="1515"/><String ID="p609_w774" CONTENT="men," HPOS="1540" VPOS="1925" WIDTH="85" HEIGHT="75" STYLEREFS="font0"/><SP WIDTH="25" VPOS="1925" HPOS="1625"/><String ID="p609_w775" CONTENT="orators," HPOS="1650" VPOS="1925" WIDTH="138" HEIGHT="75" STYLEREFS="font0"/><SP WIDTH="27" VPOS="1925" HPOS="1788"/><String ID="p609_w776" CONTENT="and" HPOS="1815" VPOS="1925" WIDTH="61" HEIGHT="75" STYLEREFS="font0"/><SP WIDTH="21" VPOS="1925" HPOS="1876"/><String ID="p609_w777" CONTENT="captains," HPOS="1897" VPOS="1925" WIDTH="153" HEIGHT="75" STYLEREFS="font0"/><SP WIDTH="25" VPOS="1925" HPOS="2050"/><String ID="p609_w778" CONTENT="now" HPOS="2075" VPOS="1925" WIDTH="73" HEIGHT="75" STYLEREFS="font0"/><SP WIDTH="17" VPOS="1925" HPOS="2148"/><String ID="p609_w779" CONTENT="call-" HPOS="2165" VPOS="1925" WIDTH="77" HEIGHT="75" STYLEREFS="font0"/></TextLine><TextLine WIDTH="984" HEIGHT="75" ID="p609_t106" HPOS="1259" VPOS="1972"><String ID="p609_w780" CONTENT="ed" HPOS="1259" VPOS="1972" WIDTH="40" HEIGHT="75" STYLEREFS="font0"/><SP WIDTH="20" VPOS="1972" HPOS="1299"/><String ID="p609_w781" CONTENT="Setines." HPOS="1319" VPOS="1972" WIDTH="140" HEIGHT="75" STYLEREFS="font0"/><SP WIDTH="51" VPOS="1972" HPOS="1459"/><String ID="p609_w782" CONTENT="It" HPOS="1510" VPOS="1972" WIDTH="31" HEIGHT="75" STYLEREFS="font0"/><SP WIDTH="16" VPOS="1972" HPOS="1541"/><String ID="p609_w783" CONTENT="Hands" HPOS="1557" VPOS="1972" WIDTH="105" HEIGHT="75" STYLEREFS="font0"/><SP WIDTH="24" VPOS="1972" HPOS="1662"/><String ID="p609_w784" CONTENT="upon" HPOS="1686" VPOS="1972" WIDTH="85" HEIGHT="75" STYLEREFS="font0"/><SP WIDTH="30" VPOS="1972" HPOS="1771"/><String ID="p609_w785" CONTENT="a" HPOS="1801" VPOS="1972" WIDTH="18" HEIGHT="75" STYLEREFS="font0"/><SP WIDTH="27" VPOS="1972" HPOS="1819"/><String ID="p609_w786" CONTENT="plain" HPOS="1846" VPOS="1972" WIDTH="86" HEIGHT="75" STYLEREFS="font0"/><SP WIDTH="30" VPOS="1972" HPOS="1932"/><String ID="p609_w787" CONTENT="watered" HPOS="1962" VPOS="1972" WIDTH="140" HEIGHT="75" STYLEREFS="font0"/><SP WIDTH="24" VPOS="1972" HPOS="2102"/><String ID="p609_w788" CONTENT="by" HPOS="2126" VPOS="1972" WIDTH="44" HEIGHT="75" STYLEREFS="font0"/><SP WIDTH="16" VPOS="1972" HPOS="2170"/><String ID="p609_w789" CONTENT="the" HPOS="2186" VPOS="1972" WIDTH="57" HEIGHT="75" STYLEREFS="font0"/></TextLine><TextLine WIDTH="984" HEIGHT="75" ID="p609_t107" HPOS="1258" VPOS="2019"><String ID="p609_w790" CONTENT="rivers" HPOS="1258" VPOS="2019" WIDTH="100" HEIGHT="75" STYLEREFS="font0"/><SP WIDTH="27" VPOS="2019" HPOS="1358"/><String ID="p609_w791" CONTENT="Uliffus" HPOS="1385" VPOS="2019" WIDTH="116" HEIGHT="75" STYLEREFS="font0"/><SP WIDTH="29" VPOS="2019" HPOS="1501"/><String ID="p609_w792" CONTENT="and" HPOS="1530" VPOS="2019" WIDTH="63" HEIGHT="75" STYLEREFS="font0"/><SP WIDTH="27" VPOS="2019" HPOS="1593"/><String ID="p609_w793" CONTENT="Eridanus," HPOS="1620" VPOS="2019" WIDTH="174" HEIGHT="75" STYLEREFS="font0"/><SP WIDTH="38" VPOS="2019" HPOS="1794"/><String ID="p609_w794" CONTENT="about" HPOS="1832" VPOS="2019" WIDTH="98" HEIGHT="75" STYLEREFS="font0"/><SP WIDTH="24" VPOS="2019" HPOS="1930"/><String ID="p609_w795" CONTENT="40" HPOS="1954" VPOS="2019" WIDTH="46" HEIGHT="75" STYLEREFS="font0"/><SP WIDTH="21" VPOS="2019" HPOS="2000"/><String ID="p609_w796" CONTENT="miles" HPOS="2021" VPOS="2019" WIDTH="89" HEIGHT="75" STYLEREFS="font0"/><SP WIDTH="18" VPOS="2019" HPOS="2110"/><String ID="p609_w797" CONTENT="eaft" HPOS="2128" VPOS="2019" WIDTH="61" HEIGHT="75" STYLEREFS="font0"/><SP WIDTH="17" VPOS="2019" HPOS="2189"/><String ID="p609_w798" CONTENT="or" HPOS="2206" VPOS="2019" WIDTH="36" HEIGHT="75" STYLEREFS="font0"/></TextLine><TextLine WIDTH="1023" HEIGHT="75" ID="p609_t108" HPOS="1259" VPOS="2065"><String ID="p609_w799" CONTENT="the" HPOS="1259" VPOS="2065" WIDTH="55" HEIGHT="75" STYLEREFS="font0"/><SP WIDTH="32" VPOS="2065" HPOS="1314"/><String ID="p609_w800" CONTENT="ifthmus" HPOS="1346" VPOS="2065" WIDTH="130" HEIGHT="75" STYLEREFS="font0"/><SP WIDTH="31" VPOS="2065" HPOS="1476"/><String ID="p609_w801" CONTENT="of" HPOS="1507" VPOS="2065" WIDTH="40" HEIGHT="75" STYLEREFS="font0"/><SP WIDTH="28" VPOS="2065" HPOS="1547"/><String ID="p609_w802" CONTENT="Corinth" HPOS="1575" VPOS="2065" WIDTH="137" HEIGHT="75" STYLEREFS="font0"/><SP WIDTH="14" VPOS="2065" HPOS="1712"/><String ID="p609_w803" CONTENT=":" HPOS="1726" VPOS="2065" WIDTH="8" HEIGHT="75" STYLEREFS="font0"/><SP WIDTH="43" VPOS="2065" HPOS="1734"/><String ID="p609_w804" CONTENT="At" HPOS="1777" VPOS="2065" WIDTH="49" HEIGHT="75" STYLEREFS="font0"/><SP WIDTH="27" VPOS="2065" HPOS="1826"/><String ID="p609_w805" CONTENT="prefent" HPOS="1853" VPOS="2065" WIDTH="125" HEIGHT="75" STYLEREFS="font0"/><SP WIDTH="23" VPOS="2065" HPOS="1978"/><String ID="p609_w806" CONTENT="it" HPOS="2001" VPOS="2065" WIDTH="25" HEIGHT="75" STYLEREFS="font0"/><SP WIDTH="26" VPOS="2065" HPOS="2026"/><String ID="p609_w807" CONTENT="is" HPOS="2052" VPOS="2065" WIDTH="27" HEIGHT="75" STYLEREFS="font0"/><SP WIDTH="29" VPOS="2065" HPOS="2079"/><String ID="p609_w808" CONTENT="faid" HPOS="2108" VPOS="2065" WIDTH="66" HEIGHT="75" STYLEREFS="font0"/><SP WIDTH="32" VPOS="2065" HPOS="2174"/><String ID="p609_w809" CONTENT="to" HPOS="2206" VPOS="2065" WIDTH="36" HEIGHT="75" STYLEREFS="font0"/><SP WIDTH="27" VPOS="2065" HPOS="2242"/><String ID="p609_w810" CONTENT="-" HPOS="2269" VPOS="2065" WIDTH="13" HEIGHT="75" STYLEREFS="font0"/></TextLine><TextLine WIDTH="984" HEIGHT="75" ID="p609_t109" HPOS="1257" VPOS="2111"><String ID="p609_w811" CONTENT="contain" HPOS="1257" VPOS="2111" WIDTH="127" HEIGHT="75" STYLEREFS="font0"/><SP WIDTH="36" VPOS="2111" HPOS="1384"/><String ID="p609_w812" CONTENT="10,600" HPOS="1420" VPOS="2111" WIDTH="126" HEIGHT="75" STYLEREFS="font0"/><SP WIDTH="26" VPOS="2111" HPOS="1546"/><String ID="p609_w813" CONTENT="inhabitants," HPOS="1572" VPOS="2111" WIDTH="208" HEIGHT="75" STYLEREFS="font0"/><SP WIDTH="40" VPOS="2111" HPOS="1780"/><String ID="p609_w814" CONTENT="three" HPOS="1820" VPOS="2111" WIDTH="91" HEIGHT="75" STYLEREFS="font0"/><SP WIDTH="36" VPOS="2111" HPOS="1911"/><String ID="p609_w815" CONTENT="parts" HPOS="1947" VPOS="2111" WIDTH="86" HEIGHT="75" STYLEREFS="font0"/><SP WIDTH="31" VPOS="2111" HPOS="2033"/><String ID="p609_w816" CONTENT="of" HPOS="2064" VPOS="2111" WIDTH="40" HEIGHT="75" STYLEREFS="font0"/><SP WIDTH="31" VPOS="2111" HPOS="2104"/><String ID="p609_w817" CONTENT="which" HPOS="2135" VPOS="2111" WIDTH="106" HEIGHT="75" STYLEREFS="font0"/></TextLine><TextLine WIDTH="984" HEIGHT="75" ID="p609_t110" HPOS="1257" VPOS="2158"><String ID="p609_w818" CONTENT="are" HPOS="1257" VPOS="2158" WIDTH="53" HEIGHT="75" STYLEREFS="font0"/><SP WIDTH="17" VPOS="2158" HPOS="1310"/><String ID="p609_w819" CONTENT="Chriftians." HPOS="1327" VPOS="2158" WIDTH="190" HEIGHT="75" STYLEREFS="font0"/><SP WIDTH="32" VPOS="2158" HPOS="1517"/><String ID="p609_w820" CONTENT="The" HPOS="1549" VPOS="2158" WIDTH="76" HEIGHT="75" STYLEREFS="font0"/><SP WIDTH="17" VPOS="2158" HPOS="1625"/><String ID="p609_w821" CONTENT="town" HPOS="1642" VPOS="2158" WIDTH="87" HEIGHT="75" STYLEREFS="font0"/><SP WIDTH="12" VPOS="2158" HPOS="1729"/><String ID="p609_w822" CONTENT="does" HPOS="1741" VPOS="2158" WIDTH="76" HEIGHT="75" STYLEREFS="font0"/><SP WIDTH="18" VPOS="2158" HPOS="1817"/><String ID="p609_w823" CONTENT="not" HPOS="1835" VPOS="2158" WIDTH="55" HEIGHT="75" STYLEREFS="font0"/><SP WIDTH="13" VPOS="2158" HPOS="1890"/><String ID="p609_w824" CONTENT="lie" HPOS="1903" VPOS="2158" WIDTH="40" HEIGHT="75" STYLEREFS="font0"/><SP WIDTH="13" VPOS="2158" HPOS="1943"/><String ID="p609_w825" CONTENT="round" HPOS="1956" VPOS="2158" WIDTH="102" HEIGHT="75" STYLEREFS="font0"/><SP WIDTH="16" VPOS="2158" HPOS="2058"/><String ID="p609_w826" CONTENT="the" HPOS="2074" VPOS="2158" WIDTH="56" HEIGHT="75" STYLEREFS="font0"/><SP WIDTH="17" VPOS="2158" HPOS="2130"/><String ID="p609_w827" CONTENT="caftle" HPOS="2147" VPOS="2158" WIDTH="94" HEIGHT="75" STYLEREFS="font0"/></TextLine><TextLine WIDTH="984" HEIGHT="75" ID="p609_t111" HPOS="1257" VPOS="2204"><String ID="p609_w828" CONTENT="as" HPOS="1257" VPOS="2204" WIDTH="34" HEIGHT="75" STYLEREFS="font0"/><SP WIDTH="17" VPOS="2204" HPOS="1291"/><String ID="p609_w829" CONTENT="anciently," HPOS="1308" VPOS="2204" WIDTH="172" HEIGHT="75" STYLEREFS="font0"/><SP WIDTH="27" VPOS="2204" HPOS="1480"/><String ID="p609_w830" CONTENT="but" HPOS="1507" VPOS="2204" WIDTH="57" HEIGHT="75" STYLEREFS="font0"/><SP WIDTH="28" VPOS="2204" HPOS="1564"/><String ID="p609_w831" CONTENT="on" HPOS="1592" VPOS="2204" WIDTH="42" HEIGHT="75" STYLEREFS="font0"/><SP WIDTH="25" VPOS="2204" HPOS="1634"/><String ID="p609_w832" CONTENT="the" HPOS="1659" VPOS="2204" WIDTH="55" HEIGHT="75" STYLEREFS="font0"/><SP WIDTH="17" VPOS="2204" HPOS="1714"/><String ID="p609_w833" CONTENT="north-weft" HPOS="1731" VPOS="2204" WIDTH="187" HEIGHT="75" STYLEREFS="font0"/><SP WIDTH="16" VPOS="2204" HPOS="1918"/><String ID="p609_w834" CONTENT="fide" HPOS="1934" VPOS="2204" WIDTH="62" HEIGHT="75" STYLEREFS="font0"/><SP WIDTH="18" VPOS="2204" HPOS="1996"/><String ID="p609_w835" CONTENT="of" HPOS="2014" VPOS="2204" WIDTH="39" HEIGHT="75" STYLEREFS="font0"/><SP WIDTH="11" VPOS="2204" HPOS="2053"/><String ID="p609_w836" CONTENT="it." HPOS="2064" VPOS="2204" WIDTH="38" HEIGHT="75" STYLEREFS="font0"/><SP WIDTH="49" VPOS="2204" HPOS="2102"/><String ID="p609_w837" CONTENT="Here" HPOS="2151" VPOS="2204" WIDTH="90" HEIGHT="75" STYLEREFS="font0"/></TextLine><TextLine WIDTH="982" HEIGHT="75" ID="p609_t112" HPOS="1258" VPOS="2251"><String ID="p609_w838" CONTENT="a" HPOS="1258" VPOS="2251" WIDTH="18" HEIGHT="75" STYLEREFS="font0"/><SP WIDTH="27" VPOS="2251" HPOS="1276"/><String ID="p609_w839" CONTENT="Greek" HPOS="1303" VPOS="2251" WIDTH="112" HEIGHT="75" STYLEREFS="font0"/><SP WIDTH="25" VPOS="2251" HPOS="1415"/><String ID="p609_w840" CONTENT="metropolitan" HPOS="1440" VPOS="2251" WIDTH="225" HEIGHT="75" STYLEREFS="font0"/><SP WIDTH="17" VPOS="2251" HPOS="1665"/><String ID="p609_w841" CONTENT="refides." HPOS="1682" VPOS="2251" WIDTH="126" HEIGHT="75" STYLEREFS="font0"/><SP WIDTH="52" VPOS="2251" HPOS="1808"/><String ID="p609_w842" CONTENT="Among" HPOS="1860" VPOS="2251" WIDTH="129" HEIGHT="75" STYLEREFS="font0"/><SP WIDTH="16" VPOS="2251" HPOS="1989"/><String ID="p609_w843" CONTENT="the" HPOS="2005" VPOS="2251" WIDTH="56" HEIGHT="75" STYLEREFS="font0"/><SP WIDTH="17" VPOS="2251" HPOS="2061"/><String ID="p609_w844" CONTENT="many" HPOS="2078" VPOS="2251" WIDTH="95" HEIGHT="75" STYLEREFS="font0"/><SP WIDTH="16" VPOS="2251" HPOS="2173"/><String ID="p609_w845" CONTENT="re-" HPOS="2189" VPOS="2251" WIDTH="51" HEIGHT="75" STYLEREFS="font0"/></TextLine><TextLine WIDTH="982" HEIGHT="75" ID="p609_t113" HPOS="1256" VPOS="2297"><String ID="p609_w846" CONTENT="mains" HPOS="1256" VPOS="2297" WIDTH="100" HEIGHT="75" STYLEREFS="font0"/><SP WIDTH="16" VPOS="2297" HPOS="1356"/><String ID="p609_w847" CONTENT="of" HPOS="1372" VPOS="2297" WIDTH="40" HEIGHT="75" STYLEREFS="font0"/><SP WIDTH="11" VPOS="2297" HPOS="1412"/><String ID="p609_w848" CONTENT="antiquity," HPOS="1423" VPOS="2297" WIDTH="172" HEIGHT="75" STYLEREFS="font0"/><SP WIDTH="25" VPOS="2297" HPOS="1595"/><String ID="p609_w849" CONTENT="is" HPOS="1620" VPOS="2297" WIDTH="26" HEIGHT="75" STYLEREFS="font0"/><SP WIDTH="12" VPOS="2297" HPOS="1646"/><String ID="p609_w850" CONTENT="the" HPOS="1658" VPOS="2297" WIDTH="55" HEIGHT="75" STYLEREFS="font0"/><SP WIDTH="12" VPOS="2297" HPOS="1713"/><String ID="p609_w851" CONTENT="temple" HPOS="1725" VPOS="2297" WIDTH="116" HEIGHT="75" STYLEREFS="font0"/><SP WIDTH="17" VPOS="2297" HPOS="1841"/><String ID="p609_w852" CONTENT="of" HPOS="1858" VPOS="2297" WIDTH="40" HEIGHT="75" STYLEREFS="font0"/><SP WIDTH="11" VPOS="2297" HPOS="1898"/><String ID="p609_w853" CONTENT="Jupiter" HPOS="1909" VPOS="2297" WIDTH="126" HEIGHT="75" STYLEREFS="font0"/><SP WIDTH="16" VPOS="2297" HPOS="2035"/><String ID="p609_w854" CONTENT="Qfympius," HPOS="2051" VPOS="2297" WIDTH="187" HEIGHT="75" STYLEREFS="font0"/></TextLine><TextLine WIDTH="982" HEIGHT="75" ID="p609_t114" HPOS="1257" VPOS="2343"><String ID="p609_w855" CONTENT="and" HPOS="1257" VPOS="2343" WIDTH="60" HEIGHT="75" STYLEREFS="font0"/><SP WIDTH="17" VPOS="2343" HPOS="1317"/><String ID="p609_w856" CONTENT="temple" HPOS="1334" VPOS="2343" WIDTH="117" HEIGHT="75" STYLEREFS="font0"/><SP WIDTH="17" VPOS="2343" HPOS="1451"/><String ID="p609_w857" CONTENT="of" HPOS="1468" VPOS="2343" WIDTH="40" HEIGHT="75" STYLEREFS="font0"/><SP WIDTH="10" VPOS="2343" HPOS="1508"/><String ID="p609_w858" CONTENT="Minerva," HPOS="1518" VPOS="2343" WIDTH="162" HEIGHT="75" STYLEREFS="font0"/><SP WIDTH="24" VPOS="2343" HPOS="1680"/><String ID="p609_w859" CONTENT="called" HPOS="1704" VPOS="2343" WIDTH="104" HEIGHT="75" STYLEREFS="font0"/><SP WIDTH="15" VPOS="2343" HPOS="1808"/><String ID="p609_w860" CONTENT="Parthenion," HPOS="1823" VPOS="2343" WIDTH="215" HEIGHT="75" STYLEREFS="font0"/><SP WIDTH="26" VPOS="2343" HPOS="2038"/><String ID="p609_w861" CONTENT="which" HPOS="2064" VPOS="2343" WIDTH="104" HEIGHT="75" STYLEREFS="font0"/><SP WIDTH="12" VPOS="2343" HPOS="2168"/><String ID="p609_w862" CONTENT="lait" HPOS="2180" VPOS="2343" WIDTH="59" HEIGHT="75" STYLEREFS="font0"/></TextLine><TextLine WIDTH="980" HEIGHT="75" ID="p609_t115" HPOS="1256" VPOS="2390"><String ID="p609_w863" CONTENT="is" HPOS="1256" VPOS="2390" WIDTH="25" HEIGHT="75" STYLEREFS="font0"/><SP WIDTH="17" VPOS="2390" HPOS="1281"/><String ID="p609_w864" CONTENT="ftill" HPOS="1298" VPOS="2390" WIDTH="62" HEIGHT="75" STYLEREFS="font0"/><SP WIDTH="15" VPOS="2390" HPOS="1360"/><String ID="p609_w865" CONTENT="entire," HPOS="1375" VPOS="2390" WIDTH="113" HEIGHT="75" STYLEREFS="font0"/><SP WIDTH="24" VPOS="2390" HPOS="1488"/><String ID="p609_w866" CONTENT="and" HPOS="1512" VPOS="2390" WIDTH="62" HEIGHT="75" STYLEREFS="font0"/><SP WIDTH="16" VPOS="2390" HPOS="1574"/><String ID="p609_w867" CONTENT="converted" HPOS="1590" VPOS="2390" WIDTH="172" HEIGHT="75" STYLEREFS="font0"/><SP WIDTH="27" VPOS="2390" HPOS="1762"/><String ID="p609_w868" CONTENT="into" HPOS="1789" VPOS="2390" WIDTH="68" HEIGHT="75" STYLEREFS="font0"/><SP WIDTH="28" VPOS="2390" HPOS="1857"/><String ID="p609_w869" CONTENT="a" HPOS="1885" VPOS="2390" WIDTH="18" HEIGHT="75" STYLEREFS="font0"/><SP WIDTH="22" VPOS="2390" HPOS="1903"/><String ID="p609_w870" CONTENT="Turkifh" HPOS="1925" VPOS="2390" WIDTH="141" HEIGHT="75" STYLEREFS="font0"/><SP WIDTH="26" VPOS="2390" HPOS="2066"/><String ID="p609_w871" CONTENT="mofque," HPOS="2092" VPOS="2390" WIDTH="144" HEIGHT="75" STYLEREFS="font0"/></TextLine><TextLine WIDTH="981" HEIGHT="75" ID="p609_t116" HPOS="1256" VPOS="2435"><String ID="p609_w872" CONTENT="which," HPOS="1256" VPOS="2435" WIDTH="118" HEIGHT="75" STYLEREFS="font0"/><SP WIDTH="27" VPOS="2435" HPOS="1374"/><String ID="p609_w873" CONTENT="as" HPOS="1401" VPOS="2435" WIDTH="32" HEIGHT="75" STYLEREFS="font0"/><SP WIDTH="28" VPOS="2435" HPOS="1433"/><String ID="p609_w874" CONTENT="later" HPOS="1461" VPOS="2435" WIDTH="82" HEIGHT="75" STYLEREFS="font0"/><SP WIDTH="22" VPOS="2435" HPOS="1543"/><String ID="p609_w875" CONTENT="travellers" HPOS="1565" VPOS="2435" WIDTH="166" HEIGHT="75" STYLEREFS="font0"/><SP WIDTH="17" VPOS="2435" HPOS="1731"/><String ID="p609_w876" CONTENT="affure" HPOS="1748" VPOS="2435" WIDTH="98" HEIGHT="75" STYLEREFS="font0"/><SP WIDTH="18" VPOS="2435" HPOS="1846"/><String ID="p609_w877" CONTENT="us," HPOS="1864" VPOS="2435" WIDTH="47" HEIGHT="75" STYLEREFS="font0"/><SP WIDTH="26" VPOS="2435" HPOS="1911"/><String ID="p609_w878" CONTENT="is" HPOS="1937" VPOS="2435" WIDTH="26" HEIGHT="75" STYLEREFS="font0"/><SP WIDTH="17" VPOS="2435" HPOS="1963"/><String ID="p609_w879" CONTENT="the" HPOS="1980" VPOS="2435" WIDTH="55" HEIGHT="75" STYLEREFS="font0"/><SP WIDTH="17" VPOS="2435" HPOS="2035"/><String ID="p609_w880" CONTENT="fineft" HPOS="2052" VPOS="2435" WIDTH="86" HEIGHT="75" STYLEREFS="font0"/><SP WIDTH="18" VPOS="2435" HPOS="2138"/><String ID="p609_w881" CONTENT="tem-" HPOS="2156" VPOS="2435" WIDTH="81" HEIGHT="75" STYLEREFS="font0"/></TextLine><TextLine WIDTH="981" HEIGHT="75" ID="p609_t117" HPOS="1255" VPOS="2482"><String ID="p609_w882" CONTENT="ple" HPOS="1255" VPOS="2482" WIDTH="51" HEIGHT="75" STYLEREFS="font0"/><SP WIDTH="17" VPOS="2482" HPOS="1306"/><String ID="p609_w883" CONTENT="in" HPOS="1323" VPOS="2482" WIDTH="30" HEIGHT="75" STYLEREFS="font0"/><SP WIDTH="22" VPOS="2482" HPOS="1353"/><String ID="p609_w884" CONTENT="the" HPOS="1375" VPOS="2482" WIDTH="55" HEIGHT="75" STYLEREFS="font0"/><SP WIDTH="17" VPOS="2482" HPOS="1430"/><String ID="p609_w885" CONTENT="world." HPOS="1447" VPOS="2482" WIDTH="114" HEIGHT="75" STYLEREFS="font0"/><SP WIDTH="32" VPOS="2482" HPOS="1561"/><String ID="p609_w886" CONTENT="This" HPOS="1593" VPOS="2482" WIDTH="85" HEIGHT="75" STYLEREFS="font0"/><SP WIDTH="17" VPOS="2482" HPOS="1678"/><String ID="p609_w887" CONTENT="city," HPOS="1695" VPOS="2482" WIDTH="78" HEIGHT="75" STYLEREFS="font0"/><SP WIDTH="19" VPOS="2482" HPOS="1773"/><String ID="p609_w888" CONTENT="as" HPOS="1792" VPOS="2482" WIDTH="32" HEIGHT="75" STYLEREFS="font0"/><SP WIDTH="14" VPOS="2482" HPOS="1824"/><String ID="p609_w889" CONTENT="all" HPOS="1838" VPOS="2482" WIDTH="40" HEIGHT="75" STYLEREFS="font0"/><SP WIDTH="19" VPOS="2482" HPOS="1878"/><String ID="p609_w890" CONTENT="the" HPOS="1897" VPOS="2482" WIDTH="54" HEIGHT="75" STYLEREFS="font0"/><SP WIDTH="16" VPOS="2482" HPOS="1951"/><String ID="p609_w891" CONTENT="reft" HPOS="1967" VPOS="2482" WIDTH="62" HEIGHT="75" STYLEREFS="font0"/><SP WIDTH="16" VPOS="2482" HPOS="2029"/><String ID="p609_w892" CONTENT="of" HPOS="2045" VPOS="2482" WIDTH="40" HEIGHT="75" STYLEREFS="font0"/><SP WIDTH="11" VPOS="2482" HPOS="2085"/><String ID="p609_w893" CONTENT="Greece," HPOS="2096" VPOS="2482" WIDTH="140" HEIGHT="75" STYLEREFS="font0"/></TextLine><TextLine WIDTH="980" HEIGHT="75" ID="p609_t118" HPOS="1255" VPOS="2510"><String ID="p609_w894" CONTENT="is.fubjed" HPOS="1255" VPOS="2528" WIDTH="161" HEIGHT="75" STYLEREFS="font0"/><SP WIDTH="24" VPOS="2528" HPOS="1416"/><String ID="p609_w895" CONTENT="to" HPOS="1440" VPOS="2528" WIDTH="35" HEIGHT="75" STYLEREFS="font0"/><SP WIDTH="27" VPOS="2528" HPOS="1475"/><String ID="p609_w896" CONTENT="the" HPOS="1502" VPOS="2528" WIDTH="55" HEIGHT="75" STYLEREFS="font0"/><SP WIDTH="26" VPOS="2528" HPOS="1557"/><String ID="p609_w897" CONTENT="Turks." HPOS="1583" VPOS="2528" WIDTH="125" HEIGHT="75" STYLEREFS="font0"/><SP WIDTH="56" VPOS="2528" HPOS="1708"/><String ID="p609_w898" CONTENT="E." HPOS="1764" VPOS="2528" WIDTH="44" HEIGHT="75" STYLEREFS="font0"/><SP WIDTH="21" VPOS="2528" HPOS="1808"/><String ID="p609_w899" CONTENT="long." HPOS="1829" VPOS="2528" WIDTH="88" HEIGHT="75" STYLEREFS="font0"/><SP WIDTH="29" VPOS="2528" HPOS="1917"/><String ID="p609_w900" CONTENT="24" HPOS="1946" VPOS="2528" WIDTH="43" HEIGHT="75" STYLEREFS="font0"/><String ID="p609_w901" CONTENT="0" HPOS="1989" VPOS="2510" WIDTH="23" HEIGHT="49" STYLEREFS="font2"/><SP WIDTH="24" VPOS="2510" HPOS="2012"/><String ID="p609_w902" CONTENT="15'" HPOS="2036" VPOS="2528" WIDTH="49" HEIGHT="75" STYLEREFS="font0"/><SP WIDTH="26" VPOS="2528" HPOS="2085"/><String ID="p609_w903" CONTENT="N." HPOS="2111" VPOS="2528" WIDTH="47" HEIGHT="75" STYLEREFS="font0"/><SP WIDTH="18" VPOS="2528" HPOS="2158"/><String ID="p609_w904" CONTENT="lat." HPOS="2176" VPOS="2528" WIDTH="59" HEIGHT="75" STYLEREFS="font0"/></TextLine><TextLine WIDTH="121" HEIGHT="75" ID="p609_t119" HPOS="1256" VPOS="2576"><String ID="p609_w905" CONTENT="38" HPOS="1256" VPOS="2576" WIDTH="62" HEIGHT="75" STYLEREFS="font0"/><SP WIDTH="30" VPOS="2576" HPOS="1318"/><String ID="p609_w906" CONTENT="s'" HPOS="1348" VPOS="2576" WIDTH="29" HEIGHT="75" STYLEREFS="font0"/></TextLine><TextLine WIDTH="1029" HEIGHT="75" ID="p609_t120" HPOS="1207" VPOS="2622"><String ID="p609_w907" CONTENT="ATHERINA," HPOS="1207" VPOS="2622" WIDTH="268" HEIGHT="75" STYLEREFS="font0"/><SP WIDTH="26" VPOS="2622" HPOS="1475"/><String ID="p609_w908" CONTENT="in" HPOS="1501" VPOS="2622" WIDTH="30" HEIGHT="75" STYLEREFS="font0"/><SP WIDTH="17" VPOS="2622" HPOS="1531"/><String ID="p609_w909" CONTENT="ichthyology," HPOS="1548" VPOS="2622" WIDTH="222" HEIGHT="75" STYLEREFS="font0"/><SP WIDTH="25" VPOS="2622" HPOS="1770"/><String ID="p609_w910" CONTENT="a" HPOS="1795" VPOS="2622" WIDTH="19" HEIGHT="75" STYLEREFS="font0"/><SP WIDTH="16" VPOS="2622" HPOS="1814"/><String ID="p609_w911" CONTENT="genus" HPOS="1830" VPOS="2622" WIDTH="97" HEIGHT="75" STYLEREFS="font0"/><SP WIDTH="25" VPOS="2622" HPOS="1927"/><String ID="p609_w912" CONTENT="of" HPOS="1952" VPOS="2622" WIDTH="40" HEIGHT="75" STYLEREFS="font0"/><SP WIDTH="22" VPOS="2622" HPOS="1992"/><String ID="p609_w913" CONTENT="fillies" HPOS="2014" VPOS="2622" WIDTH="88" HEIGHT="75" STYLEREFS="font0"/><SP WIDTH="18" VPOS="2622" HPOS="2102"/><String ID="p609_w914" CONTENT="of" HPOS="2120" VPOS="2622" WIDTH="42" HEIGHT="75" STYLEREFS="font0"/><SP WIDTH="18" VPOS="2622" HPOS="2162"/><String ID="p609_w915" CONTENT="the" HPOS="2180" VPOS="2622" WIDTH="56" HEIGHT="75" STYLEREFS="font0"/></TextLine><TextLine WIDTH="980" HEIGHT="75" ID="p609_t121" HPOS="1254" VPOS="2666"><String ID="p609_w916" CONTENT="order" HPOS="1254" VPOS="2666" WIDTH="95" HEIGHT="75" STYLEREFS="font0"/><SP WIDTH="23" VPOS="2666" HPOS="1349"/><String ID="p609_w917" CONTENT="of" HPOS="1372" VPOS="2666" WIDTH="39" HEIGHT="75" STYLEREFS="font0"/><SP WIDTH="27" VPOS="2666" HPOS="1411"/><String ID="p609_w918" CONTENT="abdominales." HPOS="1438" VPOS="2666" WIDTH="227" HEIGHT="75" STYLEREFS="font0"/><SP WIDTH="59" VPOS="2666" HPOS="1665"/><String ID="p609_w919" CONTENT="The" HPOS="1724" VPOS="2666" WIDTH="77" HEIGHT="75" STYLEREFS="font0"/><SP WIDTH="25" VPOS="2666" HPOS="1801"/><String ID="p609_w920" CONTENT="charadters" HPOS="1826" VPOS="2666" WIDTH="176" HEIGHT="75" STYLEREFS="font0"/><SP WIDTH="28" VPOS="2666" HPOS="2002"/><String ID="p609_w921" CONTENT="of" HPOS="2030" VPOS="2666" WIDTH="40" HEIGHT="75" STYLEREFS="font0"/><SP WIDTH="22" VPOS="2666" HPOS="2070"/><String ID="p609_w922" CONTENT="this" HPOS="2092" VPOS="2666" WIDTH="64" HEIGHT="75" STYLEREFS="font0"/><SP WIDTH="23" VPOS="2666" HPOS="2156"/><String ID="p609_w923" CONTENT="ge-" HPOS="2179" VPOS="2666" WIDTH="55" HEIGHT="75" STYLEREFS="font0"/></TextLine><TextLine WIDTH="987" HEIGHT="75" ID="p609_t122" HPOS="1254" VPOS="2713"><String ID="p609_w924" CONTENT="nus" HPOS="1254" VPOS="2713" WIDTH="57" HEIGHT="75" STYLEREFS="font0"/><SP WIDTH="26" VPOS="2713" HPOS="1311"/><String ID="p609_w925" CONTENT="are" HPOS="1337" VPOS="2713" WIDTH="51" HEIGHT="75" STYLEREFS="font0"/><SP WIDTH="28" VPOS="2713" HPOS="1388"/><String ID="p609_w926" CONTENT="thefe:" HPOS="1416" VPOS="2713" WIDTH="106" HEIGHT="75" STYLEREFS="font0"/><SP WIDTH="32" VPOS="2713" HPOS="1522"/><String ID="p609_w927" CONTENT="The" HPOS="1554" VPOS="2713" WIDTH="76" HEIGHT="75" STYLEREFS="font0"/><SP WIDTH="23" VPOS="2713" HPOS="1630"/><String ID="p609_w928" CONTENT="upper" HPOS="1653" VPOS="2713" WIDTH="99" HEIGHT="75" STYLEREFS="font0"/><SP WIDTH="20" VPOS="2713" HPOS="1752"/><String ID="p609_w929" CONTENT="jaw" HPOS="1772" VPOS="2713" WIDTH="67" HEIGHT="75" STYLEREFS="font0"/><SP WIDTH="24" VPOS="2713" HPOS="1839"/><String ID="p609_w930" CONTENT="is" HPOS="1863" VPOS="2713" WIDTH="25" HEIGHT="75" STYLEREFS="font0"/><SP WIDTH="18" VPOS="2713" HPOS="1888"/><String ID="p609_w931" CONTENT="plain;" HPOS="1906" VPOS="2713" WIDTH="104" HEIGHT="75" STYLEREFS="font0"/><SP WIDTH="28" VPOS="2713" HPOS="2010"/><String ID="p609_w932" CONTENT="the" HPOS="2038" VPOS="2713" WIDTH="54" HEIGHT="75" STYLEREFS="font0"/><SP WIDTH="18" VPOS="2713" HPOS="2092"/><String ID="p609_w933" CONTENT="rays" HPOS="2110" VPOS="2713" WIDTH="72" HEIGHT="75" STYLEREFS="font0"/><SP WIDTH="18" VPOS="2713" HPOS="2182"/><String ID="p609_w934" CONTENT="of" HPOS="2200" VPOS="2713" WIDTH="41" HEIGHT="75" STYLEREFS="font0"/></TextLine><TextLine WIDTH="980" HEIGHT="75" ID="p609_t123" HPOS="1254" VPOS="2760"><String ID="p609_w935" CONTENT="the" HPOS="1254" VPOS="2760" WIDTH="53" HEIGHT="75" STYLEREFS="font0"/><SP WIDTH="18" VPOS="2760" HPOS="1307"/><String ID="p609_w936" CONTENT="branchioftege" HPOS="1325" VPOS="2760" WIDTH="233" HEIGHT="75" STYLEREFS="font0"/><SP WIDTH="17" VPOS="2760" HPOS="1558"/><String ID="p609_w937" CONTENT="membrhne" HPOS="1575" VPOS="2760" WIDTH="181" HEIGHT="75" STYLEREFS="font0"/><SP WIDTH="17" VPOS="2760" HPOS="1756"/><String ID="p609_w938" CONTENT="are" HPOS="1773" VPOS="2760" WIDTH="52" HEIGHT="75" STYLEREFS="font0"/><SP WIDTH="18" VPOS="2760" HPOS="1825"/><String ID="p609_w939" CONTENT="fix;" HPOS="1843" VPOS="2760" WIDTH="66" HEIGHT="75" STYLEREFS="font0"/><SP WIDTH="28" VPOS="2760" HPOS="1909"/><String ID="p609_w940" CONTENT="and" HPOS="1937" VPOS="2760" WIDTH="61" HEIGHT="75" STYLEREFS="font0"/><SP WIDTH="18" VPOS="2760" HPOS="1998"/><String ID="p609_w941" CONTENT="the" HPOS="2016" VPOS="2760" WIDTH="54" HEIGHT="75" STYLEREFS="font0"/><SP WIDTH="17" VPOS="2760" HPOS="2070"/><String ID="p609_w942" CONTENT="fide-belt" HPOS="2087" VPOS="2760" WIDTH="147" HEIGHT="75" STYLEREFS="font0"/></TextLine><TextLine WIDTH="981" HEIGHT="75" ID="p609_t124" HPOS="1253" VPOS="2805"><String ID="p609_w943" CONTENT="or" HPOS="1253" VPOS="2805" WIDTH="37" HEIGHT="75" STYLEREFS="font0"/><SP WIDTH="18" VPOS="2805" HPOS="1290"/><String ID="p609_w944" CONTENT="line" HPOS="1308" VPOS="2805" WIDTH="61" HEIGHT="75" STYLEREFS="font0"/><SP WIDTH="17" VPOS="2805" HPOS="1369"/><String ID="p609_w945" CONTENT="fhines" HPOS="1386" VPOS="2805" WIDTH="99" HEIGHT="75" STYLEREFS="font0"/><SP WIDTH="17" VPOS="2805" HPOS="1485"/><String ID="p609_w946" CONTENT="like" HPOS="1502" VPOS="2805" WIDTH="64" HEIGHT="75" STYLEREFS="font0"/><SP WIDTH="16" VPOS="2805" HPOS="1566"/><String ID="p609_w947" CONTENT="filver." HPOS="1582" VPOS="2805" WIDTH="102" HEIGHT="75" STYLEREFS="font0"/><SP WIDTH="48" VPOS="2805" HPOS="1684"/><String ID="p609_w948" CONTENT="The" HPOS="1732" VPOS="2805" WIDTH="77" HEIGHT="75" STYLEREFS="font0"/><SP WIDTH="26" VPOS="2805" HPOS="1809"/><String ID="p609_w949" CONTENT="fpecies" HPOS="1835" VPOS="2805" WIDTH="117" HEIGHT="75" STYLEREFS="font0"/><SP WIDTH="29" VPOS="2805" HPOS="1952"/><String ID="p609_w950" CONTENT="are" HPOS="1981" VPOS="2805" WIDTH="52" HEIGHT="75" STYLEREFS="font0"/><SP WIDTH="28" VPOS="2805" HPOS="2033"/><String ID="p609_w951" CONTENT="two," HPOS="2061" VPOS="2805" WIDTH="78" HEIGHT="75" STYLEREFS="font0"/><SP WIDTH="24" VPOS="2805" HPOS="2139"/><String ID="p609_w952" CONTENT="viz." HPOS="2163" VPOS="2805" WIDTH="71" HEIGHT="75" STYLEREFS="font0"/></TextLine><TextLine WIDTH="973" HEIGHT="75" ID="p609_t125" HPOS="1260" VPOS="2854"><String ID="p609_w953" CONTENT="1." HPOS="1260" VPOS="2854" WIDTH="29" HEIGHT="75" STYLEREFS="font0"/><SP WIDTH="25" VPOS="2854" HPOS="1289"/><String ID="p609_w954" CONTENT="The" HPOS="1314" VPOS="2854" WIDTH="78" HEIGHT="75" STYLEREFS="font0"/><SP WIDTH="27" VPOS="2854" HPOS="1392"/><String ID="p609_w955" CONTENT="hepfetus," HPOS="1419" VPOS="2854" WIDTH="159" HEIGHT="75" STYLEREFS="font0"/><SP WIDTH="27" VPOS="2854" HPOS="1578"/><String ID="p609_w956" CONTENT="with" HPOS="1605" VPOS="2854" WIDTH="78" HEIGHT="75" STYLEREFS="font0"/><SP WIDTH="18" VPOS="2854" HPOS="1683"/><String ID="p609_w957" CONTENT="about" HPOS="1701" VPOS="2854" WIDTH="97" HEIGHT="75" STYLEREFS="font0"/><SP WIDTH="21" VPOS="2854" HPOS="1798"/><String ID="p609_w958" CONTENT="12" HPOS="1819" VPOS="2854" WIDTH="39" HEIGHT="75" STYLEREFS="font0"/><SP WIDTH="27" VPOS="2854" HPOS="1858"/><String ID="p609_w959" CONTENT="rays" HPOS="1885" VPOS="2854" WIDTH="72" HEIGHT="75" STYLEREFS="font0"/><SP WIDTH="17" VPOS="2854" HPOS="1957"/><String ID="p609_w960" CONTENT="in" HPOS="1974" VPOS="2854" WIDTH="30" HEIGHT="75" STYLEREFS="font0"/><SP WIDTH="19" VPOS="2854" HPOS="2004"/><String ID="p609_w961" CONTENT="the" HPOS="2023" VPOS="2854" WIDTH="55" HEIGHT="75" STYLEREFS="font0"/><SP WIDTH="16" VPOS="2854" HPOS="2078"/><String ID="p609_w962" CONTENT="fin" HPOS="2094" VPOS="2854" WIDTH="42" HEIGHT="75" STYLEREFS="font0"/><SP WIDTH="17" VPOS="2854" HPOS="2136"/><String ID="p609_w963" CONTENT="next" HPOS="2153" VPOS="2854" WIDTH="80" HEIGHT="75" STYLEREFS="font0"/></TextLine><TextLine WIDTH="981" HEIGHT="75" ID="p609_t126" HPOS="1253" VPOS="2900"><String ID="p609_w964" CONTENT="the" HPOS="1253" VPOS="2900" WIDTH="54" HEIGHT="75" STYLEREFS="font0"/><SP WIDTH="17" VPOS="2900" HPOS="1307"/><String ID="p609_w965" CONTENT="anus." HPOS="1324" VPOS="2900" WIDTH="89" HEIGHT="75" STYLEREFS="font0"/><SP WIDTH="49" VPOS="2900" HPOS="1413"/><String ID="p609_w966" CONTENT="It" HPOS="1462" VPOS="2900" WIDTH="32" HEIGHT="75" STYLEREFS="font0"/><SP WIDTH="16" VPOS="2900" HPOS="1494"/><String ID="p609_w967" CONTENT="is" HPOS="1510" VPOS="2900" WIDTH="26" HEIGHT="75" STYLEREFS="font0"/><SP WIDTH="19" VPOS="2900" HPOS="1536"/><String ID="p609_w968" CONTENT="found" HPOS="1555" VPOS="2900" WIDTH="101" HEIGHT="75" STYLEREFS="font0"/><SP WIDTH="11" VPOS="2900" HPOS="1656"/><String ID="p609_w969" CONTENT="in" HPOS="1667" VPOS="2900" WIDTH="31" HEIGHT="75" STYLEREFS="font0"/><SP WIDTH="14" VPOS="2900" HPOS="1698"/><String ID="p609_w970" CONTENT="the" HPOS="1712" VPOS="2900" WIDTH="55" HEIGHT="75" STYLEREFS="font0"/><SP WIDTH="16" VPOS="2900" HPOS="1767"/><String ID="p609_w971" CONTENT="Mediterranean." HPOS="1783" VPOS="2900" WIDTH="271" HEIGHT="75" STYLEREFS="font0"/><SP WIDTH="52" VPOS="2900" HPOS="2054"/><String ID="p609_w972" CONTENT="2." HPOS="2106" VPOS="2900" WIDTH="33" HEIGHT="75" STYLEREFS="font0"/><SP WIDTH="17" VPOS="2900" HPOS="2139"/><String ID="p609_w973" CONTENT="The" HPOS="2156" VPOS="2900" WIDTH="78" HEIGHT="75" STYLEREFS="font0"/></TextLine><TextLine WIDTH="978" HEIGHT="75" ID="p609_t127" HPOS="1253" VPOS="2947"><String ID="p609_w974" CONTENT="menidea," HPOS="1253" VPOS="2947" WIDTH="155" HEIGHT="75" STYLEREFS="font0"/><SP WIDTH="16" VPOS="2947" HPOS="1408"/><String ID="p609_w975" CONTENT="with" HPOS="1424" VPOS="2947" WIDTH="79" HEIGHT="75" STYLEREFS="font0"/><SP WIDTH="20" VPOS="2947" HPOS="1503"/><String ID="p609_w976" CONTENT="24" HPOS="1523" VPOS="2947" WIDTH="43" HEIGHT="75" STYLEREFS="font0"/><SP WIDTH="14" VPOS="2947" HPOS="1566"/><String ID="p609_w977" CONTENT="rays" HPOS="1580" VPOS="2947" WIDTH="72" HEIGHT="75" STYLEREFS="font0"/><SP WIDTH="13" VPOS="2947" HPOS="1652"/><String ID="p609_w978" CONTENT="in" HPOS="1665" VPOS="2947" WIDTH="30" HEIGHT="75" STYLEREFS="font0"/><SP WIDTH="16" VPOS="2947" HPOS="1695"/><String ID="p609_w979" CONTENT="the" HPOS="1711" VPOS="2947" WIDTH="54" HEIGHT="75" STYLEREFS="font0"/><SP WIDTH="17" VPOS="2947" HPOS="1765"/><String ID="p609_w980" CONTENT="fin" HPOS="1782" VPOS="2947" WIDTH="42" HEIGHT="75" STYLEREFS="font0"/><SP WIDTH="17" VPOS="2947" HPOS="1824"/><String ID="p609_w981" CONTENT="next" HPOS="1841" VPOS="2947" WIDTH="80" HEIGHT="75" STYLEREFS="font0"/><SP WIDTH="17" VPOS="2947" HPOS="1921"/><String ID="p609_w982" CONTENT="the" HPOS="1938" VPOS="2947" WIDTH="54" HEIGHT="75" STYLEREFS="font0"/><SP WIDTH="17" VPOS="2947" HPOS="1992"/><String ID="p609_w983" CONTENT="anus." HPOS="2009" VPOS="2947" WIDTH="88" HEIGHT="75" STYLEREFS="font0"/><SP WIDTH="49" VPOS="2947" HPOS="2097"/><String ID="p609_w984" CONTENT="This" HPOS="2146" VPOS="2947" WIDTH="85" HEIGHT="75" STYLEREFS="font0"/></TextLine><TextLine WIDTH="980" HEIGHT="75" ID="p609_t128" HPOS="1251" VPOS="2994"><String ID="p609_w985" CONTENT="is" HPOS="1251" VPOS="2994" WIDTH="27" HEIGHT="75" STYLEREFS="font0"/><SP WIDTH="16" VPOS="2994" HPOS="1278"/><String ID="p609_w986" CONTENT="a" HPOS="1294" VPOS="2994" WIDTH="19" HEIGHT="75" STYLEREFS="font0"/><SP WIDTH="15" VPOS="2994" HPOS="1313"/><String ID="p609_w987" CONTENT="very" HPOS="1328" VPOS="2994" WIDTH="76" HEIGHT="75" STYLEREFS="font0"/><SP WIDTH="13" VPOS="2994" HPOS="1404"/><String ID="p609_w988" CONTENT="fiuall" HPOS="1417" VPOS="2994" WIDTH="88" HEIGHT="75" STYLEREFS="font0"/><SP WIDTH="13" VPOS="2994" HPOS="1505"/><String ID="p609_w989" CONTENT="pellucid" HPOS="1518" VPOS="2994" WIDTH="137" HEIGHT="75" STYLEREFS="font0"/><SP WIDTH="17" VPOS="2994" HPOS="1655"/><String ID="p609_w990" CONTENT="fifh," HPOS="1672" VPOS="2994" WIDTH="67" HEIGHT="75" STYLEREFS="font0"/><SP WIDTH="19" VPOS="2994" HPOS="1739"/><String ID="p609_w991" CONTENT="with" HPOS="1758" VPOS="2994" WIDTH="78" HEIGHT="75" STYLEREFS="font0"/><SP WIDTH="16" VPOS="2994" HPOS="1836"/><String ID="p609_w992" CONTENT="many" HPOS="1852" VPOS="2994" WIDTH="93" HEIGHT="75" STYLEREFS="font0"/><SP WIDTH="17" VPOS="2994" HPOS="1945"/><String ID="p609_w993" CONTENT="black" HPOS="1962" VPOS="2994" WIDTH="93" HEIGHT="75" STYLEREFS="font0"/><SP WIDTH="13" VPOS="2994" HPOS="2055"/><String ID="p609_w994" CONTENT="points" HPOS="2068" VPOS="2994" WIDTH="103" HEIGHT="75" STYLEREFS="font0"/><SP WIDTH="14" VPOS="2994" HPOS="2171"/><String ID="p609_w995" CONTENT="in-" HPOS="2185" VPOS="2994" WIDTH="46" HEIGHT="75" STYLEREFS="font0"/></TextLine><TextLine WIDTH="76" HEIGHT="75" ID="p609_t129" HPOS="1657" VPOS="3047"><String ID="p609_w996" CONTENT="6" HPOS="1657" VPOS="3047" WIDTH="19" HEIGHT="75" STYLEREFS="font0"/><SP WIDTH="25" VPOS="3047" HPOS="1676"/><String ID="p609_w997" CONTENT="L" HPOS="1701" VPOS="3047" WIDTH="32" HEIGHT="75" STYLEREFS="font0"/></TextLine><TextLine WIDTH="199" HEIGHT="75" ID="p609_t130" HPOS="2031" VPOS="3047"><String ID="p609_w998" CONTENT="terfperfed" HPOS="2031" VPOS="3047" WIDTH="171" HEIGHT="75" STYLEREFS="font0"/><SP WIDTH="14" VPOS="3047" HPOS="2202"/><String ID="p609_w999" CONTENT="j" HPOS="2216" VPOS="3047" WIDTH="14" HEIGHT="75" STYLEREFS="font0"/></TextLine></PrintSpace></Page></Layout></alto>