2431 3327
575 109 956 75 agricultu

630 181 88 75 pulp,
747 181 80 75 with
859 181 41 75 its
925 181 123 75 veflels,
1075 181 65 75 and

636 227 124 75 lignous
777 227 93 75 fibres
888 227 218 75 interfperfed.

112 278 128 75 Plate
255 278 81 75 VII.
371 278 71 75 Fig.
458 278 40 75 t.<
516 278 44 75 C,
584 278 77 75 The
676 278 92 75 inner
778 278 223 75 parenchyma,
1019 278 120 75 orace-

585 320 84 75 tary,
702 320 78 75 with
807 320 42 75 its
879 320 122 75 vefl’els,
1034 320 106 75 which

583 367 53 75 are
658 367 106 75 larger
784 367 78 75 than
879 367 56 75 the
954 367 94 75 outer
1064 367 73 75 one.

514 414 50 75 D,
587 414 78 75 The
677 414 73 75 core
767 414 62 75 and
847 414 103 75 feeds.

372 461 73 75 Fig.
465 461 34 75 i.
525 461 34 75 A
576 461 88 75 piece
680 461 54 75 cut
751 461 51 75 off
813 461 56 75 fig.
892 461 31 75 i.

372 508 75 75 Fig.
466 508 33 75 3.
525 508 33 75 Is
575 508 57 75 fig.
650 508 33 75 2.
700 508 183 75 magnified.

513 552 307 75 AAA,Thefmall
832 552 105 75 grains
949 552 39 75 or
996 552 144 75 globules

582 598 78 75 with
685 598 55 75 the
763 598 109 75 veffels
892 598 145 75 radiated
1053 598 85 75 from

584 645 100 75 them.

372 694 73 75 Fig.
464 694 34 75 4.
522 694 34 75 A
571 694 211 75 longitudinal
799 694 115 75 feffion
930 694 42 75 of
982 694 56 75 the
1053 694 87 75 pear,

583 737 137 75 Ihewing
736 737 18 75 a
769 737 151 75 different
936 737 80 75 view
1032 737 40 75 of
1084 737 56 75 the

583 785 83 75 fame
682 785 86 75 parts
781 785 79 75 with
876 785 91 75 thofe
983 785 41 75 of
1034 785 55 75 fig.
1108 785 31 75 1.

515 833 46 75 A,
586 833 77 75 The
679 833 145 75 channel,
845 833 39 75 or
914 833 87 75 du<5t,
1033 833 109 75 which

583 876 74 75 runs
674 876 85 75 from
776 876 55 75 the
852 876 56 75 top
927 876 40 75 of
987 876 55 75 the
1066 876 76 75 pear

583 924 33 75 to
633 924 56 75 the
705 924 127 75 bottom
847 924 41 75 of
900 924 57 75 the
973 924 88 75 core.

163 1019 33 75 2.
220 1019 40 75 In
276 1019 20 75 a
306 1019 154 75 Lemon,
476 1019 57 75 the
548 1019 214 75 parenchyma
778 1019 132 75 appears
922 1019 32 75 in
970 1019 91 75 thr.ee
1077 1019 64 75 dif-

113 1065 107 75 ferent
235 1065 114 75 forms.
385 1065 78 75 The
480 1065 213 75 parenchyma
708 1065 40 75 of
758 1065 56 75 the
831 1065 72 75 rind
914 1065 27 75 is
953 1065 41 75 of
1004 1065 19 75 a
1038 1065 106 75 coarfe

115 1111 142 75 texture,
274 1111 94 75 being
381 1111 168 75 compofed
565 1111 41 75 of
618 1111 88 75 thick
722 1111 107 75 fibres,
847 1111 112 75 woven
975 1111 68 75 into
1054 1111 90 75 large

114 1157 165 75 bladders.
325 1157 112 75 Thofe
453 1157 119 75 neared
588 1157 55 75 the
659 1157 123 75 furface
794 1157 127 75 contain
938 1157 55 75 the
1004 1157 140 75 effential

114 1203 46 75 oil
175 1203 41 75 of
234 1203 55 75 the
310 1203 93 75 fruit,
428 1203 103 75 which
548 1203 101 75 burlls
665 1203 69 75 into
751 1203 20 75 a
786 1203 92 75 flame
893 1203 94 75 when
1004 1203 56 75 the
1076 1203 67 75 Ikin

114 1250 27 75 is
158 1250 157 75 fqueezed
332 1250 77 75 over
421 1250 19 75 a
451 1250 125 75 candle.
624 1250 98 75 From
738 1250 64 75 this
814 1250 138 75 outmod
963 1250 178 75 parenchy-

116 1295 53 75 ma
185 1295 71 75 nine
272 1295 37 75 or
325 1295 53 75 ten
393 1295 168 75 infertions
577 1295 38 75 or
630 1295 133 75 lamellae
780 1295 53 75 are
844 1295 175 75 produced,
1037 1295 106 75 which

118 1342 59 75 run
193 1342 143 75 between
353 1342 34 75 as
404 1342 95 75 many
514 1342 143 75 portions
669 1342 40 75 of
727 1342 54 75 the
799 1342 88 75 pulp,
914 1342 62 75 and
991 1342 88 75 unite
1095 1342 48 75 in-

117 1388 36 75 to
164 1388 60 75 one
237 1388 87 75 body
335 1388 32 75 in
385 1388 54 75 the
456 1388 109 75 centre
580 1388 40 75 of
631 1388 54 75 the
702 1388 92 75 fruit,
812 1388 105 75 which
936 1388 207 75 correfponds

117 1434 36 75 to
176 1434 55 75 the
247 1434 71 75 pith
334 1434 33 75 in
384 1434 112 75 trunks
514 1434 38 75 or
566 1434 102 75 roots.
718 1434 48 75 At
789 1434 56 75 the
868 1434 125 75 bottom
1009 1434 62 75 and
1087 1434 57 75 top

117 1481 41 75 of
177 1481 55 75 the
254 1481 121 75 lemon,
399 1481 64 75 this
484 1481 70 75 pith
578 1481 165 75 evidently
763 1481 86 75 joins
873 1481 79 75 with
979 1481 55 75 the
1058 1481 84 75 rind,

118 1527 138 75 without
272 1527 54 75 the
343 1527 210 75 intervention
571 1527 40 75 of
629 1527 62 75 any
707 1527 146 75 lamellae.
900 1527 86 75 This
1008 1527 135 75 circum-

117 1573 103 75 ftance
235 1573 113 75 (hows,
373 1573 71 75 that
466 1573 56 75 the
546 1573 70 75 pith
641 1573 62 75 and
726 1573 80 75 bark
830 1573 54 75 are
908 1573 137 75 actually
1068 1573 76 75 con-

119 1619 155 75 neftedin
290 1619 56 75 the
357 1619 102 75 trunk-
466 1619 62 75 and
544 1619 89 75 roots
654 1619 40 75 of
712 1619 118 75 plants,
855 1619 124 75 though
994 1619 27 75 it
1037 1619 27 75 is
1080 1619 64 75 dif-

118 1665 91 75 ficult
224 1665 35 75 to
275 1665 212 75 demondrate
509 1665 55 75 the
586 1665 197 75 connexion,
808 1665 42 75 on
874 1665 135 75 account
1031 1665 41 75 of
1090 1665 56 75 the

119 1710 152 75 clofenefs
293 1710 40 75 of
352 1710 84 75 their
459 1710 141 75 texture,
626 1710 62 75 and
709 1710 57 75 the
788 1710 190 75 minutenefs
1003 1710 41 75 of
1062 1710 83 75 their

119 1757 109 75 fibres.
276 1757 106 75 Many
395 1757 110 75 veffels
518 1757 54 75 are
587 1757 160 75 difperfed
762 1757 141 75 through
918 1757 55 75 the
990 1757 104 75 whole
1111 1757 41 75 of

121 1802 64 75 this
202 1802 232 75 parenchyma;
456 1802 59 75 but
532 1802 54 75 the
602 1802 113 75 larged
731 1802 76 75 ones
823 1802 88 75 dand
927 1802 41 75 on
984 1802 55 75 the
1056 1802 90 75 inner

121 1849 80 75 edge
216 1849 41 75 of
275 1849 54 75 the
341 1849 83 75 rind,
450 1849 62 75 and
528 1849 56 75 the
595 1849 93 75 outer
704 1849 80 75 edge
801 1849 41 75 of
860 1849 56 75 the
931 1849 84 75 pith,
1037 1849 63 75 jud
1112 1849 34 75 at

121 1895 53 75 the
186 1895 65 75 two
267 1895 198 75 extremities
482 1895 40 75 of
540 1895 76 75 each
629 1895 139 75 lamella.

166 1942 76 75 The
265 1942 114 75 fecond
405 1942 77 75 kind
506 1942 41 75 of
573 1942 213 75 parenchyma
809 1942 26 75 is
863 1942 113 75 placed
1002 1942 144 75 between

120 1987 56 75 the
200 1987 73 75 rind
298 1987 65 75 and
386 1987 55 75 the
464 1987 83 75 pith,
579 1987 28 75 is
634 1987 132 75 divided
791 1987 69 75 into
886 1987 123 75 didimft
1035 1987 112 75 bodies

121 2033 43 75 by
187 2033 54 75 the
262 2033 133 75 lamellae
409 2033 11 75 ;
447 2033 62 75 and
525 2033 77 75 each
619 2033 41 75 of
678 2033 86 75 thefe
785 2033 111 75 bodies
913 2033 100 75 forms
1029 2033 19 75 a
1059 2033 88 75 large

120 2080 74 75 bag.

165 2127 109 75 Thefe
296 2127 79 75 bags
400 2127 126 75 contain
551 2127 18 75 a
591 2127 89 75 third
701 2127 223 75 parenchyma,
949 2127 106 75 which
1079 2127 26 75 is
1130 2127 19 75 a

122 2173 112 75 cluder
260 2173 41 75 of
323 2173 124 75 fmaller
475 2173 90 75 bags,
598 2173 124 75 didinft
745 2173 62 75 and
828 2173 217 75 unconnedted
1069 2173 78 75 with

122 2219 77 75 each
215 2219 107 75 other,
347 2219 119 75 having
482 2219 19 75 a
516 2219 89 75 fmall
624 2219 79 75 dalk
719 2219 43 75 by
779 2219 106 75 which
901 2219 78 75 they
991 2219 53 75 are
1059 2219 89 75 fixed

122 2265 35 75 to
180 2265 55 75 the
250 2265 88 75 large
359 2265 75 75 bag.
482 2265 131 75 Within
635 2265 78 75 each
732 2265 40 75 of
791 2265 86 75 thefe
894 2265 90 75 fmall
1001 2265 77 75 bags
1095 2265 53 75 are

122 2311 95 75 many
232 2311 161 75 hundreds
411 2311 39 75 of
467 2311 163 75 bladders,
655 2311 169 75 compofed
838 2311 41 75 of
897 2311 180 75 extremely
1088 2311 59 75 mi-

122 2358 76 75 nute
214 2358 108 75 fibres.
371 2358 108 75 Thefe
506 2358 149 75 bladders
680 2358 127 75 contain
830 2358 56 75 the
911 2358 70 75 acid
1002 2358 86 75 juice
1110 2358 43 75 of

124 2404 55 75 the
194 2404 119 75 lemon.

171 2450 96 75 From
283 2450 63 75 this
363 2450 87 75 fliort
466 2450 107 75 fketch
599 2450 41 75 of
657 2450 56 75 the
737 2450 150 75 drudhire
910 2450 63 75 and
996 2450 151 75 compofi-

122 2496 68 75 tion
205 2496 41 75 of
263 2496 196 75 vegetables,
484 2496 80 75 both
580 2496 55 75 the
650 2496 118 75 farmer
783 2496 63 75 and
853 2496 212 75 .philofopher
1075 2496 73 75 may

123 2543 88 75 draw
233 2543 77 75 very
331 2543 101 75 ufeful
456 2543 62 75 and
541 2543 173 75 important
737 2543 207 75 conclufions.
994 2543 97 75 Some
1113 2543 41 75 of

123 2588 88 75 them
227 2588 66 75 will
308 2588 135 75 perhaps
459 2588 39 75 be
510 2588 94 75 taken
621 2588 104 75 notice
740 2588 41 75 of
791 2588 32 75 in
841 2588 54 75 the
911 2588 109 75 courfe
1033 2588 40 75 of
1084 2588 62 75 this

124 2634 139 75 treatife.

124 2728 129 75 Plate
271 2728 46 75 V.
365 2728 74 75 Fig.
461 2728 32 75 3.
550 2728 34 75 A
611 2728 211 75 longitudinal
849 2728 116 75 fedtion
993 2728 44 75 of
1059 2728 20 75 a
1101 2728 46 75 le-

125 2776 4 75 '
157 2776 8 75 .

593 2776 87 75 mbn.

546 2822 145 75 AAA,
715 2822 77 75 The
814 2822 73 75 rind
907 2822 79 75 with
1009 2822 56 75 the
1081 2822 68 75 vef-

595 2868 59 75 fels
679 2868 70 75 that
773 2868 127 75 contain
928 2868 56 75 the
1010 2868 140 75 effential

385 2914 23 75 j

593 2914 58 75 oil.

547 2961 27 75 B
592 2961 42 75 13,
662 2961 77 75 The
762 2961 158 75 fubftance
944 2961 206 75 correfpond-

222 3004 96 75 Vol.
335 3004 30 75 I.
390 3004 72 75 No.
481 3004 34 75 2.

989 3004 17 75 3

1606 109 158 75 RE.

2156 109 54 75 45

1655 172 54 75 ing
1724 172 36 75 to
1776 172 54 75 the
1853 172 83 75 pith,
1960 172 125 75 formed
2099 172 44 75 by
2158 172 56 75 the

1655 218 97 75 union
1764 218 41 75 of
1824 218 54 75 the
1894 218 147 75 lamella,
2064 218 37 75 or
2117 218 96 75 infer-

1655 265 98 75 tions.

1188 312 128 75 Plate
1336 312 46 75 V.
1433 312 72 75 Fig.
1526 312 33 75 3.
1608 312 31 75 C
1657 312 43 75 C,
1732 312 47 75 Its
1807 312 219 75 continuation
2050 312 62 75 and
2139 312 76 75 con-

1658 359 125 75 nedtion
1814 359 80 75 with
1922 359 56 75 the
2009 359 84 75 rind,
2125 359 90 75 inde-

1657 406 139 75 pendent
1812 406 40 75 of
1870 406 55 75 tihe
1940 406 180 75 infertions.

1438 451 71 75 Fig.
1530 451 32 75 4.
1611 451 34 75 A
1661 451 173 75 tranfverfe
1845 451 116 75 feclion
1977 451 41 75 of
2028 451 55 75 the
2095 451 118 75 lemon.

1613 499 28 75 B
1659 499 28 75 B
1702 499 42 75 B,
1763 499 64 75 &<\
1844 499 77 75 The
1933 499 71 75 nine
2016 499 99 75 pulpy
2123 499 91 75 bags,

1657 545 38 75 or
1717 545 116 75 fecond
1855 545 224 75 parenchyma,
2104 545 113 75 placed

1657 592 144 75 between
1814 592 55 75 the
1886 592 72 75 rind
1973 592 64 75 and
2052 592 55 75 the
2124 592 89 75 pith;

1660 638 63 75 and
1746 638 54 75 the
1823 638 114 75 clufter
1960 638 41 75 of
2019 638 89 75 fmall
2124 638 90 75 bags,

1658 684 106 75 which
1791 684 128 75 contain
1946 684 56 75 the
2026 684 70 75 acid
2114 684 100 75 juice,

1659 730 140 75 inclofed
1814 730 32 75 in
1862 730 56 75 the
1933 730 89 75 large
2038 730 89 75 ones.

1613 778 29 75 C
1660 778 42 75 C,
1726 778 78 75 The
1821 778 88 75 large
1925 778 109 75 veffels
2058 778 71 75 that
2148 778 67 75 fur-

1659 823 103 75 round
1777 823 56 75 the
1851 823 82 75 pith.

1613 870 36 75 D
1666 870 48 75 D,
1738 870 89 75 Two
1841 870 42 75 of
1893 870 55 75 the
1959 870 88 75 large
2062 870 78 75 bags
2151 870 66 75 laid

1522 916 7 75 •

1657 916 95 75 open,
1786 916 136 75 (hewing
1948 916 56 75 the
2027 916 102 75 feeds,
2155 916 62 75 and

1659 962 83 75 their
1768 962 186 75 connedtion
1980 962 80 75 with
2087 962 56 75 the
2169 962 48 75 la-

1661 1009 100 75 mellae
1799 1009 40 75 or
1875 1009 196 75 membranes
2110 1009 107 75 which

1660 1055 85 75 form
1761 1055 56 75 the
1832 1055 90 75 large
1937 1055 91 75 bags.

1188 1156 131 75 Sect.
1348 1156 94 75 VII.
1495 1156 67 75 Of
1581 1156 67 75 the
1666 1156 139 75 nature
1825 1156 86 75 and
1934 1156 132 75 motion
2086 1156 47 75 of
2153 1156 65 75 the

1557 1210 96 75 Sap.

1235 1289 85 75 The
1332 1289 110 75 veffels
1458 1289 32 75 in
1503 1289 55 75 the
1575 1289 86 75 roots
1678 1289 41 75 of
1729 1289 103 75 plants
1845 1289 113 75 abforb
1970 1289 146 75 moiflure
2132 1289 86 75 from

1189 1335 55 75 the
1260 1335 103 75 earth,
1388 1335 64 75 and
1468 1335 124 75 convey
1607 1335 26 75 ft
1650 1335 34 75 to
1700 1335 55 75 the
1772 1335 108 75 trunk,
1904 1335 168 75 branches,
2098 1335 118 75 leaves,

1191 1381 64 75 &c.
1303 1381 86 75 This
1402 1381 98 75 juice,
1525 1381 94 75 when
1641 1381 26 75 it
1690 1381 70 75 firft.
1778 1381 106 75 enters
1908 1381 69 75 into
2000 1381 54 75 the
2079 1381 85 75 root,
2189 1381 28 75 is

1191 1427 97 75 crude
1300 1427 10 75 ;
1329 1427 59 75 but
1403 1427 33 75 as
1449 1427 27 75 it
1492 1427 128 75 afcends
1637 1427 68 75 into
1721 1427 56 75 the
1789 1427 93 75 other
1897 1427 87 75 parts
2001 1427 40 75 of
2047 1427 56 75 the
2114 1427 102 75 plant,

1191 1472 24 75 it
1239 1472 177 75 undergoes
1434 1472 119 75 feveral
1570 1472 149 75 changes,
1745 1472 44 75 by
1804 1472 107 75 means
1936 1472 41 75 of
1995 1472 55 75 the
2067 1472 152 75 different

1191 1521 248 75 configurations
1455 1521 41 75 of
1508 1521 54 75 the
1574 1521 109 75 veflels
1700 1521 141 75 peculiar
1857 1521 35 75 to
1904 1521 78 75 each
1997 1521 84 75 part.
2121 1521 97 75 Thus

1192 1566 55 75 the
1262 1566 117 75 leaves,
1405 1566 137 75 flowers,
1567 1566 91 75 fruit,
1683 1566 64 75 and
1762 1566 85 75 feed,
1872 1566 81 75 have
1976 1566 43 75 all
2041 1566 178 75 fomething

1191 1612 139 75 peculiar
1346 1612 31 75 in
1394 1612 54 75 the
1460 1612 150 75 ftrudlure
1622 1612 63 75 and
1700 1612 219 75 arrangement
1936 1612 42 75 of
1996 1612 83 75 their
2095 1612 122 75 veffds,

1191 1659 105 75 vjhich
1309 1659 154 75 produces
1480 1659 211 75 confiderable
1708 1659 136 75 changes
1856 1659 32 75 in
1904 1659 56 75 the
1977 1659 112 75 nature
2103 1659 40 75 of
2163 1659 57 75 the

1192 1704 64 75 fap.
1305 1704 33 75 It
1353 1704 26 75 is
1403 1704 56 75 not
1475 1704 118 75 known
1608 1704 75 75 how
1698 1704 87 75 thefe
1808 1704 135 75 changes
1961 1704 53 75 are
2031 1704 186 75 produced:

1192 1751 58 75 but
1273 1751 75 75 how
1371 1751 55 75 the
1449 1751 154 75 flomachs
1626 1751 41 75 of
1685 1751 130 75 animals
1832 1751 92 75 make
1941 1751 93 75 chyle
2051 1751 85 75 from
2152 1751 67 75 ani-

1192 1798 63 75 mal
1272 1798 63 75 and
1350 1798 165 75 vegetable
1530 1798 189 75 fubftances,
1744 1798 39 75 or
1793 1798 75 75 how
1880 1798 100 75 urine,
2006 1798 106 75 faliva,
2140 1798 79 75 bile,

1193 1845 63 75 <bc.
1282 1845 26 75 is
1332 1845 143 75 fecreted
1494 1845 85 75 from
1603 1845 55 75 the
1680 1845 148 75 common
1841 1845 82 75 mafs
1940 1845 41 75 of
1997 1845 110 75 blood,
2133 1845 26 75 is
2184 1845 34 75 aS

1192 1891 83 75 little
1286 1891 131 75 known.
1463 1891 78 75 The
1552 1891 54 75 fap
1620 1891 140 75 likewife
1774 1891 109 75 moves
1899 1891 33 75 in
1947 1891 20 75 a
1980 1891 113 75 lateral
2105 1891 40 75 or
2159 1891 60 75 ho-

1193 1938 137 75 rizontal
1344 1938 166 75 diredtion.

1241 1985 223 75 Philofophers
1480 1985 53 75 are
1549 1985 127 75 greatly
1696 1985 130 75 divided
1841 1985 97 75 about
1954 1985 87 75 what
2064 1985 79 75 they
2158 1985 63 75 call

1194 2030 54 75 the
1270 2030 186 75 circulation
1475 2030 45 75 of
1537 2030 55 75 the
1614 2030 66 75 fap.
1732 2030 97 75 Some
1850 2030 149 75 contend,
2026 2030 71 75 that
2117 2030 29 75 it
2168 2030 51 75 re-

1194 2077 88 75 turns
1299 2077 36 75 to
1347 2077 55 75 the
1414 2077 72 75 root
1499 2077 136 75 betwixt
1647 2077 55 75 the
1714 2077 79 75 bark
1808 2077 63 75 and
1881 2077 109 75 wood.
2025 2077 67 75 But
2105 2077 113 75 Hales,

1194 2123 74 75 who
1284 2123 56 75 has
1357 2123 91 75 made
1465 2123 95 75 many
1576 2123 146 75 accurate
1738 2123 215 75 experiments
1965 2123 42 75 on
2020 2123 54 75 the
2085 2123 133 75 fubjedt,

1192 2169 58 75 has
1267 2169 118 75 fliown,
1411 2169 70 75 that
1503 2169 27 75 it
1553 2169 77 75 does
1653 2169 57 75 not
1734 2169 164 75 circulate,
1923 2169 57 75 but
2005 2169 128 75 afcends
2158 2169 62 75 and

1194 2217 149 75 defcends
1360 2217 33 75 in
1415 2217 56 75 the
1486 2217 84 75 fame
1584 2217 131 75 veffels;
1742 2217 69 75 that
1827 2217 27 75 it
1869 2217 127 75 afcends
2012 2217 32 75 in
2062 2217 58 75 hot
2135 2217 85 75 wea-

1194 2262 84 75 ther,
1304 2262 63 75 and
1377 2262 151 75 defcends
1540 2262 33 75 in
1593 2262 86 75 cold,
1704 2262 65 75 like
1789 2262 55 75 the
1866 2262 105 75 fpirits
1987 2262 34 75 in
2037 2262 19 75 a
2078 2262 143 75 thermo-

1192 2309 115 75 meter.

1242 2356 193 75 Vegetables
1451 2356 94 75 begin
1563 2356 35 75 to
1616 2356 112 75 abforb
1745 2356 52 75 fap
1814 2356 98 75 about
1928 2356 56 75 the
1997 2356 173 75 beginning
2185 2356 42 75 of

1196 2401 128 75 Spring,
1350 2401 63 75 and
1427 2401 76 75 foon
1519 2401 84 75 after
1617 2401 91 75 Ihoot
1723 2401 58 75 out
1798 2401 83 75 their
1896 2401 94 75 buds,
2013 2401 118 75 leaves,
2157 2401 64 75 and

1194 2448 137 75 flowers.

1242 2494 109 75 When
1368 2494 104 75 plants
1489 2494 53 75 are
1553 2494 32 75 in
1602 2494 18 75 a
1637 2494 76 75 (late
1729 2494 40 75 of
1786 2494 194 75 vegetation,
2005 2494 168 75 efpecially
2186 2494 34 75 in

1194 2541 58 75 hot
1268 2541 151 75 weather,
1444 2541 90 75 there
1549 2541 27 75 is
1597 2541 19 75 a
1634 2541 90 75 great
1738 2541 74 75 deal
1827 2541 41 75 of
1884 2541 194 75 fuperfluous
2094 2541 53 75 fap
2164 2541 56 75 ab-

1194 2586 134 75 forbed;
1356 2586 56 75 but
1429 2586 54 75 the
1498 2586 194 75 fuperfluous
1709 2586 86 75 parts
1808 2586 53 75 are
1877 2586 121 75 carried
2015 2586 52 75 off
2078 2586 43 75 by
2132 2586 88 75 tran-

1195 2634 163 75 fpiration.
1406 2634 109 75 Every
1542 2634 70 75 part
1638 2634 42 75 of
1699 2634 19 75 a
1739 2634 88 75 plant
1855 2634 190 75 tranfpires;
2083 2634 58 75 but
2164 2634 57 75 the

1195 2680 134 75 greateft
1345 2680 150 75 quantity
1504 2680 97 75 paffes
1612 2680 44 75 by
1673 2680 54 75 the
1742 2680 118 75 leaves.

1245 2727 95 75 Some
1355 2727 81 75 have
1453 2727 134 75 afligned
1603 2727 54 75 the
1676 2727 222 75 tranfpiration
1914 2727 41 75 of
1973 2727 116 75 plants,
2115 2727 33 75 as
2165 2727 56 75 the

1196 2772 90 75 caufe
1310 2772 39 75 of
1365 2772 56 75 the
1443 2772 121 75 motion
1587 2772 40 75 of
1646 2772 55 75 the
1717 2772 65 75 fap.
1831 2772 32 75 It
1879 2772 27 75 is
1924 2772 220 75 undoubtedly
2159 2772 61 75 one

1197 2819 89 75 caufe
1310 2819 38 75 of
1367 2819 64 75 this
1458 2819 142 75 motion;
1635 2819 143 75 becaufe,
1808 2819 31 75 if
1862 2819 55 75 the
1934 2819 221 75 tranfpiration
2179 2819 41 75 be

1187 2867 8 75 '
1195 2867 142 75 flopped,
1362 2867 32 75 at
1411 2867 20 75 a
1445 2867 77 75 time
1544 2867 94 75 when
1654 2867 41 75 all
1712 2867 55 75 the
1783 2867 109 75 veffels
1912 2867 53 75 are
1980 2867 73 75 full,
2078 2867 56 75 the
2150 2867 70 75 mo-

1198 2913 67 75 tion
1277 2913 39 75 of
1334 2913 56 75 the
1406 2913 53 75 fap
1477 2913 49 75 me
1531 2913 24 75 ft
1571 2913 67 75 flop
1654 2913 41 75 of
1711 2913 122 75 courfe.
1882 2913 67 75 But
1961 2913 76 75 then
2053 2913 91 75 there
2160 2913 25 75 is
2202 2913 20 75 a

1197 2961 145 75 previous
1358 2961 64 75 and
1433 2961 152 75 principal
1602 2961 102 75 caufe,
1729 2961 71 75 viz.
1825 2961 71 75 that
1907 2961 109 75 power
2032 2961 32 75 in
2081 2961 55 75 the
2152 2961 68 75 vef-

1679 3009 42 75 M

2149 3009 73 75 fels.
