2428 3377
143 166 78 75 2C2

2081 169 99 75 Part
2199 169 50 75 IT.

698 169 1002 75 ANATOMY.

136 243 10 75 ]
150 243 69 75 owe
223 243 23 75 ft
270 243 87 75 third
382 243 72 75 part
474 243 41 75 of
533 243 56 75 the
612 243 122 75 ontfide
750 243 41 75 of
809 243 56 75 the
880 243 88 75 ulna,
992 243 107 75 below
1115 243 56 75 the

137 290 150 75 infertion
304 290 40 75 of
362 290 55 75 the
440 290 150 75 extenfor
611 290 138 75 pollicis,
774 290 62 75 and
859 290 26 75 it
907 290 58 75 has
991 290 138 75 likewife
1152 290 19 75 a

136 338 91 75 fmall
244 338 146 75 adhefion
407 338 35 75 to
459 338 55 75 the
530 338 184 75 interofteus
731 338 165 75 ligament.
945 338 99 75 From
1055 338 116 75 thence

137 382 27 75 it
180 382 76 75 runs
272 382 108 75 down,
406 382 117 75 ending
545 382 32 75 in
602 382 19 75 a
644 382 122 75 diftinft
790 382 132 75 tendon,
947 382 139 75 without
1109 382 63 75 any

138 430 297 75 communications,
461 430 105 75 which
589 430 117 75 having
721 430 106 75 pafled
843 430 141 75 through
1000 430 56 75 the
1072 430 98 75 annu-

137 475 50 75 lar
201 475 153 75 ligament
370 475 41 75 of
428 475 55 75 the
500 475 150 75 extenfor
661 475 188 75 communis,
874 475 189 75 afterwards
1081 475 89 75 joins

138 522 72 75 that
225 522 120 75 tendon
362 522 105 75 which
483 522 77 75 goes
576 522 36 75 to
628 522 56 75 the
700 522 111 75 index.

172 628 265 75 EXTENSOR
472 628 175 75 MINIMI
683 628 162 75 DIGITI
881 628 255 75 PROPRIUS,

184 705 98 75 This
307 705 27 75 is
359 705 18 75 a
400 705 79 75 kind
502 705 41 75 of
560 705 164 75 collateral
749 705 38 75 or
811 705 161 75 auxiliary
992 705 118 75 mufcle
1134 705 41 75 of

137 751 56 75 the
210 751 149 75 extenfor
382 751 188 75 communis,
595 751 41 75 of
654 751 105 75 which
784 751 25 75 it
833 751 132 75 appears
989 751 110 75 almoit
1123 751 46 75 al-

137 797 87 75 ways
242 797 35 75 to
292 797 41 75 be
350 797 88 75 more
455 797 37 75 or
507 797 60 75 lefs
579 797 19 75 a
614 797 139 75 portion.

185 843 31 75 It
232 843 26 75 is
275 843 89 75 fixed
380 843 94 75 along
491 843 55 75 the
561 843 144 75 fuperior
725 843 148 75 external
896 843 74 75 half
989 843 40 75 of
1047 843 55 75 the
1119 843 49 75 ul-

136 890 55 75 na,
224 890 84 75 from
332 890 131 75 whence
487 890 42 75 its
554 890 77 75 long
655 890 89 75 fmall
770 890 119 75 tendon
913 890 76 75 runs
1016 890 95 75 down
1135 890 33 75 in

136 936 158 75 company
310 936 79 75 with
406 936 56 75 the
478 936 111 75 fourth
606 936 120 75 tendon
741 936 40 75 of
793 936 56 75 the
861 936 148 75 extenfor
1027 936 141 75 commu-

136 982 63 75 nis,
225 982 43 75 all
285 982 57 75 the
355 982 73 75 way
443 982 36 75 to
494 982 56 75 the
565 982 85 75 little
666 982 113 75 finger,
795 982 108 75 where
915 982 25 75 it
953 982 86 75 joins
1051 982 39 75 it,
1108 982 62 75 and

135 1031 28 75 is
178 1031 81 75 infer
263 1031 55 75 ted
332 1031 78 75 with
422 1031 39 75 it.

389 1136 521 75 LUMBRICALES.

183 1214 126 75 These
329 1214 54 75 are
399 1214 73 75 four
494 1214 78 75 very
595 1214 89 75 fmall
708 1214 122 75 flender
851 1214 145 75 mufcles,
1021 1214 90 75 lying
1133 1214 33 75 in

137 1259 56 75 the
209 1259 121 75 hollow
346 1259 40 75 of
404 1259 56 75 the
476 1259 99 75 hand,
599 1259 32 75 in
653 1259 55 75 the
731 1259 84 75 fame
839 1259 153 75 direction
1015 1259 79 75 with
1111 1259 55 75 the

135 1306 182 75 perforatus
329 1306 62 75 and
407 1306 178 75 perforans.

183 1352 100 75 They
298 1352 52 75 are
366 1352 101 75 fixed,
492 1352 44 75 by
552 1352 84 75 their
652 1352 96 75 flefhy
763 1352 123 75 bodies,
911 1352 35 75 to
963 1352 57 75 the
1031 1352 134 75 tendons

137 1399 42 75 of
195 1399 56 75 t}ie
268 1399 179 75 perforatus
463 1399 42 75 on
522 1399 55 75 the
594 1399 63 75 fide
680 1399 79 75 next
783 1399 55 75 the
860 1399 128 75 thumb,
1012 1399 77 75 near
1112 1399 54 75 the

134 1446 90 75 large
249 1446 130 75 annular
401 1446 154 75 ligament
577 1446 39 75 of
635 1446 55 75 the
714 1446 126 75 carpus.
888 1446 91 75 Near
995 1446 55 75 the
1067 1446 99 75 heads

136 1492 44 75 of
197 1492 56 75 the
268 1492 189 75 metacarpal
475 1492 112 75 bones,
611 1492 78 75 they
700 1492 130 75 become
847 1492 78 75 very
935 1492 70 75 thin
1017 1492 148 75 tendons,

135 1538 108 75 which
260 1538 195 75 accompany
471 1538 90 75 thofe
577 1538 40 75 of
628 1538 55 75 the
698 1538 165 75 perforans
874 1538 141 75 through
1027 1538 56 75 the
1099 1538 68 75 fur-

135 1583 45 75 css
197 1583 41 75 of
256 1583 55 75 the
327 1583 198 75 aponeurofis
542 1583 162 75 palmaris.
750 1583 99 75 Then
873 1583 78 75 they
975 1583 69 75 pafs
1065 1583 44 75 on
1131 1583 36 75 to

135 1632 57 75 the
209 1632 83 75 fame
310 1632 77 75 fides
404 1632 39 75 of
462 1632 56 75 the
542 1632 65 75 firft
631 1632 184 75 phalanges,
840 1632 63 75 and
922 1632 70 75 join
1017 1632 56 75 the
1096 1632 70 75 ten-

135 1680 83 75 dons
247 1680 40 75 of
311 1680 56 75 the
395 1680 149 75 extenfor
566 1680 196 75 communis;
796 1680 77 75 each
899 1680 39 75 of
957 1680 88 75 them
1072 1680 95 75 being

136 1724 171 75 connedted
321 1724 78 75 with
416 1724 55 75 the
483 1724 119 75 neareft
618 1724 129 75 portion
763 1724 140 75 thereof,
928 1724 35 75 at
978 1724 55 75 the
1050 1724 116 75 articu-

136 1769 101 75 lation
249 1769 40 75 of
307 1769 55 75 the
379 1769 63 75 firft
457 1769 143 75 phalanx
610 1769 80 75 with
703 1769 55 75 the
773 1769 128 75 fecond.

426 1875 447 75 INTEROSSEI.

183 1955 131 75 These
330 1955 52 75 are
398 1955 90 75 fmall
500 1955 146 75 mufcles,
670 1955 90 75 lying
775 1955 144 75 between
940 1955 55 75 the
1011 1955 154 75 metacar-

136 2003 55 75 pal
212 2003 112 75 bones,
349 2003 62 75 and
433 2003 102 75 filling
557 2003 56 75 the
636 2003 91 75 three
748 2003 174 75 interftices
945 2003 61 75 left
1022 2003 143 75 between

136 2047 101 75 them,
263 2047 79 75 both
358 2047 189 75 exteriorly,
572 2047 38 75 or
625 2047 139 75 towards
782 2047 55 75 the
855 2047 81 75 back
948 2047 40 75 of
999 2047 55 75 the
1065 2047 99 75 hand,

136 2093 65 75 and
215 2093 180 75 interiorly,
420 2093 37 75 or
473 2093 124 75 toward
613 2093 55 75 the
684 2093 85 75 palm
793 2093 38 75 of
850 2093 56 75 the
921 2093 98 75 hand.
1068 2093 99 75 Fiom

136 2139 66 75 this
219 2139 148 75 firuation
381 2139 78 75 tliey
480 2139 81 75 have
577 2139 55 75 the
652 2139 90 75 name
758 2139 40 75 of
816 2139 167 75 intt.rr,ffei,
1008 2139 63 75 and
1086 2139 82 75 have

135 2185 80 75 been
232 2185 129 75 divided
371 2185 69 75 into
456 2185 144 75 external
618 2185 63 75 and
695 2185 149 75 internal.
893 2185 99 75 They
1008 2185 54 75 are
1079 2185 87 75 com-

135 2232 112 75 monly
262 2232 160 75 reckoned
436 2232 47 75 fix
498 2232 32 75 in
546 2232 145 75 number,
715 2232 92 75 three
822 2232 159 75 external,
998 2232 62 75 and
1076 2232 91 75 three

135 2279 151 75 internal.

186 2325 76 75 The
277 2325 64 75 firft
357 2325 66 75 two
446 2325 143 75 external
612 2325 158 75 interoflei
792 2325 53 75 are
862 2325 52 75 for
929 2325 56 75 the
1001 2325 80 75 moft
1096 2325 72 75 part

136 2371 139 75 inferred
298 2371 32 75 in
356 2371 54 75 the
434 2371 121 75 middle
577 2371 114 75 finger.
736 2371 100 75 They
852 2371 47 75 fill
920 2371 56 75 the
992 2371 174 75 interftices

137 2417 145 75 between
304 2417 56 75 the
384 2417 90 75 three
497 2417 64 75 firft
583 2417 192 75 metacarpal
797 2417 113 75 bones,
934 2417 62 75 and
1012 2417 154 75 furround

137 2464 57 75 the
210 2464 118 75 middle
349 2464 84 75 bone
455 2464 43 75 all
520 2464 55 75 the
591 2464 71 75 way
677 2464 36 75 to
729 2464 55 75 the
800 2464 121 75 hollow
936 2464 41 75 of
995 2464 55 75 the
1066 2464 99 75 hand.

136 2510 106 75 Their
257 2510 136 75 tendons
405 2510 52 75 are
473 2510 88 75 fixed
576 2510 33 75 in
625 2510 79 75 both
720 2510 79 75 fides
815 2510 41 75 of
867 2510 53 75 the
932 2510 64 75 firft:
1012 2510 154 75 phalanx,

138 2557 63 75 and
216 2557 33 75 in
266 2557 80 75 both
362 2557 79 75 iides
466 2557 40 75 of
524 2557 56 75 the
604 2557 116 75 fecond
743 2557 121 75 tendon
887 2557 40 75 of
945 2557 57 75 the
1018 2557 149 75 extenfor

137 2603 189 75 communis.

185 2650 76 75 The
278 2650 87 75 third
381 2650 145 75 external
541 2650 185 75 interoffeus
744 2650 57 75 lies
817 2650 33 75 in
866 2650 55 75 the
937 2650 157 75 interftice
1110 2650 55 75 be-

137 2696 97 75 twixt
249 2696 56 75 the
321 2696 65 75 two
408 2696 57 75 laft
488 2696 191 75 metacarpal
701 2696 111 75 bones,
837 2696 64 75 and
924 2696 26 75 is
975 2696 79 75 moft
1077 2696 87 75 com-

137 2742 111 75 monly
262 2742 139 75 inferted
417 2742 32 75 in
465 2742 56 75 the
538 2742 69 75 ring
622 2742 122 75 finger;
769 2742 42 75 its
828 2742 119 75 tendon
967 2742 94 75 being
1077 2742 88 75 fixed

138 2788 33 75 in
187 2788 70 75 that
272 2788 62 75 fide
350 2788 40 75 of
408 2788 55 75 the
479 2788 63 75 firft
560 2788 140 75 phalanx
716 2788 130 75 fartheft
862 2788 84 75 from
963 2788 55 75 the
1037 2788 126 75 thumb,

137 2833 64 75 and
216 2833 32 75 in
264 2833 56 75 the
336 2833 244 75 correfponding
595 2833 81 75 edge
688 2833 40 75 of
746 2833 55 75 the
813 2833 85 75 third
916 2833 118 75 tendon
1051 2833 40 75 of
1108 2833 55 75 the

138 2879 149 75 extenfor
313 2879 185 75 communis.
551 2879 77 75 The
655 2879 96 75 flefhy
777 2879 88 75 body
892 2879 41 75 of
958 2879 63 75 this
1046 2879 118 75 mufcle

138 2925 75 75 runs
230 2925 31 75 in
277 2925 144 75 between
436 2925 54 75 the
507 2925 65 75 two
589 2925 97 75 bones
702 2925 125 75 toward
842 2925 56 75 the
914 2925 121 75 hollow
1050 2925 41 75 of
1108 2925 56 75 the

138 2970 98 75 hand.

185 3018 76 75 The
275 3018 135 75 internal
420 3018 159 75 interoffei
595 3018 53 75 are
658 3018 89 75 more
758 3018 105 75 fimple
875 3018 79 75 than
965 3018 54 75 the
1030 3018 135 75 former.

1218 245 62 75 and
1295 245 42 75 do
1355 245 57 75 not
1428 245 41 75 lie
1484 245 34 75 fo
1531 245 95 75 much
1642 245 146 75 between
1805 245 55 75 the
1877 245 111 75 bones.
2037 245 77 75 The
2131 245 118 75 tendon

1218 291 42 75 of
1277 291 55 75 the
1349 291 63 75 firft
1427 291 28 75 is
1477 291 139 75 inferted
1631 291 33 75 in
1681 291 55 75 the
1752 291 63 75 fide
1833 291 40 75 of
1891 291 55 75 the
1963 291 66 75 firft
2052 291 142 75 phalanx
2216 291 41 75 of

1218 338 56 75 the
1289 338 202 75 fore-finger,
1516 338 79 75 next
1612 338 55 75 the
1684 338 83 75 little
1791 338 113 75 finger,
1930 338 62 75 and
2016 338 32 75 in
2072 338 56 75 the
2143 338 107 75 corre-

1218 384 155 75 fponding
1396 384 80 75 edge
1499 384 41 75 of
1558 384 56 75 the
1631 384 149 75 extenfor
1803 384 186 75 communis.
2037 384 77 75 The
2131 384 121 75 tendon

1217 431 40 75 of
1276 431 55 75 the
1346 431 117 75 fecond
1478 431 78 75 goes
1572 431 32 75 in
1622 431 55 75 the
1692 431 85 75 fame
1792 431 130 75 manner
1937 431 36 75 to
1989 431 56 75 the
2060 431 63 75 fide
2139 431 42 75 of
2194 431 58 75 the

1217 477 189 75 ring-finger
1430 477 80 75 next
1533 477 36 75 to
1593 477 56 75 the
1673 477 113 75 thumb
1797 477 11 75 ;
1841 477 63 75 and
1930 477 55 75 the
2009 477 102 75 third,
2135 477 36 75 to
2196 477 55 75 the

1218 524 84 75 fame
1314 524 64 75 fide
1393 524 41 75 of
1451 524 55 75 the
1518 524 84 75 little
1618 524 113 75 finger.

1263 569 114 75 There
1404 569 53 75 are
1481 569 163 75 therefore
1669 569 66 75 two
1758 569 145 75 external
1928 569 160 75 intercflei
2115 569 52 75 for
2195 569 55 75 the

1218 617 122 75 middle
1356 617 114 75 finger,
1495 617 61 75 one
1573 617 50 75 for
1640 617 55 75 the
1711 617 72 75 ring
1806 617 113 75 finger,
1947 617 59 75 but
2027 617 83 75 none
2126 617 53 75 for
2194 617 56 75 the

1217 663 70 75 fore
1303 663 63 75 and
1381 663 85 75 little
1483 663 113 75 finger.
1636 663 77 75 The
1729 663 120 75 middle
1865 663 101 75 finger
1981 663 57 75 has
2055 663 41 75 no
2112 663 137 75 internal

1215 709 206 75 interoffeus;
1447 709 60 75 but
1524 709 56 75 the
1596 709 111 75 index,
1731 709 73 75 ring
1820 709 112 75 finger,
1957 709 64 75 and
2035 709 85 75 little
2136 709 112 75 finger,

1217 756 81 75 have
1314 756 79 75 each
1406 756 39 75 of
1464 756 89 75 them
1569 756 72 75 one.

1257 858 634 75 SEMI-INTEROSSEUS
1943 858 267 75 INDICIS.

1262 938 97 75 This
1385 938 27 75 is
1437 938 20 75 a
1478 938 103 75 fmall,
1605 938 99 75 fhort,
1729 938 68 75 flat,
1821 938 99 75 flefby
1934 938 130 75 mufcle,
2088 938 81 75 very
2183 938 66 75 like

1214 985 55 75 the
1281 985 194 75 antithenar,
1499 985 38 75 or
1552 985 136 75 internal
1704 985 278 75 femi-interoffeus
1998 985 40 75 of
2048 985 56 75 the
2120 985 127 75 thumb.

1215 1030 31 75 It
1263 1030 27 75 is
1308 1030 132 75 fituated
1455 1030 166 75 obliquely
1637 1030 41 75 on
1695 1030 60 75 one
1767 1030 63 75 fide
1845 1030 39 75 of
1904 1030 71 75 that
1991 1030 40 75 of
2049 1030 56 75 the
2120 1030 128 75 thumb,

1214 1077 142 75 between
1373 1077 56 75 the
1445 1077 64 75 firft
1527 1077 141 75 phalanx
1690 1077 139 75 thereof,
1854 1077 62 75 and
1941 1077 55 75 the
2012 1077 65 75 ftrft
2093 1077 155 75 metacar-

1213 1123 51 75 pal
1282 1123 95 75 bone.

1262 1170 33 75 It
1309 1170 27 75 is
1351 1170 89 75 fixed
1455 1170 45 75 by
1524 1170 61 75 one
1610 1170 64 75 end
1696 1170 36 75 to
1756 1170 56 75 the
1836 1170 123 75 outfide
1981 1170 41 75 of
2039 1170 56 75 the
2116 1170 79 75 bafis
2212 1170 38 75 of

1213 1216 55 75 the
1284 1216 63 75 firft
1364 1216 142 75 phalanx
1522 1216 39 75 of
1580 1216 55 75 the
1652 1216 126 75 thumb,
1804 1216 63 75 and
1883 1216 18 75 a
1916 1216 85 75 little
2019 1216 35 75 to
2076 1216 70 75 that
2163 1216 83 75 bone

1214 1262 41 75 of
1272 1262 57 75 the
1345 1262 112 75 carpus
1477 1262 44 75 by
1536 1262 106 75 which
1658 1262 65 75 this
1747 1262 141 75 phalanx
1911 1262 27 75 is
1963 1262 193 75 fupported;
2184 1262 75 75 and.

1214 1309 43 75 by
1282 1309 57 75 the
1364 1309 93 75 other
1482 1309 63 75 end
1568 1309 26 75 it
1618 1309 27 75 is
1670 1309 88 75 fixed
1782 1309 76 75 near
1881 1309 55 75 the
1952 1309 83 75 head
2051 1309 40 75 of
2110 1309 55 75 the
2181 1309 65 75 firft

1214 1355 141 75 phalanx
1370 1355 40 75 of
1429 1355 55 75 the
1500 1355 111 75 index,
1635 1355 43 75 on
1694 1355 71 75 that
1781 1355 64 75 fide
1860 1355 81 75 next
1951 1355 56 75 the
2022 1355 128 75 thumb.

1268 1459 411 75 HYPOTHENAR
1719 1459 215 75 MINIMI
1975 1459 217 75 DIGITI.

1261 1538 98 75 This
1376 1538 26 75 is
1420 1538 18 75 a
1454 1538 88 75 fmall
1560 1538 62 75 and
1637 1538 108 75 pretty
1760 1538 76 75 long
1858 1538 130 75 mufcle,
2013 1538 89 75 lying
2125 1538 42 75 on
2189 1538 58 75 the

1214 1586 144 75 backfide
1374 1586 42 75 of
1433 1586 56 75 the
1513 1586 111 75 fourth
1648 1586 192 75 metacarpal
1864 1586 83 75 bone
1971 1586 139 75 oppofite
2132 1586 35 75 to
2189 1586 57 75 the

1216 1631 125 75 thumb,
1367 1631 120 75 where,
1511 1631 150 75 together
1675 1631 78 75 with
1772 1631 55 75 the
1845 1631 220 75 metacarpius,
2090 1631 37 75 or
2143 1631 103 75 hypo-

1215 1677 113 75 thenar
1352 1677 184 75 metacarpi,
1561 1677 27 75 it
1609 1677 100 75 forms
1734 1677 71 75 that
1828 1677 88 75 large
1940 1677 162 75 eminence
2118 1677 127 75 over-a-

1216 1723 97 75 gainft
1331 1723 54 75 the
1398 1723 113 75 thenar
1523 1723 38 75 or
1576 1723 71 75 that
1664 1723 40 75 of
1723 1723 56 75 the
1795 1723 126 75 thumb.

1264 1769 31 75 It
1311 1769 26 75 is
1358 1769 88 75 fixed
1466 1769 45 75 by
1526 1769 60 75 one
1603 1769 63 75 end
1681 1769 31 75 in
1725 1769 56 75 the
1798 1769 35 75 os
1848 1769 181 75 orbiculare
2045 1769 41 75 of
2103 1769 56 75 the
2175 1769 70 75 car-

1216 1816 70 75 pus,
1312 1816 63 75 and
1390 1816 19 75 a
1419 1816 85 75 little
1520 1816 35 75 to
1572 1816 55 75 the
1639 1816 231 75 neighbouring
1882 1816 70 75 part
1969 1816 41 75 of
2025 1816 54 75 the
2091 1816 87 75 large
2189 1816 57 75 an-

1214 1861 91 75 nular
1327 1861 167 75 ligament.
1541 1861 77 75 The
1642 1861 95 75 other
1759 1861 63 75 end
1845 1861 183 75 terminates
2051 1861 44 75 by
2118 1861 18 75 a
2159 1861 87 75 fhort

1214 1907 114 75 ftattifh
1345 1907 133 75 tendon,
1502 1907 90 75 fixed
1608 1907 35 75 to
1658 1907 71 75 that
1745 1907 63 75 fide
1824 1907 41 75 of
1884 1907 56 75 the
1960 1907 78 75 bafis
2055 1907 40 75 of
2113 1907 56 75 the
2180 1907 67 75 firft

1212 1954 141 75 phalanx
1374 1954 41 75 of
1434 1954 55 75 the
1515 1954 86 75 little
1624 1954 100 75 finger
1751 1954 107 75 which
1881 1954 27 75 is
1933 1954 121 75 turn^f
2072 1954 86 75 from
2186 1954 55 75 the

1213 2000 126 75 thumb.

1293 2103 105 75 Uses
1425 2103 43 75 of
1483 2103 52 75 the
1560 2103 143 75 Mufcles
1719 2103 107 75 which
1844 2103 87 75 move
1947 2103 53 75 the
2015 2103 149 75 Fingers.

1262 2184 86 75 The
1374 2184 180 75 perforatns
1570 2184 105 75 ferves
1699 2184 36 75 to
1756 2184 84 75 bend
1863 2184 54 75 the
1941 2184 117 75 fecond
2073 2184 172 75 phalanges

1216 2230 39 75 of
1266 2230 43 75 all
1337 2230 56 75 the
1412 2230 116 75 fingers
1545 2230 115 75 except
1676 2230 56 75 the
1755 2230 135 75 thumb;
1917 2230 61 75 and
1995 2230 55 75 the
2071 2230 174 75 particular

1215 2276 146 75 mufcles,
1385 2276 41 75 of
1437 2276 103 75 which
1561 2276 24 75 it
1603 2276 26 75 is
1649 2276 94 75 made
1758 2276 55 75 up,
1838 2276 73 75 may
1930 2276 49 75 a<ft
1994 2276 189 75 feparately,
2201 2276 43 75 by

1215 2324 108 75 reafon
1339 2324 40 75 of
1390 2324 84 75 their
1493 2324 122 75 diftincft
1629 2324 168 75 infertions
1813 2324 34 75 in
1862 2324 87 75 thefe
1965 2324 183 75 phalanges.

1253 2372 106 75 They
1376 2372 57 75 not
1457 2372 77 75 only
1549 2372 84 75 bend
1649 2372 56 75 the
1719 2372 116 75 fecond
1850 2372 171 75 phalanges
2038 2372 40 75 on
2095 2372 54 75 the
2166 2372 76 75 firft,

1215 2415 57 75 but
1288 2415 65 75 alfo
1369 2415 54 75 the
1440 2415 65 75 firft
1520 2415 42 75 on
1579 2415 55 75 the
1650 2415 190 75 metacarpal
1857 2415 110 75 bones,
1994 2415 61 75 and
2073 2415 53 75 the
2143 2415 100 75 meta-

1214 2462 112 75 carpus
1343 2462 62 75 and
1421 2462 112 75 carpus
1549 2462 42 75 on
1608 2462 55 75 the
1678 2462 166 75 fore-arm.

1261 2508 75 75 The
1360 2508 165 75 perforans
1549 2508 101 75 bends
1673 2508 208 75 particularly
1896 2508 56 75 the
1969 2508 88 75 third
2072 2508 171 75 phalanges

1215 2555 30 75 in
1266 2555 105 75 which
1396 2555 25 75 it
1444 2555 27 75 is
1494 2555 160 75 inferted;
1681 2555 62 75 and
1758 2555 43 75 by
1819 2555 55 75 the
1890 2555 83 75 fame
1990 2555 122 75 motion
2128 2555 24 75 it
2169 2555 74 75 may

1215 2600 143 75 likewife
1372 2600 85 75 bend
1473 2600 55 75 the
1544 2600 65 75 firft
1625 2600 63 75 and
1703 2600 116 75 fecond
1835 2600 182 75 phalanges.

1263 2646 29 75 It
1310 2646 73 75 may
1398 2646 138 75 likewife
1552 2646 40 75 be
1608 2646 156 75 efteemed
1780 2646 38 75 an
1836 2646 129 75 afliftant
1990 2646 35 75 to
2046 2646 54 75 the
2122 2646 120 75 ulnaris

1215 2692 60 75 and
1299 2692 128 75 radialis
1453 2692 116 75 interni
1597 2692 30 75 in
1653 2692 90 75 great
1766 2692 132 75 efforts;
1927 2692 61 75 and
2005 2692 87 75 thefe
2108 2692 133 75 mufcks

1213 2739 95 75 many
1320 2739 208 75 reciprocally
1548 2739 39 75 be
1602 2739 118 75 looked
1732 2739 86 75 upon
1834 2739 33 75 as
1884 2739 146 75 affiftants
2046 2739 35 75 to
2098 2739 54 75 the
2168 2739 73 75 per-

1213 2785 121 75 foratus
1351 2785 62 75 and
1429 2785 176 75 perforans.

1259 2832 77 75 The
1360 2832 149 75 extenfor
1530 2832 174 75 digitorum
1728 2832 175 75 communis
1931 2832 103 75 ferves
2060 2832 35 75 to
2120 2832 120 75 extend

1214 2879 54 75 the
1284 2879 73 75 four
1374 2879 129 75 fingers,
1528 2879 36 75 to
1588 2879 80 75 keep
1696 2879 87 75 them
1807 2879 32 75 in
1860 2879 61 75 any
1941 2879 116 75 degree
2074 2879 41 75 of
2125 2879 113 75 exten-

1214 2924 76 75 fion,
1315 2924 63 75 and
1393 2924 35 75 to
1444 2924 163 75 moderate
1624 2924 83 75 their
1722 2924 119 75 flexion
1858 2924 31 75 in
1907 2924 41 75 all
1961 2924 53 75 the
2031 2924 208 75 determinate

1213 2970 131 75 degrees
1362 2970 40 75 of
1411 2970 103 75 a&iort
1534 2970 39 75 of
1584 2970 55 75 the
1654 2970 180 75 perforatus
1851 2970 64 75 and
1932 2970 177 75 perforans.

1259 3018 91 75 Each
1373 3018 119 75 tendoa
1507 3018 104 75 ferves
1627 3018 34 75 to
1679 3018 124 75 extend
1816 3018 19 75 a
1853 3018 106 75 whole
1978 3018 112 75 finger,
2115 3018 70 75 that
2196 3018 39 75 is,

2194 3057 44 75 all
