2477 3395
537 189 35 75 B
632 189 39 75 O
731 189 44 75 U

1100 189 18 75 (
1178 189 80 75 655
1320 189 17 75 )

1654 189 254 75 BOW

220 254 106 75 duchy
336 254 41 75 of
388 254 210 75 Luxemburg
614 254 61 75 and
690 254 224 75 biftioprickof
925 254 122 75 Liege:
1066 254 45 75 E.
1129 254 67 75 Ion.

225 300 14 75 5
239 282 25 49 0
264 300 15 75 ,
305 300 62 75 and
383 300 46 75 N.
446 300 59 75 lat.
531 300 43 75 49
574 282 23 49 0
618 300 67 75 49'.

173 346 220 75 Bouillon,
418 346 32 75 in
478 346 54 75 the
560 346 142 75 menage,
728 346 18 75 a
769 346 87 75 lump
874 346 36 75 or
925 346 208 75 excrefcence
1162 346 40 75 of

219 391 86 75 fleih,
330 391 70 75 that
415 391 104 75 grows
541 391 102 75 either
666 391 97 75 upon,
788 391 37 75 or
848 391 70 75 juft'
936 391 55 75 by,
1017 391 55 75 the
1097 391 99 75 frufh,

219 438 161 75 infomuch
404 438 69 75 that
491 438 53 75 the
566 438 85 75 fruftt
667 438 105 75 fhoots
797 438 68 75 out,
888 438 63 75 juft
975 438 64 75 like
1068 438 18 75 a
1110 438 86 75 lump

219 484 41 75 of
270 484 84 75 fleih,
380 484 62 75 and
465 484 107 75 makes
589 484 56 75 the
661 484 90 75 horfe
768 484 86 75 halt;
881 484 61 75 and
970 484 65 75 this
1063 484 48 75 we
1135 484 62 75 call

162 530 7 75 .
218 530 56 75 the
290 530 73 75 flelh
379 530 140 75 blowing
534 530 85 75 upon
635 530 55 75 the
707 530 99 75 frulh.
838 530 139 75 Menage
989 530 120 75 horfes,
1127 530 71 75 that

219 576 95 75 never
329 576 62 75 wet
408 576 84 75 their
507 576 77 75 feet,
610 576 53 75 are
679 576 116 75 fubjedt
814 576 33 75 to
863 576 87 75 thefc
963 576 234 75 excrefcences,

220 622 102 75 which
341 622 90 75 make
448 622 86 75 them
552 622 75 75 very
643 622 93 75 lame.
787 622 61 75 See
866 622 143 75 Frush.

172 669 222 75 BOVINES,
420 669 122 75 ivhnall
561 669 84 75 town
667 669 30 75 in
715 669 53 75 the
786 669 149 75 province
951 669 40 75 of
1002 669 137 75 Namur,
1166 669 30 75 in

220 715 54 75 the
291 715 148 75 Auftrian
463 715 230 75 Netherlands,
718 715 96 75 about
843 715 51 75 ten
923 715 90 75 miles
1045 715 93 75 louth
1161 715 41 75 of

219 761 144 75 Namur:
390 761 43 75 E.
451 761 89 75 long.
559 761 20 75 4
579 743 18 49 0
617 761 43 75 yo
660 743 17 49 7
677 761 19 75 ,
723 761 61 75 and
800 761 47 75 N.
867 761 57 75 lat.
949 761 65 75 50°
1036 761 67 75 20'.

172 808 197 75 BOVINO,
396 808 19 75 a
431 808 86 75 fmall
535 808 65 75 city
616 808 41 75 of
673 808 54 75 the
743 808 204 75 Capitonate,
973 808 30 75 in
1029 808 54 75 the
1107 808 91 75 king-

219 853 74 75 dom
311 853 39 75 of
360 853 132 75 Naples,
519 853 96 75 about
631 853 83 75 fixty
731 853 89 75 miles
845 853 63 75 eaft
931 853 41 75 of
994 853 55 75 the
1076 853 66 75 city
1165 853 40 75 of

218 899 122 75 Naples
355 899 9 75 :
392 899 41 75 E.
452 899 87 75 long.
562 899 40 75 16
602 881 19 49 0
643 899 11 75 1
665 899 15 75 y
680 881 14 49 ,

694 931 12 49 J
732 899 61 75 and
810 899 48 75 N.
877 899 56 75 lat.
952 899 38 75 41
990 881 29 49 0
1019 899 14 75 .

170 946 223 75 BOVISTA,
418 946 32 75 in
468 946 130 75 botany,
624 946 18 75 a
659 946 160 75 fynonime
845 946 39 75 of
906 946 55 75 the
988 946 209 75 lycoperdon.

220 991 59 75 See
296 991 288 75 Lycoperdon.

169 1036 249 75 BOULDER.-'
418 1036 99 75 uwV,
542 1036 19 75 a
576 1036 75 75 kind
670 1036 40 75 of
731 1036 72 75 wall
820 1036 83 75 built
931 1036 40 75 of
995 1036 100 75 round
1113 1036 85 75 flints

216 1083 37 75 or
270 1083 141 75 pebbles,
436 1083 66 75 laid
527 1083 31 75 in
576 1083 18 75 a
610 1083 113 75 ftrong.
740 1083 132 75 mortar,
898 1083 61 75 and
987 1083 77 75 ufed
1093 1083 105 75 where

217 1131 56 75 the
292 1131 50 75 fea
358 1131 56 75 has
431 1131 18 75 a
465 1131 99 75 beach
582 1131 63 75 call:
660 1131 55 75 up,
741 1131 36 75 or
795 1131 106 75 where
905 1131 102 75 "there
1020 1131 52 75 are
1089 1131 110 75 plenty

220 1175 38 75 of
274 1175 96 75 flints.

171 1222 278 75 BOULETTE,
467 1222 31 75 in
513 1222 54 75 the
584 1222 143 75 menage.
754 1222 31 75 A
796 1222 91 75 horfe
897 1222 26 75 is
935 1222 103 75 called

218 1267 90 75 when
335 1267 55 75 the
418 1267 133 75 fetlock,
584 1267 39 75 or
650 1267 232 75 poftern-joint,
916 1267 98 75 bends
1042 1267 154 75 forward,

217 1313 61 75 and
295 1313 61 75 out
367 1313 41 75 of
418 1313 40 75 its
476 1313 123 75 natural
616 1313 145 75 fituation
775 1313 9 75 ;
811 1313 143 75 whether
982 1313 140 75 through
1151 1313 47 75 vi-

216 1359 86 75 olent
320 1359 114 75 riding,
460 1359 37 75 or
514 1359 43 75 by
581 1359 107 75 reafon
714 1359 40 75 of
776 1359 95 75 being
888 1359 55 75 too
959 1359 85 75 fhort
1058 1359 140 75 jointed,

217 1405 30 75 in
270 1405 102 75 which
390 1405 67 75 cafe
478 1405 55 75 the
550 1405 75 75 leaft
642 1405 120 75 fatigue
779 1405 66 75 will
863 1405 93 75 bring
971 1405 38 75 it.

171 1452 284 75 BOULOGNE,
480 1452 37 75 or
533 1452 198 75 Bologne,
758 1452 17 75 a
800 1452 176 75 port-town
1004 1452 39 75 of
1063 1452 134 75 France,

218 1497 135 75 fituated
367 1497 32 75 in
424 1497 55 75 the
503 1497 149 75 province
682 1497 40 75 of
744 1497 148 75 Picardy,
918 1497 42 75 on
984 1497 55 75 the
1066 1497 132 75 Englilh

219 1543 155 75 channel:
403 1543 42 75 E.
463 1543 89 75 long.
576 1543 39 75 i°
639 1543 42 75 jo
681 1525 10 49 7
691 1543 13 75 ,
731 1543 60 75 arid
807 1543 48 75 N.
873 1543 58 75 lat.
953 1543 43 75 yo
996 1525 93 49 0^©7
1089 1543 13 75 .

171 1590 265 75 BOULTINE,
462 1590 19 75 a
508 1590 79 75 term
617 1590 104 75 which
746 1590 161 75 workmen
924 1590 52 75 ufe
992 1590 52 75 for
1061 1590 18 75 a
1096 1590 101 75 moul-

217 1635 87 75 ding,
329 1635 56 75 the
402 1635 171 75 convexity
599 1635 40 75 of
661 1635 105 75 which
783 1635 25 75 is
833 1635 64 75 juft
914 1635 59 75 one
990 1635 109 75 fourth
1117 1635 40 75 of
1179 1635 19 75 a

217 1681 107 75 circle,
348 1681 95 75 being
458 1681 56 75 the
537 1681 142 75 member
696 1681 79 75 next
789 1681 103 75 below
908 1681 54 75 the
979 1681 103 75 plinth
1099 1681 30 75 in
1143 1681 56 75 the

216 1727 127 75 Tufcan
362 1727 62 75 and
436 1727 103 75 Doric
555 1727 128 75 capital.

171 1773 213 75 BOUNCE,
408 1773 32 75 in
463 1773 222 75 ichthyology,
710 1773 54 75 the
781 1773 131 75 Englilh
934 1773 91 75 name
1045 1773 42 75 of
1096 1773 17 75 a
1129 1773 69 75 fpe-

220 1819 62 75 cies
300 1819 38 75 of
350 1819 139 75 fquatus.
539 1819 61 75 See
619 1819 193 75 SqjJALUs.

172 1865 198 75 BOUNDS
396 1865 42 75 of
451 1865 107 75 lands.
609 1865 61 75 See
688 1865 226 75 Abuttals.

170 1912 214 75 BOUNTY,
410 1912 31 75 in
458 1912 189 75 commerce,
673 1912 17 75 a
706 1912 154 75 premium
890 1912 70 75 paid
988 1912 43 75 by
1059 1912 56 75 the
1139 1912 41 75 go

218 1957 163 75 vernment
400 1957 34 75 to
459 1957 55 75 the
536 1957 165 75 exporters
726 1957 39 75 of
786 1957 117 75 certain
920 1957 116 75 Britilh
1054 1957 139 75 commo-

215 2004 107 75 dities,
347 2004 33 75 as
398 2004 172 75 fail-cloth,
589 2004 76 75 gold
678 2004 61 75 and
756 2004 89 75 filver
857 2004 79 75 lace,
955 2004 57 75 fdk
1024 2004 186 75 ftockings^.

216 2049 66 75 fifh,
308 2049 90 75 corn,
426 2049 66 75 &c.

263 2096 75 75 The
355 2096 105 75 happy
476 2096 153 75 influence
646 2096 104 75 which
767 2096 146 75 bounties
937 2096 79 75 have
1041 2096 40 75 on
1107 2096 91 75 trade

217 2140 62 75 and
298 2140 229 75 mangfaftures
544 2140 25 75 is
586 2140 74 75 well
675 2140 137 75 known:
847 2140 73 75 Nor
941 2140 56 75 can
1015 2140 90 75 there
1122 2140 39 75 be
1178 2140 18 75 a

216 2187 89 75 more
321 2187 188 75 convincing
531 2187 98 75 proof
647 2187 42 75 of
710 2187 55 75 the
789 2187 86 75 good
893 2187 171 75 intentions
1081 2187 39 75 of
1142 2187 55 75 the

216 2232 206 75 government
440 2232 98 75 under
557 2232 103 75 which
679 2232 47 75 we
743 2232 75 75 live,
846 2232 76 75 than
947 2232 54 75 the
1018 2232 89 75 great
1125 2232 72 75 care

216 2277 70 75 that
304 2277 25 75 is
338 2277 94 75 taken
447 2277 32 75 to
497 2277 70 75 give
580 2277 40 75 all
639 2277 125 75 poffible
781 2277 261 75 encouragement
1060 2277 35 75 to
1107 2277 90 75 th’ofe

216 2325 74 75 who
307 2325 75 75 lhall
395 2325 152 75 eftablilh,
572 2325 37 75 or
625 2325 154 75 improve,
805 2325 59 75 any
882 2325 177 75 hazardous
1075 2325 122 75 branch

217 2370 39 75 of
267 2370 101 75 trade.

168 2418 247 75 BOURBON,
436 2418 36 75 or
488 2418 283 75 Mascarenha,
790 2418 37 75 an
844 2418 97 75 ifland
958 2418 30 75 in
1010 2418 54 75 the
1081 2418 113 75 Indian

215 2462 112 75 ocean,
348 2462 99 75 about
464 2462 60 75 one
539 2462 146 75 hundred
703 2462 176 75 miles’eaft
908 2462 41 75 of
970 2462 223 75 Madagafcar,

216 2510 60 75 and
288 2510 118 75 fubjefft
422 2510 172 75 to.France
606 2510 9 75 :
642 2510 44 75 E.
703 2510 88 75 long.
812 2510 74 75 y4°,
904 2510 61 75 and
983 2510 36 75 S.
1038 2510 56 75 lat.
1118 2510 74 75 21°.

168 2555 456 75 Bourbon-archebaut,
657 2555 56 75 the
744 2555 115 75 capital
886 2555 40 75 of
948 2555 189 75 the,duchy
1159 2555 40 75 of

247 2601 132 75 curbon,
398 2601 31 75 in
446 2601 55 75 the
514 2601 155 75 Lyondis,
687 2601 33 75 in
737 2601 121 75 France
870 2601 9 75 :
898 2601 42 75 E.
955 2601 85 75 long.
1065 2601 17 75 3
1082 2583 24 49 0
1129 2601 41 75 io
1170 2583 10 49 7
1180 2601 13 75 ,

215 2648 59 75 and
293 2648 46 75 N.
359 2648 58 75 lat.
437 2648 67 75 46°
524 2648 43 75 3y
567 2630 10 49 7
577 2648 13 75 .

166 2695 347 75 Bourbon-lancy,
538 2695 18 75 a
572 2695 85 75 town
677 2695 40 75 of
726 2695 189 75 Burguhdy,
941 2695 32 75 in
988 2695 144 75 France;
1159 2695 33 75 in

217 2741 14 75 3
231 2723 23 49 0
274 2741 42 75 4b
316 2723 13 49 7
341 2741 43 75 E.
401 2741 87 75 long,
515 2741 60 75 and
595 2741 61 75 46°
677 2741 40 75 33
717 2723 14 49 7
747 2741 47 75 N.
812 2741 57 75 lat.

166 2786 319 75 BOURBOURG,
499 2786 299 75 orBouRBORCH,
817 2786 17 75 a
846 2786 86 75 town
946 2786 40 75 of
998 2786 55 75 the
1065 2786 125 75 French

213 2832 230 75 Netherlands,
469 2832 96 75 about
586 2832 40 75 10
649 2832 88 75 miles
762 2832 182 75 fouth-weft
963 2832 39 75 of
1015 2832 172 75 Dunkirk;

213 2877 30 75 in
263 2877 17 75 2
280 2859 20 49 0
319 2877 41 75 to
360 2859 9 49 7
387 2877 42 75 E.
446 2877 86 75 long,
551 2877 62 75 and
633 2877 58 75 yo°
713 2877 43 75 yo
756 2859 10 49 7
780 2877 48 75 N.
847 2877 59 75 lat,

165 2925 320 75 BOURDEAUX,
513 2925 53 75 the
593 2925 114 75 capital
731 2925 39 75 of
793 2925 40 75 all
851 2925 149 75 Guienne
1028 2925 59 75 and
1105 2925 84 75 Gaf-

212 2970 94 75 cony,
331 2970 132 75 fituated
480 2970 40 75 on
539 2970 53 75 the
616 2970 83 75 river
711 2970 167 75 Garonne,
903 2970 32 75 in
953 2970 45 75 40
998 2952 10 49 /
1008 2970 75 75 W.
1101 2970 88 75 long,

214 3020 59 75 and
291 3020 44 75 44
335 3002 22 49 0
379 3020 42 75 $0
444 3020 47 75 N.
509 3020 60 75 lat.

1245 249 297 75 BOURDINES,
1562 249 19 75 a
1596 249 87 75 town
1696 249 41 75 of
1748 249 55 75 the
1815 249 148 75 Auftrian
1981 249 232 75 Netherlands,
2235 249 43 75 10

1292 294 89 75 miles
1399 294 224 75 north-eaftof
1638 294 146 75 Namur;
1804 294 240 75 iny°E.long.
2064 294 60 75 and
2136 294 65 75 yo°
2220 294 39 75 3y
2259 276 15 49 /

1291 341 46 75 N.
1358 341 56 75 lat.

1243 387 329 75 BOURDONE'E,
1604 387 32 75 in
1660 387 164 75 heraldry,
1855 387 56 75 the
1935 387 83 75 fame
2039 387 79 75 with
2146 387 127 75 pomee.

1292 433 60 75 See
1369 433 162 75 Pome'e.

1244 480 184 75 BOURG,
1453 480 55 75 the
1525 480 115 75 capital
1654 480 38 75 of
1705 480 54 75 the
1776 480 98 75 ifland
1890 480 40 75 of
1941 480 164 75 Cayenne,
2124 480 17 75 a
2150 480 127 75 French

1291 526 116 75 colony
1431 526 42 75 on
1489 526 56 75 the
1562 526 84 75 coaft
1664 526 39 75 of
1715 526 142 75 Guiana,
1882 526 34 75 in
1929 526 105 75 South
2046 526 151 75 America
2213 526 10 75 ;
2248 526 32 75 in

1294 574 15 75 y
1316 574 39 75 2°
1368 574 59 75 W.
1447 574 87 75 long,
1552 574 62 75 and
1630 574 38 75 y°
1687 574 46 75 N.
1751 574 57 75 lat.

1248 617 386 75 BOURG-en-bress,
1659 617 56 75 the
1730 617 115 75 capital
1866 617 40 75 of
1926 617 119 75 Brefie,
2070 617 32 75 in
2119 617 55 75 the
2202 617 74 75 pro-

1291 663 89 75 vince
1404 663 40 75 of
1463 663 189 75 Burgundy,
1677 663 30 75 in
1736 663 134 75 France,
1899 663 42 75 36
1959 663 89 75 miles
2066 663 60 75 W.
2145 663 40 75 of
2204 663 72 75 Ge-

1291 710 90 75 neva,
1408 710 61 75 and
1489 710 40 75 32
1550 710 100 75 north,
1663 710 39 75 of
1714 710 132 75 Lyons;
1872 710 33 75 in
1926 710 39 75 y°
1989 710 15 75 y
2004 692 15 49 7
2035 710 45 75 E.
2097 710 88 75 long.
2206 710 84 75 46®'

1294 757 43 75 20
1364 757 47 75 N.
1425 757 57 75 lat.

1244 802 344 75 Bourg-sur-mer,
1614 802 19 75 a
1658 802 86 75 town
1768 802 41 75 of
1831 802 164 75 Guienne,
2021 802 30 75 in
2069 802 135 75 France,
2234 802 39 75 ly

1294 847 89 75 miles
1396 847 98 75 north:
1503 847 40 75 of
1555 847 210 75 Bourdeaux,
1791 847 33 75 in
1842 847 16 75 3
1858 829 22 49 0
1893 847 61 75 W.
1973 847 87 75 long.

1242 895 241 75 BOURGES,
1502 895 54 75 the
1570 895 114 75 capital
1701 895 40 75 of
1753 895 56 75 the
1822 895 151 75 territory
1988 895 39 75 of
2039 895 116 75 Berry,
2173 895 31 75 in
2218 895 55 75 the

1290 940 182 75 Orleanois,
1498 940 31 75 in
1547 940 135 75 France,
1708 940 133 75 fituated
1857 940 101 75 about
1985 940 44 75 yo
2046 940 89 75 miles
2162 940 111 75 fouth-

1289 986 63 75 eaft
1370 986 41 75 of
1425 986 137 75 Orleans
1575 986 11 75 ;
1611 986 32 75 in
1666 986 37 75 a°
1722 986 45 75 30
1767 968 12 49 7
1795 986 60 75 W.
1871 986 89 75 long,
1990 986 62 75 and
2069 986 64 75 47°
2155 986 42 75 io
2197 968 10 49 7
2223 986 48 75 N.

1292 1032 56 75 lat.

1241 1078 249 75 BOURGET,
1509 1078 17 75 a
1535 1078 86 75 town
1634 1078 40 75 of
1686 1078 118 75 Savoy,
1823 1078 45 75 fix
1886 1078 89 75 miles
1993 1078 97 75 north
2101 1078 40 75 of
2148 1078 121 75 Cham-

1293 1124 112 75 berry;
1436 1124 36 75 y°
1493 1124 38 75 yy
1531 1106 13 49 7
1562 1124 42 75 E.
1623 1124 87 75 long,
1729 1124 62 75 and
1808 1124 63 75 4y°
1891 1124 40 75 4y
1931 1106 14 49 7
1945 1124 13 75 .
1979 1124 46 75 N.
2043 1124 59 75 lat.

1243 1172 413 75 BOURIGNONISTS,
1674 1172 54 75 the
1739 1172 89 75 name
1841 1172 40 75 of
1889 1172 18 75 a
1918 1172 62 75 fed
1994 1172 114 75 among
2120 1172 54 75 the
2187 1172 84 75 Low

1291 1216 148 75 Country
1452 1216 209 75 Proteftants,
1679 1216 94 75 being
1789 1216 75 75 fuch
1881 1216 33 75 as
1932 1216 111 75 follow
2060 1216 54 75 the
2130 1216 143 75 do&rine

1291 1263 40 75 of
1346 1263 191 75 Antoinette
1564 1263 197 75 Bourignon.
1789 1263 18 75 a
1824 1263 104 75 native
1957 1263 40 75 of
2016 1263 98 75 Lifle,
2140 1263 38 75 an
2196 1263 75 75 apo-

1291 1309 126 75 ftateof
1429 1309 54 75 the
1501 1309 126 75 Roman
1642 1309 151 75 Catholic
1810 1309 148 75 religion.

1336 1356 74 75 The
1429 1356 167 75 principles
1614 1356 38 75 of
1679 1356 63 75 this
1761 1356 60 75 fed
1838 1356 76 75 bear
1930 1356 18 75 a
1970 1356 77 75 very
2064 1356 75 75 near
2155 1356 115 75 refem-

1295 1401 177 75 femblance
1489 1401 35 75 to
1542 1401 88 75 thofe
1642 1401 41 75 of
1694 1401 54 75 the
1764 1401 155 75 Quietifts
1936 1401 37 75 or
1989 1401 162 75 Quakers.

1243 1449 181 75 BOURO,
1449 1449 38 75 an
1505 1449 95 75 ifland
1629 1449 31 75 in
1679 1449 53 75 the
1750 1449 113 75 Indian
1880 1449 124 75 Ocean,
2030 1449 118 75 fubjed
2165 1449 35 75 to
2216 1449 56 75 the

1289 1494 135 75 Dutch;
1450 1494 30 75 E
1513 1494 87 75 long.
1626 1494 95 75 124°,
1747 1494 62 75 and
1824 1494 33 75 S.
1877 1494 58 75 lat.
1956 1494 15 75 3
1971 1476 23 49 0
2014 1494 44 75 3Q
2058 1476 10 49 7
2068 1494 12 75 .

1241 1540 147 75 BOUT,
1413 1540 32 75 in
1462 1540 55 75 the
1539 1540 142 75 manege.
1732 1540 33 75 A
1785 1540 92 75 horfe
1894 1540 26 75 is
1944 1540 66 75 faid
2035 1540 34 75 to
2086 1540 39 75 be
2142 1540 113 75 a-bout
2255 1572 20 49 fc
2275 1540 12 75 .

1289 1586 91 75 when
1397 1586 41 75 he
1455 1586 25 75 is
1497 1586 173 75 overdone,
1696 1586 62 75 and
1775 1586 88 75 quite
1880 1586 89 75 fpent
1986 1586 78 75 with
2076 1586 134 75 fatigue.

1242 1632 252 75 BOUTANT,
1520 1632 38 75 or
1574 1632 333 75 Arch-boutant,
1931 1632 32 75 in
1981 1632 223 75 architedure,
2230 1632 39 75 an

1289 1678 87 75 arch,
1394 1678 38 75 or
1443 1678 71 75 part
1530 1678 39 75 of
1582 1678 38 75 an
1632 1678 87 75 arch,
1738 1678 149 75 abutting
1900 1678 117 75 againft
2034 1678 55 75 the
2106 1678 82 75 reins
2201 1678 40 75 of
2251 1678 19 75 a

1289 1723 88 75 vault
1395 1723 35 75 to
1446 1723 130 75 prevent
1589 1723 41 75 its
1648 1723 107 75 giving
1771 1723 85 75 way.

1404 1769 194 75 Boutant
1617 1769 25 75 is
1653 1769 18 75 a
1682 1769 88 75 large
1787 1769 91 75 chain
1887 1769 37 75 or
1936 1769 61 75 pile
2007 1769 41 75 of
2060 1769 98 75 ftone,
2177 1769 93 75 made

1290 1815 33 75 to
1338 1815 128 75 fupport
1484 1815 18 75 a
1514 1815 84 75 wall,
1623 1815 135 75 terrace,
1783 1815 38 75 or
1835 1815 101 75 vault.

1243 1863 167 75 BOUTE
1410 1845 12 49 7
1422 1863 12 75 ,
1451 1863 31 75 in
1495 1863 56 75 the
1568 1863 143 75 menage.
1738 1863 31 75 A
1779 1863 90 75 horfe
1886 1863 26 75 is
1930 1863 100 75 called
2047 1863 111 75 boute,
2177 1863 95 75 when

1287 1908 50 75 his
1366 1908 75 75 legs,
1457 1908 53 75 are
1537 1908 36 75 in
1587 1908 17 75 a
1622 1908 130 75 ftraight
1774 1908 63 75 line
1863 1908 83 75 from
1974 1908 55 75 the
2054 1908 80 75 knee
2162 1908 35 75 to
2214 1908 55 75 the

1286 1954 150 75 coronet:
1465 1954 237 75 Short-jointed
1711 1954 107 75 horfes
1833 1954 52 75 are
1896 1954 52 75 apt
1959 1954 34 75 to
2005 1954 39 75 be
2054 1954 97 75 boute
2163 1954 9 75 ;
2192 1954 74 75 and,
2282 1954 5 75 .

1287 2001 39 75 on
1340 2001 54 75 the
1411 2001 92 75 other
1520 2001 96 75 hand,
1641 2001 215 75 long-jointed
1874 2001 104 75 horfos
1997 2001 52 75 are
2066 2001 82 75 not._

1239 2047 217 75 BOUTON,
1475 2047 38 75 an
1524 2047 98 75 ifland
1634 2047 30 75 in
1675 2047 54 75 the
1743 2047 234 75 Indian-Ocean
1989 2047 9 75 :
2018 2047 44 75 E.
2075 2047 77 75 long
2183 2047 84 75 121°

1290 2094 43 75 30
1333 2076 8 49 7
1341 2094 13 75 ,
1380 2094 62 75 and
1453 2094 94 75 .lying
1563 2094 151 75 betweem
1724 2094 20 75 4
1744 2076 19 49 0
1781 2094 62 75 and
1861 2094 41 75 y°
1919 2094 36 75 S.
1973 2094 58 75 lat.

1240 2139 300 75 BOUVILLON,
1566 2139 19 75 a
1601 2139 65 75 city
1685 2139 40 75 of
1748 2139 223 75 Luxemburg,
1996 2139 31 75 in
2040 2139 61 75 -the
2117 2139 150 75 Auftrian

1287 2183 229 75 Netherlands,
1541 2183 97 75 about
1656 2183 44 75 40
1712 2183 90 75 miles
1819 2183 74 75 weft
1911 2183 39 75 of
1962 2183 231 75 Luxemburg.:
2221 2183 44 75 E.

1287 2229 86 75 long.
1396 2229 35 75 y°
1452 2229 61 75 and
1526 2229 47 75 N.
1590 2229 59 75 lat.
1669 2229 43 75 49
1712 2211 19 49 0
1752 2229 75 75 yy°.

1239 2277 124 75 BOW,
1391 2277 17 75 a
1421 2277 131 75 weapon
1573 2277 40 75 of
1627 2277 123 75 offence
1768 2277 90 75 made
1874 2277 41 75 of
1926 2277 86 75 fteel,
2037 2277 107 75 wood,
2170 2277 96 75 horn,
2285 2277 5 75 .

1287 2321 37 75 or
1340 2321 92 75 other
1445 2321 104 75 elaftic
1566 2321 188 75 fubftances,
1779 2321 119 75 which,
1923 2321 84 75 after
2022 2321 93 75 being
2132 2321 74 75 bent
2222 2321 45 75 by

1288 2369 104 75 means
1406 2369 39 75 of
1456 2369 122 75 aftring
1595 2369 139 75 faffened
1751 2369 34 75 to
1802 2369 41 75 its
1862 2369 64 75 two
1942 2369 90 75 ends,
2058 2369 31 75 in
2104 2369 177 75 returning,

1285 2414 34 75 to
1336 2414 39 75 its
1392 2414 123 75 natural
1539 2414 89 75 ftate,
1654 2414 121 75 throws
1792 2414 61 75 out
1866 2414 38 75 an
1929 2414 102 75 arrow
2056 2414 78 75 with
2157 2414 108 75 prodi-

1284 2460 91 75 gious
1392 2460 99 75 force.

1330 2506 75 75 The
1423 2506 50 75 ufe
1491 2506 40 75 of
1551 2506 54 75 the
1629 2506 74 75 bow
1720 2506 38 75 is,
1785 2506 136 75 without
1938 2506 43 75 all
2009 2506 114 75 doubt,
2150 2506 41 75 of
2209 2506 55 75 the
2282 2506 7 75 -

1284 2553 120 75 earlieft
1420 2553 173 75 antiquity.
1640 2553 33 75 It
1689 2553 55 75 has
1763 2553 139 75 likewife
1928 2553 79 75 been
2023 2553 56 75 the
2097 2553 78 75 moft
2192 2553 73 75 uni-

1283 2601 97 75 verfal
1398 2601 39 75 of
1460 2601 42 75 all
1528 2601 159 75 weapops,
1714 2601 116 75 having
1857 2601 150 75 obtained
2035 2601 141 75 amongft
2207 2601 56 75 the

1282 2645 78 75 moft
1377 2645 171 75 barbarous
1572 2645 63 75 and
1657 2645 122 75 remote
1795 2645 125 75 people,
1945 2645 75 75 who
2035 2645 65 75 had
2116 2645 54 75 the
2186 2645 77 75 leaft

1282 2693 268 75 communication,
1558 2693 84 75 with
1654 2693 55 75 the
1727 2693 59 75 reft
1796 2693 41 75 of
1847 2693 166 75 mankind.

1327 2738 75 75 The
1414 2738 99 75 figure
1526 2738 40 75 of
1593 2738 54 75 the
1663 2738 74 75 bow
1764 2738 26 75 is
1807 2738 106 75 pretty
1937 2738 94 75 much
2060 2738 55 75 the
2132 2738 82 75 fame
2230 2738 32 75 in

1282 2784 40 75 all
1341 2784 171 75 countries,
1526 2784 118 75 .where
1661 2784 25 75 it
1711 2784 56 75 has
1793 2784 89 75 been,,
1896 2784 75 75 ufed
1984 2784 9 75 ;
2020 2784 51 75 for
2088 2784 25 75 it
2132 2784 58 75 has
2207 2784 54 75 ge-

1279 2830 122 75 nerally
1427 2830 65 75 two
1520 2830 166 75 inflexions
1709 2830 38 75 or
1774 2830 167 75 bendings,
1975 2830 143 75 between
2142 2830 117 75 which,

1282 2876 30 75 in
1329 2876 4 75 .
1345 2876 55 75 the
1425 2876 87 75 place
1535 2876 107 75 where
1666 2876 55 75 the
1753 2876 103 75 arrow
1885 2876 27 75 is
1935 2876 122 75 drawn,
2082 2876 27 75 is
2134 2876 18 75 a
2175 2876 89 75 right

1280 2923 74 75 line.
1402 2923 76 75 The
1496 2923 139 75 Grecian
1660 2923 72 75 bow
1748 2923 64 75 was
1829 2923 31 75 in
1882 2923 54 75 the
1953 2923 94 75 lhape
2061 2923 41 75 of
2113 2923 18 75 a
2155 2923 21 75 s
2191 2923 9 75 ,
2227 2923 40 75 of

1279 2969 104 75 which
1400 2969 83 75 form
1500 2969 49 75 we
1565 2969 84 75 meet
1666 2969 77 75 with
1759 2969 107 75 many,
1892 2969 62 75 and
1970 2969 163 75 generally
2146 2969 115 75 adorn-

1278 3018 40 75 ed
1340 3018 78 75 with
1444 3018 77 75 gold
1545 3018 37 75 or
1594 3018 4 75 .
1607 3018 103 75 filver.
1757 3018 76 75 7’he
1855 3018 154 75 Scythian
2027 3018 72 75 bow
2121 3018 63 75 was
2210 3018 49 75 di-

2075 3065 207 75 ftinguiflietL
