2493 3387
228 169 84 75 440

787 169 502 75 ASTRO

274 235 110 75 When
401 235 111 75 Venus
528 235 65 75 was
610 235 84 75 little
721 235 89 75 more
838 235 77 75 than
932 235 73 75 half
1028 235 150 75 emerged
1194 235 69 75 into

228 282 56 75 the
299 282 84 75 fun’s
407 282 81 75 dilk.
537 282 58 75 Mr
611 282 190 75 Ma&elyne
825 282 63 75 faw
910 282 58 75 her
995 282 106 75 whole
1129 282 135 75 circum-

227 328 129 75 ference
381 328 213 75 conlpieated,
619 328 44 75 by
691 328 107 75 means
822 328 40 75 of
882 328 19 75 a
927 328 102 75 vivid,
1053 328 58 75 but
1138 328 127 75 narrow

229 375 60 75 and
306 375 36 75 ill
359 375 126 75 defined
509 375 118 75 border
654 375 40 75 of
715 375 96 75 light,
836 375 104 75 which
966 375 203 75 illuminated
1192 375 74 75 that

229 422 71 75 part
316 422 39 75 of
367 422 58 75 her
440 422 250 75 circumference
705 422 107 75 which
828 422 65 75 was
910 422 53 75 off
984 422 56 75 the
1056 422 69 75 fun,
1150 422 64 75 and
1230 422 36 75 o-

231 468 146 75 therwife
393 468 58 75 not
467 468 120 75 viable.
635 468 100 75 They
755 468 43 75 all
822 468 155 75 obferved
1002 468 55 75 the
1081 468 95 75 black
1192 468 73 75 pro-

229 514 170 75 tuberance
415 514 32 75 in
471 514 207 75 the.internal
695 514 138 75 contact.
881 514 100 75 They
1003 514 154 75 likewife,
1183 514 85 75 after

229 562 57 75 the
308 562 136 75 internal
462 562 138 75 contadt,
625 562 62 75 faw
705 562 18 75 a
739 562 161 75 luminous
917 562 70 75 ring
1004 562 104 75 round
1124 562 55 75 the
1208 562 57 75 bo-

231 608 42 75 dy
290 608 39 75 of
341 608 125 75 Venus,
492 608 97 75 about
612 608 55 75 the
692 608 159 75 thicknefs
874 608 41 75 of
930 608 76 75 half
1022 608 60 75 her
1104 608 161 75 femi-dia-

230 654 121 75 nieter;
378 654 26 75 it
421 654 64 75 was
502 654 154 75 brightefl:
673 654 140 75 towards
833 654 142 75 Venus’s
991 654 99 75 body,
1115 654 62 75 and
1194 654 70 75 gra-

230 704 110 75 dually
352 704 187 75 diminilhed
556 704 31 75 in
605 704 149 75 fplendor
771 704 33 75 at
822 704 127 75 greater
965 704 150 75 diftance,
1141 704 57 75 but
1211 704 55 75 the

230 748 107 75 whole
354 748 66 75 was
436 748 25 75 e'
461 748 127 75 xceifive
605 748 98 75 white
721 748 62 75 and
799 748 95 75 faint.

281 794 112 75 Venus
418 794 73 75 may
514 794 82 75 have
625 794 19 75 a
671 794 136 75 fatellite
839 794 39 75 or
910 794 109 75 moon,
1051 794 155 75 although
1239 794 26 75 it

230 842 40 75 be
286 842 229 75 undifeovered
531 842 43 75 by
591 842 37 75 us
640 842 9 75 :
677 842 106 75 which
807 842 66 75 will
899 842 57 75 not
973 842 116 75 appear
1104 842 78 75 very
1198 842 66 75 fur-

231 889 128 75 prifing;,
378 889 30 75 if
426 889 48 75 we
497 889 140 75 confider
655 889 75 75 how
746 889 256 75 inconveniently
1019 889 48 75 we
1084 889 53 75 are
1154 889 113 75 placed

229 935 86 75 from
344 935 104 75 feeing
470 935 39 75 it.
559 935 65 75 For
648 935 41 75 its
717 935 205 75 enlightened
949 935 62 75 fide
1039 935 58 75 can
1113 935 95 75 never
1224 935 41 75 be

229 980 84 75 fully
329 980 116 75 turned
461 980 140 75 towards
622 980 50 75 us,
698 980 57 75 but
779 980 92 75 when
893 980 111 75 Venus
1021 980 26 75 is
1064 980 126 75 beyond
1208 980 55 75 the

230 1026 75 75 fun;
332 1026 63 75 and
418 1026 89 75 then,
533 1026 33 75 as
582 1026 112 75 Venus
719 1026 130 75 appears
875 1026 84 75 little
986 1026 112 75 bigger
1122 1026 77 75 than
1225 1026 39 75 an

229 1074 152 75 ordinary
397 1074 73 75 liar,
495 1074 58 75 her
569 1074 95 75 moon
682 1074 74 75 may
772 1074 38 75 be
827 1074 59 75 too
900 1074 88 75 fmall
1015 1074 36 75 to
1079 1074 39 75 be
1144 1074 119 75 percei-

229 1121 71 75 ved,
308 1121 32 75 at
358 1121 74 75 fuch
445 1121 24 75 .a
488 1121 151 75 diftance.
688 1121 115 75 Whenf
817 1121 50 75 fhe
885 1121 26 75 is
926 1121 146 75 between
1085 1121 36 75 us
1134 1121 62 75 and
1208 1121 55 75 the

228 1167 70 75 fun,
324 1167 57 75 her
397 1167 61 75 full
475 1167 95 75 moon
593 1167 57 75 has
668 1167 41 75 its
737 1167 82 75 dark
844 1167 64 75 fide
933 1167 140 75 towards
1103 1167 35 75 us
1154 1167 10 75 ;
1201 1167 64 75 and

230 1214 78 75 then
336 1214 48 75 we
400 1214 115 75 cannot
536 1214 50 75 fee
603 1214 25 75 it
646 1214 61 75 any
735 1214 89 75 more
848 1214 79 75 than
950 1214 50 75 we
1028 1214 59 75 can
1115 1214 60 75 our
1190 1214 73 75 own

229 1261 97 75 moon
351 1261 33 75 at
411 1261 56 75 the
484 1261 76 75 time
576 1261 41 75 of
636 1261 134 75 change.
820 1261 111 75 When
956 1261 111 75 Venus
1096 1261 26 75 is
1150 1261 32 75 at
1206 1261 59 75 her

231 1306 134 75 greateft
376 1306 195 75 elongation,
590 1306 48 75 we
649 1306 81 75 have
742 1306 58 75 but
813 1306 59 75 cne
883 1306 74 75 half
966 1306 42 75 of
1019 1306 55 75 the
1086 1306 178 75 enlighten-

232 1353 40 75 ed
288 1353 64 75 fide
368 1353 39 75 of
428 1353 59 75 her
503 1353 60 75 full
581 1353 96 75 moon
706 1353 140 75 towards
875 1353 58 75 us;
959 1353 63 75 and
1048 1353 79 75 even
1144 1353 77 75 then
1237 1353 27 75 it

230 1399 75 75 may
327 1399 39 75 be
381 1399 57 75 too
457 1399 50 75 far
522 1399 115 75 diftant
653 1399 35 75 to
704 1399 40 75 be
760 1399 71 75 feen
848 1399 44 75 by
906 1399 51 75 us.

276 1446 77 75 The
369 1446 139 75 Earth
535 1446 27 75 is
584 1446 63 75 the
656 1446 85 75 -next
759 1446 105 75 planet
882 1446 101 75 above
1010 1446 111 75 Venus
1149 1446 33 75 in
1209 1446 56 75 the

232 1493 127 75 fyfteto.
408 1493 32 75 It
459 1493 26 75 is
503 1493 43 75 82
576 1493 138 75 millions
733 1493 41 75 of
796 1493 90 75 milts
915 1493 84 75 from
1027 1493 55 75 the
1109 1493 67 75 fun,
1203 1493 64 75 and

234 1539 75 75 goes
325 1539 105 75 round
447 1539 67 75 him
532 1539 49 75 (as
598 1539 32 75 in
649 1539 55 75 the
721 1539 95 75 circle
912 1539 30 75 in
958 1539 64 75 365
1037 1539 78 75 days
1132 1539 16 75 5
1166 1539 101 75 hours

231 1585 45 75 49
293 1585 149 75 minutes,
468 1585 84 75 from
577 1585 63 75 any
666 1585 144 75 equinox
833 1585 37 75 or
894 1585 121 75 folftice
1039 1585 36 75 to
1099 1585 55 75 the
1181 1585 84 75 fame

231 1631 112 75 again;
371 1631 58 75 but
456 1631 83 75 from
565 1631 62 75 any
643 1631 88 75 fixed
758 1631 62 75 ftar
845 1631 36 75 to
908 1631 55 75 the
990 1631 83 75 fame
1100 1631 104 75 again,
1230 1631 33 75 as

231 1677 70 75 feen
320 1677 84 75 from
421 1677 55 75 the
493 1677 69 75 fun,
588 1677 31 75 in
640 1677 64 75 365
723 1677 79 75 days
820 1677 22 75 6
859 1677 99 75 hours
981 1677 64 75 and
1062 1677 20 75 9
1100 1677 135 75 minutes
1250 1677 11 75 ;

231 1724 62 75 tbe.
304 1724 120 75 former
441 1724 94 75 being
551 1724 56 75 the
619 1724 111 75 length
748 1724 40 75 of
802 1724 53 75 the
872 1724 135 75 tropical
1023 1724 87 75 year,
1129 1724 63 75 and
1207 1724 56 75 the

230 1771 97 75 latter
344 1771 55 75 the
415 1771 110 75 length
543 1771 40 75 of
603 1771 55 75 the
681 1771 149 75 fyderial.
881 1771 32 75 It
937 1771 118 75 travels
1073 1771 55 75 the
1145 1771 67 75 rate
1228 1771 40 75 of

234 1819 42 75 58
293 1819 156 75 thoufand
467 1819 89 75 miles
580 1819 97 75 every
701 1819 103 75 hour;
845 1819 106 75 which
979 1819 135 75 motion,
1139 1819 124 75 though

222 1865 78 75 420
317 1865 93 75 times
432 1865 120 75 fwifter
576 1865 77 75 than
678 1865 71 75 that
776 1865 41 75 of
838 1865 19 75 a
883 1865 217 75 cannon-ball,
1125 1865 27 75 is
1177 1865 86 75 little

230 1911 90 75 more
336 1911 77 75 than
428 1911 75 75 half
514 1911 32 75 as
564 1911 86 75 fwift
670 1911 33 75 as
721 1911 182 75 Mercury’s
930 1911 121 75 motion
1077 1911 33 75 in
1134 1911 51 75 his
1209 1911 53 75 or-

230 1955 61 75 bit.
337 1955 78 75 The
439 1955 120 75 earth’s
575 1955 155 75 diameter
745 1955 27 75 is
792 1955 90 75 79,70
899 1955 108 75 miles;
1034 1955 63 75 and
1112 1955 44 75 by
1171 1955 91 75 turn-

229 2002 56 75 ing
301 2002 103 75 round
421 2002 40 75 its
483 2002 69 75 axis
570 2002 97 75 every
684 2002 45 75 24
744 2002 97 75 hours
859 2002 84 75 from
971 2002 74 75 weft
1073 2002 35 75 to
1134 2002 78 75 eaft,
1236 2002 28 75 it

230 2048 107 75 Ciufes
354 2048 38 75 an
406 2048 151 75 apparent
572 2048 126 75 diurnal
714 2048 121 75 motion
853 2048 40 75 of
904 2048 41 75 all
962 2048 56 75 the
1034 2048 155 75 heavenly
1203 2048 60 75 bo-

231 2095 67 75 dies
317 2095 82 75 from
425 2095 62 75 eaft
512 2095 34 75 to
571 2095 86 75 weft.
707 2095 54 75 By
788 2095 64 75 this
880 2095 92 75 rapid
999 2095 122 75 motion
1144 2095 42 75 of
1208 2095 56 75 the

230 2141 91 75 earth
338 2141 42 75 on
397 2141 42 75 its
457 2141 83 75 axis,
567 2141 55 75 the
648 2141 196 75 inhabitants
868 2141 100 75 about
985 2141 55 75 the
1056 2141 136 75 equator
1209 2141 53 75 are

230 2190 125 75 carried
378 2190 85 75 1042
481 2190 92 75 miles
596 2190 97 75 every
715 2190 95 75 hour,
836 2190 103 75 whilft
964 2190 89 75 thofe
1078 2190 40 75 on
1136 2190 55 75 the
1208 2190 54 75 pa-

232 2233 90 75 rallel
339 2233 41 75 of
391 2233 139 75 London
547 2233 53 75 are
617 2233 122 75 carried
763 2233 77 75 only
852 2233 97 75 about
970 2233 77 75 580,
1074 2233 118 75 befides
1209 2233 54 75 the

234 2281 43 75 58
294 2281 156 75 thoufand
474 2281 90 75 miles
588 2281 42 75 by
647 2281 55 75 the
718 2281 114 75 annual
849 2281 123 75 motion
988 2281 100 75 above
1104 2281 158 75 mention-

227 2326 57 75 ed,
311 2326 103 75 which
429 2326 27 75 is
474 2326 147 75 common
638 2326 92 75 to-all
748 2326 105 75 places
871 2326 173 75 whatever.

279 2372 75 75 The
372 2372 118 75 earth’s
508 2372 70 75 axis
595 2372 108 75 makes
727 2372 38 75 an
783 2372 92 75 angle
898 2372 41 75 of
952 2372 68 75 234
1035 2372 132 75 degrees
1185 2372 79 75 with

232 2419 56 75 the
309 2419 70 75 axis
396 2419 40 75 of
446 2419 41 75 its
504 2419 98 75 orbit,
627 2419 60 75 and
706 2419 95 75 keeps
826 2419 117 75 always
960 2419 56 75 the
1033 2419 83 75 fame
1133 2419 131 75 oblique

232 2466 167 75 diredtion,
414 2466 153 75 inclining
581 2466 138 75 towards
739 2466 54 75 the
809 2466 84 75 fame
909 2466 88 75 fixed
1013 2466 77 75 ftars
1106 2466 157 75 through-

231 2512 58 75 out
301 2512 41 75 its
354 2512 115 75 annual
485 2512 124 75 courfe,
632 2512 105 75 which
754 2512 106 75 caufes
877 2512 56 75 the
953 2512 123 75 returns
1094 2512 40 75 of
1144 2512 121 75 fpring,

230 2557 150 75 furamer,
406 2557 142 75 autumn,
573 2557 64 75 and
652 2557 135 75 winter;
814 2557 33 75 as
873 2557 66 75 will
964 2557 39 75 be
1027 2557 172 75 explained
1215 2557 48 75 af-

234 2605 167 75 terwards.

933 2605 6 75 .
986 2605 10 75 ,

277 2651 78 75 The
371 2651 90 75 earth
479 2651 27 75 is
523 2651 104 75 round
648 2651 65 75 like
730 2651 19 75 a
764 2651 117 75 globe;
915 2651 35 75 as
973 2651 145 75 appears,
1154 2651 31 75 1.
1211 2651 55 75 By

234 2698 42 75 its
294 2698 126 75 (hadow
435 2698 32 75 in
485 2698 130 75 eclipfes
640 2698 41 75 of
699 2698 55 75 the
770 2698 109 75 moon,
903 2698 105 75 which
1032 2698 128 75 fhadow
1175 2698 26 75 is
1218 2698 46 75 al-

231 2744 87 75 ways
335 2744 150 75 bounded
503 2744 43 75 by
563 2744 19 75 a
597 2744 134 75 circular
747 2744 83 75 ring.
881 2744 33 75 2.
942 2744 53 75 By
1012 2744 59 75 our
1084 2744 104 75 feeing
1204 2744 57 75 the

230 2790 93 75 mafts
341 2790 40 75 of
392 2790 18 75 a
426 2790 66 75 fhip
509 2790 101 75 whiift
627 2790 55 75 the
702 2790 70 75 hull
788 2790 27 75 is
831 2790 56 75 hid
905 2790 43 75 by
963 2790 56 75 the
1037 2790 173 75 convexity
1228 2790 41 75 of

230 2837 56 75 the
303 2837 111 75 water.
467 2837 32 75 3.
517 2837 52 75 By
585 2837 41 75 its
644 2837 119 75 having
778 2837 81 75 been
875 2837 99 75 failed
991 2837 103 75 round
1110 2837 45 75 by
1166 2837 97 75 many

229 2884 196 75 navigators.
472 2884 76 75 The
564 2884 76 75 hills
656 2884 73 75 take
742 2884 52 75 off
810 2884 43 75 no
868 2884 89 75 more
973 2884 86 75 from
1075 2884 56 75 the
1144 2884 118 75 round-

230 2929 69 75 nefs
321 2929 41 75 of
378 2929 56 75 the
457 2929 90 75 earth
576 2929 32 75 in
631 2929 208 75 comparifon,
865 2929 76 75 than
958 2929 106 75 grains
1081 2929 41 75 of
1132 2929 70 75 duft
1218 2929 44 75 do

225 2975 89 75 from
330 2975 54 75 the
401 2975 172 75 roundnefs
591 2975 40 75 of
642 2975 19 75 a
683 2975 145 75 common
845 2975 109 75 globe.

275 3023 76 75 The
366 3023 67 75 feas
449 3023 65 75 and
528 3023 159 75 unknown
704 3023 88 75 parts
817 3023 40 75 of
876 3023 55 75 the
956 3023 90 75 earth
1065 3023 60 75 (by
1140 3023 19 75 a
1174 3023 87 75 mea-

1371 165 42 75 N
1493 165 40 75 O
1610 165 50 75 M
1734 165 57 75 Y.

1309 234 157 75 furement
1484 234 39 75 of
1540 234 55 75 the
1606 234 67 75 heft
1685 234 105 75 maps)
1809 234 127 75 contain
1954 234 64 75 160
2030 234 124 75 million
2170 234 63 75 522
2247 234 97 75 thoa-

1311 280 77 75 fand
1412 280 63 75 and
1492 280 44 75 26
1553 280 113 75 fquare
1684 280 110 75 miles;
1822 280 55 75 the
1904 280 163 75 inhabited
2096 280 87 75 parts
2209 280 42 75 38
2277 280 71 75 mil-

1313 327 67 75 lion
1398 327 68 75 990
1485 327 157 75 thoufand
1661 327 93 75 569;
1782 327 132 75 Europe
1932 327 21 75 4
1965 327 122 75 million
2106 327 68 75 456
2193 327 157 75 thoufand

1314 376 62 75 and
1394 376 41 75 65
1450 376 11 75 ;
1494 376 89 75 Afia,
1614 376 42 75 10
1676 376 123 75 million
1825 376 66 75 768
1919 376 157 75 thoufand
2104 376 91 75 823;
2221 376 128 75 Africa,

1315 420 21 75 9
1354 420 120 75 million
1493 420 69 75 654
1578 420 158 75 thoufand
1752 420 67 75 807
1836 420 10 75 ;
1881 420 164 75 America,
2076 420 40 75 14
2134 420 124 75 million
2284 420 66 75 no

1316 468 154 75 thoufand
1491 468 83 75 874.
1624 468 38 75 In
1680 468 55 75 all,
1766 468 65 75 199
1848 468 122 75 million
1994 468 64 75 512
2077 468 158 75 thoufand
2255 468 64 75 59s
2336 468 12 75 ;

1314 513 107 75 which
1438 513 25 75 is
1481 513 56 75 the
1555 513 134 75 number
1717 513 40 75 of
1775 513 113 75 fqiutre
1904 513 91 75 miles
2014 513 43 75 on
2082 513 55 75 the
2157 513 109 75 -whole
2282 513 68 75 fur-

1315 560 69 75 face
1400 560 41 75 of
1451 560 60 75 our
1527 560 110 75 globe.

1362 607 75 75 The
1453 607 119 75 Moon
1592 607 27 75 is
1637 607 57 75 not
1711 607 18 75 a
1749 607 120 75 planet,
1895 607 57 75 but
1969 607 78 75 only
2060 607 17 75 a
2093 607 135 75 fatellite
2245 607 39 75 or
2300 607 49 75 at-

1314 653 134 75 tendant
1460 653 41 75 of
1512 653 55 75 the
1579 653 90 75 earth
1686 653 10 75 ;
1717 653 98 75 going
1827 653 104 75 round
1947 653 55 75 the
2018 653 91 75 earth
2128 653 83 75 from
2228 653 121 75 change

1318 699 35 75 to
1366 699 121 75 change
1499 699 31 75 in
1544 699 45 75 29
1606 699 79 75 days
1700 699 39 75 12
1753 699 98 75 hours
1864 699 63 75 and
1936 699 44 75 44
1991 699 161 75 minutes;
2169 699 63 75 and
2245 699 104 75 round

1314 746 55 75 the
1381 746 57 75 fun
1451 746 76 75 with
1541 746 26 75 it
1579 746 97 75 every
1688 746 87 75 year.
1807 746 80 75 The
1903 746 123 75 moon’s
2042 746 156 75 diameter
2213 746 26 75 is
2257 746 92 75 2180

1313 793 112 75 miles;
1458 793 63 75 and
1544 793 61 75 her
1628 793 138 75 diftance
1791 793 83 75 from
1908 793 55 75 the
1992 793 119 75 earth’s
2135 793 109 75 centre
2278 793 71 75 240

1313 840 169 75 thoufand.
1532 840 66 75 She
1618 840 77 75 goes
1712 840 104 75 round
1832 840 58 75 her
1906 840 86 75 orbit
2008 840 32 75 in
2058 840 44 75 27
2119 840 79 75 days
2218 840 131 75 yhouis

1315 887 41 75 43
1380 887 149 75 minutes,
1554 887 129 75 moving
1699 887 97 75 about
1814 887 91 75 2290
1920 887 91 75 miles
2038 887 98 75 every
2158 887 101 75 hour;
2286 887 64 75 and

1313 933 90 75 turns
1421 933 103 75 round
1540 933 59 75 her
1614 933 71 75 axis
1703 933 127 75 exadtly
1855 933 32 75 in
1916 933 56 75 the
1999 933 84 75 fame
2108 933 78 75 time
2210 933 71 75 that
2297 933 51 75 flic

1313 979 75 75 goes
1408 979 103 75 round
1526 979 55 75 the
1604 979 105 75 earth,
1734 979 106 75 which
1865 979 26 75 is
1909 979 56 75 the
1989 979 111 75 reafon
2124 979 41 75 of
2175 979 59 75 her
2246 979 101 75 keep-

1312 1025 54 75 ing
1384 1025 118 75 always
1527 1025 55 75 the
1612 1025 83 75 fame
1722 1025 65 75 fide
1814 1025 140 75 towards
1969 1025 50 75 us,
2045 1025 62 75 and
2124 1025 70 75 that
2210 1025 58 75 her
2284 1025 65 75 day

1312 1072 64 75 and
1393 1072 103 75 nigkr,
1510 1072 96 75 taken
1624 1072 159 75 together,
1800 1072 27 75 is
1846 1072 34 75 as
1896 1072 77 75 long
1989 1072 34 75 as
2040 1072 58 75 our
2116 1072 92 75 lunar
2220 1072 125 75 month.

1361 1119 76 75 The
1448 1119 96 75 moon
1561 1119 25 75 is
1600 1119 37 75 an
1655 1119 124 75 opaque
1796 1119 95 75 globe
1907 1119 65 75 like
1983 1119 56 75 the
2050 1119 104 75 earth,
2172 1119 62 75 and
2246 1119 102 75 fhines

1314 1164 76 75 only
1408 1164 42 75 by
1466 1164 162 75 refledting
1647 1164 54 75 the
1716 1164 83 75 light
1815 1164 42 75 of
1868 1164 55 75 the
1940 1164 56 75 fun
2008 1164 9 75 :
2044 1164 182 75 Therefore
2244 1164 103 75 whilft

1314 1211 70 75 that
1403 1211 74 75 half
1495 1211 35 75 of
1547 1211 58 75 her
1630 1211 104 75 which
1750 1211 27 75 is
1795 1211 125 75 toward
1936 1211 56 75 the
2007 1211 58 75 fun
2081 1211 28 75 is
2127 1211 219 75 enlightened,

1314 1257 54 75 the
1384 1257 94 75 other
1493 1257 75 75 half
1578 1257 80 75 muft
1686 1257 38 75 be
1747 1257 83 75 dark
1855 1257 62 75 and
1942 1257 152 75 invifible.
2143 1257 125 75 Hence,
2293 1257 53 75 fhe

1311 1305 180 75 difappears
1508 1305 92 75 when
1616 1305 56 75 ihe
1690 1305 106 75 comes
1814 1305 143 75 between
1974 1305 36 75 us
2027 1305 63 75 and
2112 1305 56 75 the
2184 1305 56 75 fun
2253 1305 9 75 ;
2290 1305 56 75 be-

1313 1351 90 75 caufe
1430 1351 59 75 her
1514 1351 81 75 dark
1620 1351 63 75 fide
1700 1351 26 75 is
1744 1351 77 75 then
1838 1351 140 75 towards
1999 1351 49 75 us.
2099 1351 112 75 When
2238 1351 51 75 fhe
2316 1351 30 75 is

1312 1397 82 75 gone
1412 1397 18 75 a
1446 1397 84 75 little
1541 1397 72 75 way
1622 1397 160 75 forward,
1807 1397 49 75 we
1879 1397 50 75 fee
1946 1397 18 75 a
1978 1397 86 75 little
2079 1397 40 75 of
2130 1397 58 75 her
2206 1397 138 75 enlight-

1313 1444 80 75 ened
1410 1444 88 75 fide;
1525 1444 105 75 which
1654 1444 63 75 ftill
1736 1444 161 75 encreafes
1920 1444 35 75 to
1971 1444 60 75 our
2050 1444 94 75 view,
2169 1444 33 75 as
2219 1444 52 75 fhe
2286 1444 57 75 ad-

1314 1491 114 75 vances
1446 1491 152 75 forward,
1624 1491 81 75 until
1726 1491 52 75 fire
1794 1491 106 75 comes
1917 1491 36 75 to
1968 1491 39 75 be
2025 1491 140 75 oppofite
2181 1491 54 75 the
2259 1491 56 75 fun
2330 1491 11 75 ;

1313 1536 62 75 and
1387 1536 76 75 then
1475 1536 59 75 her
1549 1536 105 75 whole
1665 1536 204 75 enlightened
1885 1536 64 75 fide
1965 1536 27 75 is
2008 1536 140 75 towards
2166 1536 56 75 the
2237 1536 105 75 earth,

1314 1582 61 75 and
1391 1582 52 75 fhe
1459 1582 132 75 appears
1606 1582 80 75 with
1702 1582 19 75 a
1736 1582 116 75 round,
1876 1582 166 75 illumined
2066 1582 71 75 orb,
2162 1582 107 75 which
2294 1582 50 75 wc

1313 1630 60 75 call
1396 1630 55 75 the
1465 1630 79 75 yh//
1558 1630 88 75 moon
1659 1630 13 75 ;
1707 1630 59 75 her
1782 1630 81 75 dark
1888 1630 62 75 fide
1968 1630 93 75 being
2081 1630 76 75 then
2175 1630 116 75 turned
2307 1630 36 75 a-

1313 1676 70 75 way
1396 1676 85 75 from
1498 1676 55 75 the
1569 1676 105 75 earth.
1708 1676 97 75 From
1819 1676 54 75 the
1886 1676 60 75 full
1962 1676 50 75 fhe
2029 1676 100 75 feems
2146 1676 35 75 to
2196 1676 148 75 decreafe

1313 1725 168 75 gradually
1508 1725 34 75 as
1569 1725 52 75 fhe
1648 1725 77 75 goes
1752 1725 141 75 through
1920 1725 56 75 the
2003 1725 94 75 other
2123 1725 74 75 half
2217 1725 41 75 of
2284 1725 59 75 her

1312 1770 109 75 courfe
1433 1770 9 75 ;
1469 1770 138 75 (hewing
1623 1770 35 75 us
1675 1770 66 75 lefs-
1751 1770 62 75 and
1829 1770 59 75 lefs
1916 1770 41 75 of
1973 1770 59 75 her
2048 1770 202 75 enlightened
2264 1770 78 75 fide

1312 1816 96 75 every
1423 1816 75 75 day,
1524 1816 50 75 till
1590 1816 59 75 her
1664 1816 81 75 next
1760 1816 123 75 change
1909 1816 37 75 or
1972 1816 202 75 conjundhon
2190 1816 80 75 with
2287 1816 56 75 the

1311 1863 68 75 fun,
1405 1863 62 75 and
1483 1863 76 75 then
1572 1863 51 75 fhe
1639 1863 179 75 difappears
1835 1863 33 75 as
1886 1863 123 75 before.

1360 1910 83 75 This
1459 1910 162 75 continual
1638 1910 121 75 change
1781 1910 42 75 of
1844 1910 54 75 the
1923 1910 123 75 moon’s
2072 1910 109 75 phafes
2207 1910 133 75 demon-

1311 1957 110 75 ftrates
1438 1957 70 75 that
1524 1957 52 75 fhe
1592 1957 101 75 fliines
1710 1957 57 75 not
1782 1957 44 75 by
1842 1957 63 75 any
1919 1957 83 75 light
2026 1957 36 75 of
2085 1957 58 75 her
2167 1957 94 75 own;
2288 1957 53 75 for

1307 2001 33 75 if
1350 2001 51 75 (he
1424 2001 68 75 did,
1518 2001 95 75 being
1629 2001 158 75 globular,
1813 2001 48 75 we
1877 2001 112 75 fhould
1999 2001 117 75 always
2129 2001 49 75 fee
2189 2001 58 75 her
2260 2001 80 75 with

1312 2048 18 75 a
1347 2048 102 75 round
1464 2048 61 75 full
1540 2048 60 75 orb
1624 2048 65 75 like
1712 2048 56 75 the
1783 2048 70 75 fun.
1902 2048 72 75 Her
1993 2048 86 75 orbit
2095 2048 26 75 is
2139 2048 204 75 reprefented

1311 2095 32 75 in
1359 2095 56 75 the
1431 2095 124 75 fcheme
1571 2095 43 75 by
1631 2095 55 75 the
1702 2095 83 75 little
1801 2095 96 75 circle
1912 2095 46 75 w,
1982 2095 85 75 upon
2085 2095 53 75 the
2149 2095 120 75 earth’s
2286 2095 52 75 or-

1314 2151 47 75 bit
1375 2151 59 75 ©j
1452 2151 92 75 Plate
1560 2151 169 75 XXXIX.
1748 2151 56 75 fig.
1821 2151 51 75 t.;
1891 2151 58 75 but
1965 2151 26 75 it
2002 2151 28 75 is
2041 2151 109 75 drawn
2162 2151 72 75 fifty
2246 2151 96 75 times,

1310 2190 57 75 too
1394 2190 88 75 large
1509 2190 32 75 in
1558 2190 186 75 proportion
1767 2190 36 75 to
1819 2190 56 75 the
1896 2190 140 75 earth’s;
2070 2190 64 75 and
2161 2190 55 75 yet
2237 2190 28 75 is
2292 2190 45 75 al-

1312 2237 79 75 moft
1412 2237 56 75 too
1484 2237 90 75 fmall
1590 2237 36 75 to
1643 2237 37 75 be
1696 2237 72 75 feen
1784 2237 32 75 in
1834 2237 55 75 the
1900 2237 155 75 diagram.

1357 2283 76 75 The
1450 2283 93 75 moon
1561 2283 57 75 has
1634 2283 104 75 fcarce
1758 2283 62 75 any
1846 2283 174 75 difference
2043 2283 42 75 of
2102 2283 144 75 feafons;
2279 2283 59 75 her

1309 2330 69 75 axis
1403 2330 95 75 being
1514 2330 109 75 almoft
1646 2330 240 75 perpendicular
1902 2330 34 75 to
1964 2330 55 75 the
2044 2330 139 75 ecliptic.
2231 2330 105 75 What

1311 2377 26 75 is
1354 2377 78 75 very
1455 2377 148 75 lingular,
1632 2377 61 75 one
1708 2377 73 75 half
1796 2377 40 75 of
1845 2377 60 75 her
1919 2377 57 75 has
1992 2377 43 75 no
2051 2377 150 75 darknefs
2218 2377 32 75 at
2267 2377 67 75 all;

1310 2423 54 75 the
1382 2423 91 75 earth
1490 2423 177 75 conftantly
1679 2423 159 75 affording
1853 2423 25 75 it
1897 2423 18 75 a
1931 2423 105 75 ftrong
2047 2423 83 75 light
2142 2423 31 75 in
2187 2423 54 75 die
2252 2423 84 75 fun’s

1308 2470 153 75 abfence;
1488 2470 94 75 while
1599 2470 55 75 the
1670 2470 94 75 other
1778 2470 75 75 half
1862 2470 59 75 has
1937 2470 20 75 a
1967 2470 187 75 fortnight’s
2171 2470 164 75 darknefs,

1310 2516 63 75 and
1389 2516 18 75 a
1423 2516 183 75 fortnight’s
1622 2516 83 75 light
1720 2516 44 75 by
1780 2516 102 75 turns.

1358 2562 71 75 Our
1441 2562 89 75 earth
1543 2562 26 75 is
1583 2562 17 75 a
1612 2562 94 75 moon
1724 2562 35 75 to
1775 2562 56 75 the
1848 2562 109 75 moon,
1987 2562 130 75 waxing
2133 2562 63 75 and
2212 2562 125 75 waning

1313 2608 173 75 regularly,
1511 2608 58 75 but
1586 2608 169 75 appearing
1771 2608 139 75 thirteen
1935 2608 93 75 times
2053 2608 34 75 as
2112 2608 67 75 big,
2203 2608 61 75 and
2285 2608 49 75 af-

1311 2655 130 75 fording
1456 2655 57 75 her
1530 2655 139 75 thirteen
1685 2655 93 75 times
1800 2655 34 75 as
1851 2655 95 75 much
1968 2655 83 75 light
2074 2655 35 75 as
2131 2655 53 75 fhe
2199 2655 78 75 does
2299 2655 37 75 to

1311 2702 51 75 us.
1412 2702 111 75 When
1539 2702 53 75 (lie
1608 2702 138 75 changes
1763 2702 35 75 to
1814 2702 49 75 us,
1886 2702 56 75 the
1957 2702 91 75 earth
2071 2702 130 75 appears
2217 2702 60 75 full
2299 2702 37 75 to

1311 2748 79 75 her;
1410 2748 67 75 and
1495 2748 93 75 when
1605 2748 51 75 fhe
1672 2748 27 75 is
1716 2748 33 75 in
1764 2748 58 75 her
1838 2748 64 75 firft
1918 2748 131 75 quarter
2064 2748 35 75 to
2111 2748 49 75 us,
2178 2748 55 75 the
2245 2748 90 75 earth

1309 2795 28 75 is
1354 2795 33 75 in
1403 2795 42 75 its
1463 2795 89 75 third
1567 2795 131 75 quarter
1714 2795 35 75 to
1764 2795 82 75 her;
1866 2795 67 75 .and
1950 2795 71 75 vice
2035 2795 105 75 verfa.

1357 2841 68 75 But
1439 2841 87 75 from
1550 2841 62 75 one
1635 2841 74 75 half
1726 2841 41 75 of
1784 2841 56 75 the
1863 2841 109 75 moon,
1997 2841 55 75 the
2075 2841 92 75 earth
2190 2841 27 75 is
2239 2841 97 75 never

1310 2888 72 75 feen
1398 2888 33 75 at
1447 2888 65 75 all;
1537 2888 84 75 from
1639 2888 54 75 the
1713 2888 120 75 middle
1852 2888 41 75 of
1910 2888 56 75 the
1991 2888 93 75 other
2099 2888 80 75 half,
2204 2888 25 75 it
2245 2888 26 75 is
2288 2888 46 75 al-

1310 2935 88 75 ways
1415 2935 71 75 feen
1500 2935 77 75 over
1597 2935 102 75 head;
1726 2935 130 75 turning
1873 2935 101 75 round
1991 2935 111 75 almoft
2124 2935 100 75 thirty
2241 2935 94 75 times

1310 2982 34 75 as
1361 2982 97 75 quick
1476 2982 33 75 as
1526 2982 55 75 the
1597 2982 96 75 moon
1709 2982 91 75 does.
1850 2982 97 75 From
1969 2982 56 75 the
2048 2982 95 75 circle
2166 2982 105 75 v/hich
2294 2982 39 75 li-

1308 3030 76 75 mits
1401 3030 59 75 our
1476 3030 81 75 view
1574 3030 40 75 of
1633 3030 55 75 the
1699 3030 109 75 moon,
1832 3030 76 75 only
1922 3030 59 75 one
1996 3030 74 75 half
2088 3030 40 75 of
2145 3030 55 75 the
2215 3030 118 75 earth’s

2268 3076 64 75 fide
