2396 3377
1405 148 36 75 B

188 152 49 75 82

667 150 43 75 A

854 150 38 75 L

1034 150 42 75 G

1221 150 36 75 E

1588 147 37 75 R

1770 147 55 75 A.

185 219 87 75 root,
298 219 35 75 to
349 219 55 75 the
420 219 85 75 right
522 219 98 75 hand,
646 219 19 75 a
688 219 100 75 figure
812 219 176 75 exprefling
1010 219 55 75 the
1087 219 132 75 number

184 266 41 75 of
244 266 117 75 faftors
378 266 70 75 that
465 266 141 75 produce
622 266 102 75 them.
772 266 109 75 Thus,

324 337 21 75 a

504 337 24 75 v.
546 337 33 75 J3
598 337 30 75 f
643 337 44 75 ift
745 337 116 75 Power
877 337 41 75 of
937 337 124 75 the^-^

325 382 57 75 aa
501 382 77 75 r-a
598 382 33 75 S
631 364 53 49 2C^
703 382 24 75 r
793 382 119 75 root<?,
931 382 146 75 andVa*

324 428 97 75 aaa
502 428 232 75 V^Kgdv
791 428 27 75 is
854 428 122 75 (hortly

323 474 21 75 a
360 474 22 75 a
398 474 22 75 a
435 474 22 75 a
504 474 31 75 X
555 474 22 75 S
597 474 139 75 A4thX
790 474 166 75 expreflfed
1002 474 27 75 C
1042 456 24 49 a
1066 474 14 75 *

324 519 20 75 a
361 519 21 75 a
398 519 21 75 a
435 519 22 75 a

596 519 29 75 ^
639 519 99 75 yth-^
792 519 89 75 thus,
1005 519 17 75 '
1042 519 21 75 a
1063 501 18 49 5

230 580 108 75 Thefe
354 580 117 75 figures
482 580 107 75 which
606 580 129 75 exprefs
747 580 57 75 the
819 580 134 75 number
969 580 40 75 of
1019 580 119 75 faftors
1150 580 71 75 that

183 627 141 75 produce
346 627 136 75 powers,
507 627 54 75 are
583 627 105 75 called
711 627 86 75 their
821 627 120 75 indices
966 627 38 75 or
1026 627 192 75 exponents;

185 673 72 75 thus
276 673 19 75 2
313 673 27 75 is
358 673 54 75 the
428 673 100 75 index
544 673 41 75 of
602 673 20 75 a
622 655 17 49 2
639 673 16 75 .
705 673 79 75 And
794 673 127 75 powers
939 673 42 75 of
988 673 52 75 the
1045 673 94 75 fame
1151 673 68 75 root

184 721 59 75 are
254 721 186 75 multiplied
454 721 34 75 by
505 721 124 75 adding
645 721 87 75 their
748 721 180 75 exponents.
969 721 97 75 Thus
1082 721 21 75 a
1103 703 17 49 2
1137 721 29 75 X
1178 721 21 75 a
1199 703 18 49 3

233 812 190 75 Sometimes
447 812 26 75 it
496 812 27 75 is
548 812 103 75 ufeful
675 812 57 75 not
755 812 137 75 actually
907 812 36 75 to
966 812 149 75 multiply
1131 812 87 75 com-

183 858 109 75 pound
308 858 186 75 quantities,
518 858 59 75 but
592 858 36 75 to
644 858 48 75 fet
707 858 88 75 them
811 858 95 75 down
922 858 80 75 with
1024 858 56 75 the
1097 858 63 75 fign
1183 858 42 75 of

181 904 248 75 multiplication
455 904 64 75 (X)
545 904 145 75 between
713 904 103 75 them,
846 904 144 75 drawing
1012 904 18 75 a
1053 904 63 75 line
1142 904 76 75 over

183 957 79 75 each
287 957 39 75 of
352 957 56 75 the
433 957 179 75 compound
636 957 130 75 factors.
822 957 97 75 Thus
937 957 21 75 a
975 957 38 75 +
1029 957 18 75 £
1065 957 28 75 X
1110 957 21 75 a
1141 957 49 75 —
1201 957 18 75 b

183 1004 159 75 exprefles
359 1004 55 75 the
430 1004 135 75 product
581 1004 40 75 of
638 1004 21 75 a
676 1004 39 75 +
786 1004 181 75 multiplied
982 1004 43 75 by
1042 1004 19 75 a
1075 1004 48 75 —
1138 1004 32 75 b.

366 1142 161 75 Chap.
557 1142 69 75 IV.
685 1142 67 75 0/*
770 1142 262 75 Division.

228 1238 86 75 The
333 1238 83 75 fame
434 1238 67 75 rule
519 1238 52 75 for
587 1238 55 75 the
659 1238 80 75 figns
756 1238 26 75 is
800 1238 35 75 to
851 1238 40 75 be
907 1238 154 75 obferved
1083 1238 32 75 in
1135 1238 83 75 divi-

183 1285 65 75 fion
265 1285 33 75 as
321 1285 33 75 in
377 1285 247 75 multiplication
638 1285 10 75 ;
675 1285 71 75 that
761 1285 40 75 is,
827 1285 24 75 “
877 1285 38 75 If
933 1285 56 75 the
1005 1285 81 75 figns
1102 1285 41 75 of
1161 1285 57 75 the

235 1330 150 75 dividend
401 1330 63 75 and
479 1330 117 75 divifor
613 1330 53 75 are
683 1330 77 75 like,
784 1330 57 75 the
857 1330 65 75 fign
939 1330 40 75 of
997 1330 56 75 the
1070 1330 148 75 quotient

184 1375 24 75 “
234 1375 79 75 muft
336 1375 38 75 be
390 1375 60 75 +;
476 1375 31 75 if
525 1375 79 75 they
620 1375 54 75 are
691 1375 119 75 unlike,
834 1375 56 75 the
908 1375 65 75 fign
995 1375 41 75 of
1054 1375 55 75 the
1135 1375 81 75 quo-

184 1423 24 75 “
234 1423 81 75 tient
331 1423 84 75 mult
426 1423 40 75 be
482 1423 84 75 —.”
613 1423 89 75 This
716 1423 67 75 will
799 1423 39 75 be
855 1423 93 75 eafily
963 1423 147 75 deduced
1132 1423 85 75 from

182 1470 56 75 the
255 1470 70 75 rule
340 1470 33 75 in
389 1470 259 75 multiplication,
673 1470 31 75 if
714 1470 64 75 you
796 1470 154 75 coufider,
975 1470 70 75 that
1061 1470 57 75 the
1135 1470 81 75 quo-

181 1516 82 75 tient
279 1516 79 75 mult
380 1516 40 75 be
443 1516 76 75 fuch
536 1516 20 75 a
571 1516 150 75 quantity
737 1516 47 75 as,
808 1516 181 75 multiplied
1003 1516 45 75 by
1062 1516 57 75 the
1134 1516 82 75 divi-

182 1562 65 75 for,
272 1562 76 75 fhall
365 1562 72 75 give
453 1562 56 75 the
525 1562 163 75 dividend.

229 1609 76 75 The
322 1609 126 75 general
465 1609 69 75 rule
550 1609 31 75 in
598 1609 131 75 divifion
744 1609 40 75 is,
803 1609 26 75 “
845 1609 35 75 to
896 1609 90 75 place
997 1609 56 75 the
1064 1609 153 75 dividend

185 1655 24 75 “
235 1655 99 75 above
351 1655 19 75 a
384 1655 90 75 fmall
495 1655 76 75 line,
597 1655 63 75 and
683 1655 56 75 the
763 1655 118 75 divifor
905 1655 101 75 under
1028 1655 37 75 it,
1093 1655 124 75 expun-

186 1701 24 75 “
236 1701 75 75 ging
327 1701 60 75 any
404 1701 111 75 letters
533 1701 71 75 that
621 1701 73 75 may
709 1701 40 75 be
766 1701 101 75 found
889 1701 32 75 in
946 1701 42 75 all
1011 1701 55 75 the
1088 1701 129 75 quanti-

186 1746 25 75 “
236 1746 59 75 ties
320 1746 39 75 of
377 1746 55 75 the
449 1746 152 75 dividend
616 1746 63 75 and
694 1746 128 75 divifor,
848 1746 63 75 and
926 1746 142 75 dividing
1083 1746 56 75 the
1162 1746 55 75 co-

186 1793 24 75 “
236 1793 153 75 efficients
405 1793 41 75 of
465 1793 42 75 all
522 1793 56 75 the
594 1793 99 75 terms
715 1793 44 75 by
782 1793 61 75 any
867 1793 147 75 common
1038 1793 180 75 meafure.”

185 1839 108 75 Thus,
318 1839 94 75 when
427 1839 64 75 you
507 1839 107 75 divide
635 1839 42 75 \o
692 1839 22 75 a
730 1839 19 75 b
824 1839 38 75 15
881 1839 23 75 a
919 1839 77 75 c\sy
1009 1839 45 75 io
1069 1839 21 75 a
1106 1839 34 75 d,
1158 1839 59 75 ex-

186 1885 140 75 punging
360 1885 21 75 a
413 1885 56 75 out
490 1885 40 75 of
549 1885 42 75 all
607 1885 56 75 the
686 1885 111 75 teims,
831 1885 63 75 and
921 1885 143 75 dividing
1093 1885 42 75 all
1162 1885 57 75 the

189 1959 191 75 coefficients
415 1959 45 75 by
494 1959 31 75 5,
566 1959 56 75 the
655 1959 147 75 quotient
831 1959 28 75 is
893 1945 204 75 2i+i£
1158 1945 63 75 and

965 1991 20 75 4
1009 1973 24 49 d

239 2129 22 75 “
286 2129 131 75 Powers
435 2129 40 75 of
493 2129 55 75 the
564 2129 83 75 fame
664 2129 73 75 root
755 2129 53 75 are
825 2129 130 75 divided
970 2129 44 75 by
1030 2129 192 75 fubtrafting

192 2177 23 75 “
239 2177 85 75 their
351 2177 191 75 exponents,
578 2177 34 75 as
642 2177 77 75 they
747 2177 53 75 are
828 2177 179 75 multiplied
1034 2177 44 75 by
1104 2177 120 75 adding

191 2221 25 75 “
239 2221 128 75 them.”
412 2221 112 75 Thus,
548 2221 30 75 if
597 2221 63 75 you
682 2221 108 75 divide
812 2221 21 75 a
833 2203 15 49 %
869 2221 43 75 by
927 2221 8 75 /
935 2221 13 75 *
948 2203 15 49 2
963 2221 17 75 ,
1005 2221 55 75 the
1076 2221 149 75 quotient

188 2271 29 75 is
234 2271 20 75 a
254 2253 68 49 5-2
343 2271 37 75 or
395 2271 20 75 a
415 2253 19 49 3
434 2271 16 75 .
493 2271 78 75 And
587 2271 21 75 b
608 2253 14 49 6
640 2271 130 75 divided
785 2271 44 75 by
898 2271 87 75 gives
1001 2271 19 75 b
1020 2253 17 49 6
1037 2271 52 75 —*
1108 2271 38 75 or
1162 2271 17 75 £
1179 2253 17 49 2
1196 2271 26 75 ;

191 2317 63 75 and
270 2317 19 75 a
289 2299 17 49 7
327 2317 31 75 V
379 2317 129 75 divided
523 2317 43 75 by
581 2317 21 75 a
602 2299 15 49 2
639 2317 17 75 b
656 2299 17 49 l
692 2317 88 75 gives
796 2317 20 75 a
816 2299 16 49 5
853 2317 17 75 £
870 2299 15 49 2
908 2317 51 75 for
982 2317 55 75 the
1061 2317 161 75 quotient.

241 2361 23 75 “
289 2361 38 75 If
345 2361 55 75 the
424 2361 149 75 quantity
596 2361 34 75 to
656 2361 41 75 be
720 2361 130 75 divided
873 2361 27 75 is
923 2361 191 75 compound,
1146 2361 77 75 then

194 2409 24 75 “
242 2409 65 75 you
323 2409 79 75 mull
418 2409 96 75 range
526 2409 46 75 fts
583 2409 88 75 parts
689 2409 171 75 according
872 2409 34 75 to
922 2409 56 75 the
990 2409 187 75 dimenfions
1188 2409 42 75 of

184 2455 35 75 “
244 2455 85 75 fome
346 2455 60 75 one
418 2455 40 75 of
476 2455 41 75 its
534 2455 125 75 letters,
683 2455 35 75 as
734 2455 32 75 in
782 2455 56 75 the
854 2455 168 75 following
1037 2455 187 75 example.”

191 2502 41 75 In
254 2502 56 75 the
333 2502 152 75 dividend
509 2502 19 75 a
528 2484 16 49 2
565 2502 37 75 +
619 2502 19 75 2
656 2502 22 75 a
694 2502 17 75 A
727 2502 39 75 -p
782 2502 16 75 £
798 2484 16 49 2
814 2502 18 75 ,
857 2502 77 75 they
951 2502 53 75 are
1028 2502 119 75 ranged
1171 2502 52 75 ac-

194 2548 134 75 cording
349 2548 36 75 to
401 2548 56 75 the
477 2548 189 75 dimenfions
687 2548 40 75 of
744 2548 36 75 a,
805 2548 54 75 the
876 2548 149 75 quantity
1040 2548 20 75 a
1060 2530 17 49 2
1077 2548 16 75 ,
1117 2548 107 75 where

194 2596 21 75 a
232 2596 26 75 is
276 2596 40 75 of
334 2596 67 75 two
416 2596 201 75 dimenfions,
640 2596 95 75 being
752 2596 110 75 placed
884 2596 77 75 firft,
989 2596 18 75 2
1025 2596 20 75 a
1062 2596 31 75 b,
1117 2596 108 75 where

194 2641 27 75 it
237 2641 27 75 is
281 2641 41 75 of
340 2641 60 75 one
416 2641 185 75 diinenfion,
624 2641 92 75 next,
742 2641 62 75 and
820 2641 17 75 b
837 2623 14 49 l
851 2641 17 75 ,
894 2641 106 75 where
1024 2641 20 75 a
1067 2641 27 75 is
1110 2641 57 75 not
1191 2641 34 75 at

197 2688 56 75 all,
278 2688 95 75 being
396 2688 112 75 placed
531 2688 69 75 lall.
649 2688 25 75 “
698 2688 77 75 The
799 2688 117 75 divifor
939 2688 80 75 muft
1042 2688 41 75 be
1106 2688 121 75 ranged

200 2733 23 75 “
249 2733 170 75 accorcfing
434 2733 35 75 to
485 2733 55 75 the
557 2733 187 75 dimenfions
761 2733 40 75 of
819 2733 56 75 the
890 2733 83 75 fame
990 2733 133 75 letters;
1149 2733 78 75 then

200 2779 24 75 “
249 2779 64 75 you
326 2779 52 75 are
394 2779 35 75 to
445 2779 107 75 divide
568 2779 55 75 the
639 2779 64 75 firft
719 2779 81 75 term
818 2779 39 75 of
875 2779 54 75 the
946 2779 152 75 dividend
1112 2779 44 75 by
1172 2779 57 75 the

201 2826 23 75 “
250 2826 64 75 firft
329 2826 83 75 term
428 2826 40 75 of
478 2826 55 75 the
549 2826 129 75 divifor,
696 2826 62 75 and
773 2826 35 75 to
824 2826 47 75 fet
887 2826 95 75 down
999 2826 56 75 the
1067 2826 160 75 quotient,

201 2867 25 75 “
250 2867 118 75 which,
385 2867 32 75 in
433 2867 64 75 this
514 2867 159 75 example,
690 2867 27 75 is
734 2867 42 75 a;
802 2867 77 75 then
901 2867 148 75 multiply
1065 2867 64 75 this
1147 2867 80 75 quo-

201 2918 24 75 “
250 2918 79 75 tient
353 2918 43 75 by
416 2918 56 75 the
488 2918 104 75 whole
615 2918 131 75 divifor,
770 2918 62 75 and
855 2918 137 75 fubtratt
1016 2918 56 75 the
1094 2918 135 75 product

203 2964 23 75 “
251 2964 85 75 from
352 2964 54 75 the
421 2964 164 75 dividend,
603 2964 62 75 and
680 2964 56 75 the
752 2964 177 75 remainder
944 2964 75 75 (hall
1036 2964 73 75 give
1125 2964 18 75 a
1159 2964 70 75 new

204 3011 23 75 “
251 3011 163 75 dividend,
437 3011 118 75 which,
579 3011 35 75 in
629 3011 63 75 this
709 3011 159 75 example,
890 3011 30 75 is
935 3011 22 75 a
973 3011 18 75 b
1007 3011 38 75 +
1061 3011 17 75 b
1078 2993 16 49 1

1519 214 22 75 a
1557 214 39 75 +
1610 214 33 75 b)
1669 214 38 75 a*
1727 214 39 75 +
1779 214 18 75 2
1811 214 22 75 a
1845 214 18 75 5
1884 214 38 75 +
1938 214 18 75 i
1956 196 15 49 2
2001 214 37 75 (a
2055 214 38 75 +
2109 214 17 75 £

1672 261 19 75 a
1691 243 18 49 2
1728 261 39 75 +
1792 261 22 75 a
1838 261 20 75 A

1798 353 22 75 a
1844 353 18 75 b
1889 353 39 75 +
1943 353 34 75 b'

1797 400 22 75 a
1843 400 19 75 b
1942 400 19 75 b
1961 382 16 49 %

1798 493 23 75 o
1841 493 9 75 .
1945 493 44 75 o.

1316 561 23 75 “
1365 561 122 75 Divide
1512 561 55 75 the
1592 561 65 75 firft
1681 561 82 75 term
1787 561 41 75 of
1846 561 63 75 this
1931 561 71 75 new
2017 561 154 75 dividend
2185 561 44 75 by
2244 561 60 75 the

1267 607 25 75 “
1317 607 64 75 firft
1397 607 83 75 term
1504 607 40 75 of
1563 607 55 75 the
1643 607 129 75 divifor,
1799 607 63 75 and
1885 607 46 75 fet
1954 607 96 75 down
2068 607 55 75 the
2139 607 160 75 quotient,

1268 653 24 75 “
1319 653 122 75 (which
1465 653 32 75 in
1521 653 64 75 this
1611 653 146 75 example
1781 653 27 75 is
1833 653 48 75 £),
1912 653 87 75 with’
2017 653 40 75 its
2082 653 116 75 proper
2221 653 76 75 fign.

1267 699 24 75 “
1315 699 99 75 Then
1438 699 151 75 multiply
1612 699 55 75 the
1691 699 106 75 whole
1821 699 116 75 divifor
1961 699 123 75 by-this
2101 699 71 75 part
2187 699 41 75 of
2245 699 56 75 the

1267 745 24 75 “
1317 745 158 75 quotient,
1501 745 63 75 and
1579 745 139 75 fubtradl
1734 745 56 75 the
1806 745 134 75 produdt
1960 745 86 75 from
2061 745 56 75 the
2133 745 71 75 new
2219 745 81 75 divi-

1267 791 23 75 “
1315 791 108 75 dend;
1450 791 62 75 and
1528 791 31 75 if
1577 791 91 75 there
1684 791 26 75 is
1728 791 43 75 no
1786 791 191 75 remainder,
2002 791 55 75 the
2073 791 130 75 divifion
2219 791 27 75 is
2262 791 38 75 fi-

1267 837 23 75 “
1316 837 154 75 niffied:”
1506 837 38 75 If
1562 837 91 75 there
1669 837 27 75 is
1713 837 18 75 a
1748 837 188 75 remainder,
1961 837 65 75 you
2042 837 54 75 are
2112 837 35 75 to
2164 837 137 75 proceed

1266 883 81 75 after
1363 883 56 75 the
1434 883 83 75 fame
1540 883 143 75 manner,
1709 883 49 75 till
1783 883 41 75 no
1848 883 177 75 remainder
2041 883 27 75 is
2085 883 83 75 left;
2195 883 37 75 or
2248 883 54 75 till

1265 928 26 75 it
1307 928 115 75 appear
1438 928 70 75 that
1525 928 90 75 there
1631 928 67 75 will
1714 928 39 75 be
1770 928 117 75 always
1904 928 86 75 fome
2006 928 190 75 remainder.

1315 976 96 75 Some
1428 976 164 75 examples
1608 976 69 75 will
1693 976 154 75 illuftrate
1863 976 63 75 this
1944 976 179 75 operation.

1266 1044 151 75 Examp.
1443 1044 30 75 I.
1521 1044 22 75 a
1560 1044 38 75 +
1614 1044 33 75 £)
1673 1044 22 75 a
1695 1026 16 49 2
1730 1044 49 75 —
1794 1044 19 75 i
1813 1026 14 49 2
1858 1044 37 75 (a
1910 1044 48 75 —
1975 1044 18 75 b

1674 1091 21 75 a
1695 1073 16 49 1
1794 1091 22 75 a
1832 1091 19 75 b

1729 1183 48 75 —
1792 1183 56 75 ab
1862 1183 50 75 —
1926 1183 19 75 b
1945 1165 16 49 x

1729 1228 48 75 •—
1791 1228 22 75 a
1829 1228 18 75 b
1862 1228 49 75 —
1925 1228 39 75 b*

1796 1321 22 75 o
1838 1321 9 75 .
1918 1321 24 75 o
1961 1321 11 75 .

1263 1389 152 75 Examp.
1426 1389 48 75 II.
1505 1389 104 75 a—3)
1623 1389 675 75 aaa—3aa3+3a33—333(aa—2alfbb

1619 1437 114 75 aaa—
1756 1437 64 75 aab

1686 1526 357 75 —2aa3-j-3a33—333

1684 1573 255 75 —2aa3+2a33

1879 1664 166 75 abb—bbb

1881 1710 164 75 abb—bbb

1900 1803 22 75 o
1940 1803 9 75 .
1994 1803 22 75 o
2036 1803 10 75 .

1310 1871 36 75 It
1362 1871 89 75 often
1467 1871 153 75 happens,
1637 1871 71 75 that
1725 1871 55 75 the
1797 1871 164 75 operation
1978 1871 74 75 may
2067 1871 40 75 be
2124 1871 173 75 continued

1264 1918 138 75 without
1418 1918 75 75 end,
1519 1918 63 75 and
1598 1918 77 75 then
1691 1918 64 75 you
1771 1918 82 75 have
1865 1918 40 75 an
1922 1918 127 75 infinite
2053 1918 106 75 feries
2174 1918 53 75 for
2241 1918 56 75 the

1266 1963 167 75 quotient;
1460 1963 62 75 and
1538 1963 34 75 by
1589 1963 184 75 comparing
1788 1963 53 75 the
1848 1963 77 75 firjl
1940 1963 89 75 three
2047 1963 36 75 or
2095 1963 87 75 four
2198 1963 100 75 terms

1257 2011 63 75 you
1344 2011 69 75 may
1429 2011 76 75 find
1525 2011 92 75 what
1644 2011 70 75 law
1741 2011 52 75 the
1819 2011 100 75 terms
1947 2011 144 75 obferve:
2129 2011 33 75 by
2189 2011 109 75 which

1266 2057 121 75 means,
1412 2057 140 75 without
1567 2057 60 75 any
1644 2057 86 75 more
1746 2057 146 75 divifion,
1909 2057 63 75 you
1996 2057 68 75 may
2080 2057 151 75 continue
2245 2057 55 75 the

1268 2103 144 75 quotient
1429 2103 36 75 as
1479 2103 69 75 far
1570 2103 37 75 as
1624 2103 63 75 you
1707 2103 118 75 pleafe.
1873 2103 110 75 Thus,
2007 2103 33 75 in
2055 2103 145 75 dividing
2220 2103 14 75 1
2255 2103 44 75 by

1273 2146 12 75 j
1300 2146 48 75 —
1359 2146 34 75 a,
1411 2146 65 75 you
1492 2146 66 75 find
1573 2146 55 75 the
1645 2146 149 75 quotient
1805 2146 35 75 to
1856 2146 40 75 be
1918 2146 380 75 i+a+aa-j-aaa

1322 2196 20 75 a
1358 2196 21 75 a
1394 2196 21 75 a
1431 2196 22 75 a
1469 2196 39 75 +
1525 2196 63 75 &c.
1606 2196 105 75 which
1728 2196 94 75 feries
1838 2196 58 75 can
1913 2196 39 75 be
1969 2196 172 75 continued
2157 2196 34 75 as
2202 2196 49 75 far
2262 2196 35 75 as

1268 2241 64 75 you
1348 2241 116 75 pleafe,
1488 2241 44 75 by
1548 2241 117 75 adding
1681 2241 55 75 the
1753 2241 124 75 powers
1894 2241 40 75 of
1952 2241 35 75 a.

1575 2307 76 75 The
1667 2307 166 75 operation
1847 2307 27 75 is
1891 2307 75 75 thus
1978 2307 10 75 :

1368 2379 13 75 l
1399 2379 49 75 —
1462 2379 38 75 a)
1529 2379 14 75 1
1574 2379 129 75 (ift-tf
1719 2379 37 75 +
1772 2379 237 75 aa-f-aaa,
2090 2379 9 75 .

1533 2425 13 75 1
1560 2425 81 75 —a

1567 2515 38 75 +
1620 2515 22 75 a

1569 2562 38 75 +
1622 2562 22 75 a
1654 2562 49 75 —
1714 2562 21 75 a
1750 2562 22 75 a

1718 2652 21 75 a
1755 2652 20 75 a

1665 2698 37 75 +
1716 2698 23 75 a
1754 2698 23 75 a
1786 2698 48 75 —
1844 2698 96 75 aaa

1793 2788 37 75 +
1845 2788 21 75 a
1881 2788 22 75 a
1919 2788 21 75 a

1793 2834 148 75 ft-aaa
1951 2834 48 75 —
2010 2834 22 75 a
2047 2834 23 75 a
2084 2834 22 75 a
2120 2834 23 75 a

1961 2925 38 75 +
2013 2925 22 75 a
2050 2925 23 75 a
2087 2925 21 75 a
2124 2925 35 75 a,
2184 2925 65 75 &e.

1321 3001 101 75 Note,
1446 3001 78 75 The
1548 3001 65 75 fign
1635 3001 38 75 -f-
1696 3001 113 75 placed
1830 3001 144 75 between
1999 3001 61 75 any
2083 3001 67 75 two
2174 3001 125 75 quanti-
2226 3038 71 75 ties,
