2397 3387
209 175 86 75 584

712 175 34 75 B
826 175 39 75 O
942 175 40 75 O
1055 175 41 75 K
1125 175 15 75 -
1174 175 37 75 K

216 241 57 75 has
297 241 59 75 but
379 241 61 75 one
460 241 130 75 Debtor
620 241 62 75 and
708 241 61 75 one
797 241 165 75 Creditor,
988 241 34 75 as
1047 241 55 75 the
1127 241 63 75 firft
1214 241 42 75 of

215 287 88 75 thefe
321 287 111 75 above.
482 287 34 75 A
532 287 137 75 complex
680 287 69 75 pofi
768 287 26 75 is
811 287 103 75 either
930 287 94 75 when
1043 287 60 75 one
1120 287 130 75 Debtor

217 334 27 75 is
262 334 154 75 balanced
431 334 43 75 by
499 334 66 75 two
593 334 37 75 or
649 334 88 75 more
755 334 182 75 Creditors,
963 334 33 75 as
1013 334 33 75 in
1062 334 56 75 the
1134 334 117 75 fecond

218 380 89 75 port;
333 380 38 75 or
387 380 93 75 when
504 380 67 75 two
594 380 38 75 or
659 380 90 75 more
773 380 146 75 Debtors
947 380 53 75 are
1027 380 154 75 balanced
1208 380 44 75 by

218 426 60 75 one
306 426 165 75 Creditor,
497 426 34 75 as
558 426 33 75 in
616 426 55 75 the
701 426 91 75 third
818 426 68 75 poll
905 426 10 75 ;
951 426 38 75 or
1012 426 93 75 when
1133 426 118 75 feveral

218 472 145 75 Debtors
380 472 53 75 are
451 472 155 75 balanced
622 472 43 75 by
680 472 120 75 feveral
817 472 183 75 Creditors,
1025 472 63 75 and
1104 472 76 75 then
1197 472 55 75 the

218 519 67 75 poll
301 519 27 75 is
344 519 66 75 faid
427 519 34 75 to
476 519 40 75 be
536 519 147 75 complex
697 519 31 75 in
740 519 80 75 both
837 519 41 75 its
896 519 110 75 terms.
1055 519 85 75 This
1158 519 94 75 being

218 566 167 75 premifed,
404 566 55 75 the
471 566 84 75 rules
569 566 35 75 to
620 566 41 75 be
679 566 154 75 obferved
852 566 53 75 are
922 566 87 75 thefe
1024 566 179 75 following.

219 635 30 75 I,
275 635 38 75 In
339 635 18 75 a
383 635 108 75 Ample
518 635 81 75 poft,
624 635 56 75 the
696 635 116 75 debtor
828 635 26 75 is
872 635 35 75 to
928 635 39 75 be
985 635 164 75 exprefsly
1164 635 91 75 men-

267 681 122 75 tioned,
414 681 76 75 then
508 681 55 75 the
576 681 153 75 creditor,
754 681 75 75 and,
855 681 104 75 laftiy,
986 681 55 75 the
1058 681 80 75 fum,
1164 681 42 75 all
1222 681 33 75 in

269 727 59 75 one
344 727 64 75 line
421 727 8 75 :
456 727 99 75 After
571 727 106 75 which
690 727 127 75 follows
835 727 55 75 the
903 727 170 75 narrative,
1091 727 38 75 or
1146 727 109 75 reafon

266 773 40 75 of
323 773 56 75 the
406 773 107 75 entry,
538 773 32 75 in
587 773 60 75 one
671 773 38 75 or
736 773 88 75 more
847 773 94 75 lines,
967 773 34 75 as
1019 773 33 75 in
1068 773 55 75 the
1139 773 65 75 firft
1220 773 40 75 of

267 820 87 75 thefe
371 820 90 75 three
478 820 82 75 ports
584 820 113 75 above.

220 867 48 75 II.
293 867 38 75 In
349 867 19 75 a
384 867 149 75 complex
550 867 79 75 poft,
656 867 55 75 the
728 867 119 75 feveral
865 867 145 75 Debtors
1035 867 38 75 or
1086 867 169 75 Creditors

268 913 53 75 are
338 913 165 75 exprefled
523 913 32 75 in
572 913 56 75 the
644 913 64 75 firft
724 913 76 75 line,
825 913 42 75 by
886 913 167 75 Sundries,
1070 913 39 75 or
1126 913 131 75 Sundry

268 960 188 75 Accompts,
482 960 63 75 and
562 960 55 75 the
634 960 61 75 reft
716 960 40 75 of
766 960 56 75 the
843 960 65 75 line
924 960 89 75 filled
1036 960 42 75 up
1095 960 34 75 as
1149 960 36 75 in
1201 960 56 75 the

1283 171 34 75 E
1388 171 34 75 E
1493 171 36 75 P
1601 171 17 75 I
1694 171 42 75 N
1811 171 54 75 G.

1345 237 120 75 former
1493 237 82 75 rule.
1624 237 101 75 After
1744 237 119 75 which,
1897 237 57 75 the
1981 237 120 75 feveral
2130 237 145 75 Debtors
2298 237 48 75 or'

1346 285 170 75 Creditors
1540 285 81 75 muft
1644 285 39 75 be
1711 285 207 75 particularly
1934 285 196 75 mentioned,
2156 285 77 75 each
2261 285 31 75 in
2318 285 19 75 a

1345 331 65 75 line
1425 331 43 75 by
1491 331 201 75 themfelves,
1718 331 78 75 with
1810 331 82 75 their
1910 331 170 75 refpedtive
2096 331 83 75 fums
2195 331 141 75 fubjoin-

1347 377 40 75 ed
1403 377 36 75 to
1457 377 109 75 them;
1593 377 107 75 which
1717 377 53 75 are
1786 377 35 75 to
1845 377 40 75 be
1901 377 104 75 added
2022 377 55 75 up,
2103 377 62 75 and
2181 377 85 75 their
2286 377 49 75 to-

1347 424 44 75 tal
1412 424 124 75 carried
1559 424 36 75 to
1622 424 56 75 the
1703 424 288 75 money-columns,
2017 424 33 75 as
2078 424 33 75 in
2136 424 56 75 the
2219 424 118 75 fecond

1348 470 63 75 and
1427 470 88 75 third
1531 470 97 75 pofts.

1345 541 244 75 The'Journal,
1614 541 34 75 as
1672 541 163 75 defcribed
1858 541 63 75 and
1946 541 202 75 exemplified
2172 541 112 75 above,
2308 541 28 75 is

1304 586 55 75 the
1377 586 84 75 form
1485 586 70 75 that
1572 586 64 75 was
1660 586 64 75 firft
1747 586 33 75 in
1796 586 53 75 ufe
1866 586 115 75 among
1996 586 203 75 merchants;
2226 586 61 75 and
2307 586 29 75 is

1304 633 60 75 ftill
1380 633 56 75 the
1453 633 79 75 moft
1549 633 145 75 common
1707 633 9 75 :
1743 633 58 75 but
1814 633 84 75 fome
1910 633 93 75 make
2015 633 84 75 their
2116 633 134 75 Journal
2270 633 66 75 juft

1304 679 17 75 a
1337 679 62 75 fair
1421 679 83 75 copy
1528 679 41 75 of
1587 679 56 75 the
1667 679 227 75 Wafte-book,
1920 679 77 75 with
2023 679 66 75 the.
2104 679 144 75 Debtors
2273 679 63 75 and

1304 725 168 75 Creditors
1489 725 129 75 written
1629 725 57 75 out
1703 725 39 75 on
1760 725 56 75 the
1832 725 135 75 margin,
1985 725 104 75 which
2106 725 26 75 is
2145 725 91 75 ruled
2246 725 90 75 large

1302 772 52 75 for
1371 772 70 75 that
1458 772 145 75 purpofe.
1653 772 66 75 We
1743 772 77 75 lhall
1845 772 76 75 here
1943 772 124 75 fubjoin
2085 772 54 75 the
2156 772 91 75 three
2264 772 71 75 pre-

1304 818 114 75 ceding
1435 818 81 75 pofts
1534 818 83 75 done
1635 818 83 75 after
1735 818 63 75 this
1816 818 93 75 way;
1938 818 115 75 which,
2072 818 35 75 to
2119 818 60 75 one
2191 818 73 75 who
2277 818 57 75 un-

1303 865 163 75 derftands
1484 865 55 75 the
1557 865 147 75 common
1720 865 146 75 method,
1891 865 66 75 will
1978 865 39 75 be
2033 865 154 75 fufficient
2202 865 130 75 inftruc-

500 1114 52 75 Dr
577 1114 104 75 Black
698 1114 107 75 Cloth,

500 1161 47 75 Cr
571 1161 97 75 Cajh,
743 1161 14 75 -
820 1161 4 75 j

1400 1046 4 104 ■
1404 1072 79 75 July
1491 1072 73 75 ift.-

1040 1116 33 75 d.
1119 1116 132 75 Bought
1283 1116 46 75 40
1362 1116 95 75 yards
1490 1116 94 75 black
1614 1116 102 75 cloth,

500 1282 221 75 Crs$%
755 1282 14 75 -
819 1282 4 75 I
877 1264 18 49 2
945 1282 47 75 00
1040 1282 46 75 00

589 1299 71 75 pj.
679 1299 113 75 Sloan,
819 1299 4 75 I
876 1299 19 75 2
944 1299 44 75 03
1039 1299 47 75 04

501 1559 70 49 Drs

500 1669 49 75 Cr
566 1669 84 75 Port
665 1669 104 75 Wine,

1120 1254 130 75 Bought
1277 1254 41 75 of
1328 1254 120 75 James
1470 1254 100 75 Sloan
1598 1254 65 75 100
1687 1254 96 75 yards

1166 1300 154 75 (balloon,
1340 1300 33 75 at
1393 1300 39 75 10
1443 1300 34 75 d.

1120 1346 167 75 Whereof
1299 1346 75 75 paid
1397 1346 49 75 —
1490 1346 49 75 —
1575 1346 18 75 2
1644 1346 46 75 00

1121 1394 74 75 Reft
1212 1394 62 75 due
1292 1394 33 75 at
1342 1394 19 75 2
1382 1394 88 75 mon.
1508 1394 15 75 -
1574 1394 18 75 2
1643 1394 44 75 03
1738 1394 46 75 04

857 1534 39 75 55
946 1534 47 75 00
1040 1534 46 75 00

857 1580 15 75 5
881 1580 15 75 S
946 1580 48 75 00
1041 1580 47 75 00

1396 1486 120 75 -4th.-

1125 1532 77 75 Sold
1212 1532 88 75 Will.
1313 1532 86 75 Pope
1413 1532 21 75 4
1446 1532 86 75 pipes
1546 1532 81 75 Port
1640 1532 93 75 wine,
1751 1532 34 75 at

1169 1581 78 75 27/.
1270 1581 41 75 10
1322 1581 29 75 r.

1128 1624 159 75 Whereof
1300 1624 145 75 received
1474 1624 49 75 —
1554 1624 41 75 55
1645 1624 47 75 00
1738 1624 48 75 00

1127 1671 72 75 Reft
1215 1671 62 75 due
1295 1671 42 75 on
1354 1671 137 75 demand
1552 1671 41 75 55
1643 1671 47 75 00
1739 1671 47 75 00

1850 1121 24 75 /.
1897 1121 5 75 '
1919 1121 30 75 s.

1842 1169 43 75 28
1913 1169 46 75 00

296 1878 61 75 Of
373 1878 59 75 the
451 1878 132 75 Terms
601 1878 198 75 Debtor
817 1878 75 75 and
911 1878 255 75 Creditor.

265 1958 85 75 The
370 1958 112 75 nature
498 1958 62 75 and
576 1958 53 75 ufe
645 1958 41 75 of
705 1958 56 75 the
777 1958 98 75 terms
899 1958 127 75 Debtor
1050 1958 62 75 and
1134 1958 112 75 Credi-

217 2006 54 75 tor
286 2006 64 75 will
365 2006 40 75 be
417 2006 147 75 obvious,
589 2006 85 75 from
691 2006 54 75 the
762 2006 245 75 confiderations
1019 2006 179 75 following.

267 2052 28 75 I.
343 2052 176 75 Accompts
547 2052 31 75 in
607 2052 56 75 the
690 2052 132 75 Ledger
849 2052 108 75 confift
984 2052 39 75 of
1053 2052 66 75 two
1145 2052 101 75 parts,

218 2097 107 75 which
342 2097 32 75 in
390 2097 83 75 their
486 2097 71 75 own
571 2097 111 75 natufe
694 2097 196 75 aredire&ly
902 2097 137 75 oppofed
1052 2097 48 75 to,
1118 2097 61 75 and
1191 2097 56 75 the

218 2144 124 75 reverfe
359 2144 40 75 of
417 2144 60 75 one
494 2144 155 75 another;
675 2144 105 75 which
797 2144 161 75 therefore
971 2144 54 75 are
1042 2144 46 75 fet
1104 2144 143 75 fronting

218 2190 61 75 one
292 2190 144 75 another,
462 2190 41 75 on
521 2190 140 75 oppofite
674 2190 79 75 fides
770 2190 40 75 of
829 2190 55 75 the
895 2190 83 75 fame
995 2190 90 75 folio.
1136 2190 109 75 Thus,

219 2238 44 75 all
279 2238 55 75 the
351 2238 127 75 articles
494 2238 41 75 of
553 2238 116 75 money
685 2238 145 75 received
845 2238 42 75 go
907 2238 35 75 to
966 2238 54 75 the
1044 2238 60 75 left
1128 2238 62 75 fide
1213 2238 41 75 of

220 2284 54 75 the
291 2284 258 75 Cafh-accompt,
575 2284 63 75 and
654 2284 39 75 all
711 2284 56 75 the
791 2284 127 75 articles
940 2284 40 75 or
1003 2284 84 75 fums
1111 2284 67 75 laid
1192 2284 58 75 out

220 2330 53 75 are
289 2330 123 75 carried
429 2330 35 75 to
480 2330 55 75 the
552 2330 99 75 right.
700 2330 40 75 In
763 2330 65 75 like
849 2330 144 75 manner,
1018 2330 55 75 the
1097 2330 152 75 purchafe

220 2377 41 75 of
278 2377 101 75 goods
396 2377 26 75 is
438 2377 110 75 ported
563 2377 35 75 to
615 2377 55 75 the
685 2377 63 75 left
763 2377 62 75 fide
842 2377 41 75 of
902 2377 54 75 the
973 2377 145 75 accoinpt
1134 2377 41 75 of
1194 2377 54 75 the

219 2423 66 75 faid
309 2423 116 75 goods,
450 2423 63 75 and
541 2423 54 75 the
623 2423 76 75 fale,
725 2423 36 75 or
785 2423 135 75 diipofal
947 2423 41 75 of
1006 2423 101 75 them,
1132 2423 36 75 to
1193 2423 55 75 the

219 2469 100 75 right,
346 2469 64 75 <bc.

268 2516 47 75 II.
351 2516 226 75 Tranfaftions
605 2516 39 75 of
663 2516 103 75 trade,
800 2516 38 75 or
865 2516 84 75 cafes
976 2516 42 75 of
1039 2516 56 75 the
1121 2516 127 75 Wafte-

219 2562 101 75 book,
346 2562 53 75 are
416 2562 64 75 alfo
504 2562 93 75 made
614 2562 41 75 up
679 2562 40 75 of
737 2562 66 75 two
828 2562 100 75 parts,
953 2562 104 75 which
1083 2562 116 75 belong
1216 2562 33 75 to

220 2608 152 75 different
387 2608 173 75 accompts,
586 2608 62 75 and
664 2608 36 75 to
716 2608 141 75 oppofite
873 2608 79 75 fides
969 2608 40 75 of
1028 2608 55 75 the
1095 2608 151 75 Ledger:

220 2658 27 75 e.
270 2658 38 75 g.
348 2658 37 75 If
403 2658 102 75 goods
529 2658 53 75 are
605 2658 124 75 bought
752 2658 52 75 for
825 2658 99 75 ready
948 2658 133 75 money,-
1100 2658 56 75 the
1183 2658 66 75 two

219 2702 88 75 parts
320 2702 65 75 are,
411 2702 55 75 the
482 2702 101 75 goods
600 2702 156 75 received,
783 2702 62 75 and
857 2702 56 75 the
931 2702 115 75 money
1061 2702 162 75 delivered
1235 2702 10 75 ;

220 2749 56 75 the
292 2749 119 75 former
428 2749 41 75 of
486 2749 104 75 which
609 2749 75 75 goes
696 2749 36 75 to
747 2749 55 75 the
814 2749 66 75 left
895 2749 63 75 fide
975 2749 40 75 of
1032 2749 58 75 the
1101 2749 146 75 accompt

219 2796 40 75 of
277 2796 65 75 faid
366 2796 114 75 goods,
507 2796 62 75 and
592 2796 55 75 the
670 2796 98 75 latter
794 2796 35 75 to
854 2796 56 75 the
934 2796 85 75 right
1045 2796 63 75 fide
1133 2796 40 75 of
1192 2796 54 75 the

218 2840 258 75 Ca(h-accompt.

266 2887 65 75 HI.
367 2887 108 75 Thefe
493 2887 65 75 two
574 2887 151 75 different
741 2887 99 75 parts,
858 2887 31 75 in
903 2887 83 75 cafes
999 2887 40 75 of
1050 2887 55 75 the
1117 2887 127 75 Wafte-

217 2934 99 75 book,
341 2934 53 75 are
410 2934 56 75 not
481 2934 140 75 oppofed
638 2934 34 75 to
695 2934 60 75 one
772 2934 145 75 another,
942 2934 33 75 as
1000 2934 56 75 the
1078 2934 66 75 two
1167 2934 79 75 fides

217 2982 40 75 of
268 2982 54 75 the
339 2982 309 75 Ledger-accompts
665 2982 53 75 are
728 2982 12 75 ;
765 2982 71 75 but,
853 2982 42 75 on
911 2982 55 75 the
979 2982 162 75 contrary,
1165 2982 81 75 have

1298 1827 18 75 a
1333 1827 121 75 mutual
1471 1827 184 75 connexion
1676 1827 62 75 and
1765 1827 214 75 dependence,
2004 1827 57 75 the
2077 1827 61 75 one
2159 1827 96 75 being
2270 1827 56 75 the

1297 1873 136 75 ground,
1460 1873 173 75 condition,
1659 1873 39 75 or
1712 1873 91 75 caufe
1819 1873 41 75 of
1872 1873 54 75 the
1943 1873 106 75 other.
2097 1873 108 75 Thus,
2222 1873 31 75 in
2271 1873 56 75 the

1296 1918 172 75 preceding
1494 1918 158 75 example,
1678 1918 92 75 when
1794 1918 102 75 goods
1921 1918 53 75 are
1998 1918 124 75 bought
2148 1918 52 75 for
2228 1918 98 75 ready

1295 1965 127 75 money,
1448 1965 55 75 the
1519 1965 119 75 receipt
1663 1965 40 75 of
1714 1965 55 75 the
1797 1965 101 75 goods
1916 1965 26 75 is
1959 1965 54 75 the
2037 1965 90 75 caufe
2143 1965 41 75 of
2200 1965 127 75 parting

1294 2010 79 75 with
1389 2010 55 75 the
1461 2010 135 75 money;
1625 2010 73 75 and,
1724 2010 41 75 on
1778 2010 56 75 the
1850 2010 94 75 other
1961 2010 97 75 hand,
2076 2010 57 75 the
2148 2010 177 75 delivering

1296 2056 40 75 of
1346 2056 55 75 the
1429 2056 116 75 money
1564 2056 28 75 is
1608 2056 56 75 the
1688 2056 163 75 condition
1876 2056 41 75 on
1937 2056 105 75 which
2067 2056 55 75 the
2139 2056 102 75 goods
2269 2056 55 75 are

1296 2104 156 75 received.

1344 2151 97 75 From
1458 2151 86 75 thefe
1560 2151 91 75 three
1663 2151 230 75 obfervations,
1918 2151 25 75 it
1958 2151 27 75 is
1998 2151 97 75 plain,
2120 2151 84 75 that,
2221 2151 34 75 in
2271 2151 52 75 or-

1296 2195 57 75 der
1370 2195 35 75 to
1422 2195 66 75 poft
1505 2195 19 75 a
1535 2195 69 75 cafe
1617 2195 40 75 of
1667 2195 55 75 the
1741 2195 214 75 Wafte-book
1971 2195 35 75 to
2028 2195 55 75 the
2100 2195 142 75 Ledger,
2268 2195 56 75 the

1297 2242 64 75 firft
1377 2242 92 75 thing
1485 2242 55 75 the
1556 2242 200 75 accotaptant
1772 2242 80 75 muft
1868 2242 55 75 do,
1949 2242 39 75 is,
2014 2242 35 75 to
2061 2242 106 75 divide
2183 2242 55 75 the
2255 2242 68 75 cafe

1298 2290 68 75 into
1382 2290 49 75 its,
1448 2290 100 75 parts,
1574 2290 63 75 and
1653 2290 75 75 then
1745 2290 34 75 to
1796 2290 93 75 think
1905 2290 77 75 with
2003 2290 137 75 himfelf,
2165 2290 35 75 to
2216 2290 108 75 which

1296 2335 156 75 accompt,
1478 2335 61 75 and
1563 2335 36 75 to
1623 2335 86 75 what
1727 2335 75 75 fide,
1828 2335 78 75 each
1923 2335 41 75 of
1974 2335 88 75 thefe
2085 2335 86 75 parts
2186 2335 27 75 is
2230 2335 35 75 to
2282 2335 42 75 be

1296 2383 124 75 carried
1432 2383 10 75 ;
1469 2383 61 75 and
1545 2383 93 75 when
1655 2383 55 75 the
1727 2383 93 75 entry
1841 2383 27 75 is
1885 2383 137 75 adhially
2036 2383 105 75 made,
2167 2383 56 75 the
2247 2383 76 75 con-

1297 2429 122 75 neftion
1436 2429 40 75 of
1495 2429 55 75 the
1566 2429 88 75 parts
1672 2429 75 75 with
1774 2429 61 75 one
1859 2429 133 75 another
2008 2429 80 75 muft
2104 2429 38 75 be
2159 2429 165 75 expreffed

1298 2475 31 75 in
1346 2475 77 75 each
1448 2475 39 75 of
1507 2475 55 75 the
1584 2475 161 75 accompts
1761 2475 35 75 to
1812 2475 105 75 which
1943 2475 77 75 they
2039 2475 54 75 are
2109 2475 213 75 tranfported.

1297 2522 100 75 Now,
1422 2522 81 75 fince
1526 2522 32 75 in
1585 2522 149 75 fpeaking
1760 2522 63 75 and
1850 2522 127 75 writing
2003 2522 106 75 things
2134 2522 80 75 muft
2241 2522 82 75 have

1298 2568 105 75 names
1420 2568 152 75 whereby
1590 2568 79 75 they
1684 2568 74 75 may
1774 2568 40 75 be
1830 2568 164 75 expfeffed
2010 2568 60 75 and
2088 2568 139 75 written,
2253 2568 26 75 it
2294 2568 28 75 is

1296 2613 158 75 neceffary
1470 2613 71 75 that
1558 2613 65 75 two
1639 2613 106 75 words
1763 2613 35 75 or
1816 2613 97 75 terms
1931 2613 39 75 be
1986 2613 177 75 contrived,
2189 2613 61 75 and
2267 2613 55 75 ap-

1295 2660 183 75 propriated
1502 2660 35 75 to
1561 2660 88 75 thefe
1673 2660 66 75 two
1763 2660 149 75 different
1936 2660 101 75 parts,
2068 2660 70 75 that
2162 2660 80 75 have
2265 2660 57 75 the

1295 2706 82 75 fame
1407 2706 134 75 relation
1566 2706 35 75 to
1628 2706 60 75 one
1713 2706 133 75 another
1870 2706 34 75 as
1938 2706 54 75 the
2017 2706 87 75 parts
2134 2706 187 75 themfelves

1294 2752 93 75 have,
1410 2752 108 75 which
1536 2752 72 75 may
1628 2752 32 75 at
1676 2752 80 75 once
1772 2752 204 75 charafterrfe
1992 2752 60 75 and
2069 2752 179 75 diftinguifli
2266 2752 55 75 the

1295 2799 87 75 parts
1398 2799 85 75 from
1504 2799 61 75 one
1582 2799 146 75 another,
1754 2799 90 75 point
1861 2799 55 75 out
1935 2799 62 75 and
2014 2799 151 75 afceftain
2183 2799 34 75 to
2234 2799 88 75 what

1295 2846 64 75 fide
1375 2846 39 75 of
1434 2846 56 75 the
1511 2846 132 75 Ledger
1658 2846 76 75 each
1752 2846 41 75 of
1814 2846 89 75 them
1918 2846 28 75 is
1968 2846 37 75 to
2030 2846 39 75 be
2097 2846 134 75 carried,
2258 2846 64 75 and

1296 2892 109 75 withal
1433 2892 128 75 exprefs
1588 2892 84 75 their
1694 2892 136 75 relation
1855 2892 46 75 to,
1927 2892 62 75 and
2008 2892 201 75 dependence
2236 2892 86 75 upon

1294 2939 58 75 one
1369 2939 143 75 another.

1339 2986 76 75 The
1431 2986 130 75 Italians
1578 2986 33 75 at
1628 2986 64 75 firft
1707 2986 52 75 for
1776 2986 63 75 this
1863 2986 132 75 purpofe
2017 2986 130 75 pitched
2163 2986 84 75 upon
2263 2986 57 75 the

2220 3038 99 75 terms
