2397 3387
596 196 35 75 B
705 196 40 75 O
819 196 39 75 O
931 196 37 75 K
1000 196 15 75 -
1046 196 37 75 K
1156 192 34 75 E
1262 191 34 75 E
1364 191 35 75 P
1469 189 17 75 I
1559 189 43 75 N
1676 189 52 75 G.

117 214 88 75 59°

174 334 17 75 §
222 334 37 75 2.
288 334 117 75 JVhat
421 334 60 75 the
512 334 182 75 Balances
720 334 40 75 in
786 334 137 75 proper
950 334 162 75 Foreign

548 378 121 75 Trade
696 378 80 75 are,

200 474 32 75 I.
256 474 123 75 Voyage
395 474 44 75 to,
465 474 37 75 ox
515 474 87 75 from

760 474 13 75 ,
798 474 57 75 N°
879 474 57 75 16.
953 474 57 75 40.
1030 474 65 75 47.^

173 520 169 75 Contains,
369 520 83 75 upon
477 520 54 75 the
553 520 52 75 Dr
622 520 76 75 fide,
723 520 55 75 the
796 520 100 75 prime
914 520 64 75 coft
996 520 61 75 and
1070 520 90 75 char-

124 570 55 75 ge?
197 570 39 75 of
248 570 55 75 the
320 570 108 75 cargo,
479 570 8 75 '
487 570 13 75 t
514 570 42 75 he
577 570 47 75 Cr
652 570 64 75 fide
740 570 27 75 is
796 570 102 75 either
923 570 121 75 empty,
1070 570 37 75 or
1135 570 27 75 it

125 615 143 75 contains
286 615 54 75 the
353 615 119 75 receipt
488 615 37 75 or
540 615 133 75 difpofal
691 615 40 75 of
742 615 55 75 the
809 615 101 75 goods
923 615 42 75 by
979 615 55 75 the
1047 615 115 75 factor,

124 664 37 75 or
184 664 132 75 perhaps
334 664 124 75 returns
476 664 91 75 made
584 664 51 75 for
652 664 101 75 them.
801 664 112 75 There
930 664 53 75 are
1000 664 162 75 therefore

127 710 77 75 here
223 710 65 75 two
305 710 98 75 cafes.
458 710 58 75 \Jl,
541 710 37 75 If
597 710 56 75 the
677 710 47 75 Cr
741 710 64 75 fide
821 710 40 75 be
878 710 120 75 empty,
1024 710 55 75 the
1096 710 65 75 fhip

125 757 27 75 is
178 757 61 75 ftiil
252 757 43 75 .at
312 757 63 75 fea,
402 757 50 75 or,
477 757 30 75 at
527 757 89 75 leaft,
642 757 90 75 there
754 757 57 75 has
829 757 82 75 been
926 757 33 75 as
978 757 53 75 yet
1048 757 42 75 no
1106 757 55 75 ad-

124 800 70 75 vice
212 800 39 75 of
262 800 57 75 her
337 800 140 75 arrival;
505 800 62 75 and
594 800 56 75 the
674 800 145 75 accompt
847 800 27 75 is
903 800 118 75 clofed,
1049 800 40 75 by
1115 800 46 75 gi-

126 850 76 75 ving
219 850 25 75 it
262 850 101 75 credit
380 850 43 75 by
441 850 149 75 Balance,
642 850 86 75 idly.
754 850 36 75 If
802 850 55 75 the
873 850 49 75 Cr
938 850 63 75 fide
1018 850 39 75 be
1074 850 89 75 filled

126 896 56 75 up,
207 896 55 75 the
279 896 173 75 difference
475 896 40 75 of
534 896 54 75 the
609 896 78 75 fides
717 896 25 75 is
768 896 55 75 the
847 896 72 75 gain
936 896 36 75 or
990 896 62 75 lofs
1070 896 96 75 made

125 943 85 75 upon
228 943 55 75 the
301 943 121 75 voyage
437 943 10 75 ;
475 943 61 75 and
561 943 205 75 accordingly
784 943 54 75 the
855 943 145 75 accompt
1018 943 25 75 is
1057 943 106 75 doled

125 990 45 75 by
186 990 95 75 being
304 990 93 75 made
416 990 49 75 Dr
492 990 36 75 or
546 990 47 75 Cr
615 990 37 75 to
674 990 38 75 or
729 990 42 75 by
788 990 103 75 Profit
907 990 62 75 and
987 990 94 75 Lofs.
1132 990 31 75 If

126 1038 56 75 the
198 1038 83 75 fums
303 1038 39 75 of
357 1038 54 75 the
432 1038 79 75 fides
537 1038 121 75 happen
687 1038 35 75 to
747 1038 40 75 be
812 1038 106 75 equal,
945 1038 91 75 there
1052 1038 26 75 is
1096 1038 66 75 nei-

126 1083 74 75 ther
217 1083 71 75 gain
301 1083 59 75 nor
375 1083 62 75 lofs
455 1083 41 75 on
508 1083 55 75 the
580 1083 122 75 voyage
713 1083 21 75 y
751 1083 62 75 and
829 1083 56 75 the
902 1083 146 75 accompt
1063 1083 105 75 clofes-

128 1130 40 75 of
186 1130 102 75 ifelfi.

321 1211 33 75 2.
392 1211 45 75 A.
465 1211 42 75 B.
544 1211 48 75 my
619 1211 153 75 Accompt
796 1211 43 75 of
852 1211 115 75 Goods.

177 1265 169 75 Contains,
372 1265 84 75 upon
474 1265 54 75 the
545 1265 53 75 Dr
615 1265 74 75 fide,
717 1265 55 75 the
800 1265 101 75 goods
930 1265 169 75 configned
1115 1265 47 75 to,

128 1315 61 75 and
217 1315 146 75 received
387 1315 43 75 by
458 1315 55 75 die
537 1315 60 75 fad
601 1315 58 75 or;
697 1315 63 75 and
784 1315 41 75 on
843 1315 54 75 the
923 1315 47 75 Cr
997 1315 78 75 fide,
1108 1315 55 75 the

130 1360 133 75 difpofal
280 1360 40 75 of
340 1360 54 75 the
420 1360 63 75 faid
510 1360 115 75 goods.
672 1360 86 75 Tiis
781 1360 146 75 accompt
942 1360 146 75 balances
1105 1360 58 75 ex-

129 1409 83 75 actly
236 1409 36 75 as
287 1409 42 75 an
348 1409 152 75 Accompt
518 1409 43 75 of
563 1409 95 75 goods
677 1409 35 75 in
723 1409 118 75 proper
859 1409 148 75 domeJUc
1023 1409 113 75 trade.

354 1488 32 75 3.
415 1488 44 75 A.
479 1488 42 75 B.
548 1488 47 75 my
615 1488 151 75 Accompt
785 1488 37 75 on
840 1488 106 75 Time.

177 1546 171 75 Contains,
383 1546 86 75 upon
490 1546 56 75 the
574 1546 53 75 Dr
656 1546 77 75 fide,
759 1546 55 75 the
842 1546 92 75 debts
959 1546 63 75 due
1050 1546 36 75 to
1111 1546 55 75 the

131 1594 114 75 fador,
271 1594 51 75 for
343 1594 52 75 my
413 1594 101 75 goods
528 1594 70 75 fold
613 1594 42 75 by
672 1594 66 75 him
756 1594 43 75 on
814 1594 88 75 time.
951 1594 24 75 1
987 1594 41 75 he
1041 1594 48 75 Cr
1104 1594 62 75 fide

131 1641 143 75 contains
302 1641 55 75 the
382 1641 163 75 payments
571 1641 92 75 made
687 1641 42 75 by
754 1641 130 75 debtors
912 1641 35 75 to
964 1641 54 75 the
1035 1641 129 75 fadors.

134 1690 46 75 So
198 1690 84 75 that,
304 1690 30 75 if
353 1690 91 75 there
466 1690 39 75 be
525 1690 61 75 any
602 1690 173 75 difference
787 1690 40 75 of
838 1690 55 75 the
910 1690 91 75 fides,
1026 1690 24 75 it
1067 1690 27 75 is
1111 1690 56 75 the

132 1735 93 75 debts
244 1735 53 75 yet
314 1735 216 75 out-(landing
544 1735 9 75 :
583 1735 78 75 And
684 1735 55 75 the
763 1735 144 75 accompt
932 1735 27 75 is
980 1735 118 75 clofed,
1123 1735 44 75 by

131 1783 109 75 giving
257 1783 25 75 it
299 1783 104 75 credit
421 1783 42 75 by
480 1783 153 75 Balance.

243 1855 33 75 4.
303 1855 46 75 A.
376 1855 43 75 B.
444 1855 48 75 my
519 1855 310 75 accompt-current,
853 1855 53 75 N°
925 1855 58 75 41.
1004 1855 59 75 53.

182 1913 170 75 Contains,
375 1913 85 75 upon
477 1913 55 75 the
550 1913 52 75 Dr
620 1913 75 75 fide,
713 1913 54 75 the
784 1913 115 75 money
916 1913 31 75 in
965 1913 55 75 the
1038 1913 128 75 fador’s

133 1964 116 75 hands,
275 1964 145 75 received
436 1964 44 75 by
497 1964 65 75 him
579 1964 40 75 of
636 1964 55 75 the
708 1964 79 75 fales
812 1964 41 75 of
871 1964 56 75 my
945 1964 114 75 goods,
1088 1964 78 75 with

135 2012 55 75 the
209 2012 201 75 remittances
427 2012 16 75 I
461 2012 64 75 had
537 2012 65 75 fent
618 2012 80 75 him,
717 2012 37 75 or
767 2012 165 75 payments
950 2012 15 75 I
983 2012 81 75 have
1075 2012 93 75 made

135 2058 65 75 him
218 2058 85 75 upon
321 2058 60 75 any
397 2058 93 75 other
506 2058 146 75 account.
701 2058 77 75 The
795 2058 48 75 Cr
859 2058 62 75 fide
945 2058 143 75 contains
1114 2058 55 75 the

135 2103 166 75 payments
321 2103 37 75 or
375 2103 201 75 remittances
598 2103 41 75 he
663 2103 56 75 has
736 2103 68 75 fent
821 2103 66 75 me,
908 2103 78 75 with
1005 2103 54 75 the
1076 2103 93 75 debts

136 2150 18 75 I
172 2150 69 75 owe
253 2150 66 75 him
337 2150 83 75 upon
438 2150 60 75 any
511 2150 94 75 other
620 2150 102 75 fcore.
755 2150 38 75 In
806 2150 116 75 clofing
934 2150 63 75 this
1010 2150 158 75 accompt,

139 2198 90 75 there
247 2198 52 75 are
317 2198 65 75 two
400 2198 97 75 cafes.
551 2198 58 75 \ft.
633 2198 38 75 If
690 2198 55 75 the
768 2198 91 75 inner
883 2198 155 75 columns,
1065 2198 105 75 which

139 2244 127 75 contain
283 2244 55 75 the
355 2244 125 75 foreign
496 2244 129 75 money,
652 2244 40 75 be
713 2244 115 75 equal;
855 2244 89 75 then,
969 2244 31 75 if
1018 2244 90 75 there
1130 2244 40 75 be

141 2297 59 75 any
219 2297 331 75 difference-between
568 2297 54 75 the
639 2297 91 75 outer
748 2297 156 75 columns,
929 2297 26 75 it
972 2297 26 75 is
1028 2297 54 75 the
1099 2297 75 75 gain

142 2340 35 75 or
195 2340 61 75 lofs
285 2340 93 75 m-de
402 2340 43 75 by
464 2340 184 75 exchange;
676 2340 104 75 which
796 2340 90 75 flows
904 2340 83 75 from
1007 2340 55 75 the
1078 2340 95 75 diffe-

141 2385 71 75 rent
230 2385 83 75 rates
337 2385 39 75 of
397 2385 163 75 exchange
585 2385 32 75 at
646 2385 104 75 which
775 2385 87 75 thefe
887 2385 93 75 debts
997 2385 80 75 have
1094 2385 80 75 been

142 2431 138 75 (charged
298 2431 61 75 and
375 2431 184 75 difcharged
573 2431 8 75 :
609 2431 78 75 And
703 2431 57 75 the
774 2431 144 75 accompt
935 2431 31 75 in
984 2431 63 75 this
1063 2431 67 75 cafe
1147 2431 27 75 is

141 2478 120 75 clofed,
286 2478 43 75 by
346 2478 94 75 being
456 2478 92 75 made
565 2478 53 75 Dr
634 2478 35 75 to
686 2478 39 75 or
742 2478 48 75 Cr
816 2478 44 75 by
876 2478 101 75 Profit
996 2478 60 75 and
1079 2478 97 75 Lofs,

145 2527 52 75 for
214 2527 56 75 the
292 2527 173 75 difference
490 2527 40 75 of
553 2527 55 75 the
632 2527 93 75 outer
742 2527 157 75 columns,
952 2527 88 75 idly*
1062 2527 37 75 If
1121 2527 56 75 the

144 2573 90 75 inner
252 2573 142 75 columns
412 2573 52 75 are
480 2573 150 75 unequal,
655 2573 77 75 they
748 2573 80 75 muft
845 2573 64 75 firft
925 2573 40 75 be
991 2573 137 75 brought
1143 2573 35 75 to

146 2621 39 75 an
198 2621 156 75 equality,
380 2621 43 75 by
436 2621 128 75 making
576 2621 54 75 the
647 2621 146 75 accompt
810 2621 52 75 Dr
875 2621 49 75 to,
940 2621 37 75 or
994 2621 47 75 Cr
1058 2621 42 75 by
1113 2621 63 75 Ba-

145 2666 104 75 lance,
276 2666 51 75 for
344 2666 83 75 their
445 2666 187 75 difference,
656 2666 129 75 valuing
802 2666 54 75 the
872 2666 124 75 foreign
1013 2666 115 75 money
1145 2666 32 75 at

148 2709 56 75 the
220 2709 126 75 current
364 2709 68 75 rate
450 2709 39 75 of
500 2709 186 75 exchange;
712 2709 104 75 which
834 2709 172 75 difference
1023 2709 26 75 is
1067 2709 18 75 a
1101 2709 78 75 debt

148 2761 62 75 duo
224 2761 41 75 by
279 2761 54 75 the
345 2761 101 75 fador
458 2761 30 75 if
499 2761 121 75 the.Dr
632 2761 62 75 fide
710 2761 39 75 be
766 2761 149 75 heavieft,
933 2761 57 75 but
1003 2761 61 75 due
1078 2761 33 75 to
1124 2761 54 75 the

148 2806 102 75 fader
266 2806 30 75 if
308 2806 54 75 the
380 2806 47 75 Cr
451 2806 62 75 fide
528 2806 41 75 be
591 2806 150 75 heavielt.
790 2806 37 75 If
838 2806 81 75 after
937 2806 62 75 this
1017 2806 55 75 the
1088 2806 92 75 outer

152 2853 143 75 columns
324 2853 51 75 are
400 2853 150 75 unequal,
576 2853 83 75 their
688 2853 172 75 difference
884 2853 39 75 is,
960 2853 55 75 the
1043 2853 71 75 gain
1143 2853 37 75 or

151 2899 61 75 lofs
230 2899 92 75 made
344 2899 44 75 by
404 2899 187 75 exchange;
617 2899 63 75 and
699 2899 54 75 the
776 2899 145 75 accompt
944 2899 79 75 muft
1048 2899 40 75 be
1113 2899 68 75 clo-

150 2948 67 75 fed,
242 2948 42 75 by
303 2948 127 75 making
445 2948 26 75 it
494 2948 52 75 Dr
564 2948 34 75 to
623 2948 35 75 or
676 2948 47 75 Cr
747 2948 48 75 by.
812 2948 102 75 Profit
930 2948 64 75 and
1009 2948 94 75 Lofs,
1129 2948 51 75 for

155 2996 52 75 die
223 2996 67 75 faid
305 2996 185 75 difference.

1499 320 33 75 P
1583 320 38 75 R
1671 320 38 75 O
1758 320 49 75 B.
1889 320 54 75 II.

1257 407 112 75 What
1388 407 61 75 the
1474 407 182 75 Balances
1685 407 40 75 in
1752 407 352 75 Fattory-accompts
2120 407 77 75 are.

1339 501 29 75 1.
1404 501 44 75 A.
1476 501 44 75 B.
1552 501 50 75 bis
1627 501 153 75 Accompt
1798 501 42 75 of
1846 501 116 75 Goods,
1990 501 52 75 N°
2061 501 60 75 48.

1256 555 84 75 This
1358 555 145 75 accompt
1520 555 157 75 contains,
1704 555 82 75 upon
1804 555 54 75 the
1875 555 52 75 Dr
1940 555 76 75 fide,
2040 555 56 75 the
2114 555 133 75 charges

1210 602 72 75 paid
1300 602 42 75 by
1359 602 54 75 the
1431 602 112 75 fador.
1593 602 77 75 The
1696 602 48 75 Cr
1772 602 63 75 fide
1863 602 143 75 contains
2036 602 54 75 the
2119 602 62 75 fale
2210 602 37 75 or

1210 647 133 75 difpofiil
1368 647 39 75 of
1431 647 55 75 the
1503 647 116 75 goods.
1669 647 37 75 In
1735 647 117 75 clofing
1881 647 62 75 this
1964 647 171 75 .accompt,
2157 647 90 75 there

1212 695 129 75 are-fiye
1358 695 161 75 varieties.
1572 695 57 75 1/?,
1656 695 37 75 If
1705 695 54 75 the
1776 695 101 75 goods
1896 695 52 75 are
1966 695 41 75 all
2025 695 81 75 fold,
2125 695 62 75 and
2204 695 43 75 all

1211 741 55 75 the
1282 741 116 75 money
1415 741 158 75 received,
1600 741 64 75 this
1680 741 146 75 accompt
1851 741 25 75 is
1901 741 165 75 balanced,
2093 741 41 75 by
2153 741 94 75 being

1212 788 138 75 charged
1374 788 64 75 Dr,
1471 788 64 75 firft
1564 788 34 75 to
1627 788 102 75 Profit
1756 788 63 75 and
1846 788 95 75 Lofs,
1969 788 52 75 for
2038 788 54 75 the
2115 788 132 75 fador’s

1213 834 202 75 commiflion,
1441 834 83 75 at-fo
1541 834 94 75 much
1648 834 61 75 per
1724 834 86 75 cent,
1836 834 83 75 after
1935 834 118 75 which,
2080 834 170 75 the.difFe.-r

1215 883 91 75 tence
1323 883 39 75 of
1374 883 55 75 the
1446 883 78 75 fides
1542 883 39 75 is,
1607 883 55 75 the
1680 883 115 75 money
1822 883 62 75 due
1911 883 34 75 to
1974 883 54 75 the
2056 883 190 75 employer;

1213 928 62 75 and
1291 928 27 75 is
1336 928 118 75 clofed,
1481 928 42 75 by
1545 928 94 75 being
1663 928 90 75 again
1777 928 139 75 charged
1945 928 53 75 Dr
2017 928 33 75 to
2070 928 43 75 A.
2133 928 43 75 B.
2196 928 51 75 his

1214 974 315 75 Accompt-current,
1555 974 50 75 for
1630 974 54 75 the
1701 974 67 75 faid
1784 974 184 75 difference,
2020 974 84 75 idly.
2132 974 37 75 If
2191 974 56 75 the

1211 1022 106 75 goods,
1329 1022 53 75 are
1400 1022 43 75 all
1458 1022 82 75 fold,
1565 1022 58 75 but
1640 1022 41 75 no
1698 1022 115 75 money
1835 1022 54 75 yet
1906 1022 157 75 received,
2089 1022 26 75 it
2133 1022 25 75 is
2176 1022 67 75 clo-

1213 1068 65 75 fed,
1306 1068 43 75 by
1365 1068 95 75 being
1487 1068 91 75 made
1596 1068 52 75 Dr
1666 1068 35 75 to
1716 1068 105 75 Profit
1840 1068 59 75 and
1919 1068 95 75 Lofs,
2039 1068 52 75 for
2110 1068 52 75 the
2180 1068 66 75 fac-

1211 1115 80 75 tor’s
1317 1115 203 75 commiflion,
1547 1115 62 75 and
1637 1115 35 75 to
1697 1115 46 75 A.
1762 1115 42 75 B.
1830 1115 49 75 his
1897 1115 155 75 Accompt.
2077 1115 38 75 on
2140 1115 109 75 Tims,

1212 1161 52 75 for
1287 1161 55 75 the
1370 1161 217 75 out-flanding
1614 1161 92 75 debts
1735 1161 62 75 due
1826 1161 34 75 to
1888 1161 80 75 him.
2020 1161 84 75 ^dly.
2131 1161 37 75 If
2191 1161 56 75 the

1213 1208 102 75 goods
1331 1208 53 75 are
1401 1208 41 75 all
1458 1208 82 75 fold,
1568 1208 61 75 and
1646 1208 77 75 only
1739 1208 70 75 part
1826 1208 40 75 of
1879 1208 54 75 the
1955 1208 116 75 money
2089 1208 160 75 received,

1213 1254 24 75 it
1254 1254 25 75 is
1297 1254 118 75 clofed,
1441 1254 43 75 by
1512 1254 94 75 being
1633 1254 93 75 made
1751 1254 53 75 Dr
1821 1254 36 75 to
1870 1254 103 75 Profit
1992 1254 63 75 and
2072 1254 96 75 Lofs,
2194 1254 53 75 for

1213 1300 55 75 the
1292 1300 128 75 fador’s
1436 1300 190 75 cbmmiffion
1639 1300 11 75 ;
1677 1300 23 75 X.
1700 1300 12 75 o
1728 1300 45 75 A.
1795 1300 40 75 B.
1853 1300 49 75 his
1921 1300 150 75 Accompt
2088 1300 39 75 on
2146 1300 102 75 Time,

1214 1347 51 75 for
1281 1347 54 75 the
1357 1347 217 75 out-ftanding
1598 1347 118 75 debts;
1743 1347 59 75 and
1822 1347 34 75 to
1876 1347 45 75 A.
1940 1347 44 75 B.
2009 1347 49 75 his
2078 1347 167 75 Accompt-

1215 1393 147 75 current,
1388 1393 52 75 for
1467 1393 56 75 the
1551 1393 190 75 employer’s
1769 1393 117 75 money
1912 1393 31 75 in
1972 1393 129 75 fador’s
2130 1393 115 75 hands.

1217 1440 99 75 qthly.
1341 1440 37 75 If
1389 1440 81 75 none
1487 1440 39 75 of
1538 1440 55 75 the
1609 1440 100 75 goods
1726 1440 40 75 be
1783 1440 55 75 yet
1854 1440 80 75 fold,
1961 1440 26 75 it
2010 1440 27 75 is
2060 1440 119 75 clofed,
2204 1440 44 75 by

1216 1486 108 75 giving
1340 1486 25 75 it
1393 1486 102 75 credit
1523 1486 44 75 by
1594 1486 152 75 Balance,
1771 1486 52 75 for
1840 1486 54 75 the
1910 1486 67 75 futn
1994 1486 40 75 of
2044 1486 55 75 the
2116 1486 134 75 charges

1217 1532 40 75 on
1287 1532 55 75 the
1367 1532 53 75 Dr
1448 1532 74 75 fide.
1575 1532 99 75 5^^,
1700 1532 37 75 If
1760 1532 76 75 only
1864 1532 71 75 part
1952 1532 40 75 of
2004 1532 54 75 the
2074 1532 102 75 goods
2194 1532 54 75 are

1215 1580 80 75 fold,
1321 1580 62 75 and
1406 1580 36 75 fo
1471 1580 54 75 the
1550 1580 145 75 accompt
1723 1580 185 75 unfiniflied,
1946 1580 55 75 the
2026 1580 65 75 beft
2115 1580 72 75 way
2213 1580 38 75 to

1216 1626 82 75 clofe
1314 1626 27 75 it
1357 1626 40 75 is,
1423 1626 42 75 by
1492 1626 19 75 a
1538 1626 117 75 double
1672 1626 151 75 balance;
1850 1626 71 75 that
1943 1626 39 75 is,
2008 1626 64 75 firft
2088 1626 116 75 charge
2221 1626 27 75 it

1216 1673 53 75 Dr
1285 1673 35 75 to
1336 1673 152 75 Balance,
1514 1673 51 75 for
1581 1673 55 75 the
1653 1673 67 75 fum
1744 1673 82 75 upon
1845 1673 56 75 the
1917 1673 46 75 Cr
1981 1673 83 75 fide;
2091 1673 61 75 and
2170 1673 78 75 then

1215 1719 71 75 give
1314 1719 25 75 it
1368 1719 103 75 credit
1498 1719 43 75 by
1569 1719 150 75 Balance,
1745 1719 52 75 for
1821 1719 55 75 the
1905 1719 132 75 charges
2063 1719 41 75 on
2120 1719 56 75 the
2194 1719 53 75 Dr

1213 1767 76 75 fide.
1338 1767 96 75 Thus
1447 1767 56 75 the
1520 1767 145 75 accompt
1683 1767 64 75 will
1766 1767 112 75 appear
1897 1767 31 75 in
1946 1767 55 75 the
2017 1767 71 75 new
2104 1767 101 75 books
2217 1767 36 75 in-

1214 1813 56 75 the
1286 1813 83 75 fame
1386 1813 77 75 ftate
1483 1813 70 75 that
1569 1813 26 75 it
1611 1813 55 75 did
1683 1813 31 75 in
1732 1813 55 75 the
1803 1813 68 75 old.

1358 1901 33 75 2.
1418 1901 45 75 A.
1482 1901 43 75 B.
1550 1901 50 75 his
1624 1901 153 75 Accojnpt
1794 1901 38 75 on
1851 1901 106 75 Time,
1983 1901 51 75 N°
2049 1901 58 75 49.

1263 1956 169 75 Contains,
1457 1956 86 75 upon
1559 1956 55 75 the
1635 1956 47 75 Cr
1698 1956 75 75 fide,
1800 1956 54 75 the
1882 1956 93 75 debts
2003 1956 62 75 due
2094 1956 43 75 by
2160 1956 91 75 thofe

1217 2002 75 75 who
1305 2002 123 75 bought
1441 2002 55 75 the
1512 2002 190 75 employer’s
1718 2002 101 75 goods
1834 2002 10 75 ;
1871 2002 61 75 and
1948 2002 33 75 as
1995 2002 86 75 thefe
2092 2002 92 75 debts
2197 2002 54 75 are

1217 2049 73 75 paid
1313 2049 31 75 in
1361 2049 35 75 to
1413 2049 55 75 the
1481 2049 114 75 fador,
1620 2049 24 75 it
1662 2049 26 75 is
1706 2049 139 75 charged
1861 2049 53 75 Dr
1931 2049 35 75 to
1985 2049 44 75 A.
2047 2049 45 75 B.
2116 2049 49 75 his
2186 2049 65 75 Ac-

1219 2095 267 75 compt-current,
1503 2095 51 75 for
1570 2095 55 75 the
1641 2095 67 75 faid
1723 2095 164 75 payments
1902 2095 10 75 ;
1940 2095 62 75 and
2019 2095 174 75 therefore,
2211 2095 41 75 if,

1220 2142 32 75 at
1268 2142 117 75 clofing
1408 2142 39 75 of
1458 2142 56 75 the
1531 2142 142 75 Ledger,
1700 2142 90 75 there
1806 2142 40 75 be
1864 2142 62 75 any
1941 2142 173 75 difference
2145 2142 39 75 of
2209 2142 43 75 its

1220 2189 93 75 fides,
1337 2189 26 75 it
1379 2189 28 75 is
1423 2189 55 75 the
1494 2189 94 75 debts
1605 2189 55 75 yet
1676 2189 217 75 out-ftanding
1907 2189 10 75 ;
1945 2189 61 75 and
2022 2189 27 75 is
2066 2189 119 75 clofed,
2209 2189 44 75 by

1221 2236 96 75 being
1332 2236 140 75 charged
1488 2236 56 75 Dr
1557 2236 35 75 to
1608 2236 153 75 Balance,
1786 2236 52 75 for
1858 2236 55 75 the
1929 2236 66 75 faid
2011 2236 185 75 difference.

1334 2316 31 75 3.
1392 2316 46 75 A.
1459 2316 41 75 B.
1526 2316 50 75 his
1591 2316 319 75 Accampt-current,
1933 2316 58 75 N°
2011 2316 55 75 36.
2087 2316 56 75 50.

1271 2370 167 75 Contains,
1464 2370 84 75 upon
1561 2370 55 75 the
1634 2370 53 75 Dr
1703 2370 75 75 fide,
1794 2370 57 75 the
1864 2370 114 75 money
1990 2370 65 75 laid
2067 2370 56 75 out
2138 2370 43 75 by
2199 2370 56 75 the

1224 2416 102 75 fador
1350 2416 52 75 for
1429 2416 55 75 the
1512 2416 193 75 employer’s
1720 2416 66 75 ufe,
1812 2416 32 75 as
1862 2416 30 75 in
1912 2416 172 75 anfwering
2098 2416 49 75 his
2167 2416 91 75 bills,

1225 2463 37 75 or
1279 2463 163 75 remitting
1468 2463 75 75 bills
1571 2463 34 75 to
1632 2463 81 75 him,
1738 2463 44 75 or-
1804 2463 181 75 otherwife.
2034 2463 75 75 The
2127 2463 47 75 Cr
2191 2463 65 75 fide

1226 2510 144 75 contains
1386 2510 55 75 the
1452 2510 116 75 money
1583 2510 33 75 in
1628 2510 54 75 the
1694 2510 131 75 fador’s
1841 2510 101 75 hands
1962 2510 171 75 belonging
2149 2510 34 75 to
2200 2510 60 75 the

1227 2555 174 75 employer.
1451 2555 46 75 So
1520 2555 71 75 that
1618 2555 55 75 the
1701 2555 173 75 difference
1902 2555 39 75 of
1963 2555 42 75 its
2030 2555 78 75 fides
2136 2555 39 75 is,
2200 2555 57 75 the

1226 2602 93 75 debts
1335 2602 63 75 due
1414 2602 43 75 by
1473 2602 55 75 the
1545 2602 101 75 fador
1668 2602 35 75 to
1720 2602 46 75 A.
1785 2602 43 75 B.
1853 2602 38 75 or
1918 2602 43 75 by
1989 2602 44 75 A.
2053 2602 43 75 B.
2113 2602 36 75 to
2163 2602 67 75 him
2244 2602 13 75 ;

1227 2650 61 75 and
1304 2650 56 75 the
1375 2650 146 75 accompt
1545 2650 26 75 is
1593 2650 117 75 clofed,
1737 2650 43 75 by
1805 2650 94 75 being
1926 2650 92 75 made
2035 2650 53 75 Dr
2105 2650 38 75 or
2160 2650 47 75 Cr
2223 2650 40 75 ta

1227 2697 37 75 or
1280 2697 42 75 by
1338 2697 153 75 Balance.

1277 2743 101 75 Note,
1404 2743 37 75 If
1452 2743 55 75 the
1527 2743 101 75 fador
1644 2743 122 75 difpofe
1782 2743 40 75 of
1834 2743 54 75 the
1905 2743 193 75 employer’s
2115 2743 85 75 good
2216 2743 42 75 on

1228 2790 91 75 truft,
1345 2790 34 75 to
1395 2790 128 75 perfons
1539 2790 78 75 with
1634 2790 107 75 whom
1767 2790 41 75 he
1835 2790 56 75 has
1917 2790 120 75 private
2061 2790 142 75 dealings
2225 2790 41 75 of

1229 2837 49 75 his
1296 2837 84 75 own,
1405 2837 25 75 it
1449 2837 67 75 will
1534 2837 39 75 be
1590 2837 128 75 proper,
1743 2837 32 75 in
1795 2837 117 75 clofing
1929 2837 83 75 their
2028 2837 173 75 accompts,
2225 2837 36 75 to

1229 2883 107 75 divide
1364 2883 55 75 the
1447 2883 130 75 balance
1604 2883 69 75 into
1700 2883 66 75 two
1794 2883 98 75 parts,
1926 2883 69 75 viz.
2031 2883 61 75 ohe
2119 2883 63 75 due
2209 2883 62 75 for

1229 2929 55 75 the
1317 2929 191 75 employer’s
1544 2929 113 75 goods,
1695 2929 62 75 and
1793 2929 56 75 the
1876 2929 93 75 other
1995 2929 63 75 due
2087 2929 35 75 to
2153 2929 38 75 or
2217 2929 50 75 by-

1228 2978 139 75 himfelf.

2100 3019 158 75 PROB,
