2498 3377
182 152 100 75 Fart
302 152 72 75 VI.

762 151 358 75 ANA

1553 149 48 75 Ivl
1719 148 46 75 Y.

2229 162 82 75 3°3

267 280 103 75 The
424 280 291 75 PALATE,
764 280 250 75 UVULA,
1065 280 33 75 6
1100 280 29 75 c.

227 361 87 75 The
333 361 106 75 palate
454 361 26 75 is
497 361 72 75 that
585 361 77 75 arch
678 361 38 75 or
743 361 108 75 cavity
865 361 42 75 of
925 361 56 75 the
1004 361 126 75 mouth,
1155 361 68 75 fur-

182 408 146 75 rounded
343 408 174 75 anteriorly
528 408 46 75 by
585 408 56 75 the
658 408 163 75 alveolary
833 408 81 75 edge
931 408 63 75 and
1010 408 89 75 teeth
1115 408 42 75 of
1167 408 59 75 the

182 453 101 75 upper
294 453 80 75 jaw,
392 453 63 75 and
470 453 152 75 reaching
638 453 85 75 from
739 453 114 75 thence
865 453 35 75 to
911 453 56 75 the
982 453 91 75 great
1085 453 142 75 opening

183 501 41 75 of
242 501 59 75 the'
313 501 163 75 pharynx.
523 501 87 75 This
627 501 76 75 arch
716 501 30 75 is
767 501 106 75 partly
889 501 77 75 folid
989 501 62 75 and
1066 501 154 75 immove-

182 546 83 75 able,
291 546 63 75 and
370 546 108 75 partly
500 546 68 75 fofr
580 546 64 75 and
660 546 177 75 moveable.
885 546 78 75 The
984 546 84 75 folid
1092 546 134 75 portion-

180 593 30 75 is
233 593 72 75 that
320 593 106 75 which
443 593 26 75 is
487 593 150 75 bounded
660 593 45 75 by
718 593 57 75 the
796 593 103 75 teeth,
923 593 96 75 being
1034 593 126 75 formed
1178 593 47 75 by

180 639 140 75 the’two
336 639 65 75 offa
417 639 191 75 maxiilaria,
634 639 63 75 and
720 639 66 75 two
810 639 64 75 ofla
895 639 110 75 palati.
1055 639 76 75 The
1153 639 65 75 foft

178 686 131 75 portion
324 686 58 75 lies
398 686 120 75 behind
534 686 55 75 the
606 686 106 75 other,
737 686 63 75 and
816 686 74 75 runs
915 686 173 75 backward
1111 686 64 75 like
1199 686 24 75 a.

180 733 62 75 veil
259 733 88 75 fixed
370 733 35 75 to
429 733 57 75 the
509 733 82 75 edge
606 733 41 75 of
665 733 56 75 the
746 733 64 75 offa
832 733 110 75 palati,
968 733 95 75 being
1089 733 128 75 formed

179 778 107 75 partly
300 778 44 75 by
360 778 56 75 the
433 778 146 75 common
595 778 182 75 membrane
793 778 41 75 of
844 778 57 75 the
916 778 106 75 whole
1038 778 89 75 arch,
1153 778 70 75 and

180 824 106 75 partly
303 824 43 75 by
357 824 119 75 feveral
492 824 158 75 mufcular
666 824 155 75 fafciculi,
847 824 65 75 ’be.

226 872 76 75 The
319 872 180 75 membrane
516 872 73 75 that
610 872 116 75 covers
746 872 43 75 all
814 872 65 75 this
896 872 106 75 cavity
1018 872 26 75 is
1061 872 65 75 like
1143 872 74 75 that

178 918 107 75 which
299 918 79 75 lines
395 918 55 75 the
466 918 141 75 fuperior
626 918 62 75 and
704 918 119 75 middle
840 918 144 75 portions
1001 918 42 75 of
1060 918 55 75 the
1135 918 79 75 pha-

178 964 98 75 rynx.
324 964 33 75 It
369 964 26 75 is
407 964 79 75 very
500 964 98 75 thick,
607 964 45 75 fet
670 964 78 75 with
765 964 89 75 fmall
870 964 126 75 glands,
1021 964 55 75 the
1089 964 126 75 orifices

177 1011 43 75 of
230 1011 104 75 which
352 1011 53 75 are
422 1011 55 75 not
494 1011 34 75 fo
544 1011 130 75 fenfible
689 1011 36 75 as
739 1011 33 75 in
789 1011 57 75 the
861 1011 161 75 pharynx,
1048 1011 62 75 and
1126 1011 87 75 efpe-

177 1058 103 75 cially
286 1058 31 75 in
330 1058 62 75 the;
402 1058 86 75 rugae
504 1058 41 75 of
563 1058 57 75 the
631 1058 141 75 fuperior
787 1058 283 75 portion.thereof.

226 1104 85 75 This
335 1104 194 75 membrane,
553 1104 149 75 together
725 1104 78 75 with
828 1104 71 75 that
924 1104 40 75 of
984 1104 54 75 the
1060 1104 155 75 pofterior

177 1150 104 75 nares,
308 1150 112 75 forms,
445 1150 45 75 by
506 1150 39 75 an
561 1150 244 75 uninterrupted
827 1150 234 75 continuation,
1085 1150 55 75 the
1157 1150 55 75 an-

177 1196 100 75 terior
293 1196 63 75 and
372 1196 153 75 pofterior
536 1196 123 75 lurface
675 1196 40 75 of
727 1196 54 75 the
798 1196 63 75 foft
878 1196 140 75 portion,
1036 1196 38 75 or
1090 1196 128 75 feptunr

177 1243 120 75 palati;
325 1243 33 75 fo
374 1243 72 75 that
463 1243 55 75 the
535 1243 157 75 mufcular
716 1243 139 75 fafciculi
880 1243 40 75 of
938 1243 64 75 this
1027 1243 127 75 portion
1170 1243 46 75 lie

175 1290 33 75 in
225 1290 55 75 the
296 1290 200 75 duplicature
510 1290 42 75 of
571 1290 18 75 a
605 1290 188 75 glandulous
810 1290 199 75 membrane.

222 1336 77 75 The
315 1336 134 75 feptnm,
474 1336 105 75 which
597 1336 73 75 may
684 1336 140 75 likewife
841 1336 39 75 be
897 1336 123 75 termed
1036 1336 118 75 velum,
1172 1336 39 75 or

176 1382 137 75 valvula
325 1382 123 75 palati.
468 1382 186 75 terminates
664 1382 104 75 below
787 1382 43 75 by
843 1382 18 75 a
871 1382 86 75 loofe
972 1382 132 75 floating
1115 1382 94 75 edge,

175 1429 216 75 reprefenting
407 1429 40 75 an
462 1429 75 75 arch
554 1429 135 75 fituated
706 1429 205 75 tranfverfely
927 1429 102 75 above
1050 1429 57 75 the
1130 1429 84 75 bafis

176 1474 38 75 or
230 1474 73 75 root
319 1474 41 75 of
377 1474 56 75 the
455 1474 135 75 tongu^.
635 1474 79 75 The
737 1474 123 75 higheft
884 1474 126 75 portion
1033 1474 39 75 or
1094 1474 56 75 top
1175 1474 41 75 of

173 1522 67 75 this
262 1522 75 75 arch
362 1522 129 75 fuftains
515 1522 19 75 a
557 1522 103 75 fmall,
686 1522 76 75 foft,
787 1522 64 75 and
874 1522 190 75 irregularly
1086 1522 123 75 conical

175 1568 189 75 glandulous
381 1568 99 75 body,
506 1568 87 75 fixed
609 1568 43 75 by
667 1568 41 75 its
725 1568 79 75 bafis
829 1568 36 75 to
888 1568 55 75 the
967 1568 88 75 arch,
1079 1568 64 75 and
1165 1568 43 75 its

174 1614 85 75 apex
274 1614 138 75 hanging
427 1614 93 75 down
537 1614 137 75 without
691 1614 155 75 adhering
861 1614 35 75 to
909 1614 60 75 any
981 1614 105 75 thing,
1101 1614 108 75 which

174 1662 27 75 is
219 1662 102 75 called
339 1662 112 75 uvula.

221 1707 55 75 On
292 1707 77 75 each
385 1707 64 75 fide
465 1707 41 75 of
525 1707 54 75 the
595 1707 100 75 uvula
706 1707 91 75 there
814 1707 53 75 are
882 1707 66 75 two
965 1707 157 75 mufcular
1137 1707 76 75 half

172 1754 124 75 arches,
319 1754 105 75 called
440 1754 162 75 cdumna"
608 1754 87 75 fepti
707 1754 124 75 palati.
879 1754 99 75 They
991 1754 53 75 are
1061 1754 43 75 all
1117 1754 87 75 join-

173 1800 40 75 ed
237 1800 34 75 to
288 1800 56 75 the
360 1800 95 75 uvula
471 1800 45 75 by
530 1800 84 75 their
629 1800 100 75 upper
744 1800 211 75 extremities,
980 1800 61 75 and
1061 1800 148 75 difpofed

168 1847 35 75 in
219 1847 75 75 fuch
312 1847 18 75 a
346 1847 147 75 manner^
515 1847 33 75 as
573 1847 71 75 that
668 1847 55 75 the
746 1847 101 75 lower
868 1847 200 75 extremities
1092 1847 39 75 of
1147 1847 58 75 the

169 1893 68 75 two
257 1893 105 75 which
384 1893 44 75 lie
450 1893 42 75 on
516 1893 55 75 the
593 1893 86 75 fame
701 1893 64 75 fide
789 1893 52 75 are
867 1893 32 75 at
924 1893 18 75 a
963 1893 85 75 little
1065 1893 138 75 diftance

168 1940 86 75 from
269 1940 78 75 each
363 1940 106 75 other,
488 1940 62 75 and
566 1940 34 75 fo
616 1940 34 75 as
667 1940 71 75 that
750 1940 60 75 one
825 1940 162 75 half-arch
1004 1940 27 75 is
1048 1940 157 75 anterior,

167 1986 57 75 the
241 1986 92 75 other
350 1986 165 75 pofterior,
541 1986 38 75 an
597 1986 118 75 oblong
732 1986 175 75 triangular
923 1986 89 75 fpace
1030 1986 94 75 being
1141 1986 66 75 left'

166 2032 146 75 between
328 2032 101 75 them,
454 2032 54 75 the
525 2032 83 75 apex
625 2032 40 75 of
683 2032 105 75 which
813 2032 28 75 is
865 2032 118 75 turned
1004 2032 124 75 toward
1145 2032 60 75 the

167 2078 81 75 bafis
266 2078 40 75 of
323 2078 56 75 the
394 2078 109 75 uvula.

215 2124 75 75 The
307 2124 66 75 two
395 2124 74 75 half
478 2124 113 75 arches
609 2124 41 75 on
673 2124 60 75 one
749 2124 77 75 fide,
853 2124 45 75 by
917 2124 125 75 joining
1064 2124 56 75 the
1135 2124 68 75 like

165 2171 76 75 half
252 2171 110 75 arches
379 2171 40 75 on
437 2171 55 75 the
509 2171 92 75 other
617 2171 76 75 fide,
711 2171 84 75 form
812 2171 55 75 the
883 2171 101 75 entire
1000 2171 74 75 arch
1092 2171 41 75 of
1143 2171 56 75 the
1246 2171 89 75 tube,
1361 2171 37 75 or
1421 2171 70 75 that
1516 2171 79 75 next
1620 2171 55 75 the
1701 2171 165 75 apophyfis
1889 2171 137 75 petrofa,
2057 2171 106 75 partly
2187 2171 101 75 along'

166 2218 83 75 edge
265 2218 41 75 of
325 2218 55 75 the
402 2218 136 75 feptum.
584 2218 77 75 The
678 2218 152 75 pofterior
849 2218 73 75 half
933 2218 109 75 arches
1060 2218 71 75 run,
1157 2218 41 75 by
1245 2218 56 75 the
1318 2218 226 75 cartilaginous
1561 2218 126 75 portion
1699 2218 41 75 of
1752 2218 54 75 the
1823 2218 82 75 fame
1918 2218 88 75 tube.
2056 2218 98 75 From
2165 2218 123 75 thence

165 2263 86 75 their
267 2263 100 75 upper
389 2263 211 75 extremities,
624 2263 89 75 more
728 2263 134 75 direAly
878 2263 124 75 toward
1025 2263 55 75 the
1104 2263 95 75 uvula
1243 2263 26 75 it
1282 2263 96 75 pafles
1396 2263 18 75 a
1430 2263 84 75 little
1530 2263 71 75 way
1617 2263 101 75 under
1734 2263 55 75 the
1802 2263 62 75 foft
1875 2263 221 75 membranous
2115 2263 83 75 part,
2216 2263 72 75 and>

164 2309 78 75 than
260 2309 55 75 the
328 2309 156 75 anterior.
531 2309 77 75 The
625 2309 138 75 anterior
775 2309 73 75 half
859 2309 111 75 arches
987 2309 80 75 have
1086 2309 18 75 a
1120 2309 76 75 con-
1244 2309 89 75 then,
1351 2309 128 75 turning
1492 2309 122 75 toward
1627 2309 55 75 the
1693 2309 135 75 feptum,
1846 2309 26 75 is
1886 2309 87 75 fixed
1988 2309 32 75 in
2036 2309 56 75 the
2104 2309 93 75 edge,
2215 2309 67 75 and

164 2355 158 75 tinuation
339 2355 78 75 with
434 2355 54 75 the
511 2355 79 75 fides
608 2355 39 75 of
666 2355 56 75 the
747 2355 79 75 bafis
848 2355 41 75 of
908 2355 54 75 the
979 2355 131 75 tongue,
1134 2355 70 75 and
1243 2355 106 75 partly
1364 2355 32 75 in
1414 2355 55 75 the
1485 2355 101 75 upper
1601 2355 65 75 fide
1682 2355 143 75 thereof.

163 2403 57 75 the
247 2403 152 75 pofterior
423 2403 79 75 with
530 2403 55 75 the
612 2403 79 75 fides
714 2403 40 75 of
773 2403 55 75 the
852 2403 158 75 pharynx.
1070 2403 48 75 At
1142 2403 55 75 the
1288 2403 78 75 The
1383 2403 178 75 ftaphylini,
1587 2403 37 75 or
1641 2403 233 75 epiftaphrylini,
1900 2403 53 75 are
1977 2403 66 75 two
2066 2403 88 75 fmall
2178 2403 105 75 flefhy.

163 2448 101 75 lower
292 2448 71 75 part
389 2448 41 75 of
456 2448 55 75 the
538 2448 91 75 fpace
656 2448 60 75 left
741 2448 144 75 between
910 2448 56 75 the
993 2448 111 75 lateral
1127 2448 76 75 half
1242 2448 107 75 ropes,
1374 2448 119 75 clofely
1509 2448 111 75 united
1637 2448 160 75 together,
1823 2448 33 75 as
1879 2448 31 75 if
1928 2448 79 75 they
2022 2448 92 75 made
2139 2448 57 75 but
2213 2448 62 75 one

163 2498 111 75 arches
291 2498 113 75 on-the
419 2498 84 75 fame
520 2498 73 75 fide,
620 2498 65 75 two
701 2498 113 75 glands
831 2498 52 75 are
900 2498 146 75 fituatec,
1070 2498 132 75 termed
1242 2498 129 75 mufcle.
1411 2498 100 75 They
1528 2498 52 75 are
1592 2498 86 75 fixed
1693 2498 42 75 by
1747 2498 60 75 one
1818 2498 175 75 extremity
2005 2498 32 75 in
2054 2498 55 75 the
2126 2498 156 75 common-

163 2542 187 75 amygdala.

1240 2542 90 75 point
1347 2542 42 75 of
1405 2542 55 75 the
1478 2542 151 75 pofterior
1645 2542 96 75 edges
1756 2542 41 75 of
1815 2542 57 75 the
1884 2542 67 75 ofla
1966 2542 110 75 palati,
2101 2542 69 75 and.
2187 2542 86 75 from

209 2589 76 75 The
308 2589 74 75 hilf
401 2589 109 75 arches
536 2589 53 75 are
613 2589 118 75 chiefly
752 2589 92 75 made
869 2589 42 75 up
938 2589 41 75 of
996 2589 119 75 feveral
1138 2589 57 75 flat
1240 2589 115 75 thence
1370 2589 59 75 run
1446 2589 184 75 downward
1647 2589 62 75 and
1726 2589 170 75 backward
1914 2589 95 75 along
2026 2589 55 75 the
2100 2589 120 75 middle
2236 2589 44 75 of-

162 2635 96 75 flefhy
274 2635 155 75 portions,
448 2635 108 75 almoft
573 2635 32 75 in
622 2635 55 75 the
694 2635 84 75 fame
794 2635 130 75 manner
940 2635 79 75 with
1034 2635 55 75 the
1107 2635 91 75 body
1240 2635 56 75 the
1314 2635 133 75 feptunr,
1474 2635 63 75 and
1551 2635 140 75 likewife
1708 2635 95 75 along
1819 2635 56 75 the
1889 2635 122 75 middle
2031 2635 40 75 of
2090 2635 108 75 almoft
2215 2635 56 75 the

162 2682 40 75 of
220 2682 55 75 the
299 2682 134 75 feptum.
480 2682 77 75 The
581 2682 183 75 membrane
787 2682 106 75 which
918 2682 111 75 covers
1054 2682 87 75 them
1166 2682 28 75 is
1238 2682 106 75 whole
1368 2682 108 75 uvula.
1524 2682 117 75 Thefe
1654 2682 132 75 mufcles
1804 2682 80 75 have
1907 2682 79 75 been
2010 2682 123 75 termed
2154 2682 116 75 azygos

161 2727 127 75 thinner
300 2727 75 75 than
389 2727 54 75 the
455 2727 93 75 other
562 2727 86 75 parts
662 2727 39 75 of
711 2727 25 75 it
754 2727 140 75 towards
907 2727 54 75 the
978 2727 117 75 palate,
1113 2727 79 75 pha-
1239 2727 206 75 Morgagni/,
1469 2727 83 75 from
1570 2727 55 75 the
1641 2727 190 75 difeoverer,
1855 2727 59 75 but
1929 2727 42 75 he
1983 2727 181 75 confidered
2181 2727 94 75 them--

161 2773 97 75 rynx,
275 2773 62 75 and
353 2773 130 75 tongue.
532 2773 89 75 Each
638 2773 126 75 portion
781 2773 26 75 is
822 2773 16 75 a
851 2773 122 75 diflir.ft
991 2773 128 75 mufcle,
1136 2773 64 75 the-
1239 2773 35 75 as
1290 2773 60 75 one
1373 2773 129 75 mufcle.
1549 2773 76 75 The
1646 2773 318 75 pterygo-ftaphylini
1981 2773 165 75 inferiores
2163 2773 54 75 are
2233 2773 42 75 of

161 2820 133 75 greateft
312 2820 69 75 part
401 2820 40 75 of
459 2820 103 75 which
584 2820 168 75 terminate
768 2820 43 75 by
824 2820 61 75 one
902 2820 174 75 extremity
1091 2820 32 75 in
1136 2820 55 75 the
1238 2820 55 75 the
1314 2820 81 75 fame
1412 2820 90 75 kind,
1527 2820 62 75 and
1611 2820 101 75 might
1736 2820 40 75 be
1792 2820 125 75 termed
1930 2820 191 75 Jlaphylini,
2147 2820 38 75 or
2200 2820 66 75 e[u-

159 2865 160 75 fubftance
341 2865 40 75 of
400 2865 56 75 the
479 2865 121 75 feptum
617 2865 62 75 and
695 2865 41 75 of
755 2865 54 75 the
826 2865 74 75 half
910 2865 125 75 arches,
1061 2865 62 75 and
1147 2865 43 75 by
1227 2865 180 75 Jlaphylini
1423 2865 168 75 laterals/,
1617 2865 60 75 and
1695 2865 86 75 thefe
1792 2865 71 75 laft,
1888 2865 111 75 medii.

158 2912 57 75 the
235 2912 93 75 other
345 2912 172 75 extremity
529 2912 33 75 in
579 2912 85 75 parts
680 2912 150 75 different
846 2912 84 75 from
947 2912 100 75 thefe.

1283 2912 76 75 The
1382 2912 121 75 feptum
1530 2912 96 75 palati
1653 2912 103 75 ferves
1784 2912 35 75 to
1847 2912 135 75 conduft
2009 2912 55 75 the
2090 2912 183 75 lachrymal-

206 2958 48 75 As
280 2958 178 75 anatomifts
475 2958 76 75 ufed
566 2958 155 75 formerly
737 2958 35 75 to
789 2958 118 75 aferibe
930 2958 42 75 all
995 2958 86 75 thefe
1106 2958 82 75 muf-
1234 2958 143 75 lympha,
1403 2958 62 75 and
1482 2958 68 75 that
1567 2958 105 75 which
1696 2958 27 75 is
1749 2958 198 75 continually
1969 2958 153 75 colledted
2145 2958 42 75 on
2210 2958 64 75 the-

159 3005 77 75 cles,
262 3005 33 75 as
319 3005 51 75 far
394 3005 33 75 as
452 3005 77 75 they
550 3005 92 75 knew
664 3005 100 75 them,
788 3005 35 75 to
839 3005 56 75 the
918 3005 107 75 uvula,
1052 3005 137 75 without
1236 3005 75 75 arch
1335 3005 40 75 of
1395 3005 55 75 the
1472 3005 115 75 palate,
1613 3005 69 75 into
1706 3005 55 75 the
1778 3005 160 75 pharynx.
1987 3005 32 75 It
2043 3005 103 75 ferves
2170 3005 53 75 for
2246 3005 20 75 a

686 3067 9 75 ,

2173 3067 113 75 valve.

1277 216 62 75 any
1361 216 115 75 regard
1492 216 35 75 to
1543 216 56 75 the
1615 216 136 75 feptum,
1776 216 79 75 they
1870 216 131 75 termed-
2018 216 89 75 them
2131 216 32 75 in
2187 216 131 75 general

1276 264 105 75 either
1393 264 294 75 plcry-Jlaphylini,
1712 264 38 75 or
1760 264 275 75 peri-Jlaphylini.

1321 311 77 75 The
1414 311 285 75 gloflb-ftaphylini
1716 311 53 75 are
1786 311 66 75 two
1868 311 89 75 fmall
1970 311 146 75 mufcles,
2134 311 87 75 fixed
2235 311 79 75 each

1274 360 32 75 in
1324 360 55 75 the
1390 360 102 75 lower
1508 360 63 75 and
1589 360 113 75 lateral
1719 360 72 75 part
1807 360 41 75 of
1865 360 56 75 the
1941 360 79 75 bafis
2037 360 40 75 of
2096 360 55 75 the
2168 360 142 75 tongue;

1272 404 85 75 from
1373 404 130 75 whence
1522 404 77 75 they
1614 404 60 75 run
1698 404 41 75 up
1761 404 168 75 obliquely
1944 404 173 75 backward
2136 404 103 75 along,
2256 404 56 75 the

1270 450 140 75 anterior
1430 450 75 75 half
1515 450 111 75 arches
1643 450 41 75 of
1702 450 56 75 the
1780 450 122 75 feptum
1927 450 111 75 palati,
2063 450 63 75 and
2142 450 170 75 terminate

1269 496 166 75 infenfibly
1451 496 41 75 on
1509 496 78 75 each
1604 496 64 75 fide
1684 496 75 75 near
1772 496 56 75 the
1840 496 108 75 uvula,
1964 496 87 75 fome
2063 496 40 75 of
2115 496 83 75 their
2212 496 96 75 fibres

1269 543 94 75 being
1379 543 111 75 fpread
1506 543 143 75 through
1665 543 56 75 the
1738 543 135 75 feptum.

1314 590 76 75 The
1406 590 352 75 pharyngo-ftaphylini
1783 590 54 75 are
1862 590 140 75 likewife
2027 590 66 75 two
2117 590 91 75 fmall
2225 590 84 75 muf-

1267 636 78 75 cles,
1369 636 81 75 each
1474 636 40 75 of
1532 636 88 75 them
1641 636 94 75 being
1758 636 88 75 fixed
1863 636 43 75 by
1922 636 61 75 one
1999 636 176 75 extremity
2193 636 35 75 to
2252 636 59 75 the

1266 683 111 75 lateral
1394 683 72 75 part
1491 683 40 75 of
1549 683 55 75 the
1628 683 132 75 mufeuli
1783 683 311 75 thyro-pharyngaei,
2120 683 34 75 as
2178 683 32 75 if
2228 683 79 75 they

1264 730 83 75 were
1379 730 144 75 portions
1551 730 159 75 detached
1744 730 86 75 from
1866 730 88 75 thefe
1983 730 148 75 mufcles.
2205 730 100 75 From

1265 776 114 75 thence
1395 776 79 75 they
1490 776 60 75 run
1568 776 42 75 up
1626 776 167 75 obliquely
1810 776 143 75 forward
1968 776 96 75 along
2086 776 56 75 the
2165 776 66 75 two
2247 776 58 75 po-

1266 823 109 75 fterior
1391 823 75 75 half
1477 823 111 75 arches
1614 823 40 75 of
1673 823 56 75 the
1753 823 134 75 feptum,
1913 823 64 75 and
2000 823 170 75 terminate
2193 823 32 75 in
2251 823 56 75 the

1264 871 122 75 feptura
1403 871 101 75 above
1520 871 55 75 the
1593 871 107 75 uvula,
1725 871 107 75 where
1849 871 78 75 they
1943 871 85 75 meet
2054 871 161 75 together,
2242 871 64 75 and

1264 917 82 75 feem
1363 917 35 75 to
1421 917 84 75 form
1523 917 38 75 an
1579 917 101 75 entire
1697 917 77 75 arch
1791 917 44 75 by
1850 917 56 75 the
1923 917 98 75 union
2039 917 40 75 of
2098 917 84 75 their
2194 917 109 75 fibres.

1310 964 77 75 The
1404 964 280 75 thyro-ftaphylini
1701 964 54 75 are
1771 964 67 75 two
1854 964 90 75 fmall
1954 964 149 75 mufcles,
2127 964 107 75 which
2250 964 54 75 ac-

1263 1010 156 75 company
1445 1010 59 75 the.
1528 1010 350 75 pharyngo-ftaphylini
1902 1010 79 75 very
2005 1010 131 75 clofely,
2161 1010 142 75 through

1263 1057 83 75 their
1368 1057 107 75 whole
1500 1057 123 75 courfe,
1648 1057 116 75 except
1789 1057 71 75 that
1877 1057 84 75 their
1978 1057 153 75 pofterior
2148 1057 153 75 extremi-

1263 1103 60 75 ties
1347 1103 54 75 are
1424 1103 89 75 fixed
1537 1103 32 75 in
1595 1103 56 75 the
1676 1103 132 75 thyroid
1832 1103 169 75 cartilages
2027 1103 76 75 near
2126 1103 56 75 the
2207 1103 95 75 other

1262 1152 146 75 mufcles.
1455 1152 99 75 They
1571 1152 54 75 are
1646 1152 143 75 inferfed
1811 1152 34 75 in
1870 1152 56 75 the
1950 1152 122 75 feptum
2096 1152 32 75 in
2146 1152 55 75 the
2216 1152 88 75 fams

1262 1198 129 75 manner
1407 1198 80 75 with
1503 1198 56 75 the
1575 1198 134 75 former.

1308 1245 76 75 The
1400 1245 461 75 fpheno-falpingo-ftaphylini
1879 1245 53 75 are
1956 1245 79 75 each
2060 1245 88 75 fixed
2171 1245 45 75 by
2239 1245 62 75 one

1261 1290 186 75 extremity,
1473 1290 107 75 partly
1596 1290 35 75 to
1647 1290 56 75 the
1714 1290 185 75 fphenoidal
1916 1290 64 75 fide
1995 1290 40 75 of
2055 1290 54 75 the
2126 1290 86 75 bony
2224 1290 76 75 por-

1258 1336 69 75 tion
1350 1336 40 75 of
1410 1336 54 75 the
1486 1336 192 75 Euftachian
1703 1336 88 75 tube,
1818 1336 106 75 partly
1948 1336 36 75 to
2008 1336 56 75 the
2087 1336 122 75 neareft
2234 1336 69 75 foft

1259 1384 126 75 portion
1402 1384 41 75 of
1460 1384 55 75 the
1532 1384 84 75 fame
1633 1384 90 75 tube.
1772 1384 100 75 From
1888 1384 115 75 thence
2028 1384 25 75 it
2081 1384 75 75 runs
2172 1384 127 75 toward

1259 1431 54 75 the
1330 1431 145 75 external
1493 1431 50 75 ala
1554 1431 41 75 of
1614 1431 56 75 the
1682 1431 165 75 apophyfis
1865 1431 218 75 pterygoides,
2108 1431 70 75 into
2189 1431 108 75 which

1259 1478 59 75 one
1335 1478 128 75 portion
1479 1478 41 75 of
1539 1478 64 75 this
1627 1478 118 75 mufcle
1767 1478 27 75 is
1818 1478 149 75 inferted.
2016 1478 77 75 The
2109 1478 95 75 other
2219 1478 76 75 por-

1259 1523 66 75 tion
1342 1523 75 75 runs
1434 1523 36 75 to
1486 1523 56 75 the
1559 1523 61 75 end
1637 1523 40 75 of
1695 1523 56 75 the
1768 1523 62 75 ala,
1857 1523 65 75 and
1935 1523 92 75 turns
2050 1523 105 75 round
2179 1523 36 75 to
2239 1523 56 75 the

1257 1571 115 75 forked
1383 1571 174 75 extremity
1575 1571 140 75 thereof,
1741 1571 33 75 as
1791 1571 78 75 over
1889 1571 20 75 a
1924 1571 121 75 pulley,
2072 1571 63 75 and
2152 1571 26 75 is
2195 1571 100 75 after-

1257 1617 104 75 wards
1377 1617 137 75 inferted
1531 1617 32 75 in
1581 1617 55 75 the
1652 1617 121 75 feptum
1790 1617 122 75 palati,:
1925 1617 75 75 near
2017 1617 56 75 the
2091 1617 107 75 uvula.

1301 1664 77 75 The
1393 1664 345 75 pterygo-ftaphylinus
1762 1664 142 75 fuperior
1927 1664 27 75 is
1979 1664 35 75 fo
2030 1664 115 75 named
2161 1664 134 75 becaufe

1255 1709 24 75 it
1296 1709 57 75 has
1367 1709 17 75 a
1401 1709 88 75 fmall
1501 1709 149 75 infertion
1666 1709 32 75 in
1717 1709 55 75 the
1790 1709 98 75 upper
1904 1709 71 75 part
1995 1709 40 75 of
2054 1709 54 75 the
2125 1709 170 75 apophyfis

1254 1757 218 75 pterygoides,
1497 1757 120 75 befides
1641 1757 73 75 that
1735 1757 33 75 in
1794 1757 55 75 the
1873 1757 185 75 fphenoidal
2079 1757 80 75 part,
2176 1757 41 75 of
2235 1757 63 75 the.

1253 1802 86 75 bony
1356 1802 125 75 portion
1498 1802 41 75 of
1550 1802 54 75 the
1617 1802 88 75 tube.
1753 1802 77 75 The
1847 1802 344 75 pterygo-ftaphylinus
2208 1802 82 75 infe-

1252 1850 65 75 rior
1329 1850 42 75 on
1387 1850 79 75 each
1488 1850 77 75 fide,
1590 1850 26 75 is
1641 1850 18 75 a
1675 1850 88 75 fmall
1780 1850 130 75 mufcle,
1936 1850 137 75 inferted
2091 1850 43 75 by
2152 1850 61 75 one
2230 1850 62 75 ex-

1252 1897 179 75 tremity.in
1456 1897 55 75 the
1527 1897 100 75 uncus
1650 1897 248 75 pterygoidaeus,
1924 1897 67 75 and.
2009 1897 43 75 by
2069 1897 55 75 the
2142 1897 94 75 other
2253 1897 50 75 in-

1253 1943 54 75 the
1324 1943 122 75 feptum
1461 1943 74 75 near
1553 1943 53 75 the
1624 1943 107 75 uvula.

1294 1990 75 75 The
1382 1990 501 75 petro-falpingo-ftaphylini,,or
1895 1990 141 75 falpingo
2054 1990 168 75 ftaphylini
2235 1990 55 75 in-.

1247 2036 94 75 terni,
1359 2036 52 75 are
1429 2036 204 75 thofewhich
1645 2036 53 75 are
1711 2036 182 75 commonly
1905 2036 104 75 called
2020 2036 270 75 perijiaphylinl

1249 2083 136 75 intern/.
1435 2083 92 75 Each
1544 2083 117 75 mufcle
1678 2083 26 75 is
1722 2083 87 75 fixed
1825 2083 44 75 by
1886 2083 60 75 one
1962 2083 188 75 extremity,
2177 2083 107 75 partly

1299 2129 54 75 the
1369 2129 90 75 inner
1476 2129 62 75 fide
1554 2129 42 75 of
1614 2129 56 75 the
1694 2129 88 75 bony
1804 2129 129 75 portion
1958 2129 42 75 of
2018 2129 55 75 the
2090 2129 190 75 Euftachiar
