2428 3377
155 143 99 75 Part
274 143 31 75 I.

712 143 42 75 A
871 143 43 75 N
1031 143 42 75 A
1188 143 38 75 T

157 204 71 75 that
252 204 135 75 adheres
413 204 80 75 very
520 204 106 75 firmly
653 204 35 75 to
712 204 42 75 its
782 204 260 75 circumference.
1091 204 100 75 From

155 252 65 75 this
237 252 181 75 membrane
435 252 114 75 chiefly
566 252 55 75 the
638 252 66 75 two
724 252 169 75 obturator
909 252 147 75 mufcles,
1082 252 108 75 exter-

156 298 53 75 nal
226 298 62 75 and
304 298 148 75 internal,
478 298 75 75 take
569 298 84 75 their
670 298 72 75 rife.
839 298 77 75 The
932 298 89 75 great
1033 298 106 75 defign
1156 298 41 75 of

156 344 64 75 this
238 344 87 75 hole,
351 344 118 75 befides
488 344 168 75 rendering
672 344 56 75 the
744 344 83 75 bone
844 344 131 75 lighter,
999 344 28 75 is
1044 344 35 75 to
1096 344 94 75 allow

157 390 19 75 a
191 390 107 75 ftrong
321 390 129 75 enough
474 390 105 75 origin
606 390 36 75 to
669 390 57 75 the
754 390 168 75 obturator
949 390 147 75 mufcles,
1129 390 63 75 and

157 436 156 75 fufficient
336 436 91 75 fpace
450 436 52 75 for
525 436 134 75 lodging
675 436 85 75 their
775 436 122 75 bellies,
922 436 72 75 that
1009 436 91 75 there
1116 436 74 75 may

157 483 41 75 be
214 483 42 75 no
272 483 119 75 danger
407 483 40 75 of
458 483 175 75 difturbing
649 483 56 75 the
728 483 155 75 fun&ions
900 483 41 75 of
952 483 55 75 the
1023 483 169 75 contained

154 529 122 75 vifcera
291 529 40 75 of
342 529 55 75 the
412 529 102 75 pelvis
537 529 45 75 by
598 529 55 75 the
669 529 118 75 adKons
812 529 42 75 of
874 529 56 75 the
957 529 149 75 internal,
1132 529 58 75 nor

156 575 40 75 of
207 575 55 75 the
278 575 147 75 external
442 575 94 75 being
549 575 124 75 bruifed
684 575 43 75 by
739 575 55 75 the
812 575 204 75 thigh-bone,
1040 575 150 75 efpecial-

156 621 39 75 ly
208 621 44 75 by
267 621 42 75 its
325 621 91 75 lefler
430 621 198 75 trochanter,
652 621 34 75 in
710 621 56 75 the
786 621 138 75 motions
951 621 42 75 of
1014 621 55 75 the
1096 621 94 75 thigh

157 667 165 75 inwards.'
399 667 95 75 -The
521 667 122 75 bowels
673 667 193 75 fometimes-
880 667 91 75 make
1004 667 84 75 their
1119 667 73 75 way

157 714 144 75 through
317 714 55 75 the
388 714 89 75 nitch
504 714 52 75 for
582 714 57 75 the
666 714 121 75 veffels,
814 714 32 75 at
867 714 57 75 the
946 714 107 75 upper,
1069 714 71 75 part
1156 714 41 75 of

157 760 63 75 this
237 760 132 75 thyroid
381 760 90 75 hole,
496 760 107 75 which
628 760 106 75 caufes
751 760 19 75 a
786 760 111 75 hernia
911 760 34 75 in
961 760 65 75 this
1043 760 102 75 place.

204 807 40 75 In
261 807 55 75 the
331 807 147 75 external
505 807 121 75 furface
651 807 44 75 of
716 807 56 75 the
796 807 65 75 ofl’a
883 807 207 75 innominata,
1115 807 77 75 near

156 854 58 75 the
230 854 121 75 outfide
367 854 40 75 of
419 854 55 75 the
485 854 90 75 great
591 854 91 75 hole,
697 854 19 75 a
725 854 89 75 large
825 854 81 75 deep
924 854 107 75 cavity
1046 854 27 75 is
1090 854 100 75 form-

157 899 42 75 ed
221 899 45 75 by
293 899 42 75 all
358 899 56 75 the
430 899 93 75 three
539 899 99 75 bones
655 899 203 75 conjunftly:
886 899 66 75 For
974 899 55 75 the
1045 899 36 75 os
1099 899 90 75 pubis

159 946 184 75 conllitutes
360 946 98 75 about
470 946 60 75 one
546 946 74 75 fifth
633 946 9 75 ;
661 946 55 75 the
733 946 36 75 os
786 946 90 75 ilium
893 946 107 75 makes
1013 946 180 75 fomething

157 992 61 75 lefs
244 992 79 75 than
339 992 66 75 two
421 992 102 75 fifths,
549 992 63 75 and
639 992 56 75 the
723 992 36 75 os
788 992 183 75 ifchium*as
988 992 94 75 much
1099 992 90 75 more

157 1038 79 75 than
252 1038 67 75 two
334 1038 103 75 fifths.
485 1038 76 75 The
573 1038 99 75 brims
685 1038 38 75 of
735 1038 64 75 this
817 1038 105 75 cavity
934 1038 54 75 are
1004 1038 79 75 very
1097 1038 91 75 high,

159 1085 65 75 and
240 1085 52 75 are
307 1085 64 75 (till
387 1085 96 75 much
499 1085 88 75 more
604 1085 151 75 enlarged
770 1085 44 75 by
825 1085 54 75 the
891 1085 212 75 ligamentous
1121 1085 69 75 car-

160 1132 109 75 tilage,
294 1132 79 75 with
391 1132 104 75 which
511 1132 78 75 t^iey
613 1132 54 75 are
692 1132 110 75 tipped
825 1132 33 75 in
883 1132 19 75 a
926 1132 108 75 recent
1056 1132 133 75 fubjedt.

160 1178 97 75 From
281 1178 64 75 this
362 1178 86 75 form
464 1178 39 75 of
515 1178 55 75 the
587 1178 107 75 cavity
709 1178 26 75 it
751 1178 58 75 has
825 1178 80 75 been
921 1178 104 75 called
1039 1178 151 75 acetabu-

161 1223 68 75 lum
240 1223 10 75 ;
270 1223 75 75 and,
362 1223 52 75 for
431 1223 18 75 a
465 1223 235 75 diftinguilhing
716 1223 173 75 charadter,
908 1223 55 75 the
980 1223 90 75 name
1086 1223 41 75 of
1136 1223 56 75 the

160 1270 81 75 bone
265 1270 72 75 that
360 1270 184 75 conflitutes
568 1270 56 75 the
648 1270 113 75 largeft
787 1270 87 75 fhare
897 1270 43 75 of
956 1270 26 75 it
1006 1270 26 75 is
1058 1270 125 75 added;

160 1317 162 75 therefore
339 1317 204 75 acetabulum
568 1317 60 75 oflis
653 1317 93 75 ifchii
769 1317 25 75 is
811 1317 56 75 the
884 1317 92 75 name
991 1317 64 75 this
1082 1317 108 75 cavity

158 1362 184 75 commonly
363 1362 323 75 bears.——Round
712 1362 56 75 the
788 1362 72 75 bafe
885 1362 40 75 of
943 1362 55 75 the
1025 1362 166 75 fupercilia

161 1409 55 75 the
232 1409 84 75 bone
333 1409 26 75 is
380 1409 104 75 rough
501 1409 63 75 and
579 1409 151 75 unequal,
755 1409 107 75 where
878 1409 55 75 the
951 1409 143 75 capfular
1109 1409 79 75 liga-

160 1454 88 75 ment
264 1454 40 75 of
314 1454 56 75 the
386 1454 204 75 articulation
612 1454 27 75 is
663 1454 101 75 fixed.
859 1454 76 75 The
958 1454 97 75 brims
1080 1454 32 75 at
1135 1454 55 75 the

160 1502 99 75 upper
276 1502 62 75 and
353 1502 171 75 back-part
545 1502 42 75 of
603 1502 56 75 the
680 1502 201 75 acetabulum
905 1502 53 75 are
974 1502 95 75 much
1085 1502 107 75 larger

159 1548 66 75 and
241 1548 114 75 higher
368 1548 79 75 than
463 1548 61 75 any
539 1548 108 75 where
663 1548 62 75 elfe
738 1548 11 75 ;
775 1548 106 75 which
897 1548 27 75 is
940 1548 79 75 very
1033 1548 161 75 necefl’ary

161 1593 34 75 to
211 1593 132 75 prevent
359 1593 57 75 the
431 1593 84 75 head
531 1593 39 75 of
581 1593 56 75 the
654 1593 103 75 femur
773 1593 85 75 froth
874 1593 131 75 flipping
1022 1593 56 75 out
1098 1593 41 75 of
1149 1593 41 75 its

161 1640 107 75 cavity
291 1640 34 75 at
341 1640 64 75 this
421 1640 102 75 place,
547 1640 107 75 where
670 1640 56 75 the
754 1640 105 75 whole
874 1640 120 75 weight
1011 1640 39 75 of
1061 1640 56 75 the
1132 1640 58 75 bo-

160 1686 45 75 dy
220 1686 92 75 bears
331 1686 87 75 upon
444 1686 38 75 it,
508 1686 64 75 add
599 1686 228 75 confequently
844 1686 108 75 would
967 1686 169 75 otherwife
1152 1686 40 75 be

161 1733 175 75 conftantly
359 1733 31 75 in
418 1733 121 75 danger
564 1733 41 75 of
629 1733 157 75 thrufting
811 1733 27 75 it
864 1733 69 75 out.
1029 1733 50 75 As
1103 1733 88 75 thefe

161 1779 100 75 brims
279 1779 52 75 are
351 1779 162 75 extended
537 1779 201 75 downwards
762 1779 62 75 and
848 1779 179 75 forwards,,
1043 1779 77 75 they
1135 1779 55 75 be-

161 1826 90 75 come
274 1826 78 75 lefs;
387 1826 64 75 and
466 1826 33 75 at
515 1826 83 75 their
614 1826 136 75 internal
767 1826 101 75 lower
885 1826 70 75 part
979 1826 20 75 a
1021 1826 116 75 breach
1162 1826 27 75 is

159 1872 94 75 made
268 1872 33 75 in
318 1872 110 75 them;
453 1872 85 75 from
555 1872 54 75 the
626 1872 61 75 one
702 1872 63 75 fide
781 1872 41 75 of
831 1872 107 75 which
954 1872 36 75 to
1010 1872 56 75 the
1083 1872 106 75 other,

160 1917 19 75 a
190 1917 150 75 ligament
352 1917 26 75 is
396 1917 111 75 placed
523 1917 31 75 in
572 1917 55 75 the
644 1917 108 75 recent
767 1917 141 75 fubjedt;
935 1917 101 75 under
1052 1917 105 75 which
1171 1917 19 75 a

159 1965 87 75 large
262 1965 75 75 hole
349 1965 26 75 is
391 1965 72 75 left,
482 1965 105 75 which
604 1965 141 75 contains
758 1965 19 75 a
788 1965 83 75 fatty
884 1965 131 75 cellular
1030 1965 161 75 fubftance

159 2011 62 75 and
239 2011 120 75 vefidls.
455 2011 127 75 Befides
599 2011 64 75 this
680 2011 174 75 difference
881 2011 33 75 in
941 2011 55 75 the
1018 2011 112 75 height
1155 2011 41 75 of

142 2057 71 75 •the
237 2057 111 75 brims,
373 2057 56 75 the
456 2057 199 75 acetabulum
679 2057 27 75 i§
730 2057 168 75 otherwife
921 2057 161 75 unequal:
1124 2057 67 75 For

159 2103 56 75 the
230 2103 101 75 lower
346 2103 136 75 internal
499 2103 72 75 part
587 2103 39 75 of
637 2103 26 75 it
680 2103 27 75 is
722 2103 164 75 deprefled
902 2103 104 75 below
1023 2103 54 75 the
1094 2103 95 75 carti-

159 2150 144 75 laginous
323 2150 123 75 furface
473 2150 41 75 of
536 2150 56 75 the
615 2150 199 75 upper-part,
840 2150 62 75 and
920 2150 33 75 is
978 2150 57 75 not
1052 2150 138 75 covered

160 2196 79 75 with
256 2196 172 75 cartilage;
454 2196 68 75 into
539 2196 56 75 the
611 2196 188 75 upper-part
815 2196 40 75 of
866 2196 64 75 this
946 2196 174 75 particular
1135 2196 56 75 de-

160 2242 143 75 preflion,
320 2242 108 75 where
443 2242 25 75 it
484 2242 27 75 is
527 2242 128 75 deepelt
671 2242 63 75 and
746 2242 44 75 of
801 2242 18 75 a
834 2242 170 75 femilunar
1019 2242 97 75 form,
1135 2242 55 75 the

159 2289 153 75 ligament
332 2289 40 75 of
390 2289 56 75 the
470 2289 204 75 thigh-bone,
700 2289 184 75 commonly
900 2289 102 75 called
1017 2289 55 75 the
1089 2289 105 75 round

161 2336 72 75 one,
260 2336 26 75 is
303 2336 159 75 inferted;
488 2336 96 75 while
599 2336 34 75 in
648 2336 42 75 its
707 2336 88 75 more
811 2336 174 75 fuperficial
1002 2336 100 75 lower
1118 2336 72 75 part

160 2381 57 75 the
232 2381 88 75 large
336 2381 231 75 mucilaginous
578 2381 97 75 gland
686 2381 41 75 of
739 2381 163 75 this-joint
914 2381 26 75 is
953 2381 132 75 lodged.
1113 2381 77 75 The

158 2428 114 75 largeft:
287 2428 89 75 fhare
392 2428 40 75 of
443 2428 63 75 this
523 2428 143 75 feparate
690 2428 172 75 depreflion
881 2428 27 75 is
936 2428 128 75 formed
1086 2428 33 75 in
1135 2428 56 75 the

161 2474 35 75 os
214 2474 146 75 ifehium.

162 2519 9 75 *
204 2519 78 75 The
298 2519 65 75 ofla
378 2519 194 75 innominata
588 2519 53 75 are
666 2519 111 75 joined
804 2519 33 75 at
859 2519 85 75 their
968 2519 170 75 back-part
1154 2519 36 75 to

161 2565 80 75 each
251 2565 65 75 fide
327 2565 41 75 of
374 2565 55 75 the
445 2565 36 75 os
496 2565 123 75 facrum
629 2565 45 75 by
685 2565 18 75 a
714 2565 66 75 fort
796 2565 41 75 of
846 2565 119 75 future,
982 2565 80 75 with
1078 2565 20 75 a
1113 2565 76 75 Very

159 2611 71 75 thin
251 2611 200 75 intervening
466 2611 164 75 cartilage,
654 2611 106 75 which
776 2611 104 75 ferves
897 2611 33 75 as
950 2611 35 75 fo
1001 2611 96 75 much
1112 2611 75 75 glue

160 2656 36 75 to
213 2656 125 75 cement
350 2656 86 75 thefe
452 2656 98 75 bones
567 2656 149 75 together
728 2656 10 75 ;
766 2656 62 75 and
842 2656 107 75 ftrong
964 2656 168 75 ligaments
1147 2656 42 75 go

161 2703 84 75 from
262 2703 55 75 the
334 2703 247 75 circumference
599 2703 39 75 of
652 2703 66 75 this
734 2703 138 75 unequal
899 2703 123 75 furface
1049 2703 35 75 to
1112 2703 76 75 con-

160 2748 70 75 nedt
247 2748 88 75 them
351 2748 88 75 more
455 2748 118 75 firmly.
625 2748 77 75 The
729 2748 65 75 offa
819 2748 195 75 innominata
1037 2748 53 75 are
1112 2748 75 75 con-

161 2794 112 75 nedted
288 2794 149 75 together
453 2794 31 75 at
501 2794 84 75 their
599 2794 159 75 fore-part
774 2794 43 75 by
829 2794 54 75 the
898 2794 211 75 ligamentous
1121 2794 69 75 car-

161 2842 288 75 tilage^interpofed
455 2842 143 75 between
606 2842 56 75 the
674 2842 66 75 two
751 2842 63 75 ofla
824 2842 261 75 pubis.—Thefe
1090 2842 100 75 bones

161 2885 58 75 can
235 2885 163 75 therefore
420 2885 81 75 have
528 2885 59 75 no,
597 2885 121 75 motion
735 2885 31 75 in
784 2885 19 75 a
818 2885 125 75 natural
958 2885 90 75 ftate,
1073 2885 116 75 except

162 2932 88 75 what
270 2932 27 75 is
315 2932 146 75 common
478 2932 34 75 to
535 2932 54 75 the
606 2932 96 75 trunk
720 2932 40 75 of
772 2932 53 75 the
841 2932 100 75 body,
967 2932 37 75 or
1027 2932 35 75 to
1081 2932 56 75 the
1153 2932 36 75 os

161 2978 134 75 facrum.

144 3026 9 75 •
207 3026 97 75 Voi..
322 3026 30 75 I.
377 3026 71 75 No.
467 3026 35 75 8.

1345 142 39 75 O
1501 142 49 75 M
1668 142 53 75 Y.

2191 142 74 75 173

1286 204 90 75 Each
1394 204 36 75 os
1454 204 231 75 innominatum
1706 204 119 75 affords
1847 204 16 75 a
1884 204 108 75 focket
2023 204 71 75 (the
2121 204 148 75 acetabu-

1239 249 82 75 lum)
1340 249 52 75 for
1408 249 55 75 the
1480 249 208 75 thigh-bones
1706 249 34 75 to
1757 249 92 75 move
1869 249 45 75 in,
1940 249 62 75 and
2026 249 55 75 the
2108 249 97 75 trunk
2233 249 42 75 of

1240 296 55 75 the
1312 296 88 75 body
1419 296 76 75 rolls
1513 296 76 75 here
1613 296 34 75 fo
1664 296 95 75 much
1776 296 40 75 on
1834 296 55 75 the
1904 296 99 75 heads
2021 296 40 75 of
2082 296 56 75 the
2159 296 109 75 thigh-

1239 343 111 75 bones,
1375 343 33 75 as
1425 343 35 75 to
1476 343 95 75 allow
1586 343 56 75 the
1658 343 80 75 moft
1755 343 205 75 confpicuous
1988 343 139 75 motions
2150 343 41 75 of
2212 343 57 75 the

1239 388 107 75 trunk,
1372 388 105 75 which
1495 388 52 75 are
1564 388 182 75 commonly
1762 388 139 75 thought
1916 388 36 75 to
1968 388 39 75 be
2023 388 184 75 performed
2224 388 45 75 by

1239 435 54 75 the
1310 435 97 75 bones
1424 435 40 75 of
1476 435 55 75 the
1546 435 99 75 fpine.

1284 483 76 75 The
1376 483 101 75 pelvis
1494 483 78 75 then
1587 483 57 75 has
1672 483 19 75 a
1716 483 89 75 large
1829 483 82 75 opep
1936 483 101 75 above
2061 483 107 75 where
2191 483 27 75 it
2240 483 29 75 is

1239 529 171 75 continued
1425 529 78 75 with
1520 529 56 75 the
1594 529 169 75 abdomea,
1780 529 27 75 is
1824 529 142 75 ftrongly
1982 529 114 75 fenced
2112 529 42 75 by
2170 529 100 75 bones

1239 574 42 75 on
1308 574 55 75 the
1388 574 92 75 fides,
1505 574 94 75 back,
1624 574 63 75 and
1713 574 170 75 fore-part,
1909 574 62 75 and
1998 574 129 75 appears
2154 574 79 75 with
2250 574 21 75 a

1238 621 83 75 wide
1341 621 138 75 opening
1495 621 116 75 below,
1636 621 32 75 in
1685 621 56 75 the
1757 621 163 75 Ikeleton;
1945 621 72 75 but,
2041 621 33 75 in
2090 621 55 75 the
2162 621 109 75 recent

1238 668 132 75 fubjedi,
1396 668 19 75 a
1442 668 215 75 confiderable
1683 668 72 75 part
1782 668 40 75 of
1844 668 56 75 the
1927 668 139 75 opening
2081 668 26 75 is
2123 668 89 75 filled
2227 668 44 75 by

1239 713 55 75 the
1310 713 197 75 facrofciatic
1531 713 181 75 ligaments,
1737 713 168 75 pyriform,
1930 713 136 75 internal
2088 713 182 75 obturator,

1239 761 156 75 levatores
1413 761 64 75 ani,
1502 761 129 75 gemini,
1657 761 64 75 and
1736 761 158 75 coccyg.xi
1906 761 148 75 mufcles,
2080 761 105 75 which
2198 761 71 75 fup-

1239 806 75 75 port
1330 806 63 75 and
1409 806 123 75 protedf
1561 806 55 75 the
1644 806 169 75 contained
1841 806 86 75 parts
1955 806 106 75 better
2077 806 78 75 than
2170 806 101 75 bones

1241 853 96 75 could
1353 853 81 75 have
1450 853 105 75 done;
1581 853 35 75 fo
1632 853 71 75 that
1719 853 89 75 fpace
1824 853 27 75 is
1872 853 78 75 only
1964 853 62 75 left
2042 853 33 75 at
2091 853 56 75 the
2162 853 110 75 loweft

1238 899 72 75 part
1333 899 40 75 of
1387 899 38 75 it,
1451 899 53 75 for
1523 899 59 75 thd
1595 899 88 75 large
1698 899 210 75 excretories,
1931 899 58 75 the
2004 899 103 75 vefica
2120 899 150 75 urinaria,

1238 947 181 75 inteftinum
1446 947 132 75 redtum,
1603 947 64 75 and
1693 947 33 75 in
1754 947 144 75 females,
1923 947 56 75 the
2003 947 123 75 uterus,
2151 947 35 75 to
2209 947 63 75 dif-

1238 993 116 75 charge
1371 993 200 75 themfelves.

1284 1038 76 75 The
1373 1038 117 75 T,hor
1497 1038 62 75 ax,
1577 1038 38 75 or
1635 1038 94 75 chejl,
1755 1038 130 75 reaches
1903 1038 83 75 from
1998 1038 106 75 below
2119 1038 55 75 the
2190 1038 82 75 neck

1238 1085 34 75 to
1289 1085 55 75 the
1366 1085 107 75 belly;
1499 1085 75 75 and,
1601 1085 43 75 by
1660 1085 108 75 means
1784 1085 106 75 of<the
1913 1085 98 75 bones
2028 1085 71 75 that
2115 1085 101 75 guard
2232 1085 37 75 it,

1238 1131 26 75 is
1285 1131 127 75 formed
1427 1131 69 75 into
1515 1131 19 75 a
1550 1131 89 75 large
1654 1131 107 75 cavity
1774 1131 10 75 :
1819 1131 78 75 The
1924 1131 101 75 figure
2052 1131 40 75 of
2113 1131 106 75 which
2243 1131 28 75 is

1239 1178 172 75 fomewhat
1429 1178 161 75 conoidal.

1284 1226 76 75 The
1376 1226 98 75 bones
1487 1226 104 75 which
1607 1226 85 75 form
1708 1226 57 75 the
1780 1226 119 75 thorax
1915 1226 54 75 are
1984 1226 57 75 the
2057 1226 116 75 twelve
2189 1226 77 75 dor-

1233 1271 47 75 fal
1296 1271 155 75 vertebra;
1468 1271 130 75 behind,
1623 1271 55 75 the
1695 1271 68 75 rihs
1780 1271 42 75 on
1847 1271 55 75 the
1918 1271 92 75 fides,
2036 1271 62 75 and
2114 1271 55 75 the
2175 1271 88 75 Jler-

1237 1318 76 75 num
1334 1318 123 75 before.

1284 1365 77 75 The
1376 1365 157 75 vertebra
1549 1365 81 75 have
1647 1365 131 75 already
1792 1365 81 75 been
1888 1365 167 75 deferibed
2078 1365 33 75 as
2136 1365 73 75 part
2232 1365 42 75 of

1238 1411 55 75 the
1309 1411 99 75 fpine.

1284 1457 87 75 The-
1387 1457 105 75 Ribs,
1518 1457 37 75 or
1581 1457 100 75 cofia,
1709 1457 50 75 (as
1787 1457 31 75 if
1842 1457 78 75 they
1941 1457 88 75 were
2056 1457 153 75 cujlodei,
2233 1457 40 75 or

1237 1504 129 75 guards,
1392 1504 36 75 to
1449 1504 89 75 thofe
1555 1504 153 75 principal
1725 1504 115 75 organs
1857 1504 41 75 of
1909 1504 54 75 the
1980 1504 114 75 animal
2112 1504 158 75 machine,

1237 1549 56 75 the
1309 1549 92 75 heart
1418 1549 62 75 and
1495 1549 125 75 lungs),
1646 1549 53 75 are
1715 1549 56 75 the
1787 1549 77 75 long
1884 1549 141 75 crooked
2041 1549 99 75 bones
2156 1549 115 75 placed

1238 1597 32 75 at
1287 1597 55 75 the
1358 1597 63 75 fide
1445 1597 41 75 of
1508 1597 55 75 the
1590 1597 99 75 cheft,
1699 1597 48 75 *in
1775 1597 40 75 an
1841 1597 132 75 oblique
1988 1597 154 75 diredfion
2158 1597 112 75 down-

1239 1642 102 75 wards
1365 1642 31 75 in
1413 1642 121 75 refpedt
1553 1642 41 75 of
1611 1642 55 75 the
1682 1642 193 75 back-bone.
1969 1642 106 75 Their
2092 1642 133 75 number
2241 1642 29 75 is

1239 1688 163 75 generally
1419 1688 114 75 twelve
1556 1688 41 75 on
1615 1688 77 75 each
1710 1688 83 75 fide;
1820 1688 122 75 though
1960 1688 184 75 frequently
2160 1688 112 75 eleven

1239 1734 37 75 or
1288 1734 138 75 thirteen
1442 1734 81 75 have
1541 1734 79 75 been
1637 1734 113 75 found.

1284 1781 76 75 The
1392 1781 65 75 ribs
1487 1781 53 75 are
1568 1781 42 75 all
1638 1781 138 75 concave
1807 1781 172 75 internally
1999 1781 11 75 ;
2051 1781 109 75 where
2191 1781 80 75 they

1239 1828 53 75 are
1325 1828 65 75 alfo
1417 1828 93 75 made
1541 1828 126 75 fmooth
1696 1828 44 75 by
1766 1828 56 75 the
1851 1828 101 75 adtion
1980 1828 39 75 of
2040 1828 57 75 the
2124 1828 146 75 contain-

1238 1874 39 75 ed
1299 1874 101 75 parts,
1429 1874 119 75 which,
1577 1874 42 75 on
1644 1874 64 75 this
1734 1874 148 75 account,
1911 1874 53 75 are
1980 1874 33 75 in
2030 1874 41 75 no
2087 1874 122 75 dangef
2235 1874 42 75 of

1239 1921 95 75 being
1350 1921 76 75 hurt
1454 1921 43 75 by
1524 1921 108 75 them;
1659 1921 64 75 and
1746 1921 79 75 they
1846 1921 53 75 are
1921 1921 125 75 convex
2072 1921 196 75 externally,

1238 1967 71 75 that
1327 1967 80 75 they
1422 1967 104 75 might
1542 1967 82 75 refift
1640 1967 70 75 that
1734 1967 72 75 part
1822 1967 40 75 of
1873 1967 55 75 the
1944 1967 137 75 preflure
2095 1967 43 75 of
2148 1967 55 75 the
2220 1967 50 75 at-

1240 2016 177 75 mofphere,
1443 2016 113 75 which-
1576 2016 27 75 is
1632 2016 57 75 not
1708 2016 155 75 balanced
1878 2016 45 75 by
1939 2016 55 75 the
2010 2016 47 75 air
2080 2016 114 75 within
2213 2016 58 75 the

1237 2060 105 75 lungs,
1366 2060 116 75 during
1497 2060 197 75 infpiration.
1791 2060 75 75 The
1883 2060 77 75 ends
1978 2060 40 75 of
2031 2060 55 75 the
2103 2060 65 75 ribs
2184 2060 83 75 next

1238 2106 55 75 the
1309 2106 154 75 vertebrae
1480 2106 53 75 are
1550 2106 139 75 rounder
1706 2106 77 75 than
1800 2106 77 75 they
1894 2106 53 75 are
1964 2106 85 75 after
2065 2106 88 75 thefe
2169 2106 100 75 bones

1238 2152 79 75 have
1335 2152 163 75 advanced
1520 2152 169 75 forwards,
1713 2152 94 75 when
1822 2152 78 75 they
1916 2152 133 75 become
2076 2152 106 75 flatter
2206 2152 63 75 and

1236 2200 150 75 broader,
1412 2200 62 75 and
1497 2200 81 75 have
1606 2200 39 75 an
1672 2200 100 75 upper
1798 2200 64 75 and
1885 2200 101 75 lower
2008 2200 93 75 edge,
2126 2200 79 75 each
2232 2200 42 75 of

1241 2245 102 75 which
1356 2245 26 75 is
1399 2245 91 75 made
1507 2245 103 75 rough
1627 2245 42 75 by
1686 2245 55 75 the
1754 2245 102 75 addon
1873 2245 40 75 of
1924 2245 55 75 the
1992 2245 178 75 intercoftal
2183 2245 84 75 muf-

1240 2291 77 75 cles,
1342 2291 137 75 inferted
1494 2291 68 75 into
1578 2291 226 75 them.—The
1820 2291 100 75 upper
1942 2291 81 75 edge
2039 2291 40 75 of
2090 2291 56 75 the
2162 2291 65 75 ribs
2238 2291 29 75 is

1238 2339 97 75 morei
1343 2339 109 75 obtufe
1469 2339 62 75 and
1543 2339 138 75 rounder
1697 2339 77 75 than
1786 2339 54 75 the
1857 2339 111 75 lower,
1986 2339 106 75 which
2103 2339 27 75 is
2139 2339 127 75 depref-

1236 2384 57 75 fed
1309 2384 41 75 on
1367 2384 41 75 its
1424 2384 136 75 internal
1585 2384 62 75 fide
1673 2384 44 75 by
1746 2384 18 75 a
1785 2384 77 75 long
1878 2384 90 75 fofla,
1994 2384 52 75 for
2061 2384 133 75 lodging
2210 2384 56 75 the

1237 2431 180 75 intercoftal
1444 2431 109 75 veflels
1581 2431 65 75 and
1672 2431 134 75 nerves;
1833 2431 42 75 on
1902 2431 77 75 each
2006 2431 64 75 fide
2097 2431 42 75 of
2157 2431 107 75 which

1238 2478 90 75 there
1355 2478 27 75 is
1411 2478 19 75 a
1456 2478 102 75 ridge,
1583 2478 35 75 to
1646 2478 104 75 which
1768 2478 57 75 the
1848 2478 179 75 intercoftal
2049 2478 134 75 mufcles
2209 2478 55 75 are

1237 2524 100 75 fixed.
1370 2524 77 75 The
1464 2524 77 75 fofla
1554 2524 27 75 is
1599 2524 56 75 not
1670 2524 185 75 obfervahle
1871 2524 149 75 however
2037 2524 32 75 at
2086 2524 103 75 either
2201 2524 63 75 end

1237 2570 40 75 of
1288 2570 55 75 the
1360 2570 83 75 ribs:
1463 2570 63 75 for,
1543 2570 33 75 at
1594 2570 55 75 the
1666 2570 151 75 pofterior
1833 2570 38 75 or
1888 2570 84 75 root,
1990 2570 55 75 the
2061 2570 109 75 veflels
2182 2570 82 75 have

1236 2616 56 75 not
1310 2616 53 75 yet
1379 2616 136 75 reached
1531 2616 54 75 the
1602 2616 64 75 ribs
1679 2616 10 75 ;
1716 2616 74 75 and,
1815 2616 34 75 at
1865 2616 55 75 the
1937 2616 160 75 fore-end,
2114 2616 79 75 they
2209 2616 56 75 are

1234 2663 73 75 fplit
1323 2663 90 75 away
1428 2663 69 75 into
1512 2663 168 75 branches,
1705 2663 35 75 to
1756 2663 87 75 ferve
1859 2663 56 75 the
1944 2663 86 75 parts
2045 2663 146 75 between
2207 2663 57 75 the

1233 2710 78 75 ribs.

1283 2756 48 75 At
1356 2756 54 75 the
1435 2756 153 75 pofterior
1607 2756 63 75 end
1698 2756 40 75 of
1765 2756 79 75 each
1873 2756 62 75 rib,
1972 2756 18 75 a
2015 2756 83 75 little
2124 2756 84 75 head
2235 2756 26 75 is

1237 2803 137 75 formed,
1406 2803 106 75 which
1529 2803 27 75 is
1572 2803 131 75 divided
1729 2803 43 75 by
1797 2803 19 75 a
1842 2803 121 75 middle
1990 2803 88 75 ridge
2100 2803 67 75 into
2194 2803 68 75 two

1237 2849 83 75 plain
1344 2849 37 75 or
1406 2849 124 75 hollow
1555 2849 137 75 furfaces
1709 2849 11 75 ;
1746 2849 56 75 the
1824 2849 109 75 loweft
1957 2849 40 75 of
2017 2849 105 75 which
2153 2849 27 75 is
2205 2849 57 75 the

1238 2897 143 75 broadeft
1398 2897 60 75 and
1476 2897 126 75 deepeft
1618 2897 32 75 in
1667 2897 78 75 moft
1760 2897 43 75 of
1812 2897 101 75 them.
1968 2897 81 75 The
2067 2897 66 75 two
2159 2897 102 75 plains

1236 2944 52 75 are
1299 2944 114 75 joined
1428 2944 35 75 to
1479 2944 55 75 the
1550 2944 110 75 bodies
1687 2944 47 75 of
1747 2944 67 75 two
1840 2944 151 75 different
2006 2944 167 75 vertebra,
2199 2944 63 75 and

1235 2991 55 75 the
1308 2991 89 75 ridge
1414 2991 106 75 foroes
1545 2991 89 75 itfelf
1651 2991 68 75 into
1745 2991 55 75 the
1824 2991 199 75 intervening
2047 2991 215 75 cartilage.—

1120 3048 17 75 3
