2423 3387
685 123 41 75 A
802 123 28 75 S
904 123 38 75 T
1018 123 36 75 R
1133 123 40 75 O

122 195 70 75 (the
210 195 134 75 number
367 195 39 75 6f
419 195 77 75 days
513 195 32 75 in
573 195 19 75 a
613 195 107 75 week)
747 195 91 75 there
864 195 65 75 will
958 195 117 75 remain
1093 195 61 75 one

118 241 77 75 day.
244 241 37 75 If
304 241 92 75 there
421 241 66 75 had
514 241 80 75 been
621 241 42 75 no
687 241 188 75 remainder,
900 241 26 75 it
950 241 27 75 is
995 241 82 75 plain
1094 241 58 75 the

117 287 78 75 year
208 287 107 75 would
327 287 177 75 conftantly
514 287 93 75 begin
624 287 42 75 on
683 287 149 75 the-fame
843 287 63 75 day
917 287 41 75 of
969 287 55 75 the
1037 287 110 75 week:

118 333 59 75 but
193 333 82 75 fince
290 333 62 75 one
380 333 148 75 remains,
557 333 26 75 it
615 333 27 75 is
669 333 98 75 plain,
800 333 69 75 that
892 333 56 75 the
972 333 76 75 year
1071 333 81 75 muft

118 380 94 75 begin
237 380 64 75 and
327 380 64 75 end
414 380 42 75 on
482 380 55 75 the
561 380 84 75 fame
673 380 64 75 day
769 380 41 75 of
835 380 55 75 the
922 380 90 75 week
1034 380 10 75 ;
1087 380 63 75 and

116 427 164 75 therefore
308 427 54 75 the
391 427 80 75 next
497 427 78 75 year
601 427 67 75 will
684 427 95 75 begin
794 427 41 75 on
859 427 56 75 the
934 427 64 75 day
1020 427 127 75 follow-

116 473 65 75 ing.
225 473 126 75 Hence,
376 473 92 75 when
485 473 143 75 January
644 473 110 75 begins
770 473 49 75 orr
829 473 143 75 Sunday,
998 473 37 75 A
1047 473 27 75 is
1092 473 55 75 the

116 520 170 75 dominical
303 520 37 75 or
358 520 132 75 Sunday
506 520 97 75 letter
619 520 50 75 for
686 520 71 75 that
774 520 92 75 year:
886 520 110 75 Then,
1014 520 131 75 becaufe

115 566 56 75 the
188 566 79 75 next
284 566 76 75 year
376 566 109 75 begins
508 566 42 75 on
566 566 160 75 Monday,
752 566 54 75 the
831 566 136 75 Sunday
994 566 65 75 will
1088 566 55 75 fall

115 612 41 75 on
172 612 56 75 the
245 612 130 75 feventh
390 612 76 75 day,
492 612 35 75 to
544 612 105 75 which
665 612 26 75 is
709 612 146 75 annexed
871 612 55 75 the
942 612 129 75 feventh
1083 612 90 75 let-**

114 659 50 75 ter
181 659 42 75 G,
249 659 106 75 which
371 659 162 75 therefore
561 659 65 75 will
653 659 39 75 be
720 659 55 75 the
799 659 169 75 dominical
983 659 96 75 letter
1095 659 52 75 for

114 705 42 75 all
173 705 70 75 that
261 705 92 75 year:
381 705 62 75 and
459 705 33 75 as
510 705 55 75 the
581 705 89 75 third
688 705 76 75 year
781 705 64 75 will
863 705 93 75 begin
977 705 40 75 on
1041 705 103 75 Tuef-

114 751 76 75 day,
215 751 56 75 the
288 751 132 75 Sunday
436 751 65 75 will
518 751 57 75 fall
591 751 41 75 on
649 751 56 75 the
721 751 83 75 fixth
828 751 84 75 day;
940 751 161 75 therefore
1119 751 30 75 F

114 798 67 75 will
199 798 40 75 be
256 798 59 75 the
331 798 131 75 Sunday
477 798 97 75 letter
588 798 53 75 for
657 798 70 75 that
744 798 87 75 year.
892 798 148 75 Whence
1065 798 24 75 it
1117 798 26 75 is

113 845 141 75 evident,
283 845 70 75 that
377 845 54 75 the
449 845 132 75 Sunday
604 845 111 75 lettefs
744 845 63 75 will
836 845 42 75 go
902 845 150 75 annually
1067 845 32 75 in
1124 845 19 75 a

112 891 185 75 retrograde
313 891 96 75 oijler
424 891 86 75 thus,
537 891 42 75 G,
598 891 37 75 F,
653 891 43 75 E,
717 891 46 75 D,
781 891 38 75 C,
839 891 42 75 B,
902 891 44 75 A.
996 891 89 75 And,
1109 891 31 75 ip

111 938 55 75 the
183 938 108 75 courfe
307 938 39 75 of
358 938 91 75 feven
465 938 104 75 years,
595 938 31 75 if
632 938 78 75 they
726 938 85 75 were
826 938 43 75 all
886 938 147 75 common
1049 938 90 75 ones,

110 983 56 75 the
190 983 83 75 fame
289 983 79 75 days
393 983 39 75 of
444 983 55 75 the
515 983 90 75 week
621 983 63 75 and
699 983 171 75 dominical
892 983 113 75 letters
1032 983 109 75 would

110 1031 108 75 return
235 1031 35 75 to
286 1031 56 75 the
357 1031 85 75 fame
458 1031 79 75 days
550 1031 40 75 of
601 1031 55 75 the
667 1031 143 75 months.
827 1031 68 75 But
905 1031 132 75 becaufe
1048 1031 92 75 there

110 1077 54 75 are
183 1077 67 75 366
273 1077 79 75 days
376 1077 33 75 in
434 1077 18 75 a
476 1077 176 75 leap-year,
677 1077 31 75 if
723 1077 64 75 this
805 1077 133 75 number
954 1077 41 75 be
1010 1077 129 75 divided

110 1123 44 75 by
174 1123 32 75 7,
230 1123 92 75 there
338 1123 66 75 will
421 1123 120 75 remain
568 1123 65 75 two
660 1123 79 75 days
767 1123 76 75 oyer
865 1123 62 75 and
955 1123 100 75 above
1081 1123 57 75 the

111 1172 43 75 52
172 1172 105 75 weeks
293 1172 40 75 of
343 1172 106 75 which
466 1172 54 75 the
537 1172 74 75 year
628 1172 136 75 confifts.
812 1172 79 75 And
913 1172 175 75 therefore,
1111 1172 33 75 if

108 1217 55 75 the
178 1217 164 75 leap-year
357 1217 109 75 begins
483 1217 40 75 on
538 1217 142 75 Sunday,
705 1217 26 75 it
746 1217 66 75 will
828 1217 62 75 end
907 1217 41 75 on
964 1217 171 75 Monday;

107 1264 64 75 and
193 1264 55 75 the
277 1264 78 75 next
371 1264 75 75 year
462 1264 67 75 will
546 1264 92 75 begin
655 1264 41 75 on
712 1264 165 75 Tuefday,
902 1264 55 75 the
974 1264 63 75 firft
1055 1264 81 75 Sun-

107 1310 64 75 day
187 1310 148 75 whereof
344 1310 80 75 mult
440 1310 57 75 fall
514 1310 41 75 on
577 1310 54 75 the
643 1310 84 75 fixth
743 1310 41 75 of
799 1310 155 75 January^
981 1310 35 75 to
1031 1310 106 75 which

107 1356 25 75 is
150 1356 145 75 annexed
311 1356 55 75 the
381 1356 97 75 letter
494 1356 39 75 F,
551 1356 61 75 and
629 1356 57 75 not
702 1356 43 75 G,
771 1356 33 75 as
821 1356 32 75 in
870 1356 148 75 common
1033 1356 103 75 years.

108 1403 52 75 By
187 1403 64 75 this
278 1403 120 75 means,
434 1403 55 75 the
515 1403 165 75 leap-year
710 1403 165 75 returning
902 1403 96 75 every
1026 1403 111 75 fourth

108 1448 87 75 year,
220 1448 55 75 the
291 1448 97 75 order
407 1448 39 75 of
463 1448 56 75 the
535 1448 168 75 dominical
729 1448 111 75 letters
864 1448 27 75 is
915 1448 220 75 interrupted;

108 1495 61 75 and
186 1495 54 75 the
255 1495 94 75 feries
364 1495 118 75 cannot
498 1495 108 75 retnrn
622 1495 35 75 to
673 1495 41 75 its
731 1495 63 75 firlt
811 1495 75 75 Hate
905 1495 48 75 till
968 1495 82 75 after
1062 1495 74 75 four

106 1543 93 75 times
226 1543 105 75 feven,
356 1543 38 75 or
418 1543 43 75 2S
485 1543 118 75 years;
629 1543 62 75 and
713 1543 76 75 then
814 1543 55 75 the
891 1543 83 75 fame
997 1543 145 75 days-of

106 1588 56 75 the
179 1588 126 75 months
321 1588 110 75 return
446 1588 33 75 in
495 1588 96 75 order
606 1588 35 75 to
657 1588 55 75 the
728 1588 84 75 fame
822 1588 83 75 days
923 1588 40 75 of
973 1588 55 75 the
1045 1588 90 75 week

103 1635 34 75 as
152 1635 123 75 before.

152 1683 96 75 From
265 1683 54 75 the
336 1683 243 75 multiplication
596 1683 40 75 of
649 1683 55 75 the
719 1683 84 75 folar
818 1683 90 75 cycle
923 1683 41 75 of
975 1683 44 75 28
1040 1683 91 75 years

105 1728 67 75 into
190 1728 55 75 the
261 1728 91 75 lunar
369 1728 91 75 cycle
476 1728 41 75 of
540 1728 40 75 19
600 1728 104 75 years,
728 1728 62 75 and
813 1728 56 75 the
885 1728 127 75 Roman
1029 1728 100 75 indie*

105 1774 66 75 tion
187 1774 98 75 of-15
310 1774 104 75 years,
438 1774 94 75 arifes
558 1774 53 75 the
628 1774 90 75 great
735 1774 106 75 Julian
858 1774 123 75 period,
1007 1774 124 75 confift-

104 1820 54 75 ing
174 1820 40 75 of
227 1820 90 75 7980
329 1820 104 75 years,
451 1820 103 75 which
572 1820 64 75 had
651 1820 41 75 its
710 1820 170 75 beginning
894 1820 67 75 764
973 1820 91 75 years
1076 1820 55 75 be-

107 1868 68 75 fore
193 1868 215 75 Strauchiuss
425 1868 153 75 fuppofed
605 1868 76 75 year
698 1868 40 75 of
755 1868 55 75 the
837 1868 140 75 creation
1008 1868 67 75 (for
1091 1868 42 75 no

104 1914 81 75 later
201 1914 96 75 could
313 1914 41 75 all
372 1914 55 75 the
443 1914 92 75 three
551 1914 106 75 cycles
674 1914 93 75 begin
794 1914 165 75 together)
985 1914 104 75 and-it
1105 1914 27 75 is

104 1960 56 75 not
184 1960 53 75 yet
254 1960 200 75 compleated
466 1960 8 75 :
509 1960 78 75 And
603 1960 163 75 therefore
780 1960 27 75 it
822 1960 142 75 includes
981 1960 41 75 all
1040 1960 94 75 other

103 2008 117 75 cycles,
243 2008 140 75 periods,
408 2008 63 75 and
495 2008 93 75 asras.
635 2008 113 75 There
771 2008 27 75 is
825 2008 58 75 but
909 2008 62 75 one
997 2008 77 75 year
1097 2008 33 75 in

103 2052 55 75 the
175 2052 104 75 whole
295 2052 109 75 period
421 2052 70 75 that
507 2052 58 75 has
581 2052 56 75 the
648 2052 84 75 fame
747 2052 149 75 numbers
909 2052 51 75 for
971 2052 56 75 the
1039 2052 91 75 three

105 2099 104 75 cycles
226 2099 41 75 of
277 2099 105 75 which
401 2099 27 75 it
454 2099 28 75 is
503 2099 94 75 made
612 2099 62 75 up:
702 2099 76 75 And
794 2099 174 75 therefore,
992 2099 31 75 if
1033 2099 96 75 hifto-

104 2145 83 75 rians
210 2145 65 75 had
296 2145 165 75 remarked
489 2145 32 75 in
549 2145 83 75 their
649 2145 142 75 writings
808 2145 57 75 the
878 2145 107 75 cycles
1001 2145 41 75 of
1053 2145 77 75 each

104 2192 87 75 year,
217 2192 91 75 there
325 2192 63 75 had
404 2192 80 75 been
501 2192 42 75 no
559 2192 123 75 difpute
703 2192 98 75 about
828 2192 56 75 the
911 2192 75 75 time
1011 2192 39 75 of
1068 2192 63 75 any

105 2238 103 75 addon
225 2238 154 75 recorded
395 2238 43 75 by
453 2238 102 75 them.

148 2284 77 75 The
242 2284 174 75 Dionyfian
434 2284 37 75 or
492 2284 113 75 vulgar
619 2284 64 75 asra
698 2284 41 75 of
750 2284 134 75 Chrifls
901 2284 87 75 birth
1011 2284 64 75 was
1096 2284 33 75 a-

102 2331 78 75 bout
197 2331 54 75 the
269 2331 61 75 end
346 2331 40 75 of
396 2331 56 75 the
464 2331 75 75 year
555 2331 39 75 of
604 2331 56 75 the
677 2331 233 75 Julian.period
928 2331 88 75 4713
1030 2331 10 75 ;
1068 2331 61 75 and

104 2377 229 75 confequently
349 2377 55 75 the
419 2377 64 75 firft
499 2377 75 75 year
590 2377 39 75 of
650 2377 51 75 his
724 2377 70 75 age,
820 2377 170 75 according
1007 2377 34 75 to
1058 2377 71 75 that

1254 123 42 75 N
1375 123 41 75 O
1495 123 48 75 M
1624 123 51 75 Y.

2146 123 82 75 493

1203 188 146 75 account,
1367 188 65 75 was
1445 188 54 75 the
1513 188 128 75 4714th
1661 188 75 75 year
1752 188 41 75 of
1803 188 55 75 the
1874 188 66 75 faid
1956 188 122 75 period.
2103 188 128 75 There-

1201 236 82 75 fore,
1309 236 31 75 if
1351 236 35 75 to
1405 236 54 75 the
1477 236 128 75 current
1632 236 76 75 year
1724 236 40 75 of
1775 236 108 75 Chrift
1901 236 47 75 we
1965 236 64 75 add
2048 236 103 75 4713,
2176 236 57 75 the

1199 282 68 75 fum
1283 282 65 75 will
1365 282 39 75 be
1422 282 55 75 the
1500 282 76 75 year
1593 282 41 75 of
1645 282 55 75 the
1716 282 108 75 Julian
1841 282 123 75 period.
2014 282 46 75 So
2083 282 55 75 the
2155 282 76 75 year

1204 331 88 75 1769
1306 331 70 75 will
1391 331 41 75 be
1448 331 101 75 found
1567 331 34 75 to
1617 331 40 75 be
1673 331 55 75 the
1746 331 115 75 64820!
1872 331 76 75 year
1961 331 45 75 Of
2016 331 69 75 that
2102 331 125 75 period.

1199 375 62 75 Or,
1287 375 35 75 to
1338 375 65 75 find
1420 375 55 75 the
1491 375 76 75 year
1583 375 40 75 of
1640 375 55 75 the
1720 375 107 75 Julian
1856 375 112 75 period
1996 375 174 75 anfwering
2193 375 37 75 to

1198 422 61 75 any
1269 422 93 75 given
1380 422 75 75 year
1471 422 111 75 before
1598 422 55 75 the
1670 422 64 75 firft
1746 422 76 75 year
1831 422 41 75 of
1885 422 119 75 Chrift,
2022 422 138 75 fubtradt
2172 422 56 75 the

1196 467 132 75 number
1344 467 40 75 of
1394 467 71 75 that
1478 467 95 75 given
1590 467 76 75 year
1682 467 85 75 from
1784 467 105 75 4714,
1906 467 62 75 and
1980 467 54 75 the
2047 467 179 75 remainder

1194 515 66 75 will
1276 515 39 75 be
1333 515 54 75 the
1404 515 79 75 year
1502 515 40 75 of
1564 515 55 75 the
1647 515 107 75 Julian
1772 515 111 75 period
1944 515 109 75 Thus,
2079 515 56 75 the
2150 515 77 75 year

1199 564 61 75 585
1280 564 110 75 before
1408 564 54 75 the
1479 564 63 75 firft
1558 564 76 75 year
1650 564 41 75 of
1702 564 108 75 Chrift
1829 564 121 75 (which
1969 564 64 75 was
2052 564 54 75 the
2123 564 104 75 584th

1194 608 111 75 before
1320 608 49 75 his
1382 608 104 75 birth)
1505 608 65 75 was
1587 608 56 75 the
1660 608 128 75 4129th
1806 608 76 75 year
1898 608 39 75 of
1951 608 55 75 the
2018 608 65 75 faid
2099 608 125 75 period.

1195 655 123 75 Laftly,
1347 655 36 75 to
1400 655 66 75 find
1486 655 55 75 the
1560 655 108 75 cycles
1685 655 40 75 of
1745 655 54 75 the
1815 655 69 75 fun,
1911 655 110 75 moon,
2046 655 62 75 and
2125 655 100 75 indic-

1195 701 66 75 tion
1280 701 52 75 for
1348 701 61 75 any
1427 701 92 75 given
1536 701 75 75 year
1636 701 40 75 of
1696 701 62 75 this
1787 701 123 75 period,
1935 701 108 75 divide
2059 701 56 75 the
2131 701 95 75 given

1193 750 76 75 year
1285 750 44 75 by
1346 750 43 75 28
1435 750 54 75 19,
1515 750 62 75 and
1605 750 63 75 15;
1695 750 55 75 the
1767 750 90 75 three
1873 750 193 75 remainders
2090 750 66 75 will
2183 750 41 75 be

1193 795 53 75 the
1262 795 104 75 cycles
1379 795 126 75 fought,
1523 795 61 75 and
1597 795 55 75 the
1665 795 162 75 quotients
1840 795 54 75 the
1906 795 149 75 numbers
2068 795 37 75 of
2118 795 106 75 cycles

1191 841 58 75 run
1266 841 80 75 fince
1363 841 55 75 the
1439 841 169 75 beginning
1624 841 40 75 of
1676 841 55 75 the
1746 841 124 75 period.
1921 841 45 75 So
1991 841 32 75 in
2050 841 56 75 the
2123 841 102 75 above

1192 888 127 75 4714th
1337 888 75 75 year
1428 888 43 75 of.
1480 888 54 75 the
1551 888 107 75 Julian
1675 888 125 75 period,
1825 888 56 75 the
1907 888 91 75 cycle
2024 888 42 75 of
2087 888 55 75 the
2166 888 57 75 fun

1189 934 64 75 was
1274 934 54 75 10,
1354 934 55 75 the
1426 934 88 75 cycle
1526 934 40 75 ef
1578 934 56 75 the
1649 934 96 75 moon
1759 934 33 75 2,
1817 934 64 75 and
1897 934 54 75 the
1969 934 89 75 cycle
2074 934 40 75 of
2120 934 103 75 indic-

1189 981 70 75 tion
1273 981 41 75 4;
1341 981 57 75 the
1423 981 84 75 folar
1523 981 92 75 cycle
1628 981 118 75 having
1762 981 58 75 run
1837 981 140 75 thrcnigh
2001 981 63 75 168
2082 981 140 75 courfes,

1188 1028 54 75 the
1259 1028 92 75 lunar
1374 1028 79 75 248,
1478 1028 62 75 and
1559 1028 54 75 the
1629 1028 151 75 indidtion
1799 1028 80 75 314.

1234 1075 76 75 The
1325 1075 112 75 vulgar
1451 1075 65 75 asra
1537 1075 40 75 of
1588 1075 136 75 Chrifts
1742 1075 84 75 birth
1843 1075 65 75 \vas
1924 1075 98 75 never
2036 1075 116 75 fettled
2168 1075 50 75 till

1187 1122 54 75 the
1257 1122 76 75 year
1347 1122 79 75 527,
1451 1122 91 75 when
1561 1122 171 75 Dionyfius
1749 1122 161 75 Exiguus,
1929 1122 17 75 a
1962 1122 128 75 Roman
2107 1122 110 75 abbot,

1186 1169 87 75 fixed
1297 1169 25 75 it
1346 1169 35 75 to
1406 1169 54 75 the
1486 1169 61 75 end
1572 1169 41 75 of
1635 1169 56 75 the
1724 1169 130 75 4713th
1880 1169 75 75 year
1981 1169 39 75 of
2038 1169 55 75 the
2109 1169 110 75 Julian

1185 1215 124 75 period,
1325 1215 106 75 which
1447 1215 66 75 was
1529 1215 73 75 four
1618 1215 92 75 years
1727 1215 56 75 too
1798 1215 77 75 late.
1924 1215 65 75 For
2005 1215 59 75 our
2082 1215 136 75 Saviour

1186 1263 65 75 was
1268 1263 80 75 born
1365 1263 110 75 before
1492 1263 55 75 the
1564 1263 95 75 death
1677 1263 40 75 of
1728 1263 128 75 Herod,
1881 1263 74 75 who
1966 1263 114 75 fought
2103 1263 36 75 to
2156 1263 58 75 kill

1186 1309 66 75 him
1268 1309 35 75 as
1316 1309 75 75 foon
1404 1309 91 75 as-he
1511 1309 100 75 heard
1623 1309 39 75 of
1674 1309 50 75 his
1741 1309 101 75 birth.
1891 1309 90 75 And,
1999 1309 171 75 according
2183 1309 35 75 to

1178 1356 64 75 -the
1258 1356 168 75 teftimony
1442 1356 40 75 of
1493 1356 156 75 Jofephus
1669 1356 60 75 (/i.
1748 1356 80 75 xvii.
1846 1356 49 75 ch.
1910 1356 51 75 8.)
1987 1356 91 75 there
2095 1356 65 75 was
2177 1356 39 75 an

1186 1403 113 75 eclipfe
1318 1403 41 75 of
1377 1403 55 75 the
1448 1403 94 75 moon
1560 1403 32 75 in
1616 1403 55 75 the
1688 1403 76 75 time
1788 1403 40 75 of
1845 1403 142 75 Herods
2003 1403 57 75 laft
2083 1403 104 75 illnefs
2204 1403 10 75 ;

1185 1448 104 75 which
1317 1448 116 75 eclipfe
1465 1448 130 75 appears
1632 1448 43 75 by
1709 1448 60 75 our
1797 1448 219 75 aftronomical
2044 1448 102 75 tables
2179 1448 35 75 to

1184 1496 80 75 have
1276 1496 80 75 been
1372 1496 31 75 in
1421 1496 55 75 the
1496 1496 76 75 year
1591 1496 39 75 of
1642 1496 55 75 the
1714 1496 107 75 Julian
1839 1496 110 75 period
1967 1496 104 75 4710,
2096 1496 119 75 March

1187 1542 92 75 13th,
1304 1542 33 75 at
1356 1542 17 75 3
1392 1542 98 75 hours
1518 1542 66 75 paft
1611 1542 170 75 midnight,
1807 1542 32 75 at
1867 1542 187 75 Jerufalem.
2115 1542 98 75 Now,

1183 1590 34 75 as
1240 1590 64 75 our
1317 1590 232 75 Saviour-muft
1563 1590 83 75 have
1662 1590 78 75 been
1757 1590 80 75 born
1853 1590 86 75 fome
1955 1590 129 75 months
2101 1590 112 75 before

1183 1637 140 75 Herods
1340 1637 109 75 death,
1474 1637 79 75 fince
1578 1637 31 75 in
1633 1637 218 75 the-interval
1868 1637 40 75 he
1924 1637 65 75 was
2006 1637 125 75 carried
2145 1637 70 75 into

1180 1682 123 75 Egypt,
1328 1682 55 75 the
1399 1682 92 75 lateft
1507 1682 76 75 time
1608 1682 31 75 in
1656 1682 105 75 which
1780 1682 47 75 we
1850 1682 60 75 can
1928 1682 47 75 fix
1991 1682 55 75 the
2064 1682 70 75 true
2150 1682 63 75 asra

1179 1730 39 75 of
1229 1730 48 75 his
1301 1730 86 75 birth
1404 1730 33 75 as
1455 1730 97 75 about
1568 1730 55 75 the
1641 1730 62 75 end
1719 1730 42 75 of
1773 1730 54 75 the
1844 1730 131 75 4709th
1997 1730 77 75 year
2098 1730 38 75 of
2157 1730 56 75 the

1181 1776 105 75 Julian
1304 1776 124 75 period.

1228 1823 48 75 As
1292 1823 90 75 there
1399 1823 54 75 are
1469 1823 119 75 certain
1606 1823 88 75 fixed
1710 1823 105 75 points
1831 1823 33 75 in
1892 1823 55 75 the
1973 1823 138 75 heavens
2125 1823 88 75 from

1179 1869 105 75 which
1302 1869 208 75 aftronomers
1527 1869 93 75 begin
1638 1869 84 75 their
1739 1869 246 75 computations,
2003 1869 34 75 fo
2054 1869 90 75 there
2157 1869 54 75 are

1182 1916 119 75 certain
1326 1916 106 75 points
1464 1916 39 75 of
1523 1916 76 75 time
1624 1916 84 75 from
1731 1916 106 75 which
1865 1916 166 75 hiftorians
2056 1916 93 75 begin
2177 1916 35 75 to

1182 1963 116 75 reckon
1311 1963 10 75 ;
1341 1963 62 75 and
1417 1963 86 75 thefe
1520 1963 106 75 points
1642 1963 38 75 or
1696 1963 87 75 roots
1799 1963 42 75 of
1851 1963 78 75 time
1944 1963 54 75 are
2015 1963 101 75 called
2130 1963 83 75 (eras

1179 2009 37 75 or
1231 2009 120 75 epochs.
1398 2009 78 75 The
1493 2009 79 75 moft
1588 2009 199 75 remarkable
1804 2009 77 75 seras
1900 2009 65 75 are,
1991 2009 89 75 thofe
2098 2009 39 75 of
2156 2009 56 75 the

1179 2056 168 75 Creation,
1370 2056 57 75 the
1443 2056 114 75 Greek
1572 2056 206 75 Olympiads,
1802 2056 55 75 the
1874 2056 143 75 building
2036 2056 40 75 of
2088 2056 120 75 Rome,

1178 2103 54 75 the
1259 2103 63 75 sera
1346 2103 40 75 of
1410 2103 210 75 Nabonaftar,
1653 2103 55 75 the
1736 2103 96 75 death
1860 2103 40 75 of
1923 2103 197 75 Alexander,
2155 2103 56 75 the

1179 2148 85 75 birth
1280 2148 41 75 of
1332 2148 119 75 Chrift.
1478 2148 54 75 the
1549 2148 140 75 Arabian
1709 2148 132 75 Hegira,
1860 2148 61 75 and
1933 2148 54 75 the
2004 2148 124 75 Perfian
2141 2148 69 75 Jef-

1178 2196 133 75 degird:
1338 2196 58 75 All
1424 2196 119 75 which,
1568 2196 149 75 together
1741 2196 78 75 with
1835 2196 118 75 feveral
1970 2196 109 75 others
2096 2196 40 75 of
2147 2196 61 75 lefs

1178 2242 87 75 note,
1291 2242 80 75 have
1395 2242 84 75 their
1502 2242 186 75 beginnings
1705 2242 34 75 to
1755 2242 55 75 the
1827 2242 165 75 following
2007 2242 88 75 table
2120 2242 91 75 fixed

1178 2289 34 75 to
1236 2289 54 75 the
1316 2289 93 75 years
1437 2289 39 75 of
1498 2289 57 75 the
1582 2289 110 75 Julian
1720 2289 123 75 period,
1869 2289 36 75 to
1919 2289 68 75 "the
2012 2289 58 75 age
2093 2289 39 75 of
2153 2289 55 75 the

1177 2335 103 75 world
1296 2335 32 75 at
1344 2335 90 75 thofe
1450 2335 105 75 times,
1582 2335 62 75 and
1660 2335 34 75 to
1711 2335 54 75 the
1790 2335 91 75 years
1900 2335 112 75 before
2037 2335 63 75 and
2123 2335 84 75 after

1176 2382 55 75 the
1246 2382 77 75 year
1339 2382 40 75 of
1390 2382 136 75 Chrifts
1542 2382 100 75 birth.

505 2488 45 75 A\
567 2488 119 75 Table
715 2488 48 75 of
780 2488 237 75 remarkable
1045 2488 117 75 JEras
1192 2488 85 75 and
1300 2488 158 75 Events.

224 2630 31 75 1.
279 2630 77 75 The
374 2630 140 75 creation
531 2630 40 75 of
582 2630 55 75 the
656 2630 104 75 world
854 2630 13 75 -
963 2630 14 75 .
1073 2630 14 75 .
1184 2630 14 75 .

222 2678 32 75 2.
279 2678 76 75 The
372 2678 126 75 deluge,
524 2678 37 75 or
583 2678 125 75 Noahs
725 2678 87 75 flood
906 2678 14 75 -
1015 2678 14 75 -

1171 2678 14 75 -
1281 2678 14 75 -

221 2723 31 75 3.
277 2723 77 75 The
370 2723 148 75 Aflyrian
534 2723 173 75 monarchy
723 2723 141 75 founded
880 2723 42 75 by
938 2723 141 75 Nimrod

219 2769 35 75 4.
278 2769 77 75 The
372 2769 86 75 birth
476 2769 40 75 of
526 2769 164 75 Abraham

832 2769 14 75 -

989 2769 244 75 ...

219 2815 33 75 5.
277 2815 76 75 The
370 2815 189 75 deftruflion
576 2815 39 75 of
629 2815 120 75 Sodom
767 2815 61 75 and
844 2815 186 75 Gomorrah

220 2864 34 75 6.
278 2864 77 75 The
379 2864 170 75 beginning
565 2864 40 75 of
621 2864 53 75 the
690 2864 151 75 kingdom
859 2864 40 75 of
917 2864 125 75 Athens
1059 2864 44 75 by
1119 2864 145 75 Cecrops

220 2908 33 75 7.
279 2908 109 75 Mofes
403 2908 140 75 receives
561 2908 53 75 the
632 2908 53 75 ten
710 2908 269 75 commandments
999 2908 84 75 from
1101 2908 79 75 God

217 2954 34 75 8.
276 2954 77 75 The
370 2954 148 75 entrance
534 2954 39 75 of
587 2954 54 75 the
658 2954 159 75 Tfraelites
833 2954 69 75 into
919 2954 129 75 Canaan

217 3001 34 75 9.
276 3001 76 75 The
368 3001 187 75 deftnnftion
571 3001 40 75 of
621 3001 96 75 Troy

239 3048 100 75 Vol.
366 3048 30 75 I.
445 3048 71 75 No.
535 3048 56 75 21.

1197 3048 20 75 2

1689 2543 99 75 Julian
1813 2543 143 75 Ytofthe

1675 2590 116 75 Period
1821 2590 131 75 World,

1715 2640 66 75 706

1691 2687 89 75 2362

1692 2741 86 75 2537

1691 2778 90 75 2714

1691 2824 90 75 2816

1692 2880 86 75 3157
1692 2917 85 75 3222

1692 2964 85 75 3262

1691 3010 88 75 3529

1843 2685 87 75 1656

1844 2731 82 75 1831

1841 2777 87 75 2608

1840 2824 17 75 2
1867 2824 35 75 ii
1908 2824 22 75 o

1840 2870 85 75 2451

1842 2917 87 75 2516

1839 2964 89 75 2556

1839 3011 87 75 2823

1976 2545 118 75 Before

1979 2591 119 75 Chrift.

1989 2638 91 75 4007

1990 2694 87 75 2351
1990 2731 90 75 2176

1994 2778 86 75 1999

1993 2832 85 75 1897
1995 2873 84 75 1556

1198 3064 19 75 3
