2431 3327
566 111 227 75 AFT

1141 111 19 75 (
1221 111 54 75 36
1331 111 18 75 )

1700 111 42 75 A
1801 111 41 75 G
1899 111 43 75 A

247 179 90 75 earth
353 179 10 75 ;
389 179 132 75 divided
544 179 85 75 from
645 179 132 75 Europe
793 179 42 75 on
851 179 55 75 die
923 179 48 75 N.
989 179 44 75 by
1049 179 55 75 the
1120 179 110 75 Medi-

248 226 165 75 terranean
429 226 49 75 fca
494 226 10 75 ;
546 226 85 75 from
646 226 153 75 America
814 226 43 75 on
878 226 56 75 the
952 226 62 75 W.
1032 226 44 75 by
1092 226 57 75 the
1165 226 63 75 At-

246 273 99 75 lantic
369 273 97 75 ocean
481 273 10 75 ;
517 273 85 75 from
630 273 56 75 the
714 273 161 75 countries
892 273 143 75 towards
1049 273 55 75 die
1119 273 111 75 fouth-

248 320 84 75 pole,
358 320 44 75 by
423 320 57 75 the
508 320 106 75 Great
638 320 174 75 South-fea
826 320 10 75 ;
870 320 87 75 from
987 320 56 75 the
1070 320 99 75 ifland
1196 320 41 75 of

248 365 214 75 Madagafcar
489 365 32 75 in
539 365 55 75 the
611 365 44 75 E.
676 365 45 75 by
736 365 56 75 the
806 365 235 75 Mozambique
1068 365 135 75 channel
1221 365 10 75 ;

248 412 63 75 and
327 412 85 75 from
430 412 74 75 Alia
520 412 65 75 alfo
601 412 42 75 on
659 412 55 75 the
731 412 44 75 E.
793 412 44 75 by
852 412 57 75 the
929 412 154 75 Red-fea.
1147 412 33 75 It
1205 412 26 75 is

248 459 64 75 alfo
325 459 112 75 joined
453 459 34 75 to
503 459 77 75 Afia
595 459 44 75 by
656 459 18 75 a
691 459 125 75 narrow
832 459 81 75 neck
929 459 41 75 of
990 459 77 75 land
1094 459 138 75 betwixt

250 506 54 75 the
320 506 263 75 Mediterranean
598 506 65 75 and
678 506 154 75 Red-fea,
857 506 105 75 called
985 506 52 75 the
1052 506 131 75 ijihmus
1200 506 45 75 of

249 552 87 75 Suez
352 552 9 75 :
388 552 113 75 Hence
518 552 115 75 Africa
647 552 28 75 is
699 552 19 75 a
741 552 165 75 peninfula
925 552 177 75 fomewhat
1119 552 115 75 refem-

247 599 90 75 bling
346 599 19 75 a
375 599 158 75 pyramid,
542 599 107 75 whofe
661 599 72 75 bafe
743 599 85 75 from
834 599 147 75 Tangier
989 599 35 75 to
1036 599 56 75 the
1103 599 132 75 ifthmus

248 645 40 75 of
304 645 86 75 Suez
410 645 26 75 is
456 645 97 75 about
571 645 91 75 2.000
682 645 114 75 miles;
822 645 41 75 its
879 645 253 75 perpendicular,
1149 645 85 75 from

248 694 55 75 the
317 694 113 75 vertex
454 694 31 75 at
500 694 57 75 the
582 694 76 75 cape
675 694 41 75 of
727 694 102 75 Good
840 694 96 75 Hope
953 694 35 75 to
1001 694 111 75 Buria,
1141 694 90 75 3600

249 739 110 75 miles;
386 739 62 75 and
468 739 84 75 from
568 739 77 75 cape
661 739 104 75 Verd,
791 739 35 75 to
843 739 76 75 cape
936 739 119 75 Guard
1072 739 18 75 a
1107 739 71 75 Fui,
1204 739 27 75 it

247 786 27 75 is
293 786 104 75 3500.
461 786 244 75 The'fituation
721 786 41 75 of
773 786 67 75 this
859 786 131 75 quarter
1006 786 43 75 on
1065 786 55 75 the
1137 786 95 75 globe

247 833 27 75 is
291 833 137 75 betwixt
450 833 56 75 35.
525 833 35 75 o.
579 833 37 75 S.
642 833 138 75 and.36.
802 833 36 75 o.
861 833 50 75 N.
930 833 60 75 lat.
1016 833 62 75 and
1094 833 138 75 betwixt

252 879 55 75 17.
329 879 55 75 35.
410 879 62 75 W.
498 879 62 75 and
587 879 57 75 53.
664 879 57 75 21.
746 879 44 75 E.
815 879 89 75 long.
965 879 112 75 Hence
1104 879 27 75 it
1158 879 71 75 lies,

248 925 51 75 for
327 925 54 75 the
410 925 78 75 mod:
519 925 84 75 part,
636 925 114 75 within
780 925 67 75 the-
869 925 120 75 tropics
1010 925 10 75 ;
1053 925 45 75 by
1126 925 105 75 which

246 973 120 75 means,
383 973 32 75 in
432 973 96 75 many
544 973 119 75 places,
680 973 56 75 the
752 973 77 75 heat
851 973 27 75 is
902 973 110 75 almotl
1033 973 198 75 infupporta-

245 1019 65 75 ble.
360 1019 110 75 Along
485 1019 56 75 the
558 1019 111 75 coafts,
687 1019 25 75 it
724 1019 26 75 is
763 1019 31 75 in
811 1019 128 75 general
956 1019 160 75 reckoned
1133 1019 98 75 abun-

247 1065 113 75 dantly
375 1065 141 75 fruitful,
541 1065 63 75 and
619 1065 41 75 its
678 1065 141 75 produce
835 1065 174 75 excellent.
1067 1065 78 75 The
1161 1065 70 75 Ro-

243 1112 92 75 mans
352 1112 78 75 very
454 1112 98 75 jultly
579 1112 183 75 confidered
777 1112 115 75 Africa
916 1112 33 75 as
968 1112 61 75 the
1046 1112 117 75 patria
1173 1112 58 75 fc-

248 1159 19 75 r
269 1159 18 75 a
290 1159 84 75 rum,
400 1159 52 75 for
474 1159 90 75 there
580 1159 26 75 is
624 1159 42 75 no
682 1159 95 75 other
792 1159 89 75 place
897 1159 113 75 breeds
1027 1159 56 75 the
1099 1159 134 75 number

247 1206 37 75 or
297 1206 55 75 the
362 1206 134 75 variety.
520 1206 39 75 In
572 1206 63 75 this
649 1206 132 75 quarter
793 1206 91 75 there
896 1206 54 75 are
961 1206 120 75 feveral
1097 1206 134 75 defarts,

247 1253 86 75 feme
349 1253 42 75 of
408 1253 90 75 them
524 1253 41 75 of
583 1253 67 75 vait
672 1253 125 75 extent,
823 1253 139 75 covered
977 1253 81 75 with
1074 1253 89 75 fand,
1189 1253 44 75 by

246 1300 106 75 Which
369 1300 106 75 whole
491 1300 148 75 caravans
656 1300 82 75 have
750 1300 80 75 been
843 1300 179 75 fometimes
1035 1300 195 75 fmothered.

246 1346 77 75 The
339 1346 154 75 principal
514 1346 98 75 rivers
630 1346 54 75 are
705 1346 55 75 the
781 1346 77 75 Nile
883 1346 63 75 and
961 1346 57 75 the
1034 1346 116 75 Niger,
1176 1346 56 75 the

247 1391 38 75 fir
287 1391 24 75 ft
323 1391 40 75 of
369 1391 106 75 which
484 1391 219 75 difembogues
712 1391 91 75 itfelf
810 1391 68 75 into
890 1391 56 75 the
955 1391 275 75 Mediterranean,

249 1439 83 75 after
348 1439 172 75 traverfing
536 1439 177 75 Abyffinia,
731 1439 122 75 Nubia,
872 1439 63 75 and
946 1439 133 75 Egypt;
1099 1439 63 75 and
1177 1439 55 75 the

246 1486 57 75 laft
318 1486 69 75 into
403 1486 57 75 the
476 1486 148 75 Atlantic
640 1486 113 75 ocean,
779 1486 45 75 by
840 1486 19 75 a
877 1486 132 75 weftern
1025 1486 110 75 courfe
1146 1486 87 75 from

247 1533 113 75 Upper
375 1533 168 75 Ethiopia.
591 1533 230 75 Geographers
845 1533 54 75 are
922 1533 58 75 not
995 1533 54 75 yet
1066 1533 117 75 agreed
1199 1533 32 75 a-

248 1579 78 75 bout
343 1579 54 75 the
409 1579 126 75 fources
551 1579 41 75 of
603 1579 103 75 either
719 1579 39 75 of
768 1579 87 75 thefe
872 1579 100 75 rivers
984 1579 10 75 ;
1013 1579 172 75 according
1197 1579 36 75 to

247 1626 99 75 fome,
363 1626 86 75 their
461 1626 126 75 fources
603 1626 54 75 are
670 1626 57 75 not
738 1626 50 75 far
800 1626 116 75 didant
927 1626 86 75 from
1029 1626 78 75 each
1124 1626 107 75 other.

245 1673 114 75 There
379 1673 52 75 are
451 1673 85 75 fome
553 1673 180 75 mountains
749 1673 33 75 in
797 1673 116 75 Africa
924 1673 202 75 remarkably
1141 1673 91 75 high,

246 1720 208 75 particularly
466 1720 35 75 in
518 1720 163 75 Abyffinia
696 1720 63 75 and
774 1720 158 75 Barbary,
957 1720 33 75 in
1009 1720 107 75 which
1137 1720 56 75 lad
1205 1720 27 75 is

247 1766 56 75 the
316 1766 123 75 famous
452 1766 112 75 mount
577 1766 107 75 Atlas,
702 1766 106 75 which
820 1766 156 75 feparates
989 1766 146 75 Barbary
1147 1766 85 75 from

246 1815 234 75 Biledulgerid.
528 1815 78 75 The
622 1815 176 75 prevailing
814 1815 150 75 religions
980 1815 90 75 here,
1088 1815 54 75 are
1154 1815 77 75 Ma-

246 1861 210 75 hometanifm
483 1861 64 75 and
573 1861 188 75 Paganifm:
797 1861 210 75 Chridianity
1035 1861 77 75 only
1140 1861 90 75 takes

247 1907 89 75 place
354 1907 114 75 among
480 1907 55 75 the
550 1907 197 75 Abyffinians
762 1907 63 75 and
836 1907 170 75 European
1018 1907 211 75 fettlements.

246 1953 77 75 The
339 1953 207 75 government
562 1953 32 75 in
611 1953 115 75 Africa
742 1953 26 75 is
786 1953 34 75 in
841 1953 128 75 general
989 1953 153 75 defpotic,
1169 1953 63 75 and

248 2000 55 75 the
323 2000 193 75 inhabitants
533 2000 106 75 black.
704 2000 39 75 In
771 2000 55 75 the
850 2000 145 75 divifion,
1017 2000 213 75 geographers

248 2047 81 75 have
346 2047 81 75 gone
445 2047 157 75 varioudy
625 2047 36 75 to
683 2047 109 75 work;
824 2047 50 75 we
898 2047 76 75 lhall
1004 2047 123 75 confine
1155 2047 75 75 our-

248 2096 99 75 felves
364 2096 36 75 to
416 2096 56 75 the
487 2096 89 75 more
591 2096 144 75 general,
753 2096 72 75 wz.
849 2096 152 75 Egypt,
1027 2096 202 75 Barbary,

249 2141 174 75 Guiney,
450 2141 154 75 Congo,
630 2141 240 75 Capfraria,
896 2141 228 75 Abyssinia,
1150 2141 80 75 Nu-

251 2187 77 75 bia,
355 2187 63 75 and
437 2187 216 75 Nigritia,
686 2187 80 75 with
782 2187 55 75 the
853 2187 115 75 idands
986 2187 72 75 that
1074 2187 157 75 furround

248 2232 51 75 it;
323 2232 53 75 for
395 2232 119 75 which,
539 2232 50 75 fee
607 2232 87 75 thefe
713 2232 140 75 articles.

202 2279 168 75 Africa,
394 2279 26 75 is
438 2279 64 75 alfo
519 2279 18 75 a
552 2279 213 75 confiderable
781 2279 141 75 fea-port
938 2279 89 75 town
1047 2279 41 75 of
1106 2279 123 75 Barba-

251 2325 48 75 ry,
327 2325 97 75 about
440 2325 130 75 feventy
590 2325 90 75 miles
699 2325 22 75 S
754 2325 40 75 of
803 2325 119 75 Tunis.

202 2372 167 75 Africa,
397 2372 155 75 Afrique,
576 2372 28 75 is
621 2372 140 75 likewife
785 2372 18 75 a
830 2372 90 75 fmall
937 2372 87 75 tov/n
1041 2372 41 75 of
1093 2372 135 75 France,

250 2419 134 75 fituated
401 2419 32 75 in
445 2419 56 75 the
514 2419 149 75 province
686 2419 41 75 of
747 2419 164 75 Gafcony,
929 2419 63 75 and
1001 2419 181 75 ^generality
1195 2419 41 75 of

249 2465 216 75 Montauban.

203 2512 215 75 AFRICAN
436 2512 159 75 company,
613 2512 18 75 a
646 2512 121 75 fociety
783 2512 40 75 of
834 2512 194 75 merchants,
1046 2512 184 75 edablidied

250 2558 44 75 by
321 2558 88 75 King
435 2558 136 75 Charles
587 2558 48 75 II.
659 2558 58 75 for
743 2558 128 75 trading
898 2558 36 75 to
962 2558 135 75 Africa;
1123 2558 107 75 which

250 2607 91 75 trade
359 2607 28 75 is
403 2607 74 75 now
504 2607 66 75 laid
594 2607 81 75 open
697 2607 36 75 to
761 2607 43 75 all
828 2607 50 75 his
906 2607 159 75 majedys
1082 2607 147 75 fubjedts,

249 2652 118 75 paying
387 2652 43 75 10
439 2652 63 75 per
519 2652 84 75 cent,
629 2652 53 75 for
697 2652 207 75 maintaining
920 2652 55 75 the
991 2652 96 75 forts,

204 2698 265 75 AFSAGERS,
494 2698 128 75 perfons
650 2698 172 75 appointed
844 2698 45 75 by
905 2698 55 75 the
983 2698 247 75 burgo-maders

252 2746 40 75 of
302 2746 214 75 Amderdam,
541 2746 36 75 to
598 2746 121 75 prefide
736 2746 78 75 over
835 2746 56 75 the
908 2746 108 75 public
1036 2746 79 75 fales
1138 2746 92 75 made

251 2793 33 75 in
299 2793 72 75 that
387 2793 79 75 city.

205 2839 110 75 AFT,
347 2839 32 75 in
396 2839 55 75 the
476 2839 234 75 fea-language,
735 2839 55 75 the
809 2839 84 75 fame
914 2839 80 75 with
1019 2839 100 75 abaft.
1170 2839 62 75 See

253 2886 148 75 Abaft.

205 2933 344 75 AFTER-BIRTH,
563 2933 32 75 in
604 2933 196 75 midwifery.
827 2933 61 75 See
900 2933 256 75 Midwifery,
1170 2933 62 75 and

245 2979 263 75 ^ecundines.

1277 179 342 75 AFTER-MATH,
1636 179 33 75 in
1685 179 194 75 hufbandry,
1892 179 135 75 dgnifies
2041 179 55 75 the
2107 179 86 75 grafs
2207 179 107 75 which

1325 225 121 75 fprings
1471 225 38 75 or
1524 225 107 75 grows
1649 225 42 75 up
1711 225 88 75 after
1812 225 155 75 mowing.

1276 272 339 75 AFTER-PAINS,
1631 272 38 75 in
1684 272 195 75 midwifery,
1898 272 90 75 pains
2000 272 33 75 in
2050 272 56 75 the
2122 272 107 75 groin,
2247 272 65 75 <bc.

1326 319 85 75 after
1435 319 205 75 child-birth.
1703 319 63 75 See
1790 319 258 75 Midwifery,
2081 319 86 75 title.
2193 319 122 75 After-

1322 365 112 75 pains.

1279 413 407 75 AFTER-SWARMS,
1712 413 33 75 in
1768 413 56 75 the
1848 413 222 75 management
2087 413 40 75 of
2146 413 87 75 bees,
2260 413 55 75 are

1327 459 89 75 thofe
1427 459 106 75 which
1545 459 89 75 leave
1650 459 55 75 the
1721 459 74 75 hive
1807 459 85 75 fome
1909 459 77 75 time
2003 459 83 75 after
2103 459 55 75 the
2175 459 65 75 fird
2253 459 59 75 has

1326 505 167 75 fwarmed.
1543 505 63 75 See
1622 505 109 75 Apis.

1280 552 144 75 AFTO,
1450 552 32 75 in
1499 552 133 75 botany.
1684 552 62 75 See
1762 552 233 75 Erysimum.

1281 598 118 75 AGA,
1425 598 32 75 in
1477 598 56 75 the
1549 598 141 75 Turkilh
1707 598 169 75 language,
1901 598 134 75 fignifies
2050 598 17 75 a
2084 598 90 75 great
2191 598 74 75 lord
2276 598 39 75 or

1329 646 216 75 commander.
1594 646 114 75 Hence
1725 646 55 75 the
1801 646 75 75 Aga
1898 646 40 75 of
1949 646 57 75 the
2019 646 177 75 janiffaries
2212 646 27 75 is
2258 646 57 75 the

1327 691 203 75 commander
1540 691 37 75 in
1595 691 91 75 chief
1700 691 40 75 of
1760 691 72 75 that
1850 691 114 75 corps;
1992 691 33 75 as
2051 691 55 75 the
2128 691 129 75 general
2279 691 41 75 of

1327 738 55 75 the
1398 738 92 75 horfe
1506 738 27 75 is
1551 738 226 75 denominated
1791 738 172 75 fpahiclar
1977 738 78 75 aga.
2104 738 64 75 See
2183 738 130 75 Janis-

1330 785 145 75 saries,
1503 785 63 75 and
1584 785 135 75 Spahi.

1276 832 215 75 AGADES,
1516 832 38 75 or
1570 832 148 75 Agdes,
1738 832 18 75 a
1776 832 114 75 people
1906 832 39 75 or
1961 832 155 75 kingdom
2132 832 42 75 of
2185 832 127 75 Africa,

1326 877 87 75 lying
1430 877 42 75 on
1488 877 55 75 the
1556 877 153 75 northern
1721 877 84 75 bank
1817 877 41 75 of
1865 877 55 75 the
1938 877 84 75 river
2033 877 118 75 Niger,
2177 877 138 75 betwixt

1325 924 55 75 the
1396 924 171 75 kingdoms
1593 924 40 75 of
1653 924 93 75 Cano
1762 924 41 75 on
1819 924 56 75 the
1892 924 46 75 E.
1956 924 62 75 and
2034 924 149 75 Tombut
2198 924 42 75 on
2256 924 59 75 the

1325 972 61 75 W.
1404 972 80 75 with
1501 972 71 75 that
1588 972 40 75 of
1640 972 103 75 Zaara
1759 972 41 75 on
1817 972 55 75 the
1888 972 50 75 N.

1277 1018 175 75 Agades,
1478 1018 37 75 or
1532 1018 231 75 Andegast,
1788 1018 56 75 the
1871 1018 117 75 capital
2013 1018 67 75 city
2104 1018 40 75 of
2166 1018 56 75 the
2246 1018 68 75 laid

1325 1064 166 75 kingdom.

1278 1111 174 75 Agades,
1477 1111 28 75 is
1518 1111 66 75 alfo
1596 1111 56 75 the
1669 1111 145 75 Moorilh
1832 1111 91 75 name
1941 1111 52 75 for
2004 1111 57 75 the
2074 1111 87 75 town
2177 1111 42 75 of
2232 1111 80 75 San-

1326 1157 154 75 ta-Cruz,
1505 1157 33 75 in
1556 1157 56 75 the
1629 1157 56 75 the
1701 1157 154 75 kingdom
1872 1157 42 75 of
1926 1157 75 75 Sus.

1277 1205 70 75 AG
1350 1205 82 75 AG,
1457 1205 38 75 or
1511 1205 182 75 Argaga,
1720 1205 18 75 a
1753 1205 154 75 kingdom
1924 1205 40 75 of
1969 1205 128 75 Africa,
2121 1205 188 75 dependent

1327 1251 40 75 on
1388 1251 56 75 the
1461 1251 154 75 kingdom
1631 1251 40 75 of
1683 1251 248 75 Monomotapa.

1281 1298 135 75 AGAI,
1442 1298 32 75 in
1492 1298 191 75 commerce.
1734 1298 61 75 See
1808 1298 124 75 Agio.

1278 1344 120 75 Agai,
1423 1344 27 75 is
1469 1344 64 75 alfo
1551 1344 55 75 the
1623 1344 91 75 name
1726 1344 40 75 of
1778 1344 18 75 a
1808 1344 116 75 people
1940 1344 41 75 of
1992 1344 166 75 Ethiopia,
2183 1344 124 75 inhabi-

1325 1390 71 75 ting
1407 1390 77 75 near
1501 1390 55 75 the
1572 1390 111 75 fource
1699 1390 41 75 of
1750 1390 57 75 the
1824 1390 92 75 Nile,
1942 1390 63 75 and
2016 1390 168 75 profefiing
2199 1390 18 75 a
2233 1390 79 75 kind

1327 1437 39 75 of
1379 1437 211 75 Chridanity.

1279 1485 320 75 AGALLOCHA,
1624 1485 32 75 in
1672 1485 132 75 botany,
1829 1485 56 75 the
1902 1485 107 75 trivial
2022 1485 91 75 name
2129 1485 41 75 of
2180 1485 55 75 the
2252 1485 57 75 ex-

1328 1531 146 75 ccecaria.
1526 1531 62 75 See
1605 1531 276 75 Excoecaria.

1278 1577 298 75 AGALMATA,
1600 1577 33 75 in
1651 1577 173 75 antiquity,
1848 1577 20 75 a
1883 1577 84 75 term
1978 1577 170 75 originally
2162 1577 79 75 ufed
2256 1577 53 75 for

1327 1624 61 75 any
1404 1624 79 75 kind
1499 1624 39 75 of
1549 1624 181 75 ornaments
1746 1624 33 75 in
1796 1624 19 75 a
1831 1624 130 75 temple,
1986 1624 59 75 but
2058 1624 187 75 afterwards
2257 1624 55 75 for

1328 1671 55 75 the
1399 1671 116 75 datues
1534 1671 89 75 only.

1279 1718 343 75 AGANIPPIDES,
1639 1718 33 75 in
1688 1718 125 75 ancient
1829 1718 128 75 poetry,
1976 1718 19 75 a
2005 1718 195 75 defignation
2212 1718 95 75 given

1326 1765 35 75 to
1377 1765 56 75 the
1449 1765 116 75 mufes,
1590 1765 86 75 from
1688 1765 19 75 a
1722 1765 145 75 fountain
1878 1765 42 75 of
1926 1765 111 75 mount
2049 1765 140 75 Helicon
2205 1765 104 75 called

1327 1812 184 75 Aganippe.

1279 1858 192 75 AGAPAu,
1497 1858 37 75 or
1552 1858 168 75 Agapes,
1747 1858 31 75 in
1795 1858 269 75 church-hidory,
2081 1858 121 75 certain
2218 1858 89 75 love-

1325 1903 91 75 feads
1432 1903 77 75 kept
1525 1903 45 75 by
1585 1903 56 75 the
1669 1903 125 75 ancient
1821 1903 189 75 Chridians,
2036 1903 34 75 as
2098 1903 19 75 a
2143 1903 99 75 token
2271 1903 42 75 of

1320 1949 173 75 brotherly
1509 1949 126 75 charity
1651 1949 62 75 and
1729 1949 122 75 mutual
1867 1949 228 75 benevolence.

1373 1995 161 75 However
1556 1995 151 75 innocent
1734 1995 56 75 the
1814 1995 135 75 original
1976 1995 157 75 intention
2159 1995 41 75 of
2217 1995 89 75 thele

1326 2044 139 75 fedivals
1488 2044 105 75 might
1608 2044 81 75 have
1704 2044 92 75 been,
1822 2044 109 75 abufes
1947 2044 33 75 in
1994 2044 79 75 time
2100 2044 58 75 got
2181 2044 128 75 footing

1322 2090 35 75 in
1374 2090 101 75 them,
1499 2090 64 75 and
1578 2090 79 75 gave
1679 2090 91 75 great
1792 2090 141 75 occafion
1949 2090 36 75 to
2006 2090 151 75 fcandal;
2183 2090 34 75 fo
2234 2090 74 75 that

1324 2136 27 75 it
1367 2136 130 75 became
1519 2136 160 75 neceffary
1695 2136 36 75 to
1753 2136 108 75 forbid
1877 2136 56 75 the
1953 2136 62 75 kifs
2044 2136 40 75 of
2103 2136 125 75 charity
2251 2136 56 75 be-

1325 2183 103 75 tween
1444 2183 151 75 different
1611 2183 103 75 fexes,
1738 2183 35 75 as
1790 2183 73 75 well
1880 2183 33 75 as
1926 2183 40 75 to
1990 2183 83 75 have
2094 2183 62 75 any
2171 2183 79 75 beds
2270 2183 38 75 or

1327 2231 136 75 couches
1484 2231 32 75 in
1533 2231 55 75 the
1607 2231 91 75 place
1715 2231 106 75 where
1838 2231 78 75 they
1931 2231 180 75 affembled.

1277 2279 260 75 AGAPETiE,
1557 2279 37 75 in
1622 2279 268 75 church-hidory,
1916 2279 18 75 a
1950 2279 78 75 kind
2044 2279 40 75 of
2095 2279 80 75 nuns
2192 2279 115 75 among

1325 2323 55 75 the
1395 2323 162 75 primitive
1573 2323 189 75 Chridians,
1787 2323 73 75 who
1877 2323 151 75 attended
2054 2323 41 75 on
2113 2323 61 75 and
2197 2323 111 75 ferved

1325 2370 55 75 the
1397 2370 123 75 clergy.

1373 2417 49 75 At
1437 2417 65 75 fird
1524 2417 93 75 there
1636 2417 66 75 was
1727 2417 135 75 nothing
1881 2417 185 75 fcandalous
2085 2417 33 75 in
2142 2417 91 75 thofe
2255 2417 51 75 fo-

1326 2464 121 75 cieties,
1469 2464 129 75 though
1626 2464 78 75 they
1732 2464 78 75 gave
1838 2464 89 75 great
1955 2464 124 75 offence
2104 2464 201 75 afterwards,

1324 2510 64 75 and
1399 2510 86 75 were
1503 2510 120 75 wholly
1640 2510 159 75 abolijhed
1818 2510 44 75 by
1884 2510 56 75 tbe
1957 2510 125 75 council
2099 2510 40 75 of
2150 2510 154 75 Lateran,

1327 2558 31 75 in
1381 2558 102 75 II39-

1278 2604 237 75 AGARENI,
1541 2604 19 75 a
1586 2604 91 75 name
1700 2604 76 75 ufed
1794 2604 47 75 by
1854 2604 87 75 fome
1956 2604 126 75 writers
2106 2604 52 75 for
2183 2604 55 75 the
2254 2604 50 75 A-

1327 2650 83 75 rabs,
1436 2650 32 75 as
1485 2650 96 75 being
1597 2650 176 75 defeended
1788 2650 84 75 from
1884 2650 102 75 Agar,
2004 2650 37 75 or
2057 2650 125 75 Hagar,
2195 2650 108 75 Abra-

1326 2697 102 75 hams
1445 2697 200 75 hand-maid.

1278 2743 373 75 AGARICO-/a^ar,
1675 2743 33 75 in
1724 2743 133 75 botany,
1875 2743 19 75 a
1909 2743 161 75 fynonime
2085 2743 40 75 of
2137 2743 55 75 the
2205 2743 101 75 agari-

1327 2790 54 75 cus
1398 2790 121 75 alneus,
1545 2790 38 75 or
1599 2790 222 75 alder-agaric.

1278 2838 114 75 Agar
1400 2838 9 75 i
1417 2838 19 75 c
1444 2838 180 75 o-pylorus,
1649 2838 19 75 a
1682 2838 161 75 fynonime
1856 2838 40 75 of
1906 2838 56 75 the
1977 2838 127 75 boletus
2121 2838 183 75 verficolor.

1327 2883 60 75 See
1403 2883 201 75 Boletus.

1279 2930 264 75 AGARICUS,
1560 2930 32 75 in
1605 2930 131 75 botany,
1749 2930 20 75 a
1779 2930 98 75 genus
1889 2930 39 75 of
1936 2930 55 75 the
2004 2930 217 75 cryptogamia
2234 2930 70 75 fun-

1328 2977 44 75 gi.
1421 2977 53 75 Of
1487 2977 64 75 this
1571 2977 99 75 genus
1683 2977 90 75 there
1797 2977 53 75 are
1868 2977 43 75 28
1930 2977 129 75 fpecies,
2087 2977 45 75 24
2149 2977 40 75 of
2199 2977 107 75 which
2256 3013 51 75 are
