2477 3395
228 181 82 75 670

833 181 35 75 B
984 181 36 75 R
1136 181 36 75 E

280 240 138 75 Method
425 240 167 75 praftifed
612 240 34 75 hy
671 240 21 75 a
716 240 196 75 Victualler,
927 240 63 75 for
1015 240 159 75 Brewing
1191 240 65 75 Ale

409 286 36 75 or
461 286 131 75 October
609 286 96 75 Beer,
726 286 89 75 from
835 286 230 75 NettIngham.

272 338 74 75 His
366 338 117 75 copper
498 338 94 75 holds
608 338 212 75 twenty-four
837 338 135 75 gallons,
998 338 62 75 and
1083 338 55 75 the
1154 338 100 75 mafh-

225 385 59 75 lub
311 385 56 75 has
384 385 90 75 room
491 385 126 75 enough
636 385 50 75 for
709 385 74 75 four
807 385 37 75 or
869 385 87 75 more
972 385 122 75 bulhels
1111 385 40 75 of
1162 385 92 75 malt.

225 432 77 75 The
318 432 64 75 firft
410 432 59 75 full
498 432 117 75 copper
639 432 41 75 of
698 432 120 75 boiling
838 432 99 75 water
960 432 42 75 he
1026 432 72 75 puts
1114 432 69 75 into
1199 432 55 75 the

225 478 172 75 mafh-tub,
422 478 90 75 there
541 478 35 75 to
599 478 42 75 lie
669 478 19 75 a
719 478 132 75 quarter
873 478 40 75 of
940 478 40 75 an
1011 478 95 75 hour,
1131 478 49 75 till
1198 478 56 75 the

223 526 97 75 ffeam
336 526 26 75 is
379 526 35 75 fo
429 526 50 75 far
495 526 89 75 fpent
601 526 69 75 that
686 526 41 75 he
744 526 58 75 can
819 526 48 75 fee
879 526 49 75 his
945 526 68 75 face
1026 526 32 75 in
1074 526 50 75 it;
1152 526 51 75 or,
1219 526 32 75 as

223 572 77 75 foon
315 572 33 75 as
365 572 56 75 the
437 572 59 75 hot
512 572 100 75 water
628 572 26 75 is
672 572 56 75 put
751 572 44 75 in,
822 572 122 75 throws
961 572 18 75 a
1001 572 62 75 pail
1081 572 37 75 or
1134 572 67 75 two
1219 572 40 75 of

222 618 74 75 cold
313 618 100 75 water
429 618 67 75 into
508 618 38 75 it,
565 618 104 75 which
686 618 64 75 will
768 618 92 75 bring
871 618 26 75 it
913 618 34 75 at
962 618 79 75 once
1052 618 68 75 into
1137 618 17 75 a
1172 618 80 75 tem-

221 664 57 75 per
288 664 10 75 ;
324 664 77 75 then
418 664 41 75 he
475 664 61 75 lets
565 664 91 75 three
683 664 124 75 bulhels
824 664 40 75 of
875 664 79 75 malt
971 664 38 75 be
1030 664 58 75 run
1105 664 147 75 leifurely

219 711 69 75 into
304 711 38 75 it,
369 711 63 75 and
447 711 111 75 ftirred
574 711 37 75 or
628 711 125 75 malhed
778 711 42 75 all
837 711 55 75 the
910 711 105 75 while,
1042 711 56 75 but
1114 711 34 75 as
1165 711 86 75 little

220 757 35 75 as
275 757 58 75 can
350 757 52 75 be,
428 757 38 75 or
493 757 42 75 no
563 757 89 75 more
680 757 76 75 than
771 757 62 75 juft
853 757 36 75 to
904 757 79 75 keep
1000 757 56 75 the
1072 757 77 75 malt
1165 757 86 75 from

220 804 135 75 clotting
372 804 37 75 or
424 804 144 75 balling;
608 804 95 75 when
735 804 70 75 that
837 804 27 75 is
892 804 95 75 done,
1027 804 42 75 he
1094 804 73 75 puts
1189 804 61 75 one

218 852 107 75 bufhel
342 852 40 75 of
395 852 61 75 dry
472 852 79 75 malt
573 852 33 75 at
623 852 54 75 th<i
693 852 69 75 top,
788 852 35 75 to
837 852 81 75 keep
934 852 31 75 in
982 852 55 75 the
1065 852 122 75 vapour
1212 852 38 75 or

220 897 101 75 fpirit,
348 897 64 75 and
426 897 34 75 fo
473 897 59 75 lets
549 897 26 75 if
592 897 87 75 ftand
696 897 136 75 covered
850 897 65 75 two
931 897 111 75 hours,
1067 897 38 75 or
1121 897 48 75 till
1194 897 56 75 the

218 944 81 75 neat
316 944 193 75 copper-full
525 944 39 75 of
576 944 98 75 water
690 944 27 75 is
741 944 120 75 boiling
884 944 71 75 hot,
982 944 104 75 which
1099 944 41 75 he
1160 944 90 75 lades

217 990 78 75 over
332 990 54 75 the
426 990 80 75 malt
533 990 38 75 or
599 990 101 75 goods
728 990 91 75 three
843 990 204 75 hand-bowls
1074 990 59 75 full
1165 990 33 75 at
1229 990 20 75 a

215 1037 91 75 time,
332 1037 71 75 that
420 1037 53 75 are
490 1037 35 75 to
552 1037 58 75 run
636 1037 53 75 off
705 1037 33 75 at
754 1037 56 75 the
825 1037 80 75 cock
922 1037 37 75 or
974 1037 55 75 tap
1056 1037 43 75 by
1127 1037 18 75 a
1169 1037 79 75 very

214 1084 90 75 fmall
322 1084 24 75 ft
348 1084 85 75 ream
450 1084 110 75 before
583 1084 89 75 more
688 1084 27 75 is
728 1084 57 75 put
799 1084 56 75 on,
880 1084 105 75 which
1002 1084 94 75 again
1111 1084 79 75 muft
1207 1084 39 75 be

213 1130 153 75 returned
390 1130 69 75 into
474 1130 56 75 the
546 1130 84 75 mafti
647 1130 57 75 tub
731 1130 51 75 till
809 1130 27 75 it
863 1130 106 75 comes
998 1130 52 75 off
1070 1130 177 75 exceeding

212 1177 63 75 fine
290 1177 12 75 ;■
338 1177 64 75 for,
427 1177 26 75 u'
453 1177 75 75 nlefs
547 1177 54 75 the
618 1177 82 75 wort
717 1177 26 75 is
760 1177 85 75 clear
861 1177 92 75 when
970 1177 26 75 it
1013 1177 74 75 goes
1104 1177 68 75 into
1189 1177 56 75 the

214 1223 130 75 copper,
369 1223 90 75 there
476 1223 53 75 are
545 1223 85 75 little
647 1223 98 75 hopes
763 1223 24 75 it
806 1223 65 75 will
888 1223 38 75 be
942 1223 34 75 fo
988 1223 31 75 in
1040 1223 55 75 the
1113 1223 103 75 barrel
1232 1223 10 75 ;

213 1270 106 75 which
336 1270 111 75 leifure
475 1270 72 75 way
573 1270 122 75 obliges
722 1270 67 75 him
815 1270 34 75 to
878 1270 38 75 be
944 1270 121 75 fixteen
1089 1270 97 75 hours
1211 1270 32 75 in

212 1316 145 75 brewing
380 1316 86 75 thefe
484 1316 73 75 four
574 1316 123 75 buffels
713 1316 42 75 of
764 1316 89 75 malt.
903 1316 87 75 Now
1014 1316 143 75 between
1188 1316 56 75 the

211 1362 220 75 ladings-over
455 1362 41 75 he
525 1362 72 75 puts
622 1362 74 75 cold
724 1362 101 75 warer
848 1362 68 75 into
940 1362 54 75 the
1019 1362 116 75 copper
1153 1362 35 75 fo
1205 1362 38 75 be

211 1408 122 75 boiling
350 1408 72 75 hot,
437 1408 94 75 while
548 1408 55 75 the
619 1408 95 75 other
729 1408 27 75 is
770 1408 133 75 running
914 1408 67 75 off;
1002 1408 41 75 by
1056 1408 62 75 this
1136 1408 105 75 means

210 1455 23 75 hi
233 1455 25 75 <;
278 1455 116 75 copper
417 1455 25 75 is
459 1455 77 75 kept
553 1455 41 75 up
610 1455 75 75 near
701 1455 72 75 full,
799 1455 60 75 and
873 1455 53 75 the
939 1455 79 75 cock
1034 1455 151 75 fpending
1208 1455 34 75 to

209 1503 59 75 the
282 1503 61 75 end
360 1503 31 75 of
411 1503 141 75 brewing
568 1503 49 75 his
635 1503 48 75 ale
700 1503 36 75 or
752 1503 90 75 fmall
858 1503 87 75 beer,
970 1503 40 75 of
1035 1503 102 75 which
1165 1503 77 75 only

209 1548 199 75 twenty-one
425 1548 122 75 gallons
565 1548 78 75 muft
660 1548 39 75 be
716 1548 93 75 faved
825 1548 40 75 of
877 1548 53 75 the
947 1548 64 75 firft
1028 1548 83 75 wort
1127 1548 71 75 that
1215 1548 25 75 is

208 1595 147 75 referved
371 1595 31 75 in
426 1595 17 75 a
466 1595 70 75 tub,
564 1595 138 75 wherein
719 1595 72 75 four
807 1595 117 75 ounces
941 1595 39 75 of
993 1595 79 75 hops
1095 1595 53 75 are
1171 1595 69 75 put,

208 1641 64 75 and
287 1641 76 75 then
387 1641 25 75 it
436 1641 27 75 is
492 1641 34 75 to
553 1641 40 75 be
621 1641 46 75 fet
692 1641 53 75 by.
807 1641 65 75 For
888 1641 54 75 the
959 1641 115 75 fecond
1092 1641 82 75 wort
1191 1641 48 75 we

207 1688 67 75 will
303 1688 129 75 fuppofe
456 1688 92 75 there
580 1688 54 75 are
661 1688 122 75 twenty
812 1688 123 75 gallons
956 1688 40 75 of
1019 1688 99 75 water
1134 1688 33 75 in
1183 1688 56 75 the

206 1734 119 75 copper
340 1734 120 75 boiling
476 1734 72 75 hot,
573 1734 70 75 that
669 1734 79 75 muft
765 1734 39 75 be
832 1734 42 75 all
897 1734 96 75 laded
1017 1734 77 75 over
1120 1734 32 75 in
1181 1734 56 75 the

205 1781 85 75 fame
308 1781 127 75 manner
452 1781 33 75 as
502 1781 55 75 the
574 1781 120 75 former
711 1781 77 75 was,
811 1781 59 75 but
887 1781 42 75 no
949 1781 74 75 cold
1039 1781 100 75 water
1155 1781 82 75 need

206 1827 77 75 here
301 1827 38 75 be
356 1827 110 75 mixed
479 1827 9 75 ;
515 1827 92 75 when
624 1827 75 75 half
710 1827 39 75 of
764 1827 64 75 this
854 1827 26 75 is
898 1827 58 75 run
974 1827 56 75 out
1051 1827 68 75 into
1137 1827 18 75 a
1166 1827 70 75 tub,

207 1873 26 75 it
262 1873 80 75 muft
358 1873 38 75 be
412 1873 135 75 diredly
572 1873 55 75 put
650 1873 68 75 into
735 1873 56 75 the
808 1873 117 75 copper
940 1873 79 75 with
1035 1873 75 75 half
1121 1873 40 75 of
1181 1873 56 75 the

206 1919 65 75 firft
285 1919 94 75 wort,
393 1919 135 75 ftrained
540 1919 140 75 through
693 1919 55 75 the
761 1919 240 75 brewing-fieve
1013 1919 33 75 as
1057 1919 27 75 it
1096 1919 56 75 lies
1166 1919 41 75 on
1220 1919 18 75 a

206 1965 87 75 final!
314 1965 132 75 wooden
464 1965 17 75 i'
481 1965 68 75 oofe
566 1965 101 75 frame
683 1965 75 75 over
781 1965 55 75 the
854 1965 128 75 copper,
1007 1965 35 75 to
1059 1965 80 75 keep
1155 1965 83 75 back

206 2013 90 75 thofe
314 2013 79 75 hops
411 2013 69 75 that
497 2013 85 75 were
598 2013 65 75 firft
678 2013 57 75 put
751 2013 32 75 in
802 2013 49 75 to,
865 2013 143 75 preferve
1025 2013 37 75 it,
1089 2013 104 75 which
1210 2013 27 75 is

205 2059 36 75 to
260 2059 90 75 make
367 2059 54 75 the
438 2059 63 75 firft
518 2059 118 75 copper
657 2059 198 75 twenty-one
878 2059 122 75 gallons
1009 2059 9 75 ;
1045 2059 90 75 then,
1152 2059 85 75 upon

205 2106 42 75 its
264 2106 170 75 beginning
460 2106 35 75 to
518 2106 79 75 boil,
623 2106 40 75 he
680 2106 73 75 puts
771 2106 30 75 in
820 2106 17 75 a
854 2106 108 75 pound
978 2106 40 75 of
1029 2106 80 75 hops
1126 2106 32 75 in
1175 2106 61 75 one

208 2152 37 75 or
273 2152 66 75 two
368 2152 113 75 canvas
506 2152 36 75 qr
567 2152 100 75 other'
687 2152 105 75 coarfe
818 2152 86 75 linen
932 2152 89 75 bags,
1063 2152 172 75 fomewhat

204 2198 104 75 larger
326 2198 88 75 than-
421 2198 286 75 wi^att.'contain
722 2198 55 75 the
794 2198 93 75 hops,
913 2198 70 75 that
1000 2198 39 75 an
1062 2198 173 75 allowance

205 2245 73 75 may
299 2245 39 75 be
363 2245 182 75 giv^^Mpi
563 2245 83 75 their
670 2245 108 75 fwell;
806 2245 63 75 this
894 2245 41 75 he
952 2245 82 75 boift
1051 2245 89 75 away
1157 2245 79 75 very

203 2293 119 75 briikly
335 2293 197 75 for-fij^pS'
542 2293 94 75 hour,
661 2293 91 75 when
769 2293 41 75 he
825 2293 90 75 takes
932 2293 56 75 the
1005 2293 80 75 hops
1101 2293 56 75 out
1173 2293 63 75 and

203 2338 301 75 continctsToiftfig
519 2338 57 75 the
592 2338 86 75 wort
692 2338 40 75 by
745 2338 90 75 itfelf
846 2338 49 75 till
912 2338 25 75 it
955 2338 111 75 breaks
1083 2338 68 75 into
1164 2338 70 75 par-

205 2384 180 75 ticles-.flu
389 2384 43 75 tie
446 2384 129 75 ragged,
602 2384 63 75 and
680 2384 77 75 then
774 2384 25 75 it
811 2384 27 75 is
854 2384 139 75 enough,
1020 2384 61 75 and
1101 2384 80 75 muft
1196 2384 39 75 be

206 2429 242 75 difperted’-ihto
468 2429 54 75 the
537 2429 217 75 cooling-tubs
771 2429 78 75 very
865 2429 69 75 thin
946 2429 9 75 :
993 2429 97 75 Then
1107 2429 57 75 put
1180 2429 55 75 the

203 2475 177 75 remainder
392 2475 43 75 of
444 2475 55 75 the
515 2475 63 75 firft
596 2475 61 75 and
673 2475 116 75 fecond
806 2475 82 75 wort
904 2475 161 75 together,
1090 2475 62 75 and
1169 2475 65 75 boil

204 2523 71 75 that
299 2523 163 75 the-fame
486 2523 87 75 time,
601 2523 31 75 in
661 2523 53 75 the
739 2523 83 75 fame
838 2523 142 75 manner,
1006 2523 61 75 and
1084 2523 152 75 with-the

197 2569 91 75 /abie
304 2569 148 75 quantity
469 2569 38 75 of
521 2569 80 75 frelh
618 2569 94 75 hops,
738 2569 37 75 as
793 2569 55 75 the
865 2569 63 75 firft
945 2569 78 75 was.
1070 2569 78 75 The
1175 2569 61 75 reft

203 2617 40 75 6f
253 2617 57 75 the
331 2617 86 75 third
433 2617 37 75 or
488 2617 182 75 fmall-beer
686 2617 82 75 wort
793 2617 66 75 will
887 2617 38 75 be
950 2617 98 75 about
1072 2617 108 75 fifteen
1198 2617 38 75 or

201 2662 124 75 twentv
348 2662 123 75 gallons
499 2662 89 75 more
611 2662 37 75 or
672 2662 73 75 lefs,
770 2662 106 75 which
904 2662 41 75 he
973 2662 101 75 mixes
1099 2662 136 75 diredly

203 2709 79 75 with
305 2709 86 75 fome
407 2709 75 75 cold
495 2709 100 75 water
610 2709 36 75 to
662 2709 79 75 keep
757 2709 25 75 it
799 2709 66 75 free
882 2709 40 75 of
942 2709 132 75 excife,.
1084 2709 62 75 and
1162 2709 72 75 puts

202 2757 28 75 it
260 2757 68 75 into
362 2757 55 75 the
450 2757 117 75 copper
594 2757 32 75 as
650 2757 55 75 the
721 2757 64 75 firft
800 2757 107 75 liquor
924 2757 34 75 to
975 2757 93 75 begin
1084 2757 19 75 a
1119 2757 115 75 fecond

203 2802 141 75 brewing
360 2802 39 75 of
411 2802 61 75 ale,
493 2802 81 75 with
596 2802 134 75 another
754 2802 73 75 four
843 2802 126 75 bu/hels
982 2802 40 75 of
1040 2802 78 75 malt
1135 2802 33 75 as
1190 2802 42 75 he

200 2849 55 75 did
272 2849 124 75 before,
422 2849 62 75 and
501 2849 33 75 fo
554 2849 41 75 on
621 2849 52 75 for
692 2849 119 75 feveral
827 2849 79 75 days
924 2849 147 75 together
1086 2849 31 75 if
1128 2849 104 75 necef-

198 2896 70 75 fary
278 2896 10 75 ;
314 2896 62 75 and
393 2896 32 75 at
442 2896 57 75 laft
515 2896 91 75 there
623 2896 73 75 may
712 2896 40 75 be
768 2896 86 75 fome
871 2896 180 75 fmall-beer
1067 2896 104 75 made.

345 2961 78 75 The
449 2961 150 75 Nature
624 2961 76 75 and
723 2961 72 75 Ufe
823 2961 49 75 of
889 2961 60 75 the
976 2961 96 75 Hop.

241 3024 104 75 This
370 3024 168 75 vegetable
562 3024 65 75 was
650 3024 156 75 formerly
828 3024 196 75 thought-to
1048 3024 39 75 be
1110 3024 41 75 an
1172 3024 58 75 un-

1290 185 60 75 w
1464 185 18 75 I
1597 185 45 75 N
1758 185 51 75 G.

1304 249 189 75 wholefome
1510 249 190 75 ingredient.
1748 249 134 75 Indeed,
1906 249 92 75 when
2016 249 55 75 the
2087 249 77 75 hop,
2182 249 30 75 in
2231 249 18 75 a
2259 249 78 75 dear

1304 293 88 75 time,
1418 293 26 75 is
1472 293 201 75 adulterated
1697 293 79 75 with
1801 293 112 75 water,
1943 293 31 75 in
2003 293 105 75 which
2137 293 98 75 aloes,
2270 293 64 75 ©r.

1304 339 80 75 have
1401 339 78 75 been
1496 339 135 75 infufed,
1650 339 31 75 in
1698 339 95 75 order
1812 339 35 75 to
1863 339 92 75 make
1971 339 55 75 the
2037 339 56 75 old
2108 339 80 75 hops
2207 339 129 75 recover

1305 386 83 75 their
1405 386 179 75 bitternefs,
1610 386 60 75 and
1684 386 82 75 feem
1782 386 82 75 new,
1890 386 75 75 then
1983 386 77 75 they
2076 386 52 75 are
2141 386 35 75 to
2192 386 39 75 be
2244 386 91 75 look-

1305 431 40 75 ed
1369 431 41 75 on
1436 431 33 75 as
1495 431 257 75 unwholefome;
1777 431 59 75 but
1860 431 56 75 the
1944 431 77 75 pure
2045 431 71 75 new
2139 431 77 75 hop,
2242 431 93 75 when

1304 479 150 75 properly
1469 479 166 75 managed,
1660 479 57 75 has
1735 479 42 75 no
1792 479 124 75 hurtful
1934 479 160 75 qualities.
2144 479 65 75 But
2232 479 30 75 if
2279 479 57 75 the

1302 525 80 75 hops
1399 525 52 75 are
1467 525 108 75 boiled
1587 525 32 75 in
1636 525 106 75 ftrong
1754 525 36 75 or
1807 525 88 75 fmall
1913 525 97 75 worts
2029 525 124 75 beyond
2173 525 82 75 their
2272 525 62 75 fine

1303 570 61 75 and
1381 570 77 75 pure
1475 570 123 75 nature,
1623 570 56 75 the
1701 570 108 75 liquor
1832 570 124 75 fuffers,
1981 570 62 75 and
2067 570 64 75 will
2159 570 39 75 be
2216 570 118 75 tanged

1303 617 76 75 with
1397 617 18 75 a
1439 617 136 75 noxious
1601 617 87 75 tafte,
1714 617 78 75 both
1810 617 180 75 ungrateful
2013 617 61 75 and
2099 617 235 75 unwholefome

1300 662 34 75 to
1354 662 54 75 the
1429 662 159 75 ftomach;
1615 662 75 75 and,
1715 662 31 75 if
1766 662 107 75 boiled
1896 662 35 75 to
1951 662 18 75 a
1993 662 78 75 very
2094 662 91 75 great
2209 662 123 75 excefs,

1301 709 76 75 they
1394 709 64 75 will
1477 709 38 75 be
1532 709 52 75 apt
1601 709 35 75 to
1652 709 90 75 caufe
1760 709 179 75 teachings.
1961 709 5 75 .
1988 709 32 75 It
2036 709 26 75 is
2079 709 52 75 for
2153 709 87 75 thefe
2264 709 68 75 rea-

1299 757 69 75 lons
1386 757 69 75 that
1474 757 45 75 we
1536 757 105 75 advife
1659 757 55 75 the
1731 757 120 75 boiling
1868 757 65 75 tv/o
1955 757 121 75 parcels
2093 757 40 75 of
2151 757 82 75 frelh
2252 757 80 75 hops

1298 801 31 75 in
1346 801 77 75 each
1441 801 116 75 copper
1572 801 41 75 of
1624 801 169 75 ale-wort;
1820 801 73 75 and,
1920 801 30 75 if
1968 801 89 75 there
2073 801 85 75 were
2173 801 92 75 three
2281 801 52 75 for

1298 851 135 75 keeping
1457 851 86 75 beer,
1567 851 27 75 it
1618 851 108 75 would
1753 851 38 75 be
1815 851 34 75 fo
1873 851 93 75 much
1992 851 55 75 the
2071 851 106 75 better
2201 851 50 75 for
2277 851 55 75 the

1298 896 87 75 tafte,
1419 896 112 75 health,
1556 896 39 75 of
1614 896 98 75 body,
1747 896 61 75 and
1836 896 112 75 longer
1975 896 214 75 prefervation
2216 896 40 75 of
2277 896 56 75 the

1298 942 74 75 beer
1399 942 31 75 in
1460 942 18 75 a
1502 942 101 75 found
1626 942 123 75 fmooth
1777 942 176 75 condition.
2002 942 66 75 For
2093 942 63 75 this
2184 942 146 75 purpofe,

1295 990 85 75 fome
1407 990 91 75 make
1527 990 18 75 a
1573 990 72 75 bag,
1670 990 65 75 like
1752 990 18 75 a
1787 990 175 75 pillowber,
1994 990 63 75 and
2080 990 64 75 boil
2169 990 54 75 the
2248 990 82 75 hops

1296 1034 30 75 in
1344 1034 25 75 it
1391 1034 69 75 half
1483 1034 40 75 an
1548 1034 103 75 hour;
1679 1034 76 75 then
1772 1034 73 75 take
1862 1034 87 75 them
1973 1034 69 75 out,
2068 1034 61 75 and
2147 1034 56 75 put
2221 1034 30 75 in
2275 1034 54 75 an-

1295 1082 92 75 other
1414 1082 60 75 bag
1499 1082 39 75 of
1557 1082 55 75 the
1637 1082 64 75 like
1725 1082 149 75 quantity
1896 1082 40 75 of
1956 1082 81 75 frefti
2058 1082 92 75 hops,
2176 1082 62 75 and
2265 1082 64 75 boil

1296 1129 87 75 them
1407 1129 74 75 half
1500 1129 38 75 an
1563 1129 83 75 hour
1670 1129 87 75 more
1771 1129 9 75 ;
1815 1129 43 75 by
1882 1129 103 75 which
2005 1129 105 75 means
2133 1129 91 75 there
2246 1129 25 75 is
2290 1129 39 75 an

1293 1176 204 75 opportunity
1520 1176 41 75 of
1578 1176 122 75 boiling
1724 1176 80 75 both
1832 1176 81 75 wort
1938 1176 61 75 and
2016 1176 79 75 hops
2113 1176 18 75 a
2153 1176 62 75 due
2238 1176 90 75 time,

1293 1221 105 75 faving
1415 1221 55 75 the
1487 1221 125 75 trouble
1629 1221 40 75 of
1688 1221 148 75 ftraining
1853 1221 85 75 them
1957 1221 140 75 through
2115 1221 17 75 a
2148 1221 91 75 fieve,
2266 1221 63 75 and

1293 1268 142 75 fecuring
1461 1268 55 75 the
1540 1268 87 75 feeds
1652 1268 40 75 of
1712 1268 54 75 the
1789 1268 79 75 hops
1892 1268 32 75 at
1948 1268 54 75 the
2031 1268 82 75 fame
2139 1268 75 75 time
2242 1268 85 75 from

1292 1312 122 75 mixing
1438 1312 77 75 with
1542 1312 54 75 the
1620 1312 116 75 drink;
1764 1312 186 75 afterwards
1976 1312 78 75 they
2073 1312 65 75 boil
2164 1312 54 75 the
2242 1312 86 75 fame

1292 1358 75 75 bags
1389 1358 31 75 in
1445 1358 55 75 the
1522 1358 88 75 fmall
1636 1358 85 75 beer,
1754 1358 48 75 till
1831 1358 54 75 the
1913 1358 158 75 fubftance
2095 1358 41 75 of
2159 1358 25 75 it
2213 1358 26 75 is
2268 1358 57 75 got

1290 1404 78 75 out;
1404 1404 57 75 but
1488 1404 131 75 obferve
1643 1404 72 75 that
1739 1404 55 75 the
1819 1404 78 75 bags
1925 1404 38 75 be
1992 1404 92 75 made
2114 1404 105 75 larger
2247 1404 76 75 than

1290 1451 86 75 what
1393 1451 106 75 would
1525 1451 63 75 juft
1612 1451 126 75 contain
1763 1451 55 75 the
1843 1451 93 75 hops,
1961 1451 169 75 otherwife
2152 1451 26 75 it
2202 1451 64 75 will
2284 1451 41 75 be

1290 1500 135 75 difficult
1452 1500 35 75 to
1514 1500 66 75 boil
1608 1500 57 75 out
1694 1500 83 75 their
1804 1500 172 75 fubftance.
2032 1500 31 75 It
2091 1500 27 75 is
2147 1500 81 75 true,
2254 1500 72 75 that

1288 1545 76 75 here
1381 1545 25 75 is
1424 1545 19 75 a
1459 1545 116 75 charge
1590 1545 159 75 increafed
1767 1545 43 75 by
1823 1545 53 75 the
1890 1545 218 75 confumption
2127 1545 40 75 of
2184 1545 18 75 a
2219 1545 105 75 great-

1289 1590 34 75 er
1346 1590 148 75 quantity
1518 1590 33 75 of
1579 1590 80 75 hops
1681 1590 76 75 than
1782 1590 106 75 ufual;
1921 1590 58 75 but
2001 1590 76 75 then
2099 1590 75 75 how
2198 1590 128 75 greatly

1288 1636 65 75 will
1379 1636 77 75 they
1481 1636 119 75 anfwer
1624 1636 55 75 the
1704 1636 121 75 defired
1848 1636 62 75 end
1932 1636 39 75 of
1991 1636 150 75 enjoying
2157 1636 168 75 fine-pala-

1289 1684 54 75 ted
1361 1684 189 75 wholefome
1566 1684 107 75 drink,
1699 1684 81 75 that,
1805 1684 31 75 in
1855 1684 17 75 a
1892 1684 97 75 cheap
2010 1684 88 75 time,
2124 1684 66 75 will
2208 1684 55 75 not
2288 1684 35 75 a-

1287 1731 110 75 mount
1415 1731 34 75 to
1465 1731 108 75 much,
1599 1731 31 75 if
1649 1731 121 75 bought
1789 1731 32 75 at
1840 1731 56 75 the
1915 1731 65 75 beft
2000 1731 105 75 hand;
2133 1731 73 75 and,
2231 1731 31 75 if
2274 1731 48 75 we

1286 1778 139 75 confider
1442 1778 85 75 their
1543 1778 153 75 after-ufe
1713 1778 62 75 and
1787 1778 116 75 benefit
1918 1778 32 75 in
1967 1778 89 75 fmall
2074 1778 88 75 beer,
2190 1778 88 75 there
2295 1778 28 75 is

1287 1823 55 75 not
1359 1823 61 75 any
1436 1823 63 75 lofs
1521 1823 34 75 at
1576 1823 42 75 all
1635 1823 31 75 in
1684 1823 84 75 their
1791 1823 168 75 quantity:
1989 1823 77 75 But,
2091 1823 107 75 where
2220 1823 26 75 it
2263 1823 60 75 can

1286 1869 38 75 be
1342 1869 157 75 afforded,
1526 1869 55 75 the
1599 1869 77 75 very
1692 1869 87 75 fmall
1798 1869 75 75 beer
1889 1869 109 75 would
2020 1869 39 75 be
2084 1869 94 75 much
2201 1869 121 75 impro-

1286 1917 61 75 ved
1363 1917 31 75 if
1413 1917 82 75 freffi
1511 1917 81 75 hops
1610 1917 83 75 were
1711 1917 64 75 alfo
1801 1917 115 75 fhifted
1933 1917 31 75 in
1982 1917 55 75 the
2061 1917 121 75 boiling
2197 1917 40 75 of
2256 1917 66 75 this

1285 1961 32 75 as
1345 1961 71 75 well
1442 1961 33 75 as
1500 1961 55 75 the
1581 1961 142 75 ftronger
1747 1961 112 75 worts.
1908 1961 112 75 Hence
2045 1961 72 75 may
2134 1961 115 75 appear
2265 1961 57 75 the

1284 2008 163 75 hardfhips
1471 2008 70 75 that
1568 2008 96 75 many
1685 2008 53 75 are
1763 2008 100 75 under
1888 2008 41 75 of
1947 2008 94 75 being
2063 2008 199 75 neceffitated
2285 2008 38 75 to

1284 2054 94 75 drink
1402 2054 40 75 of
1461 2054 89 75 thofe
1574 2054 139 75 brewers
1735 2054 231 75 malt-Kquors,
1992 2054 86 75 who,
2105 2054 56 75 out
2185 2054 42 75 of
2244 2054 75 75 ava-

1285 2101 76 75 rice,
1387 2101 64 75 boil
1474 2101 86 75 their
1575 2101 80 75 hops
1668 2101 40 75 to
1724 2101 55 75 the
1801 2101 70 75 laft,
1894 2101 71 75 that
1988 2101 78 75 they
2090 2101 73 75 may
2179 2101 57 75 not
2252 2101 66 75 lofe

1284 2147 62 75 any
1360 2147 41 75 of
1419 2147 85 75 their
1521 2147 223 75 quinteffence.

1332 2194 98 75 After
1446 2194 55 75 the
1518 2194 82 75 wort
1616 2194 26 75 is
1666 2194 113 75 cooled
1796 2194 62 75 and
1874 2194 56 75 put
1947 2194 68 75 into
2031 2194 56 75 the
2104 2194 218 75 working-vat

1283 2239 35 75 or
1336 2239 67 75 tub.
1430 2239 86 75 fome
1543 2239 105 75 throw
1670 2239 81 75 frefh
1768 2239 81 75 hops
1872 2239 69 75 into
1964 2239 38 75 it,
2029 2239 60 75 and
2114 2239 90 75 work
2228 2239 92 75 them

1283 2286 77 75 with
1381 2286 55 75 the
1452 2286 97 75 yeaft,
1574 2286 32 75 at
1623 2286 54 75 the
1694 2286 83 75 fame
1801 2286 75 75 time
1901 2286 160 75 referving
2078 2286 17 75 a
2112 2286 63 75 few
2191 2286 125 75 gallons

1282 2332 40 75 of
1344 2332 64 75 raw
1425 2332 81 75 wort
1524 2332 35 75 to
1583 2332 81 75 wafh
1687 2332 56 75 the
1769 2332 84 75 yeaft
1877 2332 138 75 through
2037 2332 18 75 a
2079 2332 79 75 fieve
2183 2332 35 75 to
2236 2332 81 75 keep

1283 2380 79 75 back
1379 2380 54 75 the
1445 2380 77 75 hop.
1563 2380 86 75 This
1666 2380 26 75 is
1710 2380 17 75 a
1739 2380 85 75 good
1838 2380 69 75 way
1919 2380 106 75 where
2037 2380 123 75 enough
2180 2380 40 75 of
2231 2380 82 75 hops

1282 2426 80 75 have
1378 2426 57 75 not
1451 2426 81 75 been
1547 2426 189 75 fufficiently
1752 2426 105 75 boiled
1882 2426 32 75 in
1939 2426 54 75 the
2017 2426 94 75 wort,
2137 2426 37 75 or
2191 2426 35 75 to
2242 2426 73 75 pre*

1281 2473 87 75 ferve
1384 2473 25 75 it
1418 2473 33 75 in
1468 2473 54 75 the
1540 2473 122 75 coolers
1681 2473 105 75 where
1803 2473 25 75 it
1844 2473 28 75 is
1888 2473 64 75 laid
1970 2473 99 75 thick.

1329 2519 110 75 When
1455 2519 81 75 hops
1561 2519 53 75 are
1637 2519 88 75 dear,
1751 2519 95 75 many
1869 2519 52 75 ufe
1947 2519 55 75 the
2025 2519 90 75 feeds
2139 2519 40 75 of
2197 2519 118 75 worm-

1283 2565 94 75 wood
1401 2565 119 75 inftead
1542 2565 40 75 of
1600 2565 109 75 them:
1736 2565 122 75 Others
1882 2565 53 75 ufe
1952 2565 56 75 the
2024 2565 118 75 daucus
2159 2565 38 75 or
2221 2565 92 75 wild*

1282 2612 107 75 carrot
1403 2612 73 75 feed
1488 2612 69 75 that
1575 2612 104 75 grows
1696 2612 31 75 in
1745 2612 59 75 our
1820 2612 145 75 common
1975 2612 103 75 fields,
2097 2612 103 75 which
2218 2612 97 75 many

1281 2657 40 75 of
1339 2657 55 75 the
1411 2657 80 75 poor
1506 2657 112 75 people
1631 2657 107 75 gather
1738 2639 5 49 1
1759 2657 61 75 and
1837 2657 61 75 dry
1910 2657 31 75 in
1955 2657 82 75 their
2050 2657 112 75 houfes
2162 2689 14 49 f
2192 2657 53 75 for
2257 2657 55 75 the

1282 2704 131 75 purpofe
1426 2704 39 75 of
1483 2704 110 75 felling
1606 2704 88 75 them
1706 2704 35 75 to
1754 2704 54 75 the
1820 2704 138 75 brewers
1970 2704 8 75 :
2007 2704 122 75 Others
2146 2704 53 75 ufe
2216 2704 94 75 borer

1281 2750 120 75 hound,
1427 2750 106 75 which
1549 2750 115 75 indeed
1680 2750 27 75 is
1731 2750 19 75 a
1771 2750 62 75 fine
1856 2750 111 75 bitter,
1993 2750 64 75 and
2078 2750 105 75 grows
2206 2750 40 75 on
2263 2750 49 75 fe-

1279 2796 86 75 veral
1381 2796 40 75 of
1439 2796 59 75 our
1514 2796 174 75 commons.

1328 2843 92 75 Hops
1451 2843 82 75 have
1561 2843 18 75 a
1603 2843 62 75 fine
1689 2843 140 75 grateful
1852 2843 109 75 bitter,
1994 2843 104 75 which
2123 2843 108 75 makes
2255 2843 56 75 the

1279 2890 93 75 drink
1395 2890 73 75 eafy
1485 2890 37 75 of
1536 2890 176 75 digeftion;
1738 2890 77 75 they
1840 2890 63 75 alfo
1927 2890 81 75 keep
2033 2890 24 75 it
2076 2890 83 75 from
2176 2890 135 75 running

1278 2936 69 75 into
1361 2936 75 75 fuch
1460 2936 161 75 cohefions
1645 2936 33 75 as
1703 2936 107 75 would
1834 2936 91 75 make
1946 2936 27 75 it
1998 2936 92 75 ropy,
2116 2936 105 75 vapid,
2247 2936 63 75 and

1277 2981 94 75 four;
1398 2981 62 75 and
1476 2981 160 75 therefore
1653 2981 53 75 are
1722 2981 56 75 not
1795 2981 76 75 only
1893 2981 40 75 of
1952 2981 89 75 great
2062 2981 53 75 ufe
2138 2981 32 75 in
2188 2981 140 75 boiled,.

1277 3029 57 75 but
1349 3029 33 75 in
1398 3029 71 75 raw.
1477 3029 109 75 worts,
1612 3029 36 75 to
1663 3029 145 75 preferve
1824 3029 87 75 them
1926 3029 102 75 found
2040 3029 50 75 till
2107 3029 76 75 they
2199 3029 58 75 can
2269 3029 41 75 be

2251 3081 64 75 put
