2397 3387
557 151 36 75 B
654 151 42 75 A
755 151 37 75 R

1121 151 19 75 (
1198 151 40 75 51

174 222 295 75 BAPTISMAL,
496 222 179 75 fomething
694 222 173 75 belonging
884 222 35 75 to
941 222 158 75 baptifm;
1126 222 90 75 thus,

222 267 48 75 we
287 267 65 75 fay,
379 267 174 75 baptrfmal
567 267 84 75 vonv,
672 267 105 75 fonts,
799 267 159 75 prcfnts.
984 267 62 75 See.

177 316 247 75 BAPTISTS,
452 316 29 75 in
500 316 272 75 church-hiftory,
798 316 55 75 the
872 316 90 75 name
980 316 43 75 by
1037 316 105 75 which
1160 316 57 75 the

223 362 205 75 Anabaptifts
444 362 74 75 love
536 362 34 75 to
586 362 182 75 diftinguilh
787 362 202 75 themfelves.
1039 362 63 75 See
1113 362 103 75 Ana-

228 409 204 75 baptists.

176 456 320 75 BAPTISTERY,
508 456 32 75 in
552 456 216 75 eccleftaftical
781 456 137 75 writers,
934 456 17 75 a
964 456 88 75 place
1065 456 31 75 in
1109 456 107 75 which

179 502 8 75 -
222 502 55 75 the
305 502 171 75 ceremony
499 502 40 75 of
563 502 132 75 baptifm
713 502 26 75 is
763 502 194 75 performed.
1015 502 37 75 In
1077 502 55 75 the
1161 502 55 75 an-

223 550 85 75 cient
326 550 133 75 church,
485 550 26 75 it
527 550 66 75 was
609 550 61 75 one
687 550 40 75 of
743 550 55 75 the
815 550 141 75 exedrae,
985 550 39 75 or
1041 550 173 75 buildings,

183 597 4 75 .
222 597 125 75 diftinft
363 597 86 75 from
466 597 55 75 the
533 597 120 75 church
665 597 98 75 itfelf,
788 597 64 75 and
869 597 150 75 confided
1032 597 40 75 of
1084 597 18 75 a
1114 597 101 75 porch

224 644 37 75 or
278 644 189 75 anti-room,
494 644 107 75 where
618 644 55 75 the
691 644 130 75 perfons
837 644 35 75 to
889 644 39 75 be
949 644 155 75 baptized
1122 644 93 75 made

183 691 4 75 .
222 691 85 75 their
324 691 168 75 confeffion
506 691 41 75 of
557 691 81 75 faith
652 691 10 75 ;
689 691 63 75 and
762 691 40 75 an
821 691 90 75 inner
928 691 91 75 room
1037 691 107 75 where
1161 691 55 75 the

225 739 170 75 ceremony
406 739 41 75 of
458 739 134 75 baptifm
610 739 64 75 was
691 739 198 75 performed.

177 786 111 75 BAR,
314 786 31 75 in
360 786 18 75 a
393 786 128 75 general
535 786 96 75 fenfe,
649 786 135 75 denotes
793 786 17 75 a
823 786 121 75 flender
960 786 88 75 piece
1058 786 40 75 of
1105 786 109 75 wood,

225 831 35 75 or
278 831 82 75 iron,
387 831 51 75 for
456 831 136 75 keeping
608 831 110 75 things
735 831 84 75 clofe
837 831 162 75 together.

177 879 95 75 Bar,
291 879 32 75 in
336 879 108 75 courts
457 879 41 75 of
504 879 128 75 juftice,
651 879 38 75 an
702 879 156 75 inclofure
876 879 93 75 made
980 879 80 75 with
1078 879 18 75 a
1109 879 107 75 drong

223 927 153 75 partition
397 927 40 75 of
456 927 129 75 timber,
611 927 108 75 where
736 927 56 75 the
819 927 125 75 council
972 927 54 75 are
1049 927 114 75 placed
1179 927 35 75 to

224 974 94 75 plead
335 974 120 75 caufes.
504 974 32 75 It
553 974 26 75 is
597 974 66 75 alfo
679 974 127 75 applied
824 974 34 75 to
876 974 55 75 the
943 974 138 75 benches
1106 974 109 75 where

225 1021 55 75 the
297 1021 135 75 lawyers
449 1021 38 75 or
502 1021 170 75 advocates
690 1021 54 75 are
760 1021 119 75 feated,
905 1021 132 75 becaufe
1054 1021 162 75 anciently

224 1070 90 75 there
330 1070 66 75 was
414 1070 17 75 a
447 1070 58 75 bar
530 1070 36 75 to
581 1070 142 75 feparate
740 1070 55 75 the
819 1070 145 75 pleaders
992 1070 84 75 from
1095 1070 55 75 the
1168 1070 47 75 at-

223 1116 131 75 torneys
383 1116 62 75 and
473 1116 122 75 others.
654 1116 112 75 Hence
794 1116 60 75 our
882 1116 149 75 lawyers,
1063 1116 75 75 who
1163 1116 54 75 are

224 1162 103 75 called
343 1162 36 75 to
396 1162 55 75 the
469 1162 69 75 bar,
563 1162 37 75 or
613 1162 138 75 licenfed
763 1162 36 75 to
814 1162 108 75 plead,
947 1162 53 75 are
1016 1162 125 75 termed
1158 1162 56 75 ba-

224 1210 118 75 nders,
368 1210 38 75 an
430 1210 193 75 appellation
641 1210 183 75 equivalent
841 1210 35 75 to
893 1210 162 75 licentiate
1071 1210 33 75 in
1121 1210 96 75 other

225 1257 174 75 countries.

177 1304 96 75 Bar,
299 1304 32 75 in
349 1304 73 75 law,
448 1304 18 75 a
486 1304 72 75 plea
573 1304 41 75 of
625 1304 19 75 a
660 1304 185 75 defendant,
871 1304 107 75 which
995 1304 27 75 is
1037 1304 69 75 faid
1122 1304 36 75 to
1174 1304 41 75 be

225 1351 154 75 fafficient
395 1351 35 75 to
446 1351 128 75 dedroy
591 1351 55 75 the
658 1351 172 75 plaintiff’s
844 1351 115 75 aftion.

178 1398 95 75 Bar,
299 1398 32 75 in
348 1398 165 75 heraldry,
539 1398 40 75 an
595 1398 153 75 ordinary
768 1398 33 75 in
821 1398 84 75 form
926 1398 39 75 of
977 1398 55 75 the
1056 1398 75 75 fefs,
1156 1398 61 75 but

227 1445 94 75 much
339 1445 74 75 lefs.

273 1492 31 75 It
321 1492 112 75 differs
450 1492 85 75 from
551 1492 56 75 the
625 1492 61 75 fefs
709 1492 77 75 only
802 1492 32 75 in
850 1492 41 75 its
908 1492 219 75 narrownefs;
1154 1492 64 75 and

224 1539 30 75 in
273 1539 77 75 this,
376 1539 72 75 that
464 1539 56 75 the
537 1539 57 75 bar
610 1539 74 75 may
702 1539 37 75 be
758 1539 113 75 placed
887 1539 33 75 in
942 1539 63 75 any
1022 1539 71 75 part
1108 1539 41 75 of
1161 1539 56 75 the

224 1586 87 75 field,
338 1586 142 75 whereas
504 1586 57 75 the
589 1586 62 75 fefs
678 1586 27 75 is
729 1586 147 75 confined
904 1586 35 75 to
955 1586 19 75 a
989 1586 98 75 fingle
1111 1586 105 75 place.

226 1633 62 75 See
307 1633 92 75 Plate
415 1633 65 75 LI.
498 1633 54 75 fig.
573 1633 33 75 4.

273 1680 198 75 Bar-gemel,
485 1680 71 75 that
568 1680 26 75 is
607 1680 19 75 a
638 1680 119 75 double
768 1680 71 75 bar,
853 1680 100 75 called
968 1680 45 75 by
1024 1680 56 75 the
1091 1680 127 75 French

215 1727 169 75 jumtlles,
410 1727 63 75 and
490 1727 43 75 by
553 1727 55 75 the
631 1727 100 75 Latin
748 1727 127 75 writers
898 1727 151 75 jugarine
1055 1727 161 75 fafciolte,

224 1774 62 75 and
298 1774 146 75 jiijlitid:
461 1774 137 75 bijuges,
623 1774 27 75 is
667 1774 20 75 a
702 1774 188 75 diminutive
903 1774 41 75 of
956 1774 56 75 the
1028 1774 75 75 fefs.
1156 1774 62 75 See

226 1820 92 75 Plate
335 1820 64 75 LI.
417 1820 55 75 fig.
490 1820 31 75 5.

178 1869 96 75 Bar,
300 1869 32 75 in
351 1869 54 75 the
423 1869 144 75 menage,
594 1869 55 75 the
669 1869 125 75 highed
810 1869 71 75 part
902 1869 40 75 of
954 1869 70 75 that
1041 1869 91 75 place
1148 1869 41 75 of
1200 1869 20 75 a

224 1914 121 75 horfe’s
355 1914 125 75 mouth,
488 1914 134 75 fituated
634 1914 145 75 between
791 1914 56 75 the
859 1914 145 75 grinders
1013 1914 64 75 and
1089 1914 103 75 tufhes
1204 1914 10 75 ;

225 1962 34 75 fo
284 1962 72 75 that
372 1962 55 75 the
444 1962 72 75 part
539 1962 41 75 of
600 1962 55 75 the
672 1962 112 75 mouth
808 1962 107 75 which
942 1962 60 75 lies
1030 1962 101 75 under
1155 1962 63 75 and

227 2009 32 75 at
276 2009 55 75 the
348 2009 63 75 fide
427 2009 40 75 of
490 2009 55 75 the
562 2009 87 75 bars,
675 2009 117 75 retains
809 2009 56 75 the
882 2009 91 75 name
991 2009 39 75 of
1053 2009 56 75 the
1125 2009 89 75 gum.

188 2055 2 75 ,
225 2055 35 75 A
277 2055 92 75 horfe
387 2055 77 75 with
479 2055 128 75 fenfible
624 2055 72 75 bars
709 2055 57 75 has
785 2055 17 75 a
814 2055 62 75 fine
892 2055 84 75 light
992 2055 126 75 mouth,
1137 2055 80 75 with

227 2103 38 75 an
282 2103 79 75 even
379 2103 61 75 and
453 2103 69 75 firm
541 2103 104 75 appui.
698 2103 62 75 See
773 2103 139 75 Appui.

181 2150 46 75 TA
243 2150 81 75 Bar
354 2150 23 75 a
392 2150 87 75 vein,
517 2150 33 75 in
574 2150 148 75 farriery,
747 2150 27 75 is
802 2150 40 75 an
863 2150 169 75 operation
1060 2150 157 75 perform-

228 2197 41 75 ed
286 2197 85 75 upon
397 2197 55 75 the
480 2197 89 75 veins
593 2197 41 75 of
656 2197 57 75 the
730 2197 68 75 legs
815 2197 41 75 of
879 2197 18 75 a
913 2197 94 75 horfe
1033 2197 63 75 and
1124 2197 94 75 other

228 2243 99 75 parts,
353 2243 78 75 with
448 2243 102 75 intent
567 2243 35 75 to
621 2243 69 75 dop
707 2243 56 75 the
779 2243 175 75 malignant
969 2243 168 75 humours.
1186 2243 32 75 It

227 2291 26 75 is
271 2291 84 75 done
379 2291 43 75 by
438 2291 139 75 opening
599 2291 56 75 the
681 2291 66 75 fkin
775 2291 102 75 above
893 2291 38 75 it,
957 2291 206 75 difengaging
1179 2291 38 75 it,

229 2337 62 75 and
318 2337 93 75 tying
426 2337 26 75 it
469 2337 81 75 both
569 2337 103 75 above
700 2337 64 75 and
779 2337 117 75 below,
922 2337 63 75 and
1013 2337 133 75 driking
1161 2337 56 75 be-

229 2383 102 75 tween
350 2383 56 75 the
423 2383 66 75 two
504 2383 166 75 ligatures.

182 2433 95 75 Bar,
302 2433 33 75 in
352 2433 107 75 mufic,
479 2433 131 75 adroke
626 2433 110 75 drawn
754 2433 278 75 perpendicularly
1044 2433 104 75 acrofs
1161 2433 56 75 the

188 2478 4 75 .
227 2478 80 75 lines
320 2478 41 75 of
381 2478 18 75 a
416 2478 88 75 piece
521 2478 40 75 of
573 2478 108 75 mufic,
706 2478 164 75 including
886 2478 146 75 between
1049 2478 77 75 each
1151 2478 67 75 two

230 2527 18 75 a
261 2527 120 75 certain
398 2527 149 75 quantity
563 2527 38 75 or
627 2527 143 75 meafure
786 2527 41 75 of
849 2527 90 75 time,
964 2527 106 75 which
1090 2527 27 75 is
1135 2527 83 75 vari-

230 2573 58 75 ous
314 2573 34 75 as
364 2573 56 75 the
436 2573 78 75 time
539 2573 40 75 of
602 2573 55 75 the
674 2573 96 75 mufic
785 2573 27 75 is
836 2573 105 75 either
956 2573 95 75 triple
1074 2573 38 75 or
1128 2573 90 75 com-

228 2620 88 75 mon.
366 2620 40 75 In
423 2620 147 75 common
586 2620 90 75 time,
693 2620 146 75 between
856 2620 77 75 each
952 2620 66 75 two
1035 2620 72 75 bars
1125 2620 28 75 is
1168 2620 48 75 in-

229 2666 114 75 cluded
361 2666 56 75 the
433 2666 141 75 meafure
587 2666 40 75 of
639 2666 73 75 four
729 2666 163 75 crotchets
904 2666 10 75 ;
941 2666 32 75 in
986 2666 108 75 triple,
1112 2666 106 75 three.

228 2714 77 75 The
322 2714 154 75 principal
493 2714 53 75 ufe
569 2714 41 75 of
621 2714 74 75 bars
712 2714 27 75 is
755 2714 37 75 to
809 2714 142 75 regulate
967 2714 55 75 the
1038 2714 130 75 beating
1183 2714 43 75 of

230 2761 90 75 time,
346 2761 32 75 in
391 2761 18 75 a
425 2761 143 75 concert.
619 2761 62 75 See
696 2761 109 75 Time
822 2761 63 75 and
901 2761 206 75 Measure.

183 2809 95 75 Bar,
304 2809 32 75 in
353 2809 206 75 hydrograph
576 2809 8 75 '
584 2809 11 75 ,
620 2809 133 75 denotes
770 2809 18 75 a
808 2809 84 75 bank
909 2809 39 75 of
959 2809 88 75 fand,
1073 2809 38 75 or
1127 2809 94 75 other

231 2854 127 75 matter,
385 2854 150 75 whereby
552 2854 56 75 the
625 2854 112 75 mouth
754 2854 40 75 of
817 2854 19 75 a
859 2854 86 75 river
960 2854 27 75 is
1003 2854 33 75 in
1054 2854 18 75 a
1088 2854 131 75 manner

230 2901 146 75 choaked
393 2901 55 75 up.

277 2948 77 75 The
379 2948 82 75 term
490 2948 57 75 bar
575 2948 27 75 is
631 2948 66 75 alfo
724 2948 76 75 ufed
828 2948 51 75 for
907 2948 55 75 the
991 2948 107 75 drong
1125 2948 93 75 beam

231 2994 186 75 wherewith
427 2994 56 75 the
495 2994 149 75 entrance
656 2994 41 75 of
708 2994 39 75 an
764 2994 140 75 harbour
920 2994 191 75 isfecured:
1132 2994 85 75 This

232 3043 26 75 is
276 3043 88 75 more
381 3043 183 75 commonly
581 3043 103 75 called
702 3043 108 75 boom.

1258 148 23 75 o
1339 148 19 75 )

1698 148 234 75 BAR

1268 221 96 75 Bar,
1389 221 150 75 Barra,
1565 221 33 75 in
1616 221 191 75 qommerce.
1858 221 63 75 See
1937 221 150 75 Barra.

1267 268 96 75 Bar,
1393 268 38 75 or
1443 268 261 75 Bar-le-duc,
1730 268 32 75 in
1779 268 197 75 geography,
2002 268 18 75 a
2041 268 110 75 duchy
2172 268 134 75 belong-

1314 313 54 75 ing
1385 313 36 75 to
1438 313 135 75 France,
1597 313 92 75 lying
1716 313 190 75 north-wed
1929 313 40 75 of
1988 313 152 75 Lorrain,
2166 313 41 75 on
2225 313 81 75 both

1314 362 79 75 fides
1412 362 54 75 the
1483 362 86 75 river
1585 362 126 75 Maefe,
1736 362 149 75 whereof
1895 362 193 75 Bar-le-duc
2104 362 26 75 is
2148 362 54 75 the
2219 362 86 75 prin-

1315 409 82 75 cipal
1414 409 109 75 town;
1550 409 33 75 in
1604 409 15 75 5
1619 391 22 49 0
1664 409 52 75 15'
1732 409 44 75 E.
1794 409 87 75 long,
1903 409 64 75 and
1985 409 67 75 48°
2068 409 56 75 40'
2140 409 48 75 N.
2207 409 58 75 lat.

1266 456 81 75 Bar
1367 456 25 75 is
1421 456 65 75 alfo
1504 456 18 75 a
1544 456 87 75 town
1652 456 41 75 of
1715 456 149 75 Podolia,
1890 456 33 75 in
1939 456 149 75 Poland;
2119 456 136 75 fituated
2271 456 34 75 in

1318 504 62 75 28°
1401 504 27 75 E
1457 504 88 75 long,
1564 504 61 75 and
1644 504 67 75 48°
1732 504 114 75 20'N.
1864 504 46 75 lat

1265 550 82 75 Bar
1365 550 27 75 is
1410 550 63 75 alfo
1496 550 55 75 the
1573 550 92 75 name
1689 550 41 75 of
1749 550 67 75 two
1832 550 103 75 towns
1952 550 32 75 in
2001 550 141 75 France;
2171 550 56 75 the
2244 550 61 75 one

1312 596 31 75 in
1358 596 213 75 Champaign,
1589 596 86 75 upon
1693 596 56 75 the
1766 596 116 75 Aube;
1908 596 64 75 and
1988 596 56 75 the
2060 596 95 75 other
2170 596 33 75 in
2220 596 84 75 Bur-

1313 643 122 75 gundy,
1462 643 84 75 upon
1565 643 55 75 the
1635 643 108 75 Seine.

1267 694 346 75 BARABINSKOI,
1632 694 18 75 a
1660 694 136 75 country
1804 694 41 75 of
1856 694 156 75 Tartary,
2031 694 161 75 tributary
2204 694 35 75 to
2248 694 57 75 the

1313 739 213 75 Mufcovites.

1264 786 332 75 BAR-MASTER,
1622 786 117 75 among
1749 786 131 75 miners,
1906 786 59 75 the
1981 786 113 75 perfon
2115 786 73 75 who
2206 786 98 75 keeps

1313 831 54 75 the
1383 831 94 75 gage,
1501 831 38 75 or
1555 831 79 75 dilh,
1660 831 52 75 for
1730 831 178 75 meafuring
1924 831 55 75 the
1996 831 69 75 ore.

1266 880 98 75 BAR
1384 880 142 75 SHOT.
1577 880 62 75 See
1660 880 120 75 Shot.

1265 927 238 75 BARACKS,
1522 927 37 75 or
1574 927 226 75 Barracks.
1853 927 61 75 See
1931 927 228 75 Barracks.

1264 975 247 75 BARACOA,
1537 975 18 75 a
1567 975 87 75 tpwn
1670 975 42 75 on
1729 975 55 75 the
1802 975 177 75 north-ead
1996 975 71 75 part
2079 975 41 75 of
2131 975 56 75 the
2204 975 100 75 ifland

1312 1019 40 75 of
1360 1019 94 75 Cuba
1469 1019 33 75 in
1518 1019 112 75 North
1643 1019 164 75 America,
1831 1019 33 75 in
1884 1019 65 75 76°
1964 1019 61 75 W.
2044 1019 87 75 long,
2151 1019 62 75 and
2232 1019 40 75 21
2272 1001 28 49 0

1314 1067 46 75 N.
1379 1067 60 75 lat.

1265 1115 97 75 BAR
1369 1115 228 75 ALIPTON,
1623 1115 116 75 among
1755 1115 168 75 logicians,
1948 1115 19 75 a
1983 1115 81 75 term
2078 1115 153 75 denoting
2248 1115 58 75 the

1312 1161 64 75 fird
1392 1161 135 75 indirud
1543 1161 95 75 mode
1655 1161 40 75 of
1714 1161 56 75 the
1786 1161 65 75 fird
1867 1161 101 75 figure
1984 1161 41 75 of
2042 1161 175 75 fyllogifm.
2270 1161 34 75 A

1312 1208 161 75 fyllogifm
1490 1208 31 75 in
1538 1208 193 75 biralipton,
1756 1208 26 75 is
1800 1208 93 75 when
1918 1208 56 75 the
1990 1208 67 75 two
2081 1208 65 75 fird
2162 1208 142 75 propofi-

1312 1255 84 75 tions
1414 1255 54 75 are
1484 1255 140 75 general,
1651 1255 62 75 and
1730 1255 55 75 the
1803 1255 87 75 third
1909 1255 184 75 particular,
2112 1255 55 75 the
2183 1255 125 75 middle

1311 1301 83 75 term
1410 1301 95 75 being
1521 1301 56 75 the
1593 1301 120 75 fubjeA
1728 1301 34 75 in
1779 1301 56 75 the
1854 1301 66 75 fird
1935 1301 208 75 propofition,
2169 1301 63 75 and
2248 1301 56 75 the

1315 1348 161 75 predicate
1493 1348 30 75 in
1540 1348 56 75 the
1613 1348 128 75 fecond.

1265 1395 97 75 BAR
1368 1395 206 75 ALLOTS,
1599 1395 33 75 in
1649 1395 271 75 church-hidory,
1946 1395 19 75 a
1984 1395 63 75 feft
2064 1395 40 75 of
2114 1395 137 75 heretics
2270 1395 34 75 at

1313 1441 149 75 Bologna
1477 1441 32 75 in
1522 1441 99 75 Italy,
1647 1441 74 75 who
1732 1441 66 75 had
1814 1441 44 75 all
1874 1441 107 75 things
1998 1441 32 75 in
2048 1441 160 75 common,
2225 1441 81 75 even

1314 1488 84 75 their
1416 1488 95 75 wives
1530 1488 61 75 and
1610 1488 158 75 children.

1363 1536 108 75 Thei?
1479 1536 126 75 facility
1616 1536 32 75 in
1661 1536 184 75 complying
1856 1536 79 75 with
1946 1536 41 75 all
1999 1536 130 75 manner
2138 1536 41 75 of
2184 1536 120 75 debau-

1314 1583 112 75 chery,
1448 1583 93 75 made
1558 1583 87 75 them
1662 1583 55 75 get
1734 1583 54 75 the
1806 1583 91 75 name
1913 1583 189 75 obedientes,
2121 1583 184 75 compliers.

1267 1631 248 75 BARANCA,
1550 1631 18 75 a
1591 1631 177 75 port-town
1790 1631 40 75 of
1852 1631 108 75 Terra
1983 1631 120 75 Firma,
2135 1631 33 75 in
2197 1631 107 75 South

1314 1677 170 75 America;
1512 1677 134 75 fituated
1662 1677 97 75 about
1775 1677 44 75 30
1831 1677 90 75 miles
1935 1677 42 75 up
1989 1677 55 75 the
2059 1677 83 75 river
2155 1677 148 75 Grande,

1315 1724 31 75 in
1366 1724 66 75 7j°
1450 1724 54 75 30'
1521 1724 61 75 W.
1598 1724 89 75 long,
1706 1724 62 75 and
1792 1724 34 75 11
1826 1706 27 49 0
1868 1724 49 75 IN.
1936 1724 59 75 lat.

1268 1772 239 75 BARANGI,
1525 1772 125 75 officers
1663 1772 116 75 among
1794 1772 56 75 the
1862 1772 129 75 Greeks
2004 1772 40 75 of
2056 1772 55 75 the
2126 1772 102 75 lower
2236 1772 67 75 em-

1316 1818 80 75 pire.
1437 1818 100 75 Cujas
1548 1818 77 75 calls
1638 1818 87 75 them
1742 1818 31 75 in
1782 1818 98 75 Latin
1892 1818 207 75 proiettores,
2118 1818 62 75 and
2192 1818 113 75 others

1315 1865 72 75 give
1404 1865 88 75 them
1510 1865 55 75 the
1585 1865 92 75 name
1701 1865 236 75 offecurigeri.
1986 1865 33 75 It
2035 1865 65 75 was
2121 1865 85 75 their
2221 1865 82 75 bufi-

1315 1911 68 75 nefs
1400 1911 35 75 to
1451 1911 81 75 keep
1547 1911 58 75 the
1620 1911 78 75 keys
1710 1911 41 75 of
1761 1911 56 75 the
1830 1911 185 75 city-gates,
2042 1911 107 75 where
2164 1911 56 75 the
2236 1911 67 75 em-

1314 1957 39 75 pe
1371 1957 37 75 or
1426 1957 132 75 refided.

1266 2006 94 75 BAR
1367 2006 234 75 ANWAHR,
1626 2006 20 75 a
1661 2006 86 75 town
1767 2006 41 75 of
1828 2006 120 75 Lower
1971 2006 171 75 Hungary,
2168 2006 57 75 not
2253 2006 50 75 far

1314 2052 83 75 from
1415 2052 54 75 the
1483 2052 151 75 Danube,
1652 2052 32 75 in
1703 2052 66 75 20°
1785 2052 43 75 E.
1846 2052 90 75 long,
1954 2052 62 75 and
2029 2052 67 75 46°
2109 2052 55 75 2d
2181 2052 48 75 N.
2242 2052 64 75 lat,

1267 2099 361 75 BARAPICKLET,
1669 2099 99 75 bread
1812 2099 92 75 made
1936 2099 40 75 of
2003 2099 61 75 fine
2104 2099 95 75 flour,
2240 2099 66 75 and

1313 2147 147 75 kneaded
1476 2147 43 75 up
1535 2147 80 75 with
1632 2147 104 75 barm,
1761 2147 105 75 which
1884 2147 109 75 makes
2005 2147 25 75 it
2046 2147 80 75 very
2141 2147 83 75 light
2240 2147 64 75 and

1315 2193 134 75 fpungy.
1500 2193 48 75 Its
1566 2193 84 75 form
1668 2193 28 75 is
1712 2193 115 75 round,
1853 2193 99 75 about
1968 2193 18 75 a
2002 2193 252 75 hand-breadth.

1267 2241 329 75 BARATHRUM,
1613 2241 32 75 in
1658 2241 173 75 antiquity,
1846 2241 18 75 a
1876 2241 79 75 deep
1964 2241 81 75 dark
2057 2241 47 75 pit
2116 2241 32 75 at
2160 2241 147 75 Athens,

1315 2287 68 75 into
1400 2287 106 75 which
1523 2287 197 75 condemned
1738 2287 128 75 perfons
1883 2287 85 75 were
1984 2287 63 75 cad
2063 2287 173 75 headlong.
2271 2287 34 75 It

1314 2334 66 75 had
1396 2334 91 75 ftiarp
1505 2334 102 75 fpikes
1624 2334 32 75 at
1674 2334 56 75 the
1746 2334 69 75 top,
1841 2334 70 75 that
1928 2334 42 75 no
1986 2334 73 75 man
2076 2334 103 75 might
2196 2334 109 75 efcape

1314 2382 70 75 out,
1410 2382 62 75 and
1488 2382 110 75 others
1616 2382 32 75 at
1673 2382 55 75 the
1745 2382 127 75 bottom
1889 2382 34 75 to
1947 2382 105 75 pierce
2076 2382 64 75 and
2163 2382 141 75 torment

1315 2428 74 75 fuch
1408 2428 33 75 as
1459 2428 83 75 were
1560 2428 62 75 cad
1639 2428 45 75 in.

1266 2476 144 75 BARB,
1436 2476 193 75 orBARBE,
1654 2476 32 75 in
1704 2476 192 75 commerce.
1947 2476 61 75 See
2025 2476 145 75 Barbe.

1267 2522 177 75 BARBA,
1470 2522 32 75 in
1519 2522 133 75 botany,
1677 2522 19 75 a
1711 2522 93 75 word
1828 2522 91 75 often
1941 2522 78 75 ufed
2040 2522 31 75 in
2098 2522 210 75 compofition

1315 2569 78 75 with
1411 2569 84 75 fome
1512 2569 106 75 other,
1644 2569 35 75 to
1697 2569 83 75 form
1798 2569 63 75 the^
1878 2569 107 75 trivial
2001 2569 108 75 names
2126 2569 40 75 of
2185 2569 122 75 feveral

1315 2615 116 75 plants,
1456 2615 34 75 as
1509 2615 100 75 barba
1618 2615 106 75 jovis,
1752 2615 100 75 barba
1869 2615 117 75 copra.
2011 2615 62 75 See.

1267 2663 280 75 BARBACAN,
1573 2663 36 75 or
1621 2663 216 75 Barbican,
1857 2663 38 75 an
1909 2663 92 75 outer
2017 2663 146 75 defence,
2181 2663 38 75 or
2236 2663 67 75 for-

1315 2709 153 75 tification
1486 2709 35 75 to
1547 2709 18 75 a
1581 2709 67 75 city
1664 2709 38 75 or
1718 2709 106 75 cadle,
1848 2709 78 75 ufed
1942 2709 169 75 efpecially
2127 2709 34 75 as
2178 2709 19 75 a
2211 2709 95 75 fence

1315 2756 36 75 to
1374 2756 56 75 the
1454 2756 78 75 city,
1557 2756 38 75 or
1612 2756 112 75 walls;
1752 2756 75 75 alfo,
1855 2756 38 75 an
1912 2756 147 75 aperture
2079 2756 92 75 made
2198 2756 32 75 in
2248 2756 56 75 the

1317 2804 72 75 wall
1402 2804 40 75 of
1454 2804 18 75 a
1488 2804 145 75 fortrefs,
1659 2804 35 75 to
1706 2804 57 75 fire
1780 2804 141 75 through
1937 2804 87 75 upon
2041 2804 55 75 the
2113 2804 127 75 enemy.

1267 2851 209 75 Barbacan
1502 2851 27 75 is
1546 2851 65 75 alfo
1627 2851 75 75 ufed
1720 2851 35 75 to
1771 2851 118 75 denote
1906 2851 18 75 a
1942 2851 66 75 fort
2025 2851 32 75 at
2083 2851 55 75 the
2154 2851 150 75 entrance

1314 2899 41 75 of
1365 2899 19 75 a
1400 2899 125 75 bridge,
1550 2899 38 75 or
1604 2899 56 75 the
1688 2899 104 75 outlet
1812 2899 41 75 of
1871 2899 19 75 a
1914 2899 79 75 city,
2017 2899 118 75 having
2152 2899 18 75 a
2185 2899 119 75 double

1315 2944 72 75 wall
1405 2944 80 75 with
1502 2944 131 75 towers.

1267 2992 127 75 BARB
1399 2992 130 75 ALIA,
1556 2992 31 75 in
1606 2992 133 75 botany,
1764 2992 19 75 a
1800 2992 99 75 genus
1917 2992 40 75 of
1969 2992 53 75 the
2039 2992 184 75 didynamia
2247 2992 55 75 an-

1313 3039 200 75 giofpermia.
1563 3039 78 75 The
1658 3039 87 75 calix
1762 3039 125 75 confids
1904 3039 40 75 of
1956 3039 75 75 four
2053 3039 147 75 divifions
2212 3039 10 75 ;
2248 3039 56 75 the

2163 3062 3 49 1
2177 3080 124 75 capfuls
