2456 3337
566 181 229 52 ACC

1143 181 19 52 (
1224 181 53 52 14
1333 181 21 52 )

1709 181 231 52 ACC

199 268 175 30 ACCENT,
399 263 34 37 in
448 263 108 37 raufic,
581 263 27 37 is
624 263 20 37 a
662 263 120 37 certain
795 263 198 37 modulation
1009 263 40 37 of
1061 263 116 37 founds
1192 263 37 37 to

244 309 128 37 exprefs
389 309 19 37 a
423 309 127 37 paffion,
567 309 147 37 whether
728 309 44 37 by
788 309 55 37 the
859 309 90 37 voice
962 309 39 37 or
1010 309 217 37 inftrumeats.

246 355 62 37 See
324 355 148 37 Music.

203 402 280 37 ACCENTER,
507 402 34 37 in
557 402 108 37 mufic,
691 402 60 37 one
779 402 41 37 of
831 402 56 37 the
906 402 91 37 three
1012 402 118 37 fingers
1151 402 32 37 in
1214 402 19 37 a

245 447 76 37 trio,
345 447 73 37 viz.
446 447 55 37 the
517 447 112 37 perfon
645 447 75 37 who
736 447 82 37 fings
836 447 54 37 the
907 447 123 37 highcft
1046 447 85 37 part.
1168 447 62 37 See

245 498 120 30 TRIO.

198 539 342 37 ACCEPTANCE,
564 539 33 37 in
615 539 97 37 Scots
733 539 74 37 law,
832 539 133 37 denotes
983 539 103 37 either
1114 539 19 37 a
1159 539 73 37 per-

244 586 83 37 fon’s
351 586 179 37 adhibiting
552 586 50 37 his
630 586 212 37 fubfcription
856 586 35 37 to
908 586 18 37 a
943 586 57 37 bill
1023 586 38 37 or
1077 586 153 37 draught,

244 631 45 37 by
304 631 107 37 which
428 631 41 37 he
485 631 138 37 fabjedta
638 631 132 37 himfelf
781 631 35 37 to
832 631 56 37 the
904 631 151 37 payment
1071 631 41 37 of
1122 631 51 37 it;
1193 631 37 37 or

245 678 164 37 accepting
426 678 37 37 or
480 678 149 37 agreeing
644 678 38 37 to
696 678 98 37 offers
812 678 92 37 made
918 678 34 37 in
969 678 198 37 bargaining,
1186 678 45 37 by

247 724 103 37 which
368 724 55 37 the
441 724 130 37 bargain
588 724 28 37 is
636 724 192 37 concluded.

198 776 278 30 ACCEPTANCE,
500 771 34 37 in
545 771 57 37 the
614 771 120 37 church
747 771 41 37 of
798 771 120 37 Rome,
942 771 27 37 is
985 771 59 37 put
1061 771 52 37 for
1130 771 98 37 recei-

246 815 73 37 ving
335 815 56 37 the
407 815 117 37 Pope’s
541 815 233 37 conftitutions.

197 872 277 24 ACCEPTANCE,
499 862 31 37 in
558 862 190 37 commerce,
772 862 27 37 is
824 862 56 37 the
909 862 208 37 fubfcrihing,
1149 862 81 37 fign-

244 907 66 37 ing,
335 907 63 37 and
413 907 128 37 making
557 907 89 37 one’s
662 907 63 37 felf
736 907 117 37 debtor
867 907 52 37 for
931 907 56 37 the
1003 907 68 37 fum
1088 907 142 37 contain-

244 954 40 37 ed
299 954 34 37 in
358 954 19 37 a
399 954 58 37 bill
479 954 41 37 of
541 954 178 37 exchange,
743 954 38 37 or
806 954 94 37 other
924 954 191 37 obligation.
1167 954 62 37 See

245 1007 134 30 BILLS.

198 1049 366 37 ACCEPTATION,
590 1049 32 37 in
651 1049 174 37 grammar,
851 1049 56 37 the
923 1049 85 37 fenfe
1024 1049 38 37 or
1085 1049 146 37 meaning

246 1094 139 37 wherein
402 1094 63 37 any
480 1094 91 37 word
587 1094 26 37 is
631 1094 109 37 taken.

199 1141 272 37 ACCEPTER,
497 1141 38 37 or
557 1146 228 30 ACCEPTOR,
812 1141 54 37 the
883 1141 113 37 perfon
1013 1141 74 37 who
1104 1141 127 37 accepts

243 1185 20 37 a
284 1185 58 37 bill
366 1185 41 37 of
417 1185 178 37 exchange,
622 1185 66 37 (be-

199 1233 295 37 ACCEPTION,
520 1233 54 37 the
592 1233 83 37 lame
691 1233 79 37 with
787 1233 213 37 acceptation.

197 1280 422 37 ACCEPTILATION,
644 1280 116 37 among
776 1280 156 37 civilians,
959 1280 39 37 an
1027 1280 205 37 acquittance

245 1324 38 37 or
297 1324 165 37 difeharge
478 1324 93 37 given
587 1324 45 37 by
647 1324 56 37 the
721 1324 141 37 creditor
878 1324 35 37 to
929 1324 55 37 the
1000 1324 118 37 debtor
1134 1324 97 37 with-

246 1370 55 37 out
322 1370 54 37 the
399 1370 151 37 payment
574 1370 40 37 of
625 1370 63 37 any
710 1370 105 37 value.

197 1418 198 37 ACCESS,
421 1418 55 37 the
493 1418 158 37 approach
676 1418 41 37 of
734 1418 61 37 one
811 1418 112 37 perfon
950 1418 39 37 or
1016 1418 91 37 thing
1124 1418 34 37 to
1175 1418 55 37 an-

246 1463 107 37 other.
404 1463 32 37 It
454 1463 26 37 is
505 1463 65 37 alfo
582 1463 77 37 ufed
674 1463 43 37 by
730 1463 174 37 phyficians
922 1463 51 37 for
989 1463 56 37 the
1062 1463 170 37 beginning

245 1508 40 37 of
296 1508 20 37 a
331 1508 174 37 paroxifm.

197 1557 297 37 ACCESSARY,
519 1557 37 37 or
572 1562 245 30 ACCESSORY,
835 1557 119 37 inlaw.
1004 1557 64 37 See
1084 1562 147 30 ACCES-

250 1612 110 24 SORY.

199 1649 313 37 ACCESSIBLE,
538 1649 179 37 fomething
732 1649 71 37 that
821 1649 73 37 may
909 1649 40 37 be
961 1649 216 37 approached,
1195 1649 38 37 or

247 1693 76 37 that
335 1693 102 37 accefs
462 1693 72 37 may
553 1693 41 37 be
618 1693 68 37 had
709 1693 48 37 to.
812 1693 96 37 Thus
929 1693 50 37 we
1005 1693 68 37 fay.
1099 1693 89 37 Such
1212 1693 20 37 a

247 1739 90 37 place
354 1739 25 37 is
398 1739 160 37 acceilible
575 1739 42 37 on
633 1739 63 37 one
712 1739 76 37 fide,
814 1739 64 37 be.

199 1787 286 37 ACCESSION,
509 1787 33 37 in
567 1787 94 37 Scots
679 1787 74 37 law,
778 1787 27 37 is
822 1787 20 37 a
857 1787 134 37 method
1013 1787 40 37 of
1064 1787 168 37 acquiring

248 1831 165 37 property,
437 1831 44 37 by
503 1831 120 37 which,
647 1831 34 37 in
707 1831 106 37 things
831 1831 70 37 that
918 1831 81 37 have
1017 1831 18 37 a
1050 1831 87 37 clofe
1154 1831 75 37 con-

248 1877 121 37 nexion
385 1877 38 37 or
438 1877 202 37 dependence
656 1877 87 37 upon
754 1877 60 37 one
832 1877 147 37 another,
1004 1877 57 37 the
1078 1877 154 37 property

249 1922 41 37 of
300 1922 55 37 the
371 1922 153 37 principal
540 1922 92 37 thing
643 1922 105 37 draws
761 1922 83 37 after
854 1922 25 37 it
892 1922 56 37 the
959 1922 155 37 property
1125 1922 40 37 of
1176 1922 56 37 the

248 1970 174 37 acceffory.
469 1970 110 37 Thus,
606 1970 55 37 the
688 1970 108 37 owner
813 1970 40 37 of
865 1970 18 37 a
899 1970 70 37 cow
985 1970 148 37 becomes
1150 1970 82 37 like-

249 2016 74 37 wife
339 2016 55 37 the
411 2016 109 37 owner
544 2016 34 37 ot
607 2016 55 37 the
678 2016 77 37 calf.
805 2016 62 37 See
887 2021 106 30 LAW,
1018 2016 86 37 title,
1130 2016 102 37 Divi-

240 2062 76 37 fion
341 2062 43 37 of
399 2062 117 37 rights.
573 2062 32 37 It
632 2062 181 37 fometimes
836 2062 140 37 Itkewile
1000 2062 133 37 fignifies
1157 2062 76 37 con-

251 2108 68 37 fent
335 2108 39 37 or
391 2108 235 37 acquiefcence.

205 2160 233 30 ACCESSION,
462 2155 115 37 among
593 2155 185 37 phyficians,
803 2155 29 37 is
847 2155 77 37 ufed
940 2155 53 37 for
1019 2155 19 37 a
1060 2155 174 37 paroxyfin

254 2200 39 37 of
308 2200 18 37 a
350 2200 138 37 difeafe;
514 2200 117 37 among
653 2200 193 37 politicians,
870 2200 26 37 it
912 2200 132 37 fignifies
1063 2200 19 37 a
1096 2200 138 37 prince’s

251 2247 188 37 fucceeding
454 2247 36 37 to
505 2247 56 37 the
577 2247 207 37 government
804 2247 87 37 upon
914 2247 56 37 the
997 2247 103 37 death-
1121 2247 42 37 of
1183 2247 51 37 his

253 2293 208 37 predeceffor.

208 2339 297 37 ACCESSORY,
528 2339 32 37 in
594 2339 95 37 Scots
711 2339 75 37 law,
811 2339 27 37 is
866 2339 57 37 the
947 2339 120 37 fubje<fi
1083 2339 153 37 acquired

254 2384 45 37 by
315 2384 168 37 acceffion;
510 2384 49 37 or,
584 2384 33 37 in
633 2384 127 37 crimes,
785 2384 27 37 it
840 2384 135 37 fignifies,
990 2384 55 37 the
1062 2384 119 37 perfon
1191 2384 45 37 by

255 2430 105 37 whofe
376 2430 167 37 affiilance,
568 2430 122 37 advice,
715 2430 39 37 or
777 2430 180 37 command,
981 2430 56 37 the
1054 2430 98 37 crime
1169 2430 66 37 was

256 2477 209 37 committed:
492 2477 40 37 In
558 2477 66 37 this
646 2477 98 37 latter
766 2477 100 37 fenfe,
890 2477 27 37 it
933 2477 29 37 is
977 2477 56 37 the
1056 2477 84 37 fame
1155 2477 81 37 with

258 2524 203 37 accomplice,
475 2524 50 37 art
538 2524 61 37 and
611 2524 88 37 part,
714 2524 75 37 be..
814 2524 62 37 See
888 2529 105 30 LAW,
1004 2524 85 37 title.
1099 2524 135 37 Crimes.

210 2574 231 30 ACCESSORY
468 2569 109 37 nerve.
628 2569 62 37 See
707 2574 211 30 ANATOMY,
941 2569 82 37 Part
1035 2569 49 37 V.

211 2614 160 37 ACCIB,
396 2614 18 37 a
429 2614 91 37 name
537 2614 92 37 given
645 2614 46 37 by
705 2614 84 37 fome
806 2614 129 37 authors
951 2614 36 37 to
1002 2614 86 37 lead.

212 2661 268 37 ACCIDENT,
505 2661 34 37 in
554 2661 19 37 a
589 2661 132 37 general'
733 2661 100 37 fenfe,
856 2661 133 37 denotes
1006 2661 62 37 any
1084 2661 103 37 cafual
1203 2661 34 37 e-

260 2706 88 37 vent.

212 2757 223 30 ACCIDENT,
468 2752 33 37 in
531 2752 95 37 logic,
653 2752 133 37 fignifies
814 2752 173 37 fecondary
1013 2752 167 37 qualities,
1200 2752 39 37 or

261 2798 75 37 fuch
353 2798 33 37 as
403 2798 43 37 do
462 2798 57 37 not
532 2798 40 37 ed
577 2798 62 37 end
641 2798 66 37 ally
721 2798 123 37 belong
860 2798 36 37 to
912 2798 62 37 any
989 2798 131 37 fubjedt.

214 2850 224 30 ACCIDENT,
461 2845 34 37 in
511 2845 170 37 grammar.
731 2845 61 37 See
816 2850 217 30 GRAMMAR.

215 2896 223 30 ACCIDENT,
463 2891 31 37 in
511 2891 163 37 heraldry,
700 2891 40 37 an
765 2891 172 37 additional
965 2891 90 37 point
1081 2891 38 37 or
1145 2891 91 37 mark

262 2935 32 37 in
312 2935 18 37 a
346 2935 72 37 coat
434 2935 41 37 of
486 2935 95 37 arms,
606 2935 106 37 which
729 2935 74 37 may
820 2935 41 37 be
877 2935 103 37 either
992 2935 134 37 omitted
1138 2935 37 37 or
1187 2935 51 37 re-

264 2982 109 37 tained
396 2982 135 37 without
556 2982 135 37 altering
714 2982 56 37 the
800 2982 120 37 effence
943 2982 40 37 of
1007 2982 55 37 the
1086 2982 150 37 armour:

264 3029 77 37 fuch
352 3029 48 37 as,
425 3029 213 37 abatements,
663 3029 202 37 differences,
889 3029 64 37 and
967 3029 153 37 tinfture.

1277 271 225 24 ACCIDENT,
1529 261 115 37 among
1657 261 192 37 phyfieians,
1875 261 41 37 an
1939 261 143 37 obiblete
2109 261 84 37 term
2216 261 50 37 for
2291 261 18 37 t

1326 306 170 37 fymptom.

1278 354 297 37 ACCIDENTS,
1600 354 32 37 ip
1649 354 172 37 aftrology,
1846 354 58 37 the
1931 354 80 37 moll
2038 354 201 37 remarkable
2253 354 58 37 oc-

1325 400 166 37 currences
1509 400 35 37 in
1560 400 19 37 a
1595 400 100 37 man’s
1710 400 73 37 life.

1280 448 153 37 Abfolute
1448 453 223 30 ACCIDENT,
1689 448 32 37 in
1738 448 55 37 the
1810 448 133 37 Romilh
1960 448 133 37 church,
2112 448 39 37 an
2164 448 148 37 accident

1327 493 105 37 which
1449 493 74 37 may
1539 493 129 37 poffibly
1678 493 120 37 fublift,
1823 493 32 37 at
1868 493 76 37 leall
1955 493 236 37 miraculoufly,
2216 493 96 37 with-

1327 539 57 37 out
1400 539 19 37 a
1435 539 140 37 lubjeft;
1602 539 106 37 which
1724 539 26 37 is
1767 539 233 37 unintelligible
2013 539 128 37 jargon.

1279 595 277 24 ACCIDENTAL,
1581 585 179 37 fomething
1784 585 72 37 that
1871 585 142 37 happens
2030 585 42 37 by
2091 590 158 30 accident,
2272 590 41 30 or

1327 632 18 37 a
1361 632 95 37 mode
1473 632 72 37 that
1561 632 27 37 is
1605 632 58 37 not
1679 632 140 37 effential
1835 632 36 37 to
1886 632 42 37 its
1945 632 131 37 iubjed.

1280 683 260 30 ACCIDENTAL
1553 678 108 37 /w»/,
1675 678 32 37 in
1719 678 205 37 perfpedtive.
1952 678 62 37 See
2025 683 286 30 PERSPECTIVE.

1279 728 262 30 ACCIDENTAL
1561 723 154 37 dignities
1733 723 63 37 and
1811 723 173 37 debilities,
2001 723 34 37 in
2053 723 171 37 aftrology,
2243 723 68 37 cer-

1327 771 66 37 tain
1417 771 104 37 cafual
1537 771 195 37 difpofitions
1754 771 41 37 of
1819 771 55 37 the
1901 771 138 37 planets,
2064 771 153 37 whereby
2237 771 78 37 they

1327 817 53 37 are
1403 817 153 37 fuppofed
1576 817 35 37 to
1627 817 40 37 be
1683 817 103 37 either
1803 817 224 37 ftrengthened
2042 817 39 37 or
2095 817 185 37 weakened.

1279 863 317 37 ACCIPENSER,
1622 863 33 37 in
1682 863 222 37 ichthyology,
1929 863 20 37 a
1973 863 98 37 genus
2095 863 42 37 of
2150 863 90 37 filhes
2256 863 57 37 be-

1327 909 132 37 longing
1475 909 35 37 to
1528 909 56 37 the
1598 909 174 37 Amphibia
1779 909 124 37 Nantes
1920 909 40 37 of
1972 909 163 37 Linnasus.
2169 909 79 37 The
2260 909 53 37 ac-

1328 956 139 37 cipenfer
1482 956 58 37 has
1557 956 18 37 a
1585 956 97 37 fmgle
1697 956 102 37 linear
1810 956 130 37 noftril:
1966 956 56 37 the
2035 956 113 37 mouth
2164 956 27 37 is
2208 956 32 37 in
2257 956 56 37 the

1327 1001 103 37 under
1454 1001 71 37 part
1549 1001 40 37 of
1612 1001 57 37 the
1684 1001 96 37 head,
1805 1001 63 37 and
1885 1001 142 37 contains
2054 1001 41 37 no
2119 1001 111 37 teeth;
2257 1001 56 37 the

1327 1049 74 37 cirri
1430 1049 53 37 are
1511 1049 104 37 below
1643 1049 56 37 the
1733 1049 106 37 fnout,
1872 1049 64 37 and
1963 1049 113 37 before
2102 1049 56 37 the
2186 1049 125 37 mouth.

1326 1096 113 37 There
1467 1096 53 37 are
1546 1096 75 37 four
1645 1096 117 37 fpecies
1789 1096 39 37 of
1849 1096 64 37 this
1939 1096 113 37 genus,
2077 1096 70 37 viz.
2179 1096 12 37 1
2235 1096 78 37 The

1326 1142 111 37 fturio,
1458 1142 37 37 or
1506 1142 161 37 fturgeon,
1687 1142 80 37 with
1781 1142 20 37 4
1814 1142 87 37 cirri,
1919 1142 64 37 and
2003 1142 36 37 11
2053 1142 169 37 fquamous
2238 1142 75 37 pro-

1328 1188 186 37 tuberances
1542 1188 42 37 on
1611 1188 56 37 the
1692 1188 92 37 back.
1835 1188 33 37 It
1890 1188 138 37 inhabits
2056 1188 56 37 the
2140 1188 173 37 European

1328 1235 80 37 feas.
1455 1235 87 37 This
1558 1235 54 37 filh
1625 1235 63 37 was
1706 1235 34 37 fo
1757 1235 126 37 greatly
1894 1235 157 37 efteemed
2066 1235 33 37 in
2115 1235 55 37 the
2184 1235 76 37 time
2277 1235 41 37 of

1329 1280 151 37 Severus,
1506 1280 70 37 that
1592 1280 42 37 he
1651 1280 137 37 ordered
1810 1280 26 37 it
1853 1280 35 37 to
1903 1280 40 37 be
1961 1280 124 37 carried
2100 1280 35 37 to
2151 1280 50 37 his
2218 1280 94 37 feafts

1327 1328 43 37 by
1384 1328 141 37 fervants
1540 1328 152 37 crowned
1702 1328 78 37 with
1797 1328 161 37 garlands,
1976 1328 62 37 and
2054 1328 157 37 trumpets
2223 1328 88 37 play-

1326 1373 55 37 ing
1397 1373 123 37 before.
1582 1373 62 37 See
1668 1373 93 37 Plate
1777 1373 28 37 I.
1831 1373 54 37 fig.
1914 1373 31 37 5.
1997 1373 33 37 2.
2055 1373 78 37 The
2157 1373 155 37 ruthenus

1326 1420 58 37 has
1408 1420 22 37 4
1446 1420 86 37 cirri,
1557 1420 65 37 and
1641 1420 38 37 15
1698 1420 169 37 fquamous
1890 1420 260 37 protuberances.
2208 1420 33 37 It
2254 1420 27 37 is
2294 1420 19 37 a

1328 1467 106 37 native
1450 1467 41 37 of
1510 1467 119 37 Ruflia.
1689 1467 32 37 3.
1746 1467 77 37 The
1839 1467 79 37 hufo
1935 1467 58 37 has
2012 1467 21 37 4
2050 1467 74 37 cirri
2140 1467 10 37 ;
2176 1467 56 37 the
2250 1467 60 37 bo-

1328 1513 44 37 dy
1388 1513 27 37 is
1431 1513 115 37 naked,
1573 1513 26 37 i.
1617 1513 28 37 e.
1671 1513 59 37 has
1757 1513 42 37 no
1828 1513 137 37 prickles
1994 1513 37 37 or
2047 1513 262 37 protuberances.

1327 1561 78 37 The
1427 1561 67 37 Ikin
1519 1561 40 37 of
1570 1561 55 37 the
1649 1561 80 37 hufo
1745 1561 28 37 is
1795 1561 34 37 fb
1849 1561 102 37 tough
1969 1561 62 37 and
2049 1561 119 37 ftrong,
2194 1561 71 37 that
2286 1561 26 37 it

1327 1605 26 37 is
1381 1605 170 37 employed
1572 1605 53 37 for
1652 1605 92 37 ropes
1769 1605 32 37 in
1830 1605 85 37 carts
1932 1605 64 37 and
2011 1605 94 37 other
2121 1605 190 37 wheel-car-

1329 1652 114 37 riages.
1494 1652 142 37 Ifinglafs
1654 1652 27 37 is
1697 1652 65 37 alfo
1779 1652 93 37 made
1895 1652 41 37 of
1955 1652 56 37 the
2026 1652 66 37 Ikin
2109 1652 40 37 of
2161 1652 63 37 this
2241 1652 69 37 filh,

1329 1697 62 37 and
1407 1697 41 37 its
1465 1697 76 37 eggs
1559 1697 52 37 are
1622 1697 180 37 fometimes
1821 1697 93 37 made
1930 1697 69 37 into
2026 1697 131 37 pickles.
2207 1697 32 37 It
2263 1697 48 37 in-

1328 1743 107 37 habits
1460 1743 55 37 the
1538 1743 151 37 Danube,
1715 1743 67 37 and
1804 1743 55 37 the
1887 1743 98 37 rivers
2010 1743 39 37 of
2071 1743 119 37 Rufiia.
2249 1743 63 37 See

1329 1790 92 37 Plate
1436 1790 29 37 I.
1483 1790 56 37 fig.
1558 1790 33 37 6.
1643 1790 33 37 4.
1702 1790 78 37 The
1795 1790 223 37 plecoftomus,
2041 1790 105 37 which
2161 1790 27 37 is
2205 1790 107 37 diftin-

1328 1835 130 37 guilhed
1473 1835 85 37 from
1575 1835 54 37 the
1646 1835 94 37 other
1764 1835 91 37 three
1874 1835 43 37 by
1936 1835 117 37 having
2080 1835 77 37 only
2181 1835 19 37 2
2226 1835 86 37 cirri.

1328 1879 32 37 It
1377 1879 25 37 is
1421 1879 19 37 a
1450 1879 107 37 native
1573 1879 41 37 of
1625 1879 162 37 Surinam.
1835 1879 78 37 The
1924 1879 106 37 whole
2041 1879 74 37 four
2126 1879 119 37 fpecies
2259 1879 54 37 are

1328 1924 191 37 viviparous.

1282 1970 331 37 ACC1PENSIUS.
1664 1970 61 37 See
1743 1975 260 30 ACCIPENSER.

1281 2017 276 37 ACCIPITER,
1575 2017 55 37 the
1640 2017 90 37 name
1742 2017 40 37 of
1788 2017 182 37 Linnaeus’s
1979 2017 65 37 firft
2055 2017 96 37 order
2163 2017 40 37 of
2209 2017 102 37 birds.

1329 2062 77 37 The
1417 2062 88 37 birds
1521 2062 172 37 belonging
1709 2062 36 37 to
1760 2062 66 37 this
1841 2062 96 37 order
1948 2062 80 37 have
2045 2062 141 37 crooked
2202 2062 110 37 Leaks.

1330 2110 85 37 This
1432 2110 96 37 order
1544 2110 230 37 comprehends
1798 2110 79 37 only
1893 2110 73 37 four
1987 2110 128 37 genera,
2140 2110 69 37 viz.
2235 2110 79 37 The

1331 2155 120 37 vukur,
1476 2155 99 37 falco,
1600 2155 90 37 llrix,
1716 2155 62 37 and
1793 2155 115 37 lanius.
1958 2155 62 37 Sec
2036 2165 184 24 VVLTUR,
2247 2155 65 37 be.

1284 2203 334 37 ACCIPITRINAi
1644 2203 39 37 an
1700 2203 141 37 obfolete
1868 2203 92 37 name
1984 2203 40 37 of
2039 2203 55 37 the
2115 2203 198 37 hierachium

1333 2249 37 37 or
1385 2249 197 37 hawkweed.
1634 2249 63 37 See
1713 2254 276 30 HIERACHIUM.

1285 2296 261 37 ACCISMUS,
1570 2296 33 37 in
1624 2296 172 37 antiquity,
1820 2296 135 37 fignifies
1969 2296 20 37 a
2003 2296 129 37 feigned
2145 2296 116 37 refufal
2278 2296 41 37 of

1332 2342 88 37 what
1432 2342 61 37 one
1507 2342 155 37 eameftly
1678 2342 127 37 defires.

1286 2393 218 30 ACCJSMUS,
1528 2388 32 37 in
1577 2388 153 37 rhetoric,
1754 2388 28 37 is
1809 2388 176 37 accounted
2011 2388 19 37 a
2050 2388 118 37 fpecies
2191 2388 42 37 of
2247 2388 65 37 iro-

1333 2434 55 37 ny.
1438 2434 61 37 See
1515 2439 137 30 IRONY.

1286 2481 378 37 ACCLAMATION,
1688 2481 62 37 any
1765 2481 172 37 exprelfien
1954 2481 41 37 of
2001 2481 71 37 joy,
2098 2481 38 37 or
2151 2481 159 37 applaufe,

1333 2528 152 37 whereby
1501 2528 55 37 the
1578 2528 108 37 public
1703 2528 123 37 teftifies
1844 2528 40 37 its
1902 2528 218 37 approbation.

1288 2578 291 30 ACCLAMATION
1605 2573 27 37 is
1657 2573 64 37 alfo
1740 2573 87 37 ufed,
1843 2573 33 37 in
1889 2573 20 37 a
1923 2573 64 37 bad
2002 2573 96 37 fenle,
2112 2573 52 37 for
2183 2573 129 37 expref-

1336 2621 80 37 lions
1431 2621 41 37 of
1482 2621 201 37 deteftation.

1289 2671 305 30 ACCLAMATION,
1612 2666 34 37 in
1663 2666 156 37 rhetoric*
1832 2666 21 37 a
1867 2666 112 37 figure,
1997 2666 55 37 the
2067 2666 84 37 fame
2166 2666 86 37 witR
2263 2666 48 37 E~

1340 2718 239 30 FIPHONEMA,
1603 2718 105 30 which
1730 2718 62 30 lee.

1290 2763 294 30 ACCLAMATION
1600 2758 134 37 medals,
1759 2758 115 37 among
1890 2758 204 37 antiquaries,
2119 2758 75 37 fuch
2211 2758 33 37 as
2262 2758 51 37 re~

1335 2804 124 37 prefent
1475 2804 56 37 the
1548 2804 111 37 people
1675 2804 173 37 expreffing
1871 2804 83 37 their
1968 2804 59 37 joy
2050 2804 32 37 in
2106 2804 55 37 the
2189 2804 125 37 polture

1336 2851 40 37 of
1386 2851 218 37 acclamation.

1289 2898 257 37 ACCLIVUS,
1571 2898 32 37 in
1623 2898 159 37 anatomy,
1808 2898 19 37 a
1841 2898 161 37 fynonime
2018 2898 41 37 of
2080 2898 55 37 the
2162 2898 151 37 obliquus

1336 2943 167 37 afeendens
1518 2943 128 37 mufcle.
1695 2943 61 37 See
1771 2948 211 30 ANATOMY,
2005 2943 81 37 Part
2106 2943 48 37 II.

1288 2991 280 37 ACCLIVITY,
1594 2991 54 37 the
1676 2991 59 37 rife
1758 2991 38 37 or
1819 2991 103 37 afeent
1939 2991 40 37 of
1998 2991 18 37 a
2039 2991 72 37 hill,
2136 2991 32 37 in
2191 2991 120 37 oppofi-

1337 3038 67 37 tion
1424 3038 35 37 to
1478 3038 55 37 the
1558 3038 151 37 declivity
1736 3038 43 37 or.
1800 3038 127 37 defeent
1954 3038 42 37 of
2017 3038 38 37 it.

2122 3038 97 37 Some
2237 3038 73 37 wri-

2241 3078 66 37 ters
