2477 3395
543 127 224 75 BUS

1076 127 17 75 C
1153 127 78 75 695
1293 127 17 75 )

1462 127 8 75 *

1667 127 237 75 BUT

189 194 78 75 have
290 194 78 75 been
386 194 101 75 worn,
511 194 57 75 not
588 194 77 75 only
684 194 41 75 by
743 194 113 75 aftors,
882 194 57 75 but
964 194 43 75 by
1023 194 90 75 girls,
1140 194 34 75 to

189 240 76 75 raife
277 240 82 75 their
374 240 111 75 height
500 240 7 75 :
537 240 164 75 travellers
714 240 60 75 and
787 240 131 75 hunters
932 240 64 75 alfo
1012 240 93 75 made
1118 240 52 75 ule

187 287 40 75 of
237 287 36 75 it,
300 287 35 75 to
351 287 118 75 defend
485 287 186 75 themfelves
688 287 84 75 from
788 287 54 75 the
860 287 92 75 mire.

234 331 35 75 In
283 331 101 75 claffic
395 331 143 75 authors.,
563 331 48 75 we
623 331 186 75 frequently
821 331 65 75 find
898 331 56 75 the
970 331 109 75 bufkin
1095 331 76 75 ufed

187 378 34 75 to
245 378 113 75 lignify
379 378 134 75 tragedy
530 378 96 75 itfelf,
652 378 32 75 in
709 378 114 75 regard
849 378 27 75 it
900 378 63 75 was
990 378 19 75 a
1029 378 90 75 mark
1136 378 40 75 of

186 423 134 75 tragedy
337 423 40 75 on
394 423 54 75 the
465 423 97 75 Rage.

235 469 30 75 It
281 469 26 75 is
325 469 66 75 alfo
404 469 33 75 to
455 469 39 75 be
511 469 193 75 underftood
715 469 52 75 for
783 469 19 75 a
817 469 86 75 lofty
914 469 107 75 ftrain,
1038 469 37 75 or
1091 469 79 75 high

187 516 90 75 Ryle.

888 516 16 75 y

140 563 130 75 BUSS,
296 563 31 75 in
352 563 157 75 maritime
525 563 119 75 affairs,
670 563 19 75 a
715 563 87 75 fmall
827 563 172 75 fea-veflel,
1025 563 77 75 ufed
1126 563 44 75 by

187 609 35 75 us
240 609 61 75 and
328 609 54 75 the
411 609 113 75 Dutch
552 609 33 75 in
612 609 55 75 the
693 609 270 75 herring-fifhery,
990 609 182 75 commonly

185 655 84 75 from
286 655 193 75 forty-eight
502 655 35 75 to
560 655 85 75 fixty
661 655 72 75 tons
749 655 135 75 burden,
914 655 61 75 and
991 655 179 75 fometimes

186 701 88 75 more
288 701 9 75 :
322 701 35 75 A
372 701 73 75 bufs
459 701 56 75 has
527 701 65 75 two
603 701 90 75 fmall
704 701 90 75 fheds
806 701 38 75 or
855 701 119 75 cabins,
999 701 60 75 one
1073 701 31 75 at
1117 701 55 75 the

187 746 102 75 prow,
315 746 63 75 and
394 746 55 75 the
477 746 93 75 other
585 746 33 75 at
645 746 55 75 the
727 746 103 75 ftern;
856 746 71 75 that
954 746 32 75 at
1003 746 55 75 the
1083 746 89 75 prow

186 793 102 75 ferves
306 793 52 75 for
374 793 18 75 a
407 793 142 75 kitchen^

235 838 109 75 Every
360 838 70 75 bufs
455 838 56 75 has
529 838 18 75 a
563 838 123 75 mafter,
712 838 39 75 an
777 838 144 75 affiftant,
950 838 17 75 a
985 838 96 75 mate,
1107 838 63 75 and

187 884 122 75 feamen
326 884 32 75 in
375 884 184 75 proportion
579 884 33 75 to
638 884 54 75 the
709 884 121 75 veflel’s
854 884 124 75 bignefs
995 884 8 75 :
1031 884 56 75 the
1102 884 67 75 ma-

186 930 62 75 iler
264 930 182 75 commands
476 930 31 75 in
536 930 96 75 chief,
658 930 63 75 and
736 930 136 75 without
897 930 51 75 his
973 930 129 75 exprefs
1119 930 51 75 or-

185 976 57 75 der
267 976 54 75 the
337 976 69 75 nets
423 976 117 75 cannot
556 976 39 75 be
612 976 74 75 call,
712 976 60 75 nor
788 976 94 75 taken
913 976 41 75 up
968 976 8 75 ;
1008 976 54 75 the
1080 976 91 75 afiift-

186 1022 54 75 ant
265 1022 56 75 has
338 1022 56 75 the
412 1022 165 75 command
601 1022 82 75 after
708 1022 64 75 him
829 1022 62 75 and
906 1022 55 75 the
979 1022 191 75 mate-next,

184 1068 107 75 whofe
308 1068 134 75 bufinefs
464 1068 27 75 is
509 1068 34 75 to
566 1068 49 75 fee
639 1068 56 75 the
719 1068 122 75 feamen
858 1068 132 75 manage
1002 1068 89 75 their
1106 1068 63 75 rig-

186 1114 75 75 ging
277 1114 32 75 in
325 1114 19 75 a
360 1114 116 75 proper
495 1114 140 75 manner,
659 1114 35 75 to
719 1114 87 75 mind
827 1114 89 75 thofe
933 1114 73 75 who
1032 1114 89 75 draw
1137 1114 33 75 in

186 1159 84 75 their
285 1159 82 75 nets,
393 1159 62 75 and
472 1159 89 75 thofe
578 1159 72 75 who
666 1159 71 75 kill,
763 1159 69 75 gut,
858 1159 61 75 and
931 1159 74 75 cure
1025 1159 55 75 the
1096 1159 73 75 her-

186 1206 98 75 rings,
309 1206 33 75 as
360 1206 78 75 they
454 1206 52 75 are
529 1206 93 75 taken
641 1206 57 75 out
714 1206 39 75 of
773 1206 55 75 the
845 1206 50 75 fea
910 1206 8 75 :
953 1206 76 75 The
1045 1206 124 75 feamen

185 1252 43 75 do
244 1252 163 75 generally
423 1252 120 75 engage
571 1252 51 75 for
639 1252 18 75 a
683 1252 105 75 whole
805 1252 120 75 voyage
941 1252 31 75 in
998 1252 55 75 the
1069 1252 99 75 lump.

184 1297 76 75 The
290 1297 150 75 provifion
464 1297 104 75 which
593 1297 78 75 they
687 1297 73 75 take
781 1297 45 75 on
850 1297 101 75 board
975 1297 55 75 the
1055 1297 112 75 bufles,

141 1343 10 75 _
182 1343 111 75 confift
318 1343 181 75 commonly
524 1343 33 75 in
585 1343 111 75 bifket,
734 1343 164 75 oat-meal,
925 1343 62 75 and
1015 1343 91 75 dried
1130 1343 39 75 or

184 1387 58 75 fait
258 1387 54 75 fifh
327 1387 10 75 ;
363 1387 56 75 the
436 1387 82 75 crew
537 1387 93 75 being
642 1387 129 75 content
784 1387 51 75 for
847 1387 55 75 the
915 1387 59 75 reft
990 1387 79 75 with
1083 1387 86 75 what

185 1434 80 75 frefh
283 1434 53 75 fifh
354 1434 76 75 they
447 1434 105 75 catch.
602 1434 61 75 See
678 1434 223 75 Fisheries.

138 1480 139 75 BUST,
304 1480 36 75 or
364 1480 147 75 Busto,
536 1480 33 75 in
593 1480 180 75 fculpture,^
790 1480 64 75 tic.
880 1480 18 75 a
922 1480 81 75 term
1019 1480 74 75 ufed
1118 1480 52 75 for

185 1525 54 75 the
255 1525 100 75 figure
372 1525 37 75 or
433 1525 135 75 portrait
591 1525 41 75 of
652 1525 17 75 a
693 1525 110 75 perfon
825 1525 31 75 in
873 1525 131 75 relievo,
1033 1525 136 75 fhewing

183 1572 77 75 only
276 1572 54 75 the
354 1572 95 75 head,
467 1572 172 75 fhoulders,
663 1572 63 75 and
753 1572 150 75 ftomach,
929 1572 55 75 the
1012 1572 83 75 arms
1114 1572 53 75 be-

182 1618 55 75 ing
258 1618 116 75 lopped
397 1618 70 75 off:
501 1618 27 75 it
552 1618 26 75 is
603 1618 121 75 ufuaily
740 1618 112 75 placed
869 1618 41 75 on
935 1618 19 75 a
976 1618 138 75 pedeftal
1130 1618 38 75 or

184 1664 137 75 confoie.

232 1711 53 75 M.
304 1711 142 75 Felibien
464 1711 156 75 obferves,
639 1711 69 75 that
721 1711 135 75 though,
882 1711 31 75 in
931 1711 153 75 painting,
1106 1711 61 75 one

182 1756 73 75 may
271 1756 54 75 fay
342 1756 17 75 a
371 1756 99 75 figure
488 1756 129 75 appears
634 1756 32 75 in
684 1756 109 75 bu/lo,.
810 1756 55 75 yet
880 1756 25 75 it
918 1756 26 75 is
961 1756 56 75 not
1032 1756 131 75 proper-

182 1802 34 75 ly
233 1802 101 75 called
351 1802 18 75 a
385 1802 91 75 bull;
504 1802 68 75 that
590 1802 89 75 word
691 1802 93 75 bemg
796 1802 144 75 confined
956 1802 34 75 to
1008 1802 105 75 things
1132 1802 31 75 in

182 1848 129 75 relievo.
359 1848 76 75 The
451 1848 68 75 bull
543 1848 26 75 is
587 1848 54 75 the
658 1848 83 75 fame
765 1848 77 75 with
867 1848 85 75 what
977 1848 55 75 the
1049 1848 114 75 Latins

182 1894 100 75 called
300 1894 121 75 henna,
448 1894 83 75 from
548 1894 55 75 the
623 1894 111 75 Greek
751 1894 135 75 hermes.
914 1894 168 75 Mercury,
1108 1894 59 75 the

182 1941 101 75 image
300 1941 40 75 of
351 1941 70 75 that
437 1941 62 75 god
518 1941 92 75 being
627 1941 184 75 frequently
828 1941 199 75 reprefented
1042 1941 33 75 in
1092 1941 70 75 that

181 1985 130 75 manner
326 1985 43 75 by
381 1985 55 75 the
451 1985 192 75 Athenians.

133 2032 243 75 BUSTARD,
402 2032 31 75 in
450 2032 218 75 ornithology.
719 2032 61 75 See
797 2032 114 75 Qtis.

132 2076 280 75 BUSTUARJI,
452 2076 31 75 in
516 2076 127 75 Roman
670 2076 170 75 antiquity,
882 2076 173 75 gladiators
1086 2076 75 75 who

179 2120 115 75 fought
310 2120 98 75 about
423 2120 54 75 the
495 2120 135 75 buftum,
655 2120 37 75 or
708 2120 122 75 funeral
847 2120 62 75 pile
927 2120 39 75 of
977 2120 18 75 a
1010 2120 151 75 deceafed

178 2167 111 75 perfon
305 2167 40 75 of
359 2167 188 75 diftinriion,
572 2167 32 75 in
617 2167 54 75 the
683 2167 168 75 ceremony
864 2167 38 75 of
913 2167 55 75 his
980 2167 178 75 obfequies.

226 2213 83 75 This
322 2213 117 75 cuftom
456 2213 64 75 was
534 2213 100 75 found
650 2213 35 75 to
700 2213 38 75 be
750 2213 59 75 lefs
827 2213 171 75 barbarous
1016 2213 75 75 than
1105 2213 55 75 the

179 2259 63 75 firft
258 2259 135 75 practice
411 2259 62 75 was
493 2259 40 75 of
543 2259 175 75 facrificing
735 2259 140 75 captives
898 2259 32 75 at
952 2259 53 75 the
1024 2259 134 75 buftum,

178 2306 36 75 or
241 2306 41 75 on
311 2306 55 75 the
390 2306 89 75 tomb
507 2306 39 75 of
569 2306 170 75 warriors;
765 2306 152 75 inftancts
945 2306 149 75 whereof
1112 2306 47 75 we

174 2352 85 75 meet
275 2352 77 75 with
370 2352 78 75 both
465 2352 32 75 in
514 2352 127 75 Roman
658 2352 64 75 and
737 2352 113 75 Greek
873 2352 204 75 antiquities:
1104 2352 56 75 the

175 2399 99 75 blood
289 2399 72 75 fpilt
378 2399 40 75 o*
442 2399 64 75 this
535 2399 154 75 occafion,
715 2399 63 75 was
795 2399 152 75 fuppofed
964 2399 35 75 to
1015 2399 141 75 appeafe,

174 2445 44 75 by
233 2445 71 75 way
320 2445 41 75 of
371 2445 150 75 facrifice,
546 2445 56 75 the
614 2445 133 75 infernal
766 2445 93 75 gods,
884 2445 69 75 that
966 2445 78 75 they
1057 2445 102 75 might

174 2492 40 75 be
231 2492 87 75 more
339 2492 175 75 propitious
530 2492 34 75 to
581 2492 56 75 the
652 2492 107 75 manes
777 2492 39 75 of
829 2492 53 75 the
899 2492 162 75 deceafed.

127 2539 294 75 BUSTUARL/E
448 2539 187 75 moech^e,
660 2539 170 75 according
854 2539 35 75 to
910 2539 96 75 feme,
1034 2539 123 75 women

174 2584 69 75 that
259 2584 35 75 w'
294 2584 48 75 ere
358 2584 92 75 hired
466 2584 34 75 to
517 2584 192 75 accompany
727 2584 54 75 the
798 2584 136 75 funeral,
960 2584 62 75 and
1040 2584 118 75 lament

174 2631 54 75 the
254 2631 62 75 lofs
344 2631 41 75 of
407 2631 55 75 the
491 2631 172 75 deceafed:
689 2631 59 75 but
764 2631 108 75 others
891 2631 54 75 are
960 2631 40 75 of
1012 2631 141 75 opinion,

172 2677 71 75 that
259 2677 78 75 they
364 2677 84 75 were
475 2677 108 75 rather
610 2677 55 75 the
692 2677 89 75 more
797 2677 145 75 common
961 2677 194 75 proftitutes,

173 2724 79 75 that;
269 2724 90 75 Rood
383 2724 114 75 among
519 2724 54 75 the
597 2724 120 75 tombs,
742 2724 126 75 graves,
893 2724 60 75 and
971 2724 93 75 other
1079 2724 77 75 fuch

173 2770 104 75 lonely
295 2770 118 75 places.

126 2817 216 75 BUSTUM,
368 2817 32 75 in
430 2817 170 75 antiquity,
627 2817 19 75 a
672 2817 146 75 pyramid
846 2817 38 75 or
911 2817 62 75 pile
998 2817 40 75 of
1060 2817 96 75 wood

175 2864 82 75 upon
274 2864 104 75 which
408 2864 82 75 were
518 2864 160 75 anciently
706 2864 111 75 placed
841 2864 56 75 the
923 2864 110 75 bodies
1049 2864 41 75 of
1101 2864 55 75 the

174 2908 161 75 deceafed,
360 2908 31 75 in
409 2908 95 75 order
531 2908 34 75 to
594 2908 38 75 be
660 2908 108 75 burnt.
820 2908 96 75 Some
934 2908 130 75 authors
1089 2908 67 75 fay,

174 2954 111 75 that.it
310 2954 61 75 was
400 2954 147 75 properly
572 2954 103 75 called
691 2954 123 75 buftum
837 2954 87 75 after,
936 2954 56 75 the
1007 2954 147 75 burning,

1268 183 92 75 quaji
1373 183 76 75 lene
1464 183 114 75 njlum'
1578 183 11 75 ,
1616 183 70 75 that
1703 183 110 75 before
1838 183 56 75 the
1911 183 136 75 burning
2062 183 26 75 it
2104 183 64 75 was
2186 183 79 75 cal--

1264 229 54 75 led
1331 229 92 75 pyra,
1449 229 62 75 and
1527 229 116 75 during
1660 229 55 75 the
1731 229 148 75 burning,
1905 229 107 75 rogus.

1310 276 76 75 The
1403 276 122 75 buftum
1542 276 32 75 in
1591 276 55 75 the
1664 276 140 75 Campus
1821 276 140 75 Martius
1979 276 65 75 was
2068 276 181 75 encompaf-

1264 321 53 75 fed
1335 321 103 75 round
1455 321 78 75 with
1550 321 99 75 white
1665 321 98 75 ftone,
1790 321 62 75 and
1869 321 38 75 an
1924 321 69 75 iron
2012 321 69 75 rail.

1217 369 246 75 BUTCHER,
1490 369 18 75 a
1525 369 111 75 perfon
1663 369 74 75 who
1753 369 174 75 flaughters
1944 369 97 75 cattle
2059 369 51 75 for
2127 369 55 75 the
2198 369 53 75 ufe

1264 414 39 75 of
1315 414 55 75 the
1386 414 99 75 table,
1511 414 38 75 or
1565 414 74 75 who
1662 414 68 75 cuts
1748 414 42 75 up
1807 414 62 75 and
1887 414 107 75 retails
2012 414 53 75 the
2083 414 95 75 fame.

1311 460 129 75 Among
1453 460 54 75 the
1524 460 124 75 ancient
1664 460 156 75 Romans,
1847 460 90 75 there
1955 460 83 75 were
2054 460 90 75 three
2157 460 93 75 kinds

1262 506 40 75 of
1319 506 184 75 eftablifhed
1514 506 163 75 butchers,
1703 506 106 75 whofe
1825 506 93 75 office
1935 506 64 75 was
2016 506 34 75 to
2063 506 117 75 furnifh
2195 506 55 75 the

1263 552 65 75 city
1348 552 76 75 with
1443 552 56 75 the
1515 552 160 75 neceffary
1693 552 109 75 cattle,
1828 552 62 75 and
1907 552 34 75 to
1954 552 74 75 take
2044 552 71 75 care
2128 552 40 75 of
2179 552 71 75 pre-

1262 600 111 75 paring
1390 600 63 75 and
1481 600 137 75 vending
1646 600 82 75 their
1755 600 85 75 fleffi.
1889 600 76 75 The
1982 600 94 75 fuarii
2093 600 172 75 providedi

1261 645 101 75 hogs;
1389 645 55 75 the
1462 645 137 75 pecuarii
1626 645 38 75 or
1688 645 113 75 boarii,
1827 645 93 75 other
1948 645 110 75 cattle,
2083 645 169 75 efpecially

1261 691 84 75 oxen
1358 691 10 75 ;
1395 691 62 75 and
1475 691 99 75 under
1591 691 86 75 thefe
1695 691 63 75 was
1770 691 20 75 a
1814 691 203 75 fubordinate
2033 691 91 75 clafs,
2143 691 121 75 whofe;

1262 738 90 75 office
1381 738 63 75 was
1473 738 34 75 to
1535 738 72 75 kill,
1632 738 104 75 called
1762 738 88 75 lanii,
1882 738 63 75 and
1969 738 174 75 carnifices.
2191 738 58 75 To

1261 784 140 75 exercife
1429 784 55 75 the
1511 784 92 75 office
1631 784 41 75 of
1695 784 134 75 butcher
1857 784 115 75 among
1989 784 56 75 the
2063 784 85 75 Jews
2167 784 81 75 with

1262 831 175 75 dexterity,
1464 831 63 75 was
1544 831 40 75 of
1596 831 88 75 more
1713 831 178 75 reputation
1908 831 76 75 than
2008 831 34 75 to
2058 831 206 75 underftand.

1264 877 55 75 the
1335 877 112 75 liberal
1464 877 64 75 arts
1547 877 62 75 and
1625 877 149 75 fciences.
1822 877 100 75 They
1938 877 81 75 have
2036 877 18 75 a
2071 877 85 75 book
2173 877 76 75 con-

1263 923 128 75 cerning
1415 923 357 75 fhamble-conftitution
1786 923 9 75 ;
1822 923 63 75 and
1901 923 30 75 in
1950 923 67 75 cafe
2034 923 40 75 of
2086 923 61 75 any
2163 923 83 75 diffi-

1263 969 100 75 culty,
1388 969 78 75 they
1493 969 96 75 apply
1611 969 35 75 to
1674 969 84 75 fome
1786 969 129 75 learned
1940 969 89 75 rabbi
2046 969 51 75 for
2115 969 131 75 advice:

1263 1015 57 75 nor
1348 1015 65 75 wa-s
1439 1015 62 75 any
1528 1015 136 75 allowed
1690 1015 35 75 to
1752 1015 130 75 pradtife
1909 1015 64 75 this
1991 1015 60 75 art,
2077 1015 136 75 without
2221 1015 29 75 ~a

1262 1062 118 75 licence
1397 1062 32 75 in
1446 1062 107 75 form;
1580 1062 107 75 which
1707 1062 80 75 gave
1814 1062 56 75 the
1886 1062 86 75 man,
1998 1062 82 75 upon
2099 1062 165 75 evidence;

1262 1109 39 75 of
1311 1109 48 75 his
1377 1109 149 75 abilities,
1552 1109 19 75 a
1594 1109 108 75 power
1731 1109 32 75 to
1791 1109 58 75 kill
1878 1109 96 75 meat,
1996 1109 61 75 and
2082 1109 108 75 others
2212 1109 36 75 to

1262 1154 51 75 eat
1330 1154 86 75 what
1434 1154 41 75 he
1501 1154 100 75 killed
1616 1154 9 75 ;
1654 1154 155 75 provided
1831 1154 40 75 he
1888 1154 155 75 carefully
2059 1154 76 75 read
2152 1154 96 75 every

1261 1201 90 75 week
1377 1201 52 75 for
1457 1201 61 75 one
1546 1201 89 75 year,
1661 1201 62 75 and
1750 1201 97 75 every
1862 1201 112 75 month
1992 1201 55 75 the
2064 1201 77 75 next
2158 1201 89 75 year,

1262 1247 61 75 and
1340 1247 77 75 once
1441 1247 17 75 a
1475 1247 131 75 quarter
1622 1247 115 75 during
1752 1247 50 75 his
1825 1247 70 75 life,
1921 1247 55 75 the
1993 1247 183 75 conftitutio'
2176 1247 21 75 n
2213 1247 34 75 a-

1262 1293 79 75 bove
1358 1293 195 75 mentioned.
1603 1293 66 75 We
1696 1293 82 75 have
1804 1293 86 75 fome
1909 1293 76 75 very
2000 1293 85 75 good
2102 1293 76 75 laws
2197 1293 51 75 for

1259 1339 54 75 the
1330 1339 104 75 better
1453 1339 178 75 regulation
1659 1339 62 75 and
1749 1339 186 75 preventing
1960 1339 54 75 the
2032 1339 108 75 abufes
2158 1339 88 75 com<

1260 1385 114 75 mitted
1389 1385 44 75 by
1450 1385 164 75 butchers.
1664 1385 33 75 A
1710 1385 134 75 butcher
1860 1385 70 75 that
1944 1385 69 75 fells
2027 1385 124 75 fwine’s
2168 1385 76 75 flefti

1258 1432 156 75 meazled,
1440 1432 36 75 or
1493 1432 83 75 dead
1592 1432 39 75 of
1651 1432 55 75 the
1724 1432 152 75 murrain,
1902 1432 50 75 for
1970 1432 54 75 the
2041 1432 63 75 firft
2121 1432 141 75 offence-

1258 1477 74 75 fiiall
1350 1477 39 75 be
1417 1477 168 75 amerced;
1612 1477 51 75 for
1691 1477 54 75 the
1769 1477 130 75 fecond,
1924 1477 81 75 have
2029 1477 55 75 the
2101 1477 117 75 pillory
2231 1477 10 75 ;

1260 1524 51 75 for
1328 1524 55 75 the
1400 1524 99 75 third,
1527 1524 40 75 be
1589 1524 190 75 imprifoned
1806 1524 62 75 and
1895 1524 92 75 make
2004 1524 83 75 fine;
2114 1524 62 75 and
2192 1524 52 75 for

1258 1570 55 75 the
1338 1570 121 75 fourth,
1486 1570 111 75 abjure
1619 1570 56 75 the
1711 1570 99 75 town.
1860 1570 159 75 Butchers
2045 1570 56 75 not
2131 1570 112 75 felling

1252 1616 90 75 .meat
1366 1616 33 75 it
1422 1616 180 75 reafonable
1621 1616 114 75 prices,
1760 1616 77 75 Ihall
1854 1616 109 75 forfeit
1980 1616 117 75 double
2115 1616 54 75 the
2186 1616 55 75 va-

1257 1662 63 75 lue,
1345 1662 134 75 leviable
1497 1662 43 75 by
1556 1662 138 75 warrant
1717 1662 40 75 of
1776 1662 66 75 two
1861 1662 129 75 juftices
2009 1662 41 75 of
2060 1662 54 75 the
2132 1662 108 75 peace.

1257 1710 54 75 No
1330 1710 134 75 butcher
1479 1710 76 75 ffiall
1577 1710 58 75 kill
1664 1710 61 75 any
1753 1710 73 75 fiefa
1857 1710 32 75 in
1907 1710 48 75 his
1973 1710 267 75 fealding-houfe,

1256 1754 36 75 or
1309 1754 111 75 within
1438 1754 55 75 the
1510 1754 89 75 walls
1623 1754 40 75 of
1674 1754 153 75 London,
1853 1754 40 75 on
1918 1754 71 75 pain
2012 1754 34 75 to
2063 1754 110 75 forfeit
2189 1754 53 75 far

1254 1801 95 75 every
1378 1801 45 75 ox
1448 1801 36 75 fo
1512 1801 110 75 killed,
1654 1801 81 75 isd.
1761 1801 64 75 and
1852 1801 52 75 for
1920 1801 96 75 every
2032 1801 95 75 other
2144 1801 94 75 beaft,
2254 1801 4 75 .

1255 1847 64 75 8d.
1344 1847 35 75 to
1396 1847 39 75 be
1451 1847 129 75 divided
1596 1847 136 75 betwixt
1744 1847 54 75 the
1812 1847 76 75 king
1899 1847 61 75 and
1973 1847 55 75 the
2041 1847 196 75 profecutor.

1192 1894 330 75 Butcher-bird,
1548 1894 32 75 in
1603 1894 219 75 ornithology-.
1873 1894 62 75 See
1951 1894 82 75 Lan
2041 1894 9 75 1
2058 1894 59 75 us.

1205 1940 394 75 BurcHER’srBROOM,
1625 1940 33 75 in
1680 1940 132 75 botany.
1863 1940 61 75 See
1941 1940 177 75 Ruscus.

1204 1987 145 75 BUTE,
1375 1987 38 75 an
1441 1987 98 75 iftand
1566 1987 44 75 of
1630 1987 165 75 Scotland,
1821 1987 99 75 lying'
1937 1987 33 75 in
1999 1987 55 75 the
2071 1987 111 75 mouth
2201 1987 41 75 of

1252 2032 54 75 the
1333 2032 79 75 frith
1440 2032 40 75 of
1506 2032 118 75 Clyde,
1650 2032 93 75 fouth
1767 2032 40 75 of
1830 2032 113 75 Cowal
1967 2032 31 75 in
2018 2032 218 75 Argyleffiire.

1252 2077 32 75 It
1299 2077 87 75 gives
1404 2077 54 75 the
1486 2077 71 75 title
1574 2077 40 75 of
1625 2077 64 75 earl
1707 2077 35 75 to
1759 2077 18 75 a
1799 2077 118 75 branch
1935 2077 40 75 of
1986 2077 55 75 the
2059 2077 110 75 Stuart
2187 2077 51 75 fa-
2249 2077 7 75 -

1250 2123 91 75 mily.
1390 2123 85 75 Bute
1502 2123 62 75 and
1593 2123 155 75 Cathnefs
1775 2123 76 75 fend
1877 2123 76 75 only
1968 2123 60 75 one
2044 2123 141 75 member
2201 2123 34 75 to
2250 2123 4 75 .

1250 2172 186 75 parliament
1462 2172 106 75 betwe'
1568 2172 49 75 en.
1634 2172 99 75 them,
1759 2172 77 75 each
1865 2172 147 75 choofing
2034 2172 32 75 in
2088 2172 41 75 its
2146 2172 88 75 turn,

1250 2217 146 75 whereof
1408 2217 84 75 Bute
1509 2217 57 75 has
1584 2217 54 75 the
1655 2217 72 75 firft.

1203 2262 63 75 BU
1279 2262 102 75 FEO,
1407 2262 32 75 in
1467 2262 226 75 ornithology^
1711 2262 55 75 the
1793 2262 106 75 trivial
1921 2262 92 75 name
2029 2262 41 75 of
2076 2262 23 75 a
2115 2262 119 75 fpeciqs

1251 2309 39 75 of
1302 2309 97 75 falco.
1450 2309 62 75 See
1529 2309 146 75 Falco.

1203 2356 212 75 BUTLER,
1442 2356 55 75 the
1509 2356 91 75 name
1617 2356 158 75 anciently
1791 2356 144 75 given-to
1952 2356 38 75 an
2007 2356 109 75 officer
2126 2356 36 75 in
2177 2356 56 75 the

1248 2401 92 75 court
1355 2401 40 75 of
1406 2401 135 75 France,
1566 2401 94 75 being
1672 2401 55 75 the
1739 2401 83 75 fame
1839 2401 33 75 as
1884 2401 56 75 the
1950 2401 101 75 grand
2063 2401 167 75 echanfon,

1245 2448 36 75 or
1295 2448 90 75 great
1401 2448 188 75 cup-bearer
1605 2448 39 75 of
1656 2448 55 75 the
1727 2448 124 75 prefent
1867 2448 105 75 times.

1200 2493 176 75 Butler,
1401 2493 32 75 in
1450 2493 55 75 tfte
1522 2493 147 75 common
1686 2493 195 75 acceptation
1898 2493 40 75 of
1950 2493 54 75 the
2020 2493 102 75 word,
2147 2493 26 75 is
2191 2493 38 75 an

1247 2543 109 75 officer
1371 2543 32 75 in
1420 2543 53 75 the
1490 2543 111 75 houfes
1629 2543 41 75 of
1691 2543 123 75 princes
1831 2543 62 75 and
1909 2543 89 75 great
2015 2543 83 75 men,
2125 2543 105 75 whofe

1247 2587 152 75 principal
1416 2587 135 75 bufinefs
1568 2587 27 75 is
1610 2587 36 75 to
1662 2587 76 75 look
1753 2587 84 75 after
1853 2587 54 75 the
1922 2587 91 75 wine,
2039 2587 97 75 plate,
2151 2587 77 75 .tie.

1198 2635 301 75 BUTLER-AGE
1528 2635 39 75 of
1589 2635 94 75 wine,
1709 2635 26 75 is
1758 2635 115 75 a-duty
1889 2635 40 75 of
1939 2635 65 75 two
2020 2635 140 75 ffiiilings
2177 2635 52 75 for

1246 2678 94 75 every
1367 2678 56 75 ton
1453 2678 41 75 of
1515 2678 83 75 wine
1624 2678 160 75 imported
1800 2678 41 75 by
1857 2678 179 75 merchants
2048 2678 154 75 ftrangers
2214 2678 11 75 ;

1246 2725 93 75 being
1366 2725 19 75 a
1411 2725 204 75 compefition
1646 2725 30 75 in
1704 2725 63 75 lieu
1786 2725 39 75 of
1836 2725 55 75 the
1907 2725 141 75 liberties
2066 2725 61 75 and
2143 2725 82 75 free-

1244 2772 89 75 aoms
1351 2772 134 75 granted
1512 2772 35 75 to
1574 2772 105 75 them.
1688 2772 43 75 by
1758 2772 77 75 king
1850 2772 86 75 John
1953 2772 62 75 and
2036 2772 143 75 Edward
2196 2772 29 75 I.

1246 2818 43 75 by
1305 2818 18 75 a
1339 2818 126 75 charter
1482 2818 101 75 called
1601 2818 116 75 chafta
1735 2818 206 75 mereatoria.

1293 2866 172 75 Butlerage
1493 2866 64 75 was
1584 2866 168 75 originally
1769 2866 54 75 the
1847 2866 77 75 only
1940 2866 115 75 cuftom
2074 2866 69 75 that
2160 2866 65 75 was

1246 2912 132 75 payable
1394 2912 85 75 upon
1495 2912 55 75 the
1566 2912 206 75 importation
1789 2912 40 75 of
1840 2912 109 75 wines,
1975 2912 61 75 and
2050 2912 62 75 was
2130 2912 95 75 taken

1245 2957 61 75 and
1322 2957 146 75 received
1484 2957 43 75 by
1554 2957 103 75 virtue
1680 2957 40 75 of
1741 2957 57 75 the
1823 2957 86 75 regal
1935 2957 213 75 prerogative,
2174 2957 49 75 for
2264 2957 7 75 .

2170 3011 55 75 the
2235 3011 12 75 _
