2477 3395
489 138 237 75 BUR

1101 138 19 75 (
1179 138 85 75 <594
1320 138 18 75 )

1685 138 228 75 BUS

188 203 51 75 N.
253 203 59 75 lat.
337 203 63 75 and
416 203 55 75 the
487 203 110 75 latter,
622 203 102 75 thirty
741 203 90 75 miles
848 203 97 75 north
962 203 40 75 of
1021 203 153 75 Lincoln,

190 249 31 75 in
242 249 64 75 30°
324 249 60 75 W.
403 249 89 75 long,
518 249 62 75 and
599 249 65 75 53^
685 249 55 75 40'
757 249 47 75 N.
823 249 57 75 lat.

143 295 167 75 Burton
339 295 27 75 is
384 295 64 75 alfo
477 295 54 75 the
559 295 92 75 name
674 295 40 75 of
737 295 18 75 a
771 295 228 75 market-town
1019 295 33 75 in
1067 295 109 75 Weft-

191 341 176 75 moreland,
393 341 97 75 about
507 341 103 75 thirty
626 341 91 75 miles
733 341 184 75 fouth-weft
941 341 39 75 of
1001 341 151 75 Appleby
1166 341 9 75 :

190 389 59 75 W.
269 389 89 75 long.
379 389 17 75 2
396 371 21 49 0
438 389 54 75 35'
492 389 12 75 ,
530 389 47 75 N.
596 389 57 75 lat.
676 389 42 75 54
718 371 21 49 0
764 389 54 75 10'
818 389 11 75 .

143 434 183 75 Burton,
352 434 32 75 in
402 434 55 75 the
473 434 234 75 fea-language,
734 434 18 75 a
779 434 88 75 fmall
895 434 106 75 tackle
1017 434 164 75 confiding

191 481 40 75 of
241 481 66 75 two
324 481 97 75 (Ingle
438 481 124 75 blocks,
589 481 61 75 and
668 481 72 75 may
757 481 39 75 be
812 481 92 75 made
921 481 58 75 faft
995 481 61 75 any
1075 481 106 75 where

189 527 33 75 at
240 527 153 75 pleafure,
420 527 51 75 for
487 527 137 75 holding
643 527 87 75 fmall
752 527 108 75 things
877 527 31 75 in
926 527 64 75 and
1005 527 57 75 out
1078 527 10 75 ;
1119 527 69 75 and!

190 574 66 75 will
284 574 153 75 purchafe
465 574 88 75 more
581 574 76 75 than
687 574 19 75 a
737 574 96 75 fingle
866 574 104 75 tackle
1003 574 79 75 with
1114 574 66 75 two

190 621 127 75 blocks.

141 668 147 75 BURY,
313 668 32 75 in
362 668 198 75 geography,
585 668 19 75 a
620 668 229 75 market-town
865 668 40 75 of
916 668 203 75 Lancafhire,
1146 668 33 75 a-

191 714 77 75 bout
288 714 43 75 30
348 714 90 75 miles
466 714 172 75 fouth-ead
655 714 39 75 of
719 714 172 75 Lancader
905 714 9 75 :
953 714 61 75 W.
1033 714 88 75 long.
1143 714 18 75 2
1161 696 18 49 0

195 763 54 75 20'
249 763 12 75 ,
287 763 47 75 N.
353 763 120 75 lat.-53
473 745 25 49 0
521 763 54 75 36'
575 763 11 75 .

144 808 112 75 Bury
288 808 39 75 St
355 808 212 75 Edmunds,
603 808 50 75 or
653 790 4 49 1
669 808 40 75 St
738 808 206 75 Edmund’s
974 808 126 75 Bury,
1124 808 57 75 the

192 854 223 75 county-town
443 854 40 75 of
508 854 140 75 Suffolk,
673 854 98 75 about
798 854 116 75 twelve
939 854 91 75 miles
1058 854 65 75 ead
1147 854 42 75 of

192 900 221 75 Newmarket,
439 900 63 75 and
525 900 131 75 feventy
678 900 177 75 north-ead
878 900 41 75 of
937 900 140 75 London
1092 900 9 75 :
1136 900 45 75 E.

193 949 88 75 long.
304 949 54 75 45'
358 949 12 75 ,
397 949 47 75 N.
463 949 57 75 lat.
543 949 40 75 52
583 931 24 49 0
628 949 70 75 20'.

145 994 111 75 Bury
275 994 26 75 is
319 994 65 75 alfo
401 994 18 75 a
435 994 82 75 term
534 994 179 75 fometimes
729 994 78 75 ufed
831 994 51 75 for
898 994 55 75 the
976 994 75 75 hole
1068 994 37 75 or
1121 994 61 75 den

193 1040 38 75 of
256 1040 85 75 fome
367 1040 115 75 animal
510 1040 101 75 under
639 1040 138 75 ground,
814 1040 89 75 more
932 1040 121 75 ufualiy
1081 1040 103 75 called

193 1087 144 75 burrow.

239 1134 96 75 Thus
352 1134 49 75 we
417 1134 66 75 fay,
501 1134 56 75 the
573 1134 84 75 bury
667 1134 41 75 of
720 1134 19 75 a
756 1134 96 75 mole,
877 1134 118 75 rabbit,
1022 1134 65 75 fac.

146 1181 142 75 BUSH,
319 1181 18 75 a
353 1181 81 75 term
452 1181 74 75 ufed
544 1181 51 75 for
622 1181 119 75 feveral
759 1181 109 75 (hrubs
884 1181 39 75 of
935 1181 55 75 the
1006 1181 83 75 fame
1106 1181 79 75 kind

194 1227 145 75 growing
368 1227 83 75 clofe
478 1227 148 75 together
641 1227 9 75 :
689 1227 75 75 thus
791 1227 48 75 we
855 1227 66 75 fay,
947 1227 19 75 a
982 1227 199 75 furze-bu(h,

196 1274 248 75 bramble-bu(h,
470 1274 66 75 foe.

146 1320 107 75 Bush
283 1320 26 75 is
337 1320 179 75 fometimes
533 1320 88 75 ufed,
646 1320 30 75 in
695 1320 19 75 a
741 1320 88 75 more
857 1320 126 75 general
1009 1320 97 75 fenfe,
1130 1320 53 75 for

194 1366 61 75 any
269 1366 184 75 affemblage
471 1366 39 75 of
530 1366 91 75 thick
636 1366 154 75 branches
807 1366 196 75 interwoven
1020 1366 62 75 and
1099 1366 83 75 mix-

195 1413 39 75 ed
253 1413 162 75 together.

147 1461 291 75 i?«f7j/«v-BusH,
462 1461 70 75 that
549 1461 75 75 bnfh
641 1461 142 75 wherein
800 1461 55 75 the
872 1461 93 75 Lord
981 1461 158 75 appeared
1149 1461 35 75 to

194 1507 111 75 Mofes
322 1507 35 75 at
367 1507 55 75 the
440 1507 71 75 foot
526 1507 40 75 of
577 1507 110 75 mount
705 1507 126 75 Horeb,
857 1507 35 75 as
909 1507 42 75 he
973 1507 65 75 was
1055 1507 129 75 feeding

194 1554 51 75 his
263 1554 261 75 father-in-law’s
541 1554 113 75 flocks.

244 1600 48 75 As
310 1600 34 75 to
361 1600 55 75 the
433 1600 113 75 perfon
559 1600 69 75 that
641 1600 157 75 appeared
813 1600 32 75 in
857 1600 56 75 the
929 1600 89 75 bufli,
1043 1600 57 75 the
1112 1600 74 75 text

194 1647 83 75 fays,
304 1647 25 75 “
346 1647 93 75 That
467 1647 54 75 the
545 1647 92 75 angel
665 1647 39 75 of
727 1647 55 75 the
807 1647 90 75 Lord
927 1647 156 75 appeared
1106 1647 80 75 unto

197 1694 68 75 him
282 1694 31 75 in
333 1694 17 75 a
367 1694 92 75 flame
472 1694 39 75 of
522 1694 71 75 fire,
619 1694 55 75 out
687 1694 40 75 of
738 1694 55 75 the
805 1694 119 75 middle
937 1694 40 75 of
988 1694 54 75 the
1059 1694 76 75 bufh

196 1740 59 75 hut
271 1740 144 75 whether
443 1740 26 75 it
484 1740 65 75 was
577 1740 18 75 a
623 1740 125 75 created
779 1740 103 75 angel,
908 1740 149 75 fpeaking
1081 1740 31 75 in
1130 1740 55 75 the

197 1787 111 75 perfon
325 1787 39 75 of
387 1787 92 75 God,
504 1787 37 75 or
558 1787 79 75 God
655 1787 137 75 himfelf,
818 1787 38 75 or
885 1787 50 75 (as
960 1787 56 75 the
1041 1787 78 75 mod
1136 1787 50 75 re-

199 1833 110 75 ceived
325 1833 129 75 opinion
481 1833 44 75 is)
551 1833 107 75 Chrid
686 1833 55 75 the
766 1833 66 75 Son
850 1833 39 75 of
912 1833 92 75 God,
1034 1833 55 75 has
1107 1833 81 75 been

198 1879 118 75 matter
332 1879 39 75 of
384 1879 84 75 fome
485 1879 206 75 controverfy
704 1879 115 75 among
831 1879 54 75 the
902 1879 141 75 learned.
1076 1879 112 75 Thofe

199 1927 75 75 who
291 1927 130 75 fuppofe
447 1927 26 75 it
497 1927 41 75 no
555 1927 87 75 more
660 1927 75 75 than
753 1927 38 75 an
809 1927 103 75 angel,
939 1927 81 75 feem
1036 1927 36 75 to
1089 1927 100 75 imply

199 1973 71 75 that
286 1973 25 75 it
329 1973 107 75 would
453 1973 39 75 be
510 1973 18 75 a
544 1973 190 75 diminution
751 1973 40 75 of
809 1973 56 75 the
889 1973 130 75 majedy
1036 1973 39 75 of
1095 1973 92 75 God,

200 2020 36 75 to
253 2020 114 75 appear
383 2020 85 75 upon
485 2020 95 75 every
597 2020 155 75 occafion,
781 2020 168 75 efpecially
966 2020 91 75 when
1074 2020 40 75 he
1131 2020 58 75 has

201 2066 76 75 luch
295 2066 17 75 a
328 2066 133 75 number
478 2066 38 75 of
536 2066 134 75 celedial
694 2066 167 75 mintders,
885 2066 74 75 who
986 2066 74 75 may
1076 2066 42 75 do
1135 2066 55 75 the

201 2114 137 75 bufinefs
356 2114 34 75 as
408 2114 85 75 well.
542 2114 67 75 But
627 2114 194 75 cOnfidering
837 2114 70 75 that
927 2114 81 75 God
1023 2114 25 75 is
1067 2114 125 75 prefent

202 2160 93 75 every
315 2160 119 75 where,
459 2160 58 75 the
534 2160 198 75 notification
751 2160 40 75 of
809 2160 50 75 his
884 2160 146 75 prefence
1047 2160 42 75 by
1106 2160 84 75 fome

204 2207 146 75 outward
376 2207 64 75 fign
468 2207 31 75 in
525 2207 60 75 one
609 2207 208 75 determinate
834 2207 101 75 place,
963 2207 120 75 (which
1105 2207 27 75 is
1150 2207 41 75 all

203 2253 49 75 we
269 2253 93 75 mean
377 2253 43 75 by
437 2253 49 75 his
503 2253 222 75 appearance),
751 2253 28 75 is
802 2253 32 75 in
852 2253 59 75 eur
928 2253 185 75 conception
1132 2253 60 75 lefs

202 2300 162 75 laborious
391 2300 47 75 (if
460 2300 62 75 any
542 2300 91 75 thing
650 2300 161 75 laborious
829 2300 95 75 could
950 2300 44 75 be,
1019 2300 173 75 conceived

205 2347 39 75 of
256 2347 95 75 God)
376 2347 77 75 than
472 2347 18 75 a
516 2347 179 75 delegation
712 2347 40 75 of
775 2347 108 75 angels
898 2347 85 75 upon
1007 2347 96 75 every
1119 2347 73 75 turn

205 2393 85 75 from
315 2393 133 75 heaven,
475 2393 59 75 and
556 2393 97 75 feems
678 2393 32 75 in
733 2393 56 75 the
814 2393 84 75 main
914 2393 36 75 to
968 2393 158 75 illudrate
1143 2393 48 75 ra-

205 2439 72 75 ther
294 2439 77 75 than
388 2439 112 75 debafe
518 2439 52 75 the
588 2439 93 75 glory
696 2439 40 75 of
747 2439 50 75 his
815 2439 110 75 nature
943 2439 61 75 and
1020 2439 172 75 exidence.

207 2485 67 75 But
296 2485 151 75 however
473 2485 64 75 this
555 2485 50 75 be,
631 2485 26 75 it
685 2485 26 75 is
729 2485 84 75 plain
830 2485 69 75 that
927 2485 55 75 the
999 2485 92 75 angel
1119 2485 76 75 here

206 2532 117 75 fpoken
341 2532 40 75 of
401 2532 65 75 was
483 2532 42 75 no
541 2532 129 75 created
686 2532 114 75 being,,
818 2532 83 75 from
926 2532 55 75 the
998 2532 104 75 whole
1119 2532 76 75 con-

208 2579 86 75 text,
320 2579 62 75 and
399 2579 167 75 efpecially
579 2579 83 75 from
679 2579 49 75 his
745 2579 120 75 faying,
892 2579 25 75 “
934 2579 16 75 I
968 2579 55 75 am
1031 2579 55 75 the
1103 2579 94 75 Lord

208 2626 91 75 God,
325 2626 59 75 the.
409 2626 183 75 Jehovah,”
618 2626 62 75 i&c.
714 2626 81 75 fmee
819 2626 64 75 this
911 2626 27 75 is
967 2626 58 75 not
1049 2626 54 75 the
1127 2626 67 75 lan-

209 2672 102 75 guage
340 2672 40 75 of
404 2672 121 75 angels,
550 2672 74 75 who
652 2672 53 75 are
729 2672 117 75 always
870 2672 118 75 known
1015 2672 35 75 to
1067 2672 80 75 expr'
1147 2672 48 75 efs

209 2719 189 75 themfelves
414 2719 32 75 in
458 2719 76 75 fuch
551 2719 129 75 humble
698 2719 96 75 terms
808 2719 33 75 as
858 2719 100 75 thefe,
985 2719 23 75 “
1027 2719 17 75 I
1062 2719 49 75 am
1128 2719 69 75 fent

209 2766 98 75 from.
319 2766 104 75 God;
454 2766 19 75 I
497 2766 49 75 am
571 2766 59 75 thy
655 2766 285 75 fellow-fervant,”
965 2766 65 75 ebv.
1078 2766 32 75 It
1134 2766 26 75 is
1179 2766 18 75 a

209 2812 71 75 vain
298 2812 147 75 pretence
461 2812 35 75 to
514 2812 64 75 fay,
605 2812 68 75 that
700 2812 38 75 an
763 2812 104 75 angel,
891 2812 33 75 as
950 2812 112 75 God’s
1074 2812 121 75 ambaf-

208 2857 105 75 fador,
331 2857 75 75 may
417 2857 93 75 fpeak
528 2857 32 75 in
573 2857 107 75 God’s
696 2857 91 75 name
800 2857 60 75 and
878 2857 111 75 perfon
1006 2857 10 75 ;
1043 2857 52 75 for
1109 2857 88 75 what

209 2904 197 75 ambaffador
429 2904 39 75 of
489 2904 71 75 any.
572 2904 108 75 prince
707 2904 75 75 ever
807 2904 54 75 yet
884 2904 77 75 faid,
989 2904 22 75 “
1031 2904 15 75 I
1073 2904 49 75 am
1141 2904 55 75 the

209 2952 80 75 king
300 2952 38 75 ?”
388 2952 94 75 Since
498 2952 162 75 therefore
677 2952 42 75 no
745 2952 105 75 angel,
876 2952 138 75 without
1036 2952 55 75 the
1114 2952 83 75 guilt

1268 204 40 75 of
1320 204 194 75 blafphemy,
1540 204 95 75 could
1653 204 115 75 affume
1785 204 87 75 thefe
1889 204 112 75 titles';
2028 204 61 75 and
2102 204 79 75 fince
2194 204 66 75 nei-

1269 249 72 75 ther
1357 249 80 75 God
1456 249 55 75 the
1536 249 132 75 Father,
1694 249 60 75 nor
1770 249 55 75 the
1851 249 91 75 Holy
1962 249 118 75 Ghod,
2106 249 53 75 are
2188 249 74 75 ever

1271 297 103 75 called
1391 297 41 75 by
1444 297 56 75 the
1513 297 91 75 name
1616 297 40 75 of
1668 297 104 75 abgel,
1798 297 25 75 i.
1842 297 27 75 e.
1897 297 18 75 a
1926 297 183 75 meffenger,
2136 297 37 75 or
2190 297 72 75 per-

1272 343 53 75 fon
1342 343 81 75 fent,
1448 343 141 75 whereas
1607 343 81 75 God
1712 343 55 75 the
1794 343 67 75 Son
1885 343 27 75 is
1937 343 102 75 galled
2058 343 41 75 by
2116 343 55 75 the
2189 343 73 75 pro-

1272 389 77 75 phet
1365 389 158 75 Malachi,
1551 389 110 75 (chap.
1681 389 46 75 iii.
1750 389 63 75 1.),
1840 389 24 75 “
1881 389 77 75 The
1975 389 88 75 angel
2083 389 39 75 of
2135 389 54 75 the
2208 389 53 75 co-

1274 436 114 75 venant
1403 436 35 75 ;”
1463 436 25 75 it
1504 436 101 75 hence
1621 436 99 75 feems
1738 436 34 75 to
1790 436 123 75 follow,
1938 436 72 75 that
2039 436 63 75 this
2120 436 92 75 angel
2228 436 42 75 of

1275 482 54 75 the
1346 482 93 75 Lord
1457 482 62 75 was
1536 482 80 75 God
1628 482 55 75 the
1702 482 79 75 Son,
1807 482 73 75 who
1899 482 104 75 might
2018 482 79 75 very
2113 482 152 75 properly

1275 529 39 75 be
1338 529 103 75 called
1457 529 39 75 an
1523 529 106 75 angel,
1656 529 131 75 becaufe
1803 529 32 75 in
1860 529 54 75 the
1932 529 117 75 fulnefs
2067 529 39 75 of
2130 529 76 75 time
2223 529 40 75 he

1274 576 64 75 was
1356 576 67 75 fent
1450 576 69 75 into
1543 576 56 75 the
1623 576 103 75 world
1748 576 32 75 in
1809 576 59 75 our
1885 576 87 75 flelh,
1999 576 31 75 as
2057 576 17 75 a
2091 576 172 75 meffenger

1274 622 84 75 from
1375 622 92 75 God,
1493 622 62 75 and
1581 622 101 75 might
1706 622 163 75 therefore
1892 622 93 75 make
2001 622 87 75 thefe
2113 622 51 75 his
2181 622 82 75 tem-

1274 668 117 75 porary
1424 668 205 75 apparitions,
1655 668 143 75 prefages
1830 668 63 75 and
1921 668 215 75 forerunners,
2174 668 33 75 as
2236 668 26 75 it

1274 716 95 75 were,
1395 716 40 75 of
1447 716 49 75 his
1514 716 89 75 more
1619 716 120 75 folemn
1756 716 130 75 million.

1323 762 75 75 The
1411 762 225 75 Mahometans
1649 762 133 75 believe,
1800 762 70 75 that
1876 762 66 75 one
1958 762 40 75 of
2009 762 138 75 Mofes’s
2161 762 101 75 (hoes,

1274 808 56 75 put
1347 808 52 75 off
1409 808 44 75 by
1469 808 66 75 him
1551 808 33 75 as
1601 808 41 75 he
1659 808 90 75 drew
1765 808 74 75 near
1859 808 53 75 the
1929 808 136 75 burning
2083 808 88 75 bufh,
2197 808 64 75 was

1276 855 111 75 placed
1403 855 32 75 in
1453 855 55 75 the
1525 855 57 75 ark
1599 855 38 75 of
1650 855 54 75 the
1721 855 167 75 covenant,
1913 855 32 75 in
1957 855 94 75 order
2068 855 35 75 to
2119 855 145 75 preferve

1276 902 55 75 the
1343 902 145 75 memory
1504 902 40 75 of
1555 902 64 75 this
1636 902 142 75 miracle.

1228 949 208 75 BUSHEL,
1465 949 19 75 a
1510 949 141 75 mealure
1674 949 40 75 of
1736 949 143 75 capacity
1907 949 52 75 for
1981 949 61 75 dry
2070 949 120 75 things,
2229 949 35 75 as

1276 995 102 75 grain,
1404 995 108 75 fruits,
1545 995 61 75 dry
1622 995 99 75 pulfe,
1748 995 52 75 <bc
1846 995 181 75 containing
2050 995 74 75 four
2152 995 110 75 pecks,

1276 1041 37 75 or
1329 1041 88 75 eight
1433 1041 135 75 gallons,
1595 1041 37 75 or
1648 1041 189 75 one-eighth
1854 1041 41 75 of
1907 1041 19 75 a
1942 1041 143 75 quarter.

1324 1088 32 75 A
1385 1088 120 75 bufhel,
1531 1088 44 75 by
1598 1088 36 75 12
1660 1088 114 75 Henry
1791 1088 82 75 VII.
1900 1088 29 75 c.
1951 1088 32 75 5.
2017 1088 26 75 is
2072 1088 34 75 to
2136 1088 126 75 contain

1277 1134 88 75 eight
1382 1134 123 75 gallons
1521 1134 40 75 of
1582 1134 130 75 wheat;
1751 1134 54 75 the
1831 1134 107 75 gallon
1967 1134 88 75 eight
2082 1134 122 75 pounds
2229 1134 41 75 of

1278 1181 207 75 troy-weight
1500 1181 10 75 ;
1538 1181 54 75 the
1605 1181 100 75 ounce
1721 1181 122 75 twenty
1856 1181 156 75 derlings,
2038 1181 59 75 and
2116 1181 55 75 the
2188 1181 76 75 der-

1277 1226 66 75 ling
1359 1226 185 75 thirty-two
1567 1226 118 75 grains,
1711 1226 37 75 or
1765 1226 92 75 corns
1882 1226 38 75 of
1943 1226 104 75 wheat
2072 1226 144 75 growing
2232 1226 32 75 in

1278 1274 55 75 the
1350 1274 92 75 midd
1454 1274 40 75 of
1505 1274 56 75 the
1577 1274 67 75 ear.

1324 1319 46 75 At
1387 1319 103 75 Paris,
1516 1319 55 75 the
1588 1319 106 75 bufhel
1711 1319 25 75 is
1757 1319 130 75 divided
1910 1319 68 75 into
2002 1319 65 75 two
2084 1319 75 75 half
2170 1319 93 75 bu(h-

1276 1364 45 75 els
1337 1364 8 75 ;
1373 1364 55 75 the
1445 1364 73 75 half
1530 1364 106 75 bufhel
1664 1364 68 75 into
1748 1364 66 75 two
1830 1364 111 75 quarts
1956 1364 10 75 ;
1993 1364 55 75 the
2072 1364 93 75 quart
2193 1364 70 75 into

1277 1411 65 75 two
1358 1411 74 75 half
1444 1411 110 75 quarts
1568 1411 10 75 ;
1605 1411 55 75 the
1677 1411 72 75 half
1761 1411 96 75 quart
1872 1411 68 75 into
1956 1411 66 75 two
2033 1411 111 75 litrons
2162 1411 10 75 ;
2200 1411 63 75 and

1276 1458 56 75 the
1348 1458 96 75 litron
1462 1458 68 75 into
1546 1458 66 75 two
1628 1458 73 75 half
1713 1458 125 75 litrons.
1888 1458 51 75 By
1957 1458 18 75 a
1991 1458 144 75 fentence
2148 1458 40 75 of
2208 1458 56 75 the

1277 1504 126 75 provod
1419 1504 39 75 of
1469 1504 56 75 the
1542 1504 180 75 merchants
1739 1504 39 75 of
1800 1504 104 75 Paris,
1933 1504 56 75 the
2004 1504 107 75 bnfhel
2129 1504 26 75 is
2173 1504 34 75 to
2225 1504 39 75 be

1278 1550 87 75 eight
1381 1550 108 75 inches
1506 1550 66 75 two
1592 1550 79 75 lines
1688 1550 63 75 and
1769 1550 18 75 a
1807 1550 72 75 half
1890 1550 90 75 high,
2007 1550 61 75 and
2084 1550 52 75 ten
2154 1550 110 75 inches

1277 1597 31 75 in
1325 1597 153 75 diameter
1492 1597 10 75 ;
1542 1597 56 75 the
1618 1597 96 75 quart
1740 1597 74 75 four
1840 1597 109 75 inches
1974 1597 71 75 nine
2070 1597 77 75 lines
2172 1597 91 75 high,

1278 1643 61 75 and
1355 1643 46 75 fix
1428 1643 108 75 inches
1563 1643 73 75 nine
1664 1643 79 75 lines
1759 1643 82 75 wide
1856 1643 10 75 ;
1904 1643 55 75 the
1986 1643 73 75 half
2080 1643 94 75 quart
2191 1643 73 75 four

1276 1690 109 75 inches
1403 1690 90 75 three
1510 1690 80 75 lines
1607 1690 89 75 high,
1722 1690 61 75 and
1800 1690 60 75 five
1876 1690 109 75 inches
2002 1690 157 75 diameter
2172 1690 8 75 ;
2208 1690 57 75 the

1278 1737 97 75 litron
1403 1737 91 75 three
1517 1737 108 75 inches
1644 1737 60 75 and
1730 1737 19 75 a
1765 1737 73 75 half
1849 1737 89 75 high,
1964 1737 60 75 and
2050 1737 90 75 three
2155 1737 110 75 inches

1279 1783 52 75 ten
1349 1783 78 75 lines
1448 1783 31 75 in
1500 1783 166 75 diameter.
1714 1783 113 75 Three
1851 1783 123 75 bufhels
1993 1783 91 75 make
2102 1783 18 75 a
2136 1783 101 75 minot
2253 1783 10 75 ;

1279 1830 47 75 fix
1326 1862 17 49 r
1357 1830 18 75 a
1391 1830 84 75 mine
1490 1830 8 75 ;
1527 1830 127 75 twelve,
1682 1830 18 75 a
1724 1830 115 75 feptier
1854 1830 9 75 ;
1899 1830 61 75 and
1984 1830 38 75 an
2040 1830 146 75 hundred
2204 1830 63 75 and

1278 1875 191 75 forty-four,
1496 1875 17 75 a
1540 1875 101 75 muid.
1690 1875 39 75 In
1756 1875 94 75 other
1878 1875 86 75 parts
1992 1875 40 75 of
2059 1875 123 75 France
2210 1875 59 75 the

1282 1922 105 75 bufhel
1406 1922 117 75 varies.

1327 1970 82 75 Oats
1426 1970 54 75 are
1498 1970 163 75 meafured
1682 1970 32 75 in
1732 1970 18 75 a
1766 1970 118 75 double
1910 1970 187 75 proportion
2122 1970 35 75 to
2172 1970 96 75 other

1279 2014 120 75 grains,
1422 2014 34 75 fo
1483 2014 70 75 that
1580 2014 211 75 twenty-four
1819 2014 123 75 bufhds
1970 2014 41 75 of
2033 2014 70 75 oats
2132 2014 91 75 make
2248 2014 19 75 a

1279 2060 126 75 feptier,
1431 2060 62 75 and
1513 2060 63 75 288
1596 2060 18 75 a
1641 2060 101 75 muid.
1790 2060 76 75 The
1891 2060 106 75 bufhel
2015 2060 40 75 of
2078 2060 70 75 oats
2173 2060 25 75 is
2217 2060 48 75 di-

1279 2108 96 75 vided
1400 2108 70 75 into
1497 2108 73 75 four
1597 2108 148 75 picotins,
1778 2108 56 75 the
1861 2108 119 75 picotin
2008 2108 68 75 into
2104 2108 66 75 two
2198 2108 74 75 half

1282 2154 123 75 quarts,
1431 2154 37 75 or
1485 2154 72 75 four
1575 2154 124 75 litrons.
1749 2154 153 75 Forfait,
1930 2154 72 75 four
2026 2154 124 75 bufhels
2175 2154 93 75 make

1284 2201 59 75 one
1360 2201 113 75 minot,
1499 2201 61 75 and
1578 2201 45 75 fix
1640 2201 18 75 a
1673 2201 116 75 feptier
1803 2201 11 75 ;
1841 2201 51 75 for
1908 2201 99 75 coals,
2032 2201 88 75 eight
2146 2201 123 75 bufhels

1283 2247 91 75 make
1402 2247 61 75 one
1491 2247 115 75 minot,
1632 2247 118 75 fixteen
1768 2247 19 75 a
1814 2247 96 75 mine,
1936 2247 61 75 and
2028 2247 67 75 320
2112 2247 18 75 a
2154 2247 113 75 muid;

1283 2294 50 75 for
1349 2294 96 75 lime,,
1463 2294 92 75 three
1570 2294 122 75 bufliels
1710 2294 91 75 make
1818 2294 18 75 a
1853 2294 114 75 rainot,
1996 2294 62 75 and
2075 2294 196 75 forty-eight

1284 2340 116 75 minots
1418 2340 19 75 a
1453 2340 100 75 muid.

1237 2387 193 75 BUSKIN,
1463 2387 18 75 a
1510 2387 78 75 kind
1611 2387 40 75 of
1673 2387 84 75 fhoe,
1782 2387 171 75 fomewhat
1981 2387 32 75 in
2040 2387 131 75 manner
2192 2387 41 75 of
2252 2387 18 75 a

1284 2433 90 75 boot,
1400 2433 62 75 and
1479 2433 136 75 adapted
1632 2433 34 75 to
1684 2433 101 75 either
1808 2433 83 75 foot,
1922 2433 61 75 and
1999 2433 89 75 worn
2106 2433 43 75 by
2166 2433 102 75 either

1286 2481 68 75 fex.

1331 2526 85 75 This
1432 2526 70 75 part
1518 2526 39 75 of
1569 2526 98 75 drefs,
1692 2526 149 75 covering
1856 2526 80 75 both
1953 2526 55 75 the
2024 2526 70 75 foot
2111 2526 61 75 and
2189 2526 82 75 mid-

1285 2574 63 75 leg,
1375 2574 63 75 was
1455 2574 66 75 tied
1537 2574 196 75 underneath
1761 2574 56 75 the
1838 2574 82 75 knee
1934 2574 10 75 ;
1970 2574 26 75 it
2020 2574 70 75 wa%
2109 2574 77 75 very
2203 2574 67 75 rich

1287 2620 61 75 and
1365 2620 73 75 fine,
1464 2620 61 75 and
1542 2620 184 75 principally
1745 2620 77 75 ufed
1838 2620 40 75 on
1896 2620 54 75 the
1966 2620 84 75 Page
2067 2620 41 75 by
2121 2620 99 75 afters
2238 2620 32 75 in

1286 2666 146 75 tragedy.
1481 2666 33 75 It
1525 2666 63 75 was
1606 2666 40 75 of
1658 2666 17 75 a
1687 2666 233 75 quadrangular
1934 2666 95 75 form,
2055 2666 63 75 and
2135 2666 138 75 the'foie

1286 2714 63 75 was
1374 2714 34 75 fo
1430 2714 100 75 thick,
1556 2714 32 75 as
1611 2714 84 75 that,
1720 2714 43 75 by
1779 2714 106 75 means
1903 2714 138 75 thereof,
2070 2714 71 75 men
2158 2714 39 75 of
2217 2714 57 75 the

1285 2758 150 75 ordinary
1451 2758 117 75 flature
1583 2758 103 75 might
1712 2758 40 75 be
1777 2758 100 75 raifed
1893 2758 36 75 to
1945 2758 55 75 the
2024 2758 88 75 pitch
2129 2758 62 75 and
2208 2758 65 75 ele-

1286 2805 105 75 vation
1421 2805 39 75 of
1483 2805 56 75 the
1567 2805 115 75 heroes
1708 2805 79 75 they
1810 2805 200 75 perfonated.
2058 2805 77 75 The
2162 2805 122 75 colour-

1288 2853 64 75 was
1381 2853 161 75 generally
1558 2853 113 75 purple
1687 2853 40 75 on
1757 2853 55 75 the
1842 2853 84 75 flage
1939 2853 9 75 :
1974 2853 108 75 herein
2101 2853 26 75 it
2142 2853 65 75 was
2225 2853 48 75 di-

1288 2897 186 75 ftinguifhed
1490 2897 83 75 from
1591 2897 55 75 the
1672 2897 86 75 fock,
1786 2897 89 75 worn
1904 2897 31 75 in
1961 2897 146 75 comedy,
2134 2897 69 75 that
2220 2897 56 75 be-

1288 2947 53 75 ing
1357 2947 76 75 only
1450 2947 18 75 a
1491 2947 65 75 low
1580 2947 147 75 common
1751 2947 86 75 fhoe.
1886 2947 77 75 The
1987 2947 110 75 bufkin
2121 2947 98 75 feems
2240 2947 35 75 to
