2456 3337
657 298 610 90 Encyclopaedia
1366 298 512 90 Britannica;

839 547 86 36 OR,
957 547 39 36 A
1027 547 156 36 NEW
1212 547 25 36 A

344 683 82 90 D
559 683 35 90 I
728 683 61 90 C
921 683 81 90 T
1134 683 36 90 I

1216 850 34 67 o

474 1012 395 67 ARTS
974 1012 125 67 and
1199 1012 36 67 S

690 1337 34 37 A
747 1337 29 37 B

224 1310 170 195 A
396 1430 45 37 A,
467 1430 56 37 the
538 1430 92 37 name
646 1430 41 37 of
697 1430 119 37 feveral
833 1430 100 37 rivers
950 1430 33 37 in
999 1430 150 37 different
1161 1430 87 37 parts

445 1475 39 37 of
497 1475 55 37 the
568 1475 116 37 world,
711 1475 65 37 viz,
807 1475 30 37 i.
862 1475 41 37 of
921 1475 60 37 one
997 1475 33 37 in
1048 1475 150 37 Solagne,
1215 1475 33 37 in

446 1520 138 37 France;
612 1520 34 37 2.
663 1520 40 37 of
714 1520 61 37 one
785 1520 34 37 in
826 1520 126 37 French
960 1520 174 37 Flanders;
1162 1520 34 37 3,
1213 1520 41 37 of

445 1567 91 37 three
550 1567 35 37 in
601 1567 237 37 Switzerland;
865 1567 35 37 4.
918 1567 40 37 of
968 1567 62 37 five
1046 1567 33 37 in
1095 1567 55 37 the
1163 1567 86 37 Low

445 1613 192 37 Countries;
667 1613 33 37 5,
724 1613 41 37 of
783 1613 62 37 five
860 1613 33 37 in
909 1613 221 37 Weftphalia;
1158 1613 36 37 6.
1211 1613 41 37 of

266 1660 61 37 one
343 1660 33 37 in
392 1660 151 37 Livonia.

222 1706 186 37 AABAM,
434 1706 19 37 a
467 1706 95 37 term,
587 1706 116 37 among
719 1706 189 37 alchemifts,
935 1706 51 37 for
997 1706 86 37 lead,

221 1748 150 37 AACH,
395 1748 58 37 the
465 1748 94 37 name
569 1748 42 37 of
623 1748 20 37 a
657 1748 87 37 town
761 1748 63 37 and
839 1748 85 37 river
939 1748 32 37 in
985 1748 140 37 Swabia.
1173 1748 33 37 It
1221 1748 27 37 is

270 1792 65 37 alfo
352 1792 19 37 a
383 1792 91 37 name
491 1792 180 37 fometimes
689 1792 93 37 given
797 1792 333 37 toAix-la-chapelle.

223 1837 148 37 AADE,
396 1837 55 37 the
466 1837 91 37 name
573 1837 41 37 of
634 1837 66 37 two
724 1837 112 37 rivers,
860 1837 62 37 one
943 1837 33 37 in
992 1837 55 37 the
1062 1837 137 37 country
1213 1837 42 37 of

269 1883 54 37 the
339 1883 136 37 Grifons
498 1883 33 37 in
549 1883 225 37 Switzerland,
800 1883 63 37 and
881 1883 56 37 the
961 1883 94 37 other
1077 1883 34 37 in
1135 1883 115 37 Dutch

268 1927 157 37 Brabant.

220 1975 179 37 AAHUS,
424 1975 19 37 a
458 1975 89 37 fmall
562 1975 91 37 town
674 1975 63 37 and
751 1975 120 37 diftrift
886 1975 33 37 in
934 1975 214 37 Weftphalia.

219 2022 122 37 AAM,
367 2022 19 37 a
410 2022 113 37 Dutch
547 2022 140 37 meafure
709 2022 54 37 for
784 2022 134 37 liquids,
942 2022 183 37 containing
1148 2022 100 37 about

266 2069 43 37 63
331 2069 49 37 lb.
404 2069 231 37 avoirdupoife.

220 2113 32 37 A
254 2113 74 37 AM
330 2113 46 37 A,
401 2113 19 37 a
430 2113 149 37 province
596 2113 32 37 in
644 2113 157 37 Barbary,
826 2113 78 37 very
919 2113 85 37 little
1020 2113 130 37 known.

212 2160 130 37 AAR,,
355 2160 54 37 the
419 2160 92 37 name
523 2160 41 37 of
566 2160 69 37 two
646 2160 114 37 rivers,
778 2160 59 37 one
849 2160 32 37 in
887 2160 211 37 Weftphalia,
1112 2160 64 37 and
1185 2160 61 37 one

266 2204 32 37 in
316 2204 225 37 Switzerland,
591 2204 31 37 It
646 2204 26 37 is
696 2204 140 37 likewife
859 2204 55 37 the
938 2204 92 37 name
1054 2204 41 37 of
1114 2204 19 37 a
1157 2204 88 37 fmall

265 2250 99 37 ifland
380 2250 32 37 in
429 2250 54 37 the
500 2250 107 37 Baltic
622 2250 63 37 fea.

220 2298 205 37 AARSEO,
443 2298 20 37 a
474 2298 91 37 town
579 2298 172 37 inAfrica,
768 2298 134 37 fituated
920 2298 75 37 near
1010 2298 56 37 the
1081 2298 113 37 mouth
1202 2298 49 37 of

267 2343 54 37 the
337 2343 83 37 river
435 2343 107 37 Mina.

219 2389 216 37 AATTER,
460 2389 37 37 or
513 2399 59 24 AT
579 2390 88 36 TER,
694 2389 19 37 a
727 2389 150 37 province
894 2383 40 45 of
944 2389 122 37 Arabia
1082 2389 108 37 Felix,
1208 2389 38 37 fi-

267 2435 110 37 tuated
392 2435 41 37 on
447 2435 58 37 the
516 2435 253 37 Red-fea.—N.
776 2435 54 37 'B.
855 2435 61 37 All
923 2435 92 37 other
1027 2435 105 37 places
1141 2435 106 37 which

267 2481 93 37 begin
386 2481 79 37 with
488 2481 20 37 a
530 2481 117 37 double
671 2481 47 37 A,
743 2481 58 37 but
825 2481 90 37 more
938 2481 162 37 generally
1121 2481 126 37 with.a

267 2528 95 37 Angle
378 2528 73 37 one,
467 2528 67 37 will
550 2528 40 37 be
605 2528 138 37 inferted
754 2528 171 37 according
940 2528 37 37 to
992 2528 56 37 the
1063 2528 58 37 laft
1135 2528 111 37 ortho-

266 2574 136 37 graphy.

219 2621 77 37 AB,
320 2621 55 37 the
392 2621 145 37 eleventh
548 2621 111 37 month
668 2621 40 37 of
717 2621 56 37 the
785 2621 74 37 civil
870 2621 77 37 year
958 2621 40 37 of
1008 2621 55 37 the
1073 2621 172 37 Hebrews.

267 2665 32 37 It
316 2665 206 37 correfponds
539 2665 35 37 to
590 2665 70 37 part
676 2665 40 37 of
727 2665 59 37 our
799 2665 82 37 June
898 2665 62 37 and
976 2665 90 37 July,
1091 2665 62 37 and
1169 2665 76 37 con-

266 2711 63 37 fifts
346 2711 41 37 of
399 2711 44 37 30
457 2711 93 37 days.
598 2711 54 37 On
668 2711 56 37 the
737 2711 67 37 firfi
819 2711 41 37 of
870 2711 63 37 this
949 2711 113 37 month
1085 2711 56 37 the
1157 2711 88 37 Jews

266 2757 246 37 commemorate
529 2757 54 37 the
599 2757 97 37 death
713 2757 40 37 of
763 2757 111 37 Aaron
889 2757 45 37 by
950 2757 19 37 a
983 2757 81 37 fall:
1094 2757 77 37 they
1186 2757 59 37 fall

267 2803 64 37 alfo
347 2803 41 37 on
404 2803 56 37 the
476 2803 102 37 ninth,
602 2803 132 37 becaufe
751 2803 41 37 on
808 2803 70 37 that
894 2803 63 37 day
967 2803 80 37 both
1058 2803 56 37 the
1125 2803 120 37 temple

267 2848 40 37 of
319 2848 157 37 Solomon
497 2848 62 37 and
572 2848 73 37 that
660 2848 127 37 erefted
809 2848 82 37 after
910 2848 55 37 the
991 2848 153 37 captivity
1158 2848 86 37 were

267 2895 108 37 burnt.
410 2895 76 37 The
501 2895 83 37 fame
597 2895 62 37 day
674 2895 27 37 is
716 2895 67 37 alfo
795 2895 196 37 remarkable
1001 2895 54 37 for
1067 2895 56 37 the
1139 2895 103 37 publi-

269 2942 103 37 cation
389 2942 39 37 of
439 2942 150 37 Adrian’s
606 2942 94 37 edi£t,
725 2942 196 37 prohibiting
936 2942 55 37 the
1011 2942 86 37 Jews
1115 2942 35 37 to
1163 2942 80 37 look,

268 2988 91 37 back,
383 2988 77 37 even
477 2988 93 37 when
586 2988 32 37 at
633 2988 20 37 a
667 2988 149 37 dillance,
841 2988 84 37 upon
942 2988 188 37 Jerufalem,
1151 2988 39 37 or
1206 2988 35 37 to

315 3037 96 30 VOL.
428 3032 30 37 I.
482 3032 72 37 No.,
576 3032 30 37 x.

1287 544 26 37 D
1343 538 398 45 COMPLETE

1303 674 70 90 O
1502 674 85 90 N
1718 674 79 90 A
1928 674 77 90 R
2130 674 73 90 Y

1298 866 28 45 F

1308 1006 48 67 C
1421 1006 28 67 I
1512 1006 54 67 E
1631 1006 61 67 N
1756 1006 49 67 C
1871 1006 53 67 E
1990 1011 63 60 S.

1740 1332 147 37 ABA

1345 1425 119 37 lament
1480 1425 41 37 its
1532 1425 195 37 defolation.
1774 1425 78 37 The
1869 1425 84 37 lamp
1969 1425 41 37 of
2020 1425 56 37 the
2093 1425 175 37 fanfluary,
2294 1425 32 37 m

1345 1471 56 37 the
1413 1471 77 37 time
1501 1471 41 37 of
1548 1471 110 37 Ahaz,
1676 1471 65 37 was
1754 1471 222 37 extinguifhed
1991 1471 42 37 on
2049 1471 56 37 the
2117 1471 92 37 night
2220 1471 40 37 of
2271 1471 57 37 the

1347 1517 92 37 18th,
1464 1517 54 37 for
1533 1517 106 37 which
1656 1517 109 37 reafon
1782 1517 55 37 the
1856 1517 87 37 Jews
1964 1517 60 37 fall
2046 1517 71 37 that
2138 1517 77 37 day.
2266 1517 62 37 See

1344 1563 259 36 ASTRONOMY,
1630 1562 55 37 Of
1697 1562 54 37 the
1766 1562 136 37 divijion
1916 1562 43 37 of
1973 1562 89 37 time.

1296 1611 76 37 AB,
1397 1611 33 37 in
1446 1611 56 37 the
1515 1611 113 37 Syriac
1644 1611 166 37 kalendar,
1834 1611 27 37 is
1880 1611 54 37 the
1950 1611 90 37 name
2052 1611 42 37 of
2104 1611 55 37 the
2171 1611 57 37 laft
2242 1611 85 37 fum-

1344 1654 211 37 mer-month.

1297 1698 335 37 ABACATUAIA,
1658 1698 31 37 in
1705 1698 223 37 ichthyology,
1954 1698 19 37 a
1986 1698 174 37 barbarous
2183 1698 92 37 name
2292 1698 42 37 of

1344 1745 55 37 the
1415 1745 78 37 zeus
1509 1745 122 37 vomer,
1657 1745 18 37 a
1691 1745 54 37 fifh
1762 1745 172 37 belonging
1946 1745 38 37 to
2000 1745 56 37 the
2072 1745 144 37 thoracic
2231 1745 96 37 order

1341 1790 219 37 ofLinnasus.
1610 1790 63 37 See
1690 1800 115 24 ZEUS.

1297 1837 129 37 ABAC
1429 1837 77 37 AY,
1523 1837 20 37 a
1553 1837 173 37 barbarous
1741 1837 89 37 name
1840 1837 41 37 of
1886 1837 20 37 a
1916 1837 117 37 fpecies
2045 1837 41 37 of
2096 1837 57 37 the
2164 1837 160 37 pfittacus,

1344 1882 38 37 or
1397 1882 122 37 parrot.
1569 1882 63 37 See
1647 1883 241 36 PSITTACUS.

1297 1930 178 37 ABACH,
1502 1930 19 37 a
1547 1930 87 37 town
1658 1930 33 37 in
1707 1930 148 37 Bavaria,
1879 1930 137 37 fituated
2041 1930 43 37 on
2100 1930 55 37 the
2171 1930 153 37 Danube,

1344 1976 19 37 a
1377 1976 85 37 little
1479 1976 100 37 above
1595 1976 170 37 Ratilbon.

1296 2022 282 37 ABACISCUS.
1628 2022 62 37 See
1706 2023 172 36 ABACUS.

1295 2069 178 37 ABACO,
1499 2069 19 37 a
1532 2069 95 37 term,
1645 2069 115 37 among
1773 2069 125 37 ancient
1910 2069 137 37 writers,
2065 2069 53 37 for
2127 2069 196 37 arithmetic.

1293 2114 64 37 AB
1361 2114 146 37 ACOA,
1531 2114 57 37 the
1620 2114 91 37 name
1733 2114 42 37 of
1800 2114 61 37 one
1887 2114 42 37 of
1936 2114 74 37 "the
2025 2114 144 37 Bahama
2195 2114 127 37 iflands.

1343 2160 61 37 See
1420 2161 183 36 BAHAMA.

1293 2206 213 37 ABACOT,
1531 2206 55 37 the
1603 2206 91 37 name
1711 2206 40 37 of
1763 2206 39 37 an
1819 2206 125 37 ancient
1960 2206 57 37 cap
2029 2206 41 37 of
2080 2206 79 37 ftate
2172 2206 91 37 worn
2278 2206 45 37 by

1340 2252 56 37 the
1411 2252 92 37 kings
1520 2252 40 37 of
1570 2252 162 37 England,
1757 2252 56 37 the
1825 2252 102 37 upper
1949 2252 72 37 part
2036 2252 149 37 whereof
2201 2252 66 37 was
2288 2252 35 37 in

1342 2298 55 37 the
1413 2298 85 37 form
1512 2298 42 37 of
1564 2298 20 37 a
1598 2298 118 37 double
1727 2298 121 37 crown.

1294 2344 305 37 ABACTORES,
1629 2344 38 37 or
1693 2345 224 36 ABACTORS,
1949 2344 19 37 a
1990 2344 82 37 term
2100 2344 52 37 for
2181 2344 76 37 fuch
2285 2344 35 37 as

1343 2390 91 37 carry
1442 2390 96 37 offer
1549 2390 89 37 drive
1650 2390 90 37 away
1752 2390 19 37 a
1781 2390 105 37 whole
1897 2390 81 37 herd
1986 2390 42 37 of
2033 2390 96 37 cattle
2136 2390 45 37 by
2191 2390 128 37 Health.

1294 2437 241 37 ABACTUS,
1560 2437 40 37 an
1615 2437 140 37 obfolete
1770 2437 95 37 term,
1891 2437 116 37 among
2022 2437 188 37 phyficians,
2231 2437 54 37 for
2300 2437 20 37 a

1343 2483 197 37 mifearriage
1555 2483 159 37 procured
1729 2483 43 37 by
1788 2483 63 37 art.

1294 2529 206 37 ABACUS,
1525 2529 18 37 a
1557 2529 86 37 table
1658 2529 134 37 ftrewed
1806 2529 78 37 over
1898 2529 81 37 with
1994 2529 70 37 duft
2079 2529 38 37 or
2127 2529 88 37 fand,
2233 2529 86 37 upon

1341 2574 104 37 which
1469 2574 54 37 the
1545 2574 124 37 ancient
1688 2574 270 37 mathematicians
1977 2574 90 37 drew
2082 2574 84 37 their
2187 2574 129 37 figures,

1342 2620 30 37 It
1389 2620 63 37 alfo
1468 2620 141 37 fignified
1624 2620 19 37 a
1658 2620 174 37 cupboard,
1849 2620 38 37 or
1899 2620 117 37 buffet.

1292 2668 205 37 ABACUS,
1522 2668 32 37 in
1571 2668 220 37 architeflure,
1815 2668 135 37 fignifies
1965 2668 56 37 the
2036 2668 141 37 fuperior
2191 2668 72 37 part
2279 2668 39 37 or

1339 2713 141 37 member
1495 2713 40 37 of
1553 2713 57 37 the
1619 2713 121 37 capital
1765 2713 41 37 of
1826 2713 18 37 a
1869 2713 139 37 column,
2034 2713 62 37 and
2121 2713 103 37 ferves
2246 2713 34 37 as
2297 2713 21 37 a

1340 2759 78 37 kind
1433 2759 40 37 of
1485 2759 162 37 crowning
1661 2759 36 37 to
1710 2759 93 37 both.
1851 2759 33 37 It
1900 2759 64 37 was
1982 2759 169 37 originally
2165 2759 152 37 intended

1339 2806 36 37 to
1386 2806 158 37 reprefent
1561 2806 18 37 a
1589 2806 114 37 fquare
1718 2806 57 37 tile
1791 2806 149 37 covering
1956 2806 19 37 a
1990 2806 120 37 bafket.
2142 2806 77 37 The
2230 2806 86 37 form

1339 2853 41 37 of
1402 2853 56 37 the
1480 2853 116 37 abacus
1620 2853 26 37 is
1670 2853 57 37 not
1750 2853 56 37 the
1829 2853 83 37 fame
1935 2853 31 37 in
1984 2853 42 37 all
2042 2853 129 37 orders:
2203 2853 32 37 in
2258 2853 57 37 the

1336 2899 142 37 Tufcan,
1500 2899 120 37 Doric,
1638 2899 63 37 and
1716 2899 103 37 Ionic,
1835 2899 70 37 it‘is
1921 2899 163 37 generally
2098 2899 132 37 fquare;
2256 2899 59 37 but

1336 2945 31 37 in
1393 2945 55 37 the
1464 2945 192 37 Corinthian
1681 2945 63 37 and
1766 2945 197 37 Compofite,
1987 2945 42 37 its
2055 2945 75 37 four
2155 2945 79 37 fides
2260 2945 55 37 are

1337 2993 119 37 arched
1467 2993 156 37 irAvards,
1648 2993 63 37 and
1732 2993 204 37 embellilhed
1957 2993 34 37 in
2018 2993 55 37 the
2093 2993 120 37 middle
2233 2993 81 37 with

1782 3035 35 45 A

2226 3041 86 37 fome
