2477 3395
569 202 230 75 BRA

1113 202 19 75 (
1193 202 37 75 6j

219 276 36 75 to
271 276 55 75 the
337 276 97 75 houfe
451 276 39 75 of
500 276 142 75 Auftria,
667 276 55 75 the
745 276 114 75 capital
882 276 162 75 Bruffels;
1070 276 63 75 and
1149 276 55 75 the

223 322 58 75 reft
304 322 36 75 to
356 322 55 75 the
428 322 126 75 Dutch,
580 322 85 75 their
681 322 114 75 capital
812 322 119 75 Breda.

176 366 272 75 BRABEjUM,
475 366 31 75 in
522 366 133 75 botany,
681 366 18 75 a
716 366 98 75 genus
827 366 39 75 of
886 366 54 75 the
952 366 176 75 tetrandria
1139 366 67 75 mo-

223 413 137 75 nogynia
383 413 90 75 clafs.
521 413 77 75 The
622 413 121 75 corolla
767 413 27 75 is
820 413 105 75 below
947 413 56 75 the
1026 413 92 75 fruit,
1144 413 62 75 and

223 460 123 75 confifts
363 460 40 75 of
415 460 72 75 four
507 460 113 75 petals.
670 460 31 75 It
717 460 56 75 has
787 460 41 75 no
845 460 85 75 calix
943 460 9 75 ;
979 460 55 75 the
1051 460 77 75 fruit
1146 460 24 75 is
1190 460 18 75 a

224 506 92 75 hairy
350 506 113 75 drupe,
497 506 41 75 of
564 506 38 75 an
635 506 72 75 oval
742 506 112 75 figure.
920 506 112 75 There
1067 506 27 75 is
1131 506 77 75 only

226 553 60 75 one
310 553 129 75 fpecies,
470 553 69 75 viz.
571 553 55 75 the
651 553 232 75 ftellatiferum,
918 553 18 75 a
961 553 104 75 native
1088 553 38 75 of
1147 553 60 75 JtL-

224 599 135 75 thiopia.

178 644 304 75 BRABEUTES,
508 644 36 75 or
567 644 228 75 Brabeuta,
820 644 31 75 in
878 644 171 75 antiquity,
1076 644 38 75 an
1139 644 69 75 offi-

225 692 53 75 cer
302 692 115 75 among
442 692 54 75 the
525 692 142 75 Greeks,
701 692 73 75 who
799 692 140 75 prefided
964 692 32 75 at
1019 692 55 75 the
1102 692 108 75 public

224 739 121 75 games,
362 739 63 75 and
440 739 135 75 decided
585 739 224 75 contrbverfies
826 739 70 75 that
912 739 164 75 happened
1095 739 115 75 among

224 786 56 75 the
307 786 190 75 antagonifts
525 786 31 75 in
584 786 55 75 the
672 786 202 75 gymnaftical
902 786 169 75 exercifes.
1132 786 79 75 The

226 830 133 75 number
376 830 39 75 of
436 830 158 75 brabeutae
615 830 61 75 was
703 830 55 75 not
782 830 109 75 fixed;
917 830 178 75 fometimes
1120 830 89 75 there

226 878 64 75 was
307 878 76 75 only
399 878 73 75 one,
498 878 57 75 but
579 878 88 75 more
686 878 183 75 commonly
894 878 77 75 they
987 878 172 75 amounted
1176 878 33 75 to

228 924 71 75 nine
316 924 36 75 or
365 924 66 75 ten.

180 970 296 75 BRACCIANO,
501 970 19 75 a
540 970 85 75 town
643 970 40 75 of
703 970 37 75 St
758 970 122 75 Peter’s
898 970 190 75 patrimony,
1113 970 98 75 about

227 1017 113 75 twelve
357 1017 90 75 miles
464 1017 94 75 north
575 1017 40 75 of
634 1017 118 75 Rome,
778 1017 133 75 fituated
928 1017 41 75 on
986 1017 56 75 the
1059 1017 73 75 weft
1148 1017 62 75 fide

227 1065 39 75 of
286 1065 16 75 a
320 1065 83 75 lake,
429 1065 34 75 t<j
480 1065 103 75 which
601 1065 25 75 it
643 1065 87 75 gives
748 1065 89 75 name
851 1065 9 75 ;
889 1065 44 75 E.
951 1065 88 75 long.
1058 1065 38 75 13
1096 1047 20 49 0
1116 1065 14 75 ,
1148 1065 61 75 and

228 1113 47 75 N.
293 1113 56 75 lat.
370 1113 41 75 42
411 1095 20 49 0
431 1113 14 75 .

181 1157 161 75 BRACE
354 1157 27 75 is
395 1157 180 75 commonly
586 1157 93 75 taken
697 1157 51 75 for
764 1157 18 75 ft
794 1157 112 75 couple
923 1157 37 75 or
971 1157 80 75 pair,
1077 1157 62 75 and
1156 1157 52 75 ap-

229 1203 84 75 plied
326 1203 42 75 by
381 1203 164 75 huntfmen
563 1203 34 75 to
597 1235 9 49 (
606 1203 126 75 feveral
749 1203 98 75 beafts
860 1203 41 75 of
911 1203 104 75 game,
1033 1203 32 75 as
1083 1203 18 75 a
1117 1203 93 75 brace

231 1251 42 75 of
292 1251 114 75 bucks,
432 1251 106 75 foxes,
563 1251 106 75 hares,

183 1292 145 75 Brace,
353 1292 36 75 or
403 1292 168 75 Brasse,
597 1292 26 75 is
641 1292 66 75 alfio
722 1292 17 75 a
756 1292 123 75 foreign
897 1292 152 75 meafure,
1075 1292 132 75 anfwer-

229 1343 53 75 ing
305 1343 35 75 to
357 1343 58 75 our
432 1343 137 75 fathom.
620 1343 61 75 See
698 1343 182 75 Fathom.

182 1389 145 75 Brack,
352 1389 31 75 in
400 1389 219 75 architedlure,
637 1389 17 75 a
667 1389 86 75 piece
765 1389 39 75 of
814 1389 116 75 timber
942 1389 122 75 framed
1080 1389 32 75 in
1130 1389 77 75 with

232 1435 82 75 bevil
334 1435 114 75 joints,
473 1435 55 75 the
544 1435 53 75 ufe
613 1435 39 75 of
664 1435 23 75 w
695 1435 74 75 hich
786 1435 27 75 is
830 1435 34 75 to
887 1435 81 75 keep
995 1435 56 75 the
1067 1435 144 75 building

230 1482 82 75 from
336 1482 154 75 fwerving
507 1482 102 75 either
632 1482 85 75 way.
766 1482 109 75 When
899 1482 56 75 the
971 1482 94 75 brace
1089 1482 26 75 is
1144 1482 64 75 fra-

228 1528 74 75 med
318 1528 68 75 into
401 1528 55 75 the
473 1528 164 75 kinglefles
661 1528 38 75 or
726 1528 152 75 principal
907 1528 127 75 rafters,
1059 1528 26 75 it
1112 1528 26 75 is
1166 1528 44 75 by

195 1556 18 49 9
228 1574 85 75 fome
331 1574 101 75 called
449 1574 17 75 a
484 1574 89 75 ftrut.

180 1620 170 75 Braces,
375 1620 31 75 in
427 1620 297 75 thefea-language,
749 1620 54 75 are
819 1620 92 75 ropes
927 1620 172 75 belonging
1115 1620 36 75 to
1167 1620 43 75 all

228 1667 55 75 the
303 1667 95 75 yards
419 1667 39 75 of
476 1667 18 75 a
513 1667 78 75 (hip,
617 1667 114 75 except
754 1667 58 75 the
835 1667 116 75 mizen,
978 1667 68 75 two
1072 1667 36 75 to
1133 1667 75 75 each

228 1714 91 75 yard,
345 1714 115 75 reeved
488 1714 137 75 through
644 1714 111 75 blocks
771 1714 70 75 that
859 1714 52 75 are
928 1714 139 75 faftened
1083 1714 34 75 to
1135 1714 75 75 pen-

229 1760 103 75 nants,
358 1760 106 75 feized
483 1760 35 75 to
542 1760 54 75 the
621 1760 208 75 yard-arms..
860 1760 105 75 Their
989 1760 51 75 ufe
1057 1760 26 75 is
1106 1760 104 75 either

228 1806 35 75 to
279 1806 127 75 fquare,
429 1806 36 75 or
482 1806 136 75 traverfe
635 1806 55 75 die
702 1806 108 75 yards.
860 1806 112 75 Hence
991 1806 35 75 to
1043 1806 93 75 brace
1154 1806 55 75 the

229 1853 91 75 yard,
346 1853 26 75 is
389 1853 36 75 to
441 1853 91 75 bring
554 1853 25 75 it
596 1853 34 75 to
647 1853 101 75 either
765 1853 75 75 fide.
903 1853 56 75 All
982 1853 110 75 braces
1118 1853 90 75 come

228 1898 136 75 aftward
388 1898 54 75 on,
469 1898 33 75 as
529 1898 55 75 the
610 1898 83 75 main
711 1898 96 75 brace
834 1898 106 75 comes
968 1898 35 75 to
1031 1898 55 75 the
1112 1898 95 75 poop,

229 1946 55 75 the
301 1946 227 75 main-top-fail
546 1946 93 75 brace
657 1946 108 75 comes
788 1946 35 75 to
851 1946 55 75 the
929 1946 190 75 mizen-top,
1147 1946 63 75 and

229 1992 113 75 thence
359 1992 35 75 to
410 1992 55 75 the
490 1992 80 75 main
590 1992 148 75 ftllouds:
766 1992 75 75 The
865 1992 69 75 fore
961 1992 60 75 and
1049 1992 157 75 fore-top-

229 2038 55 75 fail
301 2038 107 75 braces
426 2038 89 75 come
531 2038 93 75 down
650 2038 42 75 by
709 2038 55 75 the
789 2038 82 75 main
895 2038 62 75 and
979 2038 229 75 main-top-fail

229 2084 93 75 flays,
347 2084 63 75 and
434 2084 33 75 fo
495 2084 40 75 of
557 2084 56 75 the
638 2084 72 75 reft.
769 2084 67 75 But
864 2084 55 75 the
949 2084 143 75 mizen-b
1103 2084 105 75 iwline

229 2131 105 75 ferves
349 2131 35 75 to
402 2131 93 75 brace
511 2131 35 75 to
570 2131 55 75 the
642 2131 90 75 yard,
758 2131 61 75 and
836 2131 55 75 the
909 2131 173 75 crofs-jack
1098 2131 111 75 braces

231 2177 52 75 are
301 2177 139 75 brought
458 2177 155 75 forwards
631 2177 35 75 to
693 2177 54 75 the
763 2177 84 75 main
864 2177 145 75 (broads,
1033 2177 92 75 when
1154 2177 56 75 the

230 2223 65 75 (hip
311 2223 70 75 fails
399 2223 81 75 clofe
500 2223 43 75 by
561 2223 17 75 a
596 2223 95 75 wind.

183 2269 213 75 BRACED,
419 2269 31 75 in
464 2269 165 75 heraldry,
654 2269 19 75 a
699 2269 81 75 term
809 2269 50 75 for
887 2269 54 75 the
971 2269 237 75 intermingling

229 2315 89 75 three
335 2315 199 75 cheorooels.
584 2315 61 75 See
663 2315 91 75 Plate
771 2315 62 75 LI.
860 2315 41 75 fig
938 2315 53 75 18.

183 2361 274 75 BRACELET,
483 2361 39 75 an
538 2361 166 75 ornament
730 2361 88 75 worn
846 2361 41 75 on
914 2361 56 75 the
993 2361 95 75 wrift,
1113 2361 95 75 much

230 2409 74 75 ufed
322 2409 113 75 among
451 2409 55 75 the
524 2409 158 75 ancients:
702 2409 32 75 It
746 2409 64 75 was
823 2409 92 75 made
932 2409 39 75 of
981 2409 149 75 different
1142 2409 67 75 ma-

203 2455 4 75 •
229 2455 122 75 terials,
376 2455 60 75 and
456 2455 32 75 in
504 2455 150 75 different
671 2455 147 75 falhions,
843 2455 170 75 according
1030 2455 34 75 to
1080 2455 56 75 the
1152 2455 57 75 age

230 2498 63 75 and
308 2498 124 75 quality
448 2498 39 75 of
499 2498 54 75 the
570 2498 130 75 wearer.

279 2543 163 75 Bracelets
459 2543 52 75 are
527 2543 59 75 flill
605 2543 87 75 v/orn
715 2543 42 75 by
786 2543 55 75 the
868 2543 125 75 favages
1020 2543 42 75 of
1082 2543 126 75 Africa,

231 2593 75 75 who
322 2593 52 75 are
397 2593 33 75 fo
457 2593 189 75 excelfively
668 2593 79 75 fond
774 2593 40 75 of
835 2593 99 75 them,
960 2593 34 75 as
1018 2593 35 75 to
1069 2593 70 75 give
1155 2593 54 75 the

208 2640 4 75 '
231 2640 115 75 richeft
377 2640 221 75 commodities
636 2640 61 75 and
725 2640 76 75 even
831 2640 83 75 their
942 2640 133 75 fathers,
1100 2640 110 75 wives,

232 2687 61 75 and
311 2687 154 75 children,
489 2687 31 75 in
539 2687 162 75 exchange
719 2687 50 75 for
785 2687 89 75 thofe
890 2687 92 75 made
998 2687 38 75 of
1049 2687 41 75 no
1108 2687 102 75 richer

230 2729 159 75 materials
406 2729 76 75 than
498 2729 105 75 (hells,
628 2729 93 75 glafs,
747 2729 111 75 beads,
882 2729 62 75 and
959 2729 55 75 the
1038 2729 65 75 like

287 2776 163 75 Bracelets
484 2776 40 75 of
548 2776 89 75 .glafs
670 2776 60 75 pay
763 2776 16 75 3
792 2776 27 75 s.
855 2776 144 75 Sd^d..
1033 2776 56 75 the
1121 2776 87 75 fmall

232 2825 97 75 grofs,
349 2825 186 75 containing
545 2825 114 75 twelve
678 2825 133 75 bundles
827 2825 36 75 or
878 2825 124 75 dickers
1014 2825 10 75 ;
1044 2825 75 75 and,
1135 2825 30 75 if
1176 2825 39 75 of

231 2872 55 75 the
303 2872 122 75 French
440 2872 226 75 roanufaifture,
684 2872 77 75 they
777 2872 61 75 pay
856 2872 19 75 4
884 2872 27 75 s.
935 2872 129 75 1d.
1091 2872 50 75 for
1154 2872 55 75 the

232 2917 81 75 (ame
325 2917 166 75 quantity:
517 2917 34 75 A
566 2917 255 75 proportionable
845 2917 168 75 drawback
1030 2917 27 75 is
1074 2917 136 75 allowed

230 2965 30 75 in
285 2965 74 75 each
380 2965 80 75 cafe.

184 3008 303 75 BRACHLEUS,
513 3008 30 75 in
570 3008 161 75 anatomy,
764 3008 56 75 the
844 3008 91 75 name
967 3008 44 75 of
1030 3008 17 75 a
1077 3008 129 75 mufcle.

228 3058 59 75 See
312 3058 33 75 p.
368 3058 80 75 197..

1238 203 34 75 ;8
1333 203 18 75 )

1683 203 231 75 BRA

1253 274 443 75 Coraco-BKAClllAhlS,
1737 274 33 75 in
1798 274 165 75 anatomy,
1979 274 5 75 .
2000 274 57 75 the
2089 274 91 75 name
2212 274 40 75 of
2271 274 18 75 a

1260 300 4 49 :
1300 318 130 75 mufcle.
1481 318 60 75 See
1566 318 32 75 p.
1621 318 77 75 196.

1255 365 328 75 BRACHIONUS,
1609 365 31 75 in
1659 365 149 75 zoology.
1860 365 270 75 SeeLABELLA.

1255 412 274 75 BRACHIUM,
1555 412 36 75 or
1615 412 104 75 Arm,
1745 412 32 75 in
1801 412 160 75 anatomy,
1988 412 60 75 one
2066 412 40 75 of
2124 412 163 75 theTupe-

1304 457 63 75 rior
1385 457 196 75 extremities
1607 457 40 75 of
1669 457 54 75 the
1751 457 116 75 human
1896 457 98 75 body,
2020 457 268 75 comprehending

1303 503 54 75 the
1383 503 191 75 Scapula,
1608 503 55 75 the
1686 503 54 75 Os
1773 503 166 75 humeri,
1969 503 56 75 the
2050 503 143 75 Cubit,
2227 503 62 75 and

1302 549 55 75 the
1374 549 125 75 Hand.
1551 549 61 75 See
1628 549 87 75 rhefe
1732 549 139 75 articles.

1256 596 303 75 BRACHMINS,
1586 596 17 75 a
1628 596 62 75 fed!
1719 596 40 75 of
1780 596 112 75 Indian
1921 596 220 75 philofophers
2167 596 116 75 known

1303 642 35 75 to
1355 642 54 75 the
1426 642 126 75 ancient
1567 642 128 75 Greeks
1713 642 43 75 by
1772 642 56 75 the
1855 642 91 75 name
1962 642 41 75 of
2026 642 270 75 Gymnofophijis..

1302 691 79 75 Thb
1396 691 124 75 ancient
1539 691 179 75 brachmins
1727 691 84 75 lived
1828 691 83 75 upon
1924 691 94 75 herbs
2032 691 60 75 and
2110 691 96 75 puife,
2226 691 65 75 and

1305 735 158 75 abftained
1480 735 82 75 from
1580 735 95 75 every
1692 735 90 75 thing
1800 735 69 75 that
1885 735 65 75 had
1965 735 57 75 life
2038 735 31 75 in
2086 735 37 75 it.
2187 735 110 75 They,

1304 780 83 75 lived
1404 780 31 75 in
1452 780 135 75 folitude
1604 780 137 75 without
1757 780 204 75 matrimony,
1986 780 62 75 and
2065 780 135 75 without
2214 780 72 75 pro-

1303 826 111 75 perty:
1442 826 61 75 and
1519 826 75 75 they
1609 826 114 75 wifhed
1739 826 147 75 ardently
1904 826 50 75 for
1965 826 109 75 death,
2092 826 204 75 confideiing.

1302 874 57 75 life
1376 874 75 75 only
1468 874 33 75 as
1519 874 18 75 a
1549 874 136 75 burden.
1734 874 76 75 The
1839 874 130 75 modern
1986 874 189 75 brachmans
2193 874 92 75 make

1303 920 42 75 up
1362 920 60 75 one
1445 920 40 75 of
1503 920 55 75 the
1586 920 76 75 cafts
1691 920 37 75 or
1751 920 155 75 tribes-of
1925 920 55 75 the
1997 920 141 75 banians.
2188 920 96 75 They

1304 966 52 75 are
1373 966 54 75 the
1444 966 108 75 pr.efts
1570 966 39 75 of
1627 966 68 75 that
1713 966 123 75 people,
1860 966 61 75 and
1939 966 137 75 perform
2095 966 83 75 their
2194 966 92 75 office

1304 1013 40 75 of
1356 1013 131 75 praying
1505 1013 59 75 and
1583 1013 132 75 reading
1728 1013 55 75 the
1798 1013 74 75 law,
1900 1013 77 75 with
2002 1013 116 75 feveral
2147 1013 138 75 mimical

1304 1059 149 75 gefturef,
1473 1059 59 75 and
1550 1059 17 75 a
1584 1059 78 75 kind
1677 1059 40 75 of
1723 1059 180 75 quavering
1914 1059 101 75 voice.
2041 1059 97 75 They
2150 1059 132 75 believe,

1304 1105 81 75 that,
1412 1105 30 75 in
1469 1105 60 75 the'
1540 1105 181 75 beginning,
1746 1105 134 75 nothing
1898 1105 56 75 but
1971 1105 78 75 God
2066 1105 61 75 and
2145 1105 54 75 the
2216 1105 62 75 wa-

1304 1151 48 75 ter
1369 1151 132 75 exifted,
1527 1151 62 75 and
1615 1151 71 75 that
1714 1151 55 75 the
1796 1151 143 75 fiipreme
1955 1151 115 75 Being,
2096 1151 136 75 defirous
2250 1151 34 75 to

1303 1200 104 75 create
1424 1200 55 75 the
1497 1200 113 75 world,
1636 1200 112 75 caufed
1776 1200 56 75 the
1860 1200 68 75 leaf
1952 1200 39 75 of
2014 1200 18 75 a
2060 1200 77 75 tree^
2163 1200 32 75 in
2205 1200 4 75 ,
2227 1200 56 75 the

1303 1244 90 75 (hape
1410 1244 40 75 of
1462 1244 17 75 a
1491 1244 86 75 child
1594 1244 127 75 playing
1734 1244 75 75 with
1823 1244 40 75 its
1876 1244 90 75 great
1983 1244 52 75 toe
2051 1244 32 75 in
2099 1244 41 75 its
2158 1244 123 75 mouth,

1303 1290 34 75 to
1354 1290 76 75 float
1447 1290 40 75 on
1505 1290 55 75 the
1577 1290 112 75 water.
1723 1290 97 75 From
1836 1290 41 75 its
1895 1290 88 75 navel
2001 1290 205 75 thereiiffued
2221 1290 58 75 out

1302 1337 18 75 a
1335 1337 120 75 flower,
1482 1337 128 75 whence
1634 1337 118 75 Brama
1767 1337 87 75 drew
1876 1337 48 75 his
1952 1337 146 75 original,
2124 1337 72 75 who
2214 1337 63 75 was

1302 1383 153 75 intrufred
1471 1383 40 75 by
1529 1383 79 75 God
1626 1383 76 75 with
1725 1383 55 75 the
1797 1383 139 75 creation
1954 1383 39 75 of
2006 1383 54 75 the
2079 1383 112 75 world,
2218 1383 61 75 and

1302 1429 132 75 prefides
1451 1429 77 75 over
1544 1429 24 75 it
1585 1429 78 75 with
1692 1429 39 75 an
1755 1429 141 75 abfolute
1925 1429 48 75 fw'
1973 1429 47 75 ay.
2068 1429 98 75 They
2189 1429 90 75 make

1302 1475 41 75 no
1359 1475 175 75 diftimffion
1551 1475 142 75 between
1710 1475 56 75 the
1782 1475 82 75 fouls
1877 1475 39 75 of
1926 1475 70 75 men
2010 1475 62 75 and
2083 1475 122 75 brutes,
2223 1475 59 75 but

1303 1522 52 75 fay
1372 1522 55 75 the
1444 1522 123 75 dignity
1584 1522 39 75 of
1635 1522 54 75 the
1706 1522 116 75 human
1839 1522 67 75 foul
1923 1522 124 75 confifts
2060 1522 31 75 in
2103 1522 94 75 being
2214 1522 67 75 pla-

1304 1568 58 75 ced
1378 1568 31 75 in
1435 1568 18 75 a
1478 1568 105 75 better
1606 1568 99 75 body,
1730 1568 63 75 and
1815 1568 117 75 having
1955 1568 88 75 more
2062 1568 87 75 room
2167 1568 35 75 to
2218 1568 61 75 dif-

1302 1614 74 75 play
1392 1614 40 75 its
1449 1614 157 75 faculties.
1646 1614 99 75 They
1761 1614 94 75 allow
1871 1614 39 75 of
1922 1614 138 75 rewards
2079 1614 58 75 and
2157 1614 123 75 puniffi-

1303 1661 102 75 ments
1423 1661 83 75 after
1523 1661 63 75 this
1603 1661 77 75 life;
1707 1661 62 75 and
1795 1661 81 75 havh
1900 1661 33 75 fo
1957 1661 89 75 great
2063 1661 18 75 a
2099 1661 199 75 veneration,

1302 1708 51 75 for
1370 1708 97 75 cows,
1493 1708 69 75 that
1580 1708 76 75 they
1671 1708 77 75 look
1776 1708 41 75 on
1846 1708 186 75 themfelves
2050 1708 32 75 as
2100 1708 128 75 blefled,
2254 1708 31 75 if

1301 1754 77 75 they
1395 1754 56 75 can
1475 1754 57 75 but
1548 1754 52 75 die
1622 1754 79 75 with
1717 1754 56 75 the
1789 1754 56 75 tail
1867 1754 39 75 of
1918 1754 61 75 one
1993 1754 41 75 of
2045 1754 86 75 them
2147 1754 32 75 in
2197 1754 84 75 their

1300 1801 97 75 hand.
1446 1801 98 75 They
1568 1801 79 75 have
1665 1801 165 75 preferved
1846 1801 84 75 fonre
1948 1801 93 75 noble
2053 1801 173 75 fragments
2245 1801 41 75 of

1303 1847 55 75 the
1375 1847 187 75 knowledge
1579 1847 40 75 of
1635 1847 55 75 the
1706 1847 124 75 ancient
1854 1847 186 75 bracbmans
2101 1847 98 75 They
2228 1847 53 75 are

1301 1894 104 75 fkiiful
1422 1894 260 75 arithmeticians,
1707 1894 62 75 and
1785 1894 165 75 calculate,
1977 1894 77 75 with
2067 1894 89 75 great
2171 1894 109 75 exadt-

1302 1939 81 75 nefs,
1402 1939 127 75 eclipfes
1542 1939 38 75 of
1592 1939 55 75 the
1665 1939 54 75 fun
1739 1939 61 75 and
1816 1939 107 75 moon.
1956 1939 98 75 They
2070 1939 53 75 are
2140 1939 141 75 remark-

1302 1986 68 75 able
1388 1986 50 75 for
1455 1986 84 75 their
1555 1986 149 75 religious
1721 1986 185 75 aufterities.
1963 1986 74 75 One
2057 1986 40 75 of
2116 1986 85 75 them
2222 1986 57 75 has

1301 2032 77 75 been
1395 2032 116 75 known
1531 2032 34 75 to
1581 2032 91 75 make
1689 2032 18 75 a
1723 2032 83 75 vow,
1831 2032 36 75 to
1883 2032 84 75 wear
1986 2032 97 75 about
2099 2032 54 75 his
2165 2032 79 75 neck
2262 2032 18 75 a

1300 2078 102 75 heavy
1418 2078 88 75 colar
1522 2078 39 75 of
1575 2078 69 75 iron
1662 2078 51 75 for
1729 2078 18 75 a
1762 2078 212 75 confiderable
1998 2078 76 75 time
2086 2078 9 75 :
2129 2078 149 75 Another

1302 2125 142 75 to-chain
1460 2125 174 75 himfelfby
1656 2125 54 75 the
1727 2125 69 75 foot
1812 2125 34 75 to
1864 2125 19 75 a
1902 2125 80 75 tree,
2008 2125 79 75 with
2107 2125 17 75 a
2143 2125 68 75 firm
2230 2125 47 75 re-

1301 2171 138 75 folution
1455 2171 34 75 to
1505 2171 52 75 die
1574 2171 32 75 in
1624 2171 68 75 that
1709 2171 108 75 place:
1844 2171 76 75 And
1944 2171 133 75 another
2092 2171 35 75 to
2143 2171 83 75 walk
2243 2171 33 75 in

1299 2218 134 75 wooden
1453 2218 102 75 (hoes,
1579 2218 88 75 (luck
1683 2218 60 75 full
1759 2218 38 75 of
1809 2218 79 75 nails
1905 2218 41 75 on
1957 2218 56 75 the
2029 2218 109 75 infide.
2170 2218 107 75 Their

1302 2264 105 75 divine
1424 2264 132 75 worfhip
1572 2264 123 75 confifts
1712 2264 119 75 chiefly
1847 2264 40 75 of
1909 2264 197 75 proceffions,
2132 2264 92 75 made
2248 2264 34 75 in

1301 2310 124 75 honour
1441 2310 40 75 of
1492 2310 83 75 their
1590 2310 124 75 deities.
1763 2310 100 75 They
1878 2310 80 75 have
1983 2310 19 75 a
2016 2310 8 75 '
2024 2310 121 75 college
2167 2310 33 75 at
2216 2310 63 75 Ba-

1303 2357 87 75 nara,
1415 2357 18 75 a
1450 2357 64 75 city
1534 2357 105 75 feated
1655 2357 40 75 on
1713 2357 54 75 the
1784 2357 144 75 Ganges.

1255 2404 410 75 BRACHYGRAPHY,
1679 2404 54 75 the
1748 2404 48 75 art
1808 2404 40 75 of
1854 2404 187 75 (hortrhand
2053 2404 139 75 writing.
2220 2404 61 75 See

1304 2449 271 75 Short-hand.

1255 2495 372 75 BRACHYPTERA,
1645 2495 17 75 a
1675 2495 81 75 term
1772 2495 75 75 ufed
1862 2495 44 75 by
1921 2495 228 75 Willoughby,
2167 2495 34 75 to
2223 2495 55 75 de-

1301 2543 75 75 note
1392 2543 89 75 thofe
1496 2543 109 75 hawks
1624 2543 102 75 which
1743 2543 81 75 have
1843 2543 84 75 their
1943 2543 100 75 wings
2067 2543 33 75 fo
2122 2543 98 75 (hort,
2246 2543 34 75 as

1303 2589 55 75 not
1380 2589 37 75 to
1440 2589 94 75 reach
1558 2589 35 75 to
1618 2589 54 75 the
1688 2589 62 75 end
1766 2589 39 75 of
1817 2589 54 75 the
1887 2589 77 75 tail:
1992 2589 52 75 Of
2054 2589 63 75 this
2134 2589 76 75 kin^l
2227 2589 53 75 are

1300 2635 54 75 the
1382 2635 70 75 gofs
1469 2635 108 75 hawk,
1602 2635 260 75 fparrow-hawk,
1897 2635 65 75 &c.

1253 2681 422 75 BRACHYPYRENIA,
1700 2681 31 75 in
1749 2681 54 75 the
1820 2681 119 75 hiftory
1955 2681 40 75 of
2013 2681 106 75 foffils,
2145 2681 18 75 a
2179 2681 98 75 genus

1301 2727 40 75 of
1351 2727 154 75 feptarias,
1529 2727 79 75 with
1625 2727 18 75 a
1658 2727 87 75 (hart
1760 2727 146 75 roundiffi
1922 2727 142 75 nucleus.
2114 2727 61 75 See
2192 2727 86 75 Sep-

1303 2773 48 75 ta
1359 2773 89 75 Rim.

1255 2820 503 75 BRACHYTELOSTYLA,
1783 2820 32 75 in
1833 2820 123 75 natural
1973 2820 129 75 hiftory,
2121 2820 53 75 the
2186 2820 92 75 name

1302 2867 42 75 by
1360 2867 104 75 which
1481 2867 54 75 Dr
1550 2867 163 75 HilBcalls
1730 2867 89 75 thofe
1836 2867 140 75 cryftals,
2003 2867 101 75 which
2124 2867 51 75 are
2190 2867 87 75 com-

1302 2913 95 75 pofed
1414 2913 40 75 of
1471 2913 18 75 a
1505 2913 86 75 (hort
1617 2913 200 75 hexangular
1843 2913 139 75 column,
2023 2913 187 75 terminated
2244 2913 33 75 at

1302 2958 76 75 each
1395 2958 61 75 end
1473 2958 41 75 by
1527 2958 38 75 an
1577 2958 196 75 hexangular
1789 2958 156 75 pyramid.
1997 2958 61 75 See
2075 2958 201 75 Crystal.

1254 3004 241 75 BRACKET,
1521 3004 115 75 among
1653 3004 192 75 carpenters,
1871 3004 64 75 fcc.
1962 3004 17 75 a
1995 3004 76 75 kind
2089 3004 39 75 of
2141 3004 134 75 wooden

1299 3053 78 75 flay,
1402 3053 123 75 ferving
1541 3053 35 75 to
1592 3053 128 75 (import
1737 3053 136 75 (helves,-
1892 3053 63 75 and
1970 3053 56 75 the
2042 3053 75 75 like.
2126 3097 150 75 Brack-
