2397 3387
623 164 35 49 B
720 164 17 49 1
798 182 37 75 B

1183 182 18 75 (
1260 182 84 75 546
1401 182 19 75 )

1767 182 206 75 BIB

223 244 77 75 ance
315 244 36 75 to
367 244 55 75 the
438 244 144 75 Hebrew
592 244 108 75 Bible,
717 244 54 75 for
786 244 56 75 the
858 244 54 75 ufe
929 244 40 75 of
980 244 56 75 the
1052 244 101 75 Jews.
1190 244 68 75 But

222 289 125 75 though
370 289 42 75 he
434 289 154 75 followed
612 289 101 75 Hugo
732 289 33 75 in
788 289 51 75 his
862 289 132 75 divifion
1018 289 40 75 of
1076 289 56 75 the
1156 289 102 75 books

222 337 70 75 into
308 337 161 75 chapters,
488 337 40 75 he
545 337 119 75 refined
680 337 85 75 upon
778 337 49 75 his
843 337 162 75 invention
1018 337 34 75 as
1069 337 35 75 to
1118 337 55 75 the
1185 337 72 75 fub-

221 384 143 75 divifion,
391 384 63 75 and
469 384 168 75 contrived
659 384 71 75 that
746 384 44 75 by
801 384 106 75 verfes
919 384 9 75 :
955 384 65 75 this
1045 384 95 75 being
1157 384 104 75 found

222 430 36 75 to
275 430 40 75 be
338 430 18 75 a
372 430 95 75 much
487 430 90 75 more
594 430 189 75 convenient
798 430 146 75 method,
968 430 26 75 it
1010 430 58 75 has
1089 430 79 75 been
1185 430 75 75 ever

221 477 81 75 fince
317 477 167 75 followed.
535 477 78 75 And
638 477 88 75 thus,
759 477 34 75 as
810 477 56 75 the
890 477 87 75 Jews
1007 477 171 75 borrowed
1202 477 57 75 the

221 524 131 75 divifion
369 524 41 75 of
428 524 57 75 the
499 524 103 75 books
619 524 40 75 of
677 524 56 75 the
744 524 79 75 holy
839 524 171 75 fcriptures
1026 524 69 75 into
1111 524 148 75 chapters

220 571 84 75 from
321 571 55 75 the
393 571 189 75 Chriftians,
607 571 32 75 in
662 571 65 75 like
752 571 131 75 manner
909 571 55 75 the
990 571 175 75 Chriftians
1182 571 76 75 bor-

219 618 111 75 rowed
346 618 72 75 that
435 618 41 75 of
493 618 56 75 the
566 618 148 75 chapters
731 618 68 75 into
815 618 102 75 verfes
934 618 85 75 from
1037 618 55 75 the
1109 618 101 75 Jews.

266 665 77 75 The
359 665 97 75 order
471 665 63 75 and
549 665 132 75 divifion
697 665 41 75 of
755 665 57 75 the
829 665 101 75 books
948 665 40 75 of
1006 665 55 75 the
1085 665 107 75 Bible,
1218 665 36 75 as

218 711 74 75 well
306 711 41 75 of
365 711 57 75 the
438 711 69 75 Old
524 711 33 75 as
574 711 55 75 the
641 711 86 75 New
735 711 204 75 Teftament,
965 711 172 75 according
1150 711 35 75 to
1202 711 56 75 the

218 759 183 75 difpofition
418 759 93 75 made
536 759 44 75 by
595 759 56 75 the
677 759 126 75 council
827 759 41 75 of
886 759 121 75 Trent,
1033 759 44 75 by
1096 759 113 75 decree
1226 759 30 75 I.

217 805 106 75 feffion
341 805 44 75 iv,
412 805 53 75 are
482 805 34 75 as
531 805 136 75 follow;
694 805 108 75 where
818 805 49 75 we
883 805 54 75 are
954 805 35 75 to
1014 805 143 75 obferve,
1183 805 71 75 that

216 852 92 75 thofe
331 852 103 75 books
452 852 36 75 to
505 852 105 75 which
628 852 55 75 the
699 852 155 75 afterifms
873 852 53 75 are
942 852 157 75 prefixed,
1125 852 54 75 are
1203 852 51 75 re-

216 899 105 75 jedted
333 899 43 75 by
388 899 54 75 the
458 899 211 75 Proteftants,
686 899 34 75 as
738 899 209 75 apocryphal.
994 899 62 75 See
1072 899 183 75 Apocry-

223 946 87 75 pha.

264 993 147 75 Genefis,

262 1039 152 75 Exodus,

262 1087 181 75 Leviticus,

262 1133 179 75 Numbers,

262 1180 259 75 Deuteronomy,

262 1229 131 75 Jofhua,

263 1274 122 75 Judges
398 1274 62 75 and
472 1274 106 75 Ruth,

266 1321 13 75 1
302 1321 142 75 Samuel,
467 1321 41 75 or
529 1321 12 75 x
562 1321 120 75 Kings,

263 1371 18 75 2
301 1371 145 75 Samuel,
469 1371 37 75 or
524 1371 18 75 2
561 1371 117 75 Kings,

266 1415 12 75 1
298 1415 118 75 Kings,
440 1415 169 75 otherwife
626 1415 103 75 called
744 1415 48 75 iii.
809 1415 118 75 Kings,

261 1464 19 75 2
298 1464 117 75 Kings,
440 1464 168 75 otherwife
624 1464 106 75 called
745 1464 44 75 iv.
806 1464 118 75 Kings.

266 1509 14 75 1
302 1509 206 75 Chronicles,
533 1509 5 75 •

262 1558 20 75 2
301 1558 205 75 Chronicles,

265 1603 13 75 x
301 1603 132 75 Efdras,
461 1603 50 75 (as
529 1603 55 75 the
600 1603 104 75 LXX
728 1603 61 75 and
815 1603 143 75 Vulgate
975 1603 61 75 call
1051 1603 59 75 it),
1134 1603 37 75 or
1196 1603 56 75 the

308 1650 86 75 book
407 1650 40 75 of
465 1650 103 75 Ezra,

261 1698 19 75 2
297 1698 134 75 Efdras,
456 1698 38 75 or
519 1698 51 75 (as
587 1698 49 75 we
651 1698 81 75 have
749 1698 42 75 it)
817 1698 56 75 the
889 1698 88 75 book
995 1698 40 75 of
1053 1698 195 75 Nehemiah.

262 1743 20 75 *
298 1743 117 75 Tobit,

261 1790 21 75 *
300 1790 136 75 JudithJ

259 1836 132 75 Either,

259 1883 77 75 Job,

258 1930 134 75 Pfalms,

257 1977 174 75 Proverbs,

256 2023 218 75 Ecclefiaftes,

259 2070 88 75 Song
364 2070 40 75 of
424 2070 168 75 Solomon,

258 2117 22 75 *
296 2117 77 75 The
390 2117 86 75 book
493 2117 40 75 of
552 2117 161 75 Wifdom,

260 2164 20 75 *
297 2164 248 75 Ecclefiafticus,

257 2211 115 75 Ilaiah,

259 2258 162 75 Jeremiah
438 2258 63 75 and
518 2258 20 75 *
555 2258 145 75 Baruch,

257 2304 150 75 Ezekiel,

257 2351 132 75 Daniel,

257 2398 122 75 Hofea,

258 2445 86 75 Joel,

257 2492 118 75 Amos,

259 2538 165 75 Obadiah,

257 2586 145 75 Nahum,
428 2586 105 75 which
546 2586 48 75 we
610 2586 90 75 place
717 2586 218 75 immediately
947 2586 84 75 after
1045 2586 127 75 Micah,
1190 2586 56 75 be-

305 2632 70 75 fore
392 2632 197 75 Habakkuk.

258 2679 119 75 Jonah,
404 2679 106 75 which
526 2679 49 75 we
591 2679 90 75 place
696 2679 219 75 immediately
931 2679 83 75 after
1031 2679 164 75 Obadiah.

256 2725 126 75 Micah,

258 2773 198 75 Habakkuk,

257 2819 199 75 Zephaniah,

256 2868 140 75 Haggai_,

258 2913 190 75 Zechariah,

256 2961 158 75 Malachi,
257 2990 21 49 *
300 3008 12 75 1
334 3008 202 75 Maccabees,

257 3054 22 75 *
293 3054 216 75 Maccabees..

1354 810 76 75 The
1447 810 122 75 Epiftle
1586 810 41 75 of

1403 857 39 75 St
1458 857 81 75 Paul
1556 857 38 75 to

1348 1302 77 75 The
1441 1302 129 75 general

1397 1350 120 75 Epiitle
1534 1350 41 75 of

1480 252 77 75 The
1574 252 103 75 books
1690 252 40 75 of
1749 252 55 75 the
1814 252 84 75 New
1911 252 188 75 Teftament
2115 252 64 75 are,

1653 301 24 75 C
1696 301 37 75 St
1750 301 178 75 Matthew,

1359 367 76 75 The
1462 367 403 75 Gofpeloffe*.

1654 440 81 75 ^St
1751 440 100 75 John,

1594 487 76 75 The
1687 487 65 75 adts
1768 487 40 75 of
1827 487 55 75 the
1902 487 159 75 Apoitles.

1665 535 16 75 f
1691 535 55 75 the
1762 535 158 75 Romans,

1692 582 55 75 the
1764 582 208 75 Corinthians
1989 582 31 75 I.

1691 628 54 75 the
1762 628 210 75 Corinthians
1989 628 48 75 II.

1689 676 54 75 the
1761 676 185 75 Galatians,

1689 723 54 75 the
1758 723 188 75 Ephefians,

1688 770 56 75 the
1760 770 211 75 Philippians,

1689 817 54 75 the
1760 817 189 75 Coloflians,

1687 863 55 75 the
1757 863 246 75 TheiTalonians
2021 863 31 75 I.

1687 910 54 75 the
1757 910 247 75 Theflalonians
2020 910 50 75 II.

1761 956 170 75 Timothy,
1950 956 31 75 I.

1759 1003 174 75 Timothy,
1951 1003 49 75 II.

1761 1050 112 75 Titus,

1759 1097 181 75 Philemon,

1685 1144 54 75 the
1756 1144 172 75 Hebrews,

1712 1189 11 75 t
1739 1189 122 75 James,

1709 1236 12 75 t
1738 1236 110 75 Peter,
1867 1236 29 75 I.

1709 1282 12 75 t
1738 1282 109 75 Peter,
1865 1282 49 75 II.

1652 1329 8 75 (
1682 1329 39 75 St
1738 1329 100 75 John,
1857 1329 28 75 I.

1682 1375 39 75 St
1738 1375 166 75 John,II.

1682 1422 39 75 St
1737 1422 100 75 John,
1855 1422 67 75 III.

1654 1476 15 75 I
1681 1476 38 75 St
1736 1476 99 75 Jude,

1553 1515 77 75 The
1646 1515 209 75 Revelations
1872 1515 41 75 of
1932 1515 38 75 St
1983 1515 100 75 John.

1347 1559 76 75 The
1442 1559 194 75 apocryphal
1653 1559 101 75 books
1767 1559 40 75 of
1826 1559 56 75 the
1900 1559 68 75 Old
1979 1559 199 75 Teftament,
2204 1559 131 75 accord-

1298 1605 55 75 ing
1369 1605 35 75 to
1421 1605 55 75 the
1494 1605 194 75 Romanifts,
1707 1605 65 75 are,
1792 1605 55 75 the
1864 1605 86 75 book
1963 1605 40 75 of
2013 1605 130 75 Enoch,
2172 1605 65 75 (fee
2250 1605 86 75 Jude

1303 1653 72 75 14.)
1401 1653 56 75 the
1481 1653 88 75 third
1594 1653 63 75 and
1681 1653 109 75 fourth
1818 1653 101 75 books
1945 1653 41 75 of
2003 1653 132 75 Efdras,
2166 1653 55 75 the
2245 1653 89 75 third

1298 1699 62 75 and
1372 1699 111 75 fourth
1500 1699 101 75 books
1619 1699 40 75 of
1678 1699 205 75 Maccabees,
1909 1699 55 75 the
1976 1699 114 75 prayer
2103 1699 39 75 of
2153 1699 130 75 Manafl'
2283 1699 50 75 eh,

1298 1746 55 75 the
1369 1746 188 75 Teftament
1574 1746 40 75 of
1633 1746 56 75 the
1706 1746 116 75 twelve
1847 1746 199 75 Patriarchs,
2072 1746 55 75 the
2151 1746 123 75 Pfalter
2297 1746 42 75 of

1299 1794 167 75 Solomon,
1491 1794 64 75 and
1571 1794 85 75 fome
1669 1794 95 75 other
1779 1794 105 75 pieces
1902 1794 40 75 of
1961 1794 63 75 this
2042 1794 125 75 nature.

1343 1841 76 75 The
1436 1841 194 75 apocryphal
1652 1841 102 75 books
1771 1841 40 75 of
1829 1841 56 75 the
1902 1841 85 75 New
2002 1841 186 75 Teftament
2206 1841 52 75 are
2276 1841 56 75 the

1296 1887 107 75 epiftle
1425 1887 41 75 of
1487 1887 39 75 St
1538 1887 178 75 Barnabas,
1742 1887 55 75 the
1813 1887 176 75 pretended
2004 1887 108 75 epiftle
2135 1887 40 75 of
2196 1887 39 75 St
2250 1887 81 75 Paul

1294 1932 35 75 to
1345 1932 56 75 the
1417 1932 215 75 Laodiceans,
1657 1932 121 75 feveral
1802 1932 144 75 fpurious
1964 1932 136 75 gofpels,
2125 1932 81 75 Adis
2223 1932 40 75 of
2274 1932 57 75 the

1293 1980 162 75 Apoftles,
1480 1980 63 75 and
1555 1980 231 75 Revelations;
1813 1980 55 75 the
1881 1980 86 75 book
1981 1980 40 75 of
2032 1980 153 75 Hernias,
2202 1980 130 75 intitled

1293 2025 55 75 the
1378 2025 181 75 Shepherd,
1593 2025 91 75 Jefus
1705 2025 135 75 Chrift’s
1865 2025 118 75 Letter
2012 2025 35 75 to
2075 2025 162 75 Abgarus,
2274 2025 56 75 the

1293 2073 124 75 epiftles
1434 2073 40 75 of
1487 2073 39 75 St
1542 2073 81 75 Paul
1641 2073 36 75 to
1690 2073 134 75 Seneca,
1851 2073 63 75 and
1930 2073 119 75 feveral
2067 2073 93 75 other
2178 2073 102 75 pieces
2293 2073 44 75 of

1293 2119 57 75 the
1365 2119 65 75 like
1447 2119 126 75 nature,
1599 2119 33 75 as
1657 2119 74 75 may
1747 2119 40 75 be
1804 2119 71 75 feen
1892 2119 32 75 in
1950 2119 55 75 the
2022 2119 168 75 colledtion
2212 2119 41 75 of
2271 2119 58 75 the

1293 2167 194 75 apocryphal
1504 2167 143 75 writings
1664 2167 40 75 of
1716 2167 55 75 the
1787 2167 85 75 New
1895 2167 188 75 Teftament
2098 2167 92 75 made
2207 2167 43 75 by
2266 2167 63 75 Fa-

1294 2214 67 75 bric
1366 2214 60 75 ius.

1339 2260 77 75 The
1442 2260 102 75 books
1562 2260 104 75 which
1685 2260 52 75 are
1762 2260 73 75 now
1851 2260 72 75 loft,
1949 2260 62 75 and
2028 2260 85 75 cited
2138 2260 31 75 in
2186 2260 56 75 the
2259 2260 68 75 Old

1292 2308 201 75 Teftament,
1518 2308 55 75 are
1595 2308 100 75 thefe,
1720 2308 55 75 the
1798 2308 87 75 book
1905 2308 41 75 of
1957 2308 55 75 the
2026 2308 186 75 Righteous,
2238 2308 37 75 or
2291 2308 42 75 of

1293 2353 121 75 Jalher,
1441 2353 34 75 as
1492 2353 59 75 our
1566 2353 121 75 verfion
1705 2353 40 75 of
1764 2353 55 75 the
1836 2353 94 75 Bible
1946 2353 58 75 has
2020 2353 37 75 it,
2086 2353 106 75 (Jolh.
2210 2353 37 75 x.
2272 2353 53 75 13.

1292 2400 64 75 and
1374 2400 18 75 2
1409 2400 86 75 Sam.
1521 2400 26 75 i.
1573 2400 95 75 18.);
1699 2400 55 75 the
1771 2400 85 75 book
1874 2400 39 75 of
1930 2400 55 75 the
2002 2400 81 75 wars
2096 2400 40 75 of
2148 2400 54 75 the
2219 2400 106 75 Lord,

1295 2447 140 75 (Numb.
1450 2447 73 75 xxi.
1541 2447 93 75 14.);
1654 2447 55 75 the
1723 2447 109 75 annals
1844 2447 40 75 of
1891 2447 55 75 the
1956 2447 91 75 kings
2058 2447 40 75 of
2108 2447 108 75 Ifrael,
2232 2447 34 75 fo
2275 2447 51 75 of-

1292 2493 54 75 ten
1363 2493 87 75 cited
1465 2493 31 75 in
1514 2493 56 75 the
1586 2493 101 75 books
1704 2493 41 75 of
1756 2493 55 75 the
1819 2493 104 75 Kings
1941 2493 61 75 and
2014 2493 202 75 Chronicles.
2249 2493 78 75 The

1293 2541 131 75 authors
1441 2541 41 75 of
1502 2541 89 75 thefe
1608 2541 108 75 annals
1732 2541 85 75 were
1840 2541 55 75 the
1912 2541 166 75 prophets,
2103 2541 73 75 who
2192 2541 86 75 lived
2293 2541 34 75 in

1294 2587 54 75 the
1377 2587 168 75 kingdoms
1562 2587 41 75 of
1625 2587 106 75 Judah
1750 2587 62 75 and
1836 2587 111 75 Ifrael.
1996 2587 67 75 We
2079 2587 82 75 have
2186 2587 145 75 likewife

1293 2633 56 75 but
1363 2633 17 75 a
1397 2633 70 75 part
1479 2633 40 75 of
1532 2633 182 75 Solomon’s
1731 2633 91 75 three
1839 2633 156 75 thbufand
2011 2633 165 75 proverbs,
2202 2633 62 75 and
2275 2633 50 75 his

1293 2680 155 75 thoufand
1465 2680 63 75 and
1544 2680 60 75 five
1621 2680 105 75 fongs,
1746 2680 34 75 (1
1797 2680 104 75 Kings
1918 2680 43 75 iv.
1982 2680 96 75 32.);
2102 2680 62 75 and
2182 2680 47 75 we
2243 2680 83 75 have

1292 2726 135 75 entirely
1451 2726 59 75 loft
1528 2726 86 75 what
1631 2726 41 75 he
1690 2726 100 75 wrote
1807 2726 85 75 upon
1911 2726 116 75 plants,
2052 2726 146 75 animals,
2223 2726 104 75 birds,

1291 2774 102 75 fillies,
1420 2774 62 75 and
1501 2774 144 75 reptiles.

1338 2821 102 75 Ezra;
1465 2821 32 75 in
1515 2821 55 75 the
1595 2821 128 75 opinion
1741 2821 40 75 of
1799 2821 79 75 moft
1902 2821 130 75 learned
2048 2821 85 75 men,
2161 2821 164 75 publilhed

1291 2867 55 75 the
1363 2867 169 75 fcriptures
1560 2867 31 75 in
1610 2867 55 75 the
1688 2867 146 75 Chaldee
1851 2867 181 75 charadter:
2068 2867 65 75 For
2157 2867 71 75 that
2255 2867 68 75 lan-

1290 2915 102 75 guage
1409 2915 95 75 being
1520 2915 112 75 grown
1657 2915 120 75 wholly
1793 2915 68 75 into
1877 2915 54 75 ufe
1955 2915 115 75 among
2087 2915 54 75 the
2157 2915 100 75 Jeifrs,
2281 2915 43 75 he

1290 2959 138 75 thought
1446 2959 115 75 proper
1577 2959 35 75 to
1634 2959 122 75 change
1775 2959 56 75 the
1855 2959 56 75 old
1926 2959 145 75 Hebrew
2094 2959 160 75 charadler
2270 2959 54 75 for

1289 3005 38 75 it-,
1354 3005 103 75 which
1475 3005 79 75 hath
1571 3005 82 75 fince
1670 3005 71 75 that
1758 3005 75 75 time
1851 3005 81 75 been
1951 3005 140 75 retained
2108 3005 77 75 only
2203 3005 42 75 by
2266 3005 64 75 the.

1291 3056 208 75 Samaritans,
1523 3056 117 75 among
1657 3056 107 75 whom
1779 3056 26 75 it
1820 3056 28 75 is
1868 3056 167 75 preferved
2051 3056 34 75 to
2101 3056 64 75 this
2182 3056 74 75 day.

2157 3104 163 75 Prideaux
