2498 3377
227 163 80 75 320

769 163 42 75 A
897 163 44 75 N
1027 163 44 75 N
1156 163 45 75 U

227 231 103 75 fuited
346 231 34 75 to
396 231 63 75 this
476 231 158 75 populous
651 231 79 75 city,
755 231 123 75 pitches
904 231 86 75 upon
1018 231 89 75 1280
1131 231 132 75 perfons

228 280 42 75 all
288 280 81 75 born
393 280 33 75 in
450 280 56 75 the
522 280 83 75 fame
621 280 89 75 year,
736 280 61 75 and
823 280 129 75 records
976 280 56 75 the
1057 280 134 75 number
1213 280 51 75 re-

229 325 140 75 maining
384 325 84 75 alive
483 325 79 75 each
576 325 92 75 year,
695 325 49 75 till
762 325 81 75 none
858 325 88 75 were
960 325 34 75 in
1010 325 68 75 life.

245 421 53 75 Dr
314 421 149 75 Halley’s
484 421 85 75 table
586 421 42 75 on
645 421 56 75 the
716 421 74 75 bills
810 421 41 75 of
862 421 166 75 mortality
1044 421 33 75 at
1092 421 153 75 Breflaw.

219 1773 57 75 Mr
294 1773 174 75 Simpfon’s
484 1773 87 75 table
588 1773 41 75 on
646 1773 55 75 the
717 1773 74 75 bills
808 1773 41 75 of
868 1773 167 75 mortality
1050 1773 32 75 at
1100 1773 153 75 London.

1289 171 18 75 I
1392 171 40 75 T
1516 171 19 75 I
1620 171 36 75 E
1744 171 42 75 S.

1358 231 31 75 It
1405 231 76 75 may
1496 231 58 75 not
1570 231 40 75 be
1625 231 163 75 improper
1803 231 32 75 in
1853 231 65 75 this
1932 231 91 75 place
2046 231 35 75 to
2102 231 144 75 obferve,
2269 231 73 75 that

1308 278 152 75 however
1476 278 120 75 perfeft
1611 278 102 75 tables
1729 278 40 75 of
1787 278 64 75 this
1869 278 66 75 fort
1951 278 75 75 may
2040 278 40 75 be
2091 278 32 75 in
2141 278 199 75 themfelves,

1311 326 62 75 and
1390 326 151 75 however
1558 326 72 75 well
1647 326 138 75 adapted
1801 326 36 75 to
1853 326 63 75 any
1932 326 173 75 particular
2122 326 141 75 climate,
2287 326 55 75 yet

1310 373 55 75 the
1385 373 197 75 conclufions
1608 373 145 75 deduced
1770 373 84 75 from
1871 373 87 75 them
1983 373 81 75 muff
2092 373 118 75 always
2228 373 39 75 be
2283 373 59 75 un-

1309 419 132 75 certain,
1466 419 95 75 being
1577 419 135 75 nothing
1728 419 88 75 more
1844 419 78 75 than
1948 419 231 75 probabilities,
2205 419 38 75 or
2265 419 77 75 con-

1306 467 138 75 jedtures
1468 467 110 75 drawn
1605 467 86 75 from
1718 467 57 75 the
1806 467 88 75 ufual
1920 467 113 75 period
2065 467 40 75 of
2127 467 119 75 human
2269 467 71 75 life.

1308 514 79 75 And
1401 514 57 75 the
1474 514 137 75 practice
1625 514 42 75 of
1683 514 122 75 buying
1820 514 64 75 and
1896 514 109 75 felling
2021 514 155 75 annuities
2188 514 42 75 on
2246 514 93 75 lives,

1309 561 45 75 by
1369 561 85 75 rules
1470 561 144 75 founded
1629 561 42 75 on
1688 561 76 75 fuch
1781 561 182 75 principles,-
1987 561 74 75 may
2071 561 40 75 be
2124 561 100 75 juflly
2240 561 100 75 conli-

1309 609 100 75 dered
1432 609 33 75 as
1483 609 18 75 a
1524 609 66 75 fort
1605 609 41 75 of
1657 609 120 75 lottery
1793 609 38 75 or
1849 609 238 75 chance-work,
2112 609 34 75 in
2161 609 106 75 which
2283 609 57 75 the

1310 655 116 75 parties
1454 655 180 75 concerned
1649 655 82 75 mult
1758 655 93 75 often
1864 655 39 75 be
1920 655 164 75 deceived.
2132 655 68 75 But
2216 655 34 75 as
2267 655 72 75 efti-

1310 702 99 75 mates
1428 702 63 75 and
1506 702 236 75 computations
1758 702 41 75 of
1809 702 64 75 this
1889 702 152 75 kind'are
2057 702 73 75 now
2146 702 131 75 become
2289 702 49 75 fa-

1307 749 171 75 ftiionable,
1504 749 49 75 we
1568 749 79 75 fiiall
1673 749 77 75 here
1765 749 73 75 give
1853 749 87 75 fome
1957 749 87 75 brief
2055 749 137 75 account
2208 749 42 75 of
2261 749 77 75 fuch

1308 796 35 75 as
1356 796 115 75 appear
1483 796 78 75 molt
1578 796 156 75 material.

1355 842 97 75 From
1477 842 55 75 the
1559 842 102 75 above
1688 842 103 75 tables
1819 842 56 75 the
1891 842 197 75 probability
2101 842 42 75 of
2164 842 56 75 the
2236 842 102 75 conti-

1306 890 120 75 nuance
1448 890 38 75 or
1509 890 176 75 extindtion
1709 890 41 75 of
1764 890 120 75 human
1909 890 58 75 life
1990 890 27 75 is
2039 890 167 75 eltimated
2224 890 33 75 as
2274 890 63 75 fol-

1305 937 97 75 lows.

1357 985 29 75 1.
1410 985 77 75 The
1504 985 196 75 probability
1727 985 71 75 that
1815 985 18 75 a
1848 985 113 75 perfon
1978 985 41 75 of
2038 985 18 75 a
2073 985 93 75 given
2184 985 58 75 age
2259 985 79 75 lhall

1303 1030 63 75 live
1382 1030 19 75 a
1429 1030 120 75 certain
1572 1030 133 75 number
1727 1030 40 75 of
1780 1030 105 75 years,
1908 1030 26 75 is
1952 1030 163 75 meafured
2131 1030 44 75 by
2190 1030 56 75 the
2262 1030 74 75 pro-

1303 1076 128 75 portion
1453 1076 106 75 which
1575 1076 56 75 the
1647 1076 135 75 number
1797 1076 40 75 of
1852 1076 128 75 perfons
2004 1076 100 75 living
2128 1076 34 75 at
2183 1076 55 75 the
2262 1076 74 75 pro-

1303 1123 97 75 pofed
1417 1123 57 75 age
1490 1123 57 75 has
1572 1123 35 75 to
1628 1123 63 75 the-
1699 1123 174 75 difference
1889 1123 144 75 between
2050 1123 55 75 the
2121 1123 66 75 faid
2203 1123 134 75 number

1301 1170 64 75 and
1385 1170 55 75 the
1457 1170 134 75 number
1606 1170 40 75 of
1656 1170 128 75 perfons
1800 1170 100 75 living
1924 1170 33 75 at
1973 1170 56 75 the
2044 1170 93 75 given
2154 1170 71 75 age.

1350 1216 109 75 Thus,
1482 1216 33 75 if
1536 1216 27 75 it
1589 1216 40 75 be
1658 1216 191 75 demanded,
1874 1216 87 75 what
1976 1216 120 75 chance
2125 1216 19 75 a
2171 1216 112 75 perfon
2300 1216 42 75 of

1305 1264 44 75 40
1366 1264 92 75 years
1474 1264 57 75 has
1549 1264 34 75 to
1599 1264 63 75 live
1678 1264 93 75 feven
1787 1264 93 75 years
1897 1264 112 75 longer
2025 1264 11 75 ?
2062 1264 86 75 from
2173 1264 81 75 445,
2280 1264 57 75 the

1302 1310 133 75 number
1451 1310 41 75 of
1502 1310 127 75 perfons
1656 1310 100 75 living
1780 1310 33 75 at
1836 1310 46 75 40
1898 1310 92 75 years
2007 1310 40 75 of
2058 1310 58 75 age
2132 1310 32 75 in
2182 1310 54 75 Dr
2252 1310 83 75 Hal-

1301 1357 82 75 ley’s
1399 1357 98 75 table,
1522 1357 138 75 fubtradt
1678 1357 81 75 377,
1784 1357 56 75 the
1867 1357 133 75 number
2026 1357 41 75 of
2087 1357 130 75 perfons
2234 1357 102 75 living

1301 1402 34 75 at
1353 1402 42 75 47
1415 1402 91 75 years
1524 1402 39 75 of
1576 1402 70 75 age,
1672 1402 62 75 and
1751 1402 55 75 the
1829 1402 178 75 remainder
2024 1402 58 75 68,
2107 1402 27 75 is
2162 1402 56 75 the
2242 1402 92 75 num-

1303 1451 57 75 ber
1371 1451 40 75 of
1422 1451 127 75 perfons
1566 1451 70 75 that
1652 1451 75 75 died
1742 1451 116 75 during
1873 1451 89 75 thefe
1992 1451 18 75 7
2041 1451 117 75 years;
2200 1451 63 75 and
2278 1451 57 75 the

1303 1496 195 75 probability
1513 1496 38 75 or
1579 1496 118 75 chance
1725 1496 70 75 that
1823 1496 55 75 the
1906 1496 111 75 perfon
2046 1496 32 75 in
2105 1496 56 75 the
2190 1496 146 75 queltion

1303 1543 77 75 fhall
1395 1543 63 75 live
1474 1543 88 75 thefe
1582 1543 19 75 7
1618 1543 92 75 years
1734 1543 26 75 is
1779 1543 33 75 as
1830 1543 67 75 377
1914 1543 35 75 to
1967 1543 58 75 68,
2048 1543 39 75 or
2110 1543 111 75 nearly
2236 1543 34 75 as
2290 1543 45 75 5-!

1301 1590 36 75 to
1354 1590 31 75 1.
1434 1590 79 75 But,
1537 1590 44 75 by
1597 1590 59 75 Mr
1673 1590 174 75 Simpfon’s
1864 1590 98 75 table,
1987 1590 55 75 the
2054 1590 119 75 chance
2189 1590 26 75 is
2230 1590 104 75 fome>-

1303 1637 90 75 thing
1412 1637 60 75 lefs
1494 1637 77 75 than
1587 1637 71 75 that
1674 1637 41 75 of
1727 1637 19 75 4
1767 1637 33 75 to
1822 1637 31 75 1.

1350 1686 34 75 2.
1409 1686 38 75 If
1459 1686 54 75 the
1532 1686 76 75 year
1633 1686 34 75 to
1687 1686 105 75 which
1809 1686 18 75 a
1843 1686 111 75 perfon
1979 1686 41 75 of
2042 1686 19 75 a
2089 1686 93 75 given
2199 1686 59 75 age
2274 1686 58 75 has

1303 1730 39 75 an
1358 1730 94 75 equal
1470 1730 119 75 chance
1605 1730 40 75 of
1664 1730 140 75 arriving
1820 1730 120 75 hefore'
1940 1730 8 75 '
1948 1730 41 75 he
2005 1730 80 75 dies,
2111 1730 40 75 be
2167 1730 162 75 required,

1302 1776 25 75 it
1344 1776 74 75 may
1440 1776 40 75 be
1497 1776 100 75 found
1609 1776 75 75 thus
1699 1776 10 75 :
1736 1776 84 75 Find
1835 1776 75 75 half
1921 1776 55 75 the
1998 1776 135 75 number
2148 1776 41 75 of
2202 1776 128 75 perfons

1302 1823 100 75 living
1418 1823 32 75 at
1463 1823 55 75 the
1534 1823 93 75 given
1646 1823 57 75 age
1725 1823 32 75 in
1779 1823 55 75 the
1862 1823 116 75 tables,
2002 1823 65 75 and
2081 1823 33 75 in
2130 1823 56 75 the
2203 1823 128 75 column

1302 1871 40 75 of
1361 1871 58 75 age
1436 1871 63 75 you
1519 1871 83 75 have
1618 1871 55 75 the
1690 1871 76 75 year
1782 1871 163 75 required.
1982 1871 7 75 ’

1348 1916 106 75 Thus,
1480 1916 31 75 if
1523 1916 54 75 the
1594 1916 143 75 quellion
1754 1916 40 75 be
1819 1916 57 75 put
1901 1916 78 75 with
1996 1916 120 75 refpedt
2132 1916 35 75 to
2184 1916 18 75 a
2218 1916 111 75 perfon

1300 1964 40 75 of
1353 1964 45 75 30
1413 1964 92 75 years
1528 1964 42 75 of
1590 1964 82 75 age,,
1687 1964 56 75 the
1760 1964 132 75 number
1914 1964 41 75 of
1966 1964 70 75 that
2053 1964 58 75 age
2126 1964 32 75 in
2177 1964 53 75 Dr
2245 1964 68 75 Hal

1298 2009 81 75 ley’s
1395 2009 85 75 table
1507 2009 28 75 is
1563 2009 78 75 531,
1668 2009 55 75 the
1750 2009 74 75 half
1841 2009 148 75 whereof
2009 2009 27 75 is
2064 2009 82 75 265,
2171 2009 106 75 which
2300 2009 29 75 is

1298 2055 102 75 found
1414 2055 34 75 in
1465 2055 54 75 the
1535 2055 89 75 table'
1636 2055 145 75 between
1804 2055 42 75 57
1871 2055 63 75 and
1953 2055 41 75 58
2011 2055 92 75 years
2118 2055 11 75 ;
2165 2055 35 75 fo
2223 2055 71 75 that
2311 2055 19 75 a

1297 2103 110 75 perfon
1427 2103 40 75 of
1485 2103 45 75 30
1549 2103 163 75 years.has
1725 2103 39 75 an
1784 2103 96 75 equal
1896 2103 119 75 chance
2026 2103 39 75 of
2073 2103 101 75 living
2185 2103 144 75 between

1299 2153 42 75 27
1360 2153 62 75 and
1440 2153 43 75 28
1502 2153 92 75 years
1614 2153 125 75 longer.

1347 2196 33 75 3.
1405 2196 52 75 By
1475 2196 54 75 the
1541 2196 113 75 tables,
1681 2196 54 75 the
1747 2196 155 75 premium
1919 2196 40 75 of
1969 2196 163 75 infurance
2148 2196 86 75 upon
2250 2196 78 75 lives

1296 2247 75 75 may
1387 2247 33 75 in
1437 2247 86 75 fome
1539 2247 141 75 meafure
1696 2247 39 75 be
1748 2247 179 75 regulated.

1342 2290 109 75 Thus,
1475 2290 77 75 The
1569 2290 117 75 chance
1703 2290 70 75 that
1790 2290 18 75 a
1824 2290 110 75 perfon
1960 2290 41 75 of
2020 2290 42 75 25
2092 2290 92 75 years
2211 2290 58 75 has
2293 2290 36 75 to

1296 2338 63 75 live
1375 2338 135 75 another
1527 2338 88 75 year,
1640 2338 40 75 is,
1705 2338 44 75 by
1765 2338 54 75 Dr
1835 2338 146 75 Halley’s
1993 2338 97 75 table,
2116 2338 34 75 as
2168 2338 45 75 80
2230 2338 34 75 to
2285 2338 13 75 1
2314 2338 12 75 ;

1297 2385 57 75 but
1381 2385 56 75 the
1453 2385 119 75 chance
1588 2385 71 75 that
1676 2385 18 75 a
1710 2385 112 75 perfon
1849 2385 41 75 of
1915 2385 44 75 50
1985 2385 93 75 years
2105 2385 58 75 has
2179 2385 36 75 to
2230 2385 62 75 live
2310 2385 18 75 a

1297 2431 76 75 year
1401 2431 111 75 longer
1539 2431 27 75 is
1594 2431 77 75 only
1690 2431 95 75 3010
1806 2431 31 75 1.
1884 2431 91 75 And,
2000 2431 241 75 confequently,
2271 2431 58 75 the

1298 2477 154 75 premium
1470 2477 51 75 for
1536 2477 138 75 infuring
1690 2477 55 75 the
1763 2477 122 75 former
1901 2477 102 75 ought
2018 2477 36 75 to
2069 2477 40 75 be
2125 2477 35 75 to
2184 2477 55 75 the
2255 2477 72 75 pre-

1296 2525 98 75 mium
1412 2525 50 75 for
1477 2525 141 75 infuring
1634 2525 55 75 the
1705 2525 98 75 latter
1816 2525 54 75 for
1896 2525 61 75 one
1978 2525 89 75 year,
2099 2525 34 75 as
2156 2525 44 75 30
2216 2525 34 75 to
2268 2525 57 75 80,

1294 2571 40 75 or
1351 2571 33 75 as
1404 2571 17 75 3
1441 2571 35 75 to
1493 2571 34 75 8.

1345 2617 117 75 Puob.
1490 2617 29 75 I.
1567 2617 57 75 To
1641 2617 65 75 find
1723 2617 55 75 the
1793 2617 94 75 value
1899 2617 40 75 of
1950 2617 39 75 an
2002 2617 131 75 annuity
2148 2617 43 75 of
2206 2617 50 75 11.
2275 2617 54 75 for

1297 2663 55 75 the
1368 2663 57 75 life
1441 2663 40 75 of
1492 2663 18 75 a
1526 2663 96 75 fmgle
1645 2663 112 75 perfon
1774 2663 40 75 of
1826 2663 62 75 any
1906 2663 94 75 given
2019 2663 70 75 age.

1343 2709 109 75 Monf.
1476 2709 42 75 de
1541 2709 145 75 Moivre,
1704 2709 43 75 by
1767 2709 167 75 obfervihg
1958 2709 56 75 the
2038 2709 148 75 decreale
2209 2709 42 75 of
2270 2709 56 75 the

1296 2756 219 75 probabilities
1532 2756 39 75 of
1586 2756 69 75 life,
1674 2756 33 75 as
1724 2756 168 75 exhibited
1908 2756 32 75 in
1958 2756 55 75 the
2029 2756 100 75 table,
2155 2756 171 75 compofed

1296 2803 39 75 an
1361 2803 158 75 algebraic
1541 2803 144 75 theorem
1702 2803 37 75 or
1756 2803 112 75 canon,
1893 2803 52 75 for
1961 2803 185 75 computing
2161 2803 56 75 the
2233 2803 94 75 value

1294 2851 41 75 of
1346 2851 38 75 an
1401 2851 132 75 annuity
1548 2851 52 75 for
1614 2851 77 75 life;
1716 2851 107 75 which
1840 2851 101 75 canon
1955 2851 18 75 I
1990 2851 77 75 lhall
2077 2851 78 75 here
2165 2851 54 75 lay
2230 2851 96 75 down

1295 2897 43 75 by
1354 2897 70 75 way
1442 2897 40 75 of

1342 2943 124 75 Rule.
1514 2943 85 75 Find
1625 2943 57 75 the
1710 2943 213 75 complement
1939 2943 41 75 of
1998 2943 77 75 life;
2102 2943 74 75 and,
2201 2943 46 75 by
2269 2943 57 75 the

1293 2990 114 75 tables,
1432 2990 65 75 find
1514 2990 56 75 the
1591 2990 91 75 value
1698 2990 40 75 of
1755 2990 52 75 11.
1831 2990 132 75 annpity
1979 2990 53 75 for
2047 2990 56 75 the
2121 2990 92 75 years
2226 2990 99 75 deno-

1293 3037 55 75 ted
1365 3037 43 75 by
1424 3037 55 75 the
1500 3037 67 75 faid
1582 3037 234 75 complement;
1842 3037 150 75 multiply
2009 3037 64 75 this
2090 3037 92 75 value
2204 3037 43 75 by
2269 3037 55 75 the

2194 3073 129 75 amount
