2483 3387
161 177 83 75 353

672 177 43 75 A
772 177 38 75 R
869 177 35 75 C
964 177 45 75 H
1065 177 20 75 I
1142 177 39 75 T

163 235 63 75 any
241 235 168 75 ornament
419 235 9 75 ;
455 235 64 75 and
540 235 35 75 at
598 235 110 75 others
732 235 79 75 they
826 235 56 75 are
901 235 198 75 furrounded
1114 235 81 75 with

163 282 123 75 Tuftics,
310 282 39 75 or
365 282 19 75 a
396 282 131 75 regular
542 282 180 75 architrave
743 282 80 75 with
842 282 19 75 a
876 282 84 75 frize
976 282 64 75 and
1056 282 142 75 cornice.

163 330 113 75 Thofe
298 330 41 75 of
357 330 56 75 the
428 330 118 75 fecond
567 330 84 75 floor
673 330 83 75 have
778 330 163 75 generally
957 330 39 75 an
1020 330 180 75 architrave

166 377 124 75 carried
307 377 135 75 entirely
457 377 101 75 round
576 377 55 75 the
649 377 167 75 aperture;
843 377 63 75 and
921 377 57 75 the
993 377 84 75 fame
1100 377 27 75 is
1145 377 56 75 the

165 426 133 75 method
313 426 40 75 of
361 426 158 75 adorning
535 426 94 75 Attic
644 426 63 75 and
722 426 195 75 Mezzanine
930 426 155 75 windows
1096 426 19 75 r
1134 426 68 75 But

167 470 55 75 the
238 470 66 75 two
322 470 57 75 laft
394 470 82 75 have
492 470 122 75 feldom
625 470 104 75 either
740 470 83 75 frize
836 470 37 75 or
884 470 148 75 cornice;
1058 470 144 75 whereas

166 517 55 75 the
237 517 217 75 fecond-floor
468 517 155 75 windows
639 517 54 75 are
709 517 89 75 often
816 517 151 75 crowned
981 517 80 75 with
1076 517 95 75 both.

212 564 76 75 The
305 564 119 75 breads
439 564 42 75 of
490 564 43 75 all
544 564 56 75 the
613 564 156 75 windows
779 564 41 75 on
830 564 58 75 the
898 564 86 75 fame
996 564 80 75 floor
1088 564 113 75 fhould

166 611 39 75 he
231 611 42 75 on
298 611 56 75 the
370 611 83 75 fame
460 611 6 75 ‘
478 611 94 75 levelj
598 611 63 75 and
684 611 103 75 raifed
810 611 102 75 above
935 611 57 75 the
1014 611 82 75 floor
1119 611 84 75 from

166 657 68 75 two
249 657 67 75 feet
330 657 74 75 nine
419 657 110 75 indies
545 657 36 75 to
597 657 91 75 three
704 657 67 75 feet
785 657 49 75 fix
856 657 110 75 inches
990 657 35 75 at
1046 657 56 75 the
1124 657 79 75 very

167 703 92 75 mod.
323 703 115 75 When
459 703 55 75 the
535 703 94 75 watls
654 703 53 75 are
730 703 105 75 thick,
866 703 57 75 the
946 703 117 75 breads
1091 703 112 75 (hould

168 752 41 75 be
225 752 139 75 reduced
380 752 102 75 under
498 752 56 75 the
577 752 177 75 apemrres,
780 752 52 75 for
857 752 55 75 the
937 752 216 75 conveniency
1168 752 42 75 of

167 797 134 75 looking
325 797 71 75 out.
444 797 40 75 In
509 797 135 75 France,
678 797 56 75 the
761 797 155 75 windows
940 797 54 75 are
1018 797 186 75 frequently

169 844 123 75 carried
308 844 91 75 quite
415 844 96 75 down
534 844 35 75 to
586 844 56 75 the
659 844 93 75 floor.
801 844 112 75 When
937 844 56 75 the
1008 844 147 75 building
1176 844 28 75 is

169 890 196 75 farrounded
380 890 80 75 with
477 890 148 75 gardens,
651 890 39 75 or
703 890 96 75 other
813 890 157 75 beautiful
987 890 134 75 obje&s,
1139 890 64 75 this

169 939 132 75 method
314 939 129 75 renders
459 939 57 75 the
532 939 109 75 rooms
659 939 178 75 exceeding
854 939 153 75 pleafant.

216 984 75 75 The
312 984 139 75 interval
474 984 145 75 between
644 984 56 75 the
724 984 162 75 apertures
910 984 40 75 of
968 984 157 75 windows
1148 984 57 75 de-

168 1031 101 75 pends
293 1031 33 75 in
351 1031 19 75 a
395 1031 89 75 great
507 1031 143 75 meafure
671 1031 43 75 on
741 1031 83 75 fheir
847 1031 228 75 enrichments.
1128 1031 79 75 The

168 1077 137 75 breadth
320 1077 45 75 of
381 1077 56 75 the
453 1077 147 75 aperture
623 1077 27 75 is
668 1077 55 75 the
745 1077 76 75 lead
837 1077 139 75 didance
996 1077 71 75 that
1083 1077 59 75 can
1165 1077 41 75 be

171 1124 143 75 between
326 1124 90 75 them
429 1124 9 75 ;
466 1124 61 75 and
540 1124 93 75 twice
650 1124 71 75 that
738 1124 135 75 breadth
889 1124 113 75 fhould
1018 1124 39 75 be
1072 1124 58 75 the
1141 1124 64 75 lar-

171 1172 65 75 ged
260 1172 31 75 in
315 1172 304 75 dwellihg-houfes;
653 1172 169 75 otherwife
848 1172 55 75 the
928 1172 107 75 rooms
1059 1172 66 75 will
1148 1172 59 75 not

170 1220 40 75 be
233 1220 190 75 fufficiently
438 1220 137 75 lighted.
608 1220 78 75 The
701 1220 154 75 windows
870 1220 32 75 in
914 1220 44 75 all
975 1220 54 75 the
1042 1220 109 75 dories
1170 1220 41 75 of

171 1266 56 75 the
240 1266 82 75 fame
335 1266 102 75 afpe<3
449 1266 80 75 mud
540 1266 40 75 be
593 1266 112 75 placed
721 1266 128 75 exa&ly
865 1266 101 75 above
982 1266 61 75 one
1059 1266 147 75 another.

218 1313 92 75 Plate
326 1313 153 75 XXXII.
505 1313 72 75 Fig.
600 1313 29 75 i.
656 1313 36 75 Is
709 1313 19 75 a
743 1313 109 75 defign
876 1313 39 75 of
935 1313 39 75 P.
993 1313 131 75 Lefcot,
1151 1313 55 75 ab-

170 1359 58 75 bot
251 1359 41 75 of
318 1359 140 75 Clagny,
493 1359 161 75 executed
676 1359 31 75 in
729 1359 57 75 the
809 1359 56 75 old
889 1359 133 75 Louvre
1044 1359 33 75 at
1101 1359 105 75 Paris.

170 1408 78 75 The
263 1408 162 75 apertures
447 1408 74 75 may
538 1408 40 75 be
598 1408 18 75 a
632 1408 117 75 double
766 1408 126 75 fquare,
910 1408 34 75 or
959 1408 18 75 a
993 1408 85 75 trifle
1095 1408 111 75 more;

174 1454 55 75 the
247 1454 177 75 architrave
436 1454 83 75 from
533 1454 61 75 one
606 1454 85 75 fixth
703 1454 36 75 to
751 1454 61 75 one
823 1454 130 75 feventh
970 1454 41 75 of
1022 1454 56 75 the
1090 1454 120 75 beadth

173 1500 38 75 of
230 1500 56 75 the
303 1500 148 75 aperture
464 1500 10 75 ;
510 1500 78 75 The
602 1500 130 75 pilader
747 1500 27 75 is
791 1500 97 75 equal
906 1500 36 75 to
965 1500 72 75 that
1059 1500 150 75 breadth,

174 1547 93 75 when
292 1547 57 75 the
373 1547 178 75 ajrchitrave
562 1547 28 75 is
602 1547 152 75 narrow;
781 1547 36 75 or
829 1547 74 75 lefs,
927 1547 44 75 by
988 1547 60 75 one
1065 1547 144 75 quarter,

174 1594 34 75 or
228 1594 62 75 ons
311 1594 89 75 fifth,
424 1594 93 75 when
535 1594 25 75 it
582 1594 28 75 is
632 1594 115 75 broad.
795 1594 77 75 The
889 1594 107 75 whole
1011 1594 199 75 entablature

171 1640 113 75 fliGuld
307 1640 57 75 not
380 1640 123 75 exceed
525 1640 60 75 one
609 1640 134 75 quarter
763 1640 41 75 of
823 1640 54 75 the
901 1640 113 75 height
1037 1640 40 75 of
1096 1640 55 75 the
1176 1640 34 75 a-

173 1688 141 75 perture,
333 1688 59 75 nor
409 1688 41 75 be
466 1688 95 75 much
581 1688 113 75 lower.
725 1688 78 75 The
820 1688 141 75 confoles
975 1688 74 75 may
1060 1688 41 75 be
1112 1688 96 75 equal

171 1733 32 75 in
220 1733 118 75 length,
347 1733 37 75 to
400 1733 74 75 half
492 1733 57 75 the
572 1733 137 75 breadth
736 1733 40 75 of
795 1733 56 75 the
879 1733 149 75 aperture
1056 1733 33 75 at
1116 1733 94 75 mod,

172 1781 62 75 and
253 1781 36 75 to
308 1781 62 75 one
386 1781 88 75 third
495 1781 40 75 of
553 1781 25 75 it
597 1781 33 75 at
649 1781 88 75 lead.

220 1828 74 75 Fig.
320 1828 34 75 2.
384 1828 36 75 Is
448 1828 19 75 a
492 1828 107 75 defiga
628 1828 40 75 of
692 1828 188 75 Palladio’s,
915 1828 162 75 executed
1099 1828 33 75 at
1154 1828 57 75 the

174 1873 187 75 Chiericato
375 1873 33 75 in
430 1873 185 75 Vincenza:
654 1873 49 75 Its
728 1873 206 75 proportions
959 1873 53 75 are
1034 1873 58 75 not
1114 1873 97 75 much

173 1919 151 75 different
340 1919 85 75 from
441 1919 57 75 the
520 1919 180 75 following.
749 1919 77 75 The
851 1919 167 75 plat-band
1042 1919 72 75 that
1138 1919 72 75 fup-

173 1967 91 75 ports
289 1967 55 75 the
366 1967 139 75 window
529 1967 28 75 is
582 1967 98 75 equal
694 1967 36 75 to
746 1967 56 75 the
819 1967 138 75 breadth
973 1967 41 75 of
1032 1967 57 75 the
1106 1967 103 75 archi-

173 2014 102 75 trave.

222 2061 74 75 Fig.
316 2061 33 75 3.
380 2061 35 75 Is
443 2061 138 75 likev/ife
606 2061 19 75 a
649 2061 106 75 defign
779 2061 40 75 of
838 2061 188 75 Palladio’s,
1050 2061 160 75 executed

174 2107 43 75 by
238 2107 71 75 him
334 2107 32 75 in
390 2107 97 75 many
511 2107 40 75 of
568 2107 51 75 his
642 2107 175 75 buildings.
864 2107 79 75 The
968 2107 147 75 aperture
1139 2107 26 75 is
1191 2107 19 75 a

174 2153 118 75 double
314 2153 127 75 fquare.
488 2153 78 75 The
590 2153 136 75 breadth
751 2153 41 75 of
810 2153 57 75 the
891 2153 179 75 architrave
1094 2153 27 75 is
1148 2153 61 75 one

174 2200 85 75 fixth
276 2200 39 75 of
334 2200 57 75 the
407 2200 136 75 breadth
561 2200 41 75 of
620 2200 57 75 the
693 2200 148 75 aperture
855 2200 11 75 ;
890 2200 62 75 and
969 2200 55 75 the
1040 2200 83 75 frize
1147 2200 63 75 and

176 2248 127 75 cornice
317 2248 150 75 together
478 2248 54 75 are
548 2248 118 75 double
682 2248 56 75 the
755 2248 112 75 height
883 2248 40 75 of
941 2248 57 75 the
1015 2248 193 75 architrave.

174 2294 77 75 The
268 2294 135 75 breadth
421 2294 40 75 of
480 2294 55 75 the
552 2294 142 75 confoles
711 2294 27 75 is
756 2294 65 75 two
838 2294 104 75 thirds
955 2294 40 75 of
1006 2294 56 75 the
1073 2294 137 75 breadth

176 2341 40 75 of
232 2341 55 75 the
304 2341 192 75 architrave.

224 2388 72 75 Fig.
314 2388 36 75 4.
391 2388 33 75 Is
442 2388 19 75 a
476 2388 106 75 defign
600 2388 40 75 of
659 2388 171 75 Ludovico
847 2388 57 75 Da
919 2388 132 75 CigoK;
1078 2388 61 75 and
1152 2388 58 75 ex-

179 2432 120 75 ecuted,
309 2432 32 75 in
358 2432 55 75 the
434 2432 224 75 ground-floor
681 2432 40 75 of
739 2432 56 75 the
817 2432 204 75 Ranunchini
1044 2432 109 75 palace
1177 2432 33 75 at

178 2480 170 75 Florence.

227 2527 72 75 Fig.
320 2527 31 75 5.
391 2527 33 75 Is
448 2527 19 75 a
489 2527 107 75 defign
619 2527 41 75 of
678 2527 94 75 Inigo
787 2527 113 75 Jones,
925 2527 159 75 executed
1101 2527 33 75 at
1155 2527 57 75 the

180 2570 330 75 Banqueting-houfe.
572 2570 78 75 The
683 2570 146 75 aperture
867 2570 76 75 may
972 2570 40 75 be
1044 2570 19 75 a
1093 2570 119 75 dotible

179 2620 134 75 Square;
339 2620 56 75 the
412 2620 179 75 architrave
607 2620 74 75 may
697 2620 39 75 be
752 2620 60 75 one
828 2620 84 75 fixth
930 2620 41 75 of
988 2620 42 75 its
1051 2620 136 75 breadth
1197 2620 11 75 ;

179 2669 56 75 the
248 2669 103 75 whole
369 2669 201 75 entablature
584 2669 59 75 one
656 2669 132 75 quarter
804 2669 40 75 of
863 2669 41 75 its
920 2669 135 75 height;
1081 2669 63 75 and
1156 2669 55 75 the

180 2713 136 75 breadth
332 2713 40 75 of
390 2713 56 75 the
458 2713 142 75 confoles
617 2713 66 75 two
700 2713 104 75 thirds
821 2713 41 75 of
879 2713 57 75 the
952 2713 136 75 breadth
1105 2713 40 75 of
1156 2713 55 75 the

180 2761 190 75 architrave.

228 2807 73 75 Fig.
321 2807 34 75 6.
395 2807 34 75 Is
446 2807 17 75 a
480 2807 105 75 defign
598 2807 40 75 of
656 2807 54 75 M.
727 2807 130 75 Angelo
873 2807 200 75 Buonaroti,.
1092 2807 118 75 execu-

182 2853 54 75 ted
252 2853 32 75 at
301 2853 56 75 the
369 2853 151 75 Farnefe.

222 2957 76 75 OF
345 2957 257 75 NICHES
651 2957 138 75 AND
839 2957 332 75 STATUES.

229 3040 45 75 lx
297 3040 79 75 hath
392 3040 82 75 been
485 3040 190 75 cuilomary,
701 3040 33 75 in
751 3040 42 75 all
805 3040 92 75 ages,
917 3040 36 75 to
972 3040 109 75 enrich
1101 3040 112 75 difFer-

1240 171 34 75 E
1331 171 37 75 C
1426 171 41 75 T
1523 171 44 75 U
1627 171 37 75 R
1722 171 48 75 E.

1246 237 55 75 ent
1315 237 89 75 parts
1423 237 39 75 of
1481 237 162 75 buildings
1655 237 79 75 with
1752 237 265 75 reprefentations
2034 237 42 75 of
2093 237 56 75 the
2165 237 117 75 human

1247 284 100 75 body.
1395 284 98 75 Thus
1509 284 58 75 the
1579 284 144 75 ancients
1744 284 143 75 adorned
1902 284 86 75 their
2003 284 147 75 temples,
2175 284 110 75 baths,

1249 330 153 75 theatres*
1519 330 80 75 with
1617 330 115 75 llatues
1749 330 40 75 of
1808 330 86 75 their
1918 330 127 75 deities,
2069 330 127 75 heroes,
2223 330 62 75 and

1249 379 190 75 legiflators.
1485 379 78 75 The
1580 379 146 75 moderns
1744 379 64 75 Hill
1822 379 144 75 preferve
1983 379 55 75 the
2054 379 84 75 fame
2150 379 132 75 cuftom,

1250 423 127 75 placing
1396 423 33 75 in
1455 423 83 75 their
1564 423 170 75 churches,
1758 423 139 75 palaces,
1923 423 64 75 &c.
2012 423 116 75 flames
2151 423 41 75 of
2210 423 74 75 illu-

1251 471 112 75 ftrious
1378 471 143 75 perfons,
1545 471 65 75 and
1630 471 77 75 even
1724 471 119 75 groups
1859 471 170 75 compofed
2044 471 40 75 of
2103 471 128 75 various
2247 471 38 75 fi-

1251 517 105 75 gures,
1391 517 216 75 reprefenting
1630 517 206 75 occurrences
1861 517 155 75 coile&ed
2043 517 84 75 from
2150 517 135 75 hitrory,

1252 565 113 75 fables,
1391 565 65 75 61c.
1507 565 194 75 Sometimes
1713 565 91 75 thefe
1820 565 114 75 flames
1958 565 38 75 or
2019 565 119 75 groups
2156 565 54 75 are
2227 565 58 75 de-

1250 611 130 75 tached,
1406 611 101 75 raifed
1522 611 42 75 on
1581 611 167 75 pedeftals,
1774 611 63 75 and
1853 611 113 75 placed
1981 611 189 75 contiguous
2183 611 34 75 to
2230 611 57 75 the

1253 658 89 75 walls
1359 658 40 75 of
1419 658 17 75 a
1452 658 159 75 building,
1633 658 41 75 or
1690 658 32 75 in
1738 658 56 75 the
1809 658 121 75 middle
1955 658 39 75 of
2014 658 19 75 a
2053 658 104 75 room,
2179 658 107 75 court,

1253 704 37 75 or
1305 704 108 75 public
1429 704 124 75 fquare.
1603 704 67 75 But
1693 704 80 75 they
1795 704 54 75 are
1872 704 81 75 moft
1972 704 187 75 frequently
2175 704 113 75 placed

1254 751 30 75 in
1302 751 131 75 cavities
1457 751 93 75 made
1573 751 33 75 in
1632 751 55 75 the
1709 751 105 75 walls,
1839 751 104 75 called
1960 751 118 75 niches.
2126 751 54 75 Of
2199 751 90 75 thefe

1253 798 94 75 there
1361 798 54 75 are
1430 798 67 75 two
1513 798 106 75 forts;
1646 798 57 75 the
1719 798 61 75 one
1800 798 130 75 formed
1953 798 67 75 like
2035 798 39 75 an
2091 798 76 75 arch
2190 798 33 75 in
2245 798 43 75 its

1253 845 171 75 elevation,
1451 845 63 75 and
1537 845 213 75 femicircuiar
1772 845 39 75 or
1827 845 231 75 femielliptieal
2074 845 32 75 in
2130 845 41 75 its
2188 845 97 75 plan;

1253 892 56 75 the
1334 892 94 75 other
1451 892 27 75 is
1503 892 20 75 a
1547 892 243 75 parallelogram
1814 892 80 75 both
1918 892 32 75 in
1976 892 41 75 its
2042 892 74 75 plan
2137 892 63 75 and
2222 892 65 75 ele-

1251 939 124 75 vation.

1300 985 76 75 The
1392 985 187 75 proportion
1596 985 41 75 of
1655 985 81 75 both
1759 985 88 75 thefe
1872 985 110 75 niches
2007 985 142 75 depends
2165 985 43 75 on
2232 985 57 75 the

1255 1032 161 75 charadter
1441 1032 40 75 of
1502 1032 58 75 the
1586 1032 131 75 flames,
1751 1032 39 75 or
1816 1032 56 75 the
1897 1032 129 75 general
2054 1032 84 75 form
2166 1032 41 75 of
2230 1032 58 75 the

1255 1079 118 75 groups
1389 1079 113 75 placed
1518 1079 31 75 in
1567 1079 102 75 them.
1708 1079 78 75 The
1803 1079 109 75 loweft
1925 1079 53 75 are
1994 1079 34 75 at
2043 1079 76 75 leaft
2136 1079 18 75 a
2170 1079 118 75 double

1253 1126 115 75 fquare
1392 1126 33 75 in
1448 1126 131 75 height;
1610 1126 63 75 and
1695 1126 60 75 the
1776 1126 125 75 higheft
1924 1126 97 75 never
2044 1126 123 75 exceed
2192 1126 102 75 24-of

1254 1171 86 75 their
1357 1171 147 75 breadth.

1302 1218 97 75 With
1416 1218 114 75 regard
1547 1218 36 75 to
1596 1218 59 75 the
1670 1218 132 75 manner
1818 1218 40 75 of
1869 1218 187 75 decorating
2069 1218 100 75 them,
2194 1218 96 75 when

1255 1264 78 75 they
1357 1264 53 75 are
1434 1264 92 75 alone
1549 1264 33 75 in
1607 1264 19 75 a
1649 1264 220 75 compofition,
1894 1264 80 75 they
1989 1264 54 75 are
2059 1264 163 75 generally
2238 1264 50 75 in-

1257 1311 106 75 clofed
1377 1311 32 75 in
1426 1311 18 75 a
1459 1311 127 75 pannei,
1611 1311 128 75 formed
1754 1311 61 75 and
1832 1311 229 75 proportioned
2084 1311 67 75 like
2174 1311 56 75 the
2253 1311 36 75 a-

1254 1358 129 75 perture
1400 1358 41 75 of
1459 1358 19 75 a
1494 1358 150 75 window,
1669 1358 62 75 and
1755 1358 143 75 adorned
1920 1358 32 75 in
1975 1358 56 75 the
2047 1358 83 75 fame
2145 1358 144 75 manner.

1257 1404 39 75 In
1312 1404 67 75 this
1393 1404 85 75 cafe,
1501 1404 55 75 the
1572 1404 93 75 niche
1680 1404 26 75 is
1725 1404 123 75 Carried
1864 1404 91 75 quite
1971 1404 95 75 down
2088 1404 36 75 to
2143 1404 56 75 the
2217 1404 72 75 bot-

1258 1451 67 75 tom
1338 1451 10 75 ;
1374 1451 58 75 but
1448 1451 42 75 on
1506 1451 56 75 the
1576 1451 84 75 fides
1683 1451 64 75 and
1771 1451 32 75 at
1827 1451 55 75 the
1905 1451 70 75 top,
2000 1451 20 75 a
2043 1451 89 75 fmail
2148 1451 91 75 fpace
2262 1451 27 75 is

1257 1498 60 75 left
1334 1498 145 75 between
1495 1498 56 75 the
1567 1498 94 75 niche
1680 1498 62 75 and
1759 1498 56 75 the
1839 1498 178 75 architrave
2033 1498 40 75 of
2092 1498 57 75 the
2162 1498 128 75 pannei.

1258 1545 79 75 And
1360 1545 94 75 when
1478 1545 109 75 niches
1611 1545 55 75 are
1693 1545 195 75 intermixed
1913 1545 78 75 with
2015 1545 167 75 windows,
2212 1545 80 75 they

1258 1591 73 75 may
1347 1591 40 75 be
1403 1591 143 75 adorned
1568 1591 32 75 in
1618 1591 54 75 the
1688 1591 84 75 fame
1795 1591 132 75 manner
1950 1591 78 75 with
2050 1591 56 75 the
2122 1591 167 75 windows,

1259 1638 156 75 provided
1431 1638 55 75 the
1503 1638 180 75 ornaments
1701 1638 40 75 be
1756 1638 42 75 of
1809 1638 54 75 the
1879 1638 83 75 fame
1974 1638 100 75 figure
2090 1638 62 75 and
2168 1638 122 75 dunen-

1258 1685 171 75 fionswith
1448 1685 90 75 thofe
1554 1685 41 75 of
1614 1685 55 75 the
1686 1685 167 75 windows.

1305 1733 77 75 The
1398 1733 64 75 fize
1485 1733 40 75 of
1544 1733 56 75 the
1616 1733 116 75 flames
1750 1733 140 75 depends
1914 1733 42 75 on
1980 1733 55 75 the
2052 1733 188 75 dimenfions
2257 1733 42 75 of

1258 1778 56 75 the
1330 1778 124 75 niches.
1501 1778 100 75 They
1617 1778 112 75 fliodd
1744 1778 125 75 neither
1885 1778 40 75 he
1948 1778 34 75 fo
2004 1778 89 75 large
2109 1778 34 75 as
2159 1778 35 75 to
2210 1778 82 75 have

1258 1825 57 75 the
1332 1825 194 75 appearance
1542 1825 40 75 of
1601 1825 95 75 being
1720 1825 144 75 rammed
1887 1825 70 75 into
1981 1825 56 75 the
2061 1825 96 75 niche'
2157 1825 26 75 s,
2209 1825 34 75 as
2259 1825 34 75 in

1258 1871 101 75 Simta
1371 1871 109 75 Maria
1494 1871 132 75 Majore
1638 1871 32 75 at
1683 1871 128 75 Rome;
1837 1871 60 75 nor
1913 1871 34 75 fo
1962 1871 127 75 narrow
2108 1871 34 75 as
2158 1871 36 75 to
2209 1871 84 75 feem

1258 1918 60 75 loft
1334 1918 33 75 in
1383 1918 101 75 them,
1502 1918 34 75 as
1548 1918 32 75 in
1594 1918 54 75 the
1664 1918 188 75 Panthaeon.
1900 1918 78 75 The
1992 1918 140 75 diftance
2146 1918 146 75 between

1258 1964 55 75 the
1336 1964 121 75 outline
1483 1964 41 75 of
1541 1964 57 75 the
1622 1964 100 75 flame
1745 1964 63 75 and
1832 1964 64 75 fide
1921 1964 41 75 of
1988 1964 56 75 the
2069 1964 93 75 niche
2177 1964 115 75 ftiould

1255 2010 98 75 never
1368 2010 41 75 be
1426 2010 60 75 lefs
1504 2010 77 75 than
1599 2010 60 75 one
1684 2010 89 75 third
1796 2010 41 75 of
1856 2010 18 75 a
1898 2010 96 75 head,
2018 2010 60 75 nor
2103 2010 88 75 more
2213 2010 79 75 than

1255 2057 63 75 one
1334 2057 81 75 half,
1441 2057 147 75 whether
1603 2057 56 75 the
1675 2057 94 75 niche
1795 2057 41 75 be
1860 2057 115 75 fquare
1999 2057 36 75 or
2062 2057 140 75 arched;
2229 2057 63 75 and

1258 2103 93 75 v/hen
1368 2103 26 75 it
1409 2103 27 75 is
1448 2103 127 75 fquare,
1600 2103 56 75 the
1668 2103 140 75 diftance
1824 2103 85 75 from
1926 2103 56 75 the
1998 2103 57 75 top
2071 2103 41 75 of
2130 2103 57 75 the
2208 2103 85 75 head

1258 2151 35 75 to
1309 2151 56 75 the
1383 2151 115 75 ceiling
1513 2151 41 75 of
1570 2151 58 75 the
1644 2151 93 75 niche
1752 2151 113 75 Ihould
1880 2151 58 75 net
1954 2151 40 75 be
2005 2151 126 75 greater
2142 2151 79 75 than
2237 2151 59 75 tire

1258 2199 138 75 diftance
1421 2199 41 75 on
1479 2199 56 75 the
1551 2199 91 75 fides.
1694 2199 130 75 Statues
1842 2199 53 75 are
1911 2199 164 75 generally
2090 2199 101 75 raifed
2207 2199 42 75 on
2274 2199 20 75 a

1257 2245 116 75 plinth,
1398 2245 61 75 the
1478 2245 113 75 height
1615 2245 42 75 of
1675 2245 104 75 which
1805 2245 74 75 may
1903 2245 41 75 be
1968 2245 85 75 from
2076 2245 61 75 one
2152 2245 89 75 third
2256 2245 40 75 to

1259 2291 59 75 one
1336 2291 75 75 half
1430 2291 40 75 of
1489 2291 18 75 a
1529 2291 105 75 head;
1661 2291 62 75 and
1747 2291 196 75 fometimes,
1968 2291 108 75 where
2101 2291 55 75 the
2182 2291 111 75 niches

1257 2339 56 75 are
1328 2339 102 75 large,
1455 2339 55 75 the
1527 2339 115 75 flames
1659 2339 73 75 may
1747 2339 41 75 be
1800 2339 102 75 raifed
1918 2339 41 75 on
1970 2339 89 75 fmail
2078 2339 166 75 pedeftals.

1309 2385 76 75 The
1402 2385 162 75 character
1579 2385 40 75 of
1637 2385 55 75 the
1708 2385 99 75 ftatue
1831 2385 113 75 fliould
1967 2385 118 75 always
2102 2385 192 75 correfpond

1262 2432 79 75 with
1358 2432 55 75 the
1430 2432 162 75 charadter
1615 2432 40 75 of
1674 2432 56 75 the
1753 2432 211 75 architecture
1987 2432 80 75 with
2091 2432 106 75 which
2217 2432 25 75 it
2266 2432 28 75 is

1261 2478 210 75 furrouEoed.
1518 2478 109 75 Thus,
1653 2478 32 75 if
1705 2478 56 75 the
1785 2478 95 75 order
1906 2478 40 75 be
1970 2478 119 75 Doric,
2121 2478 177 75 Hercules,.

1261 2525 139 75 Jupiter,
1424 2525 106 75 Mars,
1554 2525 216 75 iEfculapius,
1795 2525 62 75 and
1881 2525 42 75 all
1941 2525 83 75 male
2047 2525 115 75 ftatues
2187 2525 108 75 repre-

1257 2571 125 75 fenting
1399 2571 110 75 beings
1526 2571 40 75 of
1581 2571 18 75 a
1616 2571 106 75 robuft
1745 2571 63 75 and
1824 2571 96 75 grave
1943 2571 125 75 nature,
2093 2571 73 75 may
2183 2571 39 75 be
2244 2571 49 75 in-

1260 2617 178 75 troduced;
1463 2617 32 75 if
1506 2617 105 75 Ionic,
1635 2617 80 75 then
1730 2617 135 75 Apollo,
1890 2617 161 75 Bacchus,
2155 2617 11 75 ;
2192 2617 63 75 and
2268 2617 32 75 if

1261 2663 205 75 Corinthian,
1490 2663 126 75 Venus,
1642 2663 111 75 Flora,
1779 2663 63 75 and
1858 2663 112 75 others
1985 2663 41 75 of
2045 2663 18 75 a
2078 2663 136 75 delicate
2237 2663 56 75 na-

1260 2711 83 75 ture,
1368 2711 116 75 ftiould
1495 2711 41 75 be
1552 2711 181 75 employed.

1442 2816 72 75 OF
1550 2816 558 75 CHIMNEY-PIECES.

1308 2895 147 75 Among
1474 2895 56 75 the
1546 2895 154 75 ancients,
1724 2895 93 75 there
1833 2895 54 75 are
1902 2895 79 75 very
1997 2895 64 75 few
2076 2895 165 75 examples
2257 2895 43 75 of

1263 2941 269 75 chimney-pieces
1559 2941 35 75 to
1622 2941 41 75 be
1689 2941 67 75 met
1781 2941 92 75 with.
1934 2941 140 75 Neither
2090 2941 56 75 the
2163 2941 132 75 Italians

1262 2988 60 75 nor
1345 2988 126 75 French
1487 2988 81 75 have
1584 2988 150 75 excelled
1750 2988 32 75 in
1803 2988 222 75 compofitions
2051 2988 40 75 of
2112 2988 65 75 this
2203 2988 90 75 kind.

1262 3035 138 75 Britain,
1424 3035 44 75 by
1495 3035 95 75 being
1615 3035 151 75 poffeffed
1790 3035 44 75 of
1855 3035 96 75 many
1978 3035 72 75 able
2074 3035 155 75 fculptors
2261 3035 33 75 at

1424 3079 15 75 ,

2143 3079 151 75 different
