2483 3387
2298 178 19 75 3
2317 160 31 49 8
2348 178 31 75 ?

715 165 1185 75 arithmetics;.

294 241 156 75 Examp.
498 241 108 75 What
621 241 27 75 is
665 241 56 75 the
736 241 95 75 value
846 241 41 75 of
898 241 75 75 ^L.
987 241 13 75 ?

367 300 17 75 3

366 337 45 75 20

316 430 195 75 4)60(15$.
606 430 91 75 Here
712 430 145 75 confider
871 430 26 75 4;
907 430 46 75 L.
978 430 35 75 as
1036 430 176 75 ekprelEng
1228 430 57 75 the

352 475 22 75 4

557 475 112 75 fourth
698 475 72 75 part
785 475 42 75 of
845 475 92 75 three
965 475 123 75 pounds
1114 475 143 75 Sterling
1270 475 11 75 ;

349 522 50 75 —

556 522 36 75 fo
612 522 117 75 reduce
746 522 32 75 L
790 522 33 75 3,
848 522 57 75 the
928 522 196 75 numerator,
1156 522 36 75 to
1210 522 72 75 ftiil-

352 571 46 75 20

558 571 97 75 lings,
674 571 62 75 arid
746 571 110 75 divide
872 571 48 75 by.
932 571 54 75 the
1002 571 224 75 denominator
1239 571 41 75 4;

353 618 45 75 20

555 618 64 75 arid
635 618 34 75 as
685 618 135 75 nothing
836 618 147 75 remains,
1010 618 55 75 the
1089 618 94 75 quot,
1210 618 71 75 viz.

350 663 49 75 —

563 663 40 75 jy
620 663 154 75 filillings,
797 663 28 75 is
842 663 55 75 the
913 663 92 75 value
1025 663 170 75 complete.

285 864 77 75 The
381 864 110 75 reafon
508 864 40 75 of
560 864 66 75 this
644 864 69 75 rule
729 864 27 75 is
774 864 55 75 the
855 864 83 75 fame
966 864 81 75 with
1073 864 71 75 that
1168 864 34 75 in
1224 864 58 75 the

239 911 191 75 preceeding
445 911 161 75 problem.
654 911 32 75 It
709 911 28 75 is
764 911 45 75 by
827 911 55 75 the
898 911 137 75 pra&ice
1060 911 42 75 of
1124 911 64 75 this
1206 911 74 75 pro-

238 958 85 75 blem
340 958 71 75 that
434 958 194 75 remainders
644 958 34 75 in
694 958 57 75 the
774 958 71 75 rule
861 958 40 75 of
908 958 91 75 three
1017 958 53 75 are
1088 958 141 75 reduced
1245 958 35 75 to

239 1004 105 75 value.

659 1004 9 75 '
716 1036 9 49 (

285 1051 122 75 Pros.
423 1051 85 75 VII.
548 1051 59 75 To
622 1051 118 75 reduce
752 1051 19 75 a
782 1051 135 75 fra&ion
930 1051 35 75 to
981 1051 42 75 its
1040 1051 109 75 Joweflf
1165 1051 112 75 terms.

285 1097 125 75 Rule.
461 1097 122 75 Divide
598 1097 81 75 both
696 1097 184 75 numerator
908 1097 63 75 and
995 1097 225 75 denominator
1236 1097 45 75 by

237 1143 85 75 their
338 1143 136 75 greateft
490 1143 149 75 common
661 1143 119 75 divifor
793 1143 12 75 ;
831 1143 56 75 the
904 1143 68 75 two
999 1143 98 75 quots
1113 1143 93 75 make
1224 1143 55 75 the

237 1190 72 75 new
323 1190 149 75 fra&ion.

284 1238 77 75 The
377 1238 137 75 greateft
540 1238 149 75 common
718 1238 119 75 divifor
859 1238 42 75 of
922 1238 57 75 the
1005 1238 186 75 numerator
1215 1238 64 75 and

236 1284 225 75 denominator
476 1284 41 75 of
528 1284 19 75 a
561 1284 136 75 fraition
715 1284 27 75 is
759 1284 103 75 found
877 1284 45 75 by
938 1284 57 75 the
1016 1284 167 75 following

282 1331 127 75 Rule.
458 1331 122 75 Divide
603 1331 56 75 the
683 1331 128 75 greater
828 1331 42 75 of
880 1331 90 75 thefe
986 1331 66 75 two
1068 1331 151 75 numbers
1231 1331 45 75 by

236 1378 55 75 the
307 1378 112 75 lefler;
446 1378 63 75 and
525 1378 93 75 again
634 1378 110 75 divide
760 1378 56 75 the
841 1378 119 75 divifor
988 1378 44 75 by
1056 1378 57 75 the
1142 1378 135 75 remain-

235 1423 59 75 der
306 1423 11 75 ;
343 1423 64 75 and
427 1423 35 75 fo
486 1423 55 75 on,
566 1423 210 75 continually,
802 1423 53 75 till
878 1423 24 75 o
922 1423 151 75 remains.
1119 1423 79 75 The
1220 1423 57 75 laft

236 1468 120 75 divifor
372 1468 28 75 is
416 1468 86 75 their
518 1468 135 75 greateft
671 1468 148 75 common
835 1468 131 75 divifor.

284 1516 59 75 Ex
349 1516 90 75 amp.
488 1516 136 75 Reduce
640 1516 74 75 9^4
735 1516 36 75 to
786 1516 44 75 its
850 1516 109 75 loweft
976 1516 112 75 terms.

282 1562 84 75 Firft
388 1562 66 75 find
477 1562 57 75 the
549 1562 137 75 greateft
702 1562 149 75 common
866 1562 122 75 divifor
1005 1562 39 75 of
1055 1562 57 75 the
1129 1562 147 75 numera-

237 1609 52 75 tor
306 1609 63 75 and
387 1609 237 75 denominator,
648 1609 35 75 as
700 1609 130 75 follows

520 1667 199 75 784)952(1

608 1713 68 75 784

614 1806 198 75 168)784(4

694 1853 67 75 672

702 1947 195 75 1x2)168(1

792 1993 63 75 112

312 2085 149 75 Greateft
477 2085 147 75 common
641 2085 119 75 divifor
812 2085 60 75 50)
882 2085 106 75 112(2

885 2131 64 75 1X2

887 2247 12 75 (
899 2229 28 49 Q
927 2247 19 75 I
1008 2247 8 75 .

282 2270 97 75 Then
402 2270 141 75 proceed
557 2270 36 75 to
609 2270 118 75 reduce
737 2270 59 75 the
820 2270 95 75 given
927 2270 137 75 fraftibW
1083 2270 38 75 to
1138 2270 42 75 its
1192 2270 81 75 low-

236 2316 44 75 cft
294 2316 112 75 terms,
430 2316 46 75 by
491 2316 144 75 dividing
651 2316 82 75 both
748 2316 185 75 numerator
958 2316 67 75 and
1049 2316 223 75 denominator

234 2362 44 75 by
304 2362 57 75 56,
385 2362 55 75 the
460 2362 101 75 greaft
578 2362 148 75 common
741 2362 134 75 divifor.

284 2422 200 75 56)784(14
499 2422 69 75 new
584 2422 89 75 num.

835 2422 201 75 5^)952(17
1053 2422 71 75 new
1140 2422 131 75 denom.

347 2469 43 75 56

896 2469 44 75 56

346 2561 67 75 224

342 2607 70 75 224

922 2568 65 75 392

919 2615 65 75 392

342 2713 55 75 (°)

530 2713 23 75 *

689 2713 4 75 '
750 2713 20 75 ,

276 2800 118 75 Pros.
423 2800 103 75 VIII.
574 2800 58 75 To
649 2800 120 75 reduce
786 2800 152 75 fractions
955 2800 42 75 of
1007 2800 151 75 different
1169 2800 99 75 deno-

226 2846 158 75 minators
400 2846 36 75 to
453 2846 19 75 a
489 2846 148 75 common
650 2846 239 75 denominator.

276 2893 124 75 Rule.
458 2893 161 75 Multiply
645 2893 57 75 the
730 2893 238 75 denominators
992 2893 199 75 continually
1215 2893 52 75 for

188 2939 6 75 '
223 2939 60 75 the
299 2939 149 75 common
467 2939 221 75 denominator
701 2939 12 75 ;
739 2939 65 75 and
818 2939 151 75 multiply
984 2939 77 75 each
1079 2939 187 75 numerator

225 2986 71 75 into
312 2986 18 75 a
376 2986 56 75 the
448 2986 23 75 d
491 2986 209 75 nominators,
723 2986 120 75 except
866 2986 43 75 its
926 2986 85 75 cwh,
1036 2986 54 75 for
1106 2986 55 75 the
1177 2986 89 75 frivc-

220 3034 51 75 ral
292 3034 41 75 nu
387 3034 35 75 ra
458 3034 18 75 r
496 3034 8 75 .

269 3082 103 75 Vol.
395 3082 34 75 I.
477 3082 71 75 No.
579 3082 55 75 17.

1218 3082 20 75 3

1719 231 276 75 Examples.

1383 294 133 75 Reduce
1532 294 24 75 %
1573 294 62 75 and
1650 294 25 75 £
1690 294 35 75 to
1743 294 19 75 a
1778 294 147 75 common
1945 294 240 75 denominator,

1476 341 172 75 4X5=20,
1674 341 56 75 the
1747 341 147 75 common
1913 341 239 75 denominator^

1480 389 170 75 3X5=15,
1676 389 54 75 the
1747 389 65 75 firft
1827 389 197 75 numerator.

1478 436 173 75 4X4=16,
1679 436 55 75 the
1750 436 118 75 fecond
1886 436 201 75 numerator.

1382 481 46 75 So
1452 481 56 75 the
1523 481 73 75 new
1611 481 151 75 fra&ions
1786 481 55 75 are
1928 481 63 75 and
2007 481 60 75 -i-J.

1380 529 111 75 When
1507 529 57 75 the
1579 529 222 75 denominator
1816 529 41 75 of
1873 529 64 75 one
1960 529 135 75 fraction
2116 529 142 75 happens
2276 529 36 75 to
2331 529 40 75 be

1333 575 40 75 an
1389 575 126 75 aliquot
1532 575 71 75 part
1619 575 42 75 of
1676 575 59 75 the
1754 575 225 75 denominator
2003 575 41 75 of
2063 575 135 75 another
2223 575 147 75 fraction,

1331 622 56 75 the
1414 622 123 75 former
1561 622 74 75 may
1659 622 41 75 be
1724 622 140 75 reduced
1891 622 36 75 to
1955 622 56 75 the
2043 622 83 75 fame
2149 622 223 75 denominator

1333 669 78 75 with
1428 669 57 75 the
1501 669 109 75 latter,
1635 669 45 75 by
1700 669 206 75 multiplying
1930 669 81 75 both
2035 669 41 75 its
2101 669 184 75 numerator
2310 669 62 75 and

1331 716 221 75 denominator
1568 716 44 75 by
1629 716 54 75 the
1696 716 134 75 number
1848 716 105 75 which
1966 716 135 75 denotes
2119 716 75 75 how
2206 716 93 75 often
2315 716 57 75 the

1331 763 91 75 lefler
1438 763 223 75 denominator
1680 763 26 75 is
1723 763 169 75 contained
1910 763 34 75 in
1958 763 60 75 the
2033 763 142 75 greater.

1378 810 109 75 Thus,
1510 810 27 75 -f-
1548 810 37 75 d"
1595 810 49 75 rr
1644 792 47 49 :=:
1703 810 49 75 -rr
1763 810 39 75 +
1810 810 61 75 -rv

1379 858 90 75 Here
1488 858 18 75 3
1529 858 27 75 is
1580 858 170 75 Contained
1778 858 32 75 in
1843 858 39 75 12
1906 858 78 75 four
2003 858 115 75 times;
2159 858 35 75 fo
2222 858 151 75 multiply

1330 903 81 75 both
1437 903 17 75 2
1478 903 62 75 and
1559 903 16 75 3
1595 903 44 75 by
1656 903 35 75 4,
1715 903 65 75 and
1796 903 63 75 you
1876 903 81 75 have

1376 952 119 75 Again,

1726 934 36 49 =

1379 998 193 75 Sometimes
1587 998 70 75 too,
1682 998 56 75 the
1762 998 136 75 fra&ion
1923 998 72 75 that
2017 998 59 75 has
2099 998 57 75 the
2171 998 127 75 greater
2314 998 56 75 de-

1330 1045 181 75 nominator
1527 1045 87 75 may,
1639 1045 31 75 in
1688 1045 64 75 like
1768 1045 145 75 manner,
1939 1045 39 75 be
2008 1045 139 75 reduced
2163 1045 35 75 to
2214 1045 55 75 the
2285 1045 85 75 fame

1330 1091 222 75 denominator
1576 1091 81 75 with
1673 1091 71 75 that
1761 1091 105 75 which
1883 1091 57 75 has
1964 1091 55 75 the
2036 1091 103 75 lefler,
2164 1091 43 75 by
2222 1091 146 75 divifion.

1376 1139 109 75 Thus,
1510 1139 26 75 i.
1544 1139 38 75 +
1590 1139 25 75 T
1615 1121 45 49 =:
1660 1139 28 75 T
1696 1139 37 75 +
1740 1139 38 75 T*

1376 1192 79 75 And
1477 1192 200 75 4|+^r+
1677 1224 31 49 T
1708 1192 348 75 v=A+A+A.

1374 1233 79 75 The
1468 1233 110 75 reafon
1598 1233 42 75 of
1658 1233 55 75 the
1737 1233 101 75 above
1856 1233 68 75 rule
1952 1233 52 75 for
2032 1233 159 75 reducing
2218 1233 151 75 fractions

1328 1278 35 75 to
1379 1278 19 75 a
1413 1278 148 75 common
1578 1278 224 75 denominator
1817 1278 27 75 is
1861 1278 129 75 evident
2000 1278 86 75 from
2103 1278 175 75 Corollary
2294 1278 73 75 II.;

1328 1326 53 75 for
1403 1326 80 75 both
1507 1326 186 75 numerator
1720 1326 63 75 and
1809 1326 223 75 denominator
2061 1326 39 75 of
2122 1326 97 75 every
2234 1326 137 75 fraftion

1326 1373 54 75 are
1396 1373 182 75 multiplied
1594 1373 45 75 by
1655 1373 55 75 the
1722 1373 84 75 fame
1822 1373 147 75 number,
1996 1373 39 75 or
2050 1373 44 75 by
2112 1373 56 75 the
2179 1373 85 75 fame
2276 1373 92 75 num-

1327 1420 86 75 bers.

1375 1467 99 75 After
1489 1467 154 75 fra&ions
1659 1467 54 75 afe
1728 1467 139 75 reduced
1883 1467 36 75 to
1937 1467 18 75 a
1972 1467 146 75 common
2130 1467 237 75 denominator,

1322 1513 84 75 they
1422 1513 75 75 may
1511 1513 188 75 frequently
1723 1513 40 75 be
1792 1513 140 75 reduced
1947 1513 35 75 to
1998 1513 100 75 lower
2114 1513 112 75 terms,
2250 1513 44 75 by
2318 1513 49 75 di-

1327 1560 109 75 viding
1452 1560 44 75 all
1516 1560 56 75 the
1586 1560 215 75 numerators,
1826 1560 64 75 and
1906 1560 65 75 alfo
1990 1560 55 75 the
2062 1560 148 75 common
2222 1560 146 75 denomi-

1326 1607 107 75 nator,
1457 1607 44 75 by
1525 1607 63 75 any
1610 1607 119 75 divifor
1745 1607 71 75 that
1839 1607 105 75 leaves
1972 1607 42 75 no
2043 1607 190 75 remainder,
2258 1607 39 75 or
2324 1607 44 75 by

1328 1655 126 75 cutting
1475 1655 54 75 off
1539 1655 42 75 an
1597 1655 96 75 equal
1716 1655 135 75 number
1873 1655 42 75 of
1932 1655 127 75 ciphers
2076 1655 85 75 from
2176 1655 95 75 both.

1555 1759 160 75 Addition
1737 1759 44 75 of
1795 1759 129 75 Vulgar
1949 1759 100 75 Frati
2052 1759 82 75 ions.

1370 1840 110 75 Rule
1506 1840 33 75 I.
1586 1840 40 75 If
1643 1840 56 75 the
1727 1840 94 75 given
1849 1840 153 75 fractions
2027 1840 81 75 have
2132 1840 43 75 all
2200 1840 56 75 the
2279 1840 85 75 fame

1322 1887 238 75 denominator,
1584 1887 66 75 add
1663 1887 57 75 the
1743 1887 214 75 numerators,
1983 1887 64 75 and
2064 1887 90 75 place
2170 1887 56 75 the
2242 1887 68 75 fum
2325 1887 38 75 0-

1323 1932 57 75 ver
1396 1932 57 75 the
1468 1932 236 75 denominator.

1369 1981 72 75 Ex.
1473 1981 30 75 1.
1551 1981 106 75 What
1673 1981 28 75 is
1717 1981 56 75 the
1789 1981 68 75 fum
1873 1981 42 75 of
1926 1981 25 75 4
1967 1981 38 75 +
2022 1981 24 75 4
2058 1981 11 75 ?
2123 1981 82 75 Anf.
2230 1981 37 75 4.

1371 2028 33 75 2.
1428 2028 109 75 What
1553 2028 28 75 is
1597 2028 56 75 the
1667 2028 70 75 fum
1750 2028 44 75 of
1804 2028 51 75 A
1866 2028 39 75 +
1916 2028 48 75 rr
1977 2028 11 75 *
2043 2028 83 75 -Anf.
2211 2028 38 75 =
2257 2028 36 75 4,
2317 2028 46 75 by

1321 2072 101 75 Prob.
1440 2072 83 75 VII.

1367 2119 110 75 Rule
1503 2119 53 75 II.
1601 2119 40 75 If
1650 2119 56 75 the
1723 2119 93 75 given
1832 2119 152 75 fraftions
2001 2119 81 75 have
2099 2119 153 75 different
2260 2119 101 75 deno-

1319 2166 170 75 minators,
1515 2166 116 75 reduce
1654 2166 90 75 them
1771 2166 37 75 to
1835 2166 19 75 a
1880 2166 149 75 common
2055 2166 236 75 denominator,
2316 2166 44 75 by

1320 2211 101 75 Prob.
1446 2211 102 75 VIII.
1573 2211 79 75 then
1679 2211 66 75 add
1767 2211 57 75 the
1851 2211 214 75 numerators,
2098 2211 63 75 and
2183 2211 91 75 place
2302 2211 56 75 the

1318 2258 69 75 fum
1403 2258 77 75 over
1498 2258 56 75 the
1577 2258 149 75 common
1742 2258 235 75 denominator.

1364 2307 77 75 Ex.
1487 2307 107 75 What
1611 2307 27 75 is
1655 2307 56 75 the
1727 2307 69 75 fum
1812 2307 40 75 of
1870 2307 26 75 4
1908 2307 38 75 +
1957 2307 24 75 4
1993 2307 13 75 ?

1459 2371 73 75 4-+
1544 2371 26 75 4
1578 2371 36 75 =
1624 2371 98 75 44+
1733 2371 60 75 44,
1818 2371 44 75 by
1878 2371 102 75 Prob.
1999 2371 103 75 VIII.

1459 2410 63 75 and
1538 2410 50 75 44
1597 2410 39 75 +
1648 2410 52 75 44
1709 2410 35 75 —
1755 2410 59 75 44-

1365 2462 110 75 Rule
1501 2462 67 75 III.
1617 2462 38 75 If
1673 2462 84 75 mixt
1784 2462 150 75 numbers
1960 2462 41 75 be
2029 2462 106 75 given,
2161 2462 38 75 or
2221 2462 32 75 if
2270 2462 84 75 mixt

1318 2508 150 75 numbers
1484 2508 63 75 and
1564 2508 149 75 fradtior.s
1730 2508 40 75 be
1793 2508 106 75 given,
1924 2508 117 75 reduce
2068 2508 56 75 the
2153 2508 84 75 mixt
2261 2508 92 75 num-

1317 2555 74 75 bers
1416 2555 36 75 to
1477 2555 161 75 improper
1661 2555 164 75 fractions,
1851 2555 42 75 by
1916 2555 100 75 Prob.
2034 2555 35 75 II
2096 2555 9 75 ;
2133 2555 75 75 then
2238 2555 116 75 reduce

1317 2602 56 75 the
1390 2602 150 75 fractions
1557 2602 35 75 to
1608 2602 19 75 a
1648 2602 149 75 common
1813 2602 236 75 denominator,
2073 2602 44 75 by
2131 2602 101 75 Prob.
2251 2602 101 75 VIII.

1315 2648 65 75 and
1396 2648 64 75 add
1474 2648 56 75 the
1548 2648 211 75 numerators.

1365 2697 72 75 Ex.
1485 2697 105 75 What
1606 2697 27 75 is
1650 2697 55 75 the
1722 2697 67 75 fum
1810 2697 41 75 of
1872 2697 178 75 744"5t-

1458 2763 240 75 74+5t=V
1711 2763 110 75 +V>
1847 2763 43 75 by
1906 2763 100 75 Prob.
2023 2763 50 75 II.

1458 2796 61 75 and
1533 2796 37 75 V
1587 2796 138 75 +.y=
1733 2796 51 75 n
1795 2796 38 75 +
1842 2796 61 75 n,
1929 2796 42 75 by
1988 2796 100 75 Prob.
2107 2796 101 75 VIII.

1455 2843 64 75 and
1534 2843 160 75 44+14
1703 2843 36 75 =
1757 2843 54 75 Vt
1831 2843 37 75 =
1881 2843 102 75 13A>
2008 2843 44 75 by
2069 2843 101 75 Prob.
2188 2843 31 75 I.

1359 2898 112 75 When
1488 2898 82 75 mixt
1587 2898 164 75 numbers,
1777 2898 38 75 or
1831 2898 86 75 mixt
1933 2898 148 75 numbers
2106 2898 62 75 and
2185 2898 163 75 fractions,

1312 2945 53 75 are
1388 2945 105 75 given,
1518 2945 65 75 you
1612 2945 87 75 may,
1722 2945 83 75 with
1821 2945 128 75 greater
1966 2945 197 75 expedition,
2188 2945 90 75 work
2304 2945 45 75 by

1313 2992 54 75 the
1385 2992 170 75 following
1573 2992 82 75 rule,
1681 2992 71 75 viz.
1778 2992 116 75 reduce
1910 2992 77 75 only
2009 2992 57 75 the
2091 2992 148 75 fractions
2269 2992 34 75 to
2330 2992 20 75 a

1312 3042 147 75 common
1474 3042 243 75 denominator,
1740 3042 65 75 and
1819 3042 65 75 add
1900 3042 55 75 the
1971 3042 70 75 fum
2062 3042 42 75 of
2119 3042 55 75 the
2197 3042 151 75 frattions

1849 3088 17 75 5
1891 3088 30 75 F

2317 3088 37 75 to

1219 3099 18 75 3
