<?xml version="1.0" encoding="UTF-8"?>
<alto xmlns="http://www.loc.gov/standards/alto/v3/alto.xsd"><Description><MeasurementUnit>pixel</MeasurementUnit><sourceImageInformation><fileName>./data/pdfs/c_188936619/i_144133901/188082693.23.pdf</fileName></sourceImageInformation><OCRProcessing ID="IdOcr"><ocrProcessingStep><processingDateTime>Fri Jul 12 10:37:49 2019
</processingDateTime><processingSoftware><softwareCreator>CONTRIBUTORS</softwareCreator><softwareName>pdfalto</softwareName><softwareVersion>0.1</softwareVersion></processingSoftware></ocrProcessingStep></OCRProcessing></Description><Styles><TextStyle ID="font0" FONTFAMILY="times" FONTSIZE="10.000" FONTTYPE="serif" FONTWIDTH="proportional" FONTCOLOR="#WWWWWW" FONTSTYLE=""/><TextStyle ID="font1" FONTFAMILY="times" FONTSIZE="6.500" FONTTYPE="serif" FONTWIDTH="proportional" FONTCOLOR="#WWWWWW" FONTSTYLE="subscript"/><TextStyle ID="font2" FONTFAMILY="times" FONTSIZE="6.500" FONTTYPE="serif" FONTWIDTH="proportional" FONTCOLOR="#WWWWWW" FONTSTYLE=""/><TextStyle ID="font3" FONTFAMILY="times" FONTSIZE="6.500" FONTTYPE="serif" FONTWIDTH="proportional" FONTCOLOR="#WWWWWW" FONTSTYLE="superscript"/><TextStyle ID="font4" FONTFAMILY="invisibleocr" FONTSIZE="10.000" FONTTYPE="sans-serif" FONTWIDTH="proportional" FONTCOLOR="#WWWWWW" FONTSTYLE=""/></Styles><Layout><Page ID="Page449" PHYSICAL_IMG_NR="449" WIDTH="2483" HEIGHT="3387"><PrintSpace><TextLine WIDTH="489" HEIGHT="75" ID="p449_t1" HPOS="645" VPOS="189"><String ID="p449_w1" CONTENT="A" HPOS="645" VPOS="189" WIDTH="42" HEIGHT="75" STYLEREFS="font0"/><SP WIDTH="78" VPOS="189" HPOS="687"/><String ID="p449_w2" CONTENT="R" HPOS="765" VPOS="189" WIDTH="37" HEIGHT="75" STYLEREFS="font0"/><SP WIDTH="76" VPOS="189" HPOS="802"/><String ID="p449_w3" CONTENT="I" HPOS="878" VPOS="189" WIDTH="18" HEIGHT="75" STYLEREFS="font0"/><SP WIDTH="76" VPOS="189" HPOS="896"/><String ID="p449_w4" CONTENT="T" HPOS="972" VPOS="189" WIDTH="39" HEIGHT="75" STYLEREFS="font0"/><SP WIDTH="79" VPOS="189" HPOS="1011"/><String ID="p449_w5" CONTENT="H" HPOS="1090" VPOS="189" WIDTH="44" HEIGHT="75" STYLEREFS="font0"/></TextLine><TextLine WIDTH="401" HEIGHT="75" ID="p449_t2" HPOS="494" VPOS="264"><String ID="p449_w6" CONTENT="T" HPOS="494" VPOS="264" WIDTH="37" HEIGHT="75" STYLEREFS="font0"/><SP WIDTH="46" VPOS="264" HPOS="531"/><String ID="p449_w7" CONTENT="A" HPOS="577" VPOS="264" WIDTH="35" HEIGHT="75" STYLEREFS="font0"/><SP WIDTH="49" VPOS="264" HPOS="612"/><String ID="p449_w8" CONTENT="B" HPOS="661" VPOS="264" WIDTH="29" HEIGHT="75" STYLEREFS="font0"/><SP WIDTH="50" VPOS="264" HPOS="690"/><String ID="p449_w9" CONTENT="L" HPOS="740" VPOS="264" WIDTH="33" HEIGHT="75" STYLEREFS="font0"/><SP WIDTH="48" VPOS="264" HPOS="773"/><String ID="p449_w10" CONTENT="E.^" HPOS="821" VPOS="264" WIDTH="74" HEIGHT="75" STYLEREFS="font0"/></TextLine><TextLine WIDTH="192" HEIGHT="75" ID="p449_t3" HPOS="261" VPOS="326"><String ID="p449_w11" CONTENT="3d" HPOS="261" VPOS="326" WIDTH="43" HEIGHT="75" STYLEREFS="font0"/><SP WIDTH="17" VPOS="326" HPOS="304"/><String ID="p449_w12" CONTENT="Period." HPOS="321" VPOS="326" WIDTH="132" HEIGHT="75" STYLEREFS="font0"/></TextLine><TextLine WIDTH="192" HEIGHT="75" ID="p449_t4" HPOS="590" VPOS="326"><String ID="p449_w13" CONTENT="2d" HPOS="590" VPOS="326" WIDTH="44" HEIGHT="75" STYLEREFS="font0"/><SP WIDTH="16" VPOS="326" HPOS="634"/><String ID="p449_w14" CONTENT="Period." HPOS="650" VPOS="326" WIDTH="132" HEIGHT="75" STYLEREFS="font0"/></TextLine><TextLine WIDTH="192" HEIGHT="75" ID="p449_t5" HPOS="920" VPOS="326"><String ID="p449_w15" CONTENT="ifl:" HPOS="920" VPOS="326" WIDTH="44" HEIGHT="75" STYLEREFS="font0"/><SP WIDTH="16" VPOS="326" HPOS="964"/><String ID="p449_w16" CONTENT="Period." HPOS="980" VPOS="326" WIDTH="132" HEIGHT="75" STYLEREFS="font0"/></TextLine><TextLine WIDTH="148" HEIGHT="75" ID="p449_t6" HPOS="281" VPOS="422"><String ID="p449_w17" CONTENT="Billions." HPOS="281" VPOS="422" WIDTH="148" HEIGHT="75" STYLEREFS="font0"/></TextLine><TextLine WIDTH="162" HEIGHT="75" ID="p449_t7" HPOS="602" VPOS="422"><String ID="p449_w18" CONTENT="Millions." HPOS="602" VPOS="422" WIDTH="162" HEIGHT="75" STYLEREFS="font0"/></TextLine><TextLine WIDTH="112" HEIGHT="75" ID="p449_t8" HPOS="960" VPOS="422"><String ID="p449_w19" CONTENT="Units." HPOS="960" VPOS="422" WIDTH="112" HEIGHT="75" STYLEREFS="font0"/></TextLine><TextLine WIDTH="943" HEIGHT="75" ID="p449_t9" HPOS="208" VPOS="851"><String ID="p449_w20" CONTENT="8" HPOS="208" VPOS="851" WIDTH="20" HEIGHT="75" STYLEREFS="font0"/><SP WIDTH="31" VPOS="851" HPOS="228"/><String ID="p449_w21" CONTENT="1" HPOS="259" VPOS="851" WIDTH="14" HEIGHT="75" STYLEREFS="font0"/><SP WIDTH="29" VPOS="851" HPOS="273"/><String ID="p449_w22" CONTENT="3,700.2" HPOS="302" VPOS="851" WIDTH="243" HEIGHT="75" STYLEREFS="font0"/><SP WIDTH="29" VPOS="851" HPOS="545"/><String ID="p449_w23" CONTENT="3" HPOS="574" VPOS="851" WIDTH="18" HEIGHT="75" STYLEREFS="font0"/><SP WIDTH="30" VPOS="851" HPOS="592"/><String ID="p449_w24" CONTENT="7,8" HPOS="622" VPOS="851" WIDTH="86" HEIGHT="75" STYLEREFS="font0"/><SP WIDTH="28" VPOS="851" HPOS="708"/><String ID="p449_w25" CONTENT="94" HPOS="736" VPOS="851" WIDTH="68" HEIGHT="75" STYLEREFS="font0"/><SP WIDTH="31" VPOS="851" HPOS="804"/><String ID="p449_w26" CONTENT=".678,040." HPOS="835" VPOS="851" WIDTH="316" HEIGHT="75" STYLEREFS="font0"/></TextLine><TextLine WIDTH="994" HEIGHT="75" ID="p449_t10" HPOS="206" VPOS="918"><String ID="p449_w27" CONTENT="The" HPOS="206" VPOS="918" WIDTH="78" HEIGHT="75" STYLEREFS="font0"/><SP WIDTH="21" VPOS="918" HPOS="284"/><String ID="p449_w28" CONTENT="table" HPOS="305" VPOS="918" WIDTH="87" HEIGHT="75" STYLEREFS="font0"/><SP WIDTH="15" VPOS="918" HPOS="392"/><String ID="p449_w29" CONTENT="may" HPOS="407" VPOS="918" WIDTH="75" HEIGHT="75" STYLEREFS="font0"/><SP WIDTH="23" VPOS="918" HPOS="482"/><String ID="p449_w30" CONTENT="be" HPOS="505" VPOS="918" WIDTH="40" HEIGHT="75" STYLEREFS="font0"/><SP WIDTH="24" VPOS="918" HPOS="545"/><String ID="p449_w31" CONTENT="exprefled" HPOS="569" VPOS="918" WIDTH="165" HEIGHT="75" STYLEREFS="font0"/><SP WIDTH="20" VPOS="918" HPOS="734"/><String ID="p449_w32" CONTENT="in" HPOS="754" VPOS="918" WIDTH="33" HEIGHT="75" STYLEREFS="font0"/><SP WIDTH="22" VPOS="918" HPOS="787"/><String ID="p449_w33" CONTENT="a" HPOS="809" VPOS="918" WIDTH="19" HEIGHT="75" STYLEREFS="font0"/><SP WIDTH="19" VPOS="918" HPOS="828"/><String ID="p449_w34" CONTENT="more" HPOS="847" VPOS="918" WIDTH="89" HEIGHT="75" STYLEREFS="font0"/><SP WIDTH="24" VPOS="918" HPOS="936"/><String ID="p449_w35" CONTENT="concife" HPOS="960" VPOS="918" WIDTH="124" HEIGHT="75" STYLEREFS="font0"/><SP WIDTH="24" VPOS="918" HPOS="1084"/><String ID="p449_w36" CONTENT="fornv" HPOS="1108" VPOS="918" WIDTH="92" HEIGHT="75" STYLEREFS="font0"/></TextLine><TextLine WIDTH="237" HEIGHT="120" ID="p449_t11" HPOS="162" VPOS="965"><String ID="p449_w37" CONTENT="thus," HPOS="162" VPOS="965" WIDTH="88" HEIGHT="75" STYLEREFS="font0"/><SP WIDTH="118" VPOS="965" HPOS="250"/><String ID="p449_w38" CONTENT="3." HPOS="368" VPOS="1010" WIDTH="31" HEIGHT="75" STYLEREFS="font0"/></TextLine><TextLine WIDTH="35" HEIGHT="75" ID="p449_t12" HPOS="664" VPOS="1010"><String ID="p449_w39" CONTENT="2." HPOS="664" VPOS="1010" WIDTH="35" HEIGHT="75" STYLEREFS="font0"/></TextLine><TextLine WIDTH="124" HEIGHT="75" ID="p449_t13" HPOS="916" VPOS="1010"><String ID="p449_w40" CONTENT="1." HPOS="916" VPOS="1010" WIDTH="31" HEIGHT="75" STYLEREFS="font0"/><SP WIDTH="17" VPOS="1010" HPOS="947"/><String ID="p449_w41" CONTENT="Per." HPOS="964" VPOS="1010" WIDTH="76" HEIGHT="75" STYLEREFS="font0"/></TextLine><TextLine WIDTH="74" HEIGHT="81" ID="p449_t14" HPOS="467" VPOS="1054"><String ID="p449_w42" CONTENT="^" HPOS="467" VPOS="1054" WIDTH="14" HEIGHT="75" STYLEREFS="font0"/><SP WIDTH="45" VPOS="1054" HPOS="481"/><String ID="p449_w43" CONTENT="(" HPOS="526" VPOS="1086" WIDTH="15" HEIGHT="49" STYLEREFS="font1"/></TextLine><TextLine WIDTH="23" HEIGHT="49" ID="p449_t15" HPOS="643" VPOS="1036"><String ID="p449_w44" CONTENT="A" HPOS="643" VPOS="1036" WIDTH="23" HEIGHT="49" STYLEREFS="font2"/></TextLine><TextLine WIDTH="76" HEIGHT="81" ID="p449_t16" HPOS="763" VPOS="1054"><String ID="p449_w45" CONTENT="&gt;," HPOS="763" VPOS="1054" WIDTH="17" HEIGHT="75" STYLEREFS="font0"/><SP WIDTH="45" VPOS="1054" HPOS="780"/><String ID="p449_w46" CONTENT="(" HPOS="825" VPOS="1086" WIDTH="14" HEIGHT="49" STYLEREFS="font1"/></TextLine><TextLine WIDTH="26" HEIGHT="49" ID="p449_t17" HPOS="940" VPOS="1036"><String ID="p449_w47" CONTENT="A" HPOS="940" VPOS="1036" WIDTH="26" HEIGHT="49" STYLEREFS="font2"/></TextLine><TextLine WIDTH="152" HEIGHT="75" ID="p449_t18" HPOS="302" VPOS="1105"><String ID="p449_w48" CONTENT="Billions." HPOS="302" VPOS="1105" WIDTH="152" HEIGHT="75" STYLEREFS="font0"/></TextLine><TextLine WIDTH="162" HEIGHT="75" ID="p449_t19" HPOS="589" VPOS="1105"><String ID="p449_w49" CONTENT="Millions." HPOS="589" VPOS="1105" WIDTH="162" HEIGHT="75" STYLEREFS="font0"/></TextLine><TextLine WIDTH="113" HEIGHT="75" ID="p449_t20" HPOS="917" VPOS="1105"><String ID="p449_w50" CONTENT="Units." HPOS="917" VPOS="1105" WIDTH="113" HEIGHT="75" STYLEREFS="font0"/></TextLine><TextLine WIDTH="854" HEIGHT="75" ID="p449_t21" HPOS="257" VPOS="1152"><String ID="p449_w51" CONTENT="813,700:237,894:678,040." HPOS="257" VPOS="1152" WIDTH="854" HEIGHT="75" STYLEREFS="font0"/></TextLine><TextLine WIDTH="985" HEIGHT="75" ID="p449_t22" HPOS="209" VPOS="1214"><String ID="p449_w52" CONTENT="From" HPOS="209" VPOS="1214" WIDTH="98" HEIGHT="75" STYLEREFS="font0"/><SP WIDTH="17" VPOS="1214" HPOS="307"/><String ID="p449_w53" CONTENT="the" HPOS="324" VPOS="1214" WIDTH="56" HEIGHT="75" STYLEREFS="font0"/><SP WIDTH="15" VPOS="1214" HPOS="380"/><String ID="p449_w54" CONTENT="table" HPOS="395" VPOS="1214" WIDTH="87" HEIGHT="75" STYLEREFS="font0"/><SP WIDTH="19" VPOS="1214" HPOS="482"/><String ID="p449_w55" CONTENT="it" HPOS="501" VPOS="1214" WIDTH="25" HEIGHT="75" STYLEREFS="font0"/><SP WIDTH="12" VPOS="1214" HPOS="526"/><String ID="p449_w56" CONTENT="is" HPOS="538" VPOS="1214" WIDTH="26" HEIGHT="75" STYLEREFS="font0"/><SP WIDTH="17" VPOS="1214" HPOS="564"/><String ID="p449_w57" CONTENT="obvious," HPOS="581" VPOS="1214" WIDTH="148" HEIGHT="75" STYLEREFS="font0"/><SP WIDTH="25" VPOS="1214" HPOS="729"/><String ID="p449_w58" CONTENT="that" HPOS="754" VPOS="1214" WIDTH="71" HEIGHT="75" STYLEREFS="font0"/><SP WIDTH="14" VPOS="1214" HPOS="825"/><String ID="p449_w59" CONTENT="though" HPOS="839" VPOS="1214" WIDTH="124" HEIGHT="75" STYLEREFS="font0"/><SP WIDTH="14" VPOS="1214" HPOS="963"/><String ID="p449_w60" CONTENT="a" HPOS="977" VPOS="1214" WIDTH="18" HEIGHT="75" STYLEREFS="font0"/><SP WIDTH="16" VPOS="1214" HPOS="995"/><String ID="p449_w61" CONTENT="cipher" HPOS="1011" VPOS="1214" WIDTH="111" HEIGHT="75" STYLEREFS="font0"/><SP WIDTH="13" VPOS="1214" HPOS="1122"/><String ID="p449_w62" CONTENT="fig-" HPOS="1135" VPOS="1214" WIDTH="59" HEIGHT="75" STYLEREFS="font0"/></TextLine><TextLine WIDTH="1032" HEIGHT="75" ID="p449_t23" HPOS="161" VPOS="1261"><String ID="p449_w63" CONTENT="nify" HPOS="161" VPOS="1261" WIDTH="71" HEIGHT="75" STYLEREFS="font0"/><SP WIDTH="15" VPOS="1261" HPOS="232"/><String ID="p449_w64" CONTENT="nothing" HPOS="247" VPOS="1261" WIDTH="135" HEIGHT="75" STYLEREFS="font0"/><SP WIDTH="16" VPOS="1261" HPOS="382"/><String ID="p449_w65" CONTENT="of" HPOS="398" VPOS="1261" WIDTH="40" HEIGHT="75" STYLEREFS="font0"/><SP WIDTH="10" VPOS="1261" HPOS="438"/><String ID="p449_w66" CONTENT="itfelf," HPOS="448" VPOS="1261" WIDTH="97" HEIGHT="75" STYLEREFS="font0"/><SP WIDTH="26" VPOS="1261" HPOS="545"/><String ID="p449_w67" CONTENT="yet" HPOS="571" VPOS="1261" WIDTH="55" HEIGHT="75" STYLEREFS="font0"/><SP WIDTH="18" VPOS="1261" HPOS="626"/><String ID="p449_w68" CONTENT="it" HPOS="644" VPOS="1261" WIDTH="27" HEIGHT="75" STYLEREFS="font0"/><SP WIDTH="16" VPOS="1261" HPOS="671"/><String ID="p449_w69" CONTENT="ferves" HPOS="687" VPOS="1261" WIDTH="104" HEIGHT="75" STYLEREFS="font0"/><SP WIDTH="24" VPOS="1261" HPOS="791"/><String ID="p449_w70" CONTENT="to" HPOS="815" VPOS="1261" WIDTH="36" HEIGHT="75" STYLEREFS="font0"/><SP WIDTH="16" VPOS="1261" HPOS="851"/><String ID="p449_w71" CONTENT="fupply" HPOS="867" VPOS="1261" WIDTH="112" HEIGHT="75" STYLEREFS="font0"/><SP WIDTH="15" VPOS="1261" HPOS="979"/><String ID="p449_w72" CONTENT="vacant" HPOS="994" VPOS="1261" WIDTH="115" HEIGHT="75" STYLEREFS="font0"/><SP WIDTH="16" VPOS="1261" HPOS="1109"/><String ID="p449_w73" CONTENT="pla-" HPOS="1125" VPOS="1261" WIDTH="68" HEIGHT="75" STYLEREFS="font0"/></TextLine><TextLine WIDTH="1031" HEIGHT="75" ID="p449_t24" HPOS="162" VPOS="1308"><String ID="p449_w74" CONTENT="ces," HPOS="162" VPOS="1308" WIDTH="65" HEIGHT="75" STYLEREFS="font0"/><SP WIDTH="25" VPOS="1308" HPOS="227"/><String ID="p449_w75" CONTENT="and" HPOS="252" VPOS="1308" WIDTH="63" HEIGHT="75" STYLEREFS="font0"/><SP WIDTH="16" VPOS="1308" HPOS="315"/><String ID="p449_w76" CONTENT="raifes" HPOS="331" VPOS="1308" WIDTH="95" HEIGHT="75" STYLEREFS="font0"/><SP WIDTH="24" VPOS="1308" HPOS="426"/><String ID="p449_w77" CONTENT="the" HPOS="450" VPOS="1308" WIDTH="56" HEIGHT="75" STYLEREFS="font0"/><SP WIDTH="17" VPOS="1308" HPOS="506"/><String ID="p449_w78" CONTENT="value" HPOS="523" VPOS="1308" WIDTH="92" HEIGHT="75" STYLEREFS="font0"/><SP WIDTH="20" VPOS="1308" HPOS="615"/><String ID="p449_w79" CONTENT="of" HPOS="635" VPOS="1308" WIDTH="40" HEIGHT="75" STYLEREFS="font0"/><SP WIDTH="17" VPOS="1308" HPOS="675"/><String ID="p449_w80" CONTENT="fignificant" HPOS="692" VPOS="1308" WIDTH="173" HEIGHT="75" STYLEREFS="font0"/><SP WIDTH="17" VPOS="1308" HPOS="865"/><String ID="p449_w81" CONTENT="figures" HPOS="882" VPOS="1308" WIDTH="117" HEIGHT="75" STYLEREFS="font0"/><SP WIDTH="17" VPOS="1308" HPOS="999"/><String ID="p449_w82" CONTENT="on" HPOS="1016" VPOS="1308" WIDTH="40" HEIGHT="75" STYLEREFS="font0"/><SP WIDTH="18" VPOS="1308" HPOS="1056"/><String ID="p449_w83" CONTENT="its" HPOS="1074" VPOS="1308" WIDTH="43" HEIGHT="75" STYLEREFS="font0"/><SP WIDTH="16" VPOS="1308" HPOS="1117"/><String ID="p449_w84" CONTENT="left" HPOS="1133" VPOS="1308" WIDTH="60" HEIGHT="75" STYLEREFS="font0"/></TextLine><TextLine WIDTH="1031" HEIGHT="75" ID="p449_t25" HPOS="161" VPOS="1354"><String ID="p449_w85" CONTENT="hand," HPOS="161" VPOS="1354" WIDTH="99" HEIGHT="75" STYLEREFS="font0"/><SP WIDTH="26" VPOS="1354" HPOS="260"/><String ID="p449_w86" CONTENT="by" HPOS="286" VPOS="1354" WIDTH="42" HEIGHT="75" STYLEREFS="font0"/><SP WIDTH="17" VPOS="1354" HPOS="328"/><String ID="p449_w87" CONTENT="throwing" HPOS="345" VPOS="1354" WIDTH="160" HEIGHT="75" STYLEREFS="font0"/><SP WIDTH="23" VPOS="1354" HPOS="505"/><String ID="p449_w88" CONTENT="them" HPOS="528" VPOS="1354" WIDTH="88" HEIGHT="75" STYLEREFS="font0"/><SP WIDTH="23" VPOS="1354" HPOS="616"/><String ID="p449_w89" CONTENT="into" HPOS="639" VPOS="1354" WIDTH="69" HEIGHT="75" STYLEREFS="font0"/><SP WIDTH="16" VPOS="1354" HPOS="708"/><String ID="p449_w90" CONTENT="higher" HPOS="724" VPOS="1354" WIDTH="116" HEIGHT="75" STYLEREFS="font0"/><SP WIDTH="15" VPOS="1354" HPOS="840"/><String ID="p449_w91" CONTENT="places." HPOS="855" VPOS="1354" WIDTH="118" HEIGHT="75" STYLEREFS="font0"/><SP WIDTH="51" VPOS="1354" HPOS="973"/><String ID="p449_w92" CONTENT="Thus," HPOS="1024" VPOS="1354" WIDTH="109" HEIGHT="75" STYLEREFS="font0"/><SP WIDTH="25" VPOS="1354" HPOS="1133"/><String ID="p449_w93" CONTENT="in" HPOS="1158" VPOS="1354" WIDTH="34" HEIGHT="75" STYLEREFS="font0"/></TextLine><TextLine WIDTH="1031" HEIGHT="75" ID="p449_t26" HPOS="161" VPOS="1401"><String ID="p449_w94" CONTENT="the" HPOS="161" VPOS="1401" WIDTH="56" HEIGHT="75" STYLEREFS="font0"/><SP WIDTH="19" VPOS="1401" HPOS="217"/><String ID="p449_w95" CONTENT="firft" HPOS="236" VPOS="1401" WIDTH="64" HEIGHT="75" STYLEREFS="font0"/><SP WIDTH="16" VPOS="1401" HPOS="300"/><String ID="p449_w96" CONTENT="period," HPOS="316" VPOS="1401" WIDTH="123" HEIGHT="75" STYLEREFS="font0"/><SP WIDTH="25" VPOS="1401" HPOS="439"/><String ID="p449_w97" CONTENT="by" HPOS="464" VPOS="1401" WIDTH="44" HEIGHT="75" STYLEREFS="font0"/><SP WIDTH="20" VPOS="1401" HPOS="508"/><String ID="p449_w98" CONTENT="a" HPOS="528" VPOS="1401" WIDTH="18" HEIGHT="75" STYLEREFS="font0"/><SP WIDTH="22" VPOS="1401" HPOS="546"/><String ID="p449_w99" CONTENT="cipher’s" HPOS="568" VPOS="1401" WIDTH="137" HEIGHT="75" STYLEREFS="font0"/><SP WIDTH="17" VPOS="1401" HPOS="705"/><String ID="p449_w100" CONTENT="filling" HPOS="722" VPOS="1401" WIDTH="101" HEIGHT="75" STYLEREFS="font0"/><SP WIDTH="20" VPOS="1401" HPOS="823"/><String ID="p449_w101" CONTENT="the" HPOS="843" VPOS="1401" WIDTH="55" HEIGHT="75" STYLEREFS="font0"/><SP WIDTH="16" VPOS="1401" HPOS="898"/><String ID="p449_w102" CONTENT="place" HPOS="914" VPOS="1401" WIDTH="90" HEIGHT="75" STYLEREFS="font0"/><SP WIDTH="27" VPOS="1401" HPOS="1004"/><String ID="p449_w103" CONTENT="of" HPOS="1031" VPOS="1401" WIDTH="41" HEIGHT="75" STYLEREFS="font0"/><SP WIDTH="22" VPOS="1401" HPOS="1072"/><String ID="p449_w104" CONTENT="units," HPOS="1094" VPOS="1401" WIDTH="98" HEIGHT="75" STYLEREFS="font0"/></TextLine><TextLine WIDTH="1030" HEIGHT="75" ID="p449_t27" HPOS="162" VPOS="1447"><String ID="p449_w105" CONTENT="the" HPOS="162" VPOS="1447" WIDTH="57" HEIGHT="75" STYLEREFS="font0"/><SP WIDTH="16" VPOS="1447" HPOS="219"/><String ID="p449_w106" CONTENT="figure" HPOS="235" VPOS="1447" WIDTH="101" HEIGHT="75" STYLEREFS="font0"/><SP WIDTH="17" VPOS="1447" HPOS="336"/><String ID="p449_w107" CONTENT="4" HPOS="353" VPOS="1447" WIDTH="21" HEIGHT="75" STYLEREFS="font0"/><SP WIDTH="20" VPOS="1447" HPOS="374"/><String ID="p449_w108" CONTENT="is" HPOS="394" VPOS="1447" WIDTH="27" HEIGHT="75" STYLEREFS="font0"/><SP WIDTH="18" VPOS="1447" HPOS="421"/><String ID="p449_w109" CONTENT="thrown" HPOS="439" VPOS="1447" WIDTH="126" HEIGHT="75" STYLEREFS="font0"/><SP WIDTH="17" VPOS="1447" HPOS="565"/><String ID="p449_w110" CONTENT="into" HPOS="582" VPOS="1447" WIDTH="68" HEIGHT="75" STYLEREFS="font0"/><SP WIDTH="20" VPOS="1447" HPOS="650"/><String ID="p449_w111" CONTENT="the" HPOS="670" VPOS="1447" WIDTH="56" HEIGHT="75" STYLEREFS="font0"/><SP WIDTH="23" VPOS="1447" HPOS="726"/><String ID="p449_w112" CONTENT="place" HPOS="749" VPOS="1447" WIDTH="90" HEIGHT="75" STYLEREFS="font0"/><SP WIDTH="17" VPOS="1447" HPOS="839"/><String ID="p449_w113" CONTENT="of" HPOS="856" VPOS="1447" WIDTH="40" HEIGHT="75" STYLEREFS="font0"/><SP WIDTH="17" VPOS="1447" HPOS="896"/><String ID="p449_w114" CONTENT="tens," HPOS="913" VPOS="1447" WIDTH="83" HEIGHT="75" STYLEREFS="font0"/><SP WIDTH="25" VPOS="1447" HPOS="996"/><String ID="p449_w115" CONTENT="and" HPOS="1021" VPOS="1447" WIDTH="63" HEIGHT="75" STYLEREFS="font0"/><SP WIDTH="16" VPOS="1447" HPOS="1084"/><String ID="p449_w116" CONTENT="figni-" HPOS="1100" VPOS="1447" WIDTH="92" HEIGHT="75" STYLEREFS="font0"/></TextLine><TextLine WIDTH="1034" HEIGHT="75" ID="p449_t28" HPOS="162" VPOS="1493"><String ID="p449_w117" CONTENT="fies" HPOS="162" VPOS="1493" WIDTH="56" HEIGHT="75" STYLEREFS="font0"/><SP WIDTH="15" VPOS="1493" HPOS="218"/><String ID="p449_w118" CONTENT="forty." HPOS="233" VPOS="1493" WIDTH="103" HEIGHT="75" STYLEREFS="font0"/><SP WIDTH="49" VPOS="1493" HPOS="336"/><String ID="p449_w119" CONTENT="But" HPOS="385" VPOS="1493" WIDTH="67" HEIGHT="75" STYLEREFS="font0"/><SP WIDTH="23" VPOS="1493" HPOS="452"/><String ID="p449_w120" CONTENT="a" HPOS="475" VPOS="1493" WIDTH="19" HEIGHT="75" STYLEREFS="font0"/><SP WIDTH="15" VPOS="1493" HPOS="494"/><String ID="p449_w121" CONTENT="cipher" HPOS="509" VPOS="1493" WIDTH="111" HEIGHT="75" STYLEREFS="font0"/><SP WIDTH="19" VPOS="1493" HPOS="620"/><String ID="p449_w122" CONTENT="does" HPOS="639" VPOS="1493" WIDTH="78" HEIGHT="75" STYLEREFS="font0"/><SP WIDTH="17" VPOS="1493" HPOS="717"/><String ID="p449_w123" CONTENT="not" HPOS="734" VPOS="1493" WIDTH="57" HEIGHT="75" STYLEREFS="font0"/><SP WIDTH="15" VPOS="1493" HPOS="791"/><String ID="p449_w124" CONTENT="change" HPOS="806" VPOS="1493" WIDTH="122" HEIGHT="75" STYLEREFS="font0"/><SP WIDTH="15" VPOS="1493" HPOS="928"/><String ID="p449_w125" CONTENT="the" HPOS="943" VPOS="1493" WIDTH="55" HEIGHT="75" STYLEREFS="font0"/><SP WIDTH="17" VPOS="1493" HPOS="998"/><String ID="p449_w126" CONTENT="value" HPOS="1015" VPOS="1493" WIDTH="93" HEIGHT="75" STYLEREFS="font0"/><SP WIDTH="16" VPOS="1493" HPOS="1108"/><String ID="p449_w127" CONTENT="of" HPOS="1124" VPOS="1493" WIDTH="41" HEIGHT="75" STYLEREFS="font0"/><SP WIDTH="11" VPOS="1493" HPOS="1165"/><String ID="p449_w128" CONTENT="a" HPOS="1176" VPOS="1493" WIDTH="20" HEIGHT="75" STYLEREFS="font0"/></TextLine><TextLine WIDTH="1033" HEIGHT="75" ID="p449_t29" HPOS="163" VPOS="1537"><String ID="p449_w129" CONTENT="fignificant" HPOS="163" VPOS="1537" WIDTH="173" HEIGHT="75" STYLEREFS="font0"/><SP WIDTH="20" VPOS="1537" HPOS="336"/><String ID="p449_w130" CONTENT="figure" HPOS="356" VPOS="1537" WIDTH="101" HEIGHT="75" STYLEREFS="font0"/><SP WIDTH="16" VPOS="1537" HPOS="457"/><String ID="p449_w131" CONTENT="on" HPOS="473" VPOS="1537" WIDTH="42" HEIGHT="75" STYLEREFS="font0"/><SP WIDTH="16" VPOS="1537" HPOS="515"/><String ID="p449_w132" CONTENT="its" HPOS="531" VPOS="1537" WIDTH="42" HEIGHT="75" STYLEREFS="font0"/><SP WIDTH="18" VPOS="1537" HPOS="573"/><String ID="p449_w133" CONTENT="right-hand." HPOS="591" VPOS="1537" WIDTH="203" HEIGHT="75" STYLEREFS="font0"/><SP WIDTH="47" VPOS="1537" HPOS="794"/><String ID="p449_w134" CONTENT="Thus," HPOS="841" VPOS="1537" WIDTH="109" HEIGHT="75" STYLEREFS="font0"/><SP WIDTH="24" VPOS="1537" HPOS="950"/><String ID="p449_w135" CONTENT="07," HPOS="974" VPOS="1537" WIDTH="60" HEIGHT="75" STYLEREFS="font0"/><SP WIDTH="24" VPOS="1537" HPOS="1034"/><String ID="p449_w136" CONTENT="or" HPOS="1058" VPOS="1537" WIDTH="36" HEIGHT="75" STYLEREFS="font0"/><SP WIDTH="17" VPOS="1537" HPOS="1094"/><String ID="p449_w137" CONTENT="007," HPOS="1111" VPOS="1537" WIDTH="85" HEIGHT="75" STYLEREFS="font0"/></TextLine><TextLine WIDTH="319" HEIGHT="75" ID="p449_t30" HPOS="163" VPOS="1587"><String ID="p449_w138" CONTENT="is" HPOS="163" VPOS="1587" WIDTH="27" HEIGHT="75" STYLEREFS="font0"/><SP WIDTH="26" VPOS="1587" HPOS="190"/><String ID="p449_w139" CONTENT="the" HPOS="216" VPOS="1587" WIDTH="55" HEIGHT="75" STYLEREFS="font0"/><SP WIDTH="19" VPOS="1587" HPOS="271"/><String ID="p449_w140" CONTENT="fame" HPOS="290" VPOS="1587" WIDTH="83" HEIGHT="75" STYLEREFS="font0"/><SP WIDTH="17" VPOS="1587" HPOS="373"/><String ID="p449_w141" CONTENT="as-7." HPOS="390" VPOS="1587" WIDTH="92" HEIGHT="75" STYLEREFS="font0"/></TextLine><TextLine WIDTH="332" HEIGHT="75" ID="p449_t31" HPOS="507" VPOS="1689"><String ID="p449_w142" CONTENT="II." HPOS="507" VPOS="1689" WIDTH="47" HEIGHT="75" STYLEREFS="font0"/><SP WIDTH="51" VPOS="1689" HPOS="554"/><String ID="p449_w143" CONTENT="Numeraiitm." HPOS="605" VPOS="1689" WIDTH="234" HEIGHT="75" STYLEREFS="font0"/></TextLine><TextLine WIDTH="983" HEIGHT="75" ID="p449_t32" HPOS="210" VPOS="1760"><String ID="p449_w144" CONTENT="Notation" HPOS="210" VPOS="1760" WIDTH="216" HEIGHT="75" STYLEREFS="font0"/><SP WIDTH="20" VPOS="1760" HPOS="426"/><String ID="p449_w145" CONTENT="and" HPOS="446" VPOS="1760" WIDTH="63" HEIGHT="75" STYLEREFS="font0"/><SP WIDTH="16" VPOS="1760" HPOS="509"/><String ID="p449_w146" CONTENT="numeration" HPOS="525" VPOS="1760" WIDTH="198" HEIGHT="75" STYLEREFS="font0"/><SP WIDTH="18" VPOS="1760" HPOS="723"/><String ID="p449_w147" CONTENT="are" HPOS="741" VPOS="1760" WIDTH="53" HEIGHT="75" STYLEREFS="font0"/><SP WIDTH="15" VPOS="1760" HPOS="794"/><String ID="p449_w148" CONTENT="fo" HPOS="809" VPOS="1760" WIDTH="35" HEIGHT="75" STYLEREFS="font0"/><SP WIDTH="21" VPOS="1760" HPOS="844"/><String ID="p449_w149" CONTENT="nearly" HPOS="865" VPOS="1760" WIDTH="111" HEIGHT="75" STYLEREFS="font0"/><SP WIDTH="16" VPOS="1760" HPOS="976"/><String ID="p449_w150" CONTENT="allied," HPOS="992" VPOS="1760" WIDTH="108" HEIGHT="75" STYLEREFS="font0"/><SP WIDTH="21" VPOS="1760" HPOS="1100"/><String ID="p449_w151" CONTENT="that" HPOS="1121" VPOS="1760" WIDTH="72" HEIGHT="75" STYLEREFS="font0"/></TextLine><TextLine WIDTH="1030" HEIGHT="75" ID="p449_t33" HPOS="162" VPOS="1807"><String ID="p449_w152" CONTENT="he" HPOS="162" VPOS="1807" WIDTH="43" HEIGHT="75" STYLEREFS="font0"/><SP WIDTH="17" VPOS="1807" HPOS="205"/><String ID="p449_w153" CONTENT="who" HPOS="222" VPOS="1807" WIDTH="75" HEIGHT="75" STYLEREFS="font0"/><SP WIDTH="16" VPOS="1807" HPOS="297"/><String ID="p449_w154" CONTENT="underftands" HPOS="313" VPOS="1807" WIDTH="206" HEIGHT="75" STYLEREFS="font0"/><SP WIDTH="25" VPOS="1807" HPOS="519"/><String ID="p449_w155" CONTENT="the" HPOS="544" VPOS="1807" WIDTH="55" HEIGHT="75" STYLEREFS="font0"/><SP WIDTH="24" VPOS="1807" HPOS="599"/><String ID="p449_w156" CONTENT="one" HPOS="623" VPOS="1807" WIDTH="61" HEIGHT="75" STYLEREFS="font0"/><SP WIDTH="25" VPOS="1807" HPOS="684"/><String ID="p449_w157" CONTENT="cannot" HPOS="709" VPOS="1807" WIDTH="117" HEIGHT="75" STYLEREFS="font0"/><SP WIDTH="15" VPOS="1807" HPOS="826"/><String ID="p449_w158" CONTENT="fail" HPOS="841" VPOS="1807" WIDTH="59" HEIGHT="75" STYLEREFS="font0"/><SP WIDTH="17" VPOS="1807" HPOS="900"/><String ID="p449_w159" CONTENT="foon" HPOS="917" VPOS="1807" WIDTH="76" HEIGHT="75" STYLEREFS="font0"/><SP WIDTH="17" VPOS="1807" HPOS="993"/><String ID="p449_w160" CONTENT="to" HPOS="1010" VPOS="1807" WIDTH="36" HEIGHT="75" STYLEREFS="font0"/><SP WIDTH="16" VPOS="1807" HPOS="1046"/><String ID="p449_w161" CONTENT="acquire" HPOS="1062" VPOS="1807" WIDTH="130" HEIGHT="75" STYLEREFS="font0"/></TextLine><TextLine WIDTH="1031" HEIGHT="75" ID="p449_t34" HPOS="162" VPOS="1854"><String ID="p449_w162" CONTENT="the" HPOS="162" VPOS="1854" WIDTH="59" HEIGHT="75" STYLEREFS="font0"/><SP WIDTH="13" VPOS="1854" HPOS="221"/><String ID="p449_w163" CONTENT="other." HPOS="234" VPOS="1854" WIDTH="106" HEIGHT="75" STYLEREFS="font0"/><SP WIDTH="48" VPOS="1854" HPOS="340"/><String ID="p449_w164" CONTENT="The" HPOS="388" VPOS="1854" WIDTH="76" HEIGHT="75" STYLEREFS="font0"/><SP WIDTH="17" VPOS="1854" HPOS="464"/><String ID="p449_w165" CONTENT="method" HPOS="481" VPOS="1854" WIDTH="132" HEIGHT="75" STYLEREFS="font0"/><SP WIDTH="16" VPOS="1854" HPOS="613"/><String ID="p449_w166" CONTENT="of" HPOS="629" VPOS="1854" WIDTH="41" HEIGHT="75" STYLEREFS="font0"/><SP WIDTH="17" VPOS="1854" HPOS="670"/><String ID="p449_w167" CONTENT="reading" HPOS="687" VPOS="1854" WIDTH="131" HEIGHT="75" STYLEREFS="font0"/><SP WIDTH="22" VPOS="1854" HPOS="818"/><String ID="p449_w168" CONTENT="numbers," HPOS="840" VPOS="1854" WIDTH="161" HEIGHT="75" STYLEREFS="font0"/><SP WIDTH="25" VPOS="1854" HPOS="1001"/><String ID="p449_w169" CONTENT="exprefled" HPOS="1026" VPOS="1854" WIDTH="167" HEIGHT="75" STYLEREFS="font0"/></TextLine><TextLine WIDTH="1031" HEIGHT="75" ID="p449_t35" HPOS="161" VPOS="1901"><String ID="p449_w170" CONTENT="by" HPOS="161" VPOS="1901" WIDTH="45" HEIGHT="75" STYLEREFS="font0"/><SP WIDTH="19" VPOS="1901" HPOS="206"/><String ID="p449_w171" CONTENT="figures," HPOS="225" VPOS="1901" WIDTH="129" HEIGHT="75" STYLEREFS="font0"/><SP WIDTH="24" VPOS="1901" HPOS="354"/><String ID="p449_w172" CONTENT="may" HPOS="378" VPOS="1901" WIDTH="75" HEIGHT="75" STYLEREFS="font0"/><SP WIDTH="18" VPOS="1901" HPOS="453"/><String ID="p449_w173" CONTENT="be" HPOS="471" VPOS="1901" WIDTH="40" HEIGHT="75" STYLEREFS="font0"/><SP WIDTH="16" VPOS="1901" HPOS="511"/><String ID="p449_w174" CONTENT="eafily" HPOS="527" VPOS="1901" WIDTH="94" HEIGHT="75" STYLEREFS="font0"/><SP WIDTH="14" VPOS="1901" HPOS="621"/><String ID="p449_w175" CONTENT="learned," HPOS="635" VPOS="1901" WIDTH="140" HEIGHT="75" STYLEREFS="font0"/><SP WIDTH="16" VPOS="1901" HPOS="775"/><String ID="p449_w176" CONTENT="from" HPOS="791" VPOS="1901" WIDTH="88" HEIGHT="75" STYLEREFS="font0"/><SP WIDTH="22" VPOS="1901" HPOS="879"/><String ID="p449_w177" CONTENT="the" HPOS="901" VPOS="1901" WIDTH="55" HEIGHT="75" STYLEREFS="font0"/><SP WIDTH="17" VPOS="1901" HPOS="956"/><String ID="p449_w178" CONTENT="table" HPOS="973" VPOS="1901" WIDTH="87" HEIGHT="75" STYLEREFS="font0"/><SP WIDTH="17" VPOS="1901" HPOS="1060"/><String ID="p449_w179" CONTENT="of" HPOS="1077" VPOS="1901" WIDTH="40" HEIGHT="75" STYLEREFS="font0"/><SP WIDTH="19" VPOS="1901" HPOS="1117"/><String ID="p449_w180" CONTENT="the" HPOS="1136" VPOS="1901" WIDTH="56" HEIGHT="75" STYLEREFS="font0"/></TextLine><TextLine WIDTH="877" HEIGHT="75" ID="p449_t36" HPOS="162" VPOS="1946"><String ID="p449_w181" CONTENT="figural" HPOS="162" VPOS="1946" WIDTH="112" HEIGHT="75" STYLEREFS="font0"/><SP WIDTH="17" VPOS="1946" HPOS="274"/><String ID="p449_w182" CONTENT="notation" HPOS="291" VPOS="1946" WIDTH="143" HEIGHT="75" STYLEREFS="font0"/><SP WIDTH="13" VPOS="1946" HPOS="434"/><String ID="p449_w183" CONTENT=";" HPOS="447" VPOS="1946" WIDTH="10" HEIGHT="75" STYLEREFS="font0"/><SP WIDTH="26" VPOS="1946" HPOS="457"/><String ID="p449_w184" CONTENT="in" HPOS="483" VPOS="1946" WIDTH="32" HEIGHT="75" STYLEREFS="font0"/><SP WIDTH="17" VPOS="1946" HPOS="515"/><String ID="p449_w185" CONTENT="which" HPOS="532" VPOS="1946" WIDTH="105" HEIGHT="75" STYLEREFS="font0"/><SP WIDTH="17" VPOS="1946" HPOS="637"/><String ID="p449_w186" CONTENT="obferve" HPOS="654" VPOS="1946" WIDTH="129" HEIGHT="75" STYLEREFS="font0"/><SP WIDTH="17" VPOS="1946" HPOS="783"/><String ID="p449_w187" CONTENT="the" HPOS="800" VPOS="1946" WIDTH="55" HEIGHT="75" STYLEREFS="font0"/><SP WIDTH="16" VPOS="1946" HPOS="855"/><String ID="p449_w188" CONTENT="following" HPOS="871" VPOS="1946" WIDTH="168" HEIGHT="75" STYLEREFS="font0"/></TextLine><TextLine WIDTH="981" HEIGHT="75" ID="p449_t37" HPOS="210" VPOS="1993"><String ID="p449_w189" CONTENT="Rule." HPOS="210" VPOS="1993" WIDTH="124" HEIGHT="75" STYLEREFS="font0"/><SP WIDTH="48" VPOS="1993" HPOS="334"/><String ID="p449_w190" CONTENT="Beginning" HPOS="382" VPOS="1993" WIDTH="179" HEIGHT="75" STYLEREFS="font0"/><SP WIDTH="23" VPOS="1993" HPOS="561"/><String ID="p449_w191" CONTENT="at" HPOS="584" VPOS="1993" WIDTH="32" HEIGHT="75" STYLEREFS="font0"/><SP WIDTH="17" VPOS="1993" HPOS="616"/><String ID="p449_w192" CONTENT="the" HPOS="633" VPOS="1993" WIDTH="57" HEIGHT="75" STYLEREFS="font0"/><SP WIDTH="18" VPOS="1993" HPOS="690"/><String ID="p449_w193" CONTENT="left" HPOS="708" VPOS="1993" WIDTH="60" HEIGHT="75" STYLEREFS="font0"/><SP WIDTH="16" VPOS="1993" HPOS="768"/><String ID="p449_w194" CONTENT="hand," HPOS="784" VPOS="1993" WIDTH="99" HEIGHT="75" STYLEREFS="font0"/><SP WIDTH="25" VPOS="1993" HPOS="883"/><String ID="p449_w195" CONTENT="and" HPOS="908" VPOS="1993" WIDTH="63" HEIGHT="75" STYLEREFS="font0"/><SP WIDTH="21" VPOS="1993" HPOS="971"/><String ID="p449_w196" CONTENT="reading" HPOS="992" VPOS="1993" WIDTH="131" HEIGHT="75" STYLEREFS="font0"/><SP WIDTH="17" VPOS="1993" HPOS="1123"/><String ID="p449_w197" CONTENT="to-" HPOS="1140" VPOS="1993" WIDTH="51" HEIGHT="75" STYLEREFS="font0"/></TextLine><TextLine WIDTH="1029" HEIGHT="75" ID="p449_t38" HPOS="162" VPOS="2041"><String ID="p449_w198" CONTENT="ward" HPOS="162" VPOS="2041" WIDTH="90" HEIGHT="75" STYLEREFS="font0"/><SP WIDTH="17" VPOS="2041" HPOS="252"/><String ID="p449_w199" CONTENT="the" HPOS="269" VPOS="2041" WIDTH="56" HEIGHT="75" STYLEREFS="font0"/><SP WIDTH="17" VPOS="2041" HPOS="325"/><String ID="p449_w200" CONTENT="right;" HPOS="342" VPOS="2041" WIDTH="107" HEIGHT="75" STYLEREFS="font0"/><SP WIDTH="26" VPOS="2041" HPOS="449"/><String ID="p449_w201" CONTENT="to" HPOS="475" VPOS="2041" WIDTH="36" HEIGHT="75" STYLEREFS="font0"/><SP WIDTH="22" VPOS="2041" HPOS="511"/><String ID="p449_w202" CONTENT="the" HPOS="533" VPOS="2041" WIDTH="56" HEIGHT="75" STYLEREFS="font0"/><SP WIDTH="15" VPOS="2041" HPOS="589"/><String ID="p449_w203" CONTENT="Ample" HPOS="604" VPOS="2041" WIDTH="108" HEIGHT="75" STYLEREFS="font0"/><SP WIDTH="16" VPOS="2041" HPOS="712"/><String ID="p449_w204" CONTENT="value" HPOS="728" VPOS="2041" WIDTH="92" HEIGHT="75" STYLEREFS="font0"/><SP WIDTH="16" VPOS="2041" HPOS="820"/><String ID="p449_w205" CONTENT="of" HPOS="836" VPOS="2041" WIDTH="40" HEIGHT="75" STYLEREFS="font0"/><SP WIDTH="11" VPOS="2041" HPOS="876"/><String ID="p449_w206" CONTENT="every" HPOS="887" VPOS="2041" WIDTH="97" HEIGHT="75" STYLEREFS="font0"/><SP WIDTH="15" VPOS="2041" HPOS="984"/><String ID="p449_w207" CONTENT="figure" HPOS="999" VPOS="2041" WIDTH="101" HEIGHT="75" STYLEREFS="font0"/><SP WIDTH="18" VPOS="2041" HPOS="1100"/><String ID="p449_w208" CONTENT="join" HPOS="1118" VPOS="2041" WIDTH="73" HEIGHT="75" STYLEREFS="font0"/></TextLine><TextLine WIDTH="1034" HEIGHT="75" ID="p449_t39" HPOS="162" VPOS="2087"><String ID="p449_w209" CONTENT="the" HPOS="162" VPOS="2087" WIDTH="56" HEIGHT="75" STYLEREFS="font0"/><SP WIDTH="23" VPOS="2087" HPOS="218"/><String ID="p449_w210" CONTENT="name" HPOS="241" VPOS="2087" WIDTH="92" HEIGHT="75" STYLEREFS="font0"/><SP WIDTH="19" VPOS="2087" HPOS="333"/><String ID="p449_w211" CONTENT="of" HPOS="352" VPOS="2087" WIDTH="39" HEIGHT="75" STYLEREFS="font0"/><SP WIDTH="11" VPOS="2087" HPOS="391"/><String ID="p449_w212" CONTENT="its" HPOS="402" VPOS="2087" WIDTH="41" HEIGHT="75" STYLEREFS="font0"/><SP WIDTH="17" VPOS="2087" HPOS="443"/><String ID="p449_w213" CONTENT="place," HPOS="460" VPOS="2087" WIDTH="101" HEIGHT="75" STYLEREFS="font0"/><SP WIDTH="25" VPOS="2087" HPOS="561"/><String ID="p449_w214" CONTENT="and" HPOS="586" VPOS="2087" WIDTH="63" HEIGHT="75" STYLEREFS="font0"/><SP WIDTH="19" VPOS="2087" HPOS="649"/><String ID="p449_w215" CONTENT="conclude" HPOS="668" VPOS="2087" WIDTH="155" HEIGHT="75" STYLEREFS="font0"/><SP WIDTH="17" VPOS="2087" HPOS="823"/><String ID="p449_w216" CONTENT="each" HPOS="840" VPOS="2087" WIDTH="77" HEIGHT="75" STYLEREFS="font0"/><SP WIDTH="17" VPOS="2087" HPOS="917"/><String ID="p449_w217" CONTENT="period" HPOS="934" VPOS="2087" WIDTH="113" HEIGHT="75" STYLEREFS="font0"/><SP WIDTH="15" VPOS="2087" HPOS="1047"/><String ID="p449_w218" CONTENT="by" HPOS="1062" VPOS="2087" WIDTH="43" HEIGHT="75" STYLEREFS="font0"/><SP WIDTH="28" VPOS="2087" HPOS="1105"/><String ID="p449_w219" CONTENT="exi-" HPOS="1133" VPOS="2087" WIDTH="63" HEIGHT="75" STYLEREFS="font0"/></TextLine><TextLine WIDTH="949" HEIGHT="75" ID="p449_t40" HPOS="162" VPOS="2132"><String ID="p449_w220" CONTENT="prefling" HPOS="162" VPOS="2132" WIDTH="134" HEIGHT="75" STYLEREFS="font0"/><SP WIDTH="15" VPOS="2132" HPOS="296"/><String ID="p449_w221" CONTENT="its" HPOS="311" VPOS="2132" WIDTH="42" HEIGHT="75" STYLEREFS="font0"/><SP WIDTH="22" VPOS="2132" HPOS="353"/><String ID="p449_w222" CONTENT="title," HPOS="375" VPOS="2132" WIDTH="83" HEIGHT="75" STYLEREFS="font0"/><SP WIDTH="25" VPOS="2132" HPOS="458"/><String ID="p449_w223" CONTENT="every" HPOS="483" VPOS="2132" WIDTH="96" HEIGHT="75" STYLEREFS="font0"/><SP WIDTH="16" VPOS="2132" HPOS="579"/><String ID="p449_w224" CONTENT="where" HPOS="595" VPOS="2132" WIDTH="106" HEIGHT="75" STYLEREFS="font0"/><SP WIDTH="16" VPOS="2132" HPOS="701"/><String ID="p449_w225" CONTENT="omitting" HPOS="717" VPOS="2132" WIDTH="150" HEIGHT="75" STYLEREFS="font0"/><SP WIDTH="17" VPOS="2132" HPOS="867"/><String ID="p449_w226" CONTENT="the" HPOS="884" VPOS="2132" WIDTH="54" HEIGHT="75" STYLEREFS="font0"/><SP WIDTH="24" VPOS="2132" HPOS="938"/><String ID="p449_w227" CONTENT="ciphers.." HPOS="962" VPOS="2132" WIDTH="149" HEIGHT="75" STYLEREFS="font0"/></TextLine><TextLine WIDTH="619" HEIGHT="75" ID="p449_t41" HPOS="1211" VPOS="182"><String ID="p449_w228" CONTENT="M" HPOS="1211" VPOS="182" WIDTH="48" HEIGHT="75" STYLEREFS="font0"/><SP WIDTH="79" VPOS="182" HPOS="1259"/><String ID="p449_w229" CONTENT="E" HPOS="1338" VPOS="182" WIDTH="35" HEIGHT="75" STYLEREFS="font0"/><SP WIDTH="79" VPOS="182" HPOS="1373"/><String ID="p449_w230" CONTENT="T" HPOS="1452" VPOS="182" WIDTH="39" HEIGHT="75" STYLEREFS="font0"/><SP WIDTH="76" VPOS="182" HPOS="1491"/><String ID="p449_w231" CONTENT="I" HPOS="1567" VPOS="182" WIDTH="19" HEIGHT="75" STYLEREFS="font0"/><SP WIDTH="78" VPOS="182" HPOS="1586"/><String ID="p449_w232" CONTENT="C" HPOS="1664" VPOS="182" WIDTH="36" HEIGHT="75" STYLEREFS="font0"/><SP WIDTH="78" VPOS="182" HPOS="1700"/><String ID="p449_w233" CONTENT="K." HPOS="1778" VPOS="182" WIDTH="52" HEIGHT="75" STYLEREFS="font0"/></TextLine><TextLine WIDTH="86" HEIGHT="75" ID="p449_t42" HPOS="2199" VPOS="182"><String ID="p449_w234" CONTENT="367" HPOS="2199" VPOS="182" WIDTH="86" HEIGHT="75" STYLEREFS="font0"/></TextLine><TextLine WIDTH="982" HEIGHT="75" ID="p449_t43" HPOS="1293" VPOS="252"><String ID="p449_w235" CONTENT="6." HPOS="1293" VPOS="252" WIDTH="33" HEIGHT="75" STYLEREFS="font0"/><SP WIDTH="26" VPOS="252" HPOS="1326"/><String ID="p449_w236" CONTENT="An" HPOS="1352" VPOS="252" WIDTH="54" HEIGHT="75" STYLEREFS="font0"/><SP WIDTH="26" VPOS="252" HPOS="1406"/><String ID="p449_w237" CONTENT="odd" HPOS="1432" VPOS="252" WIDTH="63" HEIGHT="75" STYLEREFS="font0"/><SP WIDTH="13" VPOS="252" HPOS="1495"/><String ID="p449_w238" CONTENT="number" HPOS="1508" VPOS="252" WIDTH="137" HEIGHT="75" STYLEREFS="font0"/><SP WIDTH="15" VPOS="252" HPOS="1645"/><String ID="p449_w239" CONTENT="is" HPOS="1660" VPOS="252" WIDTH="27" HEIGHT="75" STYLEREFS="font0"/><SP WIDTH="18" VPOS="252" HPOS="1687"/><String ID="p449_w240" CONTENT="that" HPOS="1705" VPOS="252" WIDTH="70" HEIGHT="75" STYLEREFS="font0"/><SP WIDTH="17" VPOS="252" HPOS="1775"/><String ID="p449_w241" CONTENT="which" HPOS="1792" VPOS="252" WIDTH="105" HEIGHT="75" STYLEREFS="font0"/><SP WIDTH="19" VPOS="252" HPOS="1897"/><String ID="p449_w242" CONTENT="2" HPOS="1916" VPOS="252" WIDTH="18" HEIGHT="75" STYLEREFS="font0"/><SP WIDTH="18" VPOS="252" HPOS="1934"/><String ID="p449_w243" CONTENT="does" HPOS="1952" VPOS="252" WIDTH="79" HEIGHT="75" STYLEREFS="font0"/><SP WIDTH="17" VPOS="252" HPOS="2031"/><String ID="p449_w244" CONTENT="not" HPOS="2048" VPOS="252" WIDTH="58" HEIGHT="75" STYLEREFS="font0"/><SP WIDTH="16" VPOS="252" HPOS="2106"/><String ID="p449_w245" CONTENT="meafure," HPOS="2122" VPOS="252" WIDTH="153" HEIGHT="75" STYLEREFS="font0"/></TextLine><TextLine WIDTH="1028" HEIGHT="75" ID="p449_t44" HPOS="1246" VPOS="296"><String ID="p449_w246" CONTENT="or" HPOS="1246" VPOS="296" WIDTH="37" HEIGHT="75" STYLEREFS="font0"/><SP WIDTH="15" VPOS="296" HPOS="1283"/><String ID="p449_w247" CONTENT="which" HPOS="1298" VPOS="296" WIDTH="106" HEIGHT="75" STYLEREFS="font0"/><SP WIDTH="16" VPOS="296" HPOS="1404"/><String ID="p449_w248" CONTENT="cannot" HPOS="1420" VPOS="296" WIDTH="116" HEIGHT="75" STYLEREFS="font0"/><SP WIDTH="20" VPOS="296" HPOS="1536"/><String ID="p449_w249" CONTENT="be" HPOS="1556" VPOS="296" WIDTH="40" HEIGHT="75" STYLEREFS="font0"/><SP WIDTH="16" VPOS="296" HPOS="1596"/><String ID="p449_w250" CONTENT="divided" HPOS="1612" VPOS="296" WIDTH="130" HEIGHT="75" STYLEREFS="font0"/><SP WIDTH="17" VPOS="296" HPOS="1742"/><String ID="p449_w251" CONTENT="by" HPOS="1759" VPOS="296" WIDTH="44" HEIGHT="75" STYLEREFS="font0"/><SP WIDTH="17" VPOS="296" HPOS="1803"/><String ID="p449_w252" CONTENT="2," HPOS="1820" VPOS="296" WIDTH="34" HEIGHT="75" STYLEREFS="font0"/><SP WIDTH="27" VPOS="296" HPOS="1854"/><String ID="p449_w253" CONTENT="without" HPOS="1881" VPOS="296" WIDTH="138" HEIGHT="75" STYLEREFS="font0"/><SP WIDTH="16" VPOS="296" HPOS="2019"/><String ID="p449_w254" CONTENT="a" HPOS="2035" VPOS="296" WIDTH="19" HEIGHT="75" STYLEREFS="font0"/><SP WIDTH="16" VPOS="296" HPOS="2054"/><String ID="p449_w255" CONTENT="remainder" HPOS="2070" VPOS="296" WIDTH="177" HEIGHT="75" STYLEREFS="font0"/><SP WIDTH="15" VPOS="296" HPOS="2247"/><String ID="p449_w256" CONTENT=";" HPOS="2262" VPOS="296" WIDTH="12" HEIGHT="75" STYLEREFS="font0"/></TextLine><TextLine WIDTH="435" HEIGHT="75" ID="p449_t45" HPOS="1246" VPOS="337"><String ID="p449_w257" CONTENT="«" HPOS="1246" VPOS="355" WIDTH="33" HEIGHT="75" STYLEREFS="font0"/><SP WIDTH="72" VPOS="355" HPOS="1279"/><String ID="p449_w258" CONTENT="3»" HPOS="1351" VPOS="355" WIDTH="34" HEIGHT="75" STYLEREFS="font0"/><SP WIDTH="21" VPOS="355" HPOS="1385"/><String ID="p449_w259" CONTENT="f." HPOS="1406" VPOS="355" WIDTH="31" HEIGHT="75" STYLEREFS="font0"/><SP WIDTH="22" VPOS="355" HPOS="1437"/><String ID="p449_w260" CONTENT="7»" HPOS="1459" VPOS="355" WIDTH="32" HEIGHT="75" STYLEREFS="font0"/><SP WIDTH="19" VPOS="355" HPOS="1491"/><String ID="p449_w261" CONTENT="9*" HPOS="1510" VPOS="355" WIDTH="34" HEIGHT="75" STYLEREFS="font0"/><SP WIDTH="22" VPOS="355" HPOS="1544"/><String ID="p449_w262" CONTENT="II" HPOS="1566" VPOS="337" WIDTH="37" HEIGHT="49" STYLEREFS="font3"/><String ID="p449_w263" CONTENT="&gt;" HPOS="1603" VPOS="355" WIDTH="17" HEIGHT="75" STYLEREFS="font0"/><SP WIDTH="23" VPOS="355" HPOS="1620"/><String ID="p449_w264" CONTENT="!3" HPOS="1643" VPOS="355" WIDTH="38" HEIGHT="75" STYLEREFS="font0"/></TextLine><TextLine WIDTH="8" HEIGHT="75" ID="p449_t46" HPOS="2104" VPOS="355"><String ID="p449_w265" CONTENT="." HPOS="2104" VPOS="355" WIDTH="8" HEIGHT="75" STYLEREFS="font0"/></TextLine><TextLine WIDTH="981" HEIGHT="75" ID="p449_t47" HPOS="1295" VPOS="390"><String ID="p449_w266" CONTENT="7." HPOS="1295" VPOS="390" WIDTH="33" HEIGHT="75" STYLEREFS="font0"/><SP WIDTH="25" VPOS="390" HPOS="1328"/><String ID="p449_w267" CONTENT="A" HPOS="1353" VPOS="390" WIDTH="34" HEIGHT="75" STYLEREFS="font0"/><SP WIDTH="11" VPOS="390" HPOS="1387"/><String ID="p449_w268" CONTENT="prime" HPOS="1398" VPOS="390" WIDTH="107" HEIGHT="75" STYLEREFS="font0"/><SP WIDTH="23" VPOS="390" HPOS="1505"/><String ID="p449_w269" CONTENT="number" HPOS="1528" VPOS="390" WIDTH="134" HEIGHT="75" STYLEREFS="font0"/><SP WIDTH="15" VPOS="390" HPOS="1662"/><String ID="p449_w270" CONTENT="is" HPOS="1677" VPOS="390" WIDTH="26" HEIGHT="75" STYLEREFS="font0"/><SP WIDTH="18" VPOS="390" HPOS="1703"/><String ID="p449_w271" CONTENT="that" HPOS="1721" VPOS="390" WIDTH="71" HEIGHT="75" STYLEREFS="font0"/><SP WIDTH="15" VPOS="390" HPOS="1792"/><String ID="p449_w272" CONTENT="which" HPOS="1807" VPOS="390" WIDTH="107" HEIGHT="75" STYLEREFS="font0"/><SP WIDTH="16" VPOS="390" HPOS="1914"/><String ID="p449_w273" CONTENT="unity," HPOS="1930" VPOS="390" WIDTH="103" HEIGHT="75" STYLEREFS="font0"/><SP WIDTH="17" VPOS="390" HPOS="2033"/><String ID="p449_w274" CONTENT="or" HPOS="2050" VPOS="390" WIDTH="38" HEIGHT="75" STYLEREFS="font0"/><SP WIDTH="15" VPOS="390" HPOS="2088"/><String ID="p449_w275" CONTENT="itfelf," HPOS="2103" VPOS="390" WIDTH="98" HEIGHT="75" STYLEREFS="font0"/><SP WIDTH="17" VPOS="390" HPOS="2201"/><String ID="p449_w276" CONTENT="on-" HPOS="2218" VPOS="390" WIDTH="58" HEIGHT="75" STYLEREFS="font0"/></TextLine><TextLine WIDTH="753" HEIGHT="75" ID="p449_t48" HPOS="1243" VPOS="437"><String ID="p449_w277" CONTENT="ly" HPOS="1243" VPOS="437" WIDTH="35" HEIGHT="75" STYLEREFS="font0"/><SP WIDTH="15" VPOS="437" HPOS="1278"/><String ID="p449_w278" CONTENT="meafures;" HPOS="1293" VPOS="437" WIDTH="178" HEIGHT="75" STYLEREFS="font0"/><SP WIDTH="27" VPOS="437" HPOS="1471"/><String ID="p449_w279" CONTENT="as" HPOS="1498" VPOS="437" WIDTH="34" HEIGHT="75" STYLEREFS="font0"/><SP WIDTH="19" VPOS="437" HPOS="1532"/><String ID="p449_w280" CONTENT="3," HPOS="1551" VPOS="437" WIDTH="33" HEIGHT="75" STYLEREFS="font0"/><SP WIDTH="20" VPOS="437" HPOS="1584"/><String ID="p449_w281" CONTENT="5," HPOS="1604" VPOS="437" WIDTH="32" HEIGHT="75" STYLEREFS="font0"/><SP WIDTH="21" VPOS="437" HPOS="1636"/><String ID="p449_w282" CONTENT="7," HPOS="1657" VPOS="437" WIDTH="33" HEIGHT="75" STYLEREFS="font0"/><SP WIDTH="22" VPOS="437" HPOS="1690"/><String ID="p449_w283" CONTENT="11," HPOS="1712" VPOS="437" WIDTH="54" HEIGHT="75" STYLEREFS="font0"/><SP WIDTH="24" VPOS="437" HPOS="1766"/><String ID="p449_w284" CONTENT="13," HPOS="1790" VPOS="437" WIDTH="54" HEIGHT="75" STYLEREFS="font0"/><SP WIDTH="23" VPOS="437" HPOS="1844"/><String ID="p449_w285" CONTENT="17," HPOS="1867" VPOS="437" WIDTH="54" HEIGHT="75" STYLEREFS="font0"/><SP WIDTH="23" VPOS="437" HPOS="1921"/><String ID="p449_w286" CONTENT="19." HPOS="1944" VPOS="437" WIDTH="52" HEIGHT="75" STYLEREFS="font0"/></TextLine><TextLine WIDTH="984" HEIGHT="75" ID="p449_t49" HPOS="1291" VPOS="485"><String ID="p449_w287" CONTENT="8." HPOS="1291" VPOS="485" WIDTH="34" HEIGHT="75" STYLEREFS="font0"/><SP WIDTH="25" VPOS="485" HPOS="1325"/><String ID="p449_w288" CONTENT="A" HPOS="1350" VPOS="485" WIDTH="35" HEIGHT="75" STYLEREFS="font0"/><SP WIDTH="22" VPOS="485" HPOS="1385"/><String ID="p449_w289" CONTENT="compojite" HPOS="1407" VPOS="485" WIDTH="162" HEIGHT="75" STYLEREFS="font0"/><SP WIDTH="16" VPOS="485" HPOS="1569"/><String ID="p449_w290" CONTENT="number" HPOS="1585" VPOS="485" WIDTH="134" HEIGHT="75" STYLEREFS="font0"/><SP WIDTH="14" VPOS="485" HPOS="1719"/><String ID="p449_w291" CONTENT="is" HPOS="1733" VPOS="485" WIDTH="27" HEIGHT="75" STYLEREFS="font0"/><SP WIDTH="17" VPOS="485" HPOS="1760"/><String ID="p449_w292" CONTENT="that" HPOS="1777" VPOS="485" WIDTH="72" HEIGHT="75" STYLEREFS="font0"/><SP WIDTH="16" VPOS="485" HPOS="1849"/><String ID="p449_w293" CONTENT="which" HPOS="1865" VPOS="485" WIDTH="107" HEIGHT="75" STYLEREFS="font0"/><SP WIDTH="25" VPOS="485" HPOS="1972"/><String ID="p449_w294" CONTENT="is" HPOS="1997" VPOS="485" WIDTH="27" HEIGHT="75" STYLEREFS="font0"/><SP WIDTH="21" VPOS="485" HPOS="2024"/><String ID="p449_w295" CONTENT="meafured" HPOS="2045" VPOS="485" WIDTH="164" HEIGHT="75" STYLEREFS="font0"/><SP WIDTH="23" VPOS="485" HPOS="2209"/><String ID="p449_w296" CONTENT="by" HPOS="2232" VPOS="485" WIDTH="43" HEIGHT="75" STYLEREFS="font0"/></TextLine><TextLine WIDTH="1033" HEIGHT="75" ID="p449_t50" HPOS="1241" VPOS="529"><String ID="p449_w297" CONTENT="fome" HPOS="1241" VPOS="529" WIDTH="87" HEIGHT="75" STYLEREFS="font0"/><SP WIDTH="16" VPOS="529" HPOS="1328"/><String ID="p449_w298" CONTENT="other" HPOS="1344" VPOS="529" WIDTH="95" HEIGHT="75" STYLEREFS="font0"/><SP WIDTH="16" VPOS="529" HPOS="1439"/><String ID="p449_w299" CONTENT="number" HPOS="1455" VPOS="529" WIDTH="135" HEIGHT="75" STYLEREFS="font0"/><SP WIDTH="22" VPOS="529" HPOS="1590"/><String ID="p449_w300" CONTENT="than" HPOS="1612" VPOS="529" WIDTH="77" HEIGHT="75" STYLEREFS="font0"/><SP WIDTH="25" VPOS="529" HPOS="1689"/><String ID="p449_w301" CONTENT="itfelf," HPOS="1714" VPOS="529" WIDTH="98" HEIGHT="75" STYLEREFS="font0"/><SP WIDTH="25" VPOS="529" HPOS="1812"/><String ID="p449_w302" CONTENT="or" HPOS="1837" VPOS="529" WIDTH="38" HEIGHT="75" STYLEREFS="font0"/><SP WIDTH="16" VPOS="529" HPOS="1875"/><String ID="p449_w303" CONTENT="unity;" HPOS="1891" VPOS="529" WIDTH="114" HEIGHT="75" STYLEREFS="font0"/><SP WIDTH="27" VPOS="529" HPOS="2005"/><String ID="p449_w304" CONTENT="as" HPOS="2032" VPOS="529" WIDTH="33" HEIGHT="75" STYLEREFS="font0"/><SP WIDTH="23" VPOS="529" HPOS="2065"/><String ID="p449_w305" CONTENT="12," HPOS="2088" VPOS="529" WIDTH="54" HEIGHT="75" STYLEREFS="font0"/><SP WIDTH="25" VPOS="529" HPOS="2142"/><String ID="p449_w306" CONTENT="which" HPOS="2167" VPOS="529" WIDTH="107" HEIGHT="75" STYLEREFS="font0"/></TextLine><TextLine WIDTH="537" HEIGHT="75" ID="p449_t51" HPOS="1242" VPOS="575"><String ID="p449_w307" CONTENT="is" HPOS="1242" VPOS="575" WIDTH="26" HEIGHT="75" STYLEREFS="font0"/><SP WIDTH="19" VPOS="575" HPOS="1268"/><String ID="p449_w308" CONTENT="meafured" HPOS="1287" VPOS="575" WIDTH="164" HEIGHT="75" STYLEREFS="font0"/><SP WIDTH="16" VPOS="575" HPOS="1451"/><String ID="p449_w309" CONTENT="by" HPOS="1467" VPOS="575" WIDTH="44" HEIGHT="75" STYLEREFS="font0"/><SP WIDTH="19" VPOS="575" HPOS="1511"/><String ID="p449_w310" CONTENT="2," HPOS="1530" VPOS="575" WIDTH="34" HEIGHT="75" STYLEREFS="font0"/><SP WIDTH="19" VPOS="575" HPOS="1564"/><String ID="p449_w311" CONTENT="3," HPOS="1583" VPOS="575" WIDTH="35" HEIGHT="75" STYLEREFS="font0"/><SP WIDTH="18" VPOS="575" HPOS="1618"/><String ID="p449_w312" CONTENT="4," HPOS="1636" VPOS="575" WIDTH="35" HEIGHT="75" STYLEREFS="font0"/><SP WIDTH="17" VPOS="575" HPOS="1671"/><String ID="p449_w313" CONTENT="or" HPOS="1688" VPOS="575" WIDTH="38" HEIGHT="75" STYLEREFS="font0"/><SP WIDTH="17" VPOS="575" HPOS="1726"/><String ID="p449_w314" CONTENT="6." HPOS="1743" VPOS="575" WIDTH="36" HEIGHT="75" STYLEREFS="font0"/></TextLine><TextLine WIDTH="986" HEIGHT="75" ID="p449_t52" HPOS="1289" VPOS="623"><String ID="p449_w315" CONTENT="9." HPOS="1289" VPOS="623" WIDTH="34" HEIGHT="75" STYLEREFS="font0"/><SP WIDTH="26" VPOS="623" HPOS="1323"/><String ID="p449_w316" CONTENT="Numbers" HPOS="1349" VPOS="623" WIDTH="164" HEIGHT="75" STYLEREFS="font0"/><SP WIDTH="21" VPOS="623" HPOS="1513"/><String ID="p449_w317" CONTENT="are" HPOS="1534" VPOS="623" WIDTH="53" HEIGHT="75" STYLEREFS="font0"/><SP WIDTH="25" VPOS="623" HPOS="1587"/><String ID="p449_w318" CONTENT="called" HPOS="1612" VPOS="623" WIDTH="104" HEIGHT="75" STYLEREFS="font0"/><SP WIDTH="18" VPOS="623" HPOS="1716"/><String ID="p449_w319" CONTENT="prime" HPOS="1734" VPOS="623" WIDTH="109" HEIGHT="75" STYLEREFS="font0"/><SP WIDTH="20" VPOS="623" HPOS="1843"/><String ID="p449_w320" CONTENT="to" HPOS="1863" VPOS="623" WIDTH="35" HEIGHT="75" STYLEREFS="font0"/><SP WIDTH="21" VPOS="623" HPOS="1898"/><String ID="p449_w321" CONTENT="one" HPOS="1919" VPOS="623" WIDTH="62" HEIGHT="75" STYLEREFS="font0"/><SP WIDTH="27" VPOS="623" HPOS="1981"/><String ID="p449_w322" CONTENT="another," HPOS="2008" VPOS="623" WIDTH="146" HEIGHT="75" STYLEREFS="font0"/><SP WIDTH="26" VPOS="623" HPOS="2154"/><String ID="p449_w323" CONTENT="when" HPOS="2180" VPOS="623" WIDTH="95" HEIGHT="75" STYLEREFS="font0"/></TextLine><TextLine WIDTH="1035" HEIGHT="75" ID="p449_t53" HPOS="1241" VPOS="668"><String ID="p449_w324" CONTENT="unity" HPOS="1241" VPOS="668" WIDTH="91" HEIGHT="75" STYLEREFS="font0"/><SP WIDTH="18" VPOS="668" HPOS="1332"/><String ID="p449_w325" CONTENT="only" HPOS="1350" VPOS="668" WIDTH="78" HEIGHT="75" STYLEREFS="font0"/><SP WIDTH="16" VPOS="668" HPOS="1428"/><String ID="p449_w326" CONTENT="meafures" HPOS="1444" VPOS="668" WIDTH="157" HEIGHT="75" STYLEREFS="font0"/><SP WIDTH="17" VPOS="668" HPOS="1601"/><String ID="p449_w327" CONTENT="them." HPOS="1618" VPOS="668" WIDTH="101" HEIGHT="75" STYLEREFS="font0"/><SP WIDTH="48" VPOS="668" HPOS="1719"/><String ID="p449_w328" CONTENT="Thus" HPOS="1767" VPOS="668" WIDTH="97" HEIGHT="75" STYLEREFS="font0"/><SP WIDTH="25" VPOS="668" HPOS="1864"/><String ID="p449_w329" CONTENT="13" HPOS="1889" VPOS="668" WIDTH="37" HEIGHT="75" STYLEREFS="font0"/><SP WIDTH="23" VPOS="668" HPOS="1926"/><String ID="p449_w330" CONTENT="and" HPOS="1949" VPOS="668" WIDTH="63" HEIGHT="75" STYLEREFS="font0"/><SP WIDTH="19" VPOS="668" HPOS="2012"/><String ID="p449_w331" CONTENT="36" HPOS="2031" VPOS="668" WIDTH="43" HEIGHT="75" STYLEREFS="font0"/><SP WIDTH="21" VPOS="668" HPOS="2074"/><String ID="p449_w332" CONTENT="are" HPOS="2095" VPOS="668" WIDTH="54" HEIGHT="75" STYLEREFS="font0"/><SP WIDTH="24" VPOS="668" HPOS="2149"/><String ID="p449_w333" CONTENT="prime" HPOS="2173" VPOS="668" WIDTH="103" HEIGHT="75" STYLEREFS="font0"/></TextLine><TextLine WIDTH="1036" HEIGHT="75" ID="p449_t54" HPOS="1240" VPOS="716"><String ID="p449_w334" CONTENT="to" HPOS="1240" VPOS="716" WIDTH="35" HEIGHT="75" STYLEREFS="font0"/><SP WIDTH="17" VPOS="716" HPOS="1275"/><String ID="p449_w335" CONTENT="one" HPOS="1292" VPOS="716" WIDTH="61" HEIGHT="75" STYLEREFS="font0"/><SP WIDTH="14" VPOS="716" HPOS="1353"/><String ID="p449_w336" CONTENT="another;" HPOS="1367" VPOS="716" WIDTH="155" HEIGHT="75" STYLEREFS="font0"/><SP WIDTH="25" VPOS="716" HPOS="1522"/><String ID="p449_w337" CONTENT="for" HPOS="1547" VPOS="716" WIDTH="54" HEIGHT="75" STYLEREFS="font0"/><SP WIDTH="15" VPOS="716" HPOS="1601"/><String ID="p449_w338" CONTENT="no" HPOS="1616" VPOS="716" WIDTH="44" HEIGHT="75" STYLEREFS="font0"/><SP WIDTH="22" VPOS="716" HPOS="1660"/><String ID="p449_w339" CONTENT="number," HPOS="1682" VPOS="716" WIDTH="147" HEIGHT="75" STYLEREFS="font0"/><SP WIDTH="24" VPOS="716" HPOS="1829"/><String ID="p449_w340" CONTENT="except" HPOS="1853" VPOS="716" WIDTH="118" HEIGHT="75" STYLEREFS="font0"/><SP WIDTH="16" VPOS="716" HPOS="1971"/><String ID="p449_w341" CONTENT="unity," HPOS="1987" VPOS="716" WIDTH="105" HEIGHT="75" STYLEREFS="font0"/><SP WIDTH="24" VPOS="716" HPOS="2092"/><String ID="p449_w342" CONTENT="meafures" HPOS="2116" VPOS="716" WIDTH="160" HEIGHT="75" STYLEREFS="font0"/></TextLine><TextLine WIDTH="93" HEIGHT="75" ID="p449_t55" HPOS="1242" VPOS="761"><String ID="p449_w343" CONTENT="both." HPOS="1242" VPOS="761" WIDTH="93" HEIGHT="75" STYLEREFS="font0"/></TextLine><TextLine WIDTH="979" HEIGHT="75" ID="p449_t56" HPOS="1292" VPOS="811"><String ID="p449_w344" CONTENT="10." HPOS="1292" VPOS="811" WIDTH="54" HEIGHT="75" STYLEREFS="font0"/><SP WIDTH="25" VPOS="811" HPOS="1346"/><String ID="p449_w345" CONTENT="Numbers" HPOS="1371" VPOS="811" WIDTH="164" HEIGHT="75" STYLEREFS="font0"/><SP WIDTH="28" VPOS="811" HPOS="1535"/><String ID="p449_w346" CONTENT="are" HPOS="1563" VPOS="811" WIDTH="55" HEIGHT="75" STYLEREFS="font0"/><SP WIDTH="30" VPOS="811" HPOS="1618"/><String ID="p449_w347" CONTENT="called" HPOS="1648" VPOS="811" WIDTH="105" HEIGHT="75" STYLEREFS="font0"/><SP WIDTH="27" VPOS="811" HPOS="1753"/><String ID="p449_w348" CONTENT="compojiie" HPOS="1780" VPOS="811" WIDTH="162" HEIGHT="75" STYLEREFS="font0"/><SP WIDTH="27" VPOS="811" HPOS="1942"/><String ID="p449_w349" CONTENT="to" HPOS="1969" VPOS="811" WIDTH="36" HEIGHT="75" STYLEREFS="font0"/><SP WIDTH="27" VPOS="811" HPOS="2005"/><String ID="p449_w350" CONTENT="one" HPOS="2032" VPOS="811" WIDTH="62" HEIGHT="75" STYLEREFS="font0"/><SP WIDTH="27" VPOS="811" HPOS="2094"/><String ID="p449_w351" CONTENT="another," HPOS="2121" VPOS="811" WIDTH="150" HEIGHT="75" STYLEREFS="font0"/></TextLine><TextLine WIDTH="1036" HEIGHT="75" ID="p449_t57" HPOS="1240" VPOS="856"><String ID="p449_w352" CONTENT="when" HPOS="1240" VPOS="856" WIDTH="93" HEIGHT="75" STYLEREFS="font0"/><SP WIDTH="17" VPOS="856" HPOS="1333"/><String ID="p449_w353" CONTENT="fome" HPOS="1350" VPOS="856" WIDTH="88" HEIGHT="75" STYLEREFS="font0"/><SP WIDTH="15" VPOS="856" HPOS="1438"/><String ID="p449_w354" CONTENT="number," HPOS="1453" VPOS="856" WIDTH="147" HEIGHT="75" STYLEREFS="font0"/><SP WIDTH="13" VPOS="856" HPOS="1600"/><String ID="p449_w355" CONTENT="befides" HPOS="1613" VPOS="856" WIDTH="120" HEIGHT="75" STYLEREFS="font0"/><SP WIDTH="16" VPOS="856" HPOS="1733"/><String ID="p449_w356" CONTENT="unity," HPOS="1749" VPOS="856" WIDTH="104" HEIGHT="75" STYLEREFS="font0"/><SP WIDTH="18" VPOS="856" HPOS="1853"/><String ID="p449_w357" CONTENT="meafures" HPOS="1871" VPOS="856" WIDTH="156" HEIGHT="75" STYLEREFS="font0"/><SP WIDTH="16" VPOS="856" HPOS="2027"/><String ID="p449_w358" CONTENT="them." HPOS="2043" VPOS="856" WIDTH="101" HEIGHT="75" STYLEREFS="font0"/><SP WIDTH="34" VPOS="856" HPOS="2144"/><String ID="p449_w359" CONTENT="Thus" HPOS="2178" VPOS="856" WIDTH="98" HEIGHT="75" STYLEREFS="font0"/></TextLine><TextLine WIDTH="1031" HEIGHT="75" ID="p449_t58" HPOS="1245" VPOS="903"><String ID="p449_w360" CONTENT="12" HPOS="1245" VPOS="903" WIDTH="39" HEIGHT="75" STYLEREFS="font0"/><SP WIDTH="19" VPOS="903" HPOS="1284"/><String ID="p449_w361" CONTENT="and" HPOS="1303" VPOS="903" WIDTH="63" HEIGHT="75" STYLEREFS="font0"/><SP WIDTH="21" VPOS="903" HPOS="1366"/><String ID="p449_w362" CONTENT="18" HPOS="1387" VPOS="903" WIDTH="40" HEIGHT="75" STYLEREFS="font0"/><SP WIDTH="18" VPOS="903" HPOS="1427"/><String ID="p449_w363" CONTENT="are" HPOS="1445" VPOS="903" WIDTH="55" HEIGHT="75" STYLEREFS="font0"/><SP WIDTH="15" VPOS="903" HPOS="1500"/><String ID="p449_w364" CONTENT="compofite" HPOS="1515" VPOS="903" WIDTH="171" HEIGHT="75" STYLEREFS="font0"/><SP WIDTH="15" VPOS="903" HPOS="1686"/><String ID="p449_w365" CONTENT="to" HPOS="1701" VPOS="903" WIDTH="36" HEIGHT="75" STYLEREFS="font0"/><SP WIDTH="16" VPOS="903" HPOS="1737"/><String ID="p449_w366" CONTENT="one" HPOS="1753" VPOS="903" WIDTH="62" HEIGHT="75" STYLEREFS="font0"/><SP WIDTH="15" VPOS="903" HPOS="1815"/><String ID="p449_w367" CONTENT="another" HPOS="1830" VPOS="903" WIDTH="136" HEIGHT="75" STYLEREFS="font0"/><SP WIDTH="12" VPOS="903" HPOS="1966"/><String ID="p449_w368" CONTENT=";" HPOS="1978" VPOS="903" WIDTH="11" HEIGHT="75" STYLEREFS="font0"/><SP WIDTH="19" VPOS="903" HPOS="1989"/><String ID="p449_w369" CONTENT="for" HPOS="2008" VPOS="903" WIDTH="51" HEIGHT="75" STYLEREFS="font0"/><SP WIDTH="13" VPOS="903" HPOS="2059"/><String ID="p449_w370" CONTENT="3" HPOS="2072" VPOS="903" WIDTH="18" HEIGHT="75" STYLEREFS="font0"/><SP WIDTH="15" VPOS="903" HPOS="2090"/><String ID="p449_w371" CONTENT="or" HPOS="2105" VPOS="903" WIDTH="36" HEIGHT="75" STYLEREFS="font0"/><SP WIDTH="14" VPOS="903" HPOS="2141"/><String ID="p449_w372" CONTENT="6" HPOS="2155" VPOS="903" WIDTH="21" HEIGHT="75" STYLEREFS="font0"/><SP WIDTH="13" VPOS="903" HPOS="2176"/><String ID="p449_w373" CONTENT="mea-" HPOS="2189" VPOS="903" WIDTH="87" HEIGHT="75" STYLEREFS="font0"/></TextLine><TextLine WIDTH="352" HEIGHT="75" ID="p449_t59" HPOS="1246" VPOS="949"><String ID="p449_w374" CONTENT="fures" HPOS="1246" VPOS="949" WIDTH="85" HEIGHT="75" STYLEREFS="font0"/><SP WIDTH="17" VPOS="949" HPOS="1331"/><String ID="p449_w375" CONTENT="both" HPOS="1348" VPOS="949" WIDTH="80" HEIGHT="75" STYLEREFS="font0"/><SP WIDTH="17" VPOS="949" HPOS="1428"/><String ID="p449_w376" CONTENT="of" HPOS="1445" VPOS="949" WIDTH="42" HEIGHT="75" STYLEREFS="font0"/><SP WIDTH="11" VPOS="949" HPOS="1487"/><String ID="p449_w377" CONTENT="them." HPOS="1498" VPOS="949" WIDTH="100" HEIGHT="75" STYLEREFS="font0"/></TextLine><TextLine WIDTH="982" HEIGHT="75" ID="p449_t60" HPOS="1293" VPOS="996"><String ID="p449_w378" CONTENT="11." HPOS="1293" VPOS="996" WIDTH="54" HEIGHT="75" STYLEREFS="font0"/><SP WIDTH="25" VPOS="996" HPOS="1347"/><String ID="p449_w379" CONTENT="A" HPOS="1372" VPOS="996" WIDTH="34" HEIGHT="75" STYLEREFS="font0"/><SP WIDTH="16" VPOS="996" HPOS="1406"/><String ID="p449_w380" CONTENT="number" HPOS="1422" VPOS="996" WIDTH="135" HEIGHT="75" STYLEREFS="font0"/><SP WIDTH="14" VPOS="996" HPOS="1557"/><String ID="p449_w381" CONTENT="which" HPOS="1571" VPOS="996" WIDTH="106" HEIGHT="75" STYLEREFS="font0"/><SP WIDTH="28" VPOS="996" HPOS="1677"/><String ID="p449_w382" CONTENT="meafures" HPOS="1705" VPOS="996" WIDTH="158" HEIGHT="75" STYLEREFS="font0"/><SP WIDTH="24" VPOS="996" HPOS="1863"/><String ID="p449_w383" CONTENT="another" HPOS="1887" VPOS="996" WIDTH="135" HEIGHT="75" STYLEREFS="font0"/><SP WIDTH="26" VPOS="996" HPOS="2022"/><String ID="p449_w384" CONTENT="is" HPOS="2048" VPOS="996" WIDTH="28" HEIGHT="75" STYLEREFS="font0"/><SP WIDTH="30" VPOS="996" HPOS="2076"/><String ID="p449_w385" CONTENT="called" HPOS="2106" VPOS="996" WIDTH="103" HEIGHT="75" STYLEREFS="font0"/><SP WIDTH="25" VPOS="996" HPOS="2209"/><String ID="p449_w386" CONTENT="an" HPOS="2234" VPOS="996" WIDTH="41" HEIGHT="75" STYLEREFS="font0"/></TextLine><TextLine WIDTH="1039" HEIGHT="75" ID="p449_t61" HPOS="1242" VPOS="1042"><String ID="p449_w387" CONTENT="aliquot" HPOS="1242" VPOS="1042" WIDTH="125" HEIGHT="75" STYLEREFS="font0"/><SP WIDTH="10" VPOS="1042" HPOS="1367"/><String ID="p449_w388" CONTENT="part" HPOS="1377" VPOS="1042" WIDTH="80" HEIGHT="75" STYLEREFS="font0"/><SP WIDTH="17" VPOS="1042" HPOS="1457"/><String ID="p449_w389" CONTENT="of" HPOS="1474" VPOS="1042" WIDTH="41" HEIGHT="75" STYLEREFS="font0"/><SP WIDTH="10" VPOS="1042" HPOS="1515"/><String ID="p449_w390" CONTENT="that" HPOS="1525" VPOS="1042" WIDTH="70" HEIGHT="75" STYLEREFS="font0"/><SP WIDTH="12" VPOS="1042" HPOS="1595"/><String ID="p449_w391" CONTENT="other." HPOS="1607" VPOS="1042" WIDTH="107" HEIGHT="75" STYLEREFS="font0"/><SP WIDTH="41" VPOS="1042" HPOS="1714"/><String ID="p449_w392" CONTENT="Thus" HPOS="1755" VPOS="1042" WIDTH="98" HEIGHT="75" STYLEREFS="font0"/><SP WIDTH="18" VPOS="1042" HPOS="1853"/><String ID="p449_w393" CONTENT="6-is" HPOS="1871" VPOS="1042" WIDTH="65" HEIGHT="75" STYLEREFS="font0"/><SP WIDTH="17" VPOS="1042" HPOS="1936"/><String ID="p449_w394" CONTENT="an" HPOS="1953" VPOS="1042" WIDTH="39" HEIGHT="75" STYLEREFS="font0"/><SP WIDTH="17" VPOS="1042" HPOS="1992"/><String ID="p449_w395" CONTENT="aliquot" HPOS="2009" VPOS="1042" WIDTH="126" HEIGHT="75" STYLEREFS="font0"/><SP WIDTH="15" VPOS="1042" HPOS="2135"/><String ID="p449_w396" CONTENT="part" HPOS="2150" VPOS="1042" WIDTH="73" HEIGHT="75" STYLEREFS="font0"/><SP WIDTH="16" VPOS="1042" HPOS="2223"/><String ID="p449_w397" CONTENT="of" HPOS="2239" VPOS="1042" WIDTH="42" HEIGHT="75" STYLEREFS="font0"/></TextLine><TextLine WIDTH="571" HEIGHT="75" ID="p449_t62" HPOS="1247" VPOS="1090"><String ID="p449_w398" CONTENT="18," HPOS="1247" VPOS="1090" WIDTH="53" HEIGHT="75" STYLEREFS="font0"/><SP WIDTH="26" VPOS="1090" HPOS="1300"/><String ID="p449_w399" CONTENT="and" HPOS="1326" VPOS="1090" WIDTH="62" HEIGHT="75" STYLEREFS="font0"/><SP WIDTH="19" VPOS="1090" HPOS="1388"/><String ID="p449_w400" CONTENT="3" HPOS="1407" VPOS="1090" WIDTH="17" HEIGHT="75" STYLEREFS="font0"/><SP WIDTH="20" VPOS="1090" HPOS="1424"/><String ID="p449_w401" CONTENT="of" HPOS="1444" VPOS="1090" WIDTH="41" HEIGHT="75" STYLEREFS="font0"/><SP WIDTH="16" VPOS="1090" HPOS="1485"/><String ID="p449_w402" CONTENT="12," HPOS="1501" VPOS="1090" WIDTH="53" HEIGHT="75" STYLEREFS="font0"/><SP WIDTH="25" VPOS="1090" HPOS="1554"/><String ID="p449_w403" CONTENT="and" HPOS="1579" VPOS="1090" WIDTH="64" HEIGHT="75" STYLEREFS="font0"/><SP WIDTH="19" VPOS="1090" HPOS="1643"/><String ID="p449_w404" CONTENT="5" HPOS="1662" VPOS="1090" WIDTH="17" HEIGHT="75" STYLEREFS="font0"/><SP WIDTH="23" VPOS="1090" HPOS="1679"/><String ID="p449_w405" CONTENT="of" HPOS="1702" VPOS="1090" WIDTH="41" HEIGHT="75" STYLEREFS="font0"/><SP WIDTH="16" VPOS="1090" HPOS="1743"/><String ID="p449_w406" CONTENT="20." HPOS="1759" VPOS="1090" WIDTH="59" HEIGHT="75" STYLEREFS="font0"/></TextLine><TextLine WIDTH="983" HEIGHT="75" ID="p449_t63" HPOS="1292" VPOS="1137"><String ID="p449_w407" CONTENT="12." HPOS="1292" VPOS="1137" WIDTH="56" HEIGHT="75" STYLEREFS="font0"/><SP WIDTH="22" VPOS="1137" HPOS="1348"/><String ID="p449_w408" CONTENT="The" HPOS="1370" VPOS="1137" WIDTH="77" HEIGHT="75" STYLEREFS="font0"/><SP WIDTH="15" VPOS="1137" HPOS="1447"/><String ID="p449_w409" CONTENT="number" HPOS="1462" VPOS="1137" WIDTH="135" HEIGHT="75" STYLEREFS="font0"/><SP WIDTH="14" VPOS="1137" HPOS="1597"/><String ID="p449_w410" CONTENT="meafured," HPOS="1611" VPOS="1137" WIDTH="176" HEIGHT="75" STYLEREFS="font0"/><SP WIDTH="16" VPOS="1137" HPOS="1787"/><String ID="p449_w411" CONTENT="or" HPOS="1803" VPOS="1137" WIDTH="39" HEIGHT="75" STYLEREFS="font0"/><SP WIDTH="15" VPOS="1137" HPOS="1842"/><String ID="p449_w412" CONTENT="which.contains" HPOS="1857" VPOS="1137" WIDTH="271" HEIGHT="75" STYLEREFS="font0"/><SP WIDTH="14" VPOS="1137" HPOS="2128"/><String ID="p449_w413" CONTENT="the" HPOS="2142" VPOS="1137" WIDTH="57" HEIGHT="75" STYLEREFS="font0"/><SP WIDTH="17" VPOS="1137" HPOS="2199"/><String ID="p449_w414" CONTENT="ali-" HPOS="2216" VPOS="1137" WIDTH="59" HEIGHT="75" STYLEREFS="font0"/></TextLine><TextLine WIDTH="1036" HEIGHT="75" ID="p449_t64" HPOS="1241" VPOS="1181"><String ID="p449_w415" CONTENT="quot" HPOS="1241" VPOS="1181" WIDTH="88" HEIGHT="75" STYLEREFS="font0"/><SP WIDTH="8" VPOS="1181" HPOS="1329"/><String ID="p449_w416" CONTENT="part" HPOS="1337" VPOS="1181" WIDTH="72" HEIGHT="75" STYLEREFS="font0"/><SP WIDTH="17" VPOS="1181" HPOS="1409"/><String ID="p449_w417" CONTENT="a" HPOS="1426" VPOS="1181" WIDTH="18" HEIGHT="75" STYLEREFS="font0"/><SP WIDTH="16" VPOS="1181" HPOS="1444"/><String ID="p449_w418" CONTENT="certain" HPOS="1460" VPOS="1181" WIDTH="120" HEIGHT="75" STYLEREFS="font0"/><SP WIDTH="16" VPOS="1181" HPOS="1580"/><String ID="p449_w419" CONTENT="number" HPOS="1596" VPOS="1181" WIDTH="133" HEIGHT="75" STYLEREFS="font0"/><SP WIDTH="16" VPOS="1181" HPOS="1729"/><String ID="p449_w420" CONTENT="of" HPOS="1745" VPOS="1181" WIDTH="41" HEIGHT="75" STYLEREFS="font0"/><SP WIDTH="10" VPOS="1181" HPOS="1786"/><String ID="p449_w421" CONTENT="times," HPOS="1796" VPOS="1181" WIDTH="105" HEIGHT="75" STYLEREFS="font0"/><SP WIDTH="26" VPOS="1181" HPOS="1901"/><String ID="p449_w422" CONTENT="is" HPOS="1927" VPOS="1181" WIDTH="27" HEIGHT="75" STYLEREFS="font0"/><SP WIDTH="17" VPOS="1181" HPOS="1954"/><String ID="p449_w423" CONTENT="called" HPOS="1971" VPOS="1181" WIDTH="103" HEIGHT="75" STYLEREFS="font0"/><SP WIDTH="18" VPOS="1181" HPOS="2074"/><String ID="p449_w424" CONTENT="a" HPOS="2092" VPOS="1181" WIDTH="18" HEIGHT="75" STYLEREFS="font0"/><SP WIDTH="17" VPOS="1181" HPOS="2110"/><String ID="p449_w425" CONTENT="multiple" HPOS="2127" VPOS="1181" WIDTH="150" HEIGHT="75" STYLEREFS="font0"/></TextLine><TextLine WIDTH="1035" HEIGHT="75" ID="p449_t65" HPOS="1241" VPOS="1227"><String ID="p449_w426" CONTENT="of" HPOS="1241" VPOS="1227" WIDTH="40" HEIGHT="75" STYLEREFS="font0"/><SP WIDTH="17" VPOS="1227" HPOS="1281"/><String ID="p449_w427" CONTENT="that" HPOS="1298" VPOS="1227" WIDTH="72" HEIGHT="75" STYLEREFS="font0"/><SP WIDTH="16" VPOS="1227" HPOS="1370"/><String ID="p449_w428" CONTENT="aliquot" HPOS="1386" VPOS="1227" WIDTH="125" HEIGHT="75" STYLEREFS="font0"/><SP WIDTH="16" VPOS="1227" HPOS="1511"/><String ID="p449_w429" CONTENT="part." HPOS="1527" VPOS="1227" WIDTH="95" HEIGHT="75" STYLEREFS="font0"/><SP WIDTH="48" VPOS="1227" HPOS="1622"/><String ID="p449_w430" CONTENT="Thus" HPOS="1670" VPOS="1227" WIDTH="98" HEIGHT="75" STYLEREFS="font0"/><SP WIDTH="20" VPOS="1227" HPOS="1768"/><String ID="p449_w431" CONTENT="18" HPOS="1788" VPOS="1227" WIDTH="40" HEIGHT="75" STYLEREFS="font0"/><SP WIDTH="18" VPOS="1227" HPOS="1828"/><String ID="p449_w432" CONTENT="is" HPOS="1846" VPOS="1227" WIDTH="27" HEIGHT="75" STYLEREFS="font0"/><SP WIDTH="17" VPOS="1227" HPOS="1873"/><String ID="p449_w433" CONTENT="a" HPOS="1890" VPOS="1227" WIDTH="19" HEIGHT="75" STYLEREFS="font0"/><SP WIDTH="15" VPOS="1227" HPOS="1909"/><String ID="p449_w434" CONTENT="multiple" HPOS="1924" VPOS="1227" WIDTH="146" HEIGHT="75" STYLEREFS="font0"/><SP WIDTH="22" VPOS="1227" HPOS="2070"/><String ID="p449_w435" CONTENT="of" HPOS="2092" VPOS="1227" WIDTH="41" HEIGHT="75" STYLEREFS="font0"/><SP WIDTH="19" VPOS="1227" HPOS="2133"/><String ID="p449_w436" CONTENT="6," HPOS="2152" VPOS="1227" WIDTH="35" HEIGHT="75" STYLEREFS="font0"/><SP WIDTH="26" VPOS="1227" HPOS="2187"/><String ID="p449_w437" CONTENT="and" HPOS="2213" VPOS="1227" WIDTH="63" HEIGHT="75" STYLEREFS="font0"/></TextLine><TextLine WIDTH="144" HEIGHT="75" ID="p449_t66" HPOS="1248" VPOS="1274"><String ID="p449_w438" CONTENT="12" HPOS="1248" VPOS="1274" WIDTH="38" HEIGHT="75" STYLEREFS="font0"/><SP WIDTH="18" VPOS="1274" HPOS="1286"/><String ID="p449_w439" CONTENT="of" HPOS="1304" VPOS="1274" WIDTH="42" HEIGHT="75" STYLEREFS="font0"/><SP WIDTH="12" VPOS="1274" HPOS="1346"/><String ID="p449_w440" CONTENT="3." HPOS="1358" VPOS="1274" WIDTH="34" HEIGHT="75" STYLEREFS="font0"/></TextLine><TextLine WIDTH="981" HEIGHT="75" ID="p449_t67" HPOS="1292" VPOS="1320"><String ID="p449_w441" CONTENT="13." HPOS="1292" VPOS="1320" WIDTH="55" HEIGHT="75" STYLEREFS="font0"/><SP WIDTH="24" VPOS="1320" HPOS="1347"/><String ID="p449_w442" CONTENT="A" HPOS="1371" VPOS="1320" WIDTH="38" HEIGHT="75" STYLEREFS="font0"/><SP WIDTH="16" VPOS="1320" HPOS="1409"/><String ID="p449_w443" CONTENT="number" HPOS="1425" VPOS="1320" WIDTH="133" HEIGHT="75" STYLEREFS="font0"/><SP WIDTH="16" VPOS="1320" HPOS="1558"/><String ID="p449_w444" CONTENT="is" HPOS="1574" VPOS="1320" WIDTH="27" HEIGHT="75" STYLEREFS="font0"/><SP WIDTH="19" VPOS="1320" HPOS="1601"/><String ID="p449_w445" CONTENT="called" HPOS="1620" VPOS="1320" WIDTH="103" HEIGHT="75" STYLEREFS="font0"/><SP WIDTH="18" VPOS="1320" HPOS="1723"/><String ID="p449_w446" CONTENT="an" HPOS="1741" VPOS="1320" WIDTH="37" HEIGHT="75" STYLEREFS="font0"/><SP WIDTH="23" VPOS="1320" HPOS="1778"/><String ID="p449_w447" CONTENT="aliquant" HPOS="1801" VPOS="1320" WIDTH="153" HEIGHT="75" STYLEREFS="font0"/><SP WIDTH="13" VPOS="1320" HPOS="1954"/><String ID="p449_w448" CONTENT="part" HPOS="1967" VPOS="1320" WIDTH="82" HEIGHT="75" STYLEREFS="font0"/><SP WIDTH="17" VPOS="1320" HPOS="2049"/><String ID="p449_w449" CONTENT="of" HPOS="2066" VPOS="1320" WIDTH="41" HEIGHT="75" STYLEREFS="font0"/><SP WIDTH="18" VPOS="1320" HPOS="2107"/><String ID="p449_w450" CONTENT="another," HPOS="2125" VPOS="1320" WIDTH="148" HEIGHT="75" STYLEREFS="font0"/></TextLine><TextLine WIDTH="1033" HEIGHT="75" ID="p449_t68" HPOS="1241" VPOS="1367"><String ID="p449_w451" CONTENT="when" HPOS="1241" VPOS="1367" WIDTH="94" HEIGHT="75" STYLEREFS="font0"/><SP WIDTH="22" VPOS="1367" HPOS="1335"/><String ID="p449_w452" CONTENT="it" HPOS="1357" VPOS="1367" WIDTH="26" HEIGHT="75" STYLEREFS="font0"/><SP WIDTH="17" VPOS="1367" HPOS="1383"/><String ID="p449_w453" CONTENT="does" HPOS="1400" VPOS="1367" WIDTH="78" HEIGHT="75" STYLEREFS="font0"/><SP WIDTH="16" VPOS="1367" HPOS="1478"/><String ID="p449_w454" CONTENT="not" HPOS="1494" VPOS="1367" WIDTH="58" HEIGHT="75" STYLEREFS="font0"/><SP WIDTH="22" VPOS="1367" HPOS="1552"/><String ID="p449_w455" CONTENT="divide" HPOS="1574" VPOS="1367" WIDTH="109" HEIGHT="75" STYLEREFS="font0"/><SP WIDTH="15" VPOS="1367" HPOS="1683"/><String ID="p449_w456" CONTENT="that" HPOS="1698" VPOS="1367" WIDTH="70" HEIGHT="75" STYLEREFS="font0"/><SP WIDTH="16" VPOS="1367" HPOS="1768"/><String ID="p449_w457" CONTENT="other" HPOS="1784" VPOS="1367" WIDTH="94" HEIGHT="75" STYLEREFS="font0"/><SP WIDTH="16" VPOS="1367" HPOS="1878"/><String ID="p449_w458" CONTENT="without" HPOS="1894" VPOS="1367" WIDTH="139" HEIGHT="75" STYLEREFS="font0"/><SP WIDTH="16" VPOS="1367" HPOS="2033"/><String ID="p449_w459" CONTENT="a-" HPOS="2049" VPOS="1367" WIDTH="22" HEIGHT="75" STYLEREFS="font0"/><SP WIDTH="11" VPOS="1367" HPOS="2071"/><String ID="p449_w460" CONTENT="remainder." HPOS="2082" VPOS="1367" WIDTH="192" HEIGHT="75" STYLEREFS="font0"/></TextLine><TextLine WIDTH="616" HEIGHT="75" ID="p449_t69" HPOS="1240" VPOS="1414"><String ID="p449_w461" CONTENT="Thus" HPOS="1240" VPOS="1414" WIDTH="96" HEIGHT="75" STYLEREFS="font0"/><SP WIDTH="21" VPOS="1414" HPOS="1336"/><String ID="p449_w462" CONTENT="7" HPOS="1357" VPOS="1414" WIDTH="17" HEIGHT="75" STYLEREFS="font0"/><SP WIDTH="20" VPOS="1414" HPOS="1374"/><String ID="p449_w463" CONTENT="is" HPOS="1394" VPOS="1414" WIDTH="27" HEIGHT="75" STYLEREFS="font0"/><SP WIDTH="17" VPOS="1414" HPOS="1421"/><String ID="p449_w464" CONTENT="an" HPOS="1438" VPOS="1414" WIDTH="39" HEIGHT="75" STYLEREFS="font0"/><SP WIDTH="17" VPOS="1414" HPOS="1477"/><String ID="p449_w465" CONTENT="aliquant" HPOS="1494" VPOS="1414" WIDTH="142" HEIGHT="75" STYLEREFS="font0"/><SP WIDTH="17" VPOS="1414" HPOS="1636"/><String ID="p449_w466" CONTENT="part" HPOS="1653" VPOS="1414" WIDTH="73" HEIGHT="75" STYLEREFS="font0"/><SP WIDTH="20" VPOS="1414" HPOS="1726"/><String ID="p449_w467" CONTENT="of" HPOS="1746" VPOS="1414" WIDTH="41" HEIGHT="75" STYLEREFS="font0"/><SP WIDTH="11" VPOS="1414" HPOS="1787"/><String ID="p449_w468" CONTENT="24." HPOS="1798" VPOS="1414" WIDTH="58" HEIGHT="75" STYLEREFS="font0"/></TextLine><TextLine WIDTH="997" HEIGHT="75" ID="p449_t70" HPOS="1293" VPOS="1461"><String ID="p449_w469" CONTENT="14." HPOS="1293" VPOS="1461" WIDTH="55" HEIGHT="75" STYLEREFS="font0"/><SP WIDTH="25" VPOS="1461" HPOS="1348"/><String ID="p449_w470" CONTENT="Two," HPOS="1373" VPOS="1461" WIDTH="98" HEIGHT="75" STYLEREFS="font0"/><SP WIDTH="26" VPOS="1461" HPOS="1471"/><String ID="p449_w471" CONTENT="three," HPOS="1497" VPOS="1461" WIDTH="104" HEIGHT="75" STYLEREFS="font0"/><SP WIDTH="20" VPOS="1461" HPOS="1601"/><String ID="p449_w472" CONTENT="or" HPOS="1621" VPOS="1461" WIDTH="38" HEIGHT="75" STYLEREFS="font0"/><SP WIDTH="16" VPOS="1461" HPOS="1659"/><String ID="p449_w473" CONTENT="more" HPOS="1675" VPOS="1461" WIDTH="88" HEIGHT="75" STYLEREFS="font0"/><SP WIDTH="16" VPOS="1461" HPOS="1763"/><String ID="p449_w474" CONTENT="numbers," HPOS="1779" VPOS="1461" WIDTH="163" HEIGHT="75" STYLEREFS="font0"/><SP WIDTH="16" VPOS="1461" HPOS="1942"/><String ID="p449_w475" CONTENT="which," HPOS="1958" VPOS="1461" WIDTH="119" HEIGHT="75" STYLEREFS="font0"/><SP WIDTH="18" VPOS="1461" HPOS="2077"/><String ID="p449_w476" CONTENT="multiplied;" HPOS="2095" VPOS="1461" WIDTH="195" HEIGHT="75" STYLEREFS="font0"/></TextLine><TextLine WIDTH="1034" HEIGHT="75" ID="p449_t71" HPOS="1240" VPOS="1506"><String ID="p449_w477" CONTENT="together," HPOS="1240" VPOS="1506" WIDTH="161" HEIGHT="75" STYLEREFS="font0"/><SP WIDTH="25" VPOS="1506" HPOS="1401"/><String ID="p449_w478" CONTENT="produce" HPOS="1426" VPOS="1506" WIDTH="141" HEIGHT="75" STYLEREFS="font0"/><SP WIDTH="24" VPOS="1506" HPOS="1567"/><String ID="p449_w479" CONTENT="another" HPOS="1591" VPOS="1506" WIDTH="135" HEIGHT="75" STYLEREFS="font0"/><SP WIDTH="20" VPOS="1506" HPOS="1726"/><String ID="p449_w480" CONTENT="number," HPOS="1746" VPOS="1506" WIDTH="145" HEIGHT="75" STYLEREFS="font0"/><SP WIDTH="26" VPOS="1506" HPOS="1891"/><String ID="p449_w481" CONTENT="are" HPOS="1917" VPOS="1506" WIDTH="55" HEIGHT="75" STYLEREFS="font0"/><SP WIDTH="23" VPOS="1506" HPOS="1972"/><String ID="p449_w482" CONTENT="called" HPOS="1995" VPOS="1506" WIDTH="104" HEIGHT="75" STYLEREFS="font0"/><SP WIDTH="20" VPOS="1506" HPOS="2099"/><String ID="p449_w483" CONTENT="the.com-" HPOS="2119" VPOS="1506" WIDTH="155" HEIGHT="75" STYLEREFS="font0"/></TextLine><TextLine WIDTH="1040" HEIGHT="75" ID="p449_t72" HPOS="1234" VPOS="1554"><String ID="p449_w484" CONTENT="ponent" HPOS="1234" VPOS="1554" WIDTH="122" HEIGHT="75" STYLEREFS="font0"/><SP WIDTH="10" VPOS="1554" HPOS="1356"/><String ID="p449_w485" CONTENT="parts" HPOS="1366" VPOS="1554" WIDTH="99" HEIGHT="75" STYLEREFS="font0"/><SP WIDTH="24" VPOS="1554" HPOS="1465"/><String ID="p449_w486" CONTENT="of" HPOS="1489" VPOS="1554" WIDTH="41" HEIGHT="75" STYLEREFS="font0"/><SP WIDTH="21" VPOS="1554" HPOS="1530"/><String ID="p449_w487" CONTENT="the" HPOS="1551" VPOS="1554" WIDTH="57" HEIGHT="75" STYLEREFS="font0"/><SP WIDTH="24" VPOS="1554" HPOS="1608"/><String ID="p449_w488" CONTENT="number" HPOS="1632" VPOS="1554" WIDTH="135" HEIGHT="75" STYLEREFS="font0"/><SP WIDTH="14" VPOS="1554" HPOS="1767"/><String ID="p449_w489" CONTENT="produced." HPOS="1781" VPOS="1554" WIDTH="176" HEIGHT="75" STYLEREFS="font0"/><SP WIDTH="48" VPOS="1554" HPOS="1957"/><String ID="p449_w490" CONTENT="Thus" HPOS="2005" VPOS="1554" WIDTH="97" HEIGHT="75" STYLEREFS="font0"/><SP WIDTH="20" VPOS="1554" HPOS="2102"/><String ID="p449_w491" CONTENT="3" HPOS="2122" VPOS="1554" WIDTH="17" HEIGHT="75" STYLEREFS="font0"/><SP WIDTH="20" VPOS="1554" HPOS="2139"/><String ID="p449_w492" CONTENT="and" HPOS="2159" VPOS="1554" WIDTH="62" HEIGHT="75" STYLEREFS="font0"/><SP WIDTH="16" VPOS="1554" HPOS="2221"/><String ID="p449_w493" CONTENT="4," HPOS="2237" VPOS="1554" WIDTH="37" HEIGHT="75" STYLEREFS="font0"/></TextLine><TextLine WIDTH="1031" HEIGHT="75" ID="p449_t73" HPOS="1242" VPOS="1602"><String ID="p449_w494" CONTENT="2" HPOS="1242" VPOS="1602" WIDTH="19" HEIGHT="75" STYLEREFS="font0"/><SP WIDTH="18" VPOS="1602" HPOS="1261"/><String ID="p449_w495" CONTENT="and" HPOS="1279" VPOS="1602" WIDTH="63" HEIGHT="75" STYLEREFS="font0"/><SP WIDTH="20" VPOS="1602" HPOS="1342"/><String ID="p449_w496" CONTENT="6," HPOS="1362" VPOS="1602" WIDTH="35" HEIGHT="75" STYLEREFS="font0"/><SP WIDTH="24" VPOS="1602" HPOS="1397"/><String ID="p449_w497" CONTENT="are" HPOS="1421" VPOS="1602" WIDTH="54" HEIGHT="75" STYLEREFS="font0"/><SP WIDTH="16" VPOS="1602" HPOS="1475"/><String ID="p449_w498" CONTENT="the" HPOS="1491" VPOS="1602" WIDTH="56" HEIGHT="75" STYLEREFS="font0"/><SP WIDTH="17" VPOS="1602" HPOS="1547"/><String ID="p449_w499" CONTENT="component" HPOS="1564" VPOS="1602" WIDTH="190" HEIGHT="75" STYLEREFS="font0"/><SP WIDTH="16" VPOS="1602" HPOS="1754"/><String ID="p449_w500" CONTENT="parts" HPOS="1770" VPOS="1602" WIDTH="87" HEIGHT="75" STYLEREFS="font0"/><SP WIDTH="17" VPOS="1602" HPOS="1857"/><String ID="p449_w501" CONTENT="of" HPOS="1874" VPOS="1602" WIDTH="39" HEIGHT="75" STYLEREFS="font0"/><SP WIDTH="16" VPOS="1602" HPOS="1913"/><String ID="p449_w502" CONTENT="12;" HPOS="1929" VPOS="1602" WIDTH="63" HEIGHT="75" STYLEREFS="font0"/><SP WIDTH="28" VPOS="1602" HPOS="1992"/><String ID="p449_w503" CONTENT="and" HPOS="2020" VPOS="1602" WIDTH="64" HEIGHT="75" STYLEREFS="font0"/><SP WIDTH="16" VPOS="1602" HPOS="2084"/><String ID="p449_w504" CONTENT="2," HPOS="2100" VPOS="1602" WIDTH="35" HEIGHT="75" STYLEREFS="font0"/><SP WIDTH="22" VPOS="1602" HPOS="2135"/><String ID="p449_w505" CONTENT="3," HPOS="2157" VPOS="1602" WIDTH="34" HEIGHT="75" STYLEREFS="font0"/><SP WIDTH="18" VPOS="1602" HPOS="2191"/><String ID="p449_w506" CONTENT="and" HPOS="2209" VPOS="1602" WIDTH="64" HEIGHT="75" STYLEREFS="font0"/></TextLine><TextLine WIDTH="608" HEIGHT="75" ID="p449_t74" HPOS="1241" VPOS="1646"><String ID="p449_w507" CONTENT="4," HPOS="1241" VPOS="1646" WIDTH="34" HEIGHT="75" STYLEREFS="font0"/><SP WIDTH="26" VPOS="1646" HPOS="1275"/><String ID="p449_w508" CONTENT="are" HPOS="1301" VPOS="1646" WIDTH="53" HEIGHT="75" STYLEREFS="font0"/><SP WIDTH="12" VPOS="1646" HPOS="1354"/><String ID="p449_w509" CONTENT="the" HPOS="1366" VPOS="1646" WIDTH="56" HEIGHT="75" STYLEREFS="font0"/><SP WIDTH="12" VPOS="1646" HPOS="1422"/><String ID="p449_w510" CONTENT="component" HPOS="1434" VPOS="1646" WIDTH="192" HEIGHT="75" STYLEREFS="font0"/><SP WIDTH="11" VPOS="1646" HPOS="1626"/><String ID="p449_w511" CONTENT="parts" HPOS="1637" VPOS="1646" WIDTH="88" HEIGHT="75" STYLEREFS="font0"/><SP WIDTH="13" VPOS="1646" HPOS="1725"/><String ID="p449_w512" CONTENT="of" HPOS="1738" VPOS="1646" WIDTH="39" HEIGHT="75" STYLEREFS="font0"/><SP WIDTH="13" VPOS="1646" HPOS="1777"/><String ID="p449_w513" CONTENT="24." HPOS="1790" VPOS="1646" WIDTH="59" HEIGHT="75" STYLEREFS="font0"/></TextLine><TextLine WIDTH="980" HEIGHT="75" ID="p449_t75" HPOS="1293" VPOS="1693"><String ID="p449_w514" CONTENT="I" HPOS="1293" VPOS="1693" WIDTH="12" HEIGHT="75" STYLEREFS="font0"/><SP WIDTH="9" VPOS="1693" HPOS="1305"/><String ID="p449_w515" CONTENT="j." HPOS="1314" VPOS="1693" WIDTH="32" HEIGHT="75" STYLEREFS="font0"/><SP WIDTH="24" VPOS="1693" HPOS="1346"/><String ID="p449_w516" CONTENT="The" HPOS="1370" VPOS="1693" WIDTH="79" HEIGHT="75" STYLEREFS="font0"/><SP WIDTH="14" VPOS="1693" HPOS="1449"/><String ID="p449_w517" CONTENT="product" HPOS="1463" VPOS="1693" WIDTH="134" HEIGHT="75" STYLEREFS="font0"/><SP WIDTH="17" VPOS="1693" HPOS="1597"/><String ID="p449_w518" CONTENT="of" HPOS="1614" VPOS="1693" WIDTH="40" HEIGHT="75" STYLEREFS="font0"/><SP WIDTH="11" VPOS="1693" HPOS="1654"/><String ID="p449_w519" CONTENT="a" HPOS="1665" VPOS="1693" WIDTH="19" HEIGHT="75" STYLEREFS="font0"/><SP WIDTH="15" VPOS="1693" HPOS="1684"/><String ID="p449_w520" CONTENT="number" HPOS="1699" VPOS="1693" WIDTH="133" HEIGHT="75" STYLEREFS="font0"/><SP WIDTH="23" VPOS="1693" HPOS="1832"/><String ID="p449_w521" CONTENT="multiplied" HPOS="1855" VPOS="1693" WIDTH="180" HEIGHT="75" STYLEREFS="font0"/><SP WIDTH="16" VPOS="1693" HPOS="2035"/><String ID="p449_w522" CONTENT="into" HPOS="2051" VPOS="1693" WIDTH="69" HEIGHT="75" STYLEREFS="font0"/><SP WIDTH="23" VPOS="1693" HPOS="2120"/><String ID="p449_w523" CONTENT="itfelf" HPOS="2143" VPOS="1693" WIDTH="92" HEIGHT="75" STYLEREFS="font0"/><SP WIDTH="10" VPOS="1693" HPOS="2235"/><String ID="p449_w524" CONTENT="is" HPOS="2245" VPOS="1693" WIDTH="28" HEIGHT="75" STYLEREFS="font0"/></TextLine><TextLine WIDTH="1035" HEIGHT="75" ID="p449_t76" HPOS="1239" VPOS="1740"><String ID="p449_w525" CONTENT="called" HPOS="1239" VPOS="1740" WIDTH="103" HEIGHT="75" STYLEREFS="font0"/><SP WIDTH="12" VPOS="1740" HPOS="1342"/><String ID="p449_w526" CONTENT="the" HPOS="1354" VPOS="1740" WIDTH="56" HEIGHT="75" STYLEREFS="font0"/><SP WIDTH="2" VPOS="1740" HPOS="1410"/><String ID="p449_w527" CONTENT="fquare," HPOS="1412" VPOS="1740" WIDTH="137" HEIGHT="75" STYLEREFS="font0"/><SP WIDTH="25" VPOS="1740" HPOS="1549"/><String ID="p449_w528" CONTENT="or" HPOS="1574" VPOS="1740" WIDTH="40" HEIGHT="75" STYLEREFS="font0"/><SP WIDTH="4" VPOS="1740" HPOS="1614"/><String ID="p449_w529" CONTENT="fecondpower," HPOS="1618" VPOS="1740" WIDTH="255" HEIGHT="75" STYLEREFS="font0"/><SP WIDTH="18" VPOS="1740" HPOS="1873"/><String ID="p449_w530" CONTENT="of" HPOS="1891" VPOS="1740" WIDTH="37" HEIGHT="75" STYLEREFS="font0"/><SP WIDTH="14" VPOS="1740" HPOS="1928"/><String ID="p449_w531" CONTENT="that" HPOS="1942" VPOS="1740" WIDTH="72" HEIGHT="75" STYLEREFS="font0"/><SP WIDTH="12" VPOS="1740" HPOS="2014"/><String ID="p449_w532" CONTENT="number;" HPOS="2026" VPOS="1740" WIDTH="156" HEIGHT="75" STYLEREFS="font0"/><SP WIDTH="27" VPOS="1740" HPOS="2182"/><String ID="p449_w533" CONTENT="and" HPOS="2209" VPOS="1740" WIDTH="65" HEIGHT="75" STYLEREFS="font0"/></TextLine><TextLine WIDTH="1041" HEIGHT="75" ID="p449_t77" HPOS="1239" VPOS="1786"><String ID="p449_w534" CONTENT="the" HPOS="1239" VPOS="1786" WIDTH="55" HEIGHT="75" STYLEREFS="font0"/><SP WIDTH="16" VPOS="1786" HPOS="1294"/><String ID="p449_w535" CONTENT="number" HPOS="1310" VPOS="1786" WIDTH="139" HEIGHT="75" STYLEREFS="font0"/><SP WIDTH="11" VPOS="1786" HPOS="1449"/><String ID="p449_w536" CONTENT="itfelf" HPOS="1460" VPOS="1786" WIDTH="90" HEIGHT="75" STYLEREFS="font0"/><SP WIDTH="10" VPOS="1786" HPOS="1550"/><String ID="p449_w537" CONTENT="is" HPOS="1560" VPOS="1786" WIDTH="29" HEIGHT="75" STYLEREFS="font0"/><SP WIDTH="14" VPOS="1786" HPOS="1589"/><String ID="p449_w538" CONTENT="in" HPOS="1603" VPOS="1786" WIDTH="33" HEIGHT="75" STYLEREFS="font0"/><SP WIDTH="20" VPOS="1786" HPOS="1636"/><String ID="p449_w539" CONTENT="this" HPOS="1656" VPOS="1786" WIDTH="66" HEIGHT="75" STYLEREFS="font0"/><SP WIDTH="16" VPOS="1786" HPOS="1722"/><String ID="p449_w540" CONTENT="cafe" HPOS="1738" VPOS="1786" WIDTH="69" HEIGHT="75" STYLEREFS="font0"/><SP WIDTH="16" VPOS="1786" HPOS="1807"/><String ID="p449_w541" CONTENT="called" HPOS="1823" VPOS="1786" WIDTH="103" HEIGHT="75" STYLEREFS="font0"/><SP WIDTH="16" VPOS="1786" HPOS="1926"/><String ID="p449_w542" CONTENT="the" HPOS="1942" VPOS="1786" WIDTH="56" HEIGHT="75" STYLEREFS="font0"/><SP WIDTH="21" VPOS="1786" HPOS="1998"/><String ID="p449_w543" CONTENT="root." HPOS="2019" VPOS="1786" WIDTH="81" HEIGHT="75" STYLEREFS="font0"/><SP WIDTH="49" VPOS="1786" HPOS="2100"/><String ID="p449_w544" CONTENT="And" HPOS="2149" VPOS="1786" WIDTH="79" HEIGHT="75" STYLEREFS="font0"/><SP WIDTH="17" VPOS="1786" HPOS="2228"/><String ID="p449_w545" CONTENT="if" HPOS="2245" VPOS="1786" WIDTH="35" HEIGHT="75" STYLEREFS="font0"/></TextLine><TextLine WIDTH="1033" HEIGHT="75" ID="p449_t78" HPOS="1239" VPOS="1834"><String ID="p449_w546" CONTENT="the" HPOS="1239" VPOS="1834" WIDTH="55" HEIGHT="75" STYLEREFS="font0"/><SP WIDTH="23" VPOS="1834" HPOS="1294"/><String ID="p449_w547" CONTENT="fquare" HPOS="1317" VPOS="1834" WIDTH="115" HEIGHT="75" STYLEREFS="font0"/><SP WIDTH="27" VPOS="1834" HPOS="1432"/><String ID="p449_w548" CONTENT="be" HPOS="1459" VPOS="1834" WIDTH="39" HEIGHT="75" STYLEREFS="font0"/><SP WIDTH="25" VPOS="1834" HPOS="1498"/><String ID="p449_w549" CONTENT="multipled" HPOS="1523" VPOS="1834" WIDTH="170" HEIGHT="75" STYLEREFS="font0"/><SP WIDTH="25" VPOS="1834" HPOS="1693"/><String ID="p449_w550" CONTENT="into" HPOS="1718" VPOS="1834" WIDTH="71" HEIGHT="75" STYLEREFS="font0"/><SP WIDTH="19" VPOS="1834" HPOS="1789"/><String ID="p449_w551" CONTENT="the" HPOS="1808" VPOS="1834" WIDTH="57" HEIGHT="75" STYLEREFS="font0"/><SP WIDTH="27" VPOS="1834" HPOS="1865"/><String ID="p449_w552" CONTENT="root," HPOS="1892" VPOS="1834" WIDTH="88" HEIGHT="75" STYLEREFS="font0"/><SP WIDTH="24" VPOS="1834" HPOS="1980"/><String ID="p449_w553" CONTENT="the" HPOS="2004" VPOS="1834" WIDTH="56" HEIGHT="75" STYLEREFS="font0"/><SP WIDTH="27" VPOS="1834" HPOS="2060"/><String ID="p449_w554" CONTENT="product" HPOS="2087" VPOS="1834" WIDTH="136" HEIGHT="75" STYLEREFS="font0"/><SP WIDTH="21" VPOS="1834" HPOS="2223"/><String ID="p449_w555" CONTENT="is" HPOS="2244" VPOS="1834" WIDTH="28" HEIGHT="75" STYLEREFS="font0"/></TextLine><TextLine WIDTH="1043" HEIGHT="75" ID="p449_t79" HPOS="1238" VPOS="1880"><String ID="p449_w556" CONTENT="called" HPOS="1238" VPOS="1880" WIDTH="103" HEIGHT="75" STYLEREFS="font0"/><SP WIDTH="13" VPOS="1880" HPOS="1341"/><String ID="p449_w557" CONTENT="the" HPOS="1354" VPOS="1880" WIDTH="55" HEIGHT="75" STYLEREFS="font0"/><SP WIDTH="16" VPOS="1880" HPOS="1409"/><String ID="p449_w558" CONTENT="cube," HPOS="1425" VPOS="1880" WIDTH="87" HEIGHT="75" STYLEREFS="font0"/><SP WIDTH="19" VPOS="1880" HPOS="1512"/><String ID="p449_w559" CONTENT="or" HPOS="1531" VPOS="1880" WIDTH="36" HEIGHT="75" STYLEREFS="font0"/><SP WIDTH="16" VPOS="1880" HPOS="1567"/><String ID="p449_w560" CONTENT="third" HPOS="1583" VPOS="1880" WIDTH="93" HEIGHT="75" STYLEREFS="font0"/><SP WIDTH="8" VPOS="1880" HPOS="1676"/><String ID="p449_w561" CONTENT="power," HPOS="1684" VPOS="1880" WIDTH="125" HEIGHT="75" STYLEREFS="font0"/><SP WIDTH="17" VPOS="1880" HPOS="1809"/><String ID="p449_w562" CONTENT="of" HPOS="1826" VPOS="1880" WIDTH="41" HEIGHT="75" STYLEREFS="font0"/><SP WIDTH="12" VPOS="1880" HPOS="1867"/><String ID="p449_w563" CONTENT="that" HPOS="1879" VPOS="1880" WIDTH="71" HEIGHT="75" STYLEREFS="font0"/><SP WIDTH="15" VPOS="1880" HPOS="1950"/><String ID="p449_w564" CONTENT="number." HPOS="1965" VPOS="1880" WIDTH="146" HEIGHT="75" STYLEREFS="font0"/><SP WIDTH="41" VPOS="1880" HPOS="2111"/><String ID="p449_w565" CONTENT="And" HPOS="2152" VPOS="1880" WIDTH="77" HEIGHT="75" STYLEREFS="font0"/><SP WIDTH="17" VPOS="1880" HPOS="2229"/><String ID="p449_w566" CONTENT="if" HPOS="2246" VPOS="1880" WIDTH="35" HEIGHT="75" STYLEREFS="font0"/></TextLine><TextLine WIDTH="1038" HEIGHT="75" ID="p449_t80" HPOS="1238" VPOS="1926"><String ID="p449_w567" CONTENT="the" HPOS="1238" VPOS="1926" WIDTH="56" HEIGHT="75" STYLEREFS="font0"/><SP WIDTH="20" VPOS="1926" HPOS="1294"/><String ID="p449_w568" CONTENT="cube" HPOS="1314" VPOS="1926" WIDTH="80" HEIGHT="75" STYLEREFS="font0"/><SP WIDTH="16" VPOS="1926" HPOS="1394"/><String ID="p449_w569" CONTENT="be" HPOS="1410" VPOS="1926" WIDTH="40" HEIGHT="75" STYLEREFS="font0"/><SP WIDTH="21" VPOS="1926" HPOS="1450"/><String ID="p449_w570" CONTENT="multiplied" HPOS="1471" VPOS="1926" WIDTH="180" HEIGHT="75" STYLEREFS="font0"/><SP WIDTH="15" VPOS="1926" HPOS="1651"/><String ID="p449_w571" CONTENT="into" HPOS="1666" VPOS="1926" WIDTH="70" HEIGHT="75" STYLEREFS="font0"/><SP WIDTH="17" VPOS="1926" HPOS="1736"/><String ID="p449_w572" CONTENT="the" HPOS="1753" VPOS="1926" WIDTH="55" HEIGHT="75" STYLEREFS="font0"/><SP WIDTH="16" VPOS="1926" HPOS="1808"/><String ID="p449_w573" CONTENT="root," HPOS="1824" VPOS="1926" WIDTH="86" HEIGHT="75" STYLEREFS="font0"/><SP WIDTH="26" VPOS="1926" HPOS="1910"/><String ID="p449_w574" CONTENT="the" HPOS="1936" VPOS="1926" WIDTH="55" HEIGHT="75" STYLEREFS="font0"/><SP WIDTH="17" VPOS="1926" HPOS="1991"/><String ID="p449_w575" CONTENT="product" HPOS="2008" VPOS="1926" WIDTH="134" HEIGHT="75" STYLEREFS="font0"/><SP WIDTH="15" VPOS="1926" HPOS="2142"/><String ID="p449_w576" CONTENT="thence" HPOS="2157" VPOS="1926" WIDTH="119" HEIGHT="75" STYLEREFS="font0"/></TextLine><TextLine WIDTH="986" HEIGHT="75" ID="p449_t81" HPOS="1238" VPOS="1974"><String ID="p449_w577" CONTENT="arifing" HPOS="1238" VPOS="1974" WIDTH="111" HEIGHT="75" STYLEREFS="font0"/><SP WIDTH="19" VPOS="1974" HPOS="1349"/><String ID="p449_w578" CONTENT="is" HPOS="1368" VPOS="1974" WIDTH="28" HEIGHT="75" STYLEREFS="font0"/><SP WIDTH="17" VPOS="1974" HPOS="1396"/><String ID="p449_w579" CONTENT="called" HPOS="1413" VPOS="1974" WIDTH="105" HEIGHT="75" STYLEREFS="font0"/><SP WIDTH="15" VPOS="1974" HPOS="1518"/><String ID="p449_w580" CONTENT="the" HPOS="1533" VPOS="1974" WIDTH="55" HEIGHT="75" STYLEREFS="font0"/><SP WIDTH="17" VPOS="1974" HPOS="1588"/><String ID="p449_w581" CONTENT="biquadrate," HPOS="1605" VPOS="1974" WIDTH="205" HEIGHT="75" STYLEREFS="font0"/><SP WIDTH="26" VPOS="1974" HPOS="1810"/><String ID="p449_w582" CONTENT="ox" HPOS="1836" VPOS="1974" WIDTH="38" HEIGHT="75" STYLEREFS="font0"/><SP WIDTH="5" VPOS="1974" HPOS="1874"/><String ID="p449_w583" CONTENT="fourth" HPOS="1879" VPOS="1974" WIDTH="122" HEIGHT="75" STYLEREFS="font0"/><SP WIDTH="11" VPOS="1974" HPOS="2001"/><String ID="p449_w584" CONTENT="power." HPOS="2012" VPOS="1974" WIDTH="125" HEIGHT="75" STYLEREFS="font0"/><SP WIDTH="24" VPOS="1974" HPOS="2137"/><String ID="p449_w585" CONTENT="See." HPOS="2161" VPOS="1974" WIDTH="63" HEIGHT="75" STYLEREFS="font0"/></TextLine><TextLine WIDTH="656" HEIGHT="75" ID="p449_t82" HPOS="1429" VPOS="2126"><String ID="p449_w586" CONTENT="Chap." HPOS="1429" VPOS="2126" WIDTH="163" HEIGHT="75" STYLEREFS="font0"/><SP WIDTH="38" VPOS="2126" HPOS="1592"/><String ID="p449_w587" CONTENT="II." HPOS="1630" VPOS="2126" WIDTH="49" HEIGHT="75" STYLEREFS="font0"/><SP WIDTH="66" VPOS="2126" HPOS="1679"/><String ID="p449_w588" CONTENT="Addition," HPOS="1745" VPOS="2126" WIDTH="340" HEIGHT="75" STYLEREFS="font0"/></TextLine><TextLine WIDTH="955" HEIGHT="75" ID="p449_t83" HPOS="203" VPOS="2235"><String ID="p449_w589" CONTENT="HI." HPOS="203" VPOS="2235" WIDTH="68" HEIGHT="75" STYLEREFS="font0"/><SP WIDTH="26" VPOS="2235" HPOS="271"/><String ID="p449_w590" CONTENT="Defcriptions" HPOS="297" VPOS="2235" WIDTH="223" HEIGHT="75" STYLEREFS="font0"/><SP WIDTH="15" VPOS="2235" HPOS="520"/><String ID="p449_w591" CONTENT="of" HPOS="535" VPOS="2235" WIDTH="44" HEIGHT="75" STYLEREFS="font0"/><SP WIDTH="5" VPOS="2235" HPOS="579"/><String ID="p449_w592" CONTENT="the" HPOS="584" VPOS="2235" WIDTH="53" HEIGHT="75" STYLEREFS="font0"/><SP WIDTH="15" VPOS="2235" HPOS="637"/><String ID="p449_w593" CONTENT="kinds" HPOS="652" VPOS="2235" WIDTH="91" HEIGHT="75" STYLEREFS="font0"/><SP WIDTH="19" VPOS="2235" HPOS="743"/><String ID="p449_w594" CONTENT="or" HPOS="762" VPOS="2235" WIDTH="37" HEIGHT="75" STYLEREFS="font0"/><SP WIDTH="5" VPOS="2235" HPOS="799"/><String ID="p449_w595" CONTENT="fpecies" HPOS="804" VPOS="2235" WIDTH="124" HEIGHT="75" STYLEREFS="font0"/><SP WIDTH="17" VPOS="2235" HPOS="928"/><String ID="p449_w596" CONTENT="of" HPOS="945" VPOS="2235" WIDTH="43" HEIGHT="75" STYLEREFS="font0"/><SP WIDTH="7" VPOS="2235" HPOS="988"/><String ID="p449_w597" CONTENT="numbers" HPOS="995" VPOS="2235" WIDTH="149" HEIGHT="75" STYLEREFS="font0"/><SP WIDTH="4" VPOS="2235" HPOS="1144"/><String ID="p449_w598" CONTENT="i" HPOS="1148" VPOS="2235" WIDTH="10" HEIGHT="75" STYLEREFS="font0"/></TextLine><TextLine WIDTH="976" HEIGHT="75" ID="p449_t84" HPOS="217" VPOS="2311"><String ID="p449_w599" CONTENT="1." HPOS="217" VPOS="2311" WIDTH="30" HEIGHT="75" STYLEREFS="font0"/><SP WIDTH="24" VPOS="2311" HPOS="247"/><String ID="p449_w600" CONTENT="An" HPOS="271" VPOS="2311" WIDTH="58" HEIGHT="75" STYLEREFS="font0"/><SP WIDTH="19" VPOS="2311" HPOS="329"/><String ID="p449_w601" CONTENT="integer," HPOS="348" VPOS="2311" WIDTH="137" HEIGHT="75" STYLEREFS="font0"/><SP WIDTH="25" VPOS="2311" HPOS="485"/><String ID="p449_w602" CONTENT="or" HPOS="510" VPOS="2311" WIDTH="38" HEIGHT="75" STYLEREFS="font0"/><SP WIDTH="25" VPOS="2311" HPOS="548"/><String ID="p449_w603" CONTENT="whole" HPOS="573" VPOS="2311" WIDTH="103" HEIGHT="75" STYLEREFS="font0"/><SP WIDTH="22" VPOS="2311" HPOS="676"/><String ID="p449_w604" CONTENT="number," HPOS="698" VPOS="2311" WIDTH="143" HEIGHT="75" STYLEREFS="font0"/><SP WIDTH="26" VPOS="2311" HPOS="841"/><String ID="p449_w605" CONTENT="is" HPOS="867" VPOS="2311" WIDTH="27" HEIGHT="75" STYLEREFS="font0"/><SP WIDTH="18" VPOS="2311" HPOS="894"/><String ID="p449_w606" CONTENT="an" HPOS="912" VPOS="2311" WIDTH="40" HEIGHT="75" STYLEREFS="font0"/><SP WIDTH="17" VPOS="2311" HPOS="952"/><String ID="p449_w607" CONTENT="unit;" HPOS="969" VPOS="2311" WIDTH="82" HEIGHT="75" STYLEREFS="font0"/><SP WIDTH="26" VPOS="2311" HPOS="1051"/><String ID="p449_w608" CONTENT="or" HPOS="1077" VPOS="2311" WIDTH="36" HEIGHT="75" STYLEREFS="font0"/><SP WIDTH="18" VPOS="2311" HPOS="1113"/><String ID="p449_w609" CONTENT="any" HPOS="1131" VPOS="2311" WIDTH="62" HEIGHT="75" STYLEREFS="font0"/></TextLine><TextLine WIDTH="796" HEIGHT="75" ID="p449_t85" HPOS="163" VPOS="2357"><String ID="p449_w610" CONTENT="multitude" HPOS="163" VPOS="2357" WIDTH="173" HEIGHT="75" STYLEREFS="font0"/><SP WIDTH="15" VPOS="2357" HPOS="336"/><String ID="p449_w611" CONTENT="of" HPOS="351" VPOS="2357" WIDTH="40" HEIGHT="75" STYLEREFS="font0"/><SP WIDTH="11" VPOS="2357" HPOS="391"/><String ID="p449_w612" CONTENT="units" HPOS="402" VPOS="2357" WIDTH="84" HEIGHT="75" STYLEREFS="font0"/><SP WIDTH="12" VPOS="2357" HPOS="486"/><String ID="p449_w613" CONTENT=";" HPOS="498" VPOS="2357" WIDTH="11" HEIGHT="75" STYLEREFS="font0"/><SP WIDTH="26" VPOS="2357" HPOS="509"/><String ID="p449_w614" CONTENT="as" HPOS="535" VPOS="2357" WIDTH="33" HEIGHT="75" STYLEREFS="font0"/><SP WIDTH="22" VPOS="2357" HPOS="568"/><String ID="p449_w615" CONTENT="i," HPOS="590" VPOS="2357" WIDTH="32" HEIGHT="75" STYLEREFS="font0"/><SP WIDTH="20" VPOS="2357" HPOS="622"/><String ID="p449_w616" CONTENT="7," HPOS="642" VPOS="2357" WIDTH="34" HEIGHT="75" STYLEREFS="font0"/><SP WIDTH="17" VPOS="2357" HPOS="676"/><String ID="p449_w617" CONTENT="48," HPOS="693" VPOS="2357" WIDTH="58" HEIGHT="75" STYLEREFS="font0"/><SP WIDTH="30" VPOS="2357" HPOS="751"/><String ID="p449_w618" CONTENT="100," HPOS="781" VPOS="2357" WIDTH="77" HEIGHT="75" STYLEREFS="font0"/><SP WIDTH="23" VPOS="2357" HPOS="858"/><String ID="p449_w619" CONTENT="125." HPOS="881" VPOS="2357" WIDTH="78" HEIGHT="75" STYLEREFS="font0"/></TextLine><TextLine WIDTH="982" HEIGHT="75" ID="p449_t86" HPOS="214" VPOS="2406"><String ID="p449_w620" CONTENT="2." HPOS="214" VPOS="2406" WIDTH="32" HEIGHT="75" STYLEREFS="font0"/><SP WIDTH="24" VPOS="2406" HPOS="246"/><String ID="p449_w621" CONTENT="A" HPOS="270" VPOS="2406" WIDTH="36" HEIGHT="75" STYLEREFS="font0"/><SP WIDTH="5" VPOS="2406" HPOS="306"/><String ID="p449_w622" CONTENT="frail" HPOS="311" VPOS="2406" WIDTH="99" HEIGHT="75" STYLEREFS="font0"/><SP WIDTH="2" VPOS="2406" HPOS="410"/><String ID="p449_w623" CONTENT="ion," HPOS="412" VPOS="2406" WIDTH="64" HEIGHT="75" STYLEREFS="font0"/><SP WIDTH="17" VPOS="2406" HPOS="476"/><String ID="p449_w624" CONTENT="ox" HPOS="493" VPOS="2406" WIDTH="39" HEIGHT="75" STYLEREFS="font0"/><SP WIDTH="10" VPOS="2406" HPOS="532"/><String ID="p449_w625" CONTENT="broken" HPOS="542" VPOS="2406" WIDTH="114" HEIGHT="75" STYLEREFS="font0"/><SP WIDTH="16" VPOS="2406" HPOS="656"/><String ID="p449_w626" CONTENT="number," HPOS="672" VPOS="2406" WIDTH="146" HEIGHT="75" STYLEREFS="font0"/><SP WIDTH="24" VPOS="2406" HPOS="818"/><String ID="p449_w627" CONTENT="is" HPOS="842" VPOS="2406" WIDTH="27" HEIGHT="75" STYLEREFS="font0"/><SP WIDTH="17" VPOS="2406" HPOS="869"/><String ID="p449_w628" CONTENT="any" HPOS="886" VPOS="2406" WIDTH="62" HEIGHT="75" STYLEREFS="font0"/><SP WIDTH="16" VPOS="2406" HPOS="948"/><String ID="p449_w629" CONTENT="part" HPOS="964" VPOS="2406" WIDTH="71" HEIGHT="75" STYLEREFS="font0"/><SP WIDTH="17" VPOS="2406" HPOS="1035"/><String ID="p449_w630" CONTENT="or" HPOS="1052" VPOS="2406" WIDTH="37" HEIGHT="75" STYLEREFS="font0"/><SP WIDTH="16" VPOS="2406" HPOS="1089"/><String ID="p449_w631" CONTENT="parts" HPOS="1105" VPOS="2406" WIDTH="91" HEIGHT="75" STYLEREFS="font0"/></TextLine><TextLine WIDTH="1030" HEIGHT="75" ID="p449_t87" HPOS="164" VPOS="2451"><String ID="p449_w632" CONTENT="of" HPOS="164" VPOS="2451" WIDTH="40" HEIGHT="75" STYLEREFS="font0"/><SP WIDTH="11" VPOS="2451" HPOS="204"/><String ID="p449_w633" CONTENT="an" HPOS="215" VPOS="2451" WIDTH="39" HEIGHT="75" STYLEREFS="font0"/><SP WIDTH="16" VPOS="2451" HPOS="254"/><String ID="p449_w634" CONTENT="unit;" HPOS="270" VPOS="2451" WIDTH="89" HEIGHT="75" STYLEREFS="font0"/><SP WIDTH="27" VPOS="2451" HPOS="359"/><String ID="p449_w635" CONTENT="and" HPOS="386" VPOS="2451" WIDTH="63" HEIGHT="75" STYLEREFS="font0"/><SP WIDTH="15" VPOS="2451" HPOS="449"/><String ID="p449_w636" CONTENT="is" HPOS="464" VPOS="2451" WIDTH="27" HEIGHT="75" STYLEREFS="font0"/><SP WIDTH="17" VPOS="2451" HPOS="491"/><String ID="p449_w637" CONTENT="exprefled" HPOS="508" VPOS="2451" WIDTH="164" HEIGHT="75" STYLEREFS="font0"/><SP WIDTH="16" VPOS="2451" HPOS="672"/><String ID="p449_w638" CONTENT="by" HPOS="688" VPOS="2451" WIDTH="45" HEIGHT="75" STYLEREFS="font0"/><SP WIDTH="15" VPOS="2451" HPOS="733"/><String ID="p449_w639" CONTENT="two" HPOS="748" VPOS="2451" WIDTH="66" HEIGHT="75" STYLEREFS="font0"/><SP WIDTH="20" VPOS="2451" HPOS="814"/><String ID="p449_w640" CONTENT="numbers," HPOS="834" VPOS="2451" WIDTH="161" HEIGHT="75" STYLEREFS="font0"/><SP WIDTH="18" VPOS="2451" HPOS="995"/><String ID="p449_w641" CONTENT="which" HPOS="1013" VPOS="2451" WIDTH="105" HEIGHT="75" STYLEREFS="font0"/><SP WIDTH="22" VPOS="2451" HPOS="1118"/><String ID="p449_w642" CONTENT="are" HPOS="1140" VPOS="2451" WIDTH="54" HEIGHT="75" STYLEREFS="font0"/></TextLine><TextLine WIDTH="1031" HEIGHT="75" ID="p449_t88" HPOS="163" VPOS="2496"><String ID="p449_w643" CONTENT="feparated" HPOS="163" VPOS="2496" WIDTH="165" HEIGHT="75" STYLEREFS="font0"/><SP WIDTH="21" VPOS="2496" HPOS="328"/><String ID="p449_w644" CONTENT="from" HPOS="349" VPOS="2496" WIDTH="85" HEIGHT="75" STYLEREFS="font0"/><SP WIDTH="29" VPOS="2496" HPOS="434"/><String ID="p449_w645" CONTENT="one" HPOS="463" VPOS="2496" WIDTH="59" HEIGHT="75" STYLEREFS="font0"/><SP WIDTH="27" VPOS="2496" HPOS="522"/><String ID="p449_w646" CONTENT="another" HPOS="549" VPOS="2496" WIDTH="134" HEIGHT="75" STYLEREFS="font0"/><SP WIDTH="27" VPOS="2496" HPOS="683"/><String ID="p449_w647" CONTENT="by" HPOS="710" VPOS="2496" WIDTH="44" HEIGHT="75" STYLEREFS="font0"/><SP WIDTH="28" VPOS="2496" HPOS="754"/><String ID="p449_w648" CONTENT="a" HPOS="782" VPOS="2496" WIDTH="18" HEIGHT="75" STYLEREFS="font0"/><SP WIDTH="23" VPOS="2496" HPOS="800"/><String ID="p449_w649" CONTENT="line" HPOS="823" VPOS="2496" WIDTH="65" HEIGHT="75" STYLEREFS="font0"/><SP WIDTH="31" VPOS="2496" HPOS="888"/><String ID="p449_w650" CONTENT="drawn" HPOS="919" VPOS="2496" WIDTH="110" HEIGHT="75" STYLEREFS="font0"/><SP WIDTH="29" VPOS="2496" HPOS="1029"/><String ID="p449_w651" CONTENT="betwixt" HPOS="1058" VPOS="2496" WIDTH="136" HEIGHT="75" STYLEREFS="font0"/></TextLine><TextLine WIDTH="1029" HEIGHT="75" ID="p449_t89" HPOS="163" VPOS="2544"><String ID="p449_w652" CONTENT="them;" HPOS="163" VPOS="2544" WIDTH="110" HEIGHT="75" STYLEREFS="font0"/><SP WIDTH="26" VPOS="2544" HPOS="273"/><String ID="p449_w653" CONTENT="the" HPOS="299" VPOS="2544" WIDTH="55" HEIGHT="75" STYLEREFS="font0"/><SP WIDTH="16" VPOS="2544" HPOS="354"/><String ID="p449_w654" CONTENT="under" HPOS="370" VPOS="2544" WIDTH="101" HEIGHT="75" STYLEREFS="font0"/><SP WIDTH="16" VPOS="2544" HPOS="471"/><String ID="p449_w655" CONTENT="number" HPOS="487" VPOS="2544" WIDTH="132" HEIGHT="75" STYLEREFS="font0"/><SP WIDTH="16" VPOS="2544" HPOS="619"/><String ID="p449_w656" CONTENT="being" HPOS="635" VPOS="2544" WIDTH="94" HEIGHT="75" STYLEREFS="font0"/><SP WIDTH="21" VPOS="2544" HPOS="729"/><String ID="p449_w657" CONTENT="c^Jled" HPOS="750" VPOS="2544" WIDTH="102" HEIGHT="75" STYLEREFS="font0"/><SP WIDTH="24" VPOS="2544" HPOS="852"/><String ID="p449_w658" CONTENT="the" HPOS="876" VPOS="2544" WIDTH="54" HEIGHT="75" STYLEREFS="font0"/><SP WIDTH="26" VPOS="2544" HPOS="930"/><String ID="p449_w659" CONTENT="denominator," HPOS="956" VPOS="2544" WIDTH="236" HEIGHT="75" STYLEREFS="font0"/></TextLine><TextLine WIDTH="1030" HEIGHT="75" ID="p449_t90" HPOS="164" VPOS="2591"><String ID="p449_w660" CONTENT="and" HPOS="164" VPOS="2591" WIDTH="63" HEIGHT="75" STYLEREFS="font0"/><SP WIDTH="16" VPOS="2591" HPOS="227"/><String ID="p449_w661" CONTENT="the" HPOS="243" VPOS="2591" WIDTH="55" HEIGHT="75" STYLEREFS="font0"/><SP WIDTH="15" VPOS="2591" HPOS="298"/><String ID="p449_w662" CONTENT="upper" HPOS="313" VPOS="2591" WIDTH="100" HEIGHT="75" STYLEREFS="font0"/><SP WIDTH="23" VPOS="2591" HPOS="413"/><String ID="p449_w663" CONTENT="one" HPOS="436" VPOS="2591" WIDTH="61" HEIGHT="75" STYLEREFS="font0"/><SP WIDTH="25" VPOS="2591" HPOS="497"/><String ID="p449_w664" CONTENT="the" HPOS="522" VPOS="2591" WIDTH="55" HEIGHT="75" STYLEREFS="font0"/><SP WIDTH="27" VPOS="2591" HPOS="577"/><String ID="p449_w665" CONTENT="numerator," HPOS="604" VPOS="2591" WIDTH="201" HEIGHT="75" STYLEREFS="font0"/><SP WIDTH="23" VPOS="2591" HPOS="805"/><String ID="p449_w666" CONTENT="of" HPOS="828" VPOS="2591" WIDTH="41" HEIGHT="75" STYLEREFS="font0"/><SP WIDTH="20" VPOS="2591" HPOS="869"/><String ID="p449_w667" CONTENT="the" HPOS="889" VPOS="2591" WIDTH="56" HEIGHT="75" STYLEREFS="font0"/><SP WIDTH="27" VPOS="2591" HPOS="945"/><String ID="p449_w668" CONTENT="fraction" HPOS="972" VPOS="2591" WIDTH="134" HEIGHT="75" STYLEREFS="font0"/><SP WIDTH="15" VPOS="2591" HPOS="1106"/><String ID="p449_w669" CONTENT=";" HPOS="1121" VPOS="2591" WIDTH="11" HEIGHT="75" STYLEREFS="font0"/><SP WIDTH="26" VPOS="2591" HPOS="1132"/><String ID="p449_w670" CONTENT="as" HPOS="1158" VPOS="2591" WIDTH="36" HEIGHT="75" STYLEREFS="font0"/></TextLine><TextLine WIDTH="183" HEIGHT="75" ID="p449_t91" HPOS="165" VPOS="2646"><String ID="p449_w671" CONTENT="t»" HPOS="165" VPOS="2646" WIDTH="36" HEIGHT="75" STYLEREFS="font0"/><SP WIDTH="85" VPOS="2646" HPOS="201"/><String ID="p449_w672" CONTENT="-rs'" HPOS="286" VPOS="2646" WIDTH="62" HEIGHT="75" STYLEREFS="font0"/></TextLine><TextLine WIDTH="991" HEIGHT="75" ID="p449_t92" HPOS="216" VPOS="2682"><String ID="p449_w673" CONTENT="3." HPOS="216" VPOS="2682" WIDTH="31" HEIGHT="75" STYLEREFS="font0"/><SP WIDTH="25" VPOS="2682" HPOS="247"/><String ID="p449_w674" CONTENT="A" HPOS="272" VPOS="2682" WIDTH="35" HEIGHT="75" STYLEREFS="font0"/><SP WIDTH="12" VPOS="2682" HPOS="307"/><String ID="p449_w675" CONTENT="mixt" HPOS="319" VPOS="2682" WIDTH="82" HEIGHT="75" STYLEREFS="font0"/><SP WIDTH="17" VPOS="2682" HPOS="401"/><String ID="p449_w676" CONTENT="number" HPOS="418" VPOS="2682" WIDTH="134" HEIGHT="75" STYLEREFS="font0"/><SP WIDTH="14" VPOS="2682" HPOS="552"/><String ID="p449_w677" CONTENT="is" HPOS="566" VPOS="2682" WIDTH="26" HEIGHT="75" STYLEREFS="font0"/><SP WIDTH="14" VPOS="2682" HPOS="592"/><String ID="p449_w678" CONTENT="an" HPOS="606" VPOS="2682" WIDTH="38" HEIGHT="75" STYLEREFS="font0"/><SP WIDTH="15" VPOS="2682" HPOS="644"/><String ID="p449_w679" CONTENT="integer" HPOS="659" VPOS="2682" WIDTH="127" HEIGHT="75" STYLEREFS="font0"/><SP WIDTH="14" VPOS="2682" HPOS="786"/><String ID="p449_w680" CONTENT="with" HPOS="800" VPOS="2682" WIDTH="81" HEIGHT="75" STYLEREFS="font0"/><SP WIDTH="16" VPOS="2682" HPOS="881"/><String ID="p449_w681" CONTENT="a" HPOS="897" VPOS="2682" WIDTH="19" HEIGHT="75" STYLEREFS="font0"/><SP WIDTH="18" VPOS="2682" HPOS="916"/><String ID="p449_w682" CONTENT="fraction" HPOS="934" VPOS="2682" WIDTH="134" HEIGHT="75" STYLEREFS="font0"/><SP WIDTH="12" VPOS="2682" HPOS="1068"/><String ID="p449_w683" CONTENT="joined" HPOS="1080" VPOS="2682" WIDTH="113" HEIGHT="75" STYLEREFS="font0"/><SP WIDTH="8" VPOS="2682" HPOS="1193"/><String ID="p449_w684" CONTENT="'" HPOS="1201" VPOS="2682" WIDTH="6" HEIGHT="75" STYLEREFS="font0"/></TextLine><TextLine WIDTH="429" HEIGHT="75" ID="p449_t93" HPOS="165" VPOS="2729"><String ID="p449_w685" CONTENT="to" HPOS="165" VPOS="2729" WIDTH="35" HEIGHT="75" STYLEREFS="font0"/><SP WIDTH="16" VPOS="2729" HPOS="200"/><String ID="p449_w686" CONTENT="it;" HPOS="216" VPOS="2729" WIDTH="47" HEIGHT="75" STYLEREFS="font0"/><SP WIDTH="27" VPOS="2729" HPOS="263"/><String ID="p449_w687" CONTENT="as" HPOS="290" VPOS="2729" WIDTH="34" HEIGHT="75" STYLEREFS="font0"/><SP WIDTH="17" VPOS="2729" HPOS="324"/><String ID="p449_w688" CONTENT="4-3-," HPOS="341" VPOS="2729" WIDTH="57" HEIGHT="75" STYLEREFS="font0"/><SP WIDTH="30" VPOS="2729" HPOS="398"/><String ID="p449_w689" CONTENT="7^," HPOS="428" VPOS="2729" WIDTH="57" HEIGHT="75" STYLEREFS="font0"/><SP WIDTH="27" VPOS="2729" HPOS="485"/><String ID="p449_w690" CONTENT="48^" HPOS="512" VPOS="2729" WIDTH="82" HEIGHT="75" STYLEREFS="font0"/></TextLine><TextLine WIDTH="979" HEIGHT="75" ID="p449_t94" HPOS="214" VPOS="2774"><String ID="p449_w691" CONTENT="4." HPOS="214" VPOS="2774" WIDTH="33" HEIGHT="75" STYLEREFS="font0"/><SP WIDTH="33" VPOS="2774" HPOS="247"/><String ID="p449_w692" CONTENT="A" HPOS="280" VPOS="2774" WIDTH="35" HEIGHT="75" STYLEREFS="font0"/><SP WIDTH="26" VPOS="2774" HPOS="315"/><String ID="p449_w693" CONTENT="number" HPOS="341" VPOS="2774" WIDTH="134" HEIGHT="75" STYLEREFS="font0"/><SP WIDTH="27" VPOS="2774" HPOS="475"/><String ID="p449_w694" CONTENT="is" HPOS="502" VPOS="2774" WIDTH="26" HEIGHT="75" STYLEREFS="font0"/><SP WIDTH="26" VPOS="2774" HPOS="528"/><String ID="p449_w695" CONTENT="faid" HPOS="554" VPOS="2774" WIDTH="69" HEIGHT="75" STYLEREFS="font0"/><SP WIDTH="24" VPOS="2774" HPOS="623"/><String ID="p449_w696" CONTENT="to" HPOS="647" VPOS="2774" WIDTH="36" HEIGHT="75" STYLEREFS="font0"/><SP WIDTH="27" VPOS="2774" HPOS="683"/><String ID="p449_w697" CONTENT="meafure" HPOS="710" VPOS="2774" WIDTH="145" HEIGHT="75" STYLEREFS="font0"/><SP WIDTH="29" VPOS="2774" HPOS="855"/><String ID="p449_w698" CONTENT="another" HPOS="884" VPOS="2774" WIDTH="134" HEIGHT="75" STYLEREFS="font0"/><SP WIDTH="28" VPOS="2774" HPOS="1018"/><String ID="p449_w699" CONTENT="number," HPOS="1046" VPOS="2774" WIDTH="147" HEIGHT="75" STYLEREFS="font0"/></TextLine><TextLine WIDTH="1031" HEIGHT="75" ID="p449_t95" HPOS="165" VPOS="2821"><String ID="p449_w700" CONTENT="when" HPOS="165" VPOS="2821" WIDTH="93" HEIGHT="75" STYLEREFS="font0"/><SP WIDTH="15" VPOS="2821" HPOS="258"/><String ID="p449_w701" CONTENT="it" HPOS="273" VPOS="2821" WIDTH="27" HEIGHT="75" STYLEREFS="font0"/><SP WIDTH="16" VPOS="2821" HPOS="300"/><String ID="p449_w702" CONTENT="is" HPOS="316" VPOS="2821" WIDTH="27" HEIGHT="75" STYLEREFS="font0"/><SP WIDTH="16" VPOS="2821" HPOS="343"/><String ID="p449_w703" CONTENT="contained" HPOS="359" VPOS="2821" WIDTH="169" HEIGHT="75" STYLEREFS="font0"/><SP WIDTH="15" VPOS="2821" HPOS="528"/><String ID="p449_w704" CONTENT="in" HPOS="543" VPOS="2821" WIDTH="32" HEIGHT="75" STYLEREFS="font0"/><SP WIDTH="17" VPOS="2821" HPOS="575"/><String ID="p449_w705" CONTENT="that" HPOS="592" VPOS="2821" WIDTH="71" HEIGHT="75" STYLEREFS="font0"/><SP WIDTH="14" VPOS="2821" HPOS="663"/><String ID="p449_w706" CONTENT="other" HPOS="677" VPOS="2821" WIDTH="94" HEIGHT="75" STYLEREFS="font0"/><SP WIDTH="15" VPOS="2821" HPOS="771"/><String ID="p449_w707" CONTENT="number" HPOS="786" VPOS="2821" WIDTH="133" HEIGHT="75" STYLEREFS="font0"/><SP WIDTH="15" VPOS="2821" HPOS="919"/><String ID="p449_w708" CONTENT="a" HPOS="934" VPOS="2821" WIDTH="19" HEIGHT="75" STYLEREFS="font0"/><SP WIDTH="16" VPOS="2821" HPOS="953"/><String ID="p449_w709" CONTENT="certain" HPOS="969" VPOS="2821" WIDTH="117" HEIGHT="75" STYLEREFS="font0"/><SP WIDTH="18" VPOS="2821" HPOS="1086"/><String ID="p449_w710" CONTENT="num-" HPOS="1104" VPOS="2821" WIDTH="92" HEIGHT="75" STYLEREFS="font0"/></TextLine><TextLine WIDTH="1025" HEIGHT="75" ID="p449_t96" HPOS="166" VPOS="2867"><String ID="p449_w711" CONTENT="ber" HPOS="166" VPOS="2867" WIDTH="58" HEIGHT="75" STYLEREFS="font0"/><SP WIDTH="14" VPOS="2867" HPOS="224"/><String ID="p449_w712" CONTENT="of" HPOS="238" VPOS="2867" WIDTH="40" HEIGHT="75" STYLEREFS="font0"/><SP WIDTH="11" VPOS="2867" HPOS="278"/><String ID="p449_w713" CONTENT="times," HPOS="289" VPOS="2867" WIDTH="105" HEIGHT="75" STYLEREFS="font0"/><SP WIDTH="18" VPOS="2867" HPOS="394"/><String ID="p449_w714" CONTENT="or" HPOS="412" VPOS="2867" WIDTH="38" HEIGHT="75" STYLEREFS="font0"/><SP WIDTH="11" VPOS="2867" HPOS="450"/><String ID="p449_w715" CONTENT="when" HPOS="461" VPOS="2867" WIDTH="91" HEIGHT="75" STYLEREFS="font0"/><SP WIDTH="18" VPOS="2867" HPOS="552"/><String ID="p449_w716" CONTENT="it" HPOS="570" VPOS="2867" WIDTH="26" HEIGHT="75" STYLEREFS="font0"/><SP WIDTH="17" VPOS="2867" HPOS="596"/><String ID="p449_w717" CONTENT="divides" HPOS="613" VPOS="2867" WIDTH="121" HEIGHT="75" STYLEREFS="font0"/><SP WIDTH="18" VPOS="2867" HPOS="734"/><String ID="p449_w718" CONTENT="that" HPOS="752" VPOS="2867" WIDTH="70" HEIGHT="75" STYLEREFS="font0"/><SP WIDTH="16" VPOS="2867" HPOS="822"/><String ID="p449_w719" CONTENT="other" HPOS="838" VPOS="2867" WIDTH="93" HEIGHT="75" STYLEREFS="font0"/><SP WIDTH="16" VPOS="2867" HPOS="931"/><String ID="p449_w720" CONTENT="number" HPOS="947" VPOS="2867" WIDTH="132" HEIGHT="75" STYLEREFS="font0"/><SP WIDTH="16" VPOS="2867" HPOS="1079"/><String ID="p449_w721" CONTENT="with-" HPOS="1095" VPOS="2867" WIDTH="96" HEIGHT="75" STYLEREFS="font0"/></TextLine><TextLine WIDTH="954" HEIGHT="75" ID="p449_t97" HPOS="167" VPOS="2913"><String ID="p449_w722" CONTENT="out" HPOS="167" VPOS="2913" WIDTH="59" HEIGHT="75" STYLEREFS="font0"/><SP WIDTH="14" VPOS="2913" HPOS="226"/><String ID="p449_w723" CONTENT="any" HPOS="240" VPOS="2913" WIDTH="62" HEIGHT="75" STYLEREFS="font0"/><SP WIDTH="16" VPOS="2913" HPOS="302"/><String ID="p449_w724" CONTENT="remainder." HPOS="318" VPOS="2913" WIDTH="189" HEIGHT="75" STYLEREFS="font0"/><SP WIDTH="47" VPOS="2913" HPOS="507"/><String ID="p449_w725" CONTENT="Thus," HPOS="554" VPOS="2913" WIDTH="110" HEIGHT="75" STYLEREFS="font0"/><SP WIDTH="27" VPOS="2913" HPOS="664"/><String ID="p449_w726" CONTENT="3" HPOS="691" VPOS="2913" WIDTH="18" HEIGHT="75" STYLEREFS="font0"/><SP WIDTH="19" VPOS="2913" HPOS="709"/><String ID="p449_w727" CONTENT="meafures" HPOS="728" VPOS="2913" WIDTH="156" HEIGHT="75" STYLEREFS="font0"/><SP WIDTH="19" VPOS="2913" HPOS="884"/><String ID="p449_w728" CONTENT="6," HPOS="903" VPOS="2913" WIDTH="34" HEIGHT="75" STYLEREFS="font0"/><SP WIDTH="19" VPOS="2913" HPOS="937"/><String ID="p449_w729" CONTENT="9," HPOS="956" VPOS="2913" WIDTH="35" HEIGHT="75" STYLEREFS="font0"/><SP WIDTH="17" VPOS="2913" HPOS="991"/><String ID="p449_w730" CONTENT="or" HPOS="1008" VPOS="2913" WIDTH="38" HEIGHT="75" STYLEREFS="font0"/><SP WIDTH="19" VPOS="2913" HPOS="1046"/><String ID="p449_w731" CONTENT="12." HPOS="1065" VPOS="2913" WIDTH="56" HEIGHT="75" STYLEREFS="font0"/></TextLine><TextLine WIDTH="975" HEIGHT="75" ID="p449_t98" HPOS="216" VPOS="2961"><String ID="p449_w732" CONTENT="5." HPOS="216" VPOS="2961" WIDTH="32" HEIGHT="75" STYLEREFS="font0"/><SP WIDTH="25" VPOS="2961" HPOS="248"/><String ID="p449_w733" CONTENT="An" HPOS="273" VPOS="2961" WIDTH="54" HEIGHT="75" STYLEREFS="font0"/><SP WIDTH="17" VPOS="2961" HPOS="327"/><String ID="p449_w734" CONTENT="even" HPOS="344" VPOS="2961" WIDTH="77" HEIGHT="75" STYLEREFS="font0"/><SP WIDTH="17" VPOS="2961" HPOS="421"/><String ID="p449_w735" CONTENT="number" HPOS="438" VPOS="2961" WIDTH="133" HEIGHT="75" STYLEREFS="font0"/><SP WIDTH="16" VPOS="2961" HPOS="571"/><String ID="p449_w736" CONTENT="is" HPOS="587" VPOS="2961" WIDTH="28" HEIGHT="75" STYLEREFS="font0"/><SP WIDTH="19" VPOS="2961" HPOS="615"/><String ID="p449_w737" CONTENT="that" HPOS="634" VPOS="2961" WIDTH="71" HEIGHT="75" STYLEREFS="font0"/><SP WIDTH="16" VPOS="2961" HPOS="705"/><String ID="p449_w738" CONTENT="which" HPOS="721" VPOS="2961" WIDTH="105" HEIGHT="75" STYLEREFS="font0"/><SP WIDTH="25" VPOS="2961" HPOS="826"/><String ID="p449_w739" CONTENT="is" HPOS="851" VPOS="2961" WIDTH="26" HEIGHT="75" STYLEREFS="font0"/><SP WIDTH="24" VPOS="2961" HPOS="877"/><String ID="p449_w740" CONTENT="meafured" HPOS="901" VPOS="2961" WIDTH="164" HEIGHT="75" STYLEREFS="font0"/><SP WIDTH="24" VPOS="2961" HPOS="1065"/><String ID="p449_w741" CONTENT="by" HPOS="1089" VPOS="2961" WIDTH="44" HEIGHT="75" STYLEREFS="font0"/><SP WIDTH="23" VPOS="2961" HPOS="1133"/><String ID="p449_w742" CONTENT="2," HPOS="1156" VPOS="2961" WIDTH="35" HEIGHT="75" STYLEREFS="font0"/></TextLine><TextLine WIDTH="1025" HEIGHT="75" ID="p449_t99" HPOS="166" VPOS="3006"><String ID="p449_w743" CONTENT="or" HPOS="166" VPOS="3006" WIDTH="37" HEIGHT="75" STYLEREFS="font0"/><SP WIDTH="11" VPOS="3006" HPOS="203"/><String ID="p449_w744" CONTENT="which" HPOS="214" VPOS="3006" WIDTH="107" HEIGHT="75" STYLEREFS="font0"/><SP WIDTH="18" VPOS="3006" HPOS="321"/><String ID="p449_w745" CONTENT="2" HPOS="339" VPOS="3006" WIDTH="18" HEIGHT="75" STYLEREFS="font0"/><SP WIDTH="13" VPOS="3006" HPOS="357"/><String ID="p449_w746" CONTENT="divides" HPOS="370" VPOS="3006" WIDTH="122" HEIGHT="75" STYLEREFS="font0"/><SP WIDTH="13" VPOS="3006" HPOS="492"/><String ID="p449_w747" CONTENT="without" HPOS="505" VPOS="3006" WIDTH="137" HEIGHT="75" STYLEREFS="font0"/><SP WIDTH="12" VPOS="3006" HPOS="642"/><String ID="p449_w748" CONTENT="any" HPOS="654" VPOS="3006" WIDTH="62" HEIGHT="75" STYLEREFS="font0"/><SP WIDTH="11" VPOS="3006" HPOS="716"/><String ID="p449_w749" CONTENT="remainder;" HPOS="727" VPOS="3006" WIDTH="199" HEIGHT="75" STYLEREFS="font0"/><SP WIDTH="19" VPOS="3006" HPOS="926"/><String ID="p449_w750" CONTENT="as" HPOS="945" VPOS="3006" WIDTH="34" HEIGHT="75" STYLEREFS="font0"/><SP WIDTH="20" VPOS="3006" HPOS="979"/><String ID="p449_w751" CONTENT="2," HPOS="999" VPOS="3006" WIDTH="31" HEIGHT="75" STYLEREFS="font0"/><SP WIDTH="21" VPOS="3006" HPOS="1030"/><String ID="p449_w752" CONTENT="4," HPOS="1051" VPOS="3006" WIDTH="33" HEIGHT="75" STYLEREFS="font0"/><SP WIDTH="18" VPOS="3006" HPOS="1084"/><String ID="p449_w753" CONTENT="6," HPOS="1102" VPOS="3006" WIDTH="35" HEIGHT="75" STYLEREFS="font0"/><SP WIDTH="19" VPOS="3006" HPOS="1137"/><String ID="p449_w754" CONTENT="8," HPOS="1156" VPOS="3006" WIDTH="35" HEIGHT="75" STYLEREFS="font0"/></TextLine><TextLine WIDTH="129" HEIGHT="75" ID="p449_t100" HPOS="172" VPOS="3055"><String ID="p449_w755" CONTENT="10," HPOS="172" VPOS="3055" WIDTH="54" HEIGHT="75" STYLEREFS="font0"/><SP WIDTH="21" VPOS="3055" HPOS="226"/><String ID="p449_w756" CONTENT="12." HPOS="247" VPOS="3055" WIDTH="54" HEIGHT="75" STYLEREFS="font0"/></TextLine><TextLine WIDTH="987" HEIGHT="75" ID="p449_t101" HPOS="1285" VPOS="2219"><String ID="p449_w757" CONTENT="Addition" HPOS="1285" VPOS="2219" WIDTH="208" HEIGHT="75" STYLEREFS="font0"/><SP WIDTH="20" VPOS="2219" HPOS="1493"/><String ID="p449_w758" CONTENT="is" HPOS="1513" VPOS="2219" WIDTH="26" HEIGHT="75" STYLEREFS="font0"/><SP WIDTH="21" VPOS="2219" HPOS="1539"/><String ID="p449_w759" CONTENT="the" HPOS="1560" VPOS="2219" WIDTH="56" HEIGHT="75" STYLEREFS="font0"/><SP WIDTH="17" VPOS="2219" HPOS="1616"/><String ID="p449_w760" CONTENT="collecting" HPOS="1633" VPOS="2219" WIDTH="171" HEIGHT="75" STYLEREFS="font0"/><SP WIDTH="12" VPOS="2219" HPOS="1804"/><String ID="p449_w761" CONTENT="of" HPOS="1816" VPOS="2219" WIDTH="40" HEIGHT="75" STYLEREFS="font0"/><SP WIDTH="11" VPOS="2219" HPOS="1856"/><String ID="p449_w762" CONTENT="two" HPOS="1867" VPOS="2219" WIDTH="66" HEIGHT="75" STYLEREFS="font0"/><SP WIDTH="16" VPOS="2219" HPOS="1933"/><String ID="p449_w763" CONTENT="or" HPOS="1949" VPOS="2219" WIDTH="37" HEIGHT="75" STYLEREFS="font0"/><SP WIDTH="19" VPOS="2219" HPOS="1986"/><String ID="p449_w764" CONTENT="more" HPOS="2005" VPOS="2219" WIDTH="89" HEIGHT="75" STYLEREFS="font0"/><SP WIDTH="27" VPOS="2219" HPOS="2094"/><String ID="p449_w765" CONTENT="numbers" HPOS="2121" VPOS="2219" WIDTH="151" HEIGHT="75" STYLEREFS="font0"/></TextLine><TextLine WIDTH="408" HEIGHT="75" ID="p449_t102" HPOS="1238" VPOS="2267"><String ID="p449_w766" CONTENT="into" HPOS="1238" VPOS="2267" WIDTH="68" HEIGHT="75" STYLEREFS="font0"/><SP WIDTH="16" VPOS="2267" HPOS="1306"/><String ID="p449_w767" CONTENT="one" HPOS="1322" VPOS="2267" WIDTH="61" HEIGHT="75" STYLEREFS="font0"/><SP WIDTH="18" VPOS="2267" HPOS="1383"/><String ID="p449_w768" CONTENT="fum" HPOS="1401" VPOS="2267" WIDTH="69" HEIGHT="75" STYLEREFS="font0"/><SP WIDTH="19" VPOS="2267" HPOS="1470"/><String ID="p449_w769" CONTENT="or" HPOS="1489" VPOS="2267" WIDTH="37" HEIGHT="75" STYLEREFS="font0"/><SP WIDTH="17" VPOS="2267" HPOS="1526"/><String ID="p449_w770" CONTENT="totaL" HPOS="1543" VPOS="2267" WIDTH="103" HEIGHT="75" STYLEREFS="font0"/></TextLine><TextLine WIDTH="487" HEIGHT="75" ID="p449_t103" HPOS="1515" VPOS="2368"><String ID="p449_w771" CONTENT="I." HPOS="1515" VPOS="2368" WIDTH="34" HEIGHT="75" STYLEREFS="font0"/><SP WIDTH="48" VPOS="2368" HPOS="1549"/><String ID="p449_w772" CONTENT="Addition" HPOS="1597" VPOS="2368" WIDTH="162" HEIGHT="75" STYLEREFS="font0"/><SP WIDTH="24" VPOS="2368" HPOS="1759"/><String ID="p449_w773" CONTENT="of" HPOS="1783" VPOS="2368" WIDTH="44" HEIGHT="75" STYLEREFS="font0"/><SP WIDTH="15" VPOS="2368" HPOS="1827"/><String ID="p449_w774" CONTENT="Integers;" HPOS="1842" VPOS="2368" WIDTH="160" HEIGHT="75" STYLEREFS="font0"/></TextLine><TextLine WIDTH="999" HEIGHT="78" ID="p449_t104" HPOS="1287" VPOS="2423"><String ID="p449_w775" CONTENT="Rule" HPOS="1287" VPOS="2449" WIDTH="108" HEIGHT="75" STYLEREFS="font0"/><SP WIDTH="25" VPOS="2449" HPOS="1395"/><String ID="p449_w776" CONTENT="I." HPOS="1420" VPOS="2449" WIDTH="31" HEIGHT="75" STYLEREFS="font0"/><SP WIDTH="50" VPOS="2449" HPOS="1451"/><String ID="p449_w777" CONTENT="Set" HPOS="1501" VPOS="2449" WIDTH="60" HEIGHT="75" STYLEREFS="font0"/><SP WIDTH="14" VPOS="2449" HPOS="1561"/><String ID="p449_w778" CONTENT="figures" HPOS="1575" VPOS="2449" WIDTH="115" HEIGHT="75" STYLEREFS="font0"/><SP WIDTH="17" VPOS="2449" HPOS="1690"/><String ID="p449_w779" CONTENT="of" HPOS="1707" VPOS="2449" WIDTH="40" HEIGHT="75" STYLEREFS="font0"/><SP WIDTH="9" VPOS="2449" HPOS="1747"/><String ID="p449_w780" CONTENT="like" HPOS="1756" VPOS="2449" WIDTH="66" HEIGHT="75" STYLEREFS="font0"/><SP WIDTH="15" VPOS="2449" HPOS="1822"/><String ID="p449_w781" CONTENT="places" HPOS="1837" VPOS="2449" WIDTH="105" HEIGHT="75" STYLEREFS="font0"/><SP WIDTH="16" VPOS="2449" HPOS="1942"/><String ID="p449_w782" CONTENT="under" HPOS="1958" VPOS="2449" WIDTH="101" HEIGHT="75" STYLEREFS="font0"/><SP WIDTH="15" VPOS="2449" HPOS="2059"/><String ID="p449_w783" CONTENT="other," HPOS="2074" VPOS="2449" WIDTH="106" HEIGHT="75" STYLEREFS="font0"/><SP WIDTH="17" VPOS="2449" HPOS="2180"/><String ID="p449_w784" CONTENT="viz." HPOS="2197" VPOS="2449" WIDTH="72" HEIGHT="75" STYLEREFS="font0"/><SP WIDTH="10" VPOS="2449" HPOS="2269"/><String ID="p449_w785" CONTENT="■" HPOS="2279" VPOS="2423" WIDTH="7" HEIGHT="104" STYLEREFS="font4"/></TextLine><TextLine WIDTH="720" HEIGHT="75" ID="p449_t105" HPOS="1239" VPOS="2496"><String ID="p449_w786" CONTENT="units" HPOS="1239" VPOS="2496" WIDTH="84" HEIGHT="75" STYLEREFS="font0"/><SP WIDTH="17" VPOS="2496" HPOS="1323"/><String ID="p449_w787" CONTENT="under" HPOS="1340" VPOS="2496" WIDTH="100" HEIGHT="75" STYLEREFS="font0"/><SP WIDTH="15" VPOS="2496" HPOS="1440"/><String ID="p449_w788" CONTENT="units," HPOS="1455" VPOS="2496" WIDTH="99" HEIGHT="75" STYLEREFS="font0"/><SP WIDTH="24" VPOS="2496" HPOS="1554"/><String ID="p449_w789" CONTENT="tens" HPOS="1578" VPOS="2496" WIDTH="71" HEIGHT="75" STYLEREFS="font0"/><SP WIDTH="15" VPOS="2496" HPOS="1649"/><String ID="p449_w790" CONTENT="under" HPOS="1664" VPOS="2496" WIDTH="102" HEIGHT="75" STYLEREFS="font0"/><SP WIDTH="19" VPOS="2496" HPOS="1766"/><String ID="p449_w791" CONTENT="tens," HPOS="1785" VPOS="2496" WIDTH="83" HEIGHT="75" STYLEREFS="font0"/><SP WIDTH="27" VPOS="2496" HPOS="1868"/><String ID="p449_w792" CONTENT="&lt;bc." HPOS="1895" VPOS="2496" WIDTH="64" HEIGHT="75" STYLEREFS="font0"/></TextLine><TextLine WIDTH="979" HEIGHT="75" ID="p449_t106" HPOS="1287" VPOS="2542"><String ID="p449_w793" CONTENT="II." HPOS="1287" VPOS="2542" WIDTH="47" HEIGHT="75" STYLEREFS="font0"/><SP WIDTH="25" VPOS="2542" HPOS="1334"/><String ID="p449_w794" CONTENT="Beginning" HPOS="1359" VPOS="2542" WIDTH="182" HEIGHT="75" STYLEREFS="font0"/><SP WIDTH="11" VPOS="2542" HPOS="1541"/><String ID="p449_w795" CONTENT="at" HPOS="1552" VPOS="2542" WIDTH="32" HEIGHT="75" STYLEREFS="font0"/><SP WIDTH="18" VPOS="2542" HPOS="1584"/><String ID="p449_w796" CONTENT="the" HPOS="1602" VPOS="2542" WIDTH="55" HEIGHT="75" STYLEREFS="font0"/><SP WIDTH="15" VPOS="2542" HPOS="1657"/><String ID="p449_w797" CONTENT="lowed" HPOS="1672" VPOS="2542" WIDTH="107" HEIGHT="75" STYLEREFS="font0"/><SP WIDTH="15" VPOS="2542" HPOS="1779"/><String ID="p449_w798" CONTENT="place," HPOS="1794" VPOS="2542" WIDTH="102" HEIGHT="75" STYLEREFS="font0"/><SP WIDTH="24" VPOS="2542" HPOS="1896"/><String ID="p449_w799" CONTENT="fet" HPOS="1920" VPOS="2542" WIDTH="47" HEIGHT="75" STYLEREFS="font0"/><SP WIDTH="16" VPOS="2542" HPOS="1967"/><String ID="p449_w800" CONTENT="down" HPOS="1983" VPOS="2542" WIDTH="95" HEIGHT="75" STYLEREFS="font0"/><SP WIDTH="17" VPOS="2542" HPOS="2078"/><String ID="p449_w801" CONTENT="the" HPOS="2095" VPOS="2542" WIDTH="55" HEIGHT="75" STYLEREFS="font0"/><SP WIDTH="12" VPOS="2542" HPOS="2150"/><String ID="p449_w802" CONTENT="right-" HPOS="2162" VPOS="2542" WIDTH="104" HEIGHT="75" STYLEREFS="font0"/></TextLine><TextLine WIDTH="1029" HEIGHT="75" ID="p449_t107" HPOS="1239" VPOS="2588"><String ID="p449_w803" CONTENT="hand" HPOS="1239" VPOS="2588" WIDTH="86" HEIGHT="75" STYLEREFS="font0"/><SP WIDTH="22" VPOS="2588" HPOS="1325"/><String ID="p449_w804" CONTENT="figures" HPOS="1347" VPOS="2588" WIDTH="116" HEIGHT="75" STYLEREFS="font0"/><SP WIDTH="16" VPOS="2588" HPOS="1463"/><String ID="p449_w805" CONTENT="of" HPOS="1479" VPOS="2588" WIDTH="41" HEIGHT="75" STYLEREFS="font0"/><SP WIDTH="12" VPOS="2588" HPOS="1520"/><String ID="p449_w806" CONTENT="the" HPOS="1532" VPOS="2588" WIDTH="55" HEIGHT="75" STYLEREFS="font0"/><SP WIDTH="14" VPOS="2588" HPOS="1587"/><String ID="p449_w807" CONTENT="fum" HPOS="1601" VPOS="2588" WIDTH="68" HEIGHT="75" STYLEREFS="font0"/><SP WIDTH="16" VPOS="2588" HPOS="1669"/><String ID="p449_w808" CONTENT="of" HPOS="1685" VPOS="2588" WIDTH="42" HEIGHT="75" STYLEREFS="font0"/><SP WIDTH="19" VPOS="2588" HPOS="1727"/><String ID="p449_w809" CONTENT="every" HPOS="1746" VPOS="2588" WIDTH="96" HEIGHT="75" STYLEREFS="font0"/><SP WIDTH="16" VPOS="2588" HPOS="1842"/><String ID="p449_w810" CONTENT="column," HPOS="1858" VPOS="2588" WIDTH="140" HEIGHT="75" STYLEREFS="font0"/><SP WIDTH="26" VPOS="2588" HPOS="1998"/><String ID="p449_w811" CONTENT="and" HPOS="2024" VPOS="2588" WIDTH="64" HEIGHT="75" STYLEREFS="font0"/><SP WIDTH="15" VPOS="2588" HPOS="2088"/><String ID="p449_w812" CONTENT="carry" HPOS="2103" VPOS="2588" WIDTH="93" HEIGHT="75" STYLEREFS="font0"/><SP WIDTH="15" VPOS="2588" HPOS="2196"/><String ID="p449_w813" CONTENT="the" HPOS="2211" VPOS="2588" WIDTH="57" HEIGHT="75" STYLEREFS="font0"/></TextLine><TextLine WIDTH="872" HEIGHT="75" ID="p449_t108" HPOS="1240" VPOS="2635"><String ID="p449_w814" CONTENT="red" HPOS="1240" VPOS="2635" WIDTH="59" HEIGHT="75" STYLEREFS="font0"/><SP WIDTH="18" VPOS="2635" HPOS="1299"/><String ID="p449_w815" CONTENT="as" HPOS="1317" VPOS="2635" WIDTH="32" HEIGHT="75" STYLEREFS="font0"/><SP WIDTH="16" VPOS="2635" HPOS="1349"/><String ID="p449_w816" CONTENT="fo" HPOS="1365" VPOS="2635" WIDTH="35" HEIGHT="75" STYLEREFS="font0"/><SP WIDTH="21" VPOS="2635" HPOS="1400"/><String ID="p449_w817" CONTENT="many" HPOS="1421" VPOS="2635" WIDTH="93" HEIGHT="75" STYLEREFS="font0"/><SP WIDTH="17" VPOS="2635" HPOS="1514"/><String ID="p449_w818" CONTENT="units" HPOS="1531" VPOS="2635" WIDTH="86" HEIGHT="75" STYLEREFS="font0"/><SP WIDTH="15" VPOS="2635" HPOS="1617"/><String ID="p449_w819" CONTENT="to" HPOS="1632" VPOS="2635" WIDTH="36" HEIGHT="75" STYLEREFS="font0"/><SP WIDTH="16" VPOS="2635" HPOS="1668"/><String ID="p449_w820" CONTENT="the" HPOS="1684" VPOS="2635" WIDTH="56" HEIGHT="75" STYLEREFS="font0"/><SP WIDTH="19" VPOS="2635" HPOS="1740"/><String ID="p449_w821" CONTENT="next" HPOS="1759" VPOS="2635" WIDTH="79" HEIGHT="75" STYLEREFS="font0"/><SP WIDTH="16" VPOS="2635" HPOS="1838"/><String ID="p449_w822" CONTENT="luperior" HPOS="1854" VPOS="2635" WIDTH="140" HEIGHT="75" STYLEREFS="font0"/><SP WIDTH="16" VPOS="2635" HPOS="1994"/><String ID="p449_w823" CONTENT="place." HPOS="2010" VPOS="2635" WIDTH="102" HEIGHT="75" STYLEREFS="font0"/></TextLine><TextLine WIDTH="980" HEIGHT="75" ID="p449_t109" HPOS="1286" VPOS="2680"><String ID="p449_w824" CONTENT="Examp." HPOS="1286" VPOS="2680" WIDTH="149" HEIGHT="75" STYLEREFS="font0"/><SP WIDTH="23" VPOS="2680" HPOS="1435"/><String ID="p449_w825" CONTENT="I." HPOS="1458" VPOS="2680" WIDTH="31" HEIGHT="75" STYLEREFS="font0"/><SP WIDTH="48" VPOS="2680" HPOS="1489"/><String ID="p449_w826" CONTENT="Becaule" HPOS="1537" VPOS="2680" WIDTH="140" HEIGHT="75" STYLEREFS="font0"/><SP WIDTH="23" VPOS="2680" HPOS="1677"/><String ID="p449_w827" CONTENT="fimilar" HPOS="1700" VPOS="2680" WIDTH="114" HEIGHT="75" STYLEREFS="font0"/><SP WIDTH="23" VPOS="2680" HPOS="1814"/><String ID="p449_w828" CONTENT="or" HPOS="1837" VPOS="2680" WIDTH="37" HEIGHT="75" STYLEREFS="font0"/><SP WIDTH="22" VPOS="2680" HPOS="1874"/><String ID="p449_w829" CONTENT="like" HPOS="1896" VPOS="2680" WIDTH="65" HEIGHT="75" STYLEREFS="font0"/><SP WIDTH="17" VPOS="2680" HPOS="1961"/><String ID="p449_w830" CONTENT="things" HPOS="1978" VPOS="2680" WIDTH="107" HEIGHT="75" STYLEREFS="font0"/><SP WIDTH="27" VPOS="2680" HPOS="2085"/><String ID="p449_w831" CONTENT="only" HPOS="2112" VPOS="2680" WIDTH="79" HEIGHT="75" STYLEREFS="font0"/><SP WIDTH="16" VPOS="2680" HPOS="2191"/><String ID="p449_w832" CONTENT="can" HPOS="2207" VPOS="2680" WIDTH="59" HEIGHT="75" STYLEREFS="font0"/></TextLine><TextLine WIDTH="1024" HEIGHT="75" ID="p449_t110" HPOS="1239" VPOS="2728"><String ID="p449_w833" CONTENT="be" HPOS="1239" VPOS="2728" WIDTH="39" HEIGHT="75" STYLEREFS="font0"/><SP WIDTH="17" VPOS="2728" HPOS="1278"/><String ID="p449_w834" CONTENT="added," HPOS="1295" VPOS="2728" WIDTH="116" HEIGHT="75" STYLEREFS="font0"/><SP WIDTH="25" VPOS="2728" HPOS="1411"/><String ID="p449_w835" CONTENT="place" HPOS="1436" VPOS="2728" WIDTH="88" HEIGHT="75" STYLEREFS="font0"/><SP WIDTH="16" VPOS="2728" HPOS="1524"/><String ID="p449_w836" CONTENT="the" HPOS="1540" VPOS="2728" WIDTH="55" HEIGHT="75" STYLEREFS="font0"/><SP WIDTH="11" VPOS="2728" HPOS="1595"/><String ID="p449_w837" CONTENT="numbers" HPOS="1606" VPOS="2728" WIDTH="148" HEIGHT="75" STYLEREFS="font0"/><SP WIDTH="17" VPOS="2728" HPOS="1754"/><String ID="p449_w838" CONTENT="as" HPOS="1771" VPOS="2728" WIDTH="35" HEIGHT="75" STYLEREFS="font0"/><SP WIDTH="19" VPOS="2728" HPOS="1806"/><String ID="p449_w839" CONTENT="directed" HPOS="1825" VPOS="2728" WIDTH="141" HEIGHT="75" STYLEREFS="font0"/><SP WIDTH="15" VPOS="2728" HPOS="1966"/><String ID="p449_w840" CONTENT="in" HPOS="1981" VPOS="2728" WIDTH="33" HEIGHT="75" STYLEREFS="font0"/><SP WIDTH="17" VPOS="2728" HPOS="2014"/><String ID="p449_w841" CONTENT="Rule" HPOS="2031" VPOS="2728" WIDTH="87" HEIGHT="75" STYLEREFS="font0"/><SP WIDTH="17" VPOS="2728" HPOS="2118"/><String ID="p449_w842" CONTENT="I." HPOS="2135" VPOS="2728" WIDTH="31" HEIGHT="75" STYLEREFS="font0"/><SP WIDTH="25" VPOS="2728" HPOS="2166"/><String ID="p449_w843" CONTENT="viz." HPOS="2191" VPOS="2728" WIDTH="72" HEIGHT="75" STYLEREFS="font0"/></TextLine><TextLine WIDTH="908" HEIGHT="75" ID="p449_t111" HPOS="1239" VPOS="2775"><String ID="p449_w844" CONTENT="units" HPOS="1239" VPOS="2775" WIDTH="85" HEIGHT="75" STYLEREFS="font0"/><SP WIDTH="16" VPOS="2775" HPOS="1324"/><String ID="p449_w845" CONTENT="under" HPOS="1340" VPOS="2775" WIDTH="102" HEIGHT="75" STYLEREFS="font0"/><SP WIDTH="15" VPOS="2775" HPOS="1442"/><String ID="p449_w846" CONTENT="units," HPOS="1457" VPOS="2775" WIDTH="100" HEIGHT="75" STYLEREFS="font0"/><SP WIDTH="22" VPOS="2775" HPOS="1557"/><String ID="p449_w847" CONTENT="tens" HPOS="1579" VPOS="2775" WIDTH="70" HEIGHT="75" STYLEREFS="font0"/><SP WIDTH="25" VPOS="2775" HPOS="1649"/><String ID="p449_w848" CONTENT="under" HPOS="1674" VPOS="2775" WIDTH="101" HEIGHT="75" STYLEREFS="font0"/><SP WIDTH="16" VPOS="2775" HPOS="1775"/><String ID="p449_w849" CONTENT="tens," HPOS="1791" VPOS="2775" WIDTH="84" HEIGHT="75" STYLEREFS="font0"/><SP WIDTH="26" VPOS="2775" HPOS="1875"/><String ID="p449_w850" CONTENT="eSrc." HPOS="1901" VPOS="2775" WIDTH="65" HEIGHT="75" STYLEREFS="font0"/><SP WIDTH="24" VPOS="2775" HPOS="1966"/><String ID="p449_w851" CONTENT="as" HPOS="1990" VPOS="2775" WIDTH="34" HEIGHT="75" STYLEREFS="font0"/><SP WIDTH="17" VPOS="2775" HPOS="2024"/><String ID="p449_w852" CONTENT="in" HPOS="2041" VPOS="2775" WIDTH="33" HEIGHT="75" STYLEREFS="font0"/><SP WIDTH="17" VPOS="2775" HPOS="2074"/><String ID="p449_w853" CONTENT="the" HPOS="2091" VPOS="2775" WIDTH="56" HEIGHT="75" STYLEREFS="font0"/></TextLine><TextLine WIDTH="1024" HEIGHT="75" ID="p449_t112" HPOS="1239" VPOS="2820"><String ID="p449_w854" CONTENT="margin." HPOS="1239" VPOS="2820" WIDTH="135" HEIGHT="75" STYLEREFS="font0"/><SP WIDTH="59" VPOS="2820" HPOS="1374"/><String ID="p449_w855" CONTENT="Then" HPOS="1433" VPOS="2820" WIDTH="98" HEIGHT="75" STYLEREFS="font0"/><SP WIDTH="32" VPOS="2820" HPOS="1531"/><String ID="p449_w856" CONTENT="beginning" HPOS="1563" VPOS="2820" WIDTH="176" HEIGHT="75" STYLEREFS="font0"/><SP WIDTH="23" VPOS="2820" HPOS="1739"/><String ID="p449_w857" CONTENT="at" HPOS="1762" VPOS="2820" WIDTH="32" HEIGHT="75" STYLEREFS="font0"/><SP WIDTH="33" VPOS="2820" HPOS="1794"/><String ID="p449_w858" CONTENT="the" HPOS="1827" VPOS="2820" WIDTH="55" HEIGHT="75" STYLEREFS="font0"/><SP WIDTH="27" VPOS="2820" HPOS="1882"/><String ID="p449_w859" CONTENT="lowed" HPOS="1909" VPOS="2820" WIDTH="109" HEIGHT="75" STYLEREFS="font0"/><SP WIDTH="26" VPOS="2820" HPOS="2018"/><String ID="p449_w860" CONTENT="place," HPOS="2044" VPOS="2820" WIDTH="102" HEIGHT="75" STYLEREFS="font0"/><SP WIDTH="50" VPOS="2820" HPOS="2146"/><String ID="p449_w861" CONTENT="453" HPOS="2196" VPOS="2820" WIDTH="67" HEIGHT="75" STYLEREFS="font0"/></TextLine><TextLine WIDTH="1027" HEIGHT="75" ID="p449_t113" HPOS="1240" VPOS="2866"><String ID="p449_w862" CONTENT="viz," HPOS="1240" VPOS="2866" WIDTH="69" HEIGHT="75" STYLEREFS="font0"/><SP WIDTH="27" VPOS="2866" HPOS="1309"/><String ID="p449_w863" CONTENT="that" HPOS="1336" VPOS="2866" WIDTH="71" HEIGHT="75" STYLEREFS="font0"/><SP WIDTH="16" VPOS="2866" HPOS="1407"/><String ID="p449_w864" CONTENT="of" HPOS="1423" VPOS="2866" WIDTH="41" HEIGHT="75" STYLEREFS="font0"/><SP WIDTH="9" VPOS="2866" HPOS="1464"/><String ID="p449_w865" CONTENT="units" HPOS="1473" VPOS="2866" WIDTH="85" HEIGHT="75" STYLEREFS="font0"/><SP WIDTH="14" VPOS="2866" HPOS="1558"/><String ID="p449_w866" CONTENT=";" HPOS="1572" VPOS="2866" WIDTH="10" HEIGHT="75" STYLEREFS="font0"/><SP WIDTH="26" VPOS="2866" HPOS="1582"/><String ID="p449_w867" CONTENT="fay," HPOS="1608" VPOS="2866" WIDTH="67" HEIGHT="75" STYLEREFS="font0"/><SP WIDTH="26" VPOS="2866" HPOS="1675"/><String ID="p449_w868" CONTENT="4" HPOS="1701" VPOS="2866" WIDTH="21" HEIGHT="75" STYLEREFS="font0"/><SP WIDTH="16" VPOS="2866" HPOS="1722"/><String ID="p449_w869" CONTENT="units" HPOS="1738" VPOS="2866" WIDTH="84" HEIGHT="75" STYLEREFS="font0"/><SP WIDTH="15" VPOS="2866" HPOS="1822"/><String ID="p449_w870" CONTENT="and" HPOS="1837" VPOS="2866" WIDTH="64" HEIGHT="75" STYLEREFS="font0"/><SP WIDTH="19" VPOS="2866" HPOS="1901"/><String ID="p449_w871" CONTENT="3" HPOS="1920" VPOS="2866" WIDTH="16" HEIGHT="75" STYLEREFS="font0"/><SP WIDTH="19" VPOS="2866" HPOS="1936"/><String ID="p449_w872" CONTENT="units" HPOS="1955" VPOS="2866" WIDTH="84" HEIGHT="75" STYLEREFS="font0"/><SP WIDTH="16" VPOS="2866" HPOS="2039"/><String ID="p449_w873" CONTENT="make" HPOS="2055" VPOS="2866" WIDTH="93" HEIGHT="75" STYLEREFS="font0"/><SP WIDTH="48" VPOS="2866" HPOS="2148"/><String ID="p449_w874" CONTENT="234" HPOS="2196" VPOS="2866" WIDTH="71" HEIGHT="75" STYLEREFS="font0"/></TextLine><TextLine WIDTH="903" HEIGHT="75" ID="p449_t114" HPOS="1242" VPOS="2913"><String ID="p449_w875" CONTENT="7" HPOS="1242" VPOS="2913" WIDTH="18" HEIGHT="75" STYLEREFS="font0"/><SP WIDTH="18" VPOS="2913" HPOS="1260"/><String ID="p449_w876" CONTENT="units," HPOS="1278" VPOS="2913" WIDTH="98" HEIGHT="75" STYLEREFS="font0"/><SP WIDTH="24" VPOS="2913" HPOS="1376"/><String ID="p449_w877" CONTENT="which" HPOS="1400" VPOS="2913" WIDTH="106" HEIGHT="75" STYLEREFS="font0"/><SP WIDTH="24" VPOS="2913" HPOS="1506"/><String ID="p449_w878" CONTENT="fet" HPOS="1530" VPOS="2913" WIDTH="46" HEIGHT="75" STYLEREFS="font0"/><SP WIDTH="19" VPOS="2913" HPOS="1576"/><String ID="p449_w879" CONTENT="below" HPOS="1595" VPOS="2913" WIDTH="105" HEIGHT="75" STYLEREFS="font0"/><SP WIDTH="22" VPOS="2913" HPOS="1700"/><String ID="p449_w880" CONTENT="in" HPOS="1722" VPOS="2913" WIDTH="33" HEIGHT="75" STYLEREFS="font0"/><SP WIDTH="23" VPOS="2913" HPOS="1755"/><String ID="p449_w881" CONTENT="the" HPOS="1778" VPOS="2913" WIDTH="57" HEIGHT="75" STYLEREFS="font0"/><SP WIDTH="22" VPOS="2913" HPOS="1835"/><String ID="p449_w882" CONTENT="place" HPOS="1857" VPOS="2913" WIDTH="91" HEIGHT="75" STYLEREFS="font0"/><SP WIDTH="26" VPOS="2913" HPOS="1948"/><String ID="p449_w883" CONTENT="of" HPOS="1974" VPOS="2913" WIDTH="40" HEIGHT="75" STYLEREFS="font0"/><SP WIDTH="21" VPOS="2913" HPOS="2014"/><String ID="p449_w884" CONTENT="units" HPOS="2035" VPOS="2913" WIDTH="84" HEIGHT="75" STYLEREFS="font0"/><SP WIDTH="16" VPOS="2913" HPOS="2119"/><String ID="p449_w885" CONTENT=";" HPOS="2135" VPOS="2913" WIDTH="10" HEIGHT="75" STYLEREFS="font0"/></TextLine><TextLine WIDTH="1024" HEIGHT="75" ID="p449_t115" HPOS="1238" VPOS="2960"><String ID="p449_w886" CONTENT="then" HPOS="1238" VPOS="2960" WIDTH="76" HEIGHT="75" STYLEREFS="font0"/><SP WIDTH="18" VPOS="2960" HPOS="1314"/><String ID="p449_w887" CONTENT="3" HPOS="1332" VPOS="2960" WIDTH="17" HEIGHT="75" STYLEREFS="font0"/><SP WIDTH="20" VPOS="2960" HPOS="1349"/><String ID="p449_w888" CONTENT="tens-and" HPOS="1369" VPOS="2960" WIDTH="148" HEIGHT="75" STYLEREFS="font0"/><SP WIDTH="18" VPOS="2960" HPOS="1517"/><String ID="p449_w889" CONTENT="5" HPOS="1535" VPOS="2960" WIDTH="17" HEIGHT="75" STYLEREFS="font0"/><SP WIDTH="19" VPOS="2960" HPOS="1552"/><String ID="p449_w890" CONTENT="tens" HPOS="1571" VPOS="2960" WIDTH="70" HEIGHT="75" STYLEREFS="font0"/><SP WIDTH="16" VPOS="2960" HPOS="1641"/><String ID="p449_w891" CONTENT="make" HPOS="1657" VPOS="2960" WIDTH="92" HEIGHT="75" STYLEREFS="font0"/><SP WIDTH="16" VPOS="2960" HPOS="1749"/><String ID="p449_w892" CONTENT="8" HPOS="1765" VPOS="2960" WIDTH="21" HEIGHT="75" STYLEREFS="font0"/><SP WIDTH="17" VPOS="2960" HPOS="1786"/><String ID="p449_w893" CONTENT="tens," HPOS="1803" VPOS="2960" WIDTH="83" HEIGHT="75" STYLEREFS="font0"/><SP WIDTH="18" VPOS="2960" HPOS="1886"/><String ID="p449_w894" CONTENT="which" HPOS="1904" VPOS="2960" WIDTH="105" HEIGHT="75" STYLEREFS="font0"/><SP WIDTH="16" VPOS="2960" HPOS="2009"/><String ID="p449_w895" CONTENT="fet" HPOS="2025" VPOS="2960" WIDTH="46" HEIGHT="75" STYLEREFS="font0"/><SP WIDTH="17" VPOS="2960" HPOS="2071"/><String ID="p449_w896" CONTENT="be-" HPOS="2088" VPOS="2960" WIDTH="56" HEIGHT="75" STYLEREFS="font0"/><SP WIDTH="49" VPOS="2960" HPOS="2144"/><String ID="p449_w897" CONTENT="687" HPOS="2193" VPOS="2960" WIDTH="69" HEIGHT="75" STYLEREFS="font0"/></TextLine><TextLine WIDTH="907" HEIGHT="75" ID="p449_t116" HPOS="1240" VPOS="3007"><String ID="p449_w898" CONTENT="low" HPOS="1240" VPOS="3007" WIDTH="61" HEIGHT="75" STYLEREFS="font0"/><SP WIDTH="15" VPOS="3007" HPOS="1301"/><String ID="p449_w899" CONTENT="in" HPOS="1316" VPOS="3007" WIDTH="34" HEIGHT="75" STYLEREFS="font0"/><SP WIDTH="23" VPOS="3007" HPOS="1350"/><String ID="p449_w900" CONTENT="the" HPOS="1373" VPOS="3007" WIDTH="55" HEIGHT="75" STYLEREFS="font0"/><SP WIDTH="21" VPOS="3007" HPOS="1428"/><String ID="p449_w901" CONTENT="place" HPOS="1449" VPOS="3007" WIDTH="89" HEIGHT="75" STYLEREFS="font0"/><SP WIDTH="20" VPOS="3007" HPOS="1538"/><String ID="p449_w902" CONTENT="of" HPOS="1558" VPOS="3007" WIDTH="41" HEIGHT="75" STYLEREFS="font0"/><SP WIDTH="20" VPOS="3007" HPOS="1599"/><String ID="p449_w903" CONTENT="tens;" HPOS="1619" VPOS="3007" WIDTH="92" HEIGHT="75" STYLEREFS="font0"/><SP WIDTH="26" VPOS="3007" HPOS="1711"/><String ID="p449_w904" CONTENT="then" HPOS="1737" VPOS="3007" WIDTH="77" HEIGHT="75" STYLEREFS="font0"/><SP WIDTH="18" VPOS="3007" HPOS="1814"/><String ID="p449_w905" CONTENT="2" HPOS="1832" VPOS="3007" WIDTH="19" HEIGHT="75" STYLEREFS="font0"/><SP WIDTH="18" VPOS="3007" HPOS="1851"/><String ID="p449_w906" CONTENT="hundreds" HPOS="1869" VPOS="3007" WIDTH="162" HEIGHT="75" STYLEREFS="font0"/><SP WIDTH="16" VPOS="3007" HPOS="2031"/><String ID="p449_w907" CONTENT="and" HPOS="2047" VPOS="3007" WIDTH="62" HEIGHT="75" STYLEREFS="font0"/><SP WIDTH="17" VPOS="3007" HPOS="2109"/><String ID="p449_w908" CONTENT="4" HPOS="2126" VPOS="3007" WIDTH="21" HEIGHT="75" STYLEREFS="font0"/></TextLine><TextLine WIDTH="1028" HEIGHT="75" ID="p449_t117" HPOS="1238" VPOS="3056"><String ID="p449_w909" CONTENT="hundreds" HPOS="1238" VPOS="3056" WIDTH="163" HEIGHT="75" STYLEREFS="font0"/><SP WIDTH="13" VPOS="3056" HPOS="1401"/><String ID="p449_w910" CONTENT="make" HPOS="1414" VPOS="3056" WIDTH="93" HEIGHT="75" STYLEREFS="font0"/><SP WIDTH="17" VPOS="3056" HPOS="1507"/><String ID="p449_w911" CONTENT="6" HPOS="1524" VPOS="3056" WIDTH="21" HEIGHT="75" STYLEREFS="font0"/><SP WIDTH="17" VPOS="3056" HPOS="1545"/><String ID="p449_w912" CONTENT="hundreds," HPOS="1562" VPOS="3056" WIDTH="174" HEIGHT="75" STYLEREFS="font0"/><SP WIDTH="25" VPOS="3056" HPOS="1736"/><String ID="p449_w913" CONTENT="which" HPOS="1761" VPOS="3056" WIDTH="105" HEIGHT="75" STYLEREFS="font0"/><SP WIDTH="16" VPOS="3056" HPOS="1866"/><String ID="p449_w914" CONTENT="fet" HPOS="1882" VPOS="3056" WIDTH="47" HEIGHT="75" STYLEREFS="font0"/><SP WIDTH="15" VPOS="3056" HPOS="1929"/><String ID="p449_w915" CONTENT="below" HPOS="1944" VPOS="3056" WIDTH="105" HEIGHT="75" STYLEREFS="font0"/><SP WIDTH="11" VPOS="3056" HPOS="2049"/><String ID="p449_w916" CONTENT="in" HPOS="2060" VPOS="3056" WIDTH="31" HEIGHT="75" STYLEREFS="font0"/><SP WIDTH="12" VPOS="3056" HPOS="2091"/><String ID="p449_w917" CONTENT="the" HPOS="2103" VPOS="3056" WIDTH="56" HEIGHT="75" STYLEREFS="font0"/><SP WIDTH="15" VPOS="3056" HPOS="2159"/><String ID="p449_w918" CONTENT="place" HPOS="2174" VPOS="3056" WIDTH="92" HEIGHT="75" STYLEREFS="font0"/></TextLine></PrintSpace></Page></Layout></alto>