2428 3377
175 124 100 75 Part
294 124 66 75 III.

734 124 38 75 A
887 124 43 75 N
1044 124 42 75 A
1202 124 38 75 T

168 196 77 75 The
261 196 131 75 thymus
408 196 138 75 receives
563 196 139 75 likewife
719 196 86 75 fome
821 196 79 75 rami
916 196 85 75 from
1025 196 54 75 the
1099 196 99 75 mam-

168 242 101 75 maria
284 242 136 75 interna,
446 242 61 75 and
523 242 207 75 intercoftaiis
746 242 152 75 fuperior.

214 288 77 75 The
307 288 175 75 pericardia
498 288 94 75 arifes
616 288 95 75 much
734 288 33 75 in
790 288 55 75 the
860 288 84 75 fame
967 288 130 75 manner
1119 288 79 75 with

167 335 55 75 the
239 335 153 75 thymica,
418 335 63 75 and
505 335 75 75 runs
604 335 97 75 down
726 335 84 75 upon
835 335 56 75 the
907 335 222 75 pericardium,
1155 335 42 75 all

167 381 55 75 the
246 381 71 75 way
332 381 35 75 to
383 381 56 75 the
456 381 200 75 diaphragm,
682 381 36 75 to
734 381 106 75 which
856 381 26 75 it
899 381 90 75 fends
1005 381 86 75 fome
1107 381 89 75 fmall

166 425 238 75 ramifications.

211 472 75 75 The
302 472 183 75 medialtina
501 472 94 75 arifes
611 472 181 75 fometimes
808 472 217 75 immediately
1040 472 83 75 after
1139 472 57 75 the

164 518 152 75 thymica,
353 518 62 75 and
442 518 27 75 is
501 518 189 75 diftributed
717 518 186 75 principally
931 518 35 75 to
992 518 56 75 the
1075 518 120 75 media-

161 565 127 75 jftinum.

208 611 77 75 The
301 611 182 75 trachealis,
508 611 106 75 which
630 611 72 75 may
719 611 140 75 likewife
882 611 40 75 be
943 611 115 75 named
1075 611 118 75 guttu-

164 657 83 75 rails
272 657 152 75 inferior,
451 657 74 75 runs
543 657 42 75 up
601 657 83 75 from
702 657 55 75 the
773 657 171 75 fubclavia,
969 657 32 75 in
1018 657 19 75 a
1053 657 141 75 winding

162 702 121 75 courfe,
308 702 95 75 along
420 702 55 75 the
493 702 108 75 afpera
619 702 128 75 arteria,
773 702 34 75 to
824 702 56 75 the
894 702 158 75 glandulae
1070 702 122 75 thyroi-

162 749 75 75 dasas
255 749 63 75 and
333 749 128 75 larynx,
487 749 171 75 detaching
682 749 89 75 fmall
797 749 131 75 arteries
952 749 33 75 to
1003 749 79 75 both
1098 749 92 75 fides,

164 794 61 75 one
244 794 39 75 of
302 794 106 75 which
424 794 74 75 runs
516 794 35 75 to
568 794 54 75 the
639 794 100 75 upper
754 794 71 75 part
842 794 40 75 of
900 794 55 75 the
971 794 139 75 fcapula.

206 840 76 75 The
298 840 136 75 internal
451 840 174 75 mammary
642 840 108 75 artery
766 840 107 75 comes
885 840 85 75 from
982 840 56 75 the
1051 840 141 75 anterior

163 886 62 75 and
240 886 100 75 lower
356 886 63 75 fide
438 886 45 75 £>f
501 886 55 75 the
580 886 170 75 fubclavia,
776 886 76 75 near
868 886 55 75 the
940 886 120 75 middle
1077 886 43 75 of-
1135 886 56 75 the

159 933 166 75 clavicula,
351 933 61 75 and
429 933 75 75 runs
520 933 108 75 down,
654 933 52 75 for
722 933 98 75 about
845 933 18 75 a
887 933 128 75 finger’s
1040 933 148 75 breadth,

159 978 119 75 behind
301 978 55 75 the
381 978 168 75 cartilages
572 978 39 75 of
631 978 55 75 the
710 978 71 75 true
806 978 78 75 ribs,
915 978 40 75 an
976 978 73 75 inch
1075 978 116 75 diftant

158 1024 84 75 from
259 1024 55 75 the
330 1024 149 75 fternum.

206 1070 38 75 In
260 1070 41 75 its
317 1070 135 75 paflage,
478 1070 25 75 it
527 1070 91 75 fends
643 1070 79 75 rami
739 1070 35 75 to
790 1070 56 75 the
862 1070 143 75 thymus,
1030 1070 157 75 medialli-

157 1117 87 75 num,
271 1117 222 75 pericardium,
518 1117 122 75 pleura,
667 1117 62 75 and
753 1117 179 75 intercoftal
958 1117 148 75 mufcles.
1156 1117 32 75 It

156 1163 139 75 likewife
311 1163 150 75 detaches
479 1163 93 75 other
590 1163 153 75 branches
760 1163 140 75 through
926 1163 87 75 the{e
1039 1163 146 75 mufcles,

156 1209 63 75 and
233 1209 145 75 between
395 1209 55 75 the
467 1209 167 75 cartilages
651 1209 41 75 ©f
710 1209 55 75 the
782 1209 77 75 ribs,
885 1209 35 75 to
940 1209 55 75 the
1019 1209 168 75 pedloralis

155 1254 114 75 major,
286 1254 63 75 and
360 1254 93 75 other
470 1254 233 75 neighbouring
718 1254 158 75 mufcular
887 1254 143 75 portions
1042 1254 11 75 ;
1080 1254 34 75 to
1131 1254 55 75 the

156 1300 158 75 mammse,
339 1300 183 75 membrana
546 1300 137 75 adipofa,
709 1300 63 75 and
787 1300 79 75 Ikin.

202 1348 204 75 Afterwards
423 1348 25 75 it
464 1348 76 75 goes
557 1348 56 75 out
636 1348 33 75 at
694 1348 56 75 the
774 1348 129 75 thorax,
928 1348 41 75 on
994 1348 61 75 one
1071 1348 62 75 fide
1150 1348 41 75 of

155 1392 54 75 the
227 1392 158 75 appendix
401 1392 188 75 enfiformis,
616 1392 62 75 and
693 1392 27 75 is
743 1392 58 75 loft
817 1392 30 75 in
865 1392 55 75 the
942 1392 159 75 mufculus
1129 1392 54 75 ab-

155 1439 135 75 dominis
308 1439 115 75 redtus,
449 1439 19 75 a
484 1439 82 75 little
583 1439 104 75 below
704 1439 43 75 its
762 1439 98 75 upper
871 1439 84 75 part.

199 1486 75 75 The
298 1486 136 75 cervical
456 1486 107 75 artery
580 1486 92 75 arifes
697 1486 85 75 from
804 1486 56 75 the
876 1486 98 75 upper
990 1486 65 75 fide'
1068 1486 42 75 of
1128 1486 55 75 the

152 1532 189 75 fubclavian,
367 1532 62 75 and
444 1532 26 75 is
488 1532 160 75 prefently
664 1532 171 75 afterward
858 1532 129 75 divided
1009 1532 69 75 into
1102 1532 78 75 two,

151 1578 106 75 which
280 1578 89 75 come
385 1578 71 75 out,
480 1578 179 75 fometimes
682 1578 188 75 feparately,
895 1578 180 75 fometimes
1098 1578 43 75 by
1164 1578 19 75 a

152 1623 88 75 fmall
257 1623 146 75 common
427 1623 108 75 trunk.
583 1623 77 75 The
677 1623 112 75 largeft
807 1623 39 75 of
865 1623 87 75 thefe
969 1623 66 75 two
1051 1623 131 75 arteries

150 1669 26 75 is
195 1669 150 75 anterior,
372 1669 55 75 the
444 1669 93 75 other
554 1669 163 75 pofterior.

196 1716 76 75 The
289 1716 139 75 anterior
445 1716 175 75 cervicalis,
645 1716 136 75 running
796 1716 120 75 behind
934 1716 55 75 the
1002 1716 128 75 carotid
1146 1716 40 75 of

149 1762 57 75 the
223 1762 82 75 fame
315 1762 77 75 fide,
417 1762 28 75 is
461 1762 187 75 diftributed
664 1762 35 75 to
717 1762 54 75 the
787 1762 157 75 mufculus
958 1762 221 75 coraco-hyoi-

150 1808 97 75 dseus,
274 1808 208 75 maftoidasus,
508 1808 163 75 cutaneus,
701 1808 51 75 fte'
752 1808 246 75 rno-hyoidaeus,
1024 1808 62 75 and
1102 1808 76 75 fter-

148 1854 254 75 no-thyroidasus
418 1854 9 75 ;
462 1854 35 75 to
522 1854 55 75 the
606 1854 130 75 jugular
763 1854 126 75 glands,
913 1854 55 75 the
993 1854 107 75 afpera
1126 1854 51 75 ar-

147 1901 93 75 teria,
270 1901 56 75 the
350 1901 132 75 mufcles
508 1901 41 75 of
567 1901 54 75 the
645 1901 160 75 pharynx,
837 1901 166 75 bronchia,
1032 1901 144 75 cefopha-

146 1947 81 75 gus;
254 1947 62 75 and
340 1947 34 75 to
390 1947 56 75 the
469 1947 141 75 anterior
628 1947 134 75 mufcles
787 1947 106 75 which
916 1947 92 75 move
1025 1947 55 75 the
1096 1947 81 75 neck

149 1992 62 75 and
226 1992 96 75 head.

190 2039 77 75 The
285 2039 151 75 pofterior
452 2039 163 75 cervicalis
633 2039 95 75 arifes
747 2039 179 75 fometimes
950 2039 19 75 a
983 2039 84 75 little
1092 2039 83 75 after

145 2084 54 75 the
211 2084 200 75 vertebralis,
430 2084 62 75 and
505 2084 180 75 fometimes
702 2084 83 75 from
802 2084 70 75 that
888 2084 120 75 artery.
1057 2084 31 75 It
1105 2084 69 75 paf-

144 2130 47 75 fes
208 2130 100 75 under
324 2130 56 75 the
398 2130 171 75 tranfverfe
586 2130 163 75 apophyfis
767 2130 40 75 of
825 2130 56 75 the
904 2130 58 75 laft
977 2130 147 75 vertebra
1139 2130 40 75 of

145 2176 53 75 the
215 2176 93 75 neck,
333 2176 62 75 and
406 2176 179 75 fometimes
602 2176 139 75 through
755 2176 18 75 a
790 2176 170 75 particular
972 2176 74 75 hole
1058 2176 32 75 in
1103 2176 70 75 that

144 2223 164 75 apophyfis
320 2223 10 75 ;
356 2223 64 75 and
436 2223 86 75 from
535 2223 113 75 thence
665 2223 75 75 runs
757 2223 41 75 up
815 2223 170 75 backward
996 2223 32 75 in
1040 2223 19 75 a
1070 2223 101 75 wind-

142 2267 53 75 ing
219 2267 122 75 courfe,
367 2267 41 75 on
433 2267 55 75 the
511 2267 160 75 vertebral
695 2267 132 75 mufcles
853 2267 40 75 of
912 2267 55 75 the
992 2267 92 75 neck,
1110 2267 63 75 and

142 2314 76 75 then
232 2314 124 75 returns
368 2314 32 75 in
413 2314 55 75 the
480 2314 83 75 fame
581 2314 143 75 manned.

187 2361 76 75 The
279 2361 158 75 vertebral
461 2361 107 75 artery
582 2361 87 75 goes'
682 2361 59 75 out
766 2361 84 75 from
866 2361 56 75 the
940 2361 154 75 pofterior
1110 2361 62 75 and

137 2406 102 75 tipper
255 2406 64 75 fide
335 2406 40 75 of
387 2406 55 75 the
456 2406 196 75 fubclavian,
670 2406 111 75 almoft
792 2406 140 75 oppcfite
950 2406 34 75 to
1001 2406 55 75 the
1069 2406 100 75 mam-

140 2453 99 75 maria
254 2453 124 75 interna
394 2453 62 75 and
471 2453 175 75 cervicalis.
693 2453 33 75 It
741 2453 77 75 runs
834 2453 43 75 up
893 2453 140 75 through
1054 2453 43 75 all
1113 2453 56 75 the

139 2499 89 75 holes
249 2499 32 75 in
298 2499 54 75 the
367 2499 178 75 tranfverfe
562 2499 173 75 apophyfes
753 2499 39 75 of
811 2499 55 75 the
881 2499 155 75 vertebras
1054 2499 40 75 of
1111 2499 57 75 the

138 2545 93 75 neck,
251 2545 80 75 >nd,
356 2545 33 75 in
406 2545 41 75 its
464 2545 134 75 pafiage,
623 2545 91 75 fends
724 2545 54 75 off
795 2545 85 75 little
896 2545 107 75 twigs,
1028 2545 139 75 through

138 2591 56 75 the
205 2591 112 75 lateral
334 2591 131 75 notches
484 2591 40 75 of
534 2591 86 75 thefe
636 2591 167 75 vertebrae,
828 2591 35 75 to
880 2591 54 75 the
952 2591 139 75 medulla
1105 2591 61 75 fpi-

137 2636 79 75 nalis
233 2636 62 75 and
314 2636 41 75 its
369 2636 178 75 coverings.
595 2636 33 75 It
640 2636 64 75 alfo
720 2636 86 75 gives
824 2636 131 75 arteries
972 2636 34 75 to
1023 2636 55 75 the
1095 2636 71 75 ver-

137 2682 102 75 tebral
256 2682 145 75 mufcles,
421 2682 62 75 and
499 2682 35 75 to
550 2682 93 75 other
655 2682 132 75 mufcles
800 2682 75 75 near
890 2682 102 75 them.

184 2727 31 75 It
231 2727 90 75 fends
339 2727 52 75 off
410 2727 18 75 a
450 2727 90 75 fmall
565 2727 132 75 branch,
722 2727 107 75 which
845 2727 26 75 is
890 2727 143 75 ramified
1051 2727 42 75 on
1109 2727 56 75 the

137 2772 90 75 outer
251 2772 61 75 and
329 2772 152 75 pofterior
497 2772 85 75 parts
606 2772 41 75 of
665 2772 55 75 the
745 2772 139 75 occiput,
910 2772 62 75 and
989 2772 174 75 communi-

137 2820 86 75 cates
235 2820 79 75 with
327 2820 55 75 the
399 2820 133 75 cervical
551 2820 61 75 and
628 2820 146 75 occipital
792 2820 144 75 arteries.
975 2820 130 75 Having
1116 2820 48 75 af-

135 2863 154 75 terwards
305 2863 135 75 reached
454 2863 58 75 the
527 2863 91 75 great
641 2863 141 75 foramen
806 2863 41 75 of
865 2863 55 75 the
944 2863 36 75 os
1006 2863 156 75 occipitis,

134 2910 25 75 it
172 2910 104 75 enters
289 2910 55 75 the
361 2910 153 75 cranium,
540 2910 62 75 and
618 2910 121 75 pierces
751 2910 56 75 the
819 2910 80 75 dura
910 2910 114 75 mater.

180 2956 48 75 As
237 2956 79 75 foon
328 2956 33 75 as
373 2956 25 75 it
416 2956 105 75 enters
538 2956 55 75 the
610 2956 152 75 cranium,
790 2956 24 75 it
830 2956 91 75 fends
938 2956 118 75 feveral
1072 2956 91 75 fmall

226 3003 96 75 Vol.
340 3003 29 75 I.
404 3003 71 75 No.
499 3003 53 75 10.

1031 3003 16 75 3

1359 123 38 75 O
1514 123 48 75 M
1679 123 54 75 Y.

2200 123 79 75 229

1251 191 223 75 ramifications
1492 191 35 75 to
1543 191 55 75 the
1615 191 170 75 back-part
1802 191 39 75 of
1860 191 56 75 the
1932 191 138 75 medulla
2095 191 184 75 oblongata,

1251 238 62 75 and
1330 238 34 75 to
1380 238 55 75 the
1452 238 136 75 corpora
1610 238 133 75 olivaria
1766 238 63 75 and
1852 238 220 75 pyramidalia,
2097 238 106 75 which
2226 238 54 75 are

1248 285 139 75 likewife
1404 285 112 75 fpread
1531 285 41 75 on
1589 285 55 75 the
1661 285 81 75 back
1758 285 79 75 fides
1854 285 38 75 of
1912 285 55 75 the
1992 285 109 75 fourth
2125 285 155 75 ventricle

1248 330 40 75 of
1307 330 54 75 the
1377 330 103 75 brain,
1506 330 62 75 and
1583 330 86 75 form
1686 330 55 75 the
1762 330 115 75 plexus
1902 330 167 75 choroides
2095 330 40 75 of
2154 330 55 75 the
2225 330 54 75 ce-

1246 377 167 75 rebellum.

1293 422 203 75 Afterwards
1508 422 25 75 it
1550 422 154 75 advances
1717 422 41 75 on
1774 422 56 75 the
1842 422 166 75 apophyfis
2019 422 139 75 bafilaris
2171 422 40 75 of
2221 422 56 75 th^

1246 469 35 75 os
1299 469 157 75 occipitis,
1481 469 165 75 inclining,
1662 469 44 75 by
1722 469 90 75 fmall
1828 469 145 75 degrees,
1991 469 125 75 toward
2129 469 59 75 the
2205 469 70 75 ver-

1245 516 102 75 tebral
1364 516 106 75 artery
1485 516 42 75 of
1545 516 53 75 the
1611 516 93 75 other
1720 516 76 75 fide,
1822 516 42 75 all
1881 516 56 75 the
1955 516 72 75 way
2042 516 35 75 to
2096 516 53 75 the
2166 516 109 75 extre-

1245 561 80 75 mity
1341 561 40 75 of
1392 561 70 75 that
1478 561 176 75 apophyfis,
1679 561 108 75 where
1803 561 78 75 they
1897 561 79 75 both
1988 561 71 75 join
2071 561 32 75 in
2115 561 60 75 one
2186 561 88 75 conir

1245 607 73 75 mon
1334 607 110 75 trunk.

1291 654 75 75 The
1394 654 117 75 arteria
1536 654 138 75 bafilaris
1699 654 76 75 runs
1803 654 141 75 forward
1972 654 101 75 under
2099 654 56 75 the
2183 654 91 75 great

1244 701 172 75 tranfverfe
1448 701 231 75 protuberance
1705 701 41 75 of
1770 701 55 75 the
1852 701 141 75 medulla
2019 701 184 75 oblongata,
2237 701 37 75 to

1242 746 104 75 which
1358 746 24 75 it
1399 746 88 75 gives
1499 746 236 75 ramifications,
1761 746 34 75 as
1811 746 74 75 well
1906 746 33 75 as
1957 746 34 75 to
2008 746 55 75 the
2080 746 192 75 neighbour-

1241 791 54 75 ing
1312 791 86 75 parts
1416 791 39 75 of
1473 791 56 75 the
1545 791 152 75 medulla.

1288 839 76 75 The
1387 839 97 75 fpinal
1503 839 131 75 arteries
1651 839 54 75 are
1722 839 66 75 two
1813 839 32 75 in
1869 839 146 75 number,
2039 839 60 75 one
2116 839 153 75 anterior,

1241 885 61 75 and
1326 885 59 75 one
1403 885 173 75 pofterior;
1603 885 79 75 both
1707 885 164 75 produced
1893 885 41 75 by
1959 885 79 75 both
2060 885 208 75 vertebrates,

1240 931 77 75 each
1336 931 39 75 of
1394 931 119 75 which,
1539 931 33 75 as
1596 931 76 75 foon
1695 931 33 75 as
1753 931 26 75 it
1802 931 106 75 enters
1928 931 54 75 the
1998 931 154 75 cranium,
2177 931 91 75 fends

1240 977 56 75 out
1313 977 19 75 a
1346 977 90 75 fmall
1452 977 133 75 branch,
1611 977 43 75 by
1674 977 54 75 the
1744 977 97 75 union
1865 977 40 75 of
1923 977 105 75 which
2045 977 55 75 the
2117 977 152 75 pofterior

1238 1024 125 75 fpinalis
1380 1024 26 75 is
1423 1024 137 75 formed.
1600 1024 202 75 Afterwards
1816 1024 55 75 the
1887 1024 194 75 vertebrales
2093 1024 176 75 advancing

1238 1070 41 75 on
1296 1070 55 75 the
1363 1070 165 75 apophyfis
1545 1070 151 75 bafilaris,
1721 1070 37 75 or
1777 1070 188 75 production
1985 1070 41 75 of
2043 1070 56 75 the
2119 1070 150 75 occipital

1238 1117 93 75 bone,
1357 1117 115 75 detach
1489 1117 171 75 backward
1672 1117 66 75 two
1753 1117 96 75 other
1865 1117 89 75 fmall
1967 1117 168 75 branches,
2161 1117 106 75 which

1235 1164 139 75 likewife
1386 1164 96 75 meet,
1509 1164 74 75 and,
1609 1164 43 75 by
1663 1164 84 75 their
1763 1164 110 75 union,
1899 1164 83 75 form
1995 1164 55 75 the
2066 1164 126 75 fpinalis
2210 1164 55 75 an-

1236 1209 111 75 terior.
1395 1209 110 75 Thefe
1529 1209 98 75 fpinal
1644 1209 131 75 arteries
1792 1209 70 75 run.
1875 1209 95 75 down
1986 1209 41 75 on
2044 1209 55 75 the
2116 1209 69 75 fore
2203 1209 63 75 and

1235 1255 82 75 back
1334 1255 79 75 fides
1429 1255 40 75 of
1488 1255 55 75 the
1559 1255 139 75 medulla
1721 1255 139 75 fpinalis,
1886 1255 74 75 and,
1986 1255 45 75 by
2051 1255 91 75 fmall
2165 1255 99 75 tranfr

1234 1302 87 75 verfe
1345 1302 237 75 ramifications,
1607 1302 231 75 communicate
1862 1302 78 75 with
1966 1302 90 75 thofe
2078 1302 106 75 which
2208 1302 58 75 the

1233 1348 180 75 intercoftal
1430 1348 62 75 and
1508 1348 124 75 lumbar
1648 1348 131 75 arteries
1795 1348 77 75 fend
1888 1348 35 75 to
1937 1348 55 75 the
2009 1348 83 75 fame
2109 1348 84 75 part.

1279 1395 76 75 The
1371 1395 135 75 internal
1523 1395 149 75 auditory
1684 1395 107 75 artery
1802 1395 75 75 goes
1894 1395 52 75 off
1957 1395 86 75 from
2054 1395 78 75 each
2146 1395 64 75 fide
2227 1395 42 75 of

1232 1440 54 75 the
1303 1440 117 75 arteria
1434 1440 151 75 bafilaris,
1610 1440 35 75 to
1669 1440 54 75 the
1747 1440 99 75 organ
1871 1440 40 75 of
1929 1440 143 75 hearing,
2098 1440 165 75 accompa-

1231 1486 98 75 nying
1344 1486 55 75 the
1423 1486 150 75 auditory
1596 1486 108 75 nerve,
1728 1486 118 75 having
1870 1486 65 75 firft
1958 1486 163 75 furnilhed
2141 1486 121 75 feveral

1230 1532 88 75 fmall
1335 1532 93 75 twigs
1445 1532 35 75 to
1496 1532 55 75 the
1568 1532 183 75 membrana
1762 1532 218 75 arachnoides.

1277 1580 75 75 The
1377 1580 153 75 pofterior
1552 1580 174 75 meningasa
1749 1580 92 75 arifes
1866 1580 85 75 from
1975 1580 55 75 the
2054 1580 83 75 fame
2163 1580 97 75 trunk

1230 1626 78 75 with
1331 1626 55 75 the
1402 1626 159 75 auditoria
1576 1626 136 75 interna,
1737 1626 64 75 and
1816 1626 76 75 goes
1909 1626 35 75 to
1960 1626 56 75 the
2039 1626 170 75 back-part
2224 1626 41 75 of

1230 1671 54 75 the
1299 1671 80 75 dura
1395 1671 113 75 mater,
1526 1671 41 75 on
1579 1671 56 75 the
1651 1671 147 75 occipital
1817 1671 61 75 and
1894 1671 156 75 temporal
2067 1671 111 75 bones,
2196 1671 63 75 and

1228 1719 135 75 fupplies
1376 1719 55 75 the
1447 1719 232 75 neighbouring
1689 1719 89 75 lobes
1796 1719 39 75 of
1850 1719 59 75 the
1925 1719 103 75 brain.

1276 1765 109 75 When
1402 1765 56 75 the
1476 1765 142 75 fuperior
1640 1765 180 75 intercoftal
1837 1765 108 75 artery
1961 1765 78 75 does
2056 1765 57 75 not
2136 1765 41 75 go
2201 1765 57 75 ou$

1226 1810 85 75 from
1330 1810 55 75 the
1406 1810 96 75 trunk
1518 1810 40 75 of
1578 1810 54 75 the
1648 1810 91 75 aorta
1754 1810 204 75 deicendens,
1984 1810 25 75 it
2026 1810 181 75 commonly
2224 1810 33 75 a-

1225 1857 75 75 rifes
1316 1857 84 75 from
1413 1857 55 75 the
1480 1857 99 75 lower
1591 1857 63 75 fide
1666 1857 40 75 of
1716 1857 57 75 the
1788 1857 192 75 fubclavian,
1999 1857 62 75 and
2072 1857 74 75 runs
2160 1857 96 75 down

1225 1902 42 75 on
1284 1902 54 75 the
1354 1902 97 75 infide
1466 1902 41 75 of
1525 1902 56 75 the
1598 1902 77 75 two,
1700 1902 103 75 three,
1828 1902 41 75 or
1883 1902 72 75 four
1981 1902 178 75 uppermoft
2184 1902 72 75 true

1225 1950 78 75 ribs,
1336 1950 75 75 near
1428 1950 83 75 their
1526 1950 112 75 heads,
1664 1950 62 75 and
1740 1950 92 75 fends
1849 1950 59 75 off,
1933 1950 102 75 under
2051 1950 77 75 each
2147 1950 60 75 rib,
2235 1950 20 75 a

1224 1995 132 75 branch,
1376 1995 104 75 which
1493 1995 74 75 runs
1580 1995 95 75 along
1687 1995 55 75 the
1753 1995 100 75 lower
1864 1995 93 75 edge,
1976 1995 63 75 and
2050 1995 136 75 fupplies
2199 1995 56 75 the

1223 2042 177 75 intercoftal
1418 2042 132 75 mufcles
1566 2042 63 75 and
1645 2042 231 75 neighbouring
1892 2042 86 75 parts
1996 2042 40 75 of
2059 2042 54 75 the
2131 2042 121 75 pleura,

1269 2088 108 75 Thefe
1394 2088 167 75 branches,
1579 2088 37 75 or
1629 2088 172 75 particular
1813 2088 177 75 intercoftal
2003 2088 144 75 arteries,
2165 2088 87 75 com-

1223 2134 156 75 municate
1402 2134 79 75 with
1504 2134 78 75 each
1599 2134 93 75 other
1714 2134 33 75 at
1763 2134 152 75 different
1928 2134 154 75 diftances
2101 2134 45 75 by
2161 2134 91 75 fmall

1223 2180 90 75 rami,
1338 2180 105 75 which
1460 2180 59 75 run
1540 2180 133 75 upward
1689 2180 62 75 and
1765 2180 186 75 downward
1966 2180 84 75 from
2067 2180 60 75 one
2143 2180 36 75 to
2195 2180 55 75 the

1222 2225 104 75 other,
1351 2225 41 75 on
1409 2225 54 75 the
1479 2225 181 75 intercoftal
1672 2225 146 75 mufcles.

1267 2273 76 75 The
1360 2273 111 75 du£tus
1488 2273 181 75 arteriofus,
1695 2273 105 75 which
1816 2273 26 75 is
1859 2273 100 75 found
1975 2273 77 75 only
2068 2273 31 75 in
2117 2273 56 75 the
2190 2273 59 75 foe-

1221 2318 50 75 tus
1288 2318 63 75 and
1366 2318 33 75 in
1414 2318 78 75 very
1508 2318 108 75 young
1632 2318 156 75 children,
1813 2318 93 75 arifes
1924 2318 83 75 from
2020 2318 54 75 the
2091 2318 91 75 aorta
2193 2318 56 75 de-

1218 2364 163 75 fcendens,
1405 2364 218 75 immediately
1639 2364 103 75 below
1766 2364 55 75 the
1843 2364 61 75 left
1925 2364 178 75 fubclavian
2125 2364 122 75 artery.

1219 2409 37 75 In
1273 2409 119 75 adults,
1417 2409 64 75 this
1499 2409 74 75 dudt
1588 2409 26 75 is
1631 2409 115 75 fhrunk
1759 2409 40 75 up
1817 2409 61 75 and
1895 2409 118 75 clofed,
2038 2409 63 75 and
2117 2409 131 75 appears

1215 2456 80 75 only
1310 2456 65 75 like
1392 2456 18 75 a
1425 2456 85 75 fhort
1526 2456 151 75 ligament
1695 2456 153 75 adhering
1871 2456 43 75 by
1933 2456 60 75 one
2010 2456 63 75 end
2089 2456 35 75 to
2141 2456 55 75 the
2212 2456 34 75 a-

1218 2503 82 75 orta,
1325 2503 62 75 and
1404 2503 42 75 by
1462 2503 55 75 the
1533 2503 94 75 other
1643 2503 35 75 to
1695 2503 55 75 the
1775 2503 186 75 pulmonary
1979 2503 119 75 artery,
2123 2503 34 75 fo
2174 2503 72 75 that

1215 2549 31 75 in
1260 2549 115 75 reality
1390 2549 26 75 it
1432 2549 197 75 defervesno
1641 2549 93 75 other
1746 2549 90 75 name
1853 2549 75 75 than
1946 2549 70 75 that
2028 2549 39 75 of
2085 2549 158 75 ligamen-

1215 2594 70 75 tum
1300 2594 203 75 arteriofum.

1262 2642 75 75 The
1349 2642 163 75 bronchial
1529 2642 129 75 arteries
1677 2642 42 75 go
1734 2642 179 75 fometimes
1931 2642 83 75 from
2026 2642 55 75 the
2093 2642 150 75 fore-fide

1215 2687 40 75 of
1265 2687 56 75 the
1338 2687 139 75 fuperior
1488 2687 188 75 defeending
1689 2687 101 75 aorta,
1807 2687 182 75 fometimes
2007 2687 85 75 from
2108 2687 55 75 the
2179 2687 64 75 firft

1215 2734 190 75 intercoftal,
1431 2734 62 75 and
1516 2734 180 75 fometirnes
1719 2734 87 75 from
1821 2734 56 75 the
1902 2734 115 75 arteria
2031 2734 209 75 oefophagaea.

1216 2782 189 75 Sometimes
1417 2782 78 75 they
1507 2782 44 75 an
1600 2782 176 75 feparately
1794 2782 85 75 from
1897 2782 78 75 each
1998 2782 76 75 fide,
2099 2782 35 75 to
2151 2782 43 75 go
2206 2782 35 75 tq

1214 2826 76 75 each
1316 2826 89 75 lung,
1438 2826 61 75 and
1522 2826 179 75 fometimes
1729 2826 44 75 by
1796 2826 19 75 a
1840 2826 87 75 fmall
1958 2826 145 75 common
2129 2826 109 75 trunk,

1214 2873 105 75 which
1343 2873 188 75 afterwards
1554 2873 157 75 feparale.s
1741 2873 139 75 towards
1905 2873 55 75 the
1984 2873 87 75 right
2094 2873 63 75 and
2178 2873 63 75 left

1212 2919 96 75 hand,
1333 2919 34 75 at
1391 2919 55 75 the
1468 2919 193 75 bifurcation
1686 2919 40 75 of
1745 2919 55 75 the
1824 2919 108 75 afpera
1952 2919 129 75 arteria,
2107 2919 63 75 and
2186 2919 52 75 ac:

1212 2967 154 75 company
1384 2967 54 75 the
1455 2967 222 75 ramifications
1694 2967 41 75 of
1753 2967 55 75 the
1824 2967 165 75 bronchia.

1706 3023 14 75 3
1752 3023 41 75 M

2165 3023 76 75 The
