2397 3387
195 223 124 75 capfule
343 223 26 75 is
387 223 248 75 quadrangular,
660 223 80 75 with
756 223 66 75 two
849 223 106 75 da/lic
971 223 120 75 valves,
1117 223 63 75 and

193 271 65 75 two
274 271 102 75 feeds.
424 271 113 75 There
560 271 54 75 are
631 271 47 75 fix
699 271 130 75 fpecies,
854 271 82 75 none
959 271 41 75 of
1018 271 88 75 them
1122 271 55 75 na-

193 314 80 75 tives
286 314 41 75 of
337 314 139 75 Britain.

145 363 225 75 Barbacan,
394 363 33 75 in
444 363 222 75 architefture,
691 363 20 75 a
733 363 101 75 canal,
860 363 38 75 or
917 363 135 75 opening
1070 363 58 75 left
1144 363 33 75 in

194 412 54 75 the
264 412 86 75 wall,
368 412 51 75 for
431 412 101 75 water
543 412 35 75 to
595 412 90 75 come
701 412 32 75 in
746 412 62 75 and
823 412 42 75 go
877 412 69 75 out,
963 412 93 75 when
1073 412 104 75 build-

192 458 69 75 ings
278 458 53 75 are
348 458 126 75 eredted
485 458 32 75 in
533 458 106 75 places
655 458 95 75 liable
766 458 35 75 to
819 458 38 75 be
869 458 204 75 overflowed,
1091 458 36 75 or
1140 458 36 75 to

192 504 91 75 drain
294 504 50 75 off
357 504 54 75 the
428 504 100 75 water
544 504 84 75 from
647 504 18 75 a
677 504 112 75 terras,
815 504 38 75 or
868 504 55 75 the
940 504 77 75 like.

145 550 309 75 BARBADOES,
480 550 60 75 one
553 550 40 75 of
605 550 54 75 the
672 550 116 75 Britilh
800 550 159 75 Caribbee
976 550 132 75 Blands,
1126 550 48 75 ly-

192 599 55 75 ing
263 599 152 75 eaftward
430 599 41 75 of
493 599 43 75 all
552 599 57 75 the
625 599 72 75 relt,
723 599 31 75 in
775 599 41 75 59
816 581 22 49 0
860 599 128 75 30'W.
1005 599 89 75 long,
1113 599 62 75 and

197 646 39 75 13
236 628 24 49 0
274 646 49 75 N.
340 646 58 75 lat.
423 646 95 75 being
534 646 78 75 only
625 646 41 75 25
686 646 89 75 miles
792 646 32 75 in
841 646 124 75 length,
990 646 62 75 and
1076 646 99 75 about

198 691 37 75 15
254 691 33 75 in
303 691 149 75 breadth.

145 737 341 75 Barbadoes-tar,
512 737 19 75 a
547 737 130 75 mineral
693 737 79 75 fluid
794 737 40 75 of
852 737 55 75 the
923 737 113 75 nature
1059 737 41 75 of
1119 737 55 75 the

194 784 125 75 thicker
345 784 77 75 fluid
438 784 171 75 bituinens,
634 784 41 75 of
694 784 19 75 a
728 784 164 75 naufeous,
917 784 141 75 bittcrilh
1083 784 90 75 tafte,

191 831 78 75 very
295 831 106 75 llrong
425 831 61 75 and
514 831 213 75 difagreeable
753 831 103 75 fmell,
891 831 102 75 found
1020 831 31 75 in
1080 831 95 75 many

191 879 87 75 parts
307 879 40 75 of
364 879 154 75 America
547 879 153 75 trickling
734 879 97 75 down
854 879 57 75 the
942 879 79 75 fides
1053 879 40 75 of
1119 879 56 75 the

191 924 192 75 mountains,
408 924 63 75 and
498 924 180 75 fometimes
699 924 132 75 floating
853 924 41 75 on
921 924 57 75 the
1001 924 121 75 furface
1140 924 40 75 of

190 972 55 75 the
273 972 128 75 Waters.
457 972 33 75 It
514 972 57 75 has
598 972 81 75 Keen
712 972 125 75 greatly
869 972 246 75 recommended
1141 972 33 75 in

190 1018 133 75 coughs,
349 1018 63 75 and
429 1018 93 75 other
537 1018 160 75 diforders
713 1018 41 75 of
764 1018 56 75 the
836 1018 102 75 breaft
950 1018 64 75 and
1028 1018 106 75 lungs,

143 1065 316 75 BARBANCON,
486 1065 17 75 a
519 1065 201 75 principality
729 1065 41 75 of
782 1065 168 75 Hainault.

143 1111 245 75 BARBARA,
422 1111 115 75 among
564 1111 164 75 logicians,
763 1111 55 75 the
851 1111 64 75 lirft
941 1111 95 75 mode
1058 1111 42 75 of
1118 1111 56 75 the

190 1157 64 75 firft
270 1157 99 75 figure
386 1157 40 75 of
437 1157 190 75 fyllogifms.

238 1205 33 75 A
284 1205 159 75 fyllogifm
460 1205 32 75 in
513 1205 147 75 barbara,
685 1205 26 75 is
728 1205 62 75 one
809 1205 148 75 whereof
969 1205 41 75 all
1028 1205 56 75 the
1100 1205 74 75 pro-

191 1251 149 75 pofitions
370 1251 54 75 are
449 1251 154 75 univerfal
636 1251 63 75 and
725 1251 210 75 affirmative;
968 1251 56 75 the
1054 1251 120 75 middle

189 1299 82 75 term
287 1299 93 75 being
397 1299 56 75 the
470 1299 119 75 fubjedt
613 1299 39 75 of
663 1299 56 75 the
735 1299 64 75 firft
816 1299 205 75 propofition,
1047 1299 63 75 and
1126 1299 48 75 at-

189 1346 119 75 tribute
319 1346 33 75 in
368 1346 56 75 the
440 1346 129 75 fecond.
618 1346 67 75 For
700 1346 160 75 example.

237 1393 93 75 Bar.
357 1393 111 75 Every
483 1393 125 75 wicked
624 1393 73 75 man
713 1393 27 75 is
757 1393 187 75 miferable;

238 1438 70 75 Ba.
333 1438 57 75 All
403 1438 125 75 tyrants
546 1438 54 75 are
615 1438 126 75 wicked
754 1438 72 75 men
841 1438 10 75 ;

236 1485 71 75 Ra.
332 1485 185 75 Therefore
534 1485 184 75 alljtyrants
735 1485 53 75 are
805 1485 177 75 miferable.

147 1532 293 75 BARBARIAN,
459 1532 19 75 a
489 1532 90 75 name
595 1532 95 75 given
705 1532 44 75 by
761 1532 55 75 the
832 1532 125 75 ancient
969 1532 129 75 Greeks
1113 1532 61 75 and

191 1578 141 75 Romans
356 1578 36 75 to
409 1578 42 75 all
468 1578 75 75 who
558 1578 86 75 were
671 1578 56 75 not
751 1578 42 75 of
815 1578 84 75 their
921 1578 73 75 own
1021 1578 150 75 country,

190 1625 36 75 or
248 1625 85 75 were
350 1625 58 75 not
422 1625 146 75 initiated
583 1625 32 75 in
632 1625 83 75 their
730 1625 168 75 language,
922 1625 161 75 manners,
1112 1625 64 75 and

193 1672 149 75 cuftoms.

236 1718 40 75 In
291 1718 65 75 this
373 1718 85 75 fenfe
480 1718 56 75 the
552 1718 92 75 word
666 1718 141 75 fignified
823 1718 80 75 with
920 1718 88 75 them
1027 1718 40 75 no
1085 1718 87 75 more

190 1765 76 75 than
294 1765 181 75 foreigner;
502 1765 57 75 not
579 1765 180 75 fignifying,
785 1765 34 75 as
844 1765 115 75 among
976 1765 49 75 us,
1051 1765 19 75 a
1086 1765 87 75 wild,

191 1811 90 75 rude,
308 1811 36 75 or
361 1811 193 75 unciviliaid
565 1811 124 75 perfon.

144 1858 295 75 BARBARISM,
465 1858 32 75 in
522 1858 19 75 a
556 1858 129 75 general
708 1858 98 75 fenfe,
832 1858 19 75 a
874 1858 148 75 rudenefs
1046 1858 41 75 of
1105 1858 68 75 lan-

191 1905 100 75 guage
308 1905 37 75 or
361 1905 186 75 behaviour.

144 1951 241 75 Barbarism,
410 1951 32 75 in
460 1951 170 75 grammar,
655 1951 39 75 an
711 1951 124 75 offence
860 1951 118 75 againft
994 1951 55 75 the
1067 1951 108 75 purity

189 1998 40 75 of
251 1998 78 75 ftyle
357 1998 38 75 or
422 1998 179 75 language;
635 1998 37 75 or
696 1998 38 75 an
763 1998 261 75 ungrammatical
1049 1998 70 75 way
1139 1998 40 75 of

188 2044 149 75 fpeaking
353 2044 38 75 or
415 2044 141 75 writing,
582 2044 37 75 or
636 2044 149 75 contrary
802 2044 34 75 to
853 2044 56 75 the
934 2044 73 75 true
1023 2044 98 75 idiom
1138 2044 42 75 of

189 2090 61 75 any
267 2090 173 75 particular
455 2090 170 75 language.

143 2136 240 75 BARBARY,
409 2136 19 75 a
442 2136 89 75 large
559 2136 81 75 tradt
663 2136 39 75 of
725 2136 125 75 Africa,
875 2136 175 75 extending
1078 2136 95 75 along

191 2183 54 75 the
259 2183 274 75 Mediterranean,
551 2183 84 75 from
653 2183 19 75 2
672 2165 24 49 0
708 2183 61 75 W.
786 2183 90 75 long,
894 2183 35 75 to
944 2183 63 75 30
1022 2183 44 75 E.
1083 2183 90 75 long,

190 2229 70 75 that
277 2229 40 75 is,
336 2229 83 75 from
432 2229 55 75 the
504 2229 83 75 river
602 2229 141 75 Mulvia,
760 2229 106 75 which
883 2229 156 75 feparates
1051 2229 26 75 it
1090 2229 85 75 from

189 2277 173 75 Morocco,
379 2277 36 75 to
426 2277 123 75 Egypt.

238 2322 31 75 It
286 2322 228 75 comprehends
522 2322 55 75 the
589 2322 160 75 countries
761 2322 40 75 of
813 2322 131 75 Algers,
960 2322 119 75 Tunis,
1096 2322 79 75 Tri-

190 2369 78 75 poli,
294 2369 61 75 and
372 2369 116 75 Barca.

1129 2369 33 75 *-

143 2416 304 75 BARBASOTE,
473 2416 19 75 a
508 2416 139 75 fea-port
667 2416 41 75 of
719 2416 116 75 Africa
850 2416 31 75 in
900 2416 54 75 the
971 2416 154 75 kingdom
1141 2416 40 75 of

191 2462 80 75 Fez,
296 2462 33 75 at
346 2462 18 75 a
375 2462 84 75 little
474 2462 136 75 diftance
626 2462 86 75 from
728 2462 119 75 Ceuta.
899 2462 62 75 See
974 2462 151 75 Ceuta.

144 2510 174 75 BARBE,
331 2510 32 75 in
375 2510 190 75 commerce,
583 2510 19 75 a
614 2510 137 75 barbary
763 2510 104 75 horfe,
885 2510 126 75 greatly
1019 2510 157 75 efteemed

191 2555 51 75 for
259 2555 41 75 its
328 2555 129 75 beauty,
483 2555 154 75 ftrength,
663 2555 63 75 and
750 2555 169 75 fwiftnefs.
974 2555 123 75 Barbes
1122 2555 53 75 are

191 2601 181 75 commonly
387 2601 40 75 of
450 2601 17 75 a
483 2601 67 75 Him
567 2601 104 75 lhape,
697 2601 63 75 and
786 2601 81 75 have
892 2601 80 75 very
988 2601 70 75 thin
1083 2601 90 75 legs;

190 2649 78 75 they
285 2649 101 75 retain
403 2649 85 75 their
503 2649 113 75 vigour
632 2649 35 75 to
684 2649 56 75 the
762 2649 69 75 laft,
858 2649 61 75 and
943 2649 53 75 are
1013 2649 163 75 therefore

190 2695 93 75 much
301 2695 110 75 prized
427 2695 51 75 fbr
491 2695 151 75 ftallions.
692 2695 98 75 They
802 2695 53 75 are
871 2695 75 75 ufed
963 2695 81 75 both
1057 2695 52 75 for
1121 2695 55 75 the

190 2741 107 75 faddle
317 2741 62 75 and
396 2741 54 75 the
468 2741 112 75 coach.

143 2788 143 75 Barbe,
300 2788 32 75 in
346 2788 280 75 themilitaryart:
645 2788 56 75 To
713 2788 56 75 fire
781 2788 32 75 in
830 2788 112 75 barbe,
955 2788 107 75 means
1074 2788 36 75 to
1119 2788 59 75 fire

190 2835 55 75 the
262 2835 121 75 cannon
400 2835 77 75 over
493 2835 55 75 the
566 2835 142 75 parapet,
733 2835 121 75 inftead
870 2835 41 75 of
929 2835 93 75 firing
1039 2835 138 75 through

190 2881 56 75 the
263 2881 227 75 embraffures;
516 2881 30 75 in
564 2881 105 75 which
693 2881 68 75 cafe
784 2881 55 75 the
867 2881 132 75 parapet
1017 2881 79 75 muft
1122 2881 57 75 not

188 2928 39 75 be
243 2928 102 75 above
363 2928 90 75 three
470 2928 66 75 feet
552 2928 62 75 and
633 2928 18 75 a
669 2928 75 75 half
754 2928 90 75 high.

142 2975 144 75 Barbe,
312 2975 37 75 or
365 2975 148 75 Ba.rde,
539 2975 25 75 is
591 2975 39 75 an
658 2975 55 75 old
735 2975 102 75 word,
863 2975 155 75 denoting
1045 2975 55 75 the
1130 2975 48 75 ar-

174 3021 3 75 .
188 3021 91 75 mour
291 3021 41 75 of
344 3021 54 75 the
414 3021 107 75 horfes
539 3021 40 75 of
588 3021 58 75 the
661 3021 124 75 ancient
801 3021 131 75 knights
951 3021 64 75 and
1031 3021 148 75 foldiers,

189 3069 99 75 Vol.
317 3069 29 75 I.
395 3069 70 75 No.
485 3069 56 75 22.

1061 3069 19 75 3

1306 158 17 75 )

1685 158 38 75 R
1781 158 41 75 A
1879 158 36 75 R

1275 215 74 75 who
1366 215 84 75 were
1466 215 172 75 accoutred
1656 215 33 75 at
1706 215 42 75 all
1766 215 119 75 points.
1933 215 76 75 It-is
2027 215 63 75 faid
2108 215 35 75 to
2159 215 39 75 be
2220 215 39 75 ati

1277 262 127 75 armour
1416 262 41 75 of
1465 262 68 75 iron
1546 262 61 75 and
1621 262 134 75 leather,
1768 262 186 75 wherewith
1969 262 53 75 the
2034 262 92 75 neck,
2145 262 112 75 breaft,

1276 310 61 75 and
1355 310 161 75 ffioulders
1534 310 40 75 of
1584 310 56 75 the
1652 310 92 75 horfe
1761 310 84 75 were
1862 310 147 75 Covered.

1229 356 212 75 BARBED,
1467 356 30 75 in
1516 356 17 75 a
1549 356 127 75 general
1693 356 97 75 fenfe,
1817 356 138 75 bearded
1971 356 64 75 like
2052 356 19 75 a
2087 356 169 75 fiffi-book,

1275 404 45 75 fet
1336 404 78 75 with
1432 404 117 75 barbs;
1578 404 64 75 alfo
1659 404 115 75 fhaved
1790 404 38 75 or
1841 404 160 75 trimmed.

1227 451 172 75 Barbed,
1413 451 63 75 and
1490 451 187 75 crested,
1691 451 32 75 in
1734 451 163 75 heraldry,
1908 451 39 75 an
1960 451 191 75 appellation
2164 451 93 75 given

1273 498 35 75 to
1325 498 55 75 the
1396 498 110 75 combs
1524 498 62 75 and
1602 498 72 75 gills
1697 498 40 75 of
1748 498 20 75 a
1784 498 92 75 cock,
1902 498 92 75 when
2012 498 247 75 particularized

1273 544 52 75 for
1341 544 93 75 being
1446 544 42 75 of
1499 544 19 75 a
1533 544 151 75 different
1699 544 136 75 timffure
1850 544 85 75 from
1952 544 54 75 the
2025 544 97 75 body.

1320 592 33 75 A
1369 592 121 75 barbed
1506 592 97 75 crofs,
1632 592 26 75 is
1672 592 19 75 a
1702 592 98 75 crofs,
1818 592 55 75 the
1890 592 199 75 extremities
2113 592 151 75 whereof

1273 638 52 75 are
1343 638 63 75 like
1423 638 56 75 the
1495 638 122 75 barbed
1633 638 87 75 irons
1737 638 76 75 ufed
1828 638 52 75 for
1896 638 130 75 ftriking
2043 638 40 75 of
2093 638 68 75 fifli.
2196 638 62 75 See

1272 685 92 75 Plate
1382 685 63 75 LI.
1464 685 54 75 fig.
1535 685 34 75 6.

1225 732 374 75 BARBELICOTAE,
1618 732 31 75 in
1663 732 119 75 church
1800 732 133 75 hiftory,
1951 732 20 75 a
1982 732 61 75 fed!
2056 732 39 75 of
2107 732 150 75 gnoftics,

1272 779 73 75 who
1358 779 142 75 affirmed
1511 779 71 75 that
1599 779 38 75 an
1648 779 158 75 immortal
1822 779 74 75 Eon
1910 779 63 75 had
1990 779 176 75 commerce
2179 779 79 75 with

1273 826 19 75 a
1314 826 103 75 virgin
1434 826 103 75 called
1557 826 188 75 Barbelath,
1770 826 36 75 to
1830 826 106 75 whom
1953 826 42 75 he
2021 826 136 75 granted
2188 826 70 75 fuc-

1273 873 142 75 ceflively
1423 873 55 75 the
1490 873 62 75 gift
1564 873 40 75 of
1614 873 176 75 prophecy,
1803 873 285 75 incorruptibility,
2099 873 62 75 and
2172 873 85 75 eter-

1273 920 52 75 nal
1342 920 70 75 life.

1225 967 207 75 BARBER,
1458 967 60 75 one
1536 967 74 75 who
1626 967 107 75 makes
1752 967 20 75 a
1796 967 93 75 trade
1907 967 39 75 of
1957 967 128 75 (having
2111 967 37 75 or
2164 967 91 75 trim-

1272 1013 88 75 ming
1383 1013 55 75 the
1454 1013 114 75 beards
1586 1013 39 75 of
1642 1013 92 75 other
1752 1013 71 75 men
1848 1013 52 75 for
1915 1013 128 75 money.

1226 1060 297 75 BARBERINO,
1556 1060 18 75 a
1594 1060 87 75 town
1704 1060 41 75 of
1755 1060 151 75 Tufcany
1928 1060 33 75 in
1988 1060 98 75 Italy,
2123 1060 135 75 fituated

1273 1107 84 75 upon
1373 1107 57 75 the
1441 1107 84 75 river
1538 1107 102 75 Siera,
1653 1107 32 75 in
1699 1107 60 75 11
1772 1107 44 75 E.
1827 1107 89 75 long.
1930 1107 114 75 and44
2044 1089 18 49 0
2082 1107 16 75 j
2098 1089 14 49 7
2129 1107 47 75 N.
2190 1107 58 75 lat.

1226 1153 273 75 BARBERRY,
1524 1153 33 75 in
1572 1153 134 75 botany.
1756 1153 287 75 SccBerberis.

1226 1201 261 75 BARBICAN,
1514 1201 38 75 or
1567 1201 224 75 Barbacan.
1842 1201 61 75 See
1920 1201 224 75 Barbacan.

1227 1248 205 75 BARBLE,
1459 1248 37 75 or
1512 1248 170 75 Barbel.
1733 1248 62 75 See
1811 1248 169 75 Barbel.

1225 1294 234 75 BARBLES,
1483 1294 38 75 or
1536 1294 145 75 Barbs,
1698 1294 32 75 in
1747 1294 149 75 farriery,
1915 1294 54 75 the
1985 1294 95 75 knots
2097 1294 38 75 or
2150 1294 107 75 fuper-

1272 1341 102 75 fluous
1390 1341 88 75 fleffi,
1503 1341 70 75 that
1596 1341 99 75 grow,
1702 1341 43 75 up
1768 1341 32 75 in
1817 1341 56 75 the
1890 1341 148 75 channels
2052 1341 40 75 of
2103 1341 18 75 a
2137 1341 119 75 horfes

1273 1387 112 75 mouth
1397 1387 10 75 ;
1435 1387 70 75 that
1520 1387 41 75 is,
1580 1387 31 75 in
1624 1387 55 75 the
1694 1387 235 75 intervalsnhat
1946 1387 142 75 feparate
2105 1387 54 75 the
2172 1387 82 75 bars.,

1275 1434 61 75 and
1352 1434 42 75 lie
1409 1434 102 75 under
1534 1434 56 75 the
1606 1434 133 75 tongue.

1226 1482 298 75 BARBOTINE,
1549 1482 19 75 a
1579 1482 73 75 feed
1667 1482 103 75 called
1776 1482 112 75 femen
1903 1482 222 75 fantonicum,
2154 1482 34 75 &
2200 1482 54 75 fe-

1274 1528 69 75 men
1371 1528 115 75 contra
1516 1528 143 75 vermes;
1694 1528 32 75 in
1753 1528 145 75 Englilh,
1931 1528 102 75 worm
2049 1528 85 75 feed.
2195 1528 63 75 See

1272 1575 260 75 Worm-seed.

1226 1622 244 75 BARBORA,
1497 1622 18 75 a
1529 1622 157 75 maritime
1703 1622 66 75 city
1781 1622 39 75 of
1833 1622 125 75 Africa,
1984 1622 31 75 in
2031 1622 57 75 the
2103 1622 154 75 kingdom

1274 1670 39 75 of
1320 1670 98 75 Adel,
1436 1670 85 75 upon
1538 1670 55 75 the
1609 1670 147 75 ftreights
1773 1670 40 75 of
1825 1670 242 75 Babelmandel.

1226 1715 249 75 BARBUDA,
1500 1715 62 75 one
1574 1715 40 75 of
1626 1715 55 75 the
1697 1715 118 75 Britiffi
1834 1715 159 75 Caribbee
2010 1715 132 75 Iflands,
2160 1715 98 75 about

1276 1764 44 75 20
1344 1764 90 75 miles
1461 1764 89 75 long,
1575 1764 63 75 and
1665 1764 40 75 12
1724 1764 111 75 broad,
1860 1764 33 75 in
1919 1764 62 75 6i
2003 1764 61 75 W.
2081 1764 88 75 long,
2196 1764 63 75 and

1279 1811 38 75 18
1317 1793 23 49 0
1360 1811 48 75 N.
1426 1811 59 75 lat.

1227 1857 203 75 BARBUS,
1456 1857 32 75 in
1505 1857 223 75 ichthyology.
1779 1857 61 75 See
1857 1857 217 75 Cyprinus.

1226 1904 371 75 BARBUSINSKOI,
1623 1904 19 75 a
1658 1904 67 75 city
1741 1904 41 75 of
1807 1904 86 75 Afia,
1913 1904 32 75 in
1963 1904 55 75 the
2042 1904 127 75 Ruffian
2192 1904 66 75 em-

1271 1951 80 75 pire,
1377 1951 134 75 fituated
1523 1951 83 75 upon
1625 1951 54 75 the
1692 1951 119 75 eaftern
1829 1951 83 75 bank
1924 1951 40 75 of
1975 1951 55 75 the
2047 1951 72 75 lake
2128 1951 127 75 Baikal.

1224 1997 173 75 BARBY,
1423 1997 19 75 a
1461 1997 90 75 town
1563 1997 39 75 of
1614 1997 113 75 Upper
1745 1997 146 75 Saxony,
1916 1997 33 75 in
1966 1997 179 75 Germany,
2171 1997 86 75 upon

1272 2044 54 75 the
1339 2044 98 75 Elbe.

1225 2090 242 75 BARBYLA,
1492 2090 31 75 in
1540 2090 133 75 botany.
1725 2090 62 75 See
1803 2090 177 75 Prunus.

1227 2137 176 75 BARCA,
1434 2137 18 75 a
1469 2137 135 75 country
1630 2137 89 75 lying
1747 2137 41 75 on
1812 2137 56 75 the
1895 2137 273 75 Mediterranean,
2200 2137 57 75 be-

1273 2183 103 75 tween
1393 2183 130 75 Tripoli
1550 2183 63 75 and
1638 2183 137 75 Egypt;
1810 2183 18 75 a
1852 2183 113 75 barren
1989 2183 105 75 defart
2122 2183 51 75 for
2201 2183 56 75 the

1273 2230 79 75 moft
1369 2230 83 75 part.

1226 2277 281 75 BARCALON,
1533 2277 37 75 an
1589 2277 170 75 apellation
1777 2277 91 75 given
1886 2277 35 75 to
1934 2277 55 75 the
2002 2277 100 75 prime
2119 2277 138 75 minifter

1275 2324 38 75 of
1326 2324 55 75 the
1397 2324 76 75 king
1486 2324 40 75 of
1538 2324 100 75 Siam.
1686 2324 77 75 The
1779 2324 150 75 barcalon
1945 2324 57 75 has
2019 2324 31 75 in
2067 2324 49 75 his
2129 2324 129 75 depart-

1274 2369 87 75 ment
1378 2369 96 75 every
1492 2369 91 75 thing
1599 2369 134 75 relating
1748 2369 36 75 to
1800 2369 192 75 commerce,
2016 2369 80 75 both
2114 2369 30 75 at
2159 2369 99 75 home

1272 2416 63 75 and
1359 2416 130 75 abroad.
1539 2416 53 75 He
1620 2416 25 75 is
1673 2416 141 75 likewife
1842 2416 259 75 fuperintendant
2136 2416 40 75 of
2202 2416 56 75 the

1274 2463 103 75 kings
1394 2463 195 75 magazines.

1228 2511 312 75 BARCELONA,
1565 2511 55 75 the
1644 2511 90 75 chief
1746 2511 65 75 city
1834 2511 41 75 of
1888 2511 180 75 Catalonia,
2095 2511 31 75 in
2145 2511 111 75 Spain.

1276 2557 30 75 It
1323 2557 27 75 is
1374 2557 135 75 fituated
1536 2557 33 75 in
1585 2557 19 75 a
1620 2557 88 75 large
1724 2557 84 75 plain
1834 2557 95 75 along
1957 2557 54 75 the
2034 2557 90 75 fhore
2139 2557 40 75 of
2202 2557 56 75 the

1274 2605 260 75 Mediterranean
1549 2605 10 75 ;
1585 2605 95 75 being
1704 2605 129 75 divided
1857 2605 69 75 into
1943 2605 54 75 the
2024 2605 71 75 new
2125 2605 60 75 and
2204 2605 55 75 old

1273 2649 101 75 town,
1399 2649 163 75 feparated
1578 2649 84 75 from
1679 2649 77 75 $aeh
1775 2649 92 75 other
1882 2649 44 75 by
1940 2649 18 75 a
1974 2649 73 75 wall
2065 2649 64 75 and
2144 2649 88 75 ditch
2245 2649 11 75 :

1278 2698 35 75 2
1331 2698 43 75 E.
1393 2698 87 75 long,
1498 2698 62 75 and
1578 2698 40 75 41
1618 2680 21 49 0
1660 2698 113 75 20'N.
1792 2698 58 75 lat,

1228 2745 378 75 BARCELONETA,
1632 2745 18 75 a
1673 2745 87 75 town
1781 2745 39 75 of
1831 2745 183 75 Piedmont,
2040 2745 67 75 nou
2107 2727 6 49 r
2138 2745 120 75 fubjeft

1278 2788 31 75 to
1325 2788 140 75 France:
1494 2788 42 75 6
1554 2788 54 75 40'
1626 2788 44 75 E,
1688 2788 91 75 long,
1797 2788 61 75 and
1876 2788 45 75 44
1921 2770 23 49 0
1959 2788 56 75 35'
2031 2788 48 75 N.
2092 2788 65 75 lat,

1230 2839 275 75 BARCELGR,
1531 2839 37 75 or
1584 2839 220 75 Basselor,
1823 2839 18 75 a
1858 2839 175 75 port-toum
2047 2839 40 75 on
2106 2839 56 75 the
2176 2839 84 75 coaft

1278 2885 38 75 of
1328 2885 161 75 Malabar,
1514 2885 31 75 in
1566 2885 65 75 74
1651 2885 38 75 ij
1689 2867 13 49 7
1719 2885 44 75 E.
1781 2885 88 75 long,
1889 2885 61 75 and
1968 2885 36 75 13
2014 2867 16 49 0
2048 2885 53 75 3c/
2118 2885 47 75 N.
2185 2885 57 75 lat.

1231 2932 267 75 BARCELOS,
1524 2932 18 75 a
1560 2932 84 75 town
1663 2932 39 75 of
1714 2932 54 75 the
1790 2932 149 75 province
1956 2932 33 75 ot
2006 2932 254 75 Entre-Minho-

1279 2978 107 75 Duro,
1412 2978 31 75 in
1457 2978 169 75 Portugal,
1653 2978 97 75 about
1770 2978 41 75 30
1829 2978 90 75 miles
1936 2978 95 75 north
2044 2978 41 75 of
2094 2978 115 75 Porto,
2226 2978 34 75 in

1280 3027 19 75 9
1299 3009 23 49 0
1342 3027 51 75 15'
1409 3027 61 75 W.
1490 3027 88 75 long,
1597 3027 63 75 and
1673 3027 39 75 41
1712 3009 22 49 0
1754 3027 44 75 20
1824 3027 48 75 N.
1890 3027 58 75 lat.

1695 3074 21 75 6
1739 3074 63 75 Q_

2109 3074 148 75 BARD,
