2396 3377
453 139 229 75 ALT

1032 139 19 75 (
1116 139 76 75 128
1252 139 19 75 )

1621 139 229 75 ALT

102 208 249 75 Altemburg
380 208 26 75 is
424 208 65 75 alfo
505 208 78 75 ufed
605 208 43 75 by
664 208 86 75 ibme
767 208 52 75 for
838 208 193 75 Altenburg.
1078 208 62 75 See

149 254 261 75 Altenburg.

102 301 219 75 ALTENA,
347 301 19 75 a
381 301 178 75 port-town
576 301 210 75 of-Holftein,
803 301 33 75 in
858 301 182 75 Germany,
1065 301 75 75 fitu-

149 347 56 75 ted
224 347 41 75 on
289 347 56 75 the
361 347 84 75 river
461 347 96 75 Elbe.
609 347 33 75 It
658 347 133 75 belongs
808 347 35 75 to
863 347 56 75 the
937 347 123 75 Dane§,
1078 347 64 75 and

149 396 26 75 is
194 396 55 75 the
267 396 89 75 place
373 396 107 75 where
496 396 44 75 all
552 396 85 75 their
654 396 76 75 Ead
748 396 92 75 India
856 396 102 75 goods
978 396 54 75 are
1055 396 84 75 fold.

102 443 323 75 ALTENBURG,
459 443 19 75 a
493 443 87 75 town
600 443 40 75 of
659 443 132 75 Mifnia,
816 443 33 75 in
866 443 55 75 the
938 443 100 75 upper
1056 443 84 75 Sax-

150 489 76 75 ony,
244 489 98 75 about
361 489 41 75 25
422 489 92 75 miles
532 489 36 75 S.
587 489 41 75 of
647 489 138 75 Leipiic,
811 489 63 75 and
893 489 120 75 fubjedt
1033 489 36 75 to
1085 489 57 75 the

150 536 155 75 duke.of
325 536 87 75 Saxe
430 536 198 75 Altenburg.
661 536 45 75 E.
723 536 90 75 long.
836 536 39 75 12
875 518 21 49 0
915 536 68 75 44',
1010 536 48 75 N.
1082 536 58 75 lat.

154 584 60 75 50°
237 584 54 75 52'
291 584 12 75 .

102 628 491 75 ALTENBURG-OWAR,
627 628 19 75 a
675 628 145 75 fortified
852 628 87 75 town
973 628 40 75 of
1042 628 101 75 lower

151 675 170 75 Hungary,
338 675 138 75 fituated
491 675 41 75 on
547 675 58 75 the
620 675 86 75 river
722 675 151 75 Danube,
892 675 63 75 and
970 675 122 75 fubjedt
1108 675 34 75 to

149 724 57 75 the
222 724 99 75 houfe
346 724 40 75 of
409 724 142 75 Auftria.
587 724 44 75 E.
649 724 90 75 long.
761 724 40 75 17
801 706 21 49 0
840 724 68 75 20^,
934 724 48 75 N.
1000 724 58 75 lat.
1077 724 64 75 48°

155 779 13 75 1
179 779 26 75 s'
205 779 15 75 -
285 779 12 75 -

102 817 343 75 ALTENSPACH,
471 817 19 75 a
507 817 67 75 city
590 817 40 75 of
648 817 181 75 Germany,
858 817 32 75 in
915 817 56 75 the
995 817 95 75 circle
1102 817 45 75 of

153 863 138 75 Swabia,
321 863 136 75 fituated
471 863 145 75 between
634 863 56 75 the
713 863 89 75 lakes
819 863 40 75 of
878 863 177 75 Conftance
1079 863 63 75 and

154 910 97 75 Zeill.

103 957 316 75 ALTERANTS,
444 957 38 75 or
508 957 261 75 Alterative
796 957 182 75 medicines,
1003 957 77 75 fuch
1107 957 33 75 as

150 1004 121 75 corredt
297 1004 56 75 the
380 1004 65 75 bad
462 1004 149 75 qualities
636 1004 41 75 of
695 1004 56 75 the
776 1004 99 75 blood
892 1004 63 75 and
971 1004 94 75 other
1081 1004 59 75 hu-

151 1051 120 75 mours,
296 1051 141 75 without
454 1051 197 75 occafioning
667 1051 63 75 any
744 1051 130 75 fenfible
889 1051 201 75 evacuation.

105 1098 284 75 ALTERATE,
415 1098 32 75 in
475 1098 97 75 mulic
588 1098 63 75 and
670 1098 180 75 geometry.
900 1098 62 75 See
987 1098 139 75 Sesqui
1134 1098 9 75 .

102 1145 342 75 ALTERATION,
470 1145 32 75 in
526 1145 19 75 a
568 1145 128 75 general
713 1145 97 75 fenfe,
836 1145 132 75 denotes
986 1145 85 75 fome
1087 1145 54 75 va-

151 1191 116 75 riation
295 1191 32 75 in
352 1191 56 75 the
434 1191 148 75 qualities
610 1191 38 75 or
668 1191 238 75 circumftances
935 1191 40 75 of
994 1191 19 75 a
1037 1191 104 75 thing,

150 1238 141 75 without
309 1238 125 75 wholly
450 1238 159 75 changing
624 1238 41 75 its
683 1238 124 75 nature.

104 1284 279 75 Alteration,
408 1284 33 75 in
462 1284 168 75 medicine,
655 1284 26 75 is
706 1284 208 75 particularly
929 1284 76 75 ufed
1029 1284 35 75 to
1086 1284 57 75 de-

152 1333 74 75 note
248 1333 58 75 the
331 1333 103 75 adtion
462 1333 40 75 of
521 1333 137 75 alterant
685 1333 185 75 medicines.
921 1333 62 75 See
1015 1333 128 75 Alte-

156 1378 136 75 rants.

104 1426 292 75 ALTERCUM,
432 1426 32 75 in
497 1426 132 75 botany,
659 1426 40 75 an
731 1426 141 75 obfolete
906 1426 91 75 name
1028 1426 40 75 of
1088 1426 56 75 the

154 1471 223 75 Hyofciamus.
428 1471 62 75 See
507 1471 280 75 Hyosciamus.

105 1520 428 75 ALTERDOCHAON,
559 1520 17 75 a
601 1520 87 75 town
712 1520 40 75 of
783 1520 168 75 Portugal,
976 1520 33 75 in
1034 1520 108 75 Eftre-

152 1566 145 75 madura,
323 1566 91 75 three
431 1566 126 75 leagues
577 1566 36 75 S.
631 1566 62 75 W.
712 1566 39 75 of
770 1566 200 75 Portalegre.

105 1613 267 75 ALTERITY,
399 1613 18 75 a
443 1613 84 75 term
554 1613 78 75 ufed
660 1613 45 75 by
733 1613 84 75 fome
845 1613 218 75 philofophers
1091 1613 53 75 for

153 1659 88 75 what
268 1659 26 75 is
311 1659 90 75 more
419 1659 124 75 ufually
560 1659 104 75 called
689 1659 160 75 diverfity.
900 1659 62 75 See
995 1659 148 75 Diver-

156 1705 105 75 sity.

105 1753 359 75 ALTERN-BASE,
489 1753 32 75 in
550 1753 247 75 trigonometry,
833 1753 19 75 a
885 1753 82 75 term
999 1753 77 75 ufed
1111 1753 33 75 in

153 1799 291 75 contradiftindlion
460 1799 36 75 to
513 1799 55 75 the
594 1799 71 75 true
690 1799 85 75 bafe.
823 1799 96 75 Thus
952 1799 33 75 in
1012 1799 132 75 oblique

152 1846 167 75 triangles,
348 1846 56 75 the
419 1846 71 75 true
508 1846 72 75 bafe
596 1846 26 75 is
640 1846 103 75 either
759 1846 56 75 the
831 1846 67 75 fum
915 1846 40 75 of
974 1846 55 75 the
1048 1846 93 75 fides,

154 1893 64 75 and
235 1893 76 75 then
323 1893 55 75 the
389 1893 173 75 difference
579 1893 40 75 of
634 1893 54 75 the
705 1893 79 75 fides
796 1893 140 75 isealled
952 1893 55 75 the
1023 1893 118 75 altern-

154 1941 94 75 bafe;
275 1941 38 75 or
335 1941 56 75 the
407 1941 71 75 true
494 1941 72 75 bafe
590 1941 27 75 is
641 1941 56 75 the
719 1941 171 75 difference
907 1941 41 75 of
969 1941 56 75 the
1047 1941 93 75 fides,

154 1987 64 75 and
233 1987 78 75 then
327 1987 56 75 the
398 1987 68 75 fum
493 1987 40 75 of
553 1987 56 75 the
633 1987 79 75 fides
743 1987 28 75 is
803 1987 104 75 called
937 1987 56 75 the
1024 1987 118 75 altem^

153 2034 86 75 bafe.

106 2081 331 75 ALTERNATE,-
451 2081 32 75 in
502 2081 18 75 a
536 2081 128 75 general
685 2081 97 75 fenfe,
808 2081 18 75 a
849 2081 83 75 term
955 2081 126 75 applied
1108 2081 36 75 to

154 2127 75 75 fuch
253 2127 129 75 perfons
399 2127 38 75 or
453 2127 108 75 things
579 2127 33 75 as
630 2127 133 75 fucceed
779 2127 78 75 each
873 2127 94 75 other
984 2127 44 75 by
1039 2127 103 75 turns.

153 2174 110 75 Thus,
281 2174 67 75 two
364 2174 74 75 who
462 2174 168 75 command
656 2174 79 75 each
758 2174 50 75 his
829 2174 75 75 day,
933 2174 53 75 are
1014 2174 67 75 faid
1108 2174 36 75 to

153 2220 88 75 have
265 2220 40 75 an
330 2220 155 75 alternate
510 2220 180 75 command,
723 2220 37 75 or
786 2220 36 75 to
850 2220 168 75 command
1046 2220 98 75 alter-

154 2267 123 75 nately.

109 2314 258 75 Alternate,
392 2314 33 75 in
442 2314 164 75 heraldry,
631 2314 27 75 is
682 2314 67 75 faid
764 2314 32 75 in
813 2314 119 75 refpedl
947 2314 40 75 of
999 2314 54 75 the
1069 2314 74 75 fitu-

155 2360 89 75 ation
260 2360 40 75 of
318 2360 56 75 the
391 2360 161 75 quarters.

202 2407 96 75 Thus
314 2407 56 75 the
386 2407 64 75 firft
467 2407 62 75 and
552 2407 112 75 fourth
688 2407 159 75 quarters,
874 2407 62 75 and
951 2407 55 75 the
1027 2407 117 75 fecond

156 2454 65 75 and
237 2454 100 75 third,
355 2454 53 75 are
425 2454 124 75 ufually
561 2454 41 75 of
605 2454 56 75 the
677 2454 83 75 fame
777 2454 124 75 nature,
918 2454 64 75 and
996 2454 54 75 are
1066 2454 77 75 call-

155 2500 42 75 ed
213 2500 156 75 alternate
389 2500 161 75 quarters.

109 2547 256 75 Alternate,
390 2547 33 75 in
440 2547 132 75 botany,
585 2547 93 75 when
694 2547 56 75 the
766 2547 105 75 leaves
886 2547 40 75 or
940 2547 156 75 branches
1108 2547 43 75 of

156 2594 104 75 plants
278 2594 78 75 arife
378 2594 115 75 higher
510 2594 41 75 on
568 2594 140 75 oppofite
724 2594 77 75 fides
819 2594 202 75 alternately.

108 2640 243 75 Alternate
372 2640 125 75 angles.
548 2640 62 75 See
626 2640 240 75 Geometry.

108 2687 243 75 Alternate
375 2687 99 75 ratio.
524 2687 62 75 See
613 2687 202 75 Algebra,
849 2687 63 75 and
934 2687 208 75 Arithme-

159 2735 81 75 tic.

108 2781 376 75 ALTERNATION,
508 2781 152 75 properly
691 2781 134 75 fignifies
856 2781 19 75 a
901 2781 167 75 fucceffion
1099 2781 45 75 by

157 2827 101 75 turns.
310 2827 62 75 See
388 2827 257 75 Alternate.

110 2874 229 75 ALTHAEA,
364 2874 33 75 in
413 2874 132 75 botany,
571 2874 19 75 a
605 2874 99 75 genus
720 2874 40 75 of
774 2874 56 75 the
846 2874 224 75 monadelphia
1085 2874 57 75 po-

156 2919 146 75 lyandria
317 2919 90 75 clafs.
455 2919 77 75 The
548 2919 86 75 calix
650 2919 41 75 of
697 2919 55 75 the
768 2919 114 75 althaea
897 2919 27 75 is
940 2919 129 75 double,
1080 2919 63 75 and

154 2966 56 75 the
227 2966 93 75 outer
336 2966 60 75 one
411 2966 27 75 is
455 2966 130 75 divided
612 2966 70 75 into
704 2966 73 75 nine
799 2966 180 75 fegments;
1005 2966 61 75 and
1086 2966 56 75 the

155 3013 139 75 capfules
311 3013 54 75 are
381 3013 183 75 numerous,
589 3013 81 75 each
694 3013 182 75 containing
900 3013 58 75 but
978 3013 60 75 one
1053 3013 87 75 feed.

1238 207 112 75 There
1367 207 53 75 are
1443 207 92 75 three
1556 207 118 75 fpecies
1698 207 41 75 of
1755 207 65 75 this
1843 207 113 75 genus,
1980 207 71 75 viz,
2074 207 55 75 the
2154 207 71 75 offi-

1239 254 122 75 cinalis,
1387 254 18 75 a
1432 254 105 75 native
1564 254 40 75 of
1623 254 137 75 Britain,
1786 254 56 75 the
1864 254 74 75 root
1966 254 62 75 and
2057 254 106 75 leaves
2190 254 41 75 of

1239 301 106 75 which
1362 301 53 75 are
1432 301 154 75 fup’pofed
1601 301 35 75 to
1660 301 41 75 be
1716 301 162 75 balfamic,
1906 301 140 75 pectoral
2074 301 62 75 and
2163 301 64 75 flo-

1241 348 124 75 machic
1379 348 10 75 ;
1417 348 55 75 the
1494 348 186 75 cannabina,
1706 348 19 75 a
1752 348 105 75 native
1884 348 40 75 of
1944 348 181 75 Hungary;
2163 348 64 75 and

1241 395 55 75 the
1312 395 131 75 hirfuta,
1468 395 21 75 a
1504 395 107 75 native
1627 395 40 75 of
1685 395 135 75 France,
1844 395 98 75 Italy,
1963 395 64 75 fee.

1193 442 274 75 ALTINGAR,
1491 442 57 75 the
1565 442 92 75 name
1673 442 40 75 of
1736 442 19 75 a
1777 442 229 75 flux-powder,
2030 442 77 75 ufed
2122 442 33 75 in
2171 442 56 75 the

1241 489 99 75 fufion
1357 489 41 75 of
1417 489 126 75 metals.
1573 489 9 75 -
1593 489 62 75 See
1672 489 120 75 Flux,
1809 489 63 75 and
1888 489 250 75 Chemistry,

1193 537 169 75 ALTIN,
1387 537 20 75 a
1437 537 154 75 kingdom
1617 537 41 75 of
1675 537 88 75 Afia,
1799 537 33 75 in
1858 537 91 75 great
1980 537 156 75 Tartary,
2169 537 57 75 be-

1241 581 101 75 tween
1359 581 57 75 the
1432 581 125 75 fources
1574 581 41 75 of
1630 581 56 75 the
1702 581 101 75 Irtich
1833 581 62 75 and
1926 581 56 75 the
1998 581 90 75 Oby.
2138 581 33 75 It
2198 581 26 75 is

1240 629 151 75 bounded
1413 629 42 75 on
1471 629 54 75 the
1541 629 97 75 north
1664 629 43 75 by
1723 629 56 75 the
1794 629 156 75 Kirgifes,
1975 629 42 75 on
2033 629 55 75 the
2104 629 63 75 eafl
2183 629 45 75 by

1242 676 55 75 the
1328 676 216 75 Amaduners,
1581 676 42 75 on
1646 676 55 75 the
1731 676 94 75 fouth
1857 676 44 75 by
1928 676 54 75 the
2010 676 153 75 kingdom
2192 676 40 75 of

1241 723 115 75 Eluth,
1383 723 62 75 and
1460 723 42 75 on
1522 723 63 75 the.
1594 723 75 75 weft
1685 723 44 75 by
1744 723 56 75 the
1816 723 114 75 Irtich,
1948 723 106 75 which
2069 723 159 75 feparates

1240 769 26 75 it
1281 769 86 75 from
1384 769 221 75 Barabinfkoi.

1193 816 144 75 Altin,
1362 816 26 75 is
1406 816 65 75 alfo
1488 816 55 75 the
1560 816 114 75 capital
1691 816 40 75 of
1743 816 55 75 the
1814 816 152 75 kingdom
1983 816 41 75 of
2034 816 71 75 that
2121 816 105 75 name,

1240 863 134 75 fituated
1389 863 31 75 in
1439 863 55 75 the
1511 863 152 75 northern
1687 863 72 75 part
1783 863 41 75 of
1842 863 56 75 the
1919 863 166 75 kingdom,
2111 863 35 75 at
2170 863 56 75 the

1241 910 83 75 head
1339 910 41 75 of
1391 910 55 75 the
1464 910 83 75 river
1562 910 122 75 Kilam.

1193 957 145 75 Altin,
1363 957 33 75 in
1413 957 190 75 commerce,
1621 957 19 75 a
1655 957 79 75 kind
1749 957 40 75 of
1806 957 117 75 money
1939 957 130 75 current
2085 957 33 75 in
2133 957 93 75 Muf-

1242 1003 94 75 covy,
1353 1003 106 75 worth
1476 1003 92 75 three
1585 1003 120 75 copies.

1192 1051 204 75 ALTITH.
1448 1051 61 75 See
1526 1051 286 75 Asa-foetida.

1194 1098 274 75 ALTITUDE,
1494 1098 171 75 acceffible,
1691 1098 64 75 and
1768 1098 207 75 inacceffible.
2026 1098 62 75 See
2104 1098 123 75 Prac-

1244 1144 117 75 tical
1374 1144 239 75 Geometry.

1192 1191 228 75 Altitude,
1447 1191 41 75 of
1506 1191 18 75 a
1547 1191 112 75 figure,
1684 1191 26 75 is
1738 1191 56 75 the
1826 1191 120 75 neareft
1961 1191 137 75 diflance
2125 1191 42 75 of
2184 1191 42 75 its

1241 1237 113 75 vertex
1370 1237 84 75 from
1471 1237 43 75 its
1532 1237 83 75 bafe,
1641 1237 38 75 or
1695 1237 55 75 the
1766 1237 110 75 length
1894 1237 41 75 of
1949 1237 19 75 a
1983 1237 244 75 perpendicular

1241 1283 44 75 let
1301 1283 56 75 fall
1375 1283 85 75 from
1476 1283 56 75 the
1549 1283 115 75 vertex
1681 1283 36 75 to
1733 1283 56 75 the
1806 1283 85 75 bafe.

1193 1330 213 75 Altitude
1425 1330 32 75 in
1474 1330 116 75 optics,
1607 1330 27 75 is
1651 1330 56 75 the
1723 1330 112 75 height
1855 1330 40 75 of
1914 1330 39 75 an
1969 1330 106 75 objeft
2091 1330 102 75 above
2208 1330 22 75 A

1240 1376 76 75 line,
1333 1376 110 75 drawn
1460 1376 132 75 parallel
1608 1376 35 75 to
1658 1376 56 75 the
1730 1376 137 75 horizon
1877 1376 85 75 from
1978 1376 55 75 the
2050 1376 59 75 eye
2124 1376 41 75 of
2172 1376 56 75 the

1241 1424 160 75 obferver.

1194 1471 218 75 Altitude
1431 1471 44 75 of
1482 1471 54 75 the
1551 1471 64 75 eye,
1640 1471 32 75 in
1689 1471 203 75 perfpe&ive,
1917 1471 27 75 is
1960 1471 42 75 its
2019 1471 208 75 perpendicu-

1242 1516 47 75 lar
1304 1516 114 75 height
1434 1516 99 75 above
1550 1516 56 75 the
1618 1516 205 75 geometrical
1839 1516 104 75 plane.

1195 1565 211 75 Altitude
1434 1565 44 75 of
1488 1565 22 75 a
1529 1565 83 75 ftar,
1636 1565 61 75 &c.
1722 1565 33 75 in
1780 1565 192 75 aftronomy,
1996 1565 28 75 is
2041 1565 39 75 an
2098 1565 76 75 arch
2191 1565 41 75 of

1241 1610 19 75 a
1290 1610 133 75 vertical
1451 1610 108 75 circle,
1587 1610 199 75 intercepted
1809 1610 144 75 between
1985 1610 56 75 the
2073 1610 62 75 ftar
2163 1610 64 75 and

1243 1657 55 75 the
1313 1657 150 75 horizon.
1514 1657 61 75 See
1598 1657 260 75 Astronomy.

1194 1705 213 75 Altitude
1437 1705 44 75 of
1498 1705 130 75 motion,
1653 1705 171 75 according
1840 1705 35 75 to
1899 1705 54 75 Dr
1968 1705 133 75 Wallis,
2129 1705 27 75 is
2181 1705 44 75 its

1239 1751 142 75 meafure
1393 1751 163 75 eftimated
1567 1751 33 75 in
1617 1751 55 75 the
1683 1751 65 75 line
1764 1751 39 75 of
1814 1751 153 75 direction
1979 1751 40 75 of
2031 1751 55 75 the
2098 1751 129 75 moving

1239 1798 104 75 force.

1192 1845 228 75 Altitude,
1444 1845 34 75 in
1495 1845 172 75 aftrology.
1717 1845 62 75 See
1794 1845 278 75 Exaltation.

1193 1891 211 75 Altitude
1424 1891 44 75 of
1472 1891 116 75 fluids,
1613 1891 27 75 is
1663 1891 89 75 more
1779 1891 122 75 ufually
1917 1891 166 75 expreffed
2110 1891 44 75 by
2170 1891 56 75 the

1240 1937 81 75 term
1337 1937 112 75 depth.
1500 1937 22 75 S
1522 1919 39 49 ee
1578 1937 154 75 Depth.

1192 1985 266 75 Determinative
1473 1985 229 75 Altitude,
1727 1985 71 75 that
1825 1985 84 75 from
1926 1985 131 75 whence
2081 1985 19 75 a
2121 1985 105 75 heavy

1241 2031 87 75 body
1344 2031 125 75 falling,
1487 2031 144 75 acquires
1648 2031 19 75 a
1689 2031 121 75 certain
1826 2031 140 75 velocity
1981 2031 45 75 by
2041 2031 41 75 its
2100 2031 126 75 natural

1241 2078 222 75 acceleration.

1192 2126 235 75 ALTKIRK,
1453 2126 19 75 a
1487 2126 88 75 town
1592 2126 40 75 of
1649 2126 116 75 Alface
1780 2126 34 75 in
1829 2126 180 75 Germany,
2033 2126 136 75 fituated
2184 2126 41 75 on

1242 2172 54 75 the
1313 2172 84 75 river
1413 2172 54 75 111,
1492 2172 33 75 in
1541 2172 48 75 N.
1607 2172 57 75 lat.
1684 2172 63 75 47°
1766 2172 68 75 4c/,
1859 2172 61 75 and
1942 2172 45 75 E.
2003 2172 68 75 Ion.
2091 2172 19 75 7
2110 2154 23 49 0
2157 2172 68 75 if.

1193 2219 257 75 ALTMORE.
1477 2219 19 75 a
1512 2219 87 75 town
1616 2219 40 75 of
1673 2219 142 75 Ireland,
1840 2219 31 75 in
1887 2219 56 75 the
1960 2219 119 75 county
2095 2219 40 75 of
2152 2219 74 75 Ty-

1239 2265 91 75 rone,
1355 2265 63 75 and
1433 2265 152 75 province
1601 2265 40 75 of
1659 2265 121 75 Ulfter,
1805 2265 135 75 fituated
1954 2265 33 75 in
2002 2265 49 75 N.
2072 2265 58 75 lat.
2157 2265 45 75 54
2202 2247 21 49 0

1243 2312 54 75 34'
1297 2312 12 75 ,
1335 2312 63 75 and
1412 2312 62 75 W.
1491 2312 90 75 long.
1601 2312 18 75 7
1619 2294 24 49 0
1663 2312 19 75 2
1698 2312 10 75 .

1193 2360 226 75 ALTMUL,
1444 2360 19 75 a
1478 2360 84 75 river
1578 2360 41 75 of
1636 2360 179 75 Germany,
1828 2360 105 75 which
1949 2360 110 75 arifing
2075 2360 32 75 in
2124 2360 101 75 Fran-

1242 2406 102 75 conia,
1362 2406 75 75 runs
1455 2406 36 75 S.
1509 2406 44 75 E.
1570 2406 45 75 by
1629 2406 55 75 the
1701 2406 65 75 city
1782 2406 40 75 of
1843 2406 149 75 Anfpach
2008 2406 10 75 ;
2045 2406 63 75 and
2123 2406 103 75 conti-

1243 2453 97 75 nuing
1356 2453 40 75 its
1414 2453 109 75 courfe
1539 2453 45 75 E.
1607 2453 44 75 by
1667 2453 215 75 Pappenheim
1899 2453 62 75 and
1976 2453 157 75 Aichftet,
2150 2453 75 75 falls

1241 2499 68 75 into
1326 2499 55 75 the
1397 2499 140 75 Danube
1565 2499 33 75 at
1620 2499 164 75 Kelheim,
1808 2499 98 75 about
1936 2499 39 75 12
2005 2499 90 75 miles
2123 2499 103 75 above

1241 2545 166 75 Ratilbon.

1193 2593 149 75 ALTO,
1361 2593 63 75 and
1440 2593 139 75 Basso,
1604 2593 124 75 inlaw,
1751 2593 133 75 denotes
1906 2593 55 75 the
1985 2593 142 75 abfolute
2151 2593 72 75 fub-

1241 2639 118 75 miflion
1375 2639 40 75 of
1433 2639 43 75 all
1502 2639 188 75 differences
1706 2639 79 75 high
1801 2639 63 75 and
1885 2639 65 75 low
1973 2639 35 75 to
2031 2639 86 75 fome
2139 2639 84 75 arbi-

1241 2685 115 75 trator.

1192 2733 192 75 ALTOM,
1410 2733 18 75 a
1444 2733 93 75 name
1553 2733 105 75 given,
1676 2733 32 75 in
1724 2733 117 75 feveral
1858 2733 86 75 parts
1960 2733 41 75 of
2010 2733 56 75 the
2081 2733 142 75 Turkifh

1240 2778 193 75 dominions,
1474 2778 35 75 to
1541 2778 86 75 what
1659 2778 56 75 the
1746 2778 186 75 Europeans
1965 2778 63 75 call
2052 2778 19 75 a
2097 2778 123 75 fequin.

1243 2825 60 75 See
1321 2825 161 75 Sequin.

1192 2872 345 75 ALTO-MONTE,
1563 2872 18 75 a
1596 2872 87 75 town
1699 2872 40 75 of
1744 2872 56 75 the
1815 2872 108 75 hither
1939 2872 162 75 Calabria,
2117 2872 33 75 in
2166 2872 56 75 the

1237 2918 152 75 kingdom
1405 2918 40 75 of
1462 2918 135 75 Naples,
1614 2918 33 75 at
1663 2918 55 75 the
1733 2918 71 75 foot
1820 2918 40 75 of
1870 2918 57 75 the
1942 2918 198 75 Apennines,
2166 2918 56 75 ten

1238 2965 90 75 miles
1350 2965 84 75 from
1451 2965 146 75 Caffano.

1191 3013 381 75 ALTO-RELIEVO.
1623 3013 60 75 See
1701 3013 190 75 Relievo.

2068 3055 150 75 ALTO-
