2477 3395
549 193 232 75 BUG

154 269 226 75 B'UCCARl,
405 269 19 75 a
433 269 93 75 town
542 269 39 75 of
593 269 91 75 Iftria
694 269 86 75 upon
795 269 55 75 the
866 269 149 75 Adriatic
1031 269 62 75 fea,
1120 269 54 75 be-

203 314 128 75 longing
347 314 35 75 to
397 314 56 75 the
468 314 96 75 houfe
581 314 39 75 of
631 314 139 75 Auftria.

156 361 191 75 Buccari,
373 361 37 75 or
427 361 225 75 Bouchari,
677 361 26 75 is
730 361 64 75 alfo
822 361 56 75 the
895 361 90 75 name
1002 361 40 75 of
1052 361 20 75 a
1087 361 88 75 large

203 406 147 75 province
366 406 37 75 of
420 406 118 75 Afiauc
553 406 155 75 Tartary,
733 406 132 75 fituated
876 406 143 75 between
1035 406 63 75 78°
1114 406 62 75 and

204 454 62 75 oo°
284 454 41 75 E.
345 454 65 75 Ion.
429 454 62 75 and
509 454 59 75 34°
585 454 61 75 and
664 454 43 75 44
707 436 17 49 0
741 454 48 75 N.
812 454 58 75 lat.
940 454 9 75 .
1011 454 9 75 ,

1156 454 8 75 ,

156 498 344 75 BUCCELLARII,
524 498 40 75 an
580 498 94 75 order
686 498 39 75 of
737 498 137 75 foldiery
886 498 100 75 under
997 498 55 75 the
1064 498 114 75 Greek

202 544 173 75 emperors,
400 544 169 75 appointed
592 544 35 75 to
654 544 100 75 guard
780 544 63 75 and
858 544 166 75 diftribute
1040 544 56 75 the
1112 544 66 75 am-

202 587 291 75 munition-bread;
519 587 122 75 though
670 587 129 75 authors
816 587 54 75 are
898 587 174 75 fomewhat
1098 587 80 75 divi-

202 637 64 75 ded
282 637 32 75 as
341 637 35 75 to
394 637 82 75 their
493 637 91 75 office
600 637 61 75 and
677 637 136 75 quality*
862 637 130 75 Among
1022 637 55 75 the
1095 637 82 75 Vifi-

201 682 109 75 goths,
326 682 207 75 buccellarius
551 682 63 75 was
637 682 19 75 a
672 682 126 75 general
822 682 91 75 name
929 682 51 75 for
996 682 19 75 a
1030 682 96 75 client
1142 682 38 75 or

203 729 95 75 vaffal
322 729 72 75 who
420 729 86 75 lived
533 729 32 75 at
593 729 54 75 the
670 729 140 75 expence
826 729 40 75 of
876 729 50 75 his
947 729 86 75 lord.
1084 729 97 75 Some

203 774 71 75 give
301 774 55 75 the
383 774 235 75 denomination
646 774 35 75 to
708 774 145 75 parafites
881 774 31 75 in
940 774 56 75 the
1018 774 108 75 courts
1143 774 42 75 of

203 821 138 75 princes,
369 821 84 75 fome
469 821 93 75 make
589 821 88 75 them
705 821 54 75 the
776 821 220 75 body-guards
1013 821 39 75 of
1075 821 106 75 empe-

206 868 81 75 rors,
313 868 62 75 and
400 868 86 75 fome
506 868 94 75 fancy
627 868 76 75 they
719 868 84 75 were
827 868 77 75 only
920 868 76 75 fuch
1025 868 34 75 as
1075 868 106 75 empe-

206 913 67 75 rors
291 913 169 75 employed
485 913 30 75 in
533 913 128 75 putting
677 913 127 75 perfons
821 913 35 75 to
873 913 97 75 death
987 913 170 75 privately.

158 958 230 75 BUCCINA,
412 958 37 75 an
467 958 125 75 ancient
607 958 126 75 mufical
746 958 62 75 and
824 958 143 75 military
983 958 197 75 inftrument.

203 1005 32 75 It
246 1005 26 75 is
286 1005 120 75 ufually
422 1005 96 75 taken
531 1005 50 75 for
598 1005 18 75 a
630 1005 79 75 kind
720 1005 40 75 of
771 1005 161 75 trumpet;
959 1005 104 75 which
1080 1005 101 75 opini-

202 1051 42 75 on
260 1051 27 75 is
304 1051 172 75 confirmed
488 1051 43 75 by
543 1051 122 75 Feftus,
690 1051 43 75 by
750 1051 49 75 his
827 1051 138 75 defining
990 1051 26 75 it
1033 1051 18 75 a
1067 1051 115 75 crook-

203 1097 41 75 ed
255 1097 94 75 horn,
369 1097 113 75 played
494 1097 41 75 on
548 1097 64 75 like
624 1097 19 75 a
654 1097 153 75 trumpet.
855 1097 155 75 Vegetius
1022 1097 160 75 obferves,

204 1142 70 75 that
290 1142 56 75 the
362 1142 132 75 buccina
509 1142 76 75 bent
601 1142 32 75 in
650 1142 19 75 a
684 1142 186 75 femicircle,
895 1142 32 75 in
945 1142 104 75 which
1066 1142 119 75 refpea:

204 1189 26 75 it
246 1189 136 75 differed
399 1189 84 75 from
500 1189 55 75 the
571 1189 77 75 tuba
664 1189 36 75 or
715 1189 154 75 trumpet.
919 1189 31 75 It
965 1189 28 75 is
1010 1189 77 75 very
1105 1189 80 75 hard

204 1234 35 75 to
252 1234 178 75 diftinguifh
443 1234 26 75 it
483 1234 85 75 from
584 1234 54 75 the
656 1234 100 75 cornu
778 1234 38 75 or
838 1234 94 75 horn,
958 1234 102 75 unlefs
1077 1234 25 75 it
1120 1234 63 75 was

204 1279 179 75 fomething
399 1279 72 75 lefs,
496 1279 63 75 and
575 1279 56 75 not
647 1279 88 75 quite
759 1279 33 75 fo
814 1279 161 75 crooked;
1003 1279 54 75 yet
1074 1279 24 75 it
1116 1279 68 75 cer-

205 1326 99 75 tainly
321 1326 64 75 was
398 1326 40 75 of
448 1326 18 75 a
479 1326 148 75 different
639 1326 131 75 fpecies,
796 1326 131 75 becaufe
940 1326 47 75 we
1000 1326 95 75 never
1107 1326 78 75 read

204 1371 40 75 of
264 1371 55 75 the
335 1371 98 75 cornu
450 1371 32 75 in
498 1371 53 75 ufe
567 1371 77 75 with
662 1371 55 75 the
734 1371 117 75 watch,
878 1371 56 75 but
947 1371 76 75 only
1034 1371 57 75 the
1107 1371 76 75 buc-

205 1418 83 75 cina.
335 1418 140 75 Befides,
501 1418 56 75 the
573 1418 100 75 found
688 1418 40 75 of
740 1418 55 75 the
810 1418 135 75 buccina
961 1418 63 75 was
1044 1418 139 75 (harper,

208 1462 59 75 and
285 1462 34 75 to
335 1462 40 75 be
392 1462 100 75 heard
517 1462 95 75 much
640 1462 138 75 farther,
802 1462 77 75 than
896 1462 101 75 either
1014 1462 55 75 the
1085 1462 100 75 cornu

207 1509 37 75 or
259 1509 56 75 the
331 1509 88 75 tuba.
468 1509 38 75 In
534 1509 165 75 fcripture,
725 1509 55 75 the
807 1509 65 75 like
888 1509 197 75 inftrument,
1109 1509 76 75 ufed

207 1554 78 75 both
313 1554 31 75 in
374 1554 66 75 war
465 1554 61 75 and
553 1554 32 75 in
612 1554 55 75 the
695 1554 130 75 temple,
862 1554 64 75 was
955 1554 104 75 called
1083 1554 99 75 rams-

207 1601 108 75 horns,
339 1601 208 75 kiren-jobel,
572 1601 61 75 and
657 1601 175 75 fopheroth
848 1601 217 75 hagijcbelim.

162 1646 259 75 BUCCINUM
449 1646 37 75 or
512 1646 350 75 Trumpet-shell,
888 1646 16 75 a
927 1646 97 75 genus
1042 1646 39 75 of
1092 1646 93 75 Ihell-

209 1692 53 75 fi(h
281 1692 170 75 belonging
464 1692 34 75 to
515 1692 55 75 the
583 1692 95 75 order
694 1692 40 75 of
757 1692 124 75 vermes
897 1692 154 75 teitaceae.
1099 1692 86 75 This

209 1737 113 75 animal
339 1737 26 75 is
381 1737 61 75 one
459 1737 39 75 of
509 1737 56 75 the
580 1737 76 75 fnail
672 1737 89 75 kind.
811 1737 75 75 The
899 1737 75 75 (hell
986 1737 26 75 is
1026 1737 157 75 univalve,

209 1783 105 75 fpiral,
339 1783 62 75 and
417 1783 148 75 gibbous.
612 1783 76 75 The
704 1783 147 75 aperture
867 1783 26 75 is
910 1783 85 75 oval,
1020 1783 116 75 ending
1152 1783 33 75 in

209 1830 18 75 a
242 1830 89 75 fmall
347 1830 85 75 ftrait
449 1830 103 75 canal.
600 1830 150 75 Linnaeus
775 1830 195 75 enumerates
988 1830 96 75 about
1100 1830 85 75 fixty

208 1874 130 75 fpecies,
362 1874 78 75 moft
457 1874 40 75 of
514 1874 105 75 which
636 1874 52 75 are
705 1874 100 75 found
820 1874 31 75 in
868 1874 56 75 the
939 1874 148 75 fouthern
1106 1874 78 75 Teas.

159 1922 178 75 BUCCO,
362 1922 31 75 in
422 1922 216 75 ornithology,
664 1922 19 75 a
705 1922 99 75 genus
822 1922 170 75 belonging
1008 1922 35 75 to
1061 1922 53 75 the
1131 1922 52 75 or-

209 1967 57 75 der
282 1967 38 75 of
339 1967 88 75 picae.
475 1967 77 75 The
566 1967 82 75 beak
664 1967 26 75 is
707 1967 170 75 cultrated,
902 1967 115 75 turned
1033 1967 150 75 inwards,

207 2013 192 75 compreffed
414 2013 41 75 on
472 2013 54 75 the
542 2013 91 75 (ides,
657 2013 62 75 and
741 2013 217 75 emarginated
973 2013 41 75 on
1030 2013 78 75 each
1124 2013 63 75 fide

207 2059 32 75 at
256 2059 54 75 the
338 2059 104 75 apex;
469 2059 61 75 and
557 2059 89 75 there
662 2059 26 75 is
713 2059 18 75 a
742 2059 81 75 Jong
838 2059 51 75 (lit
904 2059 105 75 below
1025 2059 55 75 the
1097 2059 88 75 eyes.

204 2104 78 75 The
294 2104 123 75 noftrils
434 2104 53 75 are
504 2104 135 75 covered
651 2104 77 75 with
740 2104 153 75 feathers.
941 2104 76 75 The
1030 2104 64 75 feet
1106 2104 80 75 have

207 2148 73 75 four
296 2148 82 75 toes,
403 2148 65 75 two
485 2148 110 75 before
611 2148 61 75 and
688 2148 66 75 two
781 2148 129 75 behind.
958 2148 112 75 There
1086 2148 25 75 is
1129 2148 58 75 hut

208 2194 60 75 one
284 2194 129 75 fpecies,
437 2194 66 75 viz.
529 2194 55 75 the
610 2194 148 75 capenfis,
783 2194 105 75 which
911 2194 27 75 is
961 2194 41 75 of
1024 2194 18 75 a
1064 2194 123 75 reddifh

208 2239 123 75 colour,
355 2239 78 75 with
449 2239 18 75 a
482 2239 117 75 yellow
614 2239 66 75 belt
696 2239 104 75 round
820 2239 56 75 the
892 2239 174 75 (boulders,
1091 2239 63 75 and
1170 2239 19 75 a

210 2286 90 75 black
318 2286 61 75 one
395 2286 103 75 round
524 2286 54 75 the
606 2286 113 75 breath
766 2286 34 75 It
814 2286 29 75 is
859 2286 102 75 found
975 2286 34 75 at
1025 2286 55 75 the
1098 2286 89 75 Cape

208 2333 39 75 of
261 2333 224 75 Good-Hope.

160 2379 245 75 BUCCULA,
429 2379 32 75 in
488 2379 172 75 antiquity,
684 2379 132 75 denotes
838 2379 56 75 the
919 2379 109 75 umbo,
1054 2379 36 75 or
1107 2379 79 75 moft

207 2423 178 75 prominent
413 2423 70 75 part
509 2423 32 75 in
566 2423 54 75 the
647 2423 118 75 middle
788 2423 40 75 of
838 2423 18 75 a
871 2423 121 75 (hield;
1018 2423 34 75 fo
1068 2423 115 75 called,

208 2469 130 75 becaufe
354 2469 123 75 ufually
502 2469 161 75 fafhioned
688 2469 65 75 like
770 2469 55 75 the
841 2469 111 75 mouth
969 2469 38 75 or
1024 2469 68 75 face
1109 2469 39 75 of
1167 2469 19 75 a

207 2517 72 75 man
296 2517 37 75 or
349 2517 94 75 other
458 2517 126 75 animal.

161 2561 315 75 BUCENTAUR,
503 2561 18 75 a
547 2561 120 75 galeas,
690 2561 37 75 or
754 2561 88 75 large
856 2561 107 75 galley
978 2561 41 75 of
1032 2561 54 75 the
1101 2561 85 75 doge

207 2607 40 75 of
254 2607 133 75 Venice,
410 2607 141 75 adorned
562 2607 77 75 with
657 2607 60 75 fine
732 2607 107 75 pillars
855 2607 42 75 on
913 2607 80 75 both
1009 2607 90 75 fides,
1124 2607 62 75 and

207 2653 59 75 gilt
283 2653 76 75 over
385 2653 84 75 from
497 2653 54 75 the
577 2653 90 75 prow
683 2653 34 75 to
734 2653 54 75 the
805 2653 94 75 ftern.
947 2653 84 75 This
1048 2653 93 75 veffel
1158 2653 26 75 is

207 2699 137 75 covered
359 2699 76 75 over
450 2699 81 75 head
549 2699 77 75 with
655 2699 18 75 a
695 2699 77 75 kind
789 2699 39 75 of
840 2699 79 75 tent,
944 2699 92 75 made
1051 2699 40 75 of
1109 2699 74 75 pur-

207 2746 51 75 ple
282 2746 69 75 filk.
400 2746 38 75 In
455 2746 26 75 it
507 2746 55 75 the
578 2746 82 75 doge
676 2746 135 75 receives
836 2746 55 75 the
913 2746 89 75 great
1016 2746 89 75 lords
1121 2746 64 75 and

205 2792 127 75 perfons
348 2792 40 75 of
399 2792 123 75 quality
533 2792 70 75 that
614 2792 42 75 go
668 2792 35 75 to
713 2792 133 75 Venice,
872 2792 221 75 accompanied
1105 2792 78 75 with

206 2838 55 75 the
288 2838 208 75 ambaffadors
525 2838 61 75 and
614 2838 190 75 counfellors
821 2838 39 75 of
870 2838 90 75 ftate,
985 2838 61 75 and
1062 2838 43 75 all
1129 2838 56 75 the

206 2883 138 75 lenators
362 2883 104 75 feated
495 2883 40 75 on
562 2883 135 75 benches
714 2883 42 75 by
772 2883 79 75 him.
900 2883 76 75 The
992 2883 83 75 fame
1092 2883 92 75 veffel

206 2929 101 75 ferves
325 2929 65 75 alfo
406 2929 31 75 in
455 2929 54 75 the
526 2929 198 75 magnificent
747 2929 168 75 ceremony
953 2929 40 75 of
1015 2929 170 75 afcenfion-

300 2978 96 75 Vol.
417 2978 29 75 I.
496 2978 70 75 No.
586 2978 57 75 29.

1118 2978 17 75 3

1099 201 16 75 (
1178 201 51 75 S8
1229 233 28 49 5
1316 201 21 75 )

1663 185 36 75 B
1758 185 41 75 U
1862 185 35 75 C

1273 253 76 75 day,
1375 253 43 75 on
1435 253 107 75 which
1559 253 55 75 the
1631 253 100 75 Duke
1747 253 42 75 of
1797 253 123 75 Venice
1936 253 121 75 throws
2075 253 19 75 a
2110 253 70 75 ring
2196 253 68 75 into

1274 302 57 75 the
1347 302 52 75 fea
1414 302 34 75 to
1466 302 127 75 efpoufe
1609 302 38 75 it,
1674 302 61 75 and
1756 302 35 75 to
1812 302 119 75 denote
1943 302 49 75 his
2009 302 162 75 dominion
2188 302 76 75 over

1273 347 56 75 the
1347 347 98 75 gulph
1464 347 40 75 of
1516 347 135 75 Venice.

1332 390 186 75 Bucentaur
1533 390 27 75 is
1577 390 64 75 alfo
1656 390 55 75 the
1734 390 95 75 -name
1846 390 39 75 of
1905 390 18 75 a
1947 390 77 75 (hip,
2047 390 36 75 as
2101 390 89 75 great
2206 390 63 75 and

1296 439 14 75 s
1332 439 202 75 magnificent
1551 439 33 75 as
1612 439 72 75 that
1703 439 44 75 of
1766 439 56 75 the
1846 439 189 75 Venetians,
2062 439 80 75 built
2158 439 42 75 by
2217 439 53 75 or-

1278 484 56 75 der
1353 484 42 75 of
1414 484 54 75 the
1485 484 118 75 eleiftor
1619 484 40 75 of
1670 484 149 75 Bavaria,
1845 484 64 75 and
1920 484 158 75 launched
2089 484 41 75 on
2147 484 19 75 a
2182 484 85 75 lake,

1275 530 105 75 which
1394 530 26 75 is
1437 530 46 75 fix
1498 530 128 75 leagues
1639 530 32 75 in
1683 530 125 75 length.

1230 576 238 75 BUCEROS,
1493 576 33 75 in
1554 576 219 75 ornithology,
1798 576 20 75 a
1845 576 99 75 genus
1972 576 172 75 belonging
2161 576 34 75 to
2211 576 57 75 the

1276 622 95 75 order
1386 622 40 75 of
1444 622 90 75 picae.
1583 622 77 75 The
1689 622 81 75 beak
1794 622 27 75 is
1834 622 142 75 convex,
2001 622 172 75 cultrated,
2191 622 78 75 very

1275 669 102 75 large,
1396 669 61 75 and
1469 669 139 75 ferrated
1620 669 162 75 outwards
1798 669 8 75 :
1840 669 78 75 The
1930 669 169 75 fore-head
2111 669 27 75 is
2150 669 116 75 naked,

1278 715 78 75 with
1384 715 17 75 a
1430 715 87 75 bony
1544 715 169 75 gibbofity.
1762 715 76 75 The
1865 715 125 75 noftrils
2007 715 53 75 are
2077 715 118 75 behind
2211 715 58 75 the

1278 762 72 75 bafe
1377 762 40 75 of
1435 762 56 75 the
1519 762 94 75 beak.
1661 762 77 75 The
1766 762 119 75 tongue
1912 762 27 75 is
1966 762 91 75 (harp
2085 762 60 75 and
2169 762 99 75 (hort.

1279 808 76 75 The
1372 808 65 75 feet
1454 808 53 75 are
1534 808 41 75 of
1597 808 56 75 the
1677 808 139 75 greffarii
1841 808 92 75 kind,
1959 808 23 75 i.
2001 808 29 75 e.
2056 808 56 75 the
2129 808 68 75 toes
2215 808 54 75 are

1279 854 124 75 diftindt
1438 854 84 75 from
1550 854 78 75 each
1655 854 105 75 other.
1819 854 113 75 There
1965 854 54 75 are
2047 854 74 75 four
2148 854 119 75 fpecies

1279 900 40 75 of
1345 900 55 75 the
1426 900 147 75 buceros,
1606 900 67 75 viz.
1712 900 30 75 1.
1775 900 77 75 The
1879 900 149 75 bicornis,
2058 900 79 75 with
2166 900 18 75 a
2211 900 57 75 flat

1277 947 86 75 bony
1379 947 182 75 fore-head,
1579 947 64 75 and
1667 947 67 75 two
1757 947 97 75 horns
1872 947 124 75 before.
2044 947 77 75 The
2138 947 87 75 body
2240 947 27 75 is

1278 993 105 75 black,
1409 993 63 75 and
1498 993 100 75 about
1625 993 56 75 the
1707 993 64 75 fize
1793 993 40 75 of
1855 993 18 75 a
1896 993 84 75 hen;
2003 993 61 75 hut
2081 993 54 75 the
2153 993 113 75 bread,

1281 1039 86 75 belly
1384 1039 62 75 and
1463 1039 109 75 thighs
1587 1039 56 75 are
1660 1039 110 75 white.
1818 1039 112 75 There
1945 1039 27 75 is
1990 1039 18 75 a
2026 1039 96 75 white
2138 1039 69 75 fpot
2225 1039 42 75 on

1282 1086 54 75 the
1352 1086 105 75 wing;
1485 1086 54 75 the
1567 1086 56 75 tail
1639 1086 26 75 is
1690 1086 88 75 long,
1803 1086 80 75 with
1900 1086 54 75 ten
1971 1086 93 75 black
2082 1086 101 75 prime
2199 1086 68 75 fea-

1280 1132 101 75 thers,
1407 1132 62 75 and
1486 1132 55 75 the
1553 1132 75 75 four
1636 1132 172 75 outermoft
1820 1132 42 75 on
1876 1132 76 75 each
1966 1132 53 75 are
2033 1132 108 75 white.
2190 1132 79 75 The

1282 1177 64 75 feet
1364 1177 52 75 are
1433 1177 153 75 greenifh,
1611 1177 78 75 with
1715 1177 90 75 three
1832 1177 69 75 toes
1923 1177 110 75 before
2057 1177 62 75 and
2136 1177 60 75 one
2213 1177 55 75 be-

1281 1224 89 75 hind.
1420 1224 31 75 It
1478 1224 27 75 is
1523 1224 19 75 a
1558 1224 106 75 native
1690 1224 39 75 of
1752 1224 119 75 China,
1900 1224 62 75 and
1986 1224 103 75 called
2105 1224 104 75 Calao
2225 1224 44 75 by

1283 1270 215 75 Willoughby
1515 1270 61 75 and
1592 1270 95 75 other
1703 1270 145 75 authors.
1898 1270 34 75 2.
1957 1270 76 75 The
2050 1270 217 75 hydrocorax,

1281 1315 37 75 or
1345 1315 112 75 Indian
1486 1315 88 75 crow
1598 1315 43 75 of
1662 1315 86 75 Ray,
1774 1315 56 75 has
1856 1315 18 75 a
1896 1315 84 75 plain
1998 1315 84 75 bony
2098 1315 172 75 fore-head

1281 1362 134 75 without
1430 1362 61 75 any
1502 1362 111 75 horns.
1661 1362 77 75 The
1756 1362 86 75 body
1853 1362 26 75 is
1893 1362 174 75 yellowilh,
2085 1362 62 75 and
2160 1362 105 75 black-

1280 1409 44 75 ifli
1341 1409 117 75 below.
1507 1409 32 75 It
1565 1409 140 75 inhabits
1733 1409 55 75 the
1818 1409 154 75 Molucca
1999 1409 81 75 ides.
2132 1409 32 75 3.
2191 1409 77 75 The

1283 1455 195 75 rhinoceros,
1503 1455 57 75 has
1577 1455 18 75 a
1622 1455 140 75 crooked
1778 1455 82 75 horn
1877 1455 31 75 in
1926 1455 54 75 the
1995 1455 171 75 fore-head
2179 1455 88 75 join-

1281 1501 40 75 ed
1350 1501 34 75 to
1411 1501 56 75 the
1494 1501 98 75 upper
1620 1501 172 75 mandible.
1842 1501 31 75 It
1900 1501 27 75 is
1946 1501 18 75 a
1980 1501 105 75 native
2102 1501 39 75 of
2160 1501 105 75 India,

1281 1546 61 75 and
1354 1546 89 75 feeds
1455 1546 84 75 upon
1553 1546 119 75 carion.
1722 1546 34 75 4.
1782 1546 76 75 The
1871 1546 139 75 nafutus,
2034 1546 57 75 has
2106 1546 19 75 a
2140 1546 125 75 finooth

1280 1593 182 75 fore-head.
1511 1593 32 75 It
1559 1593 26 75 is
1614 1593 98 75 about
1740 1593 55 75 the
1813 1593 63 75 fize
1891 1593 40 75 of
1950 1593 19 75 a
1990 1593 146 75 magpye,
2161 1593 63 75 and
2240 1593 27 75 is

1281 1639 17 75 a
1315 1639 105 75 native
1436 1639 41 75 of
1488 1639 148 75 Senegal.

1234 1687 144 75 BUCH,
1405 1687 18 75 a
1439 1687 87 75 town
1543 1687 40 75 of
1603 1687 161 75 Guienne,
1786 1687 35 75 in
1839 1687 135 75 France,
1998 1687 105 75 which
2121 1687 88 75 gives
2225 1687 41 75 its

1279 1732 90 75 name
1386 1732 35 75 to
1436 1732 18 75 a
1478 1732 153 75 territory
1655 1732 102 75 called
1772 1732 31 75 le
1818 1732 170 75 Capitulat
2010 1732 38 75 de
2066 1732 102 75 Bucb.

1234 1779 215 75 BUCHAN,
1474 1779 19 75 a
1509 1779 136 75 country
1672 1779 37 75 or
1736 1779 118 75 diftrict
1880 1779 41 75 of
1943 1779 263 75 Aberdeenftiire,
2230 1779 35 75 in

1283 1824 154 75 Scotland
1449 1824 9 75 :
1486 1824 32 75 It
1533 1824 88 75 gives
1650 1824 55 75 the
1722 1824 72 75 title
1811 1824 40 75 of
1862 1824 84 75 Earl,
1958 1824 35 75 to
2021 1824 55 75 the
2092 1824 95 75 noble
2203 1824 60 75 and

1280 1870 125 75 ancient
1420 1870 111 75 family
1547 1870 41 75 of
1603 1870 147 75 Erlkine.

1234 1917 281 75 BUCHNERA,
1539 1917 33 75 in
1588 1917 132 75 botany,
1745 1917 18 75 a
1778 1917 99 75 genus
1894 1917 40 75 of
1945 1917 56 75 the
2017 1917 244 75 didynamiaac-

1281 1963 186 75 giofpermia
1495 1963 92 75 dais.
1634 1963 78 75 The
1739 1963 86 75 calix
1841 1963 57 75 has
1920 1963 60 75 five
2002 1963 110 75 teeth;
2140 1963 54 75 the
2211 1963 54 75 co-

1282 2009 80 75 rolla
1378 2009 26 75 is
1421 2009 130 75 divided
1567 2009 68 75 into
1651 2009 61 75 five
1736 2009 94 75 equal
1847 2009 222 75 heart-ftiaped
2085 2009 177 75 fegments;

1279 2054 64 75 and
1359 2054 56 75 the
1431 2054 123 75 capfule
1570 2054 27 75 is
1614 2054 166 75 bilocular.
1828 2054 112 75 There
1957 2054 53 75 are
2027 2054 90 75 three
2133 2054 129 75 fpecies,

1280 2100 65 75 viz.
1369 2100 76 75 The
1462 2100 189 75 americana,
1676 2100 18 75 a
1705 2100 106 75 native
1822 2100 41 75 of
1875 2100 130 75 Canada
2018 2100 62 75 and
2097 2100 164 75 Virginia;

1280 2146 55 75 the
1353 2146 134 75 afiatica,
1513 2146 18 75 a
1558 2146 104 75 native
1689 2146 41 75 of
1752 2146 126 75 Ceylon
1901 2146 62 75 and
1978 2146 127 75 China;
2131 2146 63 75 and
2210 2146 54 75 the

1280 2193 166 75 Africana,
1471 2193 18 75 a
1505 2193 105 75 native
1626 2193 40 75 of
1678 2193 179 75 .(Ethiopia.

1234 2240 132 75 BUCH
1369 2240 92 75 AW,
1487 2240 38 75 an
1553 2240 143 75 imperial
1721 2240 66 75 city
1812 2240 39 75 of
1871 2240 138 75 Swabia,
2034 2240 31 75 in
2082 2240 191 75 Germany,,

1285 2283 96 75 about
1398 2283 197 75 twenty-five
1611 2283 90 75 miles
1725 2283 184 75 fouth-weft
1925 2283 41 75 of
1984 2283 78 75 Ulm
2077 2283 10 75 :
2113 2283 45 75 E.
2174 2283 90 75 long,

1283 2331 20 75 9
1303 2313 17 49 0
1339 2331 68 75 40',
1432 2331 62 75 and
1511 2331 46 75 N.
1574 2331 59 75 lat.
1652 2331 63 75 48°
1734 2331 18 75 y
1752 2313 19 49 7
1771 2331 19 75 .

1233 2378 306 75 BUCHAREST,
1565 2378 18 75 a
1607 2378 86 75 town
1720 2378 42 75 of
1782 2378 196 75 Wallachia,
2003 2378 118 75 fubjed
2145 2378 36 75 to
2206 2378 56 75 the

1278 2422 132 75 Turks:
1437 2422 44 75 E.
1502 2422 67 75 Ion.
1586 2422 64 75 26°
1670 2422 54 75 30'
1724 2422 12 75 ,
1762 2422 62 75 and
1847 2422 46 75 N.
1911 2422 57 75 lat.
1989 2422 44 75 44
2033 2404 22 49 0
2076 2422 54 75 20'
2130 2422 12 75 .

1231 2470 249 75 BUCHORN,
1507 2470 18 75 a
1551 2470 67 75 city
1644 2470 40 75 of
1703 2470 139 75 Swabia,
1867 2470 33 75 in
1924 2470 178 75 Germany,
2127 2470 134 75 fituated

1279 2514 39 75 on
1336 2514 55 75 the
1407 2514 63 75 eaft
1486 2514 63 75 fide
1571 2514 39 75 of
1628 2514 54 75 the
1709 2514 70 75 lake
1807 2514 42 75 of
1870 2514 188 75 Conftance,
2084 2514 61 75 and
2161 2514 98 75 about

1279 2561 114 75 twelve
1409 2561 90 75 miles
1516 2561 62 75 eaft
1602 2561 40 75 of
1658 2561 55 75 the
1737 2561 66 75 city
1826 2561 41 75 of
1884 2561 197 75 Conftance:
2108 2561 44 75 E.
2170 2561 88 75 long.

1279 2608 20 75 9
1299 2590 18 49 0
1336 2608 66 75 2c/,
1428 2608 61 75 and
1506 2608 47 75 N.
1569 2608 58 75 lat.
1647 2608 42 75 47
1689 2590 21 49 0
1729 2608 54 75 40'
1783 2608 12 75 .

1231 2655 265 75 BUCIOCHE*
1516 2655 31 75 in
1565 2655 188 75 commerce,
1778 2655 18 75 a
1813 2655 64 75 fort
1893 2655 40 75 of
1951 2655 122 75 woolen
2089 2655 89 75 cloth
2192 2655 66 75 ma-

1277 2700 186 75 nufadured
1490 2700 31 75 in
1547 2700 176 75 Provence,
1748 2700 104 75 which
1870 2700 54 75 the
1939 2700 112 75 french
2067 2700 81 75 (hips
2167 2700 93 75 cany

1278 2745 33 75 to
1328 2745 198 75 Alexandria
1542 2745 61 75 and
1621 2745 112 75 Cairo.

1231 2792 142 75 BUCK,
1398 2792 32 75 in
1446 2792 152 75 zoology.
1646 2792 63 75 See
1725 2792 168 75 Cervus.

1232 2839 106 75 Buck
1362 2839 109 75 bean,
1496 2839 32 75 in
1546 2839 130 75 botany.
1728 2839 61 75 See
1806 2839 273 75 Menyanthes
2090 2839 6 75 .

1231 2886 108 75 Buck
1361 2886 144 75 thorn,
1528 2886 56 75 the
1600 2886 130 75 Englifti
1749 2886 90 75 name
1855 2886 41 75 of
1907 2886 54 75 the
1977 2886 162 75 rhamnus.

1232 2932 279 75 Buck-wheat.
1561 2932 62 75 See
1639 2932 263 75 Polygonum.

1622 2981 19 75 8
1668 2981 31 75 L

2047 2991 211 75 BUCKET,
