2477 3395
603 244 35 75 B
697 244 36 75 R
790 244 19 75 I

1138 244 162 75 (676

247 311 39 75 be
304 311 118 75 fubjeft
445 311 35 75 to
497 311 106 75 crack,
630 311 63 75 and
717 311 42 75 be
785 311 62 75 full
875 311 40 75 of
937 311 125 75 chinks.
1110 311 54 75 He
1180 311 48 75 di-

248 357 92 75 re&s,
365 357 73 75 that
454 357 54 75 the
525 357 84 75 loam
621 357 40 75 of
671 357 106 75 which
794 357 106 75 bricks
918 357 52 75 are
991 357 92 75 made
1098 357 40 75 be
1155 357 74 75 well

248 403 49 75 fte'
297 403 76 75 eped
389 403 61 75 and
466 403 150 75 wrought
631 403 78 75 with
727 403 111 75 water.

203 450 163 75 Bricks,
393 450 115 75 among
529 450 49 75 us,
604 450 53 75 are
673 450 139 75 various,
831 450 176 75 according
1023 450 35 75 to
1074 450 83 75 their
1175 450 52 75 va-

250 497 84 75 rious
353 497 110 75 forms,
481 497 199 75 dimenfions,
695 497 83 75 dies,
803 497 133 75 method
947 497 40 75 of
998 497 138 75 making,
1163 497 64 75 ebc.

248 544 54 75 the
321 544 150 75 principal
487 544 39 75 of
536 544 106 75 which
659 544 64 75 are,
737 544 289 75 Compafs-bricks,
1045 544 39 75 of
1095 544 19 75 a
1128 544 100 75 circu-

250 590 47 75 lar
313 590 97 75 form,
435 590 76 75 ufed
528 590 184 75 infleyning
729 590 38 75 of
778 590 89 75 walls
882 590 10 75 :
918 590 161 75 Concave,
1104 590 38 75 or
1158 590 70 75 hol-

247 636 64 75 low
328 636 118 75 bricks,
471 636 41 75 on
529 636 60 75 one
605 636 63 75 fide
684 636 55 75 flat
765 636 65 75 like
857 636 18 75 a
899 636 146 75 common
1061 636 101 75 brick,
1188 636 42 75 on

249 684 54 75 the
319 684 93 75 other
428 684 175 75 hollowed,
629 684 61 75 and
716 684 75 75 ufed
815 684 53 75 for
899 684 199 75 conveyance
1114 684 39 75 of
1164 684 63 75 wa-

249 730 49 75 ter
310 730 9 75 :
358 730 258 75 Feather-edged
639 730 120 75 bricks,
783 730 104 75 which
913 730 53 75 are
992 730 64 75 like
1083 730 146 75 common

247 777 114 75 llatute
378 777 118 75 bricks,
522 777 77 75 only
621 777 127 75 thinner
764 777 42 75 on
823 777 60 75 one
911 777 80 75 edge
1018 777 76 75 than
1121 777 55 75 the
1193 777 35 75 o-

247 823 84 75 ther,
358 823 62 75 and
447 823 76 75 ufed
549 823 51 75 for
624 823 137 75 penning
788 823 44 75 up
857 823 55 75 the
936 823 91 75 brick
1044 823 129 75 pannels
1197 823 31 75 in

247 869 115 75 timber
379 869 180 75 buildings:
586 869 149 75 Cogging
751 869 104 75 bricks
873 869 52 75 are
942 869 75 75 ufed
1033 869 52 75 for
1100 869 129 75 making

247 917 56 75 the
331 917 152 75 indented
506 917 105 75 works
639 917 100 75 under
762 917 55 75 the
842 917 112 75 caping
977 917 43 75 of
1034 917 89 75 walls
1147 917 82 75 built

246 963 77 75 with
341 963 91 75 great
448 963 105 75 bricks
566 963 8 75 :
611 963 128 75 Caping
755 963 118 75 bricks,
897 963 125 75 formed
1038 963 41 75 on
1096 963 132 75 purpofe

246 1010 52 75 for
314 1010 111 75 caping
438 1010 40 75 of
482 1010 113 75 walls:
623 1010 113 75 Dutch
753 1010 37 75 or
806 1010 136 75 Flemilh
958 1010 119 75 bricks,
1101 1010 76 75 ufed
1193 1010 35 75 to

246 1057 78 75 pave
352 1057 107 75 yards,
493 1057 126 75 ftables,
644 1057 62 75 and
727 1057 52 75 for
801 1057 207 75 foap-boHers
1036 1057 103 75 vaults
1166 1057 62 75 and

248 1103 148 75 cifterns:
424 1103 160 75 Clinkers,
609 1103 77 75 fuch
710 1103 105 75 bricks
832 1103 32 75 as
882 1103 53 75 are
962 1103 116 75 glazed
1105 1103 44 75 by
1171 1103 56 75 the

247 1149 75 75 heat
338 1149 40 75 of
390 1149 55 75 the
461 1149 56 75 fire
539 1149 33 75 in
598 1149 129 75 making
741 1149 9 75 :
788 1149 117 75 Sandel
932 1149 38 75 or
996 1149 230 75 famel-bricks,

248 1196 54 75 are
319 1196 74 75 fuch
411 1196 33 75 as
459 1196 43 75 lie
518 1196 137 75 outmoll
679 1196 31 75 in
735 1196 17 75 a
776 1196 80 75 kiln,
880 1196 38 75 or
934 1196 113 75 clamp,
1073 1196 62 75 and
1151 1196 75 75 con-

246 1242 166 75 fequently
429 1242 53 75 are
494 1242 64 75 foft
574 1242 61 75 and
652 1242 124 75 ufelefs,
802 1242 33 75 as
852 1242 57 75 not
925 1242 93 75 being
1033 1242 195 75 thoroughly

246 1288 116 75 burnt:
390 1288 106 75 Great
512 1288 106 75 bricks
635 1288 54 75 are
705 1288 89 75 thofe
811 1288 115 75 twelve
941 1288 106 75 inches
1064 1288 88 75 long,
1180 1288 49 75 fix

246 1336 113 75 broad,
392 1336 63 75 and
478 1336 91 75 three
596 1336 100 75 thick,
722 1336 77 75 ufed
826 1336 35 75 to
896 1336 90 75 build
1009 1336 214 75 fence-walls:

243 1381 136 75 _Plai%r
395 1381 191 75 or'buttrefs
603 1381 119 75 bricks,
747 1381 81 75 have
857 1381 18 75 a
898 1381 98 75 notch
1020 1381 33 75 at
1074 1381 60 75 one
1151 1381 74 75 end,

249 1429 73 75 half
334 1429 55 75 the
400 1429 135 75 breadth
551 1429 40 75 of
603 1429 54 75 the
674 1429 90 75 brick
778 1429 10 75 ;
814 1429 84 75 their
916 1429 53 75 ufe
985 1429 26 75 is
1028 1429 35 75 to
1079 1429 77 75 bind
1172 1429 55 75 the

248 1476 91 75 work
355 1476 105 75 which
476 1476 27 75 is
515 1476 82 75 built
609 1476 39 75 of
663 1476 89 75 great
764 1476 126 75 bricks:
918 1476 249 75 Statute-bricks
1188 1476 40 75 or

247 1524 87 75 frnall
352 1524 146 75 common
513 1524 120 75 bricks,
658 1524 112 75 ought,
796 1524 92 75 when
905 1524 108 75 burnt,
1038 1524 36 75 to
1099 1524 39 75 be
1154 1524 73 75 nine

246 1569 108 75 inches
366 1569 88 75 long,
479 1569 73 75 four
564 1569 61 75 and
643 1569 18 75 a
677 1569 129 75 quarter
823 1569 113 75 broad,
962 1569 61 75 and
1044 1569 65 75 two
1129 1569 63 75 and
1209 1569 18 75 a

247 1615 72 75 half
330 1615 88 75 thick
432 1615 9 75 ;
468 1615 78 75 they
562 1615 51 75 are
631 1615 180 75 commonly
823 1615 76 75 ufed
918 1615 163 75 in.paving
1101 1615 123 75 cellars,

247 1663 95 75 links,
367 1663 143 75 hearths,
536 1663 63 75 6"£.

294 1708 114 75 Bricks
425 1708 53 75 are
494 1708 96 75 burnt
606 1708 102 75 either
726 1708 32 75 in
778 1708 19 75 a
817 1708 67 75 kiln
901 1708 37 75 or
953 1708 116 75 clamp.
1116 1708 110 75 Thofe

248 1754 70 75 that
335 1754 53 75 are
405 1754 95 75 burnt
515 1754 33 75 in
565 1754 18 75 a
598 1754 80 75 kiln,
703 1754 53 75 are
772 1754 63 75 firll
854 1754 45 75 fet
925 1754 38 75 or
989 1754 112 75 placed
1128 1754 31 75 in
1187 1754 37 75 it,

249 1801 61 75 and
327 1801 75 75 then
418 1801 55 75 the
499 1801 68 75 kiln
582 1801 95 75 being
692 1801 136 75 covered
844 1801 77 75 with
938 1801 103 75 pieces
1057 1801 40 75 of
1107 1801 118 75 bricks,

246 1847 77 75 they
335 1847 56 75 put
407 1847 33 75 in
458 1847 85 75 fome
561 1847 92 75 wood
670 1847 35 75 to
721 1847 61 75 dry
798 1847 89 75 them
899 1847 77 75 with
989 1847 18 75 a
1022 1847 106 75 gentle
1143 1847 57 75 fire
1213 1847 11 75 ;

247 1894 61 75 and
335 1894 64 75 this
415 1894 78 75 they
508 1894 147 75 continue
671 1894 50 75 till
740 1894 56 75 the
811 1894 107 75 bricks
942 1894 53 75 are
1017 1894 109 75 pretty
1151 1894 73 75 dry,

248 1940 105 75 which
365 1940 26 75 is
403 1940 116 75 known
538 1940 45 75 by
599 1940 55 75 the
671 1940 135 75 fmoke’s
823 1940 128 75 turning
967 1940 84 75 from
1064 1940 22 75 a
1101 1940 124 75 darkifh

248 1987 112 75 colour
387 1987 35 75 to
451 1987 19 75 a
497 1987 195 75 tranfparent
715 1987 128 75 fmoke:
868 1987 99 75 They
982 1987 77 75 then
1075 1987 88 75 leave
1179 1987 53 75 off

246 2034 125 75 putting
387 2034 31 75 in
436 2034 106 75 wood,
567 2034 62 75 and
641 2034 136 75 proceed
792 2034 34 75 to
842 2034 92 75 make
946 2034 98 75 ready
1062 2034 51 75 for
1128 2034 96 75 burn-

247 2080 65 75 ing,
337 2080 104 75 which
469 2080 26 75 is
529 2080 181 75 performed
726 2080 43 75 by
785 2080 125 75 putting
933 2080 32 75 in
990 2080 104 75 brulh,
1120 2080 104 75 furze,

247 2127 104 75 fpray,
376 2127 111 75 heath,
510 2127 110 75 brake,
644 2127 38 75 or
697 2127 234 75 fern-faggots;
958 2127 57 75 but
1026 2127 110 75 before
1148 2127 78 75 they

247 2173 57 75 put
319 2173 32 75 in
368 2173 63 75 any.
444 2173 140 75 faggots,
609 2173 78 75 they
701 2173 74 75 dam
790 2173 43 75 up
850 2173 54 75 the
916 2173 110 75 mouth
1044 2173 37 75 or
1088 2173 136 75 .mouths

249 2220 37 75 of
299 2220 54 75 the
369 2220 68 75 kiln
452 2220 78 75 with
547 2220 104 75 pieces
666 2220 40 75 of
713 2220 106 75 bricks
833 2220 120 75 (which
971 2220 77 75 they
1060 2220 60 75 call
1128 2220 97 75 Jhin-

251 2267 64 75 log)
335 2267 86 75 piled
437 2267 42 75 up
499 2267 60 75 one
576 2267 83 75 upon
683 2267 145 75 another,
862 2267 62 75 and
947 2267 82 75 clofe
1047 2267 26 75 it
1090 2267 41 75 up
1148 2267 76 75 with

251 2313 62 75 wet
334 2313 208 75 brick-earth,
566 2313 119 75 inllead
700 2313 39 75 of
751 2313 131 75 mortar.

295 2359 75 75 The
386 2359 121 75 fhinlog
522 2359 76 75 they
621 2359 91 75 make
733 2359 33 75 fo
781 2359 91 75 high,
897 2359 71 75 that
995 2359 91 75 there
1112 2359 27 75 is
1167 2359 59 75 but

245 2402 63 75 juft
324 2402 90 75 room
431 2402 100 75 above
554 2402 25 75 it
609 2402 33 75 to
666 2402 103 75 thruft
793 2402 33 75 in
853 2402 19 75 a
899 2402 130 75 faggot;
1056 2402 77 75 then
1148 2402 78 75 they

250 2450 134 75 proceed
408 2450 35 75 to
459 2450 56 75 put
531 2450 33 75 in
584 2450 88 75 more
688 2450 141 75 faggots,
854 2450 50 75 till
927 2450 57 75 the
1007 2450 67 75 kiln
1098 2450 62 75 and
1183 2450 41 75 its

250 2498 111 75 arches
376 2498 77 75 look
470 2498 109 75 white,
604 2498 61 75 and
683 2498 53 75 the
763 2498 57 75 fire
837 2498 130 75 appears
990 2498 33 75 at
1050 2498 55 75 the
1121 2498 55 75 top
1193 2498 40 75 of

249 2544 55 75 the
319 2544 67 75 kiln
401 2544 10 75 ;
449 2544 84 75 upon
560 2544 105 75 which
693 2544 79 75 they
796 2544 122 75 flacken
946 2544 56 75 the
1026 2544 57 75 fire
1107 2544 51 75 for
1187 2544 40 75 an

249 2590 95 75 hour,
361 2590 61 75 and
438 2590 46 75 let
500 2590 41 75 all
558 2590 71 75 cool
641 2590 45 75 by
696 2590 144 75 degrees.
888 2590 86 75 This
988 2590 77 75 they
1081 2590 148 75 continue

249 2638 35 75 to
301 2638 55 75 do,
381 2638 187 75 alternately
585 2638 130 75 heating
735 2638 62 75 and
823 2638 148 75 flacking,
997 2638 49 75 till
1071 2638 54 75 the
1145 2638 84 75 ware

250 2684 46 75 be,
307 2684 195 75 thoroughly
519 2684 106 75 burnt,
643 2684 105 75 which
760 2684 26 75 is
800 2684 120 75 ufually
937 2684 135 75 effected
1081 2684 33 75 in
1125 2684 103 75 forty-

248 2729 88 75 eight
353 2729 110 75 hours.

298 2775 110 75 About
425 2775 138 75 London
581 2775 76 75 they
670 2775 113 75 chiefly
799 2775 79 75 burn
896 2775 31 75 in
945 2775 131 75 clamps,
1100 2775 82 75 built
1194 2775 40 75 of

250 2823 55 75 the
321 2823 105 75 bricks
444 2823 199 75 themfelves,
669 2823 85 75 after
777 2823 55 75 the
855 2823 129 75 manner
1004 2823 40 75 of
1063 2823 109 75 arches
1197 2823 32 75 in

251 2869 95 75 kilns,
373 2869 77 75 with
463 2869 19 75 a
499 2869 139 75 vacancy
654 2869 141 75 between
813 2869 76 75 each
907 2869 102 75 brick,
1034 2869 51 75 for
1101 2869 55 75 the
1173 2869 55 75 fire

250 2916 34 75 to
301 2916 72 75 play
385 2916 140 75 through
537 2916 9 75 ;
572 2916 57 75 but
646 2916 77 75 with
740 2916 63 75 this
815 2916 184 75 difference,
1024 2916 71 75 that
1110 2916 119 75 inftead

250 2960 40 75 of
302 2960 140 75 arching,
468 2960 77 75 they
570 2960 71 75 fpan
665 2960 26 75 it
713 2960 76 75 over
813 2960 43 75 by
883 2960 127 75 making
1038 2960 53 75 the
1119 2960 108 75 bricks

250 3007 120 75 project
393 3007 61 75 one
482 3007 77 75 over
583 3007 134 75 another
740 3007 40 75 on
808 3007 82 75 both
906 3007 78 75 fides
1001 3007 40 75 of
1053 3007 54 75 the
1123 3007 103 75 place,

248 3053 121 75 for.the
386 3053 94 75 wood
497 3053 62 75 and
575 3053 85 75 coals
677 3053 35 75 to
724 3053 42 75 lie
782 3053 32 75 in
827 3053 48 75 till
892 3053 76 75 they
980 3053 95 75 meet,
1094 3053 62 75 and
1173 3053 53 75 are

246 3100 148 75 bounded
409 3100 44 75 by
469 3100 55 75 the
541 3100 105 75 bricks
667 3100 32 75 at
717 3100 53 75 the
787 3100 68 75 top,
880 3100 105 75 which
1012 3100 83 75 cfofe
1111 3100 43 75 all
1170 3100 54 75 up.

1358 244 17 75 )

1704 244 36 75 B
1800 244 36 75 R
1894 244 18 75 I

1321 312 78 75 The
1416 312 88 75 place
1521 312 51 75 for
1596 312 55 75 the
1676 312 67 75 fuel
1770 312 26 75 is
1825 312 123 75 carried
1974 312 42 75 up
2043 312 87 75 ftrait
2156 312 41 75 on
2226 312 79 75 botsh

1325 359 91 75 fides,
1441 359 49 75 till
1508 359 97 75 about
1620 359 91 75 three
1726 359 67 75 feet
1809 359 77 75 high
1905 359 11 75 ;
1948 359 77 75 then
2041 359 76 75 they
2134 359 109 75 almoft
2258 359 48 75 fill

1325 405 26 75 it
1366 405 79 75 with
1461 405 108 75 wood,
1587 405 62 75 and
1664 405 76 75 over
1756 405 70 75 that
1837 405 53 75 lay
1906 405 19 75 a
1940 405 149 75 covering
2103 405 41 75 of
2154 405 150 75 fea-coal,

1325 454 61 75 and
1402 454 77 75 then
1495 454 151 75 overfpan
1663 454 55 75 the
1744 454 98 75 arch;
1877 454 58 75 but
1959 454 75 75 they
2060 454 91 75 ftrew
2167 454 139 75 fea-coal

1326 498 65 75 alfo
1407 498 76 75 over
1499 498 53 75 the
1569 498 116 75 clamp,
1710 498 136 75 betwixt
1868 498 42 75 all
1937 498 55 75 the
2010 498 82 75 rows
2116 498 40 75 of
2174 498 127 75 bricks;

1324 546 104 75 laftly,
1452 546 78 75 they
1556 546 108 75 kindle
1687 546 56 75 the
1768 546 108 75 wood,
1902 546 104 75 which
2022 546 86 75 gives
2125 546 56 75 fire
2198 546 34 75 to
2250 546 54 75 the

1325 592 69 75 coal
1410 592 10 75 ;
1447 592 62 75 and
1524 592 93 75 when
1634 592 42 75 all
1693 592 27 75 is
1744 592 107 75 burnt,
1876 592 76 75 then
1978 592 77 75 they
2071 592 154 75 conclude
2248 592 55 75 the

1325 638 105 75 bricks
1448 638 53 75 are
1519 638 189 75 fufficiently
1723 638 109 75 burnt.

1279 685 56 75 0/7
1357 685 42 75 ^
1412 685 164 75 Bricks,
1602 685 82 75 olive
1706 685 45 75 oil
1776 685 139 75 imbibed
1941 685 44 75 by
2009 685 56 75 the
2088 685 158 75 fubftance
2268 685 41 75 of

1325 731 117 75 bricks,
1459 731 62 75 and
1538 731 187 75 afterwards
1740 731 138 75 diftilled
1890 731 84 75 from
1990 731 38 75 it.
2075 731 87 75 This
2178 731 48 75 oil
2237 731 65 75 was

1324 778 78 75 once
1419 778 31 75 in
1470 778 88 75 great
1575 778 110 75 repute
1709 778 51 75 for
1776 778 110 75 curing
1903 778 95 75 many
2019 778 145 75 difeafes,
2189 778 58 75 but
2274 778 27 75 is

1325 824 72 75 now
1413 824 133 75 entirely
1563 824 64 75 laid
1642 824 95 75 afide.-

1277 871 250 75 BRICKING,
1552 871 114 75 among
1690 871 153 75 builders,
1867 871 55 75 the
1950 871 245 75 counterfeiting
2221 871 41 75 of
2283 871 19 75 a

1323 916 181 75 brick-wall
1540 916 40 75 on
1612 916 125 75 phlfter,
1773 916 105 75 which
1904 916 27 75 is
1959 916 83 75 done
2073 916 44 75 by
2147 916 154 75 fmearing

1323 963 25 75 it
1364 963 76 75 over
1457 963 76 75 with
1550 963 56 75 red
1622 963 108 75 ochre,
1756 963 61 75 and
1834 963 127 75 making
1976 963 54 75 the
2050 963 100 75 joints
2167 963 78 75 with
2262 963 38 75 an

1322 1010 104 75 edged
1444 1010 90 75 tool;
1560 1010 87 75 thefe
1662 1010 58 75 laft
1736 1010 53 75 are
1805 1010 186 75 afterwards
2008 1010 87 75 filled
2111 1010 78 75 with
2206 1010 19 75 a
2239 1010 62 75 fine

1322 1056 125 75 plafter.

1276 1103 165 75 BRIDE,
1459 1103 18 75 a
1492 1103 124 75 woman
1634 1103 104 75 newly
1754 1103 150 75 married.
1955 1103 130 75 Among
2100 1103 55 75 the
2171 1103 129 75 Greeks

1322 1149 25 75 it
1371 1149 65 75 was
1453 1149 178 75 cuftomary
1646 1149 51 75 for
1712 1149 55 75 the
1783 1149 99 75 bride-
1900 1149 36 75 to
1962 1149 40 75 be
2026 1149 175 75 condudted
2216 1149 84 75 from

1321 1195 58 75 her
1400 1195 115 75 father'
1515 1195 18 75 s
1550 1195 97 75 houfe
1664 1195 34 75 to
1716 1195 58 75 her
1789 1195 169 75 hufband’s
1985 1195 37 75 in
2046 1195 19 75 a
2084 1195 135 75 chariot,
2244 1195 56 75 the

1323 1242 132 75 evening
1472 1242 94 75 being
1582 1242 182 75 chofen.for
1781 1242 71 75 that
1875 1242 145 75 purpofe,
2046 1242 35 75 to
2098 1242 128 75 conceal
2241 1242 59 75 her

1322 1289 142 75 blufties;
1490 1289 51 75 fhe
1569 1289 64 75 was
1657 1289 111 75 placed
1791 1289 32 75 in
1848 1289 55 75 the
1930 1289 131 75 middle,
2085 1289 59 75 her
2158 1289 141 75 hufband

1321 1333 105 75 fitting
1458 1333 41 75 on
1526 1333 60 75 one
1613 1333 75 75 fide,
1729 1333 62 75 and
1814 1333 61 75 one
1903 1333 40 75 of
1962 1333 60 75 her
2046 1333 79 75 moft
2152 1333 144 75 intimate

1322 1380 119 75 friends
1458 1380 41 75 on
1510 1380 56 75 the
1581 1380 115 75 other;
1722 1380 127 75 torches
1866 1380 83 75 were
1961 1380 121 75 carried
2098 1380 110 75 before
2224 1380 71 75 her,

1321 1425 64 75 and
1397 1425 53 75 Ihe
1462 1425 63 75 was
1542 1425 196 75 entertained
1754 1425 32 75 in
1798 1425 54 75 the
1871 1425 123 75 paffage
2010 1425 77 75 with
2109 1425 18 75 a
2142 1425 77 75 fong
2234 1425 62 75 fui-

1320 1472 85 75 table
1421 1472 36 75 to
1475 1472 53 75 the
1544 1472 156 75 occafion.
1759 1472 112 75 When
1899 1472 76 75 they
2004 1472 125 75 arrived
2153 1472 32 75 at
2214 1472 83 75 their

1319 1518 165 75 journey’s
1504 1518 74 75 end,
1603 1518 54 75 the
1674 1518 157 75 axle-tree
1847 1518 40 75 of
1898 1518 55 75 the
1968 1518 99 75 coach
2083 1518 78 75 they
2177 1518 77 75 rode
2266 1518 32 75 in

1322 1565 63 75 was
1403 1565 107 75 burnt,
1535 1565 36 75 to
1590 1565 113 75 fignify
1718 1565 71 75 that
1805 1565 56 75 the
1883 1565 90 75 bride
1999 1565 65 75 was
2087 1565 94 75 never
2198 1565 34 75 to
2249 1565 50 75 re-

1322 1611 71 75 turn
1411 1611 36 75 to
1458 1611 56 75 her
1532 1611 130 75 father’s
1679 1611 109 75 houfe.
1820 1611 131 75 Among
1964 1611 54 75 the
2033 1611 156 75 Romans,
2206 1611 92 75 when

1321 1658 18 75 a
1356 1658 90 75 bride
1463 1658 64 75 was
1548 1658 121 75 carried
1685 1658 94 75 home
1799 1658 34 75 to
1849 1658 57 75 her
1921 1658 167 75 hulband’s
2112 1658 109 75 houfe.,
2246 1658 52 75 (he
2338 1658 28 75 *

1320 1704 64 75 was
1401 1704 57 75 not
1474 1704 35 75 to
1527 1704 97 75 touch
1647 1704 56 75 the
1728 1704 162 75 threlhold
1911 1704 33 75 at
1966 1704 58 75 her
2047 1704 64 75 firft
2136 1704 159 75 entrance,

1319 1750 58 75 but
1393 1750 64 75 was
1475 1750 34 75 to
1526 1750 69 75 leap
1607 1750 78 75 over
1699 1750 37 75 it.

1273 1795 342 75 BRIDEGROOM,
1641 1795 18 75 a
1675 1795 72 75 man
1771 1795 105 75 newly
1891 1795 149 75 married,
2065 1795 54 75 the
2138 1795 108 75 fpoufe
2262 1795 39 75 of

1319 1844 55 75 the
1390 1844 102 75 bride.

1367 1889 77 75 The
1456 1889 135 75 Spartan
1607 1889 218 75 bridegrooms
1845 1889 185 75 committed
2046 1889 16 75 a
2079 1889 76 75 kind
2171 1889 41 75 of
2221 1889 75 75 rape

1318 1936 85 75 upon
1428 1936 84 75 their
1540 1936 127 75 brides;
1694 1936 52 75 for
1773 1936 130 75 matters
1931 1936 94 75 being
2052 1936 116 75 agreed
2183 1936 41 75 on
2241 1936 53 75 be-

1319 1981 101 75 tween
1437 1981 87 75 them
1552 1981 76 75 two,
1653 1981 55 75 the
1735 1981 127 75 woman
1886 1981 71 75 (hat
1973 1981 165 75 contrived
2152 1981 61 75 and
2230 1981 66 75 ma-

1318 2027 102 75 naged
1436 2027 57 75 the
1507 2027 118 75 match,
1650 2027 117 75 having
1794 2027 114 75 (haved
1923 2027 55 75 the
1995 2027 116 75 bride’s
2128 2027 70 75 hair
2214 2027 82 75 clofe

1318 2074 34 75 to
1365 2074 56 75 her
1437 2074 79 75 (kin,
1540 2074 122 75 drefled
1677 2074 57 75 her
1763 2074 40 75 up
1830 2074 32 75 in
1879 2074 98 75 man’s
1995 2074 135 75 deaths,
2157 2074 62 75 and
2234 2074 62 75 left

1318 2120 57 75 her
1391 2120 83 75 upon
1503 2120 19 75 a
1545 2120 165 75 mattrefs;
1737 2120 64 75 this
1828 2120 95 75 done,
1948 2120 32 75 in
2004 2120 87 75 came
2117 2120 56 75 the
2188 2120 106 75 bride-

1318 2167 122 75 groom,
1465 2167 31 75 in
1513 2167 50 75 his
1578 2167 87 75 ufual
1693 2167 99 75 drefs,
1815 2167 118 75 having
1949 2167 118 75 fupped
2083 2167 33 75 as
2132 2167 162 75 ordinary,

1318 2213 62 75 and
1397 2213 128 75 dealing
1541 2213 33 75 as
1591 2213 156 75 privately
1761 2213 34 75 as
1811 2213 41 75 he
1863 2213 97 75 could
1970 2213 35 75 to
2017 2213 54 75 the
2088 2213 90 75 room
2189 2213 108 75 where

1317 2260 55 75 the
1388 2260 89 75 bride
1493 2260 64 75 lay,
1582 2260 62 75 and
1659 2260 134 75 untying
1809 2260 57 75 her
1888 2260 233 75 virgimgirdle,
2144 2260 79 75 took
2238 2260 59 75 her

1315 2306 36 75 to
1366 2306 49 75 his
1443 2306 161 75 embraces
1616 2306 10 75 ;
1652 2306 62 75 and
1738 2306 116 75 having
1869 2306 107 75 ftayed
1992 2306 18 75 a
2025 2306 84 75 (hort
2126 2306 76 75 time
2218 2306 78 75 with

1322 2352 70 75 her,
1417 2352 149 75 returned
1582 2352 34 75 to
1639 2352 50 75 his
1706 2352 214 75 companions,
1946 2352 79 75 with
2041 2352 106 75 whom
2159 2352 45 75 he
2220 2352 76 75 con-

1318 2398 108 75 tinued
1442 2398 35 75 to
1487 2398 97 75 fpend
1600 2398 50 75 his
1665 2398 69 75 life,
1760 2398 171 75 remaining
1947 2398 77 75 with
2042 2398 87 75 them
2137 2398 51 75 .by
2205 2398 92 75 night

1318 2445 33 75 as
1366 2445 74 75 well
1469 2445 32 75 as
1530 2445 44 75 by
1600 2445 75 75 day,
1699 2445 102 75 unlefs
1824 2445 43 75 he
1883 2445 77 75 ftole
1977 2445 18 75 a
2009 2445 86 75 (hort
2111 2445 69 75 vifit
2196 2445 34 75 to
2246 2445 50 75 his

1318 2492 100 75 bride,
1444 2492 105 75 which
1566 2492 96 75 could
1678 2492 57 75 not
1760 2492 41 75 be
1827 2492 83 75 done
1933 2492 137 75 without
2086 2492 17 75 a
2119 2492 89 75 great
2225 2492 71 75 deal

1319 2537 39 75 of
1370 2537 266 75 circumfpedtion,
1662 2537 61 75 and
1740 2537 66 75 fear
1822 2537 39 75 of
1873 2537 94 75 being
1982 2537 195 75 difeovered.

1271 2583 310 75 BRIDEWELL,
1607 2583 18 75 a
1651 2583 215 75 work-houfe,
1891 2583 37 75 or
1955 2583 88 75 place
2065 2583 39 75 of
2123 2583 174 75 corredion

1318 2631 50 75 for
1383 2631 161 75 vagrants,
1569 2631 178 75 (trumpets,
1773 2631 62 75 and
1850 2631 94 75 other
1964 2631 176 75 diforderly
2156 2631 140 75 perfons.

1364 2676 107 75 Thefe
1498 2676 52 75 are
1578 2676 92 75 made
1694 2676 36 75 to
1756 2676 101 75 work,
1884 2676 93 75 being
2001 2676 190 75 maintained
2218 2676 78 75 with

1320 2722 159 75 cloathing
1496 2722 62 75 and
1584 2722 87 75 diet;
1698 2722 62 75 and
1776 2722 91 75 when
1894 2722 26 75 it
1947 2722 97 75 feems
2060 2722 86 75 good
2161 2722 34 75 to
2212 2722 85 75 their

1319 2768 183 75 governors,
1527 2768 78 75 they
1632 2768 52 75 are
1711 2768 67 75 fent
1805 2768 44 75 by
1869 2768 96 75 pafles
1992 2768 69 75 into
2085 2768 83 75 their
2189 2768 107 75 native

1318 2814 157 75 countries
1487 2814 8 75 :
1523 2814 160 75 however,
1709 2814 95 75 while
1816 2814 77 75 they
1908 2814 118 75 remain
2043 2814 87 75 here,
2155 2814 77 75 they
2243 2814 53 75 are

1319 2861 55 75 not
1392 2861 75 75 only
1479 2861 90 75 made
1581 2861 34 75 to
1628 2861 101 75 work,
1754 2861 69 75 but,
1849 2861 168 75 according
2028 2861 35 75 to
2077 2861 80 75 their
2170 2861 126 75 crimes,

1320 2906 132 75 receive,
1478 2906 79 75 once
1585 2906 203 75 a-fortnight,
1813 2906 75 75 fuch
1906 2906 19 75 a
1940 2906 132 75 number
2088 2906 39 75 of
2139 2906 107 75 ftripes
2263 2906 34 75 as

1319 2953 55 75 the
1391 2953 158 75 governor
1565 2953 194 75 commands.
1808 2953 63 75 Yet
1895 2953 34 75 to
1946 2953 63 75 this
2029 2953 134 75 hofpital
2179 2953 117 75 feveral

1318 2998 129 75 hopeful
1478 2998 60 75 and
1567 2998 161 75 ingenious
1759 2998 68 75 lads
1855 2998 53 75 are
1929 2998 56 75 put
2002 2998 208 75 apprentices,
2235 2998 63 75 and

1318 3045 97 75 prove
1432 3045 186 75 afterwards
1637 3045 185 75 honeft.and
1839 3045 177 75 fubftantial
2033 3045 144 75 citizens.

1267 3092 205 75 BRIDGE,
1510 3092 20 75 a
1545 3092 91 75 work
1651 3092 40 75 of
1713 3092 145 75 mafonry
1874 3092 37 75 or
1932 3092 128 75 timber,
2085 3092 162 75 confifting
2263 3092 39 75 of

2236 3131 60 75 one
