2396 3377
179 212 186 75 AMISIA,
390 212 38 75 or
444 212 81 75 Ami

179 259 162 75 AMISS,
372 259 38 75 or
433 259 154 75 drawing

228 305 207 75 Drawing.

180 351 165 75 Amissa,
371 351 40 75 or
426 351 53 75 iex
493 351 127 75 amij/d.
672 351 61 75 See
749 351 98 75 Lex.

179 397 264 75 AMITTERE
472 397 100 75 legem
604 397 108 75 terra,
738 397 117 75 among
881 397 149 75 lawyers,
1063 397 19 75 a
1105 397 111 75 plxrafe

225 444 173 75 importing
409 444 55 75 the
480 444 48 75 loi'
528 444 15 75 s
560 444 41 75 of
617 444 118 75 liberty
752 444 40 75 of
810 444 155 75 fwearing
981 444 32 75 in
1030 444 62 75 any
1109 444 105 75 court.

180 491 166 75 AMMA,
373 491 186 75 infurgery.
611 491 61 75 See
689 491 164 75 Hamma.

178 537 138 75 Amma,
342 537 116 75 among
469 537 215 75 ecclefiallical
704 537 139 75 writers,
869 537 20 75 a
904 537 83 75 term
1009 537 78 75 ufed
1108 537 35 75 to
1162 537 55 75 de-

227 583 76 75 note
320 583 37 75 an
377 583 109 75 abbefs
504 583 37 75 or
557 583 143 75 fpiritual
712 583 139 75 mother.

179 630 212 75 AMMAA,
417 630 31 75 in
466 630 199 75 geography.
716 630 61 75 See
794 630 131 75 Amed.

181 677 199 75 AMMAN,
398 677 38 75 or
451 677 192 75 Ammant,
668 677 33 75 in
717 677 55 75 the
788 677 146 75 German
950 677 60 75 and
1028 677 114 75 Belgic
1158 677 57 75 po-

226 722 77 75 licy,
329 722 19 75 a
359 722 101 75 judge
476 722 76 75 who
568 722 56 75 has
641 722 56 75 the
714 722 194 75 cognizance
920 722 40 75 of
979 722 74 75 civil
1070 722 120 75 caufes.

178 768 191 75 Ammant,
410 768 27 75 is
464 768 66 75 alfo
553 768 77 75 ufed
653 768 116 75 among
801 768 56 75 the
882 768 127 75 French
1037 768 51 75 for
1117 768 18 75 a
1157 768 58 75 pu-

226 814 64 75 blic
313 814 128 75 notary,
475 814 38 75 or
531 814 110 75 officer
657 814 74 75 who
751 814 104 75 draws
876 814 42 75 up
934 814 201 75 inftruments
1152 814 62 75 and

229 862 111 75 deeds.

178 908 289 75 AMMANNIA,
501 908 33 75 in
561 908 132 75 botany,
727 908 19 75 a
773 908 98 75 genus
897 908 40 75 of
956 908 54 75 the
1039 908 177 75 tetrandria

226 955 193 75 monogynia
442 955 91 75 clafs.
581 955 78 75 The
682 955 122 75 corolla
820 955 124 75 confifts
962 955 39 75 of
1021 955 76 75 four
1112 955 102 75 petals

222 1002 141 75 inferred
378 1002 69 75 into
463 1002 57 75 the
545 1002 98 75 calix,
669 1002 106 75 v/hich
799 1002 58 75 has
883 1002 90 75 eight
990 1002 101 75 teeth.
1139 1002 77 75 The

227 1048 123 75 capfule
378 1048 58 75 has
465 1048 74 75 four
561 1048 90 75 cells.
699 1048 114 75 There
839 1048 53 75 are
915 1048 92 75 three
1034 1048 118 75 fpecies
1178 1048 44 75 of

226 1094 191 75 ammannia,
442 1094 71 75 viz.
537 1094 56 75 the
614 1094 151 75 latifolia,
791 1094 63 75 and
877 1094 163 75 ramofior,
1066 1094 79 75 both
1162 1094 55 75 na-

226 1142 81 75 tives
320 1142 40 75 of
370 1142 171 75 America;
555 1142 62 75 and
633 1142 55 75 the
704 1142 170 75 baccifera,
893 1142 18 75 a
927 1142 105 75 native
1044 1142 40 75 of
1096 1142 119 75 China.

177 1189 318 75 AMMERGAW,
522 1189 38 75 or
575 1189 268 75 AMMERLAND,
869 1189 18 75 a
903 1189 90 75 fmall
1010 1189 154 75 territory
1183 1189 32 75 in

229 1234 214 75 Weftphalia,
469 1234 171 75 belonging
652 1234 36 75 to
704 1234 56 75 the
776 1234 89 75 King
881 1234 41 75 of
941 1234 181 75 Denmark.

178 1282 150 75 AMMI,
352 1282 33 75 in
408 1282 134 75 botany,
575 1282 18 75 a
618 1282 99 75 genus
742 1282 39 75 of
800 1282 55 75 the
878 1282 188 75 pentandria
1088 1282 130 75 digynia

226 1328 90 75 clafs.
363 1328 78 75 The
465 1328 200 75 involucrum
688 1328 28 75 is
740 1328 173 75 pinnated;
940 1328 60 75 and
1019 1328 54 75 the
1089 1328 126 75 flowers

226 1375 53 75 are
302 1375 42 75 all
369 1375 273 75 hermophradite,
669 1375 79 75 with
773 1375 144 75 radiated
940 1375 115 75 petals.
1102 1375 113 75 There

226 1421 53 75 are
291 1421 39 75 tw
330 1403 7 49 r
337 1421 20 75 o
374 1421 119 75 fpecies
510 1421 40 75 of
568 1421 56 75 the
640 1421 108 75 ammi,
774 1421 69 75 viz.
868 1421 56 75 the
936 1421 102 75 majus
1050 1421 64 75 and
1125 1421 90 75 glau-

223 1468 156 75 cifolium,
406 1468 81 75 both
504 1468 121 75 natives
643 1468 40 75 of
701 1468 145 75 Europe.

179 1515 270 75 AMMINIEiE
468 1515 80 75 uva,
574 1515 17 75 a
609 1515 91 75 name
716 1515 179 75 fometimes
908 1515 92 75 given
1012 1515 36 75 to
1065 1515 18 75 a
1098 1515 117 75 fpecies

225 1561 41 75 of
282 1561 86 75 vine.
420 1561 61 75 See
496 1561 134 75 Vitis.

178 1609 245 75 AMMITES,
448 1609 34 75 in
497 1609 124 75 natural
637 1609 132 75 hiftory,
786 1609 57 75 the
859 1609 92 75 name
968 1609 40 75 of
1019 1609 18 75 a
1049 1609 164 75 congeries

226 1654 39 75 of
284 1654 197 75 ftalagmitse.
531 1654 63 75 See
612 1654 290 75 Stalagmite.

178 1700 363 75 AMMOCOETUS,
559 1700 31 75 in
608 1700 223 75 ichthyology.
874 1700 340 75 SccAmmodytes.

178 1747 387 75 AMMOCHRYSOS,
590 1747 56 75 the
668 1747 91 75 name
783 1747 39 75 of
842 1747 19 75 a
875 1747 119 75 fpecies
1017 1747 40 75 of
1076 1747 95 75 mica,
1197 1747 18 75 a

226 1793 86 75 ftone
329 1793 147 75 common
492 1793 32 75 in
542 1793 180 75 Germany.
772 1793 62 75 See
851 1793 126 75 Mica.

177 1841 330 75 AMMODYTES,
533 1841 37 75 or
588 1841 207 75 Sand-eel,
821 1841 31 75 in
869 1841 223 75 ichthyology,
1118 1841 18 75 a
1158 1841 54 75 ge-

225 1886 58 75 nus
300 1886 41 75 of
358 1886 90 75 fiflies
464 1886 173 75 belonging
654 1886 34 75 to
705 1886 56 75 the
778 1886 96 75 order
890 1886 40 75 of
949 1886 130 75 apodes.
1127 1886 85 75 This

224 1933 54 75 fiffi
305 1933 168 75 refembles
496 1933 39 75 an
560 1933 61 75 eel,
648 1933 62 75 and
733 1933 122 75 feldom
879 1933 137 75 exceeds
1045 1933 18 75 a
1086 1933 70 75 foot
1179 1933 33 75 in

224 1979 125 75 length.
396 1979 77 75 The
489 1979 82 75 head
588 1979 39 75 of
646 1979 56 75 the
725 1979 200 75 ammodytes
948 1979 27 75 is
1003 1979 207 75 comprefled,

224 2025 63 75 and
310 2025 162 75 narrower
493 2025 78 75 than
588 2025 55 75 the
666 2025 88 75 body
766 2025 10 75 ;
803 2025 55 75 the
870 2025 99 75 upper
982 2025 66 75 jaw
1063 2025 27 75 is
1106 2025 107 75 larger

224 2072 77 75 than
329 2072 56 75 the
408 2072 120 75 under;
555 2072 56 75 the
634 2072 87 75 body
735 2072 28 75 is
788 2072 198 75 cylindrical,
1012 2072 31 75 v'
1043 2072 47 75 ith
1113 2072 99 75 fcales

224 2120 117 75 hardly
356 2120 210 75 perceptible.
614 2120 113 75 There
743 2120 26 75 is
793 2120 59 75 but
873 2120 60 75 one
956 2120 118 75 fpecies
1098 2120 40 75 of
1157 2120 55 75 the

224 2166 56 75 the
297 2166 210 75 ammodytes,
533 2166 69 75 v/z.
621 2166 56 75 the
689 2166 158 75 tobianus,
865 2166 18 75 a
894 2166 106 75 native
1016 2166 40 75 of
1066 2166 144 75 Europe.

224 2212 86 75 This
326 2212 54 75 fiffi
398 2212 128 75 gathers
549 2212 91 75 itfelf
659 2212 68 75 into
752 2212 18 75 a
794 2212 107 75 circle,
928 2212 62 75 and
1011 2212 119 75 pierces
1156 2212 56 75 the

223 2259 78 75 fand
315 2259 80 75 with
412 2259 42 75 its
471 2259 83 75 head
565 2259 34 75 in
615 2259 56 75 the
687 2259 121 75 centre.

178 2307 202 75 AMMON,
411 2307 38 75 or
478 2307 191 75 Hammon,
702 2307 32 75 in
761 2307 137 75 heathen
927 2307 173 75 antiquity.
1150 2307 62 75 See

225 2353 194 75 Hammon.

178 2399 129 75 Cornua
329 2399 245 75 AMMONIS,
599 2399 32 75 in
654 2399 125 75 natural
804 2399 132 75 hiftory.
986 2399 62 75 See
1066 2399 145 75 Snake-

230 2445 162 75 stones.

180 2492 286 75 AMMONIAC,
491 2492 55 75 the
564 2492 90 75 name
671 2492 40 75 of
722 2492 19 75 a
756 2492 168 75 gum-refin
942 2492 166 75 extraded
1125 2492 85 75 from

224 2538 40 75 an
277 2538 137 75 African
428 2538 103 75 plant.
579 2538 32 75 It
626 2538 27 75 is
671 2538 201 75 tranfported
887 2538 108 75 hither
1010 2538 32 75 in
1060 2538 54 75 the
1126 2538 84 75 form

224 2586 41 75 of
275 2586 97 75 drops
395 2586 37 75 or
457 2586 159 75 granules,
642 2586 64 75 and
728 2586 180 75 fometimes
932 2586 33 75 in
988 2586 89 75 large
1099 2586 110 75 mafles

226 2633 170 75 compofed
415 2633 41 75 of
473 2633 87 75 thefe
577 2633 146 75 granules
749 2633 153 75 adhering
924 2633 162 75 together.
1133 2633 77 75 The

225 2679 67 75 heft
308 2679 78 75 kind
401 2679 41 75 of
461 2679 25 75 it
508 2679 27 75 is
553 2679 70 75 that
646 2679 107 75 which
777 2679 27 75 is
827 2679 95 75 freeft
946 2679 40 75 of
1004 2679 103 75 drofs,
1128 2679 44 75 of
1192 2679 18 75 a

225 2726 161 75 yellowifh
405 2726 124 75 colour,
555 2726 62 75 and
633 2726 19 75 a
668 2726 141 75 bitterifti
826 2726 91 75 tafte.
966 2726 32 75 It
1014 2726 27 75 is
1058 2726 95 75 much
1172 2726 37 75 u-

226 2772 55 75 fed
296 2772 32 75 in
345 2772 207 75 obftrudions
569 2772 40 75 of
620 2772 55 75 the
691 2772 199 75 vifcera.and
904 2772 185 75 infardions
1105 2772 39 75 of
1155 2772 55 75 the

225 2819 106 75 lungs.

180 2867 311 75 /Ammoniac.
542 2867 61 75 See
621 2867 230 75 Armoniac.

179 2913 301 75 AMMONITE.
531 2913 61 75 See
609 2913 306 75 Snake-stones.

174 2961 349 75 .AMMUNITION,
549 2961 18 75 a
582 2961 126 75 general
726 2961 81 75 term
827 2961 52 75 for
896 2961 43 75 all
955 2961 132 75 warlike
1102 2961 106 75 provi-

222 3004 95 75 flons,
341 3004 59 75 but
411 3004 89 75 more
516 3004 169 75 efpecially
695 3004 142 75 ppv/der,
862 3004 78 75 ball,
967 3004 64 75 <&c.
1052 3004 25 75 -r
1091 3004 4 75 .

1665 143 42 75 A
1764 143 49 75 U
1874 143 39 75 O

1358 211 236 75 Ammunition,
1620 211 97 75 arms,
1750 211 129 75 utenfils
1903 211 40 75 of
1961 211 79 75 war,
2074 211 223 75 gun-powder,

1312 257 161 75 imported
1496 257 139 75 without
1659 257 121 75 licence
1804 257 85 75 from
1912 257 48 75 his
1985 257 153 75 Majefty,
2164 257 66 75 are,
2255 257 47 75 by

1310 304 55 75 the
1382 304 62 75 law'
1444 304 15 75 s
1476 304 40 75 of
1535 304 163 75 England,
1723 304 165 75 forfeited,
1914 304 62 75 and
1997 304 95 75 triple
2112 304 56 75 the
2192 304 107 75 value.

1359 350 76 75 And
1459 350 104 75 again,
1588 350 77 75 luch
1688 350 120 75 licence
1832 350 163 75 obtained,
2020 350 118 75 except
2163 350 53 75 for
2231 350 69 75 fur-

1311 396 122 75 niftiing
1449 396 50 75 his
1523 396 168 75 Majeftys
1708 396 108 75 public
1838 396 110 75 ftores,
1973 396 26 75 is
2017 396 35 75 to
2069 396 39 75 be
2124 396 88 75 void,
2238 396 63 75 and

1312 443 55 75 the
1390 443 146 75 offender
1552 443 35 75 to
1603 443 91 75 incur
1710 443 20 75 a
1744 443 193 75 premunire,
1963 443 63 75 and
2041 443 36 75 to
2101 443 40 75 be
2157 443 145 75 difabled

1312 490 34 75 to
1358 490 79 75 hold
1454 490 62 75 any
1532 490 93 75 office
1641 490 86 75 from
1743 490 56 75 the
1815 490 123 75 crown.

1265 536 268 75 Ammunition
1554 536 102 75 bread
1656 518 10 49 4
1666 536 2 75 ,
1685 536 107 75 Jhoes,
1816 536 63 75 &c.
1903 536 77 75 fuch
1997 536 33 75 as
2051 536 55 75 are
2121 536 111 75 ferved
2247 536 58 75 out

1313 583 35 75 to
1364 583 56 75 the
1431 583 131 75 foldiers
1581 583 39 75 of
1639 583 39 75 an
1691 583 91 75 army
1798 583 37 75 or
1852 583 155 75 garrifon.

1265 630 159 75 AMNA,
1450 630 117 75 among
1583 630 126 75 ancient
1725 630 189 75 phyficians.
1964 630 62 75 See
2040 630 145 75 Amnis.

1265 676 250 75 AMNESTY,
1541 676 31 75 in
1590 676 132 75 matters
1739 676 40 75 of
1798 676 120 75 policy,
1944 676 38 75 an
2000 676 48 75 ad
2062 676 44 75 by
2117 676 105 75 which
2235 676 65 75 two

1312 723 116 75 parties
1446 723 33 75 at
1489 723 146 75 variance
1651 723 135 75 promife
1801 723 35 75 to
1853 723 120 75 pardon
1990 723 62 75 and
2067 723 83 75 bury
2167 723 33 75 in
2216 723 82 75 obli-

1312 769 74 75 vion
1403 769 42 75 all
1459 769 71 75 that
1546 769 27 75 is
1590 769 78 75 paft.

1359 815 155 75 Amnefty
1536 815 26 75 is
1588 815 103 75 either
1706 815 129 75 general
1852 815 64 75 and
1931 815 181 75 unlimited,
2138 815 37 75 or
2199 815 100 75 parti-

1311 862 88 75 cular
1413 862 61 75 and
1491 862 183 75 reftrained,
1699 862 123 75 though
1839 862 78 75 moft
1930 862 182 75 commonly
2128 862 170 75 univerfal,

1313 909 31 75 u'
1344 909 105 75 ithout
1467 909 164 75 condition
1648 909 39 75 or
1700 909 185 75 exceptions
1898 909 10 75 ;
1939 909 75 75 fuch
2040 909 34 75 as
2099 909 71 75 that
2193 909 108 75 which

1312 955 102 75 pafled
1431 955 33 75 in
1482 955 168 75 Germany
1675 955 32 75 at
1732 955 56 75 the
1816 955 96 75 peace
1936 955 40 75 of
1995 955 172 75 Ofnaburg
2189 955 33 75 in
2245 955 56 75 the

1312 1001 77 75 year
1405 1001 102 75 1648.

1265 1049 205 75 Amnesty,
1495 1049 32 75 in
1553 1049 19 75 a
1594 1049 89 75 more
1707 1049 125 75 limited
1855 1049 97 75 fenfe,
1978 1049 133 75 denotes
2137 1049 19 75 a
2178 1049 122 75 pardon

1312 1095 136 75 granted
1463 1095 45 75 by
1530 1095 21 75 a
1565 1095 108 75 prince
1689 1095 36 75 to
1748 1095 50 75 his
1815 1095 172 75 rebellious
2004 1095 148 75 fubjeds,
2176 1095 125 75 ufually

1312 1141 77 75 with
1417 1141 86 75 fome
1530 1141 187 75 exceptions
1738 1141 8 75 :
1788 1141 77 75 fuch
1899 1141 63 75 was
1995 1141 71 75 that
2093 1141 136 75 granted
2255 1141 44 75 by

1315 1189 135 75 Charles
1468 1189 50 75 II,
1533 1189 34 75 at
1582 1189 49 75 his
1648 1189 199 75 reftoration.

1264 1235 324 75 AMNIMODAR,
1612 1235 32 75 in
1658 1235 172 75 aftrology,
1855 1235 132 75 denotes
2000 1235 55 75 the
2067 1235 108 75 planet
2190 1235 108 75 which

1313 1281 132 75 redilies
1462 1281 19 75 a
1495 1281 149 75 nativity,
1668 1281 39 75 or
1723 1281 109 75 rather
1855 1281 56 75 the
1935 1281 134 75 method
2092 1281 41 75 of
2143 1281 99 75 doing
2258 1281 39 75 k.

1263 1328 203 75 AMNIOS,
1484 1328 31 75 in
1528 1328 163 75 anatomy,
1714 1328 18 75 a
1746 1328 70 75 thin
1834 1328 142 75 pellucid
1992 1328 183 75 membrane
2191 1328 106 75 which

1311 1375 171 75 furrounds
1508 1375 54 75 the
1586 1375 98 75 foetus
1709 1375 32 75 in
1764 1375 55 75 the
1836 1375 117 75 womb.
2005 1375 61 75 See
2083 1375 213 75 Anatomy,

1306 1420 85 75 Tart
1407 1420 64 75 VI.

1263 1469 155 75 AMNIS
1436 1469 203 75 alcalifatur,
1666 1469 20 75 a
1701 1469 83 75 term
1801 1469 52 75 for
1864 1469 101 75 water
1982 1469 221 75 impregnated
2218 1469 79 75 with

1312 1514 37 75 an
1363 1514 109 75 alkali.
1522 1514 62 75 See
1601 1514 170 75 Alkali.

1263 1561 189 75 AMOER,
1481 1561 34 75 in
1540 1561 196 75 geography,
1761 1561 55 75 the
1833 1561 83 75 fame
1941 1561 79 75 with
2043 1561 139 75 Amour.
2233 1561 65 75 See

1309 1609 164 75 Amour.

1263 1654 140 75 Amoer
1437 1654 27 75 is
1493 1654 65 75 alfo
1583 1654 37 75 an
1645 1654 97 75 ifland
1768 1654 135 75 fituated
1925 1654 63 75 eaft
2014 1654 85 75 from
2124 1654 169 75 Niulham,

1310 1701 62 75 and
1388 1701 187 75 north-weft
1591 1701 85 75 from
1693 1701 55 75 the
1760 1701 76 75 land
1851 1701 40 75 of
1910 1701 108 75 Yeffo.

1262 1750 237 75 AMNITES.
1550 1750 62 75 See
1624 1750 200 75 Ammites.

1262 1795 310 75 AMOEBiEUM,
1597 1795 32 75 in
1646 1795 126 75 ancient
1788 1795 126 75 poetry,
1940 1795 19 75 a
1974 1795 79 75 kind
2069 1795 40 75 of
2120 1795 106 75 poem,
2244 1795 49 75 re-

1309 1841 179 75 prefenting
1516 1841 18 75 a
1565 1841 126 75 difpute
1722 1841 144 75 between
1891 1841 66 75 two
1980 1841 131 75 perfons
2139 1841 73 75 who
2241 1841 54 75 are

1308 1888 93 75 made
1424 1888 35 75 to
1483 1888 119 75 anfwer
1618 1888 76 75 each
1718 1888 94 75 other
1828 1888 210 75 alternately;
2075 1888 77 75 fuch
2169 1888 53 75 are
2238 1888 56 75 the

1307 1933 88 75 third
1412 1933 62 75 and
1490 1933 128 75 feventh
1636 1933 41 75 of
1688 1933 134 75 Virgils
1839 1933 161 75 eclogues.

1260 1980 156 75 AMOL,
1441 1980 19 75 a
1475 1980 67 75 city
1558 1980 42 75 of
1615 1980 214 75 Thabariftan
1844 1980 33 75 in
1893 1980 76 75 Afia
1992 1980 85 75 upon
2093 1980 56 75 the
2164 1980 127 75 Gihun.

1310 2026 60 75 See
1387 2026 151 75 Gihun.

1261 2073 242 75 AMOMUM,
1528 2073 32 75 in
1576 2073 133 75 botany,
1735 2073 19 75 a
1769 2073 98 75 genus
1883 2073 41 75 of
1942 2073 55 75 the
2017 2073 185 75 monandria
2223 2073 69 75 mo-

1308 2119 137 75 nogynia
1456 2119 92 75 clafs.
1595 2119 77 75 The
1688 2119 122 75 corolla
1820 2119 48 75 of-
1878 2119 55 75 the
1945 2119 159 75 amomum
2116 2119 25 75 is
2159 2119 54 75 cut
2224 2119 69 75 into

1309 2166 73 75 four
1403 2166 172 75 fegments,
1608 2166 60 75 one
1692 2166 40 75 of
1758 2166 107 75 which
1887 2166 126 75 fpreads
2039 2166 93 75 open.
2179 2166 115 75 There

1310 2213 53 75 are
1378 2213 74 75 four
1467 2213 118 75 fpecies
1603 2213 40 75 of
1661 2213 64 75 this
1746 2213 112 75 genus,
1883 2213 70 75 viz.
1980 2213 55 75 the
2055 2213 157 75 zinziber,
2237 2213 55 75 ze-

1309 2259 137 75 rumbet,
1473 2259 193 75 cardamom,
1692 2259 62 75 and
1769 2259 97 75 grana
1888 2259 143 75 paradifl,
2057 2259 42 75 all
2120 2259 120 75 natives
2256 2259 42 75 of

1309 2307 55 75 the
1388 2307 120 75 Indies.
1559 2307 60 75 See
1637 2307 243 75 Cardamom,
1915 2307 62 75 and
2003 2307 141 75 Gra^na
2168 2307 123 75 Para-

1309 2353 96 75 disi.

1261 2402 290 75 AMORBACH,
1578 2402 18 75 a
1612 2402 88 75 fmall
1712 2402 68 75 city
1791 2402 39 75 of
1849 2402 189 75 Franconia,
2062 2402 33 75 in
2112 2402 179 75 Germany,

1307 2447 170 75 belonging
1493 2447 35 75 to
1545 2447 55 75 the
1615 2447 117 75 eledor
1748 2447 40 75 of
1806 2447 130 75 Mentz.

1260 2495 228 75 AMORGO,
1514 2495 39 75 an
1570 2495 98 75 illand
1684 2495 40 75 of
1742 2495 55 75 the
1812 2495 231 75 Archipelago,
2068 2495 98 75 about
2182 2495 111 75 ninety

1307 2540 91 75 miles
1410 2540 99 75 north
1523 2540 43 75 of
1578 2540 137 75 Candia,
1740 2540 88 75 lying
1845 2540 31 75 in
1893 2540 44 75 E.
1954 2540 88 75 long.
2057 2540 67 75 26
2147 2540 37 75 15
2201 2540 10 75 ,
2229 2540 64 75 and

1307 2587 45 75 N.
1371 2587 58 75 lat.
1444 2587 42 75 37
1486 2569 24 49 0
1510 2587 15 75 ,

1259 2633 255 75 AMORPHA,
1538 2633 33 75 in
1587 2633 133 75 botany,
1745 2633 19 75 a
1786 2633 98 75 genus
1907 2633 41 75 of
1966 2633 55 75 the
2037 2633 181 75 diadelphia
2233 2633 56 75 de-

1307 2680 129 75 candria
1451 2680 92 75 clafs,
1568 2680 41 75 of
1627 2680 106 75 which
1755 2680 92 75 there
1869 2680 27 75 is
1912 2680 59 75 but
1986 2680 61 75 one
2062 2680 131 75 fpecies,
2218 2680 71 75 viz.

1308 2726 55 75 the
1376 2726 164 75 fruticofa.
1588 2726 78 75 The
1682 2726 155 75 vexillum
1852 2726 41 75 of
1911 2726 60 75 the
1987 2726 122 75 corolla
2129 2726 27 75 is
2173 2726 118 75 ovated

1308 2773 62 75 and
1384 2773 159 75 concave;
1568 2773 28 75 it
1619 2773 56 75 has
1693 2773 41 75 no
1751 2773 57 75 alse
1824 2773 38 75 or
1880 2773 120 75 carina.
2049 2773 32 75 It
2104 2773 26 75 is
2148 2773 19 75 a
2183 2773 121 75 native'

1307 2820 39 75 of
1365 2820 166 75 Carolina,
1556 2820 64 75 and
1634 2820 27 75 is
1676 2820 179 75 fometimes
1871 2820 105 75 called
1998 2820 100 75 barba
2122 2820 97 75 Jovis
2237 2820 52 75 A-

1306 2866 101 75 meric
1410 2866 75 75 ma.

1258 2914 398 75 AMORTIZATION,
1681 2914 32 75 in
1729 2914 74 75 law,
1828 2914 56 75 the
1901 2914 169 75 alienation
2083 2914 41 75 <jf
2141 2914 99 75 lands'
2249 2914 39 75 or

1305 2960 176 75 tenements
1497 2960 34 75 to
1549 2960 19 75 a
1582 2960 202 75 corporation
1801 2960 38 75 or
1853 2960 171 75 fraternity
2040 2960 63 75 ana
2117 2960 84 75 their
2217 2960 68 75 fuc-

1278 3008 5 75 .
1305 3008 127 75 cefibrs.
1481 3008 62 75 See
1557 3008 42 75 M
1604 3008 21 75 o
1632 3008 20 75 r
1662 3008 16 75 r
1685 3008 25 75 m
1716 3008 22 75 a
1743 3008 11 75 1
1761 3008 20 75 h
1788 3008 8 75 .
1868 3034 9 49 k

2037 3052 245 75 AMOSSON,

552 144 41 75 A
650 144 49 75 M
756 144 48 75 M

1111 144 18 75 (
1193 144 79 75 136
1328 144 20 75 )

540 212 68 75 >SA,
634 212 31 75 in
678 212 196 75 geography.
925 212 61 75 See
1005 212 169 75 Amasia.

612 258 127 75 amiss,
773 258 117 75 among
917 258 186 75 fportfmen.
1153 258 63 75 See
