2477 3395
499 159 229 75 BRA

1040 159 18 75 (
1101 159 102 75 .659

120 233 224 75 Brackets,
370 233 31 75 in
418 233 19 75 a
454 233 77 75 fiiip,
555 233 55 75 the
627 233 88 75 fmall
731 233 108 75 knees,
865 233 122 75 ferving
1010 233 35 75 to
1073 233 71 75 fup-

166 278 72 75 port
254 278 55 75 the
325 278 157 75 galleries,
508 278 61 75 and
597 278 181 75 commonly
806 278 126 75 carved.
984 278 79 75 Alfo
1090 278 54 75 the

166 325 131 75 timbers
314 325 69 75 that
400 325 129 75 fupport
545 325 55 75 the
616 325 140 75 gratings
773 325 33 75 in
823 325 54 75 the
894 325 94 75 head,
1016 325 52 75 are
1080 325 64 75 cal-

168 370 52 75 led
237 370 159 75 brackets.

120 417 221 75 Brackets,
366 417 29 75 in
414 417 153 75 gunnery,
594 417 52 75 are
670 417 54 75 the
742 417 113 75 cheeks
873 417 40 75 of
931 417 55 75 the
1003 417 141 75 carriage

167 463 40 75 of
218 463 17 75 a
252 463 136 75 mortar:
416 463 75 75 they
509 463 52 75 are
578 463 91 75 made
686 463 39 75 of
737 463 105 75 llrong
859 463 109 75 planks
985 463 40 75 of
1039 463 105 75 wood,

165 509 41 75 of
217 509 109 75 almofl:
341 509 18 75 a
376 509 209 75 femicircular
601 509 111 75 figure,
739 509 61 75 an<|
822 509 107 75 bound
946 509 100 75 round
1067 509 76 75 with

167 555 90 75 tliiek
272 555 69 75 iron
358 555 99 75 plates
473 555 9 75 ;
509 555 77 75 they
608 555 53 75 are
686 555 86 75 fixed
794 555 35 75 to
846 555 54 75 the
917 555 77 75 beds
1010 555 40 75 by
1068 555 77 75 four

166 601 95 75 bolts,
289 601 105 75 which
421 601 51 75 are
495 601 102 75 called
623 601 182 75 bed-bolts;
843 601 77 75 they
948 601 59 75 rife
1035 601 41 75 up
1103 601 41 75 on

166 647 76 75 each
260 647 61 75 fide
339 647 39 75 of
390 647 55 75 the
461 647 132 75 mortar,
619 647 61 75 and
696 647 87 75 ferve
801 647 34 75 to
862 647 80 75 keep
960 647 57 75 her
1035 647 30 75 at
1084 647 61 75 any

165 692 168 75 elevation,
360 692 41 75 by
418 692 106 75 means
541 692 38 75 of
590 692 84 75 fome
691 692 105 75 ftrong
822 692 70 75 iron
920 692 96 75 bolts,
1042 692 103 75 called

166 739 247 75 bracket-bolts,
455 739 104 75 which
591 739 42 75 go
664 739 139 75 through
837 739 86 75 thefe
956 739 114 75 cheeks
1109 739 38 75 or

168 785 159 75 brackets.

119 831 290 75 BR.ACKLAW,
434 831 54 75 the
505 831 120 75 capital
642 831 41 75 of
703 831 55 75 the
783 831 171 75 palatinate
969 831 40 75 of
1022 831 122 75 Brack-
1181 831 7 75 •

167 877 72 75 law,
256 877 32 75 in
305 877 145 75 Podolia,
475 877 31 75 in
524 877 135 75 Poland,
685 877 133 75 ficuated
831 877 41 75 on
889 877 53 75 the
961 877 80 75 river
1060 877 84 75 Bog,

166 923 39 75 an
227 923 146 75 hundred
389 923 62 75 and
466 923 52 75 ten
537 923 89 75 miles
644 923 62 75 eaft
730 923 39 75 of
790 923 176 75 Kaminec:
995 923 41 75 E.
1055 923 88 75 long.

170 971 43 75 29
213 953 22 49 0
257 971 68 75 20',
353 971 61 75 and
437 971 49 75 N.
504 971 56 75 lat.
581 971 79 75 48°.

119 1015 269 75 BRACKLEY,
407 1015 19 75 a
441 1015 249 75 borough-town
708 1015 39 75 of
758 1015 334 75 Northampton/hire,
1110 1015 32 75 a-

166 1062 78 75 bout
259 1062 109 75 tifteen
381 1062 89 75 miles
482 1062 182 75 fouth-weft
677 1062 36 75 of
723 1062 240 75 Northampton
977 1062 9 75 :
1008 1062 57 75 W.
1076 1062 68 75 ion.

176 1106 32 75 i°
233 1106 52 75 15'
285 1106 11 75 ,
322 1106 61 75 and
399 1106 48 75 N.
465 1106 57 75 lat.
551 1106 39 75 52
590 1088 24 49 0
614 1106 15 75 .

215 1152 30 75 It
263 1152 88 75 fends
370 1152 65 75 two
450 1152 155 75 members
623 1152 34 75 to
674 1152 199 75 parliament.

120 1198 241 75 BRACTEA,
387 1198 31 75 in
447 1198 124 75 natural
599 1198 131 75 hiftory,
756 1198 131 75 denotes
905 1198 18 75 a
944 1198 139 75 fpangle,
1108 1198 38 75 or

169 1244 67 75 thin
254 1244 81 75 flake
352 1244 38 75 of
402 1244 62 75 any
480 1244 171 75 fub/lance.

120 1290 199 75 Bractea,
344 1290 31 75 in
393 1290 130 75 botany.
540 1290 5 75 ,
576 1290 60 75 See
653 1290 157 75 Floral
830 1290 118 75 Leaf.

120 1337 329 75 BRACTEARIA;
473 1337 31 75 in
524 1337 121 75 natural
662 1337 130 75 hiltory,
818 1337 19 75 a
863 1337 99 75 genus
989 1337 41 75 of
1052 1337 92 75 talcs,

167 1383 167 75 competed
350 1383 39 75 of
396 1383 87 75 fmall
497 1383 100 75 plates
615 1383 30 75 in
659 1383 82 75 form
755 1383 39 75 of
802 1383 153 75 fpangles,
969 1383 77 75 each
1059 1383 85 75 plate

167 1428 101 75 either
284 1428 94 75 being
394 1428 77 75 very
495 1428 82 75 thin,
602 1428 36 75 or
656 1428 84 75 fiflile
769 1428 68 75 into
854 1428 76 75 very
948 1428 68 75 thin
1034 1428 88 75 ones.

214 1475 54 75 Of
279 1475 62 75 this
359 1475 96 75 genus
472 1475 90 75 there
575 1475 53 75 are
640 1475 17 75 a
668 1475 88 75 great
769 1475 93 75 many
880 1475 129 75 fpecies,
1031 1475 114 75 called,

168 1520 83 75 from
279 1520 82 75 their
388 1520 150 75 different
566 1520 138 75 colours,
732 1520 84 75 mica
839 1520 116 75 aurea,
988 1520 37 75 or
1053 1520 93 75 gold-

167 1566 144 75 glimmer
323 1566 10 75 ;
360 1566 61 75 and
439 1566 83 75 mica
539 1566 169 75 argentea,
726 1566 264 75 filver-glimmer,
1010 1566 35 75 or
1063 1566 83 75 cats-

170 1612 102 75 filver,

122 1660 149 75 BRAD,
294 1660 32 75 in
344 1660 193 75 geography,
562 1660 18 75 a
597 1660 85 75 town
701 1660 38 75 of
753 1660 179 75 Sclavonia,
957 1660 131 75 fituated
1106 1660 40 75 on

172 1707 54 75 the
242 1707 95 75 north
362 1707 61 75 fide
448 1707 38 75 of
498 1707 53 75 the
568 1707 82 75 river
668 1707 93 75 Save,
786 1707 145 75 eighteen
949 1707 88 75 miles
1055 1707 93 75 fouth

173 1750 194 75 ofPofega:
395 1750 43 75 E.
457 1750 87 75 long.
575 1750 65 75 18°
658 1750 43 75 40
701 1732 11 49 ,

712 1782 13 49 J
751 1750 60 75 and
828 1750 46 75 N.
893 1750 58 75 lat.
970 1750 41 75 45
1011 1732 25 49 0
1057 1750 67 75 id.

125 1798 296 75 BRADFIELD,
447 1798 18 75 a
481 1798 224 75 market-town
723 1798 30 75 in
771 1798 110 75 EfTex,
900 1798 145 75 fourteen
1058 1798 92 75 miles

171 1843 94 75 north
291 1843 39 75 of
353 1843 206 75 Chelmsford
578 1843 9 75 :
629 1843 43 75 E.
697 1843 89 75 long,
818 1843 42 75 jo
860 1825 11 49 7
871 1843 11 75 ,
924 1843 64 75 and
1011 1843 46 75 N.
1086 1843 70 75 lat..

176 1899 63 75 ?i°
270 1899 41 75 54
326 1899 8 75 •

124 1936 280 75 BRADFORD,
432 1936 17 75 a
468 1936 224 75 market-town
711 1936 29 75 in
758 1936 178 75 Wiltfhire.
964 1936 96 75 about
1077 1936 72 75 nine

171 1982 90 75 miles
278 1982 73 75 weft
373 1982 38 75 of
424 1982 54 75 the
496 1982 143 75 Devizes
653 1982 9 75 :
689 1982 44 75 E.
751 1982 158 75 long.,2°
928 1982 68 75 40'.
1022 1982 62 75 and
1099 1982 62 75 N..

170 2028 57 75 lat.
256 2028 36 75 51
292 2010 27 49 0
340 2028 67 75 id.

121 2075 316 75 BRADFORTH,
463 2075 18 75 a
512 2075 122 75 market
653 2075 84 75 town
766 2075 39 75 of
828 2075 183 75 Yorkfhire,
1045 2075 103 75 thirty

171 2119 90 75 miles
277 2119 183 75 fouth-weft
478 2119 38 75 of
539 2119 90 75 York
643 2119 7 75 :
678 2119 60 75 W.
756 2119 89 75 long.
868 2119 37 75 1°
929 2119 54 75 gy'
983 2119 12 75 ,
1022 2119 62 75 and
1100 2119 49 75 N.

171 2164 57 75 lat.
258 2164 38 75 S3
296 2146 25 49 P
343 2164 54 75 40'
397 2164 12 75 .

125 2211 268 75 BRADNICH,
419 2211 18 75 a
453 2211 122 75 market
592 2211 85 75 town
694 2211 40 75 of
747 2211 208 75 Devonflbire,
980 2211 52 75 ten
1060 2211 90 75 miles

171 2256 95 75 north
299 2256 38 75 of
360 2256 147 75 Exeter:
549 2256 61 75 W.
638 2256 89 75 long;
755 2256 16 75 3
771 2238 25 49 0
818 2256 54 75 35'
872 2256 11 75 ,
925 2256 62 75 and
1014 2256 46 75 N.
1089 2256 59 75 lat.

177 2304 62 75 50°
267 2304 548 75 4-

126 2350 173 75 BRADS,
326 2350 114 75 among
458 2350 161 75 artificers,
640 2350 15 75 a
671 2350 78 75 kind
765 2350 40 75 of
816 2350 77 75 nails
910 2350 74 75 ufed
1001 2350 31 75 in
1045 2350 104 75 build-

171 2395 66 75 ing,
264 2395 103 75 which
392 2395 80 75 have
501 2395 41 75 no
569 2395 165 75 fpreading
760 2395 110 75 heads,
897 2395 31 75 as
954 2395 91 75 other
1070 2395 80 75 nails

171 2441 92 75 bate.
313 2441 97 75 They
427 2441 52 75 are
504 2441 232 75 diftinguifhed,
770 2441 44 75 by
837 2441 244 75 iron-mongers,
1107 2441 43 75 by

172 2487 46 75 fix
247 2487 118 75 names,
399 2487 33 75 as
458 2487 255 75 joiner’s-brads,
740 2487 135 75 flooring
893 2487 105 75 bradsj
1024 2487 124 75 batten-

171 2535 108 75 brads,
311 2535 180 75 bill-brads,
517 2535 36 75 or
582 2535 130 75 quarter
727 2535 112 75 heads,
866 2535 62 75 <bc.
995 2535 153 75 JoineYs-

171 2580 95 75 brads
284 2580 60 75 are*
353 2580 51 75 for
419 2580 81 75 hard
516 2580 160 75 wain-fcot,
703 2580 107 75 batten
828 2580 95 75 brads
949 2580 51 75 are
1017 2580 52 75 for
1086 2580 64 75 foft

171 2625 172 75 waiafeot;
369 2625 168 75 bill-brads
562 2625 54 75 are
640 2625 76 75 ufed
743 2625 93 75 when
853 2625 17 75 a
885 2625 81 75 floor
982 2625 29 75 is
1033 2625 64 75 laid
1114 2625 33 75 in

173 2672 97 75 bafte,
288 2672 37 75 or
337 2672 51 75 for
400 2672 126 75 {hallow
539 2672 88 75 joifts
645 2672 118 75 fubjeff
775 2672 34 75 to
825 2672 98 75 warp.
951 2672 60 75 See
1029 2672 116 75 Nail.

124 2718 269 75 BRADYPUS,
431 2718 35 75 or
491 2718 93 75 fleth,
622 2718 17 75 a
666 2718 96 75 genus
795 2718 40 75 of
865 2718 201 75 quadrupeds
1094 2718 55 75 be-

172 2764 129 75 longing
327 2764 38 75 to
384 2764 56 75 the
466 2764 93 75 order
582 2764 40 75 of
640 2764 105 75 bruta.
793 2764 76 75 The
894 2764 174 75 charadters
1096 2764 53 75 are

171 2811 108 75 thefe:
317 2811 100 75 They
440 2811 80 75 have
543 2811 42 75 no
609 2811 173 75 fore-teeth
800 2811 32 75 in
856 2811 101 75 either
981 2811 86 75 jaw;
1093 2811 55 75 the

172 2855 168 75 dog-teeth
366 2855 53 75 are
447 2855 104 75 blunt,
584 2855 145 75 folitary,
762 2855 62 75 and
854 2855 111 75 longer
992 2855 75 75 than
1093 2855 56 75 the

173 2903 163 75 grinders;
365 2903 76 75 they
457 2903 79 75 have
553 2903 58 75 five
638 2903 142 75 grinders
798 2903 133 75 on,each
949 2903 73 75 fide.
1072 2903 76 75 The

171 2949 88 75 body
275 2949 26 75 is
318 2949 136 75 covered
478 2949 76 75 with
572 2949 80 75 hair.
701 2949 111 75 There
842 2949 52 75 are
911 2949 76 75 only
1001 2949 63 75 two
1080 2949 69 75 fpe-

172 2997 119 75 cits-of
303 2997 173 75 bradyjus,
493 2997 21 75 v
514 2979 14 49 :
528 2997 34 75 z.
593 2997 30 75 1.
636 2997 76 75 The
725 2997 74 75 trld
809 2997 104 75 ft/lis,
931 2997 36 75 or
979 2997 170 75 American

1266 159 17 75 )

1649 159 36 75 B
1743 159 37 75 R
1838 159 42 75 A

1244 230 93 75 floth,
1363 230 55 75 has
1437 230 18 75 a
1478 230 85 75 fhort
1583 230 70 75 tail,
1681 230 61 75 and
1770 230 76 75 only
1868 230 91 75 three
1983 230 69 75 toes
2076 230 42 75 on
2147 230 77 75 each

1245 276 84 75 foot.
1380 276 32 75 It
1428 276 25 75 is
1471 276 97 75 about
1584 276 55 75 the
1656 276 62 75 fize
1731 276 40 75 of
1782 276 18 75 a
1815 276 72 75 fox.
1936 276 76 75 The
2030 276 84 75 body
2128 276 25 75 is
2171 276 53 75 co-

1243 322 98 75 vered
1370 322 77 75 over
1474 322 78 75 with
1569 322 71 75 hair
1654 322 40 75 of
1722 322 19 75 a
1768 322 78 75 grey
1869 322 111 75 colour
1993 322 10 75 ;
2031 322 54 75 the
2112 322 69 75 face
2198 322 26 75 is

1242 368 104 75 naked
1357 368 9 75 ;
1386 368 54 75 the
1455 368 107 75 throat
1573 368 28 75 is
1614 368 160 75 yellowilh
1787 368 8 75 ;
1815 368 55 75 the
1882 368 153 75 fore-feet
2047 368 53 75 are
2111 368 113 75 longer

1242 415 75 75 than
1334 415 54 75 the
1401 415 180 75 hind-feet;
1607 415 55 75 the
1676 415 108 75 claws,
1798 415 104 75 which
1917 415 52 75 are
1983 415 90 75 three
2091 415 40 75 on
2145 415 77 75 each

1241 460 83 75 foot,
1342 460 53 75 are
1412 460 206 75 cbmprefltd,
1644 460 60 75 and
1720 460 79 75 very
1814 460 127 75 ftrong;
1968 460 62 75 and
2047 460 76 75 they
2143 460 81 75 hive

1240 506 42 75 no
1299 506 142 75 mammas
1459 506 40 75 on
1513 506 55 75 the
1584 506 123 75 breaft;
1733 506 78 75 they
1824 506 79 75 have
1920 506 42 75 no
1979 506 144 75 external
2140 506 83 75 ears,

1241 553 57 75 but
1314 553 77 75 only
1407 553 65 75 two
1489 553 139 75 winding
1644 553 101 75 holes.
1795 553 84 75 This
1896 553 116 75 fpecies
2040 553 26 75 is
2084 553 17 75 a
2118 553 105 75 native

1241 598 40 75 of
1292 598 161 75 America,
1479 598 61 75 and
1558 598 88 75 feeds
1662 598 83 75 upon
1759 598 54 75 the
1830 598 112 75 tender
1958 598 104 75 leaves
2072 598 41 75 of
2124 598 96 75 trees,

1242 644 61 75 and
1327 644 206 75 particularly
1550 644 54 75 the
1622 644 104 75 leaves
1750 644 39 75 of
1804 644 54 75 the
1875 644 156 75 cecropia.
2082 644 31 75 It
2129 644 96 75 never

1242 690 121 75 drinks,
1389 690 61 75 Ind
1466 690 27 75 is
1510 690 147 75 terrified’
1678 690 32 75 at
1728 690 79 75 rain.
1857 690 31 75 It
1906 690 112 75 climbs
2043 690 83 75 trees
2143 690 80 75 with

1244 737 89 75 great
1350 737 90 75 eafe;
1467 737 55 75 but
1538 737 43 75 its
1607 737 120 75 motion
1744 737 40 75 on
1814 737 55 75 the
1897 737 124 75 ground
2042 737 24 75 is
2084 737 34 75 fo
2134 737 87 75 flow,

1243 782 70 75 that
1329 782 24 75 it
1371 782 56 75 can
1445 782 114 75 hardly
1578 782 81 75 walk
1675 782 73 75 fifty
1768 782 91 75 paces
1878 782 31 75 in
1926 782 18 75 a
1959 782 76 75 day,
2061 782 60 75 and
2139 782 84 75 from

1241 828 65 75 this
1323 828 222 75 circumftance
1562 828 25 75 it
1604 828 26 75 is
1648 828 102 75 called
1764 828 22 75 a
1798 828 104 75 Sloth.
1937 828 31 75 It
1985 828 107 75 makes
2109 828 19 75 a
2143 828 80 75 moft

1242 875 211 75 difagreeable
1466 875 96 75 noife,
1582 875 186 75 refembling
1781 875 68 75 that
1863 875 39 75 of
1914 875 17 75 a
1943 875 106 75 young
2066 875 64 75 cat.
2162 875 62 75 See

1242 921 91 75 Plate
1361 921 94 75 LIX.
1488 921 56 75 fig.
1578 921 28 75 1.
1656 921 34 75 2.
1714 921 77 75 The
1815 921 191 75 dida&ylus,
2032 921 37 75 or
2097 921 126 75 Ceylon

1243 966 92 75 floth,
1361 966 57 75 has
1435 966 65 75 two
1527 966 69 75 toes
1621 966 41 75 on
1685 966 78 75 each
1780 966 83 75 foot,
1888 966 62 75 and
1974 966 42 75 no
2033 966 75 75 tail:
2146 966 81 75 The

1238 1013 81 75 head
1336 1013 26 75 is
1391 1013 123 75 round;
1550 1013 55 75 the
1629 1013 68 75 ears
1715 1013 52 75 are
1795 1013 106 75 large;
1928 1013 64 75 and
2018 1013 25 75 it
2072 1013 57 75 has
2155 1013 66 75 two

1241 1060 141 75 mammas
1400 1060 40 75 on
1458 1060 54 75 the
1529 1060 100 75 breaft
1641 1060 8 75 :
1676 1060 76 75 The
1770 1060 85 75 body
1872 1060 26 75 is
1912 1060 136 75 covered
2061 1060 76 75 with
2155 1060 68 75 afli-

1191 1137 12 49 x
1241 1105 151 75 coloured
1419 1105 81 75 hair.
1550 1105 32 75 It
1598 1105 57 75 has
1672 1105 54 75 the
1738 1105 82 75 fame
1837 1105 212 75 difagreeable
2067 1105 56 75 cry
2143 1105 79 75 with

1243 1151 53 75 the
1312 1151 167 75 American
1497 1151 92 75 floth,
1616 1151 61 75 and
1693 1151 27 75 is
1738 1151 17 75 a
1773 1151 103 75 native
1893 1151 40 75 of
1941 1151 137 75 Ceylon.

1195 1199 145 75 BRAG,
1367 1199 38 75 an
1422 1199 162 75 ingenious
1602 1199 60 75 and
1675 1199 138 75 pleafant
1829 1199 90 75 g^me
1936 1199 30 75 at
1986 1199 103 75 cards,
2114 1199 108 75 where

1243 1244 32 75 as
1293 1244 94 75 many
1415 1244 73 75 may
1515 1244 130 75 partake
1663 1244 32 75 as
1721 1244 54 75 the
1792 1244 90 75 cards
1910 1244 68 75 will
2005 1244 112 75 fupply
2130 1244 10 75 ;
2166 1244 57 75 the

1242 1290 97 75 eldeft
1355 1290 86 75 hand
1468 1290 125 75 dealing
1611 1290 90 75 three
1718 1290 34 75 to
1768 1290 77 75 each
1873 1290 111 75 perfon
2003 1290 31 75 at
2055 1290 59 75 one
2130 1290 91 75 time,

1243 1336 60 75 and
1334 1336 128 75 turning
1487 1336 40 75 up
1545 1336 54 75 the
1616 1336 57 75 laft
1701 1336 76 75 card
1794 1336 42 75 all
1860 1336 115 75 round.
2023 1336 85 75 This
2126 1336 94 75 done,

1242 1382 76 75 each
1348 1382 151 75 gsmefter
1527 1382 71 75 puts
1623 1382 94 75 down
1734 1382 91 75 three
1842 1382 112 75 ftakes,
1980 1382 61 75 one
2065 1382 52 75 for
2145 1382 77 75 each

1243 1429 87 75 card.
1378 1429 77 75 The
1472 1429 62 75 firft
1551 1429 83 75 ftake
1651 1429 26 75 is
1692 1429 71 75 won
1782 1429 41 75 by
1841 1429 54 75 the
1922 1429 65 75 beft
2004 1429 74 75 card
2108 1429 116 75 turned

1243 1474 42 75 up
1312 1474 32 75 in
1372 1474 56 75 the
1455 1474 126 75 dealing
1607 1474 123 75 round;
1764 1474 170 75 beginning
1958 1474 84 75 from
2070 1474 54 75 the
2153 1474 69 75 ace,

1243 1520 86 75 king,
1349 1520 114 75 queen,
1488 1520 114 75 knave,
1628 1520 61 75 and
1705 1520 33 75 fo
1751 1520 212 75 downwards.
2006 1520 109 75 When
2132 1520 91 75 cards

1244 1566 38 75 of
1294 1566 54 75 the
1365 1566 82 75 fame
1465 1566 89 75 value
1569 1566 52 75 are
1638 1566 114 75 turned
1770 1566 92 75 up.to
1879 1566 65 75 two
1960 1566 38 75 or
2013 1566 87 75 more
2116 1566 40 75 of
2168 1566 55 75 the

1244 1612 178 75 gamefters,
1449 1612 55 75 the
1519 1612 95 75 eldeft
1640 1612 86 75 hand
1743 1612 109 75 gains;
1879 1612 57 75 but
1952 1612 26 75 it
2002 1612 27 75 is
2058 1612 34 75 to
2109 1612 38 75 be
2164 1612 59 75 ob-

1244 1658 121 75 ferved,
1391 1658 70 75 that
1486 1658 54 75 the
1565 1658 54 75 ace
1644 1658 40 75 of
1705 1658 164 75 diamonds
1893 1658 90 75 wins,
2010 1658 34 75 to
2062 1658 161 75 whatever

1244 1705 84 75 hand
1345 1705 26 75 it
1387 1705 38 75 be
1443 1705 114 75 turned
1576 1705 54 75 up.

1290 1750 76 75 The
1378 1750 114 75 fecond
1509 1750 84 75 ftake
1610 1750 26 75 is
1653 1750 71 75 won
1741 1750 44 75 by
1797 1750 86 75 what
1900 1750 26 75 is
1944 1750 102 75 called
2064 1750 53 75 the
2129 1750 110 75 bras,,

1244 1797 104 75 which
1366 1797 122 75 confifts
1506 1797 31 75 in
1566 1797 59 75 one
1642 1797 39 75 of
1694 1797 54 75 the
1765 1797 167 75 gainefters
1949 1797 201 75 challenging
2167 1797 55 75 the

1245 1843 59 75 reft
1321 1843 34 75 to
1381 1843 138 75 produce
1548 1843 90 75 cards
1663 1843 93 75 equal
1781 1843 34 75 to
1842 1843 49 75 his
1907 1843 8 75 :
1938 1843 89 75 Now
2043 1843 26 75 it
2086 1843 26 75 is
2131 1843 34 75 to
2182 1843 40 75 be

1245 1889 163 75 obferved,
1435 1889 69 75 that
1528 1889 18 75 a
1561 1889 68 75 pair
1646 1889 39 75 of
1708 1889 70 75 aces
1795 1889 27 75 is
1840 1889 53 75 the
1910 1889 68 75 beft
2004 1889 90 75 brag,
2104 1889 4 75 ,
2121 1889 18 75 a
2155 1889 69 75 pair

1246 1936 39 75 of
1295 1936 92 75 kings
1406 1936 53 75 the
1476 1936 90 75 next,
1575 1936 7 75 ,
1593 1936 61 75 and
1679 1936 32 75 fo
1729 1936 74 75 on;.
1817 1936 60 75 and
1895 1936 17 75 a
1929 1936 67 75 pair
2020 1936 48 75 oY
2081 1936 60 75 any
2158 1936 65 75 lore

1244 1982 77 75 wins
1339 1982 54 75 the
1408 1982 83 75 ftake
1507 1982 84 75 from
1609 1982 55 75 the
1681 1982 78 75 moft
1776 1982 144 75 valuable
1935 1982 97 75 fingle
2047 1982 88 75 card.
2184 1982 40 75 In

1244 2028 62 75 this
1324 2028 69 75 part
1411 2028 123 75 confifts
1551 2028 54 75 the
1620 2028 91 75 great
1728 2028 152 75 divejfion
1880 2060 5 49 :
1898 2028 39 75 of
1949 2028 53 75 the
2019 2028 90 75 game
2122 2028 7 75 ;
2157 2028 65 75 for,

1244 2074 42 75 by
1302 2074 55 75 the
1374 2074 97 75 artful
1488 2074 217 75 management
1722 2074 39 75 of
1782 2074 55 75 the
1853 2074 106 75 looks,
1969 2074 5 75 •
1984 2074 151 75 geftures,
2160 2074 64 75 and

1245 2120 99 75 voice,
1363 2120 25 75 it
1404 2120 183 75 frequently
1600 2120 151 75 happens,
1769 2120 69 75 that
1851 2120 18 75 a
1885 2120 67 75 pair
1964 2120 39 75 of
2014 2120 89 75 fives,
2122 2120 99 75 treys,

1245 2165 37 75 or
1309 2165 78 75 even
1411 2165 119 75 duces,,
1557 2165 167 75 out-brags
1748 2165 17 75 a
1782 2165 95 75 much
1904 2165 114 75 higher
2045 2165 79 75 pair,
2161 2165 63 75 and

1246 2211 76 75 even
1349 2211 86 75 fome
1459 2211 83 75 pairs
1559 2211 102 75 royal,
1687 2211 37 75 to
1746 2211 52 75 the
1815 2211 42 75 no
1872 2211 88 75 fmall
1988 2211 183 75 merriment
2187 2211 41 75 of

1245 2257 55 75 the
1317 2257 144 75 compay.
1511 2257 76 75 The
1613 2257 99 75 knave
1735 2257 40 75 of
1797 2257 88 75 clubs
1902 2257 26 75 is
1941 2257 77 75 here
2035 2257 18 75 a
2070 2257 153 75 principal

1245 2303 170 75 favourite,
1442 2303 126 75 making
1581 2303 19 75 a
1616 2303 65 75 pair
1698 2303 77 75 with
1794 2303 60 75 any
1866 2303 94 75 other
1977 2303 75 75 card
2069 2303 32 75 in
2123 2303 100 75 hand,

1245 2349 60 75 and
1320 2349 76 75 with
1414 2349 62 75 any
1492 2349 93 75 other
1602 2349 64 75 two
1683 2349 91 75 cards
1789 2349 18 75 a
1822 2349 69 75 pair
1908 2349 101 75 royal.

1284 2395 74 75 The
1375 2395 87 75 third
1478 2395 84 75 ftake
1579 2395 25 75 is
1618 2395 71 75 won
1706 2395 20 75 b
1726 2377 22 49 1^
1757 2395 57 75 the
1826 2395 110 75 perfon
1955 2395 73 75 who
2036 2395 35 75 fii
2078 2395 24 75 ft
2115 2395 107 75 makes

1246 2441 41 75 up
1305 2441 54 75 the
1376 2441 90 75 cards
1482 2441 31 75 in
1539 2441 49 75 his
1608 2441 85 75 hand
1709 2441 59 75 one
1787 2441 61 75 and
1877 2441 121 75 thirty;
2025 2441 75 75 each
2119 2441 103 75 dignU

1245 2487 61 75 fied
1318 2487 75 75 card
1410 2487 96 75 going
1518 2487 50 75 for
1584 2487 66 75 ten,
1676 2487 61 75 and
1752 2487 143 75 drawing
1911 2487 83 75 from
2007 2487 55 75 the
2079 2487 91 75 pack,
2188 2487 37 75 as

1242 2534 87 75 ufual
1346 2534 34 75 in
1394 2534 62 75 this
1472 2534 103 75 game,

1198 2580 181 75 BRAGA,
1404 2580 55 75 the
1483 2580 112 75 capital
1619 2580 40 75 of
1678 2580 55 75 the
1750 2580 149 75 province
1916 2580 40 75 of
1977 2580 245 75 Entre-minho-

1245 2626 94 75 diiro,
1364 2626 31 75 in
1423 2626 322 75 Portugal,'fituated
1762 2626 41 75 on
1826 2626 54 75 the
1906 2626 83 75 river
2006 2626 144 75 Cavado,
2179 2626 41 75 32

1245 2672 89 75 miles
1352 2672 94 75 north
1463 2672 39 75 of
1511 2672 131 75 »Porto.;
1669 2672 61 75 W.
1748 2672 90 75 long,
1862 2672 39 75 8°
1918 2672 69 75 40',
2013 2672 61 75 and
2098 2672 47 75 N.
2163 2672 58 75 lat.

1246 2720 65 75 41°
1332 2720 53 75 20'
1385 2720 11 75 .

1198 2766 281 75 BRAGANZA;
1504 2766 18 75 a
1539 2766 66 75 city
1624 2766 39 75 of
1676 2766 54 75 the
1746 2766 152 75 province
1915 2766 40 75 of
1965 2766 255 75 Tralofmontes,

1245 2810 30 75 in
1302 2810 167 75 Portugal,
1503 2810 132 75 fituated
1653 2810 41 75 on
1715 2810 68 75 the.
1799 2810 85 75 river
1911 2810 115 75 Sabor,
2051 2810 32 75 in
2103 2810 17 75 7
2120 2792 24 49 0
2159 2810 61 75 W-.

1244 2857 86 75 long,
1350 2857 60 75 and
1428 2857 64 75 41°
1508 2857 54 75 50'
1578 2857 47 75 N.
1644 2857 58 75 lat.

1198 2908 249 75 BRAGGET,
1473 2908 18 75 a
1506 2908 76 75 kind
1599 2908 40 75 of
1651 2908 94 75 drink
1761 2908 91 75 made
1865 2908 41 75 of
1916 2908 89 75 malt,
2022 2908 119 75 honey,
2157 2908 63 75 and

1245 2949 109 75 fpices,
1372 2949 93 75 much
1482 2949 74 75 ufed
1574 2949 31 75 in
1622 2949 126 75 Wales.

1198 2997 159 75 BRAIL,
1384 2997 36 75 or
1446 2997 149 75 brails,
1621 2997 30 75 in
1670 2997 17 75 a
1715 2997 77 75 fbip,
1819 2997 51 75 are
1898 2997 93 75 fmall
2014 2997 92 75 ropes
2131 2997 93 75 made
