2397 3387
498 127 35 75 B
593 127 41 75 A
692 127 34 75 L

1062 127 33 75 (;
1139 127 85 75 516
1279 127 19 75 )

1643 127 35 75 B
1738 127 41 75 A
1840 127 35 75 L

169 197 137 75 tudinal,
331 197 63 75 and
416 197 174 75 fomewhat
613 197 163 75 carinated
787 197 11 75 ;
824 197 64 75 and
916 197 56 75 the
996 197 119 75 tail-fin
1132 197 26 75 is

169 244 131 75 forked.
337 244 33 75 It
381 244 26 75 is
425 244 101 75 found
543 244 31 75 at
592 244 170 75 Afcenfion
781 244 115 75 Ifland.
947 244 34 75 8.
1006 244 77 75 The
1097 244 63 75 rin-

177 290 89 75 geris,
291 290 57 75 has
366 290 18 75 a
400 290 189 75 triradiated
600 290 140 75 back-fin
754 290 10 75 ;
790 290 91 75 there
899 290 53 75 are
967 290 92 75 three
1076 290 86 75 folds

172 337 40 75 on
230 337 77 75 each
326 337 62 75 fide
411 337 40 75 of
472 337 55 75 the
550 337 95 75 head,
677 337 62 75 and
756 337 56 75 the
840 337 116 75 tail-fin
984 337 26 75 is
1033 337 129 75 forked.

171 384 86 75 This
275 384 116 75 fpecies
408 384 27 75 is
451 384 140 75 likewife
608 384 102 75 found
726 384 33 75 at
773 384 169 75 Afcenfion
957 384 116 75 Ifland.

125 432 183 75 BALIVO
326 432 183 75 amovendo,
534 432 32 75 in
583 432 75 75 law,
683 432 64 75 was
767 432 18 75 a
803 432 75 75 writ
895 432 50 75 for
963 432 163 75 removing
1145 432 19 75 a

173 478 108 75 bailiff
303 478 85 75 from
411 478 50 75 his
486 478 105 75 office,
616 478 52 75 for
694 478 85 75 want
803 478 39 75 of
862 478 118 75 having
1008 478 156 75 fufficient

172 525 77 75 land
275 525 32 75 in
325 525 50 75 his
392 525 161 75 bailiwick
575 525 35 75 to
628 525 118 75 anfwer
763 525 56 75 the
841 525 78 75 king
940 525 62 75 and
1019 525 50 75 his
1087 525 76 75 peo-

174 572 65 75 ple,
267 572 172 75 according
456 572 35 75 to
519 572 56 75 the
603 572 114 75 ftatute
742 572 39 75 of
794 572 234 75 Weftminfter,
1055 572 19 75 2
1094 572 70 75 reg.

176 619 96 75 Orig.
294 619 57 75 78.

129 665 144 75 BALK,
299 665 117 75 among
431 665 157 75 builders,
613 665 26 75 is
656 665 180 75 fometimes
852 665 78 75 ufed
946 665 52 75 for
1009 665 57 75 the
1081 665 84 75 fum-

175 710 177 75 mer-beam
369 710 41 75 of
429 710 19 75 a
463 710 99 75 houfe
577 710 217 75 ;'fometimes
822 710 52 75 for
903 710 55 75 the
987 710 88 75 poles
1103 710 63 75 and

174 759 130 75 rafters,
329 759 108 75 which
453 759 132 75 fupport
607 759 55 75 the
680 759 89 75 roofs
792 759 41 75 of
855 759 108 75 barns,
990 759 86 75 fee.;
1103 759 63 75 and

176 805 178 75 fometimes
371 805 50 75 for
438 805 57 75 the
516 805 107 75 beams
639 805 78 75 ufed
732 805 32 75 in
781 805 130 75 making
927 805 175 75 fea-holds.

128 852 122 75 Balk,
276 852 32 75 in
326 852 206 75 agriculture,
549 852 133 75 denotes
706 852 19 75 a
741 852 102 75 ridge,
868 852 38 75 or
922 852 84 75 bank
1023 852 146 75 between

178 898 64 75 two
260 898 150 75 furrows.

128 946 177 75 BALKE,
339 946 37 75 or
400 946 106 75 Balk
515 946 61 75 he,
602 946 19 75 a
649 946 67 75 city
743 946 40 75 of
809 946 84 75 Afia,
918 946 32 75 in
979 946 55 75 the
1061 946 107 75 Ufbec

174 991 158 75 Tartary,
348 991 134 75 fituated
495 991 86 75 upon
598 991 55 75 the
666 991 84 75 river
763 991 132 75 Dilhas,
912 991 32 75 in
962 991 68 75 68°
1044 991 122 75 E.lon.

177 1039 61 75 and
257 1039 66 75 36°
343 1039 57 75 40'
416 1039 47 75 N.
481 1039 60 75 lat.

127 1085 144 75 BALL,
297 1085 32 75 in
346 1085 18 75 a
380 1085 128 75 general
524 1085 98 75 fenfe,
647 1085 18 75 a
683 1085 155 75 fpherical
860 1085 64 75 and
947 1085 105 75 round
1067 1085 101 75 body,

175 1130 146 75 whether
345 1130 25 75 it
396 1130 39 75 be
450 1130 35 75 fo
501 1130 172 75 naturally,
699 1130 37 75 or
759 1130 116 75 turned
896 1130 69 75 into
982 1130 71 75 that
1068 1130 101 75 figure

175 1178 42 75 by
233 1178 57 75 the
305 1178 87 75 hand
413 1178 40 75 of
473 1178 39 75 an
537 1178 108 75 artill:
672 1178 96 75 Thus
785 1178 51 75 we
848 1178 66 75 fay,
933 1178 18 75 a
967 1178 200 75 tennis-ball,

177 1224 166 75 foot-ball,
365 1224 210 75 cotton-ball,
603 1224 64 75 <bc.

130 1272 119 75 Ball,
275 1272 32 75 in
323 1272 55 75 the
391 1272 141 75 military
549 1272 62 75 art,
637 1272 231 75 comprehends
885 1272 42 75 all
945 1272 81 75 forts
1048 1272 39 75 of
1098 1272 70 75 bul-

175 1318 62 75 lets
254 1318 52 75 for
323 1318 171 75 fire-arms,
520 1318 84 75 from
629 1318 56 75 the
702 1318 123 75 cannon
843 1318 35 75 to
896 1318 55 75 the
967 1318 105 75 piffol.
1107 1318 62 75 See

178 1364 211 75 Gunnery.

222 1409 235 75 Cannon-balls
469 1409 54 75 are
535 1409 40 75 of
586 1409 88 75 iron;
689 1409 260 75 mufquet-balls,
966 1409 201 75 piftol-balls,

178 1457 64 75 $v.
260 1457 52 75 are
325 1457 39 75 of
372 1457 84 75 lead.
485 1457 78 75 The
578 1457 199 75 experiment
789 1457 58 75 has
859 1457 80 75 been
951 1457 85 75 tried
1048 1457 39 75 of
1099 1457 71 75 iron

177 1503 80 75 bails
280 1503 50 75 for
346 1503 109 75 piftols
479 1503 62 75 and
558 1503 115 75 fufees,
699 1503 59 75 but
773 1503 81 75 they
870 1503 53 75 are
943 1503 99 75 jufliy
1058 1503 111 75 reject-

177 1550 53 75 ed,
256 1550 57 75 not
329 1550 78 75 only
418 1550 43 75 on
485 1550 134 75 account
636 1550 41 75 of
688 1550 84 75 their
788 1550 166 75 lightnefs,
979 1550 105 75 which
1098 1550 71 75 pre-

176 1596 92 75 vents
285 1596 77 75 then
379 1596 85 75 from
480 1596 99 75 flying
596 1596 99 75 ftrait,
721 1596 58 75 but
796 1596 132 75 becaufe
944 1596 79 75 they
1039 1596 55 75 are
1116 1596 56 75 apt

178 1643 35 75 to
234 1643 119 75 furrow
371 1643 56 75 the
444 1643 119 75 barrel.

133 1690 106 75 Ball
266 1690 71 75 and
347 1690 107 75 focket
472 1690 26 75 is
516 1690 39 75 an
572 1690 187 75 inftrument
786 1690 94 75 made
908 1690 40 75 of
967 1690 99 75 brafs,
1091 1690 81 75 with

178 1737 19 75 a
213 1737 163 75 perpetual
392 1737 109 75 ferew,
528 1737 33 75 fo
577 1737 34 75 as
636 1737 36 75 to
699 1737 92 75 move
817 1737 231 75 horizontally,
1072 1737 97 75 verti-

176 1783 98 75 cally,
292 1783 62 75 and
366 1783 186 75 obliquely;
578 1783 63 75 and
657 1783 27 75 is
697 1783 164 75 generally
872 1783 78 75 ufed
967 1783 52 75 for
1030 1783 55 75 the
1102 1783 67 75 ma-

177 1829 118 75 naging
311 1829 40 75 of
362 1829 180 75 furveying,
570 1829 63 75 and
649 1829 219 75 aftronomical
886 1829 218 75 inftruments.

132 1876 106 75 Ball
265 1876 43 75 of
315 1876 21 75 a
347 1876 194 75 pendulum,
566 1876 57 75 the
638 1876 84 75 fame
742 1876 80 75 with
837 1876 79 75 bob.
967 1876 62 75 See
1045 1876 93 75 Bob,

132 1922 123 75 Ball,
282 1922 115 75 among
421 1922 151 75 printers.
623 1922 63 75 See
702 1922 216 75 Printing.

135 1969 218 75 Pj^-Ball,
379 1969 56 75 the
457 1969 133 75 Engliffi
607 1969 92 75 name
715 1969 40 75 of
770 1969 56 75 the
849 1969 211 75 lycoperdon.
1110 1969 62 75 See

182 2014 268 75 Lycoperdon.

135 2061 216 75 BALLAD,
377 2061 37 75 or
430 2061 173 75 Ballet,
630 2061 18 75 a
664 2061 77 75 king
753 2061 39 75 of
804 2061 89 75 fong,
911 2061 139 75 adapted
1067 2061 35 75 to
1114 2061 56 75 the

180 2107 146 75 capacity
354 2107 40 75 of
417 2107 55 75 the
499 2107 100 75 lower
626 2107 80 75 clafs
734 2107 41 75 of
798 2107 133 75 people;
964 2107 87 75 who,
1077 2107 96 75 being

180 2153 149 75 mightily
345 2153 95 75 taken
451 2153 79 75 with
543 2153 63 75 this
623 2153 119 75 fpecies
758 2153 39 75 of
814 2153 127 75 poetry,
968 2153 53 75 are
1037 2153 136 75 thereby

181 2201 58 75 not
257 2201 18 75 a
290 2201 85 75 little
402 2201 179 75 influenced
608 2201 33 75 in
669 2201 56 75 the
753 2201 136 75 conduft
912 2201 41 75 of
976 2201 84 75 their
1080 2201 91 75 lives.

181 2249 115 75 Hence
313 2249 48 75 we
377 2249 78 75 find,
480 2249 72 75 that
569 2249 150 75 feditious
738 2249 63 75 and
817 2249 162 75 defigning
994 2249 72 75 men
1078 2249 96 75 never

182 2293 58 75 fail
255 2293 36 75 to
307 2293 113 75 fpread
439 2293 123 75 ballads
579 2293 115 75 among
710 2293 55 75 the
792 2293 126 75 people,
944 2293 79 75 with
1051 2293 19 75 a
1092 2293 81 75 view

184 2340 34 75 to
235 2340 71 75 gain
324 2340 88 75 them
428 2340 77 75 over
521 2340 36 75 to
573 2340 83 75 their
672 2340 76 75 fide.

139 2386 279 75 BALLANCE,
443 2386 38 75 or
499 2386 199 75 Balance,
724 2386 31 75 in
773 2386 191 75 mechanics,
990 2386 61 75 one
1067 2386 41 75 of
1119 2386 55 75 the

184 2434 107 75 fimple
308 2434 136 75 powers,
464 2434 106 75 which
586 2434 104 75 ferves
707 2434 35 75 to
755 2434 66 75 find
831 2434 57 75 out
900 2434 56 75 the
972 2434 146 75 equality
1137 2434 38 75 or

184 2480 173 75 difference
376 2480 40 75 of
427 2480 122 75 weight
564 2480 34 75 in
621 2480 103 75 heavy
748 2480 126 75 bodies.
924 2480 62 75 See
1010 2480 163 75 Mecha-

188 2527 104 75 nics.

137 2572 248 75 Hydrofiatical
399 2572 194 75 HSb.VLKKC'
593 2572 30 75 E.
673 2572 62 75 See
758 2572 334 75 Hydrostatics.

139 2620 208 75 Ballance
367 2620 43 75 of
417 2620 106 75 trade,
541 2620 32 75 in
590 2620 191 75 commerce,
799 2620 55 75 the
871 2620 144 75 equality
1030 2620 145 75 between

186 2667 55 75 the
258 2667 93 75 value
363 2667 40 75 of
414 2667 56 75 the
481 2667 221 75 commodities
720 2667 122 75 bought
854 2667 40 75 of
906 2667 188 75 foreigners,
1113 2667 62 75 and

186 2714 55 75 the
253 2714 92 75 value
362 2714 40 75 of
412 2714 55 75 the
480 2714 105 75 native
598 2714 204 75 productions
820 2714 202 75 tranfported
1047 2714 69 75 into
1138 2714 35 75 o-

188 2759 72 75 ther
282 2759 137 75 nations.
470 2759 62 75 See
549 2759 236 75 Commerce.

141 2806 208 75 Ballance
380 2806 44 75 of
439 2806 22 75 a
488 2806 97 75 clock,
610 2806 37 75 or
674 2806 123 75 •watch.
859 2806 61 75 See
949 2806 128 75 Clock
1112 2806 63 75 and

189 2852 155 75 Watch
368 2852 168 75 making.

143 2899 206 75 Ballance
361 2899 77 75 fijk.
489 2899 62 75 See
569 2899 192 75 Squalus.

141 2946 312 75 BALLANGER,
478 2946 32 75 in
527 2946 55 75 the
599 2946 119 75 hiftory
730 2946 40 75 of
776 2946 123 75 infeCts,
925 2946 19 75 a
960 2946 90 75 flyle,
1068 2946 37 75 or
1116 2946 57 75 ob-

188 2992 77 75 long
276 2992 104 75 body,
404 2992 118 75 ending
534 2992 47 75 rin
610 2992 18 75 a
646 2992 232 75 protuberance
890 2992 43 75 or
947 2992 97 75 head,
1072 2992 102 75 found

1260 195 102 75 under
1382 195 76 75 each
1483 195 86 75 wing
1585 195 41 75 of
1636 195 56 75 the
1709 195 211 75 two-winged
1936 195 89 75 flies;
2051 195 88 75 thefe
2161 195 89 75 ferve

1260 243 34 75 to
1309 243 87 75 poife
1412 243 56 75 the
1484 243 88 75 body
1587 243 41 75 of
1639 243 56 75 the
1711 243 57 75 fly.

1211 291 242 75 BALLAST,
1478 291 19 75 a
1513 291 150 75 quantity
1685 291 40 75 of
1735 291 116 75 (tones,
1876 291 121 75 gravel,
2022 291 38 75 or
2076 291 89 75 fand,
2183 291 69 75 laid

1261 336 30 75 in
1320 336 19 75 a
1362 336 94 75 (hip’s
1483 336 90 75 hold,
1599 336 35 75 to
1651 336 92 75 make
1759 336 59 75 her
1834 336 65 75 fink
1916 336 34 75 to
1968 336 18 75 a
2002 336 121 75 certain
2150 336 102 75 depth

1260 382 69 75 into
1346 382 55 75 the
1418 382 112 75 water,
1549 382 63 75 and
1627 382 54 75 fail
1699 382 142 75 upright.
1889 382 78 75 The
1984 382 109 75 ballad
2109 382 28 75 is
2149 382 102 75 fome-

1261 429 92 75 times
1371 429 61 75 one
1449 429 142 75 quarter,
1617 429 61 75 one
1694 429 102 75 third,
1821 429 38 75 or
1885 429 61 75 one
1974 429 80 75 half,
2080 429 173 75 according

1261 476 34 75 to
1316 476 55 75 the
1388 476 173 75 difference
1584 476 40 75 of
1643 476 55 75 the
1721 476 78 75 bulk
1822 476 40 75 of
1878 476 55 75 the
1957 476 76 75 (hip.
2085 476 75 75 Flat
2184 476 68 75 vef-

1261 522 58 75 fels
1338 522 127 75 require
1481 522 56 75 the
1554 522 79 75 mod
1649 522 123 75 ballad.
1823 522 97 75 Ships
1937 522 53 75 are
2015 522 67 75 faid
2106 522 34 75 to
2163 522 40 75 be
2219 522 33 75 in

1260 569 124 75 ballad,
1402 569 93 75 when
1511 569 78 75 they
1605 569 81 75 have
1703 569 42 75 no
1762 569 94 75 other
1872 569 141 75 loading.
2062 569 138 75 Maders
2217 569 42 75 of

1262 616 109 75 vefiels
1389 616 53 75 are
1458 616 128 75 obliged
1603 616 36 75 to
1666 616 127 75 declare
1824 616 56 75 the
1907 616 149 75 quantity
2078 616 42 75 of
2142 616 112 75 ballad

1262 662 78 75 they
1356 662 89 75 bear,
1472 662 61 75 and
1551 662 34 75 to
1603 662 119 75 unload
1747 662 25 75 it
1801 662 33 75 at
1850 662 121 75 certain
1989 662 116 75 places.
2154 662 101 75 They

1264 709 52 75 are
1333 709 184 75 prohibited
1533 709 174 75 unloading
1724 709 84 75 their
1819 709 110 75 ballad
1945 709 33 75 in
1994 709 132 75 havens,
2143 709 109 75 roads,

1264 756 65 75 <bc.
1356 756 54 75 the
1427 756 124 75 negleCt
1573 756 40 75 of
1633 756 106 75 which
1755 756 59 75 has
1840 756 115 75 ruined
1981 756 95 75 many
2092 756 162 75 excellent

1263 802 101 75 ports.

1216 850 345 75 BALLASTAGE,
1586 850 38 75 or
1648 850 202 75 Lastage.
1901 850 61 75 See
1981 850 200 75 Lastage.

1216 896 273 75 BALLERUS,
1525 896 33 75 in
1583 896 223 75 ichthyology,
1840 896 55 75 the
1922 896 108 75 trivial
2057 896 92 75 name
2177 896 40 75 of
2235 896 19 75 a

1264 943 117 75 fpecies
1398 943 38 75 of
1449 943 163 75 cyprinus.
1663 943 62 75 See
1742 943 219 75 Cyprinus.

1219 989 212 75 BALLET.
1482 989 61 75 See
1559 989 176 75 Ballad.

1220 1036 268 75 BALLIAGE,
1513 1036 37 75 or
1566 1036 213 75 Bailiage.
1830 1036 62 75 See
1910 1036 214 75 Bailiage.

1218 1083 366 75 BALLICONNEL,
1609 1083 19 75 a
1644 1083 85 75 town
1756 1083 40 75 of
1814 1083 141 75 Ireland,
1981 1083 99 75 about
2106 1083 35 75 11
2162 1083 91 75 miles

1267 1129 174 75 north-ead
1457 1129 35 75 o(
1509 1129 124 75 Cavan,
1661 1129 37 75 7°
1720 1129 55 75 50'
1790 1129 62 75 W.
1869 1129 90 75 long.
1980 1129 43 75 J4
2023 1111 21 49 0
2065 1129 31 75 6'
2114 1129 46 75 N.
2178 1129 60 75 lat.

1219 1176 307 75 BALTIMORE,
1562 1176 19 75 a
1608 1176 88 75 town
1720 1176 40 75 of
1783 1176 147 75 Leinder
1957 1176 32 75 in
2018 1176 143 75 Ireland,
2185 1176 69 75 fur-

1267 1221 144 75 rounded
1426 1221 136 75 entirely
1577 1221 79 75 with
1673 1221 19 75 a
1714 1221 113 75 marffi.

1217 1270 403 75 BALLISHANNON,
1646 1270 18 75 a
1690 1270 89 75 large
1807 1270 86 75 town
1928 1270 41 75 of
1993 1270 55 75 the
2073 1270 119 75 county
2219 1270 42 75 of

1266 1314 185 75 Donnegal,
1476 1314 63 75 and
1555 1314 150 75 province
1729 1314 160 75 ofUlder
1904 1314 33 75 in
1954 1314 141 75 Ireland,
2120 1314 136 75 fituated

1267 1360 97 75 about
1389 1360 54 75 ten
1468 1360 91 75 miles
1575 1360 93 75 fouth
1697 1360 40 75 of
1759 1360 56 75 the
1837 1360 88 75 town
1949 1360 39 75 of
2011 1360 185 75 Donnegal,
2220 1360 34 75 in

1267 1408 42 75 8°
1332 1408 54 75 30'
1403 1408 60 75 W.
1481 1408 89 75 long,
1597 1408 63 75 and
1679 1408 42 75 54
1721 1390 22 49 0
1764 1408 54 75 2$'
1835 1408 48 75 N.
1900 1408 58 75 lat.

1217 1455 258 75 BALLlSTA,
1501 1455 31 75 in
1556 1455 174 75 antiquity,
1756 1455 19 75 a
1790 1455 141 75 military
1948 1455 145 75 machine
2109 1455 78 75 ufed
2211 1455 44 75 by

1267 1500 54 75 the
1338 1500 141 75 ancients
1497 1500 31 75 in
1545 1500 158 75 befieging
1719 1500 103 75 cities,
1847 1500 35 75 to
1900 1500 104 75 throw
2027 1500 89 75 large
2138 1500 116 75 dones,

1267 1548 101 75 darts,
1394 1548 63 75 and
1473 1548 149 75 javelins.

1308 1593 38 75 It
1367 1593 175 75 refembled
1565 1593 59 75 our
1651 1593 91 75 crofs.
1753 1593 101 75 bows,
1879 1593 125 75 though
2027 1593 95 75 much
2148 1593 106 75 larger

1268 1640 62 75 and
1347 1640 140 75 fuperior
1502 1640 32 75 in
1551 1640 100 75 force.

1312 1687 97 75 From
1434 1687 63 75 this
1526 1687 126 75 engine,
1681 1687 102 75 dones
1806 1687 40 75 of
1868 1687 18 75 a
1913 1687 62 75 fize
1999 1687 57 75 not
2083 1687 61 75 lefs
2172 1687 80 75 than

1267 1733 200 75 mill-dones,
1492 1733 83 75 were
1591 1733 128 75 thrown
1737 1733 79 75 with
1832 1733 34 75 fo
1879 1733 94 75 much
1986 1733 156 75 violence,
2168 1733 33 75 as
2219 1733 37 75 to

1266 1780 74 75 da(h
1357 1780 106 75 whole
1479 1780 114 75 houfes
1610 1780 32 75 in
1655 1780 104 75 pieces
1777 1780 32 75 at
1826 1780 19 75 a
1861 1780 98 75 blow.
1999 1780 32 75 It
2048 1780 26 75 is
2091 1780 166 75 deferibed

1266 1826 93 75 thus:
1379 1826 33 75 A
1429 1826 104 75 round
1548 1826 71 75 iron
1631 1826 145 75 cylinder
1792 1826 64 75 was
1872 1826 140 75 fadened
2029 1826 143 75 between
2189 1826 68 75 two

1268 1873 124 75 planks,
1416 1873 85 75 from
1526 1873 106 75 which
1656 1873 136 75 reached
1820 1873 19 75 a
1862 1873 120 75 hollow
2009 1873 112 75 fquare
2150 1873 105 75 beam,

1268 1919 112 75 placed
1397 1919 187 75 crofs-wife,
1611 1919 62 75 and
1690 1919 141 75 fadened
1859 1919 78 75 with
1966 1919 106 75 cords,
2096 1919 37 75 to
2150 1919 107 75 which

1268 1965 83 75 were
1368 1965 106 75 added
1490 1965 136 75 ferews;
1653 1965 33 75 at
1713 1965 60 75 one
1790 1965 63 75 end
1874 1965 42 75 of
1937 1965 64 75 this
2028 1965 93 75 dood
2136 1965 55 75 the
2207 1965 49 75 in-

1270 2011 121 75 gineer,
1416 2011 74 75 who
1505 2011 57 75 put
1579 2011 19 75 a
1614 2011 135 75 wooden
1766 2011 81 75 (haft
1870 2011 78 75 with
1977 2011 19 75 a
2019 2011 53 75 big
2088 2011 84 75 head
2187 2011 71 75 into

1269 2058 54 75 the
1341 2058 105 75 cavity
1463 2058 39 75 of
1520 2058 55 75 the
1591 2058 115 75 beam;
1733 2058 64 75 this
1813 2058 96 75 done,
1933 2058 67 75 two
2020 2058 71 75 men
2107 2058 77 75 bent
2201 2058 60 75 tho

1271 2105 112 75 engine
1400 2105 43 75 by
1459 2105 144 75 drawing
1619 2105 85 75 fome
1717 2105 118 75 wheels
1848 2105 8 75 :
1883 2105 112 75 When
2007 2105 55 75 the
2074 2105 57 75 top
2149 2105 40 75 of
2200 2105 57 75 the

1267 2151 82 75 head
1367 2151 63 75 was
1447 2151 111 75 drawn
1575 2151 35 75 to
1627 2151 55 75 the
1699 2151 138 75 outmod
1853 2151 63 75 end
1932 2151 39 75 of
1995 2151 55 75 the
2067 2151 108 75 cords,
2200 2151 58 75 the

1270 2198 82 75 (haft
1372 2198 63 75 was
1453 2198 111 75 driven
1581 2198 58 75 out
1655 2198 41 75 of
1706 2198 55 75 the
1781 2198 135 75 ballida,
1941 2198 66 75 fsc.

1225 2245 283 75 BALLISTES,
1533 2245 33 75 in
1583 2245 223 75 ichthyology.
1856 2245 62 75 See
1935 2245 211 75 Balistes.

1224 2292 250 75 BALLOON,
1499 2292 37 75 or
1553 2292 172 75 Ballon,
1750 2292 33 75 in
1808 2292 18 75 a
1850 2292 127 75 general
2001 2292 98 75 fenfe,
2123 2292 135 75 fignifies

1271 2337 61 75 any
1348 2337 153 75 fpherical
1516 2337 120 75 hollow
1653 2337 99 75 body,
1777 2337 41 75 of
1838 2337 163 75 whatever
2024 2337 116 75 matter
2167 2337 27 75 it
2219 2337 40 75 be

1273 2385 181 75 compofed,
1480 2385 37 75 or
1544 2385 52 75 for
1623 2385 162 75 whatever
1809 2385 149 75 purpofes
1985 2385 26 75 it
2033 2385 39 75 be
2096 2385 161 75 defigned.

1271 2431 108 75 Thus,
1404 2431 77 75 with
1503 2431 158 75 chemids,
1686 2431 128 75 balloon
1839 2431 132 75 denotes
1992 2431 18 75 a
2028 2431 103 75 round
2154 2431 103 75 (hort-

1272 2477 122 75 necked
1410 2477 105 75 veffel,
1533 2477 76 75 ufed
1625 2477 36 75 to
1677 2477 123 75 receive
1812 2477 86 75 what
1910 2477 25 75 is
1948 2477 136 75 diddled
2096 2477 41 75 by
2152 2477 109 75 means

1272 2524 38 75 of
1328 2524 57 75 fire
1400 2524 10 75 ;
1436 2524 32 75 in
1486 2524 221 75 architeriure,
1732 2524 18 75 a
1762 2524 101 75 round
1877 2524 94 75 globe
1987 2524 40 75 on
2045 2524 54 75 the
2116 2524 56 75 top
2190 2524 38 75 of
2241 2524 19 75 a

1273 2570 113 75 pillar;
1412 2570 64 75 and
1491 2570 115 75 among
1621 2570 179 75 engineers,
1826 2570 19 75 a
1859 2570 79 75 kind
1953 2570 40 75 of
2004 2570 97 75 bomb
2116 2570 92 75 made
2225 2570 42 75 of

1271 2616 211 75 pade-board,
1508 2616 62 75 and
1584 2616 116 75 played
1716 2616 51 75 off
1778 2616 31 75 in
1826 2616 194 75 fire-works,
2045 2616 101 75 either
2159 2616 33 75 in
2204 2616 57 75 the

1272 2662 46 75 air
1331 2662 37 75 or
1384 2662 42 75 on
1443 2662 56 75 the
1517 2662 113 75 water,
1655 2662 33 75 in
1710 2662 159 75 imitation
1886 2662 40 75 of
1936 2662 19 75 a
1970 2662 67 75 real
2055 2662 108 75 bomb.

1320 2710 151 75 Balloon,
1496 2710 32 75 in
1545 2710 56 75 the
1617 2710 124 75 French
1760 2710 97 75 paper
1868 2710 104 75 trade,
1997 2710 26 75 is
2041 2710 19 75 a
2075 2710 82 75 term
2172 2710 53 75 for
2242 2710 19 75 a

1274 2757 148 75 quantity
1446 2757 41 75 of
1516 2757 109 75 paper,
1651 2757 182 75 containing
1857 2757 45 75 24
1926 2757 115 75 reams.
2090 2757 33 75 It
2145 2757 26 75 is
2196 2757 65 75 alfo

1272 2803 56 75 the
1343 2803 92 75 name
1452 2803 39 75 of
1503 2803 19 75 a
1537 2803 65 75 fort
1618 2803 44 75 o^
1670 2803 177 75 brigantine
1871 2803 73 75 ufed
1970 2803 32 75 in
2027 2803 54 75 the
2105 2803 157 75 kingcom

1271 2850 39 75 of
1323 2850 100 75 Siam.

1225 2897 176 75 Ballon,
1427 2897 31 75 in
1475 2897 198 75 geography,
1701 2897 19 75 a
1743 2897 86 75 town
1848 2897 39 75 of
1906 2897 137 75 France,
2068 2897 32 75 in
2117 2897 56 75 the
2189 2897 71 75 dio-

1273 2943 67 75 cefe
1356 2943 41 75 of
1407 2943 111 75 Mans,
1537 2943 84 75 upon
1634 2943 55 75 the
1705 2943 99 75 banks
1822 2943 39 75 of
1872 2943 56 75 the
1942 2943 105 75 Orne,
2068 2943 43 75 jo
2111 2925 10 49 7
2136 2943 128 75 E.lon.;

1272 2992 66 75 48°
1361 2992 52 75 10'
1436 2992 48 75 N.
1501 2992 59 75 lat.

2012 3031 245 75 BALLOTA,
