2498 3377
200 126 99 75 Fart
320 126 71 75 VI.

202 191 155 75 branches
375 191 37 75 or
427 191 140 75 legs.are
581 191 80 75 two,
687 191 60 75 one
762 191 78 75 long
859 191 62 75 and
937 191 61 75 one
1013 191 100 75 fliort.
1150 191 88 75 .The

199 238 89 75 body
303 238 27 75 is
343 238 117 75 turned
472 238 153 75 forward,
651 238 55 75 the
722 238 88 75 fhort
825 238 53 75 leg
894 238 183 75 backward,
1102 238 63 75 and
1181 238 56 75 the

199 285 77 75 long
291 285 53 75 leg
359 285 199 75 downward.

245 331 76 75 The
338 331 87 75 body
441 331 41 75 of
499 331 55 75 the
570 331 89 75 incus
679 331 27 75 is
722 331 137 75 broader
874 331 77 75 than
967 331 26 75 it
1009 331 27 75 is
1051 331 103 75 thick.
1202 331 34 75 It

198 378 59 75 has
273 378 66 75 two
354 378 191 75 eminences,
571 378 63 75 and
645 378 66 75 two
724 378 130 75 cavities
866 378 144 75 between
1021 378 101 75 them,
1139 378 96 75 much

199 425 33 75 in
249 425 55 75 the
320 425 84 75 fame
433 425 131 75 manner
591 425 34 75 as
653 425 49 75 we
725 425 51 75 fee
798 425 32 75 in
846 425 55 75 the
918 425 106 75 crown
1041 425 40 75 of
1100 425 55 75 the
1171 425 65 75 firft

198 470 158 75 grinders.

245 517 76 75 The
337 517 86 75 fhort
446 517 52 75 leg
525 517 27 75 is
577 517 90 75 thick
683 517 33 75 at
743 517 41 75 its
801 517 115 75 origin,
941 517 63 75 and
1020 517 84 75 from
1121 517 115 75 thence

198 562 179 75 decreafing
393 562 178 75 gradually,
596 562 25 75 it
633 562 77 75 ends
727 562 33 75 in
769 562 19 75 a
798 562 102 75 point.
948 562 33 75 It
993 562 26 75 is
1032 562 133 75 fituated
1176 562 58 75 ho-

199 611 187 75 rizontally,
411 611 41 75 its
478 611 89 75 point
591 611 95 75 being
710 611 116 75 turned
840 611 183 75 backward,
1049 611 62 75 and
1124 611 112 75 joined

202 658 35 75 to
255 658 55 75 the
327 658 80 75 edge
424 658 40 75 of
483 658 55 75 the
554 658 133 75 mafloid
703 658 136 75 opening
850 658 41 75 of
902 658 55 75 the
973 658 198 75 tympanum.

245 704 78 75 The
347 704 76 75 long
448 704 64 75 leg,
540 704 124 75 viewed
679 704 141 75 through
837 704 55 75 the
915 704 146 75 external
1085 704 150 75 auditory

197 749 137 75 paffage,
359 749 131 75 appears
507 749 35 75 to
554 749 39 75 be
609 749 133 75 fituated
759 749 167 75 vertically
940 749 10 75 ;
978 749 57 75 but
1051 749 30 75 if
1092 749 48 75 we
1157 749 77 75 look

198 796 87 75 upon
301 796 26 75 it
342 796 104 75 either
461 796 42 75 on
519 796 55 75 the
596 796 70 75 fore
691 796 37 75 or
744 796 157 75 backfide,
925 796 49 75 we
990 796 50 75 fee
1056 796 26 75 it
1098 796 27 75 is
1141 796 92 75 incli-

200 843 74 75 ned,
298 843 56 75 the
365 843 175 75 extremity
551 843 40 75 of
602 843 25 75 it
643 843 95 75 being
754 843 115 75 turned
879 843 97 75 much
992 843 102 75 more'
1094 843 137 75 inward,

201 888 76 75 than
294 888 56 75 the
367 888 72 75 mot
455 888 37 75 or
516 888 116 75 origin.
680 888 77 75 The
773 888 89 75 point
879 888 40 75 of
938 888 55 75 the
1015 888 175 75 extremity
1207 888 26 75 is

200 935 20 75 a
235 935 84 75 little
336 935 123 75 flatted,
485 935 63 75 and
563 935 76 75 bent
665 935 123 75 inward
815 935 63 75 like
894 935 20 75 a
929 935 99 75 hook,
1053 935 63 75 and
1132 935 100 75 fomer

200 981 94 75 times
310 981 19 75 a
344 981 84 75 little
444 981 163 75 hollowed
623 981 64 75 like
703 981 19 75 a
737 981 80 75 kind
839 981 41 75 of
896 981 193 75 ear-picker.

245 1028 77 75 The
338 1028 134 75 malleus
488 1028 37 75 or
540 1028 143 75 hammer
706 1028 26 75 is
757 1028 19 75 a
798 1028 77 75 long
895 1028 96 75 bone,
1015 1028 79 75 with
1112 1028 16 75 a
1145 1028 88 75 large

198 1073 97 75 head,
319 1073 20 75 a
355 1073 88 75 fmall
465 1073 93 75 neck,
581 1073 42 75 an
647 1073 128 75 handle,
800 1073 62 75 and
878 1073 67 75 two
961 1073 185 75 apophyfes,
1172 1073 61 75 one

199 1121 34 75 in
250 1121 55 75 the
321 1121 92 75 neck,
439 1121 54 75 the
508 1121 95 75 other
619 1121 32 75 in
668 1121 55 75 the
740 1121 128 75 handle.

246 1167 76 75 The
334 1167 57 75 top
407 1167 40 75 of
465 1167 56 75 the
532 1167 83 75 head
626 1167 26 75 is
662 1167 216 75 confiderably
894 1167 155 75 rounded,
1074 1167 62 75 and
1148 1167 85 75 from

199 1214 114 75 thence
329 1214 26 75 it
371 1214 156 75 contrafts
544 1214 43 75 all
612 1214 55 75 the
682 1214 72 75 way
770 1214 35 75 to
832 1214 54 75 the
904 1214 92 75 neck.
1046 1214 87 75 Bpth
1149 1214 85 75 head

196 1259 65 75 and
276 1259 81 75 neck
372 1259 53 75 are
441 1259 33 75 ia
502 1259 39 75 an
561 1259 140 75 inclined
716 1259 158 75 fltuation,
899 1259 63 75 and
984 1259 56 75 the
1056 1259 177 75 eminences

198 1305 64 75 and
285 1305 129 75 cavities
438 1305 33 75 in
498 1305 26 75 it
548 1305 120 75 anfwer
696 1305 36 75 to
760 1305 89 75 thofe
873 1305 32 75 in
929 1305 55 75 the
1008 1305 87 75 body
1119 1305 40 75 of
1177 1305 57 75 the

198 1352 104 75 incus.

248 1398 210 75 The.handle
478 1398 27 75 is
520 1398 120 75 looked
664 1398 86 75 upon
771 1398 46 75 by
843 1398 85 75 fome
951 1398 34 75 as
1002 1398 60 75 one
1078 1398 41 75 of
1129 1398 56 75 the
1200 1398 33 75 a-

199 1444 158 75 pophyfes
375 1444 40 75 of
427 1444 55 75 the
494 1444 155 75 malleus;
676 1444 60 75 and
749 1444 32 75 in
795 1444 69 75 that
876 1444 83 75 cafe,
986 1444 25 75 it
1023 1444 26 75 is
1062 1444 54 75 the
1127 1444 106 75 great-

195 1490 49 75 ell
260 1490 41 75 of
319 1490 55 75 the
397 1490 105 75 three.
551 1490 32 75 It
612 1490 99 75 forms
737 1490 37 75 an
801 1490 92 75 angle
910 1490 78 75 with
1004 1490 55 75 the
1075 1490 81 75 neck
1172 1490 63 75 and

194 1536 102 75 head,
321 1536 76 75 near
410 1536 105 75 which
537 1536 27 75 it
579 1536 26 75 is
621 1536 192 75 fomething.
821 1536 103 75 broad
936 1536 64 75 and
1010 1536 67 75 flat,
1103 1536 62 75 and
1177 1536 60 75 de-

197 1582 123 75 crpafes
337 1582 167 75 gradually
520 1582 125 75 toward
659 1582 42 75 its
717 1582 187 75 extremity.

245 1629 76 75 The
345 1629 165 75 apophyfis
534 1629 40 75 of
592 1629 70 75 the.
671 1629 129 75 handle,
824 1629 124 75 termed
977 1629 45 75 by
1044 1629 110 75 others
1178 1629 56 75 the

200 1675 90 75 fmall
311 1675 37 75 or
365 1675 87 75 fhort
478 1675 165 75 ttppphyfis
671 1675 40 75 of
730 1675 54 75 the
809 1675 145 75 malleus,
979 1675 183 75 terminates
1179 1675 55 75 the

201 1722 92 75 angle
325 1722 130 75 already
482 1722 193 75 mentioned,
701 1722 95 75 being
818 1722 166 75 extended
1012 1722 140 75 towards
1180 1722 55 75 the

201 1767 93 75 neck,
319 1767 63 75 and
397 1767 90 75 lying
498 1767 31 75 in
542 1767 19 75 a
576 1767 131 75 llraight
723 1767 63 75 line
803 1767 77 75 with
896 1767 72 75 that
983 1767 64 75 fide
1060 1767 40 75 or
1117 1767 117 75 border

200 1814 42 75 of
260 1814 54 75 the
330 1814 116 75 handle
457 1814 105 75 which
579 1814 25 75 is
623 1814 78 75 next
716 1814 39 75 it.

248 1860 76 75 The
348 1860 165 75 apophyfis
537 1860 41 75 of
595 1860 56 75 the
667 1860 93 75 neck,
784 1860 106 75 called
905 1860 64 75 alfo
984 1860 155 75 aptphyfu
1155 1860 78 75 gra-

197 1907 91 75 cilis,
313 1907 25 75 is
356 1907 30 75 in
405 1907 19 75 a
439 1907 123 75 natural
579 1907 79 75 Hate
673 1907 78 75 very
767 1907 88 75 long,
880 1907 58 75 but
950 1907 34 75 fo
1000 1907 122 75 {lender
1138 1907 94 75 with-

199 1953 43 75 al,
268 1953 70 75 that
361 1953 26 75 it
403 1953 26 75 is
446 1953 78 75 very
539 1953 94 75 eafily
649 1953 135 75 broken,
809 1953 167 75 efpecially
989 1953 91 75 when
1097 1953 83 75 dry;
1207 1953 26 75 it

200 1999 92 75 arifes
310 1999 85 75 from
411 1999 55 75 the
489 1999 92 75 neck,
608 1999 61 75 and
686 1999 178 75 fometimes
881 1999 132 75 appears
1029 1999 94 75 much
1140 1999 92 75 long-

199 2045 35 75 er
251 2045 76 75 than
344 2045 25 75 it
386 2045 101 75 really
510 2045 39 75 is,
574 2045 44 75 by
634 2045 55 75 the
705 2045 145 75 addition
865 2045 40 75 of
916 2045 19 75 a
949 2045 88 75 fmall
1055 2045 92 75 dried
1163 2045 67 75 ten-

199 2091 65 75 don
282 2091 130 75 (licking
429 2091 34 75 to
479 2091 38 75 it.

246 2138 77 75 The
351 2138 98 75 llapes
475 2138 27 75 is
530 2138 19 75 a
576 2138 90 75 fmall
691 2138 97 75 hone,
811 2138 81 75 very
916 2138 74 75 well
1006 2138 226 75 denominated

199 2184 85 75 from
301 2184 56 75 the
372 2184 211 75 refemblance
600 2184 24 75 it
642 2184 90 75 bears
749 2184 35 75 to
801 2184 18 75 a
834 2184 126 75 llirrup.
1009 2184 32 75 It
1063 2184 27 75 is
1102 2184 131 75 divided

196 2231 72 75 into
284 2231 55 75 the
355 2231 95 75 head,
473 2231 82 75 legs,
581 2231 60 75 and
659 2231 93 75 bafis.

246 2277 77 75 The
338 2277 83 75 head
437 2277 27 75 is
486 2277 113 75 placed
621 2277 86 75 upon
724 2277 18 75 a
757 2277 85 75 fhort
858 2277 120 75 flatted,
986 2277 92 75 neck,
1103 2277 55 75 the
1174 2277 57 75 top

197 2322 44 75 f
258 2322 27 75 it
300 2322 96 75 being
410 2322 179 75 fometimes
606 2322 69 75 fiat,
700 2322 179 75 fpmetimes
900 2322 18 75 a
928 2322 84 75 little
1027 2322 133 75 hollow.

245 2367 77 75 The
338 2367 66 75 two
420 2367 67 75 legs
504 2367 94 75 taken
615 2367 160 75 together,
800 2367 83 75 form
904 2367 38 75 an
960 2367 88 75 arch,
1073 2367 64 75 like
1161 2367 71 75 that

199 2414 42 75 of
261 2414 17 75 a
296 2414 124 75 (lirrup,
445 2414 31 75 in
493 2414 56 75 the
577 2414 137 75 concave
731 2414 63 75 fide
821 2414 40 75 of
879 2414 106 75 which
1008 2414 27 75 is
1059 2414 18 75 a
1099 2414 131 75 groove,

201 2461 107 75 which
324 2461 233 75 runs.,through
571 2461 83 75 their
664 2461 105 75 whole
781 2461 124 75 length.
953 2461 74 75 One
1039 2461 52 75 leg
1102 2461 27 75 is
1139 2461 92 75 long-

200 2507 46 75 er,
272 2507 90 75 more
377 2507 88 75 bent,
490 2507 62 75 and
569 2507 17 75 a
601 2507 84 75 little
699 2507 137 75 broader
851 2507 76 75 than
939 2507 56 75 the
1006 2507 106 75 other.

246 2554 77 75 The
339 2554 78 75 bafrs
442 2554 167 75 refembles
625 2554 70 75 that
711 2554 41 75 of
771 2554 19 75 a
804 2554 128 75 llirrup,
957 2554 127 75 both,in
1101 2554 40 75 its
1159 2554 72 75 oval

199 2600 105 75 (hape,
315 2600 77 75 'and
408 2600 95 75 union
521 2600 78 75 with
615 2600 54 75 the
686 2600 81 75 legs,
792 2600 115 75 except
924 2600 70 75 that
1009 2600 25 75 it
1046 2600 26 75 is
1090 2600 56 75 not
1159 2600 71 75 per-

198 2646 128 75 forated
342 2646 34 75 as
393 2646 57 75 the
476 2646 128 75 llirrups
622 2646 72 75 now
721 2646 65 75 are,
813 2646 56 75 but
892 2646 92 75 fohd,
1009 2646 65 75 like
1087 2646 91 75 thofe
1195 2646 40 75 of

199 2693 55 75 the
271 2693 152 75 ancients.
472 2693 121 75 Round
620 2693 42 75 its
690 2693 256 75 circumference,
972 2693 79 75 next
1077 2693 55 75 the
1149 2693 81 75 legs,

198 2738 26 75 is
235 2738 15 75 a
261 2738 83 75 little
360 2738 130 75 border,
503 2738 105 75 which
627 2738 106 75 makes
746 2738 70 75 that
832 2738 64 75 fide
907 2738 40 75 of
957 2738 148 75 the-bafis
1118 2738 115 75 appear

200 2784 17 75 a
240 2784 84 75 little
340 2784 133 75 hollow.
520 2784 77 75 The
621 2784 94 75 other
740 2784 65 75 fide
832 2784 27 75 is
885 2784 106 75 pretty
1007 2784 137 75 fmooth,
1170 2784 63 75 and

199 2832 60 75 one
275 2832 74 75 half
371 2832 40 75 of
421 2832 56 75 the
503 2832 248 75 circumference
777 2832 28 75 is
829 2832 177 75 fomething
1033 2832 88 75 more
1138 2832 94 75 curve

198 2876 77 75 than
292 2876 55 75 the
362 2876 106 75 other.

244 2925 77 75 The
338 2925 158 75 orbicular
508 2925 37 75 or
557 2925 166 75 lenticular
742 2925 84 75 bone
842 2925 27 75 is
886 2925 55 75 the
958 2925 133 75 fmallell
1102 2925 82 75 bone
1199 2925 32 75 in

198 2972 56 75 the
271 2972 99 75 body.
419 2972 31 75 It
461 2972 57 75 lies
532 2972 143 75 between
687 2972 56 75 the
758 2972 85 75 head
858 2972 41 75 of
910 2972 56 75 the
977 2972 100 75 llapes
1094 2972 62 75 and
1173 2972 58 75 ex-

291 3019 96 75 Vol.
412 3019 31 75 I.
490 3019 124 75 Numb.
636 3019 54 75 13.

2240 123 94 75 297'

1289 186 133 75 tremity
1437 186 41 75 of
1499 186 56 75 the
1580 186 78 75 long
1684 186 54 75 leg
1764 186 42 75 of
1826 186 58 75 the
1897 186 102 75 incus,
2023 186 300 75 fc-eing-articulated

1284 234 79 75 with
1380 234 77 75 each
1475 234 41 75 of
1535 234 100 75 thefe.
1685 234 37 75 In
1739 234 61 75 dry
1817 234 97 75 bones
1930 234 26 75 it
1972 234 27 75 is
2016 234 99 75 found
2133 234 79 75 very
2223 234 99 75 clofe-

1283 280 34 75 ly
1333 280 184 75 connedled,
1543 280 179 75 fometimes
1749 280 36 75 to
1809 280 55 75 the
1881 280 113 75 llapes,
2021 280 178 75 fometimes
2216 280 34 75 to
2266 280 56 75 the

1283 327 103 75 incus,
1412 327 60 75 and
1488 327 103 75 might
1608 327 31 75 in
1651 327 70 75 that
1734 327 77 75 Hate
1827 327 40 75 be
1883 327 94 75 eafily
1996 327 150 75 miltaken
2165 327 53 75 for
2229 327 39 75 an
2286 327 33 75 e-

1282 374 134 75 piphylis
1433 374 40 75 of
1484 374 101 75 either
1601 374 40 75 of
1651 374 87 75 thefe
1761 374 111 75 bones.

1329 421 76 75 The
1420 421 162 75 labyrinth
1596 421 26 75 is
1640 421 130 75 divided
1781 421 69 75 into
1867 421 89 75 three
1969 421 100 75 parts,
2095 421 53 75 the
2166 421 152 75 anterior,

1282 467 131 75 middle,
1438 467 63 75 and
1527 467 165 75 pollerior.
1746 467 77 75 The
1851 467 119 75 middle
1987 467 125 75 portion
2139 467 27 75 is
2194 467 126 75 termed

1283 514 209 75 veJUbulum\
1520 514 56 75 the
1591 514 151 75 anterior,
1767 514 125 75 cochlea
1901 514 11 75 \
1938 514 64 75 and
2010 514 56 75 the
2082 514 164 75 pollerior,
2263 514 56 75 the

1283 561 162 75 labyrinth
1456 561 33 75 in
1509 561 184 75 particular,
1717 561 106 75 which
1840 561 232 75 comprehends
2092 561 56 75 the
2164 561 90 75 three
2270 561 47 75 fq-

1280 607 178 75 micircular
1475 607 118 75 canals.

1328 653 76 75 The
1433 653 187 75 veltibulum
1646 653 28 75 is
1708 653 39 75 an
1775 653 189 75 irregularly
1987 653 103 75 round
2115 653 117 75 cavity,
2256 653 61 75 lefs

1282 700 75 75 than
1371 700 56 75 the
1447 700 198 75 tympanum,
1671 700 62 75 and
1757 700 134 75 fituated
1907 700 89 75 more
2012 700 122 75 inward
2150 700 63 75 and
2228 700 19 75 a
2263 700 54 75 lit-

1283 747 46 75 tle
1346 747 88 75 mere
1447 747 152 75 forward.
1650 747 22 75 1
1686 747 73 75 hefe
1775 747 65 75 two
1853 747 129 75 cavities
1999 747 66 75 are,
2090 747 31 75 in
2139 747 19 75 a
2173 747 142 75 manner,

1281 793 46 75 fet
1344 793 81 75 back
1442 793 34 75 to
1493 793 94 75 back,
1613 793 79 75 with
1709 793 18 75 a
1743 793 147 75 common
1910 793 242 75 partition-wall
2172 793 145 75 between

1281 840 100 75 them,
1406 840 185 75 perforated
1607 840 76 75 near
1703 840 55 75 the
1776 840 119 75 middle
1920 840 43 75 by
1978 840 56 75 the
2050 840 136 75 feneltra
2201 840 113 75 ovalis,

1280 886 45 75 by
1341 886 105 75 which
1463 886 55 75 the
1530 886 130 75 cavities
1677 886 230 75 communicate
1924 886 78 75 with
2020 886 59 75 one
2096 886 149 75 another.

1325 934 77 75 The
1417 934 107 75 cavity
1539 934 42 75 of
1598 934 55 75 the
1669 934 185 75 vellibulum
1877 934 26 75 is
1919 934 139 75 likewife
2073 934 185 75 perforated
2271 934 46 75 by

1281 981 119 75 feveral
1417 981 93 75 other
1526 981 112 75 holes;
1664 981 42 75 on
1724 981 55 75 the
1791 981 132 75 outfide,
1942 981 37 75 or
1995 981 139 75 towards
2155 981 55 75 the
2231 981 84 75 tym-

1279 1027 128 75 panum,
1434 1027 44 75 by
1492 1027 55 75 the
1563 1027 136 75 fenellra
1714 1027 157 75 rotunda;
1896 1027 41 75 on
1954 1027 55 75 the
2025 1027 157 75 backfide,
2206 1027 44 75 by
2261 1027 56 75 the

1281 1075 60 75 five
1367 1075 124 75 orifices
1518 1075 47 75 of
1588 1075 55 75 the
1671 1075 211 75 femicircular
1910 1075 126 75 canals;
2063 1075 42 75 on
2133 1075 55 75 the
2216 1075 101 75 lower

1280 1119 70 75 part
1366 1119 37 75 of
1424 1119 56 75 the
1502 1119 145 75 forefide,
1674 1119 42 75 by
1733 1119 65 75 two
1824 1119 102 75 holes,
1952 1119 105 75 which
2081 1119 54 75 are
2151 1119 54 75 the
2221 1119 96 75 entry

1280 1166 42 75 of
1341 1166 55 75 the
1412 1166 150 75 cochlea;
1588 1166 63 75 and
1666 1166 42 75 on
1731 1166 56 75 the
1803 1166 161 75 fore-fide,
1989 1166 140 75 towards
2146 1166 55 75 the
2216 1166 99 75 inter-

1281 1212 50 75 nal
1351 1212 122 75 meatus
1490 1212 189 75 auditorius,
1706 1212 138 75 oppofite
1860 1212 35 75 to
1911 1212 56 75 the
1987 1212 129 75 fenellra
2135 1212 111 75 ovalis,
2271 1212 45 75 by

1281 1259 18 75 a
1326 1259 90 75 great
1440 1259 94 75 many
1560 1259 78 75 very
1665 1259 89 75 fmall
1776 1259 92 75 holes
1895 1259 52 75 for
1974 1259 56 75 the
2054 1259 122 75 paflage
2202 1259 39 75 of
2259 1259 56 75 the

1278 1307 124 75 nerves.

1324 1354 78 75 The
1418 1354 211 75 femicircular
1645 1354 105 75 canals
1764 1354 53 75 are
1836 1354 91 75 three
1942 1354 32 75 in
1993 1354 146 75 number,
2164 1354 60 75 one
2242 1354 72 75 ver-

1280 1399 74 75 tical
1372 1399 63 75 and
1451 1399 152 75 fuperior,
1628 1399 61 75 one
1702 1399 130 75 vertical
1845 1399 62 75 and
1919 1399 164 75 polfeiior,
2109 1399 61 75 and
2183 1399 59 75 one
2253 1399 60 75 ho-

1281 1446 151 75 rizontal.
1480 1446 77 75 The
1581 1446 140 75 fuperior
1745 1446 131 75 vertical
1902 1446 89 75 canal
2014 1446 27 75 is
2065 1446 133 75 fituated
2214 1446 99 75 tranf-

1281 1493 122 75 verfely
1418 1493 80 75 with
1515 1493 117 75 refpe<3
1648 1493 34 75 to
1700 1493 53 75 the
1776 1493 166 75 apophyfis
1958 1493 136 75 petrofa,
2120 1493 54 75 the
2190 1493 126 75 convex

1282 1539 64 75 fide
1362 1539 38 75 or
1416 1539 167 75 curvature
1600 1539 39 75 of
1657 1539 26 75 it
1700 1539 95 75 being
1811 1539 115 75 turned
1943 1539 143 75 upward,
2111 1539 132 75 and-the
2255 1539 59 75 ex-

1280 1584 156 75 tremities
1466 1584 198 75 downward,
1695 1584 62 75 one
1782 1584 135 75 inward,
1948 1584 55 75 the
2035 1584 94 75 other
2154 1584 159 75 outward.

1278 1631 78 75 The
1373 1631 153 75 pofeerior
1541 1631 132 75 vertical
1688 1631 90 75 canal
1803 1631 57 75 lies
1883 1631 129 75 parallel
2029 1631 35 75 to
2080 1631 55 75 the
2151 1631 112 75 length
2278 1631 41 75 of

1280 1677 55 75 the
1351 1677 177 75 apophyfis,
1553 1677 55 75 the
1625 1677 166 75 curvature
1806 1677 95 75 being
1914 1677 112 75 turned
2043 1677 182 75 backward,
2251 1677 63 75 and

1282 1725 54 75 the
1352 1725 198 75 extremities
1579 1725 152 75 forward,
1756 1725 61 75 one
1840 1725 144 75 upward,
2009 1725 56 75 the
2092 1725 94 75 other
2202 1725 110 75 down-

1281 1770 87 75 ward
1380 1770 10 75 ;
1417 1770 61 75 and
1496 1770 55 75 the
1562 1770 142 75 fuperior
1715 1770 173 75 extremity
1900 1770 39 75 of
1951 1770 65 75 this
2033 1770 88 75 canal
2138 1770 100 75 meets
2248 1770 67 75 and

1279 1817 81 75 lofes
1377 1817 90 75 itfelf
1477 1817 31 75 in
1521 1817 56 75 the
1592 1817 136 75 internal
1740 1817 174 75 extremity
1930 1817 39 75 of
1988 1817 54 75 the
2056 1817 131 75 former.
2234 1817 78 75 The

1280 1864 166 75 curvature
1462 1864 62 75 and
1542 1864 199 75 extremities
1758 1864 40 75 of
1816 1864 55 75 the
1888 1864 180 75 horizontal
2090 1864 89 75 canal
2195 1864 53 75 are
2265 1864 46 75 al-

1280 1910 77 75 mclt
1374 1910 42 75 on
1432 1910 20 75 a
1466 1910 104 75 level;
1585 1910 67 75 .the
1669 1910 167 75 curvature
1848 1910 89 75 lying
1947 1910 166 75 obliouely
2125 1910 185 75 backward,

1281 1957 61 75 and
1358 1957 54 75 the
1436 1957 202 75 extremities
1663 1957 153 75 forward,
1841 1957 117 75 ending
1974 1957 101 75 under
2091 1957 90 75 thofe
2197 1957 41 75 of
2256 1957 55 75 the

1279 2004 141 75 fupetior
1437 2004 130 75 vertical
1595 2004 102 75 canal,
1723 2004 58 75 but
1808 2004 20 75 a
1853 2004 84 75 little
1965 2004 110 75 nearer
2099 2004 77 75 each
2193 2004 94 75 other
2297 2004 11 75 ;

1279 2051 71 75 and.
1357 2051 54 75 the
1426 2051 89 75 inner
1531 2051 95 75 being
1643 2051 110 75 almoll
1776 2051 33 75 in
1833 2051 55 75 the
1905 2051 118 75 middle
2039 2051 103 75 fpace,
2166 2051 146 75 between

1280 2096 54 75 the
1351 2096 200 75 extremities
1566 2096 40 75 of
1626 2096 53 75 the
1698 2096 152 75 pollerior
1862 2096 130 75 vertical
2009 2096 101 75 canal.

1323 2143 76 75 The
1415 2143 181 75 horizontal
1611 2143 90 75 canal
1716 2143 27 75 is
1758 2143 164 75 generally
1938 2143 55 75 the
2004 2143 75 75 leaf!
2091 2143 40 75 of
2138 2143 54 75 the
2203 2143 109 75 three;

1278 2189 55 75 the
1349 2189 152 75 pollerior
1527 2189 131 75 vertical
1685 2189 26 75 is
1739 2189 102 75 often,
1867 2189 63 75 and
1950 2189 56 75 the
2021 2189 141 75 fuperior
2179 2189 131 75 vertical

1278 2236 192 75 fometimes
1494 2236 55 75 the
1566 2236 153 75 greatell;
1746 2236 40 75 all
1815 2236 55 75 the
1896 2236 91 75 three
2014 2236 105 75 canals
2136 2236 53 75 are
2204 2236 106 75 larger

1278 2281 76 75 than
1372 2281 18 75 a
1406 2281 183 75 femicircle,
1615 2281 138 75 forming
1773 2281 110 75 nearly
1903 2281 91 75 three
2011 2281 193 75 quadrants;
2231 2281 79 75 they

1280 2328 52 75 are
1349 2328 135 75 broader
1501 2328 33 75 at
1558 2328 55 75 the
1637 2328 123 75 orifices
1784 2328 76 75 than
1887 2328 31 75 in
1942 2328 55 75 the
2020 2328 132 75 middle.
2200 2328 109 75 Thefe

1279 2374 123 75 orifices
1419 2374 81 75 open
1518 2374 68 75 into
1613 2374 56 75 the
1684 2374 161 75 back-fide
1869 2374 40 75 of
1928 2374 54 75 the
1997 2374 199 75 vellibulum,
2214 2374 95 75 being

1278 2421 58 75 but
1352 2421 60 75 five
1428 2421 32 75 in
1476 2421 145 75 number,
1646 2421 34 75 fo
1708 2421 70 75 that
1805 2421 32 75 in
1861 2421 55 75 the
1939 2421 152 75 pollcrior
2107 2421 70 75 part
2195 2421 39 75 of
2253 2421 56 75 the

1278 2467 197 75 vellibulum,
1501 2467 65 75 two
1598 2467 114 75 appear
1739 2467 140 75 towards
1907 2467 55 75 the
1986 2467 109 75 infide,
2128 2467 63 75 and
2218 2467 93 75 three

1278 2514 139 75 towards
1430 2514 54 75 the
1496 2514 132 75 outfide.

1327 2560 74 75 The
1419 2560 130 75 cochlea
1565 2560 25 75 is
1608 2560 19 75 a
1643 2560 65 75 fort
1735 2560 40 75 of
1797 2560 92 75 fpiral
1907 2560 88 75 (hell,
2020 2560 78 75 with
2115 2560 66 75 two
2204 2560 102 75 dufts,

1279 2607 124 75 formed
1419 2607 31 75 in
1469 2607 55 75 the
1546 2607 139 75 anterior
1707 2607 70 75 part
1800 2607 40 75 of
1856 2607 56 75 the
1929 2607 163 75 apophyfis
2114 2607 135 75 petrofa,
2274 2607 32 75 in

1277 2653 86 75 fome
1380 2653 138 75 meafure
1534 2653 187 75 refembling
1736 2653 55 75 the
1807 2653 75 75 fliell
1906 2653 39 75 of
1957 2653 17 75 a
1990 2653 89 75 fnail.
2126 2653 77 75 The
2220 2653 87 75 parts

1279 2702 34 75 to
1323 2702 39 75 be
1374 2702 222 75 diltinguilhed
1608 2702 32 75 in
1649 2702 38 75 it,
1706 2702 52 75 are
1775 2702 55 75 the
1841 2702 91 75 bafis,
1949 2702 55 75 the
2021 2702 95 75 apex,
2142 2702 55 75 the
2210 2702 96 75 fpirnl

1279 2746 127 75 lamina,
1436 2746 35 75 or
1490 2746 212 75 halffeptum,
1730 2746 43 75 by
1784 2746 107 75 which
1911 2746 40 75 its
1965 2746 105 75 cavity
2082 2746 26 75 is
2121 2746 128 75 divided
2259 2746 46 75 in-

1280 2792 33 75 to
1329 2792 65 75 two
1408 2792 190 75 half-canals
1615 2792 9 75 ;
1647 2792 54 75 the
1719 2792 120 75 fpindle
1860 2792 101 75 round
1980 2792 105 75 which
2102 2792 57 75 the
2175 2792 132 75 cochlea

1280 2838 88 75 turns
1381 2838 19 75 ;.
1418 2838 62 75 and
1492 2838 102 75 lallly,
1611 2838 56 75 the
1676 2838 122 75 orifices
1809 2838 61 75 and
1882 2838 95 75 union
1991 2838 40 75 of
2048 2838 55 75 the
2120 2838 66 75 two
2202 2838 101 75 duds.

1326 2886 75 75 The
1416 2886 78 75 bafis
1511 2886 27 75 is
1555 2886 113 75 turned
1685 2886 133 75 diredly
1831 2886 133 75 inward,
1989 2886 124 75 toward
2132 2886 55 75 the
2208 2886 97 75 inter-

1279 2932 50 75 nal
1346 2932 141 75 foramen
1505 2932 203 75 auditorium,
1732 2932 55 75 the
1804 2932 82 75 apex
1904 2932 158 75 outward,
2085 2932 61 75 and
2163 2932 54 75 the
2235 2932 71 75 axis

1278 2980 40 75 of
1334 2980 56 75 the
1405 2980 121 75 fpindle
1539 2980 26 75 is
1577 2980 110 75 nearly
1703 2980 193 75 horizontal.

1372 3034 27 75 3-

1628 3034 20 75 4
1673 3034 29 75 F

748 125 43 75 A
906 125 44 75 N
1065 125 43 75 A
1222 125 39 75 T
1378 125 40 75 O
1535 125 49 75 M
1700 125 52 75 Y.

2229 3034 77 75 The
