2428 3377
128 151 101 75 Part
249 151 72 75 YI.

705 151 41 75 A
862 151 44 75 N
1024 151 43 75 A
1182 133 14 49 r

148 214 6 75 .
176 214 78 75 The
282 214 123 75 ureters
434 214 58 75 run
521 214 108 75 down:
641 214 196 75 obliquely,.
853 214 63 75 and
940 214 80 75 with
1038 214 29 75 .a
1093 214 79 75 very

129 260 92 75 fmall
234 260 118 75 degree
369 260 40 75 of
415 260 172 75 infieftion,
612 260 84 75 from
713 260 54 75 the
779 260 139 75 kidneys
934 260 36 75 to
986 260 55 75 the
1057 260 113 75 lateral

131 306 88 75 parts
232 306 40 75 of
289 306 56 75 the
362 306 90 75 inner
468 306 38 75 or
523 306 139 75 anterior
678 306 63 75 fide
758 306 40 75 of
817 306 56 75 the
890 306 36 75 os
946 306 136 75 facrum,
1108 306 63 75 and

130 352 117 75 palling
271 352 154 75 between,
432 352 56 75 the
505 352 120 75 redum
643 352 61 75 and
720 352 133 75 bladder
869 352 78 75 they
957 352 168 75 terminate
1137 352 33 75 in

131 398 57 75 the
200 398 57 75 lalt
274 398 40 75 of
326 398 88 75 thefe
430 398 132 75 vifcera.

179 444 99 75 They
304 444 53 75 are
371 444 179 75 .fompofed
572 444 43 75 of
632 444 92 75 three
752 444 116 75 proper
893 444 114 75 coats;
1033 444 56 75 the
1105 444 65 75 firfl:

131 492 41 75 of
190 492 119 75 which,
334 492 72 75 that
429 492 173 75 furrounds
630 492 56 75 the
711 492 73 75 reft,
809 492 27 75 is
858 492 40 75 of
918 492 18 75 a
960 492 126 75 whitilh
1115 492 54 75 co-

131 537 85 75 lour,
242 537 119 75 and'of
381 537 18 75 a
425 537 78 75 very
520 537 144 75 compad
692 537 198 75 filamentary
906 537 144 75 teKture,
1075 537 95 75 being

131 585 160 75 ftretched
307 585 79 75 with
403 585 171 75 difficulty,
600 585 62 75 and
674 585 168 75 appearing
854 585 64 75 like
936 585 17 75 a
969 585 201 75 filamentary

131 631 162 75 fubftance
310 631 226 75 degenerated.
585 631 77 75 The
678 631 78 75 next
769 631 71 75 coat
851 631 25 75 is
893 631 41 75 of
945 631 19 75 a
976 631 124 75 reddiffi
1113 631 54 75 co-

131 680 85 75 lour,
241 680 143 75 ftronger
400 680 77 75 than
505 680 56 75 the
577 680 39 75 fir
618 680 35 75 ft,
679 680 63 75 and
769 680 94 75 made
888 680 42 75 up
959 680 40 75 of
1018 680 152 75 different

130 723 99 75 flrata
245 723 40 75 of
303 723 108 75 fibres,
436 723 106 75 which
558 723 146 75 interfed
719 723 78 75 each
814 723 115 75 other;
956 723 57 75 but
1029 723 25 75 it
1072 723 25 75 is
1115 723 54 75 ve-

132 769 39 75 ry
182 769 84 75 hard
287 769 35 75 to
346 769 189 75 determine,
573 769 146 75 whether
747 769 79 75 they
850 769 54 75 are
931 769 170 75 mufcular,
1131 769 39 75 or

131 816 113 75 limply
259 816 234 75 membranous.

132 921 373 75 GLANDULE
548 921 123 75 REN
684 921 173 75 ALES,
906 921 97 75 vulgo
1035 921 132 75 CAP-

324 968 175 75 sula:
522 968 478 75 atrabilaria:.

180 1045 285 75 Immediately
491 1045 101 75 above
613 1045 79 75 each
718 1045 131 75 kidney,
875 1045 57 75 lies
958 1045 18 75 a
1000 1045 169 75 glandular

132 1093 101 75 body,
245 1093 100 75 called
357 1093 41 75 by
412 1093 57 75 the
481 1093 145 75 ancients
639 1093 131 75 Capfulse
785 1093 179 75 atribilariae
977 1093 10 75 ;
1006 1093 43 75 by
1059 1093 109 75 others

134 1140 133 75 capfuls
295 1140 133 75 renales,
466 1140 92 75 renes
583 1140 236 75 fuccenturiati,
853 1140 64 75 and
940 1140 156 75 glandulae
1119 1140 49 75 re-

131 1186 102 75 nales.
281 1186 99 75 They
395 1186 54 75 are
464 1186 136 75 fituated
615 1186 42 75 on
673 1186 56 75 the
741 1186 99 75 upper
857 1186 175 75 extremity
1041 1186 40 75 of
1091 1186 78 75 each

131 1232 121 75 kidney
267 1232 19 75 a
303 1232 84 75 little
402 1232 181 75 obliquely,
605 1232 75 75 that
694 1232 41 75 is,
762 1232 89 75 more
868 1232 124 75 toward
1008 1232 55 75 the
1079 1232 90 75 inner

130 1279 83 75 edge
231 1279 62 75 and
309 1279 80 75 finus
405 1279 42 75 of
466 1279 56 75 the
538 1279 120 75 kidney
675 1279 77 75 than
771 1279 124 75 toward
911 1279 56 75 the
983 1279 93 75 outer
1091 1279 77 75 con-

133 1325 65 75 vex
215 1325 93 75 edge.

181 1371 91 75 Each
290 1371 97 75 gland
410 1371 27 75 is
467 1371 39 75 an
523 1371 119 75 oblong
658 1371 89 75 body
762 1371 79 75 with
859 1371 93 75 three
969 1371 91 75 fides,
1078 1371 92 75 three

133 1417 111 75 edges,
270 1417 63 75 and
348 1417 66 75 two
427 1417 119 75 points,
571 1417 67 75 like
653 1417 39 75 an
702 1417 155 75 irregular
873 1417 140 75 crefcent
1029 1417 78 75 with
1128 1417 41 75 its

133 1463 94 75 great
243 1463 38 75 or
293 1463 124 75 convex
429 1463 81 75 edge
533 1463 104 75 (harp,
663 1463 63 75 and
742 1463 56 75 the
814 1463 90 75 fmall
924 1463 141 75 concave
1089 1463 80 75 edge

134 1511 115 75 broad.
299 1511 47 75 Its
360 1511 113 75 length
489 1511 26 75 is
544 1511 98 75 about
669 1511 66 75 two
759 1511 104 75 thirds
891 1511 40 75 of
950 1511 56 75 the
1034 1511 136 75 greateft

135 1557 135 75 breadth
287 1557 42 75 of
344 1557 59 75 the
427 1557 131 75 kidney,
584 1557 62 75 and
670 1557 55 75 the
757 1557 135 75 breadth
921 1557 40 75 of
978 1557 42 75 its
1049 1557 120 75 middle

133 1605 131 75 portion
279 1605 27 75 is
323 1605 99 75 about
438 1605 61 75 one
523 1605 88 75 third
624 1605 39 75 of
682 1605 41 75 its
741 1605 112 75 extent
869 1605 142 75 between
1028 1605 55 75 the
1104 1605 66 75 two

135 1650 213 75 extremities,
372 1650 180 75 fometimes
565 1650 101 75 more,
682 1650 179 75 fometimes
874 1650 74 75 lefs.
995 1650 50 75 Its
1058 1650 111 75 colour

134 1697 29 75 is
181 1697 20 75 a
216 1697 83 75 dark
315 1697 131 75 yellow.

183 1743 30 75 It
230 1743 58 75 has
305 1743 60 75 one
381 1743 153 75 anterior,
559 1743 61 75 one
636 1743 167 75 pofterior,
828 1743 62 75 and
907 1743 60 75 one
980 1743 97 75 lower
1093 1743 75 75 fide,

135 1788 107 75 which
255 1788 56 75 laft
328 1788 74 75 may
417 1788 40 75 be
469 1788 125 75 termed
603 1788 56 75 the
671 1788 79 75 bafis
763 1788 10 75 ;
793 1788 62 75 and
871 1788 27 75 it
913 1788 57 75 has
985 1788 60 75 one
1058 1788 110 75 upper,

135 1836 62 75 and
214 1836 66 75 two
297 1836 101 75 lower
414 1836 109 75 edges,
548 1836 149 75 whereof
708 1836 61 75 one
785 1836 28 75 is
830 1836 152 75 anterior,
1007 1836 56 75 the
1075 1836 95 75 other

135 1884 165 75 pofterior.
348 1884 78 75 The
441 1884 100 75 upper
556 1884 80 75 edge
653 1884 75 75 may
744 1884 40 75 be
801 1884 106 75 called
923 1884 56 75 the
991 1884 103 75 crifta,
1107 1884 63 75 and

135 1930 55 75 the
209 1930 65 75 two
290 1930 100 75 lower
407 1930 95 75 edges
527 1930 56 75 the
598 1930 97 75 labia.

156 1976 3 75 .
179 1976 77 75 The
273 1976 122 75 furface
411 1976 41 75 of
462 1976 88 75 thefe
567 1976 111 75 glands
695 1976 28 75 is
738 1976 122 75 uneven
873 1976 10 75 ;
910 1976 57 75 the
991 1976 133 75 forefide
1142 1976 26 75 is

133 2022 56 75 the
206 2022 156 75 broadeft,
392 2022 63 75 and
471 2022 54 75 the
546 2022 102 75 lower
674 2022 65 75 fide
755 2022 37 75 or
808 2022 79 75 bafis
904 2022 57 75 the
984 2022 183 75 narroweft.

134 2069 110 75 Along
260 2069 56 75 the
332 2069 120 75 middle
469 2069 39 75 of
519 2069 56 75 the
586 2069 140 75 anterior
741 2069 77 75 fide,
844 2069 18 75 a
878 2069 90 75 ridge
984 2069 75 75 runs
1083 2069 86 75 from

134 2115 56 75 the
207 2115 80 75 edge
305 2115 40 75 of
360 2115 56 75 the
432 2115 91 75 inner
538 2115 188 75 extremity,
752 2115 19 75 a
786 2115 85 75 little
888 2115 99 75 above
1003 2115 56 75 the
1076 2115 92 75 bafis,

133 2160 36 75 to
194 2160 56 75 the
273 2160 90 75 point
386 2160 41 75 of
446 2160 55 75 the
529 2160 95 75 other
651 2160 188 75 extremity,
865 2160 62 75 and
954 2160 122 75 divides
1103 2160 65 75 this

134 2207 63 75 fide
225 2207 68 75 into
321 2207 66 75 two
415 2207 95 75 equal
538 2207 101 75 parts,
663 2207 68 75 like
747 2207 62 75 ihe
834 2207 120 75 middle
980 2207 49 75 rib
1054 2207 41 75 of
1113 2207 56 75 the

135 2254 70 75 leaf
214 2254 43 75 of
274 2254 19 75 a
314 2254 91 75 tree;
432 2254 63 75 and
519 2254 42 75 on
577 2254 55 75 the
660 2254 100 75 lower
776 2254 77 75 fide,
880 2254 101 75 under
998 2254 55 75 the
1076 2254 91 75 bafis,

135 2301 90 75 there
242 2301 26 75 is
287 2301 19 75 a
321 2301 78 75 kind
416 2301 40 75 of
476 2301 97 75 raphe
589 2301 38 75 or
643 2301 121 75 future.

181 2347 77 75 The
275 2347 225 75 bloo<Weffels
521 2347 39 75 of
579 2347 88 75 thefe
684 2347 113 75 glands
820 2347 90 75 come
935 2347 85 75 from
1044 2347 56 75 the
1118 2347 50 75 ar-

134 2393 99 75 terise,
259 2393 64 75 and
338 2393 85 75 venas
447 2393 135 75 renales,
606 2393 66 75 and
694 2393 294 75 diaphragmaticse,
1013 2393 62 75 and
1086 2393 82 75 like-

133 2440 75 75 wife
224 2440 84 75 from
313 2440 67 75 %he
392 2440 92 75 aorta
504 2440 62 75 and
582 2440 82 75 vena
679 2440 89 75 cava,
794 2440 86 75 from
904 2440 56 75 the
976 2440 117 75 arteria
1108 2440 60 75 cas-

133 2485 93 75 liaca,
253 2485 64 75 &c.
364 2485 111 75 Thele
503 2485 108 75 veffels
640 2485 53 75 are
720 2485 127 75 termed
870 2485 56 75 the
954 2485 142 75 capfular
1118 2485 49 75 ar-
1184 2485 4 75 ,

133 2532 167 75 teriesand
316 2532 109 75 veins;
453 2532 62 75 and
533 2532 33 75 as
584 2532 78 75 they
673 2532 94 75 enter
778 2532 57 75 the
844 2532 133 75 .glands,
1003 2532 166 75 theyfeem

133 2578 36 75 to
184 2578 40 75 be
241 2578 143 75 inverted
400 2578 44 75 by
460 2578 19 75 a
494 2578 127 75 vagina.

180 2624 37 75 In
235 2624 55 75 die
306 2624 96 75 inlide
419 2624 41 75 of
479 2624 86 75 thefe
575 2624 144 75 capfuls:,
746 2624 91 75 there
853 2624 26 75 is
897 2624 18 75 a
931 2624 126 75 narrow
1069 2624 99 75 trian-

132 2671 91 75 gular
240 2671 119 75 cavity,
384 2671 57 75 the
458 2671 180 75 furface'of
655 2671 106 75 which
787 2671 28 75 is
832 2671 61 75 full
909 2671 41 75 of
960 2671 86 75 ftiort
1062 2671 107 75 ftrong

130 2718 69 75 villi
215 2718 41 75 of
276 2718 18 75 a
309 2718 163 75 yellowiffi
500 2718 133 75 colour;
659 2718 57 75 but
731 2718 34 75 in
781 2718 143 75 children
941 2718 27 75 it
983 2718 27 75 is
1028 2718 138 75 reddiffi,

131 2764 63 75 and
210 2764 41 75 of
262 2764 19 75 a
296 2764 81 75 dark
393 2764 112 75 brown
522 2764 33 75 in
578 2764 81 75 aged
674 2764 125 75 people.
847 2764 78 75 The
934 2764 86 75 .fides
1043 2764 41 75 of
1102 2764 65 75 this

131 2811 107 75 cavit^y
266 2811 53 75 are
347 2811 173 75 comiefted
546 2811 43 75 by
618 2811 18 75 a
662 2811 92 75 great
777 2811 137 75 number
926 2811 41 75 of
986 2811 180 75 filaments.;

131 2857 64 75 and
218 2857 79 75 they
313 2857 119 75 appear
458 2857 35 75 to
508 2857 41 75 be
565 2857 122 75 wholly
714 2857 181 75 glandular,
920 2857 72 75 that
1008 2857 40 75 is,
1073 2857 35 75 to
1123 2857 42 75 be

130 2902 91 75 filled
236 2902 78 75 with
336 2902 78 75 very
430 2902 62 75 fine
515 2902 89 75 fmall
621 2902 184 75 folliculous
825 2902 191 75 corpufcles.

178 2949 85 75 This
292 2949 107 75 cavity
424 2949 143 75 contains
593 2949 39 75 an
657 2949 154 75 unduous
828 2949 100 75 vifcid
949 2949 121 75 liquor,
1095 2949 41 75 of
1144 2949 22 75 a

130 2999 162 75 yellowiffi
305 2999 56 75 red
378 2999 124 75 colour,
526 2999 106 75 which
648 2999 81 75 with
760 2999 59 75 age
843 2999 136 75 changes
997 2999 186 75 gradually'

226 3043 99 75 Vol.
342 3043 31 75 I.
421 3043 125 75 Numb.
567 3043 55 75 i2.

908 3043 17 75 3

1200 145 22 75 r
1340 145 40 75 O
1498 145 48 75 M
1662 145 53 75 Y.

1216 208 67 75 into
1300 208 19 75 a
1335 208 164 75 yellowiffi
1524 208 123 75 purple,
1673 208 19 75 a
1707 208 81 75 dark
1800 208 131 75 yellow,
1956 208 62 75 and
2039 208 18 75 a
2072 208 94 75 black
2183 208 68 75 yel-

1217 257 62 75 low
1292 257 11 75 ;
1338 257 63 75 and
1435 257 181 75 fometimes
1643 257 27 75 it
1697 257 27 75 is
1752 257 154 75 perfe&ly
1939 257 115 75 black;
2089 257 57 75 but
2173 257 78 75 even

1220 301 89 75 then,
1326 301 43 75 .if
1387 301 27 75 it
1438 301 168 75 be.fpread
1622 301 71 75 thin
1709 301 41 75 on
1768 301 18 75 a
1802 301 86 75 large
1904 301 134 75 furface,
2063 301 26 75 it
2121 301 132 75 appears

1218 347 130 75 yellow.

1264 395 77 75 The
1357 395 69 75 qfes
1444 395 44 75 of
1507 395 88 75 thefe
1611 395 87 75 renal
1727 395 112 75 glands
1867 395 81 75 have
1963 395 57 75 not
2045 395 33 75 as
2101 395 56 75 yet
2172 395 79 75 been

1218 441 206 75 difcovered;
1451 441 64 75 and
1531 441 43 75 all
1590 441 71 75 that
1673 441 49 75 we
1738 441 97 75 know
1857 441 97 75 about
1972 441 55 75 the
2042 441 109 75 liquor
2174 441 77 75 con-

1219 486 107 75 tained
1338 486 30 75 in
1386 486 102 75 them,
1514 486 39 75 is,
1579 486 69 75 that
1660 486 26 75 it
1702 486 172 75 refembles
1891 486 55 75 the
1962 486 76 75 bile.
2087 486 99 75 They
2198 486 53 75 are

1216 533 80 75 very
1311 533 88 75 large
1415 533 32 75 in
1464 533 54 75 the
1535 533 112 75 foetus,
1673 533 62 75 and
1751 533 144 75 diminiffi
1908 533 32 75 in
1958 533 117 75 adults.

1391 638 254 75 VESICA
1692 638 367 75 URINARIA.

1262 719 86 75 The
1384 719 134 75 bladder
1545 719 27 75 is
1601 719 19 75 a
1646 719 78 75 kind
1747 719 41 75 of
1811 719 223 75 membranous
2064 719 70 75 and
2155 719 97 75 fieffiy

1217 764 104 75 pouch
1349 764 38 75 or
1411 764 115 75 bottle,
1551 764 129 75 capable
1705 764 41 75 of
1763 764 168 75 dilatation
1948 764 63 75 and
2038 764 209 75 contraction,

1215 811 135 75 fituated
1361 811 32 75 in
1406 811 55 75 the
1475 811 103 75 lower
1586 811 69 75 part
1665 811 39 75 of
1715 811 55 75 the
1787 811 168 75 abdomen,
1967 811 216 75 immediately
2194 811 56 75 be-

1216 858 78 75 hind
1311 858 54 75 the
1380 858 173 75 fymphyfis
1570 858 41 75 of
1631 858 54 75 the
1702 858 65 75 offa
1779 858 104 75 pubis,
1908 858 62 75 and
1986 858 140 75 oppofite
2146 858 36 75 to
2193 858 57 75 the

1216 905 172 75 beginning
1404 905 40 75 of
1464 905 55 75 the
1535 905 181 75 inteftinum
1738 905 133 75 reCtum.
1919 905 77 75 The
2012 905 100 75 figure
2128 905 40 75 of
2179 905 26 75 it
2221 905 28 75 is

1216 951 109 75 nearly
1336 951 70 75 that
1422 951 41 75 of
1482 951 18 75 a
1512 951 85 75 ftiort
1609 951 85 75 oval.
1744 951 31 75 It
1788 951 26 75 is
1824 951 137 75 broader
1976 951 42 75 on
2031 951 55 75 the
2104 951 69 75 fore
2185 951 64 75 and

1215 998 81 75 back
1323 998 92 75 fides,
1449 998 77 75 than
1554 998 43 75 on
1626 998 55 75 the
1708 998 113 75 lateral
1847 998 85 75 parts
1948 998 10 75 ;
1986 998 138 75 rounder
2148 998 101 75 above

1215 1044 76 75 than
1309 1044 106 75 below
1437 1044 92 75 when
1546 1044 121 75 empty,
1693 1044 63 75 and
1774 1044 137 75 broader
1927 1044 104 75 below
2043 1044 77 75 than
2148 1044 101 75 above

1214 1090 93 75 when
1324 1090 73 75 full.

1263 1138 31 75 It
1311 1138 30 75 is
1355 1138 130 75 divided
1501 1138 68 75 into
1586 1138 55 75 the
1657 1138 100 75 body,
1768 1138 101 75 meek,
1888 1138 62 75 and
1960 1138 148 75 bottom;
2126 1138 69 75 into
2208 1138 39 75 an

1216 1184 150 75 anterior,
1394 1184 163 75 pofterior,
1584 1184 61 75 and
1674 1184 66 75 two
1764 1184 111 75 lateral
1903 1184 102 75 parts.
2052 1184 77 75 The
2148 1184 100 75 upper

1216 1231 72 75 part
1299 1231 27 75 is
1342 1231 124 75 termed
1482 1231 56 75 the
1555 1231 118 75 fundus
1696 1231 37 75 or
1755 1231 128 75 bottom
1895 1231 10 75 ;
1932 1231 61 75 and
2010 1231 55 75 the
2082 1231 81 75 neck
2190 1231 26 75 is
2229 1231 20 75 a

1217 1278 127 75 portion
1361 1278 40 75 of
1422 1278 53 75 the
1506 1278 100 75 lower
1632 1278 84 75 part,
1743 1278 104 75 which
1864 1278 26 75 is
1912 1278 184 75 contracted
2107 1278 67 75 like
2191 1278 57 75 the

1216 1323 101 75 gullet
1332 1323 41 75 of
1391 1323 86 75 fome
1501 1323 123 75 veffels.

1263 1370 75 75 The
1355 1370 134 75 bladder
1505 1370 25 75 is
1548 1370 96 75 made,
1657 1370 41 75 up
1717 1370 40 75 of
1774 1370 118 75 feveral
1919 1370 101 75 coats.
2068 1370 93 75 That
2177 1370 72 75 part

1217 1418 39 75 of
1275 1418 55 75 the
1358 1418 145 75 external
1532 1418 71 75 coat
1628 1418 105 75 which
1758 1418 110 75 covers
1885 1418 56 75 the
1957 1418 112 75 upper,
2096 1418 153 75 pofterior

1217 1465 190 75 and.lateral
1430 1465 78 75 fides
1537 1465 39 75 of
1596 1465 54 75 the
1667 1465 146 75 bladder,
1838 1465 27 75 is
1892 1465 56 75 the
1978 1465 70 75 true
2071 1465 118 75 lamina
2210 1465 38 75 or

1216 1512 182 75 membrane
1414 1512 40 75 of
1465 1512 56 75 the
1537 1512 206 75 peritonaeum
1755 1512 10 75 ;
1792 1512 64 75 and
1880 1512 55 75 the
1952 1512 60 75 reft
2028 1512 41 75 of
2087 1512 26 75 it
2129 1512 25 75 is
2180 1512 67 75 fur-

1217 1557 145 75 rounded
1378 1557 43 75 by
1446 1557 18 75 a
1485 1557 133 75 cellular
1640 1557 175 75 fubftance,
1839 1557 45 75 by
1910 1557 57 75 the
1983 1557 212 75 intervention
2212 1557 42 75 of

1217 1604 117 75 which,
1353 1604 55 75 the
1423 1604 206 75 peritonaeum
1646 1604 26 75 is
1682 1604 174 75 connected
1871 1604 34 75 to
1920 1604 56 75 the
1988 1604 156 75 mufcular
2161 1604 85 75 coat.

1263 1651 77 75 The
1352 1651 121 75 proper
1489 1651 87 75 coats
1594 1651 53 75 are
1671 1651 91 75 three
1779 1651 32 75 in
1827 1651 146 75 number,
1998 1651 61 75 one
2075 1651 172 75 mufcular,

1216 1697 60 75 one
1300 1697 149 75 nervous,
1474 1697 63 75 and
1561 1697 61 75 one
1646 1697 128 75 villous,
1806 1697 106 75 which
1941 1697 26 75 is
1984 1697 55 75 the
2063 1697 184 75 innermoft.

1217 1745 76 75 The
1309 1745 157 75 mufcular
1477 1745 72 75 coat
1566 1745 26 75 is
1611 1745 168 75 compofed
1794 1745 40 75 of
1854 1745 118 75 feveral
1989 1745 93 75 ftrata
2100 1745 41 75 of
2151 1745 98 75 fieffiy

1215 1791 93 75 fibres
1320 1791 10 75 ;
1358 1791 55 75 the
1428 1791 175 75 outermoft
1619 1791 40 75 of
1678 1791 106 75 which
1796 1791 53 75 are
1877 1791 114 75 moftly
2007 1791 236 75 longitudinal;

1216 1837 54 75 the
1282 1837 80 75 next
1374 1837 35 75 to
1425 1837 87 75 thefe
1523 1837 54 75 are
1585 1837 89 75 more
1682 1837 140 75 inclined
1833 1837 125 75 toward
1970 1837 77 75 each
2061 1837 104 75 hand;
2185 1837 63 75 and

1217 1884 53 75 the
1283 1884 183 75 innermoft,
1484 1884 88 75 more
1590 1884 63 75 and
1670 1884 90 75 more
1777 1884 152 75 oblique;
1948 1884 63 75 and
2023 1884 78 75 they
2116 1884 132 75 become

1210 1931 38 75 at
1263 1931 112 75 length
1390 1931 111 75 almoft
1517 1931 186 75 tranfverfe.

1263 1978 76 75 The
1356 1978 136 75 nervous
1510 1978 73 75 coat
1599 1978 26 75 is
1642 1978 110 75 nearly
1767 1978 41 75 of
1827 1978 55 75 the
1897 1978 83 75 fame
2000 1978 152 75 ftruCture
2168 1978 80 75 with

1216 2024 55 75 the
1287 2024 109 75 tunica
1412 2024 131 75 nervofa
1558 2024 42 75 of
1618 2024 56 75 the
1691 2024 154 75 ftomach.

1264 2071 227 75 The-internal
1511 2071 72 75 ooat
1609 2071 28 75 is
1655 2071 178 75 fomething
1860 2071 190 75 granulated
2073 2071 63 75 and
2157 2071 90 75 glan-

1216 2117 104 75 dular,
1338 2117 63 75 and
1417 2117 19 75 a
1451 2117 229 75 mucilaginous
1698 2117 103 75 ferum
1813 2117 26 75 is
1852 2117 198 75 continually
2060 2117 188 75 difeharged

1217 2163 140 75 through
1381 2163 38 75 it,
1445 2163 107 75 which
1584 2163 147 75 moiftens
1764 2163 57 75 the
1856 2163 91 75 inner
1973 2163 123 75 furface
2123 2163 41 75 qf
2191 2163 56 75 the

1215 2209 134 75 bladder
1386 2209 64 75 and
1464 2209 134 75 defends
1608 2209 28 75 it
1652 2209 117 75 againft
1784 2209 56 75 the
1852 2209 164 75 acrimony
2026 2209 41 75 of
2077 2209 56 75 the
2142 2209 104 75 urine.

1264 2256 48 75 At
1329 2256 56 75 the
1400 2256 56 75 top
1473 2256 40 75 of
1525 2256 56 75 the
1596 2256 147 75 bladder,
1761 2256 101 75 above
1879 2256 56 75 the
1951 2256 172 75 fymphyfis
2140 2256 41 75 of
2192 2256 56 75 the

1216 2304 64 75 offa
1295 2304 105 75 pubis,
1425 2304 49 75 we
1491 2304 131 75 obferve
1646 2304 20 75 a
1687 2304 211 75 ligamentary
1923 2304 89 75 rope,
2038 2304 105 75 which
2171 2304 76 75 runs

1216 2347 41 75 up
1270 2347 144 75 between
1430 2347 57 75 the
1500 2347 207 75 peritonaeum
1724 2347 62 75 and
1803 2347 55 75 the
1874 2347 84 75 linea
1974 2347 72 75 alba
2061 2347 41 75 of
2119 2347 57 75 the
2193 2347 65 75 ab-

1216 2395 127 75 domen,
1369 2395 43 75 all
1437 2395 55 75 the
1515 2395 72 75 way
1611 2395 35 75 to
1663 2395 55 75 the
1734 2395 104 75 navel,
1864 2395 200 75 diminiffiing
2079 2395 170 75 gradually

1216 2442 32 75 in
1274 2442 159 75 thicknefs
1458 2442 33 75 as
1517 2442 26 75 it
1566 2442 142 75 afeends.
1756 2442 87 75 This
1860 2442 76 75 rope
1958 2442 66 75 had
2040 2442 20 75 a
2075 2442 174 75 particular
2249 2424 8 49 1

1216 2487 52 75 nfe
1281 2487 32 75 in
1331 2487 55 75 the
1402 2487 116 75 foetus,;
1538 2487 34 75 as
1589 2487 75 75 ftiall
1683 2487 39 75 be
1734 2487 65 75 faid
1812 2487 31 75 in
1862 2487 133 75 another
2012 2487 102 75 place.
2164 2487 32 75 It
2220 2487 27 75 is

1215 2534 153 75 fufficient
1385 2534 35 75 to
1440 2534 64 75 add
1526 2534 88 75 here,
1639 2534 70 75 that
1726 2534 25 75 it
1768 2534 26 75 is
1818 2534 31 75 in
1867 2534 71 75 part
1957 2534 170 75 originally
2139 2534 19 75 a
2172 2534 91 75 pro-:

1215 2581 127 75 duCtion
1359 2581 39 75 of
1412 2581 56 75 the
1484 2581 90 75 inner
1586 2581 88 75 coats
1691 2581 41 75 of
1743 2581 54 75 the
1814 2581 147 75 bladder,
1986 2581 107 75 which
2110 2581 156 75 produc-,

1216 2626 66 75 tion
1301 2626 26 75 is
1345 2626 124 75 termed
1483 2626 151 75 urachus.

1264 2673 84 75 This
1367 2673 75 75 rope
1463 2673 26 75 is
1507 2673 169 75 compofed
1695 2673 139 75 likewife
1851 2673 41 75 of
1903 2673 66 75 two
1986 2673 94 75 other
2094 2673 174 75 ligamen-j

1215 2722 73 75 tary
1303 2722 214 75 elongations,
1542 2722 105 75 winch
1662 2722 56 75 are
1740 2722 56 75 the
1813 2722 200 75 extremities
2040 2722 40 75 of
2098 2722 56 75 the
2178 2722 71 75 um-

1214 2766 108 75 bilical
1335 2766 143 75 arteries.
1527 2766 108 75 Thefe
1652 2766 131 75 arteries
1808 2766 90 75 come
1918 2766 83 75 from
2026 2766 56 75 the
2106 2766 144 75 hypoga-

1212 2813 112 75 ftricas,
1351 2813 58 75 run
1434 2813 43 75 up
1500 2813 44 75 by
1556 2813 67 75 .the
1640 2813 78 75 fides
1733 2813 43 75 of
1794 2813 57 75 the
1869 2813 146 75 bladder,
2043 2813 63 75 and
2145 2813 5 75 .
2164 2813 84 75 main

1214 2860 121 75 hollow
1351 2860 63 75 and
1430 2860 88 75 filled
1537 2860 79 75 with
1632 2860 112 75 blood,
1770 2860 79 75 even
1877 2860 30 75 in
1925 2860 118 75 adults,
2069 2860 33 75 as
2120 2860 76 75 high
2207 2860 42 75 .as

1212 2907 56 75 the
1285 2907 122 75 middle
1424 2907 40 75 of
1484 2907 55 75 the
1551 2907 146 75 bladder,
1724 2907 143 75 through
1884 2907 41 75 all
1943 2907 105 75 which
2066 2907 89 75 fpace
2172 2907 79 75 they

1211 2955 141 75 likewife
1378 2955 77 75 fend
1480 2955 52 75 off
1560 2955 238 75 ramifications.
1854 2955 204 75 Afterwards
2084 2955 78 75 they
2184 2955 85 75 lofe-

1209 3001 84 75 their
1316 3001 121 75 cavity,
1476 3001 63 75 and
1567 3001 133 75 become
1728 3001 210 75 ligamentary
1961 3001 33 75 as
2020 3001 78 75 they
2124 3001 127 75 afeend.

1654 3050 84 75 3Y

2062 3050 7 75 .
2152 3050 4 75 .
2209 3050 50 75 At
