2498 3377
710 180 239 75 ANT

1271 180 128 75 (32

339 256 361 75 ANTENCLEMA,
731 256 33 75 in
792 256 153 75 rhetoric,
972 256 106 75 called
1104 256 44 75 by
1175 256 56 75 the
1260 256 116 75 Latins

388 302 129 75 relatio,
543 302 26 75 is
590 302 93 75 when
701 302 55 75 the
773 302 83 75 fault
876 302 27 75 is
921 302 156 75 imputed,
1102 302 86 75 upon
1212 302 64 75 any
1301 302 75 75 ihif-

386 349 128 75 fortUne
526 349 192 75 happening,
736 349 35 75 to
787 349 57 75 the
859 349 111 75 perfon
987 349 34 75 to
1038 349 107 75 whom
1157 349 26 75 it
1195 349 178 75 happened.

339 397 268 75 ANTENNAE,
632 397 31 75 in
681 397 55 75 the
760 397 122 75 hiftory
914 397 40 75 of
976 397 124 75 infetts,
1125 397 123 75 flender
1263 397 113 75 bodies

388 443 78 75 with
483 443 106 75 which
605 443 113 75 nature
745 443 58 75 has
830 443 163 75 furnilhed
1021 443 55 75 the
1104 443 99 75 heads
1229 443 40 75 of
1288 443 88 75 thefe

387 490 175 75 creatures,
589 490 95 75 being
708 490 56 75 the
783 490 85 75 fame
892 490 79 75 with
996 490 89 75 what
1107 490 33 75 in
1165 490 132 75 Englifh
1323 490 53 75 are

389 536 102 75 called
508 536 94 75 horns
620 536 38 75 or
674 536 143 75 feelers.

339 583 431 75 ANTEPAGMENTA,
794 583 33 75 in
852 583 56 75 the
932 583 124 75 ancient
1073 583 221 75 architedure,
1319 583 57 75 the

384 630 104 75 jambs
512 630 41 75 of
573 630 19 75 a
607 630 95 75 door.
749 630 101 75 They
877 630 54 75 are
947 630 65 75 alfo
1029 630 195 75 ornaments,
1249 630 38 75 or
1303 630 72 75 gar-

387 677 150 75 niihings,
554 677 32 75 in
604 677 117 75 carved
736 677 105 75 work,
860 677 40 75 of
910 677 86 75 men,
1021 677 145 75 animals,
1192 677 64 75 <bc.
1282 677 94 75 made

388 723 102 75 either
507 723 40 75 of
563 723 95 75 wood
681 723 38 75 or
739 723 100 75 done,
865 723 62 75 and
937 723 47 75 fet
1001 723 42 75 on
1063 723 56 75 the
1135 723 192 75 architrave.

340 769 446 75 ANTEPENULTIMA,
812 769 32 75 in
868 769 171 75 grammar,
1065 769 55 75 the
1138 769 88 75 third
1242 769 133 75 fyllable

388 816 39 75 of
439 816 19 75 a
472 816 91 75 word
587 816 85 75 from
693 816 55 75 the
762 816 75 75 end,
862 816 37 75 or
916 816 55 75 the
988 816 56 75 lad
1061 816 131 75 fyllable
1210 816 57 75 but
1284 816 77 75 two.

340 863 319 75 ANTEPILANI,
685 863 32 75 in
734 863 196 75 theldoman
947 863 128 75 armies,
1092 863 18 75 a
1124 863 93 75 name
1228 863 95 75 given
1339 863 37 75 to

387 910 55 75 the
458 910 113 75 hadati
589 910 62 75 and
674 910 171 75 principes,
871 910 133 75 becaufe
1021 910 78 75 they
1115 910 152 75 marched
1294 910 81 75 next

386 956 112 75 before
514 956 56 75 the
586 956 116 75 triarii,
727 956 75 75 who
819 956 84 75 were
920 956 104 75 called
1039 956 122 75 pilani.

340 1002 404 75 ANTEPILEPTICS,
779 1002 118 75 among
920 1002 188 75 phyficians,
1145 1002 172 75 medicines
1341 1002 33 75 e-

387 1049 136 75 deemed
539 1049 84 75 good
643 1049 30 75 in
691 1049 55 75 the
764 1049 151 75 epilepfy.

339 1096 382 75 ANTEPOSITION,
747 1096 32 75 in
806 1096 171 75 grammar,
1003 1096 55 75 the
1083 1096 127 75 placing
1238 1096 19 75 a
1283 1096 93 75 word

386 1142 63 75 fird
464 1142 107 75 which
592 1142 112 75 (hould
720 1142 89 75 dand
824 1142 71 75 lad.

339 1188 541 75 ANTEPREDICAMENTS,
917 1188 116 75 among
1060 1188 166 75 logicians,
1253 1188 122 75 certain

386 1235 205 75 preliminary
607 1235 159 75 quedions
783 1235 107 75 which
916 1235 154 75 illudrate
1099 1235 55 75 the
1181 1235 142 75 doftrine
1340 1235 41 75 of

387 1281 234 75 predicaments
636 1281 61 75 and
715 1281 188 75 categories.

339 1328 341 75 ANTEQUIERA,
705 1328 19 75 a
746 1328 87 75 town
854 1328 40 75 of
905 1328 169 75 Granada,
1099 1328 32 75 in
1150 1328 100 75 Spain
1262 1328 11 75 ;
1299 1328 75 75 fitu-

388 1375 75 75 ated
478 1375 32 75 in
527 1375 62 75 W.
605 1375 90 75 long.
714 1375 21 75 4
735 1357 22 49 0
773 1375 68 75 40',
867 1375 63 75 and
946 1375 47 75 N.
1016 1375 57 75 lat.
1094 1375 67 75 36°
1180 1375 70 75 4</,
1275 1375 100 75 about

389 1423 17 75 2
415 1423 15 75 5
449 1423 92 75 miles
558 1423 95 75 north
671 1423 40 75 of
722 1423 145 75 Malaga.

339 1465 463 75 ANTEQUIRA-NOVA,
816 1465 40 75 an
868 1465 156 75 epifcopal
1037 1465 67 75 city
1116 1465 41 75 of
1163 1465 85 75 New
1262 1465 111 75 Spain,

387 1515 32 75 in
437 1515 162 75 America,
625 1515 33 75 in
675 1515 56 75 the
747 1515 150 75 province
914 1515 40 75 of
965 1515 172 75 Guaxaca.

339 1561 299 75 ANTERIDES,
664 1561 33 75 in
725 1561 56 75 the
806 1561 126 75 ancient
957 1561 225 75 architedlure,
1207 1561 167 75 buttrefles

388 1607 127 75 eredled
530 1607 35 75 to
582 1607 129 75 fupport
728 1607 19 75 a
761 1607 86 75 wall.
899 1607 61 75 See
976 1607 223 75 Buttress.

340 1656 271 75 ANTERIOR,
628 1656 133 75 denotes
773 1656 181 75 fomething
970 1656 113 75 placed
1098 1656 112 75 before
1226 1656 146 75 another,

389 1700 102 75 either
507 1700 80 75 with
604 1700 119 75 refpedt
740 1700 34 75 to
791 1700 77 75 time
884 1700 37 75 or
939 1700 103 75 place.

340 1747 312 75 ANTEROTES,
678 1747 33 75 in
734 1747 126 75 natural
888 1747 132 75 hidory,
1047 1747 18 75 a
1089 1747 93 75 name
1209 1747 93 75 given
1328 1747 46 75 by

389 1795 56 75 the
457 1795 141 75 ancients
610 1795 36 75 to
659 1795 18 75 a
688 1795 118 75 fpecies
820 1795 40 75 of
867 1795 168 75 amethyd.
1062 1795 63 75 See
1134 1795 237 75 Amethyst.

341 1841 358 75 ANTESIGNANI,
723 1841 33 75 in
772 1841 56 75 the
844 1841 130 75 Roman
998 1841 128 75 armies,
1150 1841 132 75 foldiers
1306 1841 67 75 pla-

390 1888 60 75 ced
464 1888 111 75 before
591 1888 55 75 the
663 1888 177 75 dandards,
857 1888 31 75 in
905 1888 96 75 order
1012 1888 35 75 to
1063 1888 117 75 defend
1196 1888 101 75 them,
1321 1888 52 75 ac-

389 1933 136 75 cording
535 1933 39 75 to
591 1933 178 75 Limpfius;
787 1933 59 75 but
862 1933 109 75 Csefar
987 1933 62 75 and
1060 1933 88 75 Livy
1163 1933 141 75 mention
1317 1933 60 75 the

392 1979 191 75 antefignani
612 1979 33 75 as
671 1979 55 75 the
754 1979 64 75 fird
834 1979 77 75 line,
935 1979 39 75 or
989 1979 64 75 fird
1070 1979 100 75 body,
1204 1979 40 75 of
1253 1979 120 75 heavy-

389 2026 110 75 armed
516 2026 123 75 troops.
687 2026 78 75 The
785 2026 126 75 velites,
928 2026 74 75 who
1017 2026 78 75 ufed
1110 2026 35 75 to
1160 2026 141 75 Ikirmidi
1318 2026 55 75 be-

391 2073 71 75 fore
479 2073 56 75 the
556 2073 102 75 army,
683 2073 84 75 were
782 2073 140 75 likewife
942 2073 104 75 called
1062 2073 215 75 antefignani.

343 2118 384 75 ANTESTATURE,
753 2118 32 75 in
809 2118 221 75 fortification,
1056 2118 19 75 a
1098 2118 90 75 fmall
1210 2118 163 75 retrench-

391 2165 87 75 ment
495 2165 93 75 made
605 2165 40 75 of
664 2165 188 75 palifadoes,
877 2165 38 75 or
942 2165 90 75 facks
1059 2165 41 75 of
1120 2165 104 75 earth,
1249 2165 79 75 with
1356 2165 19 75 a

389 2212 83 75 view
483 2212 35 75 to
531 2212 124 75 difpute
668 2212 78 75 with
763 2212 41 75 an
820 2212 112 75 enemy
944 2212 56 75 the
1012 2212 178 75 remainder
1202 2212 40 75 of
1254 2212 17 75 a
1287 2212 89 75 piece

392 2259 40 75 of
444 2259 135 75 ground.

345 2305 399 75 ANTEVIRGILIAN
772 2305 190 75 hujhandry,
993 2305 40 75 an
1060 2305 195 75 appellation
1283 2305 93 75 given

393 2352 35 75 to
443 2352 60 75 Mr
521 2352 112 75 Tull’s
652 2352 69 75 new
739 2352 133 75 method
888 2352 39 75 of
937 2352 231 75 horfe-hoeing
1182 2352 193 75 huibandry.

395 2398 61 75 See
477 2398 308 75 Agriculture,
811 2398 79 75 Part
902 2398 48 75 II.

346 2445 274 75 ANTHAKIA,
620 2477 5 49 ;
645 2445 32 75 in
694 2445 198 75 geography,
917 2445 56 75 the
1000 2445 85 75 fame
1110 2445 82 75 with
1218 2445 159 75 Antioch.

396 2491 60 75 See
475 2491 197 75 Antioch.

348 2536 272 75 ANTHELIX,
645 2536 32 75 in
694 2536 162 75 anatomy,
882 2536 55 75 the
953 2536 123 75 inward
1100 2536 229 75 protuberance
1345 2536 42 75 of

396 2583 56 75 the
469 2583 146 75 external
632 2583 66 75 ear,
716 2583 96 75 being
829 2583 18 75 a
862 2583 176 75 femieircle
1055 2583 123 75 within,
1197 2583 63 75 and
1271 2583 110 75 almod

397 2629 132 75 parallel
546 2629 39 75 to
597 2629 55 75 the
669 2629 102 75 helix.
822 2629 62 75 See
900 2629 33 75 p.
952 2629 82 75 295.

348 2674 429 75 ANTHELMINTICS,
794 2674 117 75 among
922 2674 188 75 phyficians,
1123 2674 171 75 medicines
1306 2674 74 75 pro-

397 2723 55 75 per
479 2723 35 75 to
538 2723 128 75 dedroy
691 2723 130 75 worms.
870 2723 62 75 See
955 2723 234 75 Pharmacy.

349 2769 228 75 ANTHEM,
603 2769 17 75 a
639 2769 230 75 church-fong,
890 2769 182 75 performed
1088 2769 33 75 in
1137 2769 166 75 cathedral
1316 2769 64 75 fer-

396 2816 72 75 vice
481 2816 45 75 by
542 2816 168 75 ehoriders
732 2816 74 75 who
822 2816 78 75 lung
919 2816 205 75 alternately.

351 2861 272 75 ANTHEMIS,
649 2861 37 75 or
703 2861 228 75 Camomile,
957 2861 31 75 in
1017 2861 136 75 botany,,
1174 2861 19 75 a
1219 2861 101 75 genus
1344 2861 42 75 of

399 2909 55 75 the
473 2909 195 75 fyngenefia'
668 2909 184 75 polygamia
867 2909 156 75 fuperflua
1039 2909 91 75 clafs.
1178 2909 76 75 The
1271 2909 109 75 recep-

398 2954 82 75 tacle
493 2954 39 75 of
543 2954 54 75 the
614 2954 154 75 anthemis
785 2954 26 75 is
829 2954 185 75 paleaceous
1026 2954 10 75 ;
1063 2954 24 75 it
1108 2954 57 75 has
1182 2954 42 75 no
1237 2954 117 75 pappus
1367 2954 10 75 ;

398 3000 55 75 the
466 3000 84 75 calix
567 3000 27 75 is
607 3000 168 75 globular..
813 3000 113 75 There
942 3000 53 75 are
1017 3000 40 75 18
1075 3000 118 75 fpecies
1213 3000 40 75 of
1267 3000 112 75 anthe-

402 3047 74 75 xnis,
499 3047 76 75 only
591 3047 61 75 five
668 3047 40 75 of
724 3047 105 75 which
853 3047 54 75 are
933 3047 121 75 natives
1082 3047 41 75 of
1144 3047 139 75 Britain,
1308 3047 69 75 viz.

1409 182 24 75 6
1492 182 18 75 )

1843 182 239 75 ANT

1472 257 55 75 the
1545 257 127 75 nobilis,
1690 257 37 75 or
1739 257 240 75 fweet-fcented
1994 257 188 75 camomile;
2209 257 55 75 the
2281 257 119 75 cotula,
2416 257 41 75 or

1471 302 135 75 dinking
1623 302 191 75 May-weed
1827 302 10 75 ;
1864 302 55 75 the
1936 302 147 75 arvenfis,
2109 302 39 75 or
2169 302 259 75 corn-camomile
2442 302 12 75 ;

1471 350 55 75 the
1543 350 170 75 maritima,
1738 350 38 75 or
1797 350 236 75 fea-camomile
2047 350 10 75 ;
2084 350 64 75 and
2164 350 55 75 the
2236 350 158 75 tinftoria,
2418 350 39 75 or

1471 396 147 75 common
1635 396 134 75 ox-eye.
1817 396 76 75 The
1907 396 126 75 flowers
2045 396 41 75 of
2096 396 55 75 the
2168 396 156 75 anthemis
2341 396 117 75 nobilis

1473 443 53 75 are
1543 443 217 75 carminative,
1785 443 164 75 emolient,
1975 443 62 75 and
2053 443 155 75 aperient.

1424 490 266 75 ANTHERiE,
1716 490 115 75 among
1855 490 163 75 botanids,
2049 490 55 75 the
2131 490 86 75 little
2244 490 147 75 roundilh
2418 490 39 75 or

1470 536 119 75 oblong
1605 536 112 75 bodies
1740 536 42 75 on
1805 536 55 75 the
1885 536 71 75 tops
1973 536 41 75 of
2040 536 55 75 the
2121 536 130 75 damina
2274 536 41 75 of
2337 536 118 75 plants.

1474 583 60 75 See
1557 583 194 75 Stamina,
1778 583 63 75 and
1860 583 178 75 Botany.

1424 630 348 75 ANTHERICUM,
1797 630 32 75 in
1849 630 132 75 botany,
2007 630 18 75 a
2041 630 98 75 genus
2156 630 39 75 of
2207 630 55 75 the
2278 630 179 75 hexandria

1471 676 191 75 monogynia
1677 676 93 75 clafs.
1802 676 77 75 The
1889 676 120 75 corolla
2020 676 58 75 has
2091 676 45 75 fix
2148 676 101 75 petals
2261 676 80 75 open
2355 676 32 75 at
2399 676 57 75 the

1472 722 55 75 top
1539 722 9 75 ;
1575 722 63 75 and
1650 722 55 75 the
1721 722 124 75 capfule
1861 722 26 75 is
1900 722 128 75 ovated.
2075 722 113 75 There
2205 722 53 75 are
2279 722 37 75 13
2336 722 118 75 fpecies

1470 769 41 75 of
1522 769 209 75 antherieum,
1756 769 83 75 none
1856 769 40 75 of
1907 769 105 75 which
2041 769 52 75 are
2113 769 121 75 natives
2258 769 40 75 of
2315 769 138 75 Britain,

1470 815 116 75 except
1602 815 54 75 the
1673 815 226 75 calyculatum,
1925 815 37 75 or
1984 815 140 75 Scottilh
2142 815 161 75 afphodel.

1423 863 361 75 ANTHESPORIA,
1809 863 31 75 in
1861 863 173 75 antiquity,
2061 863 18 75 a
2100 863 131 75 Sicilian
2251 863 135 75 fedival,
2404 863 48 75 in-

1471 908 128 75 dituted
1615 908 32 75 in
1666 908 124 75 honour
1812 908 41 75 of
1863 908 200 75 Proferpine.

1424 954 365 75 ANTHESTERIA,
1814 954 32 75 in
1864 954 141 75 Grecian
2026 954 173 75 antiquity,
2217 954 137 75 fedivals
2371 954 83 75 cele-

1470 1002 113 75 brated
1598 1002 31 75 in
1647 1002 55 75 the
1718 1002 120 75 fpring,
1862 1002 42 75 by
1916 1002 56 75 the
1988 1002 124 75 ancient
2129 1002 193 75 Athenians,
2346 1002 32 75 in
2395 1002 59 75 ho-

1471 1047 81 75 nour
1569 1047 39 75 of
1631 1047 160 75 Bacchus,
1817 1047 116 75 during
1957 1047 105 75 which
2090 1047 56 75 the
2173 1047 129 75 maders
2334 1047 121 75 feaded

1472 1093 83 75 their
1571 1093 111 75 Haves,
1708 1093 33 75 as
1758 1093 56 75 the
1831 1093 144 75 Romans
1992 1093 55 75 did
2063 1093 31 75 in
2107 1093 54 75 the
2173 1093 77 75 time
2267 1093 40 75 of
2325 1093 55 75 the
2394 1093 59 75 Sa-

1472 1141 148 75 turnalia.

1424 1188 400 75 ANTHESTERION,
1850 1188 31 75 in
1906 1188 124 75 ancient
2053 1188 210 75 chronology,
2288 1188 55 75 the
2368 1188 87 75 fixth

1471 1232 110 75 month
1599 1232 42 75 of
1658 1232 55 75 the
1729 1232 164 75 Athenian
1909 1232 89 75 year,
2023 1232 174 75 anfwering
2221 1232 34 75 to
2278 1232 56 75 the
2356 1232 101 75 latter

1470 1278 70 75 part
1557 1278 40 75 of
1611 1278 58 75 our
1685 1278 187 75 November
1897 1278 63 75 and
1976 1278 170 75 beginning
2162 1278 41 75 of
2218 1278 195 75 December.

1423 1326 231 75 ANTHIAS,
1679 1326 32 75 in
1731 1326 224 75 ichthyology,
1979 1326 56 75 the
2059 1326 105 75 trivial
2183 1326 93 75 name
2292 1326 39 75 of
2349 1326 19 75 a
2383 1326 71 75 fpe-

1471 1372 63 75 cies
1551 1372 41 75 of
1603 1372 121 75 labrus.
1774 1372 62 75 See
1852 1372 173 75 Labrus.

1423 1419 225 75 ANTHINE

1792 1419 115 75 among
1928 1419 55 75 the
2000 1419 153 75 ancients,
2179 1419 18 75 a
2219 1419 79 75 kind
2312 1419 40 75 of
2370 1419 83 75 wine

1470 1464 180 75 medicated
1669 1464 79 75 with
1765 1464 55 75 the
1835 1464 126 75 flowers
1977 1464 41 75 of
2029 1464 115 75 plants.

1421 1512 347 75 ANTHOCEROS,
1801 1512 32 75 in
1854 1512 131 75 botany,
2010 1512 19 75 a
2051 1512 100 75 genus
2176 1512 39 75 of
2241 1512 55 75 the
2321 1512 130 75 crypto-

1470 1558 104 75 gamia
1590 1558 91 75 clafs.
1728 1558 78 75 The
1830 1558 86 75 calix
1938 1558 41 75 of
1997 1558 56 75 the
2069 1558 82 75 male
2175 1558 27 75 is
2218 1558 107 75 feffile,
2350 1558 101 75 cylin-

1469 1605 113 75 drical,
1606 1605 61 75 and
1687 1605 116 75 intire;
1831 1605 55 75 the
1912 1605 140 75 anthene
2076 1605 53 75 are
2145 1605 79 75 very
2239 1605 88 75 long,
2355 1605 97 75 Tubu-

1468 1651 99 75 lated,
1601 1651 62 75 and
1695 1651 218 75 two-valved;
1951 1651 55 75 the
2030 1651 85 75 calix
2138 1651 41 75 of
2201 1651 55 75 the
2281 1651 115 75 female
2422 1651 29 75 is

1469 1697 130 75 divided
1614 1697 69 75 into
1703 1697 46 75 fix
1773 1697 123 75 pieces;
1922 1697 56 75 the
2000 1697 89 75 feeds
2112 1697 53 75 are
2186 1697 104 75 three.
2337 1697 115 75 There

1468 1744 53 75 are
1538 1744 76 75 only
1630 1744 91 75 three
1732 1744 117 75 fpecies
1861 1744 40 75 of
1912 1744 55 75 the
1979 1744 205 75 anthoceros,
2200 1744 69 75 viz.
2286 1744 55 75 the
2354 1744 99 75 punc-

1468 1790 98 75 tatus,
1592 1790 38 75 or
1645 1790 126 75 fpotted
1787 1790 203 75 anthoceros,
2015 1790 19 75 a
2049 1790 105 75 native
2171 1790 40 75 of
2222 1790 124 75 Britain
2358 1790 10 75 ;
2395 1790 57 75 the

1466 1837 100 75 Isevis,
1592 1837 18 75 a
1625 1837 106 75 native
1748 1837 40 75 of
1799 1837 132 75 Europe
1952 1837 62 75 and
2025 1837 174 75 America;
2225 1837 63 75 and
2299 1837 55 75 the
2367 1837 84 75 mul-

1468 1882 121 75 tifidus,
1615 1882 19 75 a
1649 1882 106 75 native
1771 1882 41 75 of
1823 1882 180 75 Germany.

1421 1930 379 75 ANTHOLOGION,
1826 1930 55 75 the
1898 1930 71 75 title
1992 1930 40 75 of
2053 1930 55 75 the
2130 1930 221 75 fervice-book
2374 1930 78 75 ufed

1468 1975 31 75 in
1516 1975 55 75 the
1588 1975 111 75 Greek
1717 1975 133 75 church.

1516 2021 30 75 It
1563 2021 26 75 is
1607 2021 129 75 divided
1751 2021 71 75 into
1837 2021 116 75 twelve
1964 2021 141 75 months,
2131 2021 180 75 containing
2327 2021 56 75 the
2400 2021 51 75 of-

1467 2067 74 75 fices
1558 2067 79 75 fung
1651 2067 200 75 throughout
1868 2067 56 75 the
1939 2067 89 75 year,
2051 2067 43 75 on
2111 2067 55 75 the
2187 2067 137 75 fedivals
2341 2067 40 75 of
2391 2067 61 75 our

1470 2114 148 75 Saviour,
1643 2114 56 75 the
1715 2114 130 75 Virgin,
1870 2114 63 75 and
1952 2114 94 75 other
2061 2114 199 75 remarkable
2279 2114 109 75 faints.

1421 2161 325 75 ANTHOLOGY,
1772 2161 18 75 a
1813 2161 156 75 difcourfe
1993 2161 41 75 of
2050 2161 137 75 flowers,
2214 2161 37 75 or
2275 2161 40 75 of
2329 2161 123 75 beauti-

1470 2207 47 75 ful
1534 2207 137 75 paflages
1687 2207 85 75 from
1790 2207 61 75 any
1866 2207 146 75 authors.

1422 2255 254 75 Anthology
1694 2255 26 75 is
1738 2255 66 75 alfo
1819 2255 55 75 the
1890 2255 92 75 name
1998 2255 93 75 given
2103 2255 36 75 to
2156 2255 18 75 a
2186 2255 168 75 colle&ion
2367 2255 41 75 of
2418 2255 35 75 e-

1470 2301 137 75 pigrams
1624 2301 96 75 taken
1742 2301 85 75 from
1845 2301 117 75 feveral
1979 2301 112 75 Greek
2107 2301 104 75 poets.

1425 2348 316 75 ANTHOLYZA,
1766 2348 19 75 a
1815 2348 98 75 genus
1937 2348 41 75 of
1999 2348 55 75 the
2078 2348 152 75 triandria
2261 2348 193 75 monogynia

1473 2394 91 75 clafs.
1611 2394 77 75 The
1701 2394 86 75 calix
1803 2394 27 75 is
1847 2394 139 75 tubular,
2003 2394 168 75 irregular,
2188 2394 62 75 and
2260 2394 77 75 bent
2348 2394 103 75 back;

1475 2440 55 75 the
1554 2440 123 75 capfule
1693 2440 26 75 is
1744 2440 102 75 below
1867 2440 55 75 the
1938 2440 122 75 flower.
2109 2440 113 75 There
2235 2440 53 75 are
2300 2440 74 75 four
2385 2440 68 75 fpe-

1474 2486 61 75 cies
1548 2486 40 75 of
1600 2486 54 75 the
1667 2486 185 75 antholyza,
1870 2486 70 75 viz.
1957 2486 55 75 the
2028 2486 139 75 ringens,
2186 2486 18 75 a
2220 2486 105 75 native
2341 2486 40 75 of
2393 2486 61 75 j£-

1473 2531 121 75 thiopia
1607 2531 11 75 ;
1645 2531 56 75 the
1716 2531 148 75 cunqnia,
1889 2531 20 75 a
1931 2531 105 75 rjative
2054 2531 42 75 of
2111 2531 126 75 Perfia;
2263 2531 56 75 the
2341 2531 112 75 sethio-

1474 2579 62 75 pia,
1562 2579 18 75 a
1599 2579 106 75 native
1725 2579 40 75 of
1779 2579 189 75 /Ethiopia;
1995 2579 62 75 and
2073 2579 55 75 the
2144 2579 151 75 meriana,
2314 2579 19 75 a
2348 2579 106 75 native

1475 2625 39 75 of
1530 2625 53 75 the
1600 2625 90 75 Cape
1706 2625 40 75 of
1762 2625 225 75 Good-Hope.

1429 2672 254 75 ANTHONY,
1710 2672 36 75 or
1772 2672 142 75 Knights
1940 2672 41 75 of
1997 2672 50 75 St
2067 2672 209 75 Anthony,
2303 2672 17 75 a
2336 2672 118 75 milita-

1474 2718 37 75 ry
1535 2718 107 75 order,
1666 2718 163 75 indituted
1845 2718 42 75 by
1904 2718 118 75 Albert
2038 2718 84 75 duke
2138 2718 41 75 of
2196 2718 151 75 Bavaria,
2369 2718 85 75 Hol-

1475 2765 86 75 land,
1586 2765 63 75 and
1671 2765 153 75 Zealand,
1849 2765 92 75 when
1958 2765 41 75 he
2016 2765 146 75 defigned
2177 2765 35 75 to
2229 2765 92 75 make
2336 2765 66 75 war
2419 2765 33 75 a-

1474 2811 98 75 gaind
1588 2811 54 75 the
1657 2811 113 75 Turks
1787 2811 31 75 in
1840 2811 105 75 1382..
1989 2811 76 75 The
2087 2811 132 75 knights
2239 2811 88 75 wore
2350 2811 18 75 a
2387 2811 67 75 col-

1475 2858 46 75 lar
1537 2858 41 75 of
1598 2858 88 75 gold,
1712 2858 91 75 made
1820 2858 30 75 in
1872 2858 83 75 form
1976 2858 40 75 of
2027 2858 17 75 a
2060 2858 145 75 hermit’s
2229 2858 115 75 girdle,
2370 2858 85 75 from

1473 2904 105 75 which
1595 2904 87 75 hung
1700 2904 17 75 a
1733 2904 77 75 dick
1827 2904 55 75 cut
1902 2904 63 75 like
1983 2904 18 75 a
2013 2904 123 75 crutch,
2162 2904 78 75 with
2254 2904 17 75 a
2282 2904 83 75 little
2377 2904 76 75 bell,

1474 2952 33 75 as
1524 2952 78 75 they
1615 2952 266 75 are^reprefented
1896 2952 30 75 in
1944 2952 184 75 Anthony’s
2140 2952 148 75 pictures.

1427 3000 40 75 St
1487 3000 220 75 Anthony’t
1720 3000 75 75 fire,
1821 3000 18 75 a
1855 3000 89 75 name
1961 3000 178 75 fometimes
2156 3000 93 75 given
2266 3000 35 75 to
2313 3000 55 75 the
2380 3000 72 75 ery-

1472 3045 122 75 fipdas.
1644 3045 63 75 See
1727 3045 255 75 Erysipelas,

2199 3086 251 75 ANTHORA,
