2477 3395
576 168 35 75 B
671 168 43 75 U
773 168 34 75 L

1124 168 19 75 (

212 240 93 75 After
322 240 54 75 the
390 240 133 75 reading
535 240 40 75 of
586 240 55 75 the
658 240 79 75 bull,
762 240 56 75 the
834 240 82 75 pope
928 240 120 75 throws
1061 240 19 75 a
1095 240 97 75 burn-

207 287 54 75 ing
278 287 90 75 torch
384 287 68 75 into
468 287 55 75 the
540 287 107 75 public
662 287 103 75 place,
789 287 36 75 to
842 287 116 75 denote
975 287 54 75 the
1052 287 139 75 thunder

209 334 38 75 of
259 334 62 75 this
339 334 178 75 anathema.

163 381 119 75 Golden
299 381 120 75 Bull,
445 381 37 75 an
500 381 92 75 edift,
619 381 36 75 or
680 381 142 75 imperial
848 381 215 75 conftitution,
1096 381 93 75 made

209 426 41 75 by
266 426 54 75 the
340 426 145 75 emperor
502 426 134 75 Charles
653 426 64 75 IV.
743 426 132 75 reputed
894 426 35 75 to
949 426 40 75 be
1004 426 56 75 the
1076 426 114 75 magna

207 472 121 75 charta,
353 472 36 75 or
406 472 54 75 the
473 472 216 75 fundamental
705 472 62 75 law
778 472 40 75 of
829 472 54 75 the
896 472 145 75 German
1057 472 131 75 empire.

255 518 30 75 It
302 518 26 75 is
345 518 101 75 called
463 518 128 75 golden,
618 518 130 75 becaufe
772 518 26 75 it
814 518 57 75 has
888 518 18 75 a
933 518 116 75 golden
1065 518 75 75 feal,
1157 518 32 75 in

207 566 56 75 the
289 566 82 75 form
396 566 39 75 of
456 566 18 75 a
503 566 107 75 pope’s
626 566 82 75 bull,
732 566 67 75 tied
816 566 78 75 with
922 566 115 75 yellow
1054 566 62 75 and
1133 566 57 75 red

207 610 93 75 cords
327 610 39 75 of
389 610 56 75 filk
460 610 9 75 :
505 610 84 75 upon
616 610 61 75 one
701 610 63 75 fide
791 610 26 75 is
843 610 54 75 the
922 610 146 75 emperor
1084 610 104 75 repre-

206 657 108 75 fented
330 657 106 75 fitting
453 657 41 75 on
510 657 50 75 his
577 657 127 75 throne,
730 657 61 75 and
820 657 42 75 on
885 657 54 75 tit
955 657 94 75 other
1067 657 52 75 rhe
1136 657 52 75 ca-

207 703 78 75 pitol
298 703 40 75 of
348 703 119 75 Rome,
516 703 32 75 It
564 703 27 75 is
608 703 66 75 allb
690 703 103 75 called
805 703 163 75 Caroline,
993 703 41 75 on
1052 703 136 75 Charles

206 750 78 75 IV’s
301 750 146 75 account.
495 750 70 75 Till
579 750 54 75 the
650 750 192 75 publication
854 750 39 75 of
905 750 54 75 the
975 750 117 75 golden
1104 750 81 75 bull,

206 796 54 75 the
276 796 83 75 form
376 796 63 75 and
456 796 170 75 ceremony
641 796 40 75 of
699 796 54 75 the
770 796 134 75 eiedhon
924 796 39 75 of
986 796 39 75 an
1042 796 146 75 emperor

207 842 83 75 were
317 842 135 75 dubious
478 842 64 75 and
569 842 251 75 undetermined,
846 842 62 75 and
932 842 54 75 the
1005 842 132 75 number
1153 842 41 75 of

207 888 55 75 the
278 888 132 75 ele&ors
438 888 57 75 not
521 888 100 75 fixed.
669 888 85 75 This
783 888 119 75 folemn
925 888 83 75 edidt
1025 888 164 75 regulated

205 935 57 75 the
278 935 169 75 fundtions,
472 935 124 75 rights,,
612 935 182 75 privileges,
819 935 63 75 and
893 935 248 75 pre-eminences
1153 935 41 75 of

206 981 55 75 the
288 981 143 75 eledtors.
481 981 76 75 The
584 981 147 75 original,
757 981 105 75 which
889 981 26 75 is
942 981 33 75 in
1002 981 112 75 Latin,
1146 981 42 75 on

204 1027 130 75 vellum,
359 1027 27 75 is
403 1027 166 75 preferved
586 1027 33 75 at
649 1027 195 75 Frankfort:
882 1027 64 75 this
974 1027 213 75 ordonnance,

205 1072 182 75 containing
413 1072 103 75 thirty
532 1072 139 75 articles,
696 1072 37 75 or
756 1072 159 75 chapters,
940 1072 24 75 w
964 1054 6 49 r
970 1072 34 75 as
1028 1072 161 75 approved

207 1120 39 75 of
257 1120 43 75 by
318 1120 42 75 all
376 1120 55 75 the
447 1120 123 75 princes
587 1120 40 75 of
638 1120 54 75 the
709 1120 132 75 empire,
866 1120 62 75 and
944 1120 119 75 remain
1078 1120 62 75 Hill
1155 1120 33 75 in

208 1165 100 75 force.

161 1212 178 75 BULLA,
364 1212 32 75 in
413 1212 152 75 zoology,
590 1212 19 75 a
624 1212 98 75 genus
738 1212 172 75 belonging
926 1212 34 75 to
977 1212 54 75 the
1046 1212 96 75 order
1152 1212 42 75 of

207 1257 122 75 vermes
359 1257 152 75 teftaceae.
560 1257 32 75 It
607 1257 26 75 is
658 1257 38 75 an
724 1257 112 75 animal
855 1257 39 75 of
918 1257 54 75 the
989 1257 172 75 fnail-kind
1176 1257 8 75 :

206 1304 75 75 The
298 1304 75 75 fttell
390 1304 123 75 confifts
530 1304 40 75 of
588 1304 59 75 one
665 1304 102 75 valve,
793 1304 204 75 convoluted,
1014 1304 63 75 and
1093 1304 94 75 with-

208 1350 58 75 out
284 1350 61 75 any
361 1350 136 75 prickles
513 1350 6 75 •
519 1350 4 75 ,
551 1350 54 75 the
623 1350 146 75 aperture
794 1350 26 75 is
848 1350 181 75 narrowilh,
1055 1350 131 75 oblong,

207 1396 221 75 longitudinal,
454 1396 61 75 and
532 1396 101 75 entire
650 1396 39 75 at.
710 1396 54 75 the
788 1396 90 75 bafe;
906 1396 53 75 the
976 1396 169 75 columella
1160 1396 26 75 is

208 1440 123 75 fmooth
345 1440 63 75 and
424 1440 141 75 oblique.
614 1440 111 75 There
741 1440 54 75 are
812 1440 228 75 twenty-three
1057 1440 130 75 fpecies,

208 1487 79 75 moll
311 1487 39 75 of
369 1487 89 75 them
484 1487 121 75 natives
634 1487 39 75 of
696 1487 54 75 the
778 1487 120 75 Afiatic
914 1487 63 75 and
992 1487 147 75 Atlantic
1153 1487 36 75 o-

210 1533 105 75 ceans.

162 1581 189 75 BULLAs
375 1581 32 75 in
424 1581 127 75 Roman
574 1581 172 75 antiquity,
771 1581 179 75 ornaments
967 1581 32 75 at
1016 1581 63 75 firll
1095 1581 95 75 given

207 1626 76 75 only
295 1626 35 75 to
342 1626 55 75 the
408 1626 71 75 fons
496 1626 40 75 of
555 1626 165 75 noblemen
732 1626 10 75 ;
770 1626 121 75 though
908 1626 186 75 afterwards
1113 1626 77 75 they

207 1672 128 75 became
362 1672 40 75 of
421 1672 87 75 more
535 1672 147 75 common
710 1672 65 75 ufe.
822 1672 85 75 This
935 1672 165 75 ornament
1124 1672 64 75 was

209 1717 62 75 firft
288 1717 92 75 given
397 1717 41 75 by
454 1717 199 75 Tarquinius
666 1717 78 75 with
761 1717 54 75 the
832 1717 156 75 prsetexta
1003 1717 35 75 to
1055 1717 49 75 his
1121 1717 67 75 fon,

210 1763 74 75 who
301 1763 75 75 had,
402 1763 78 75 with
497 1763 48 75 his
558 1763 70 75 own
642 1763 96 75 hand,
764 1763 33 75 at
809 1763 145 75 fourteen
968 1763 89 75 years
1071 1763 40 75 of
1117 1763 71 75 age,

210 1810 102 75 killed
328 1810 40 75 an
396 1810 124 75 enemy.
568 1810 95 75 Thus
690 1810 48 75 we
754 1810 66 75 find
835 1810 55 75 the
907 1810 86 75 bulla
1009 1810 64 75 was
1090 1810 18 75 a
1124 1810 65 75 fign

208 1855 41 75 of
266 1855 154 75 triumph.
468 1855 189 75 Macrobius
685 1855 128 75 relates,
839 1855 70 75 that
925 1855 54 75 the
996 1855 141 75 children
1155 1855 40 75 of

211 1902 89 75 freed
316 1902 70 75 men
404 1902 83 75 were
512 1902 135 75 allowed
674 1902 35 75 to
737 1902 83 75 wear
848 1902 54 75 the
918 1902 167 75 pranexta,
1112 1902 74 75 and,

209 1948 117 75 inllead
350 1948 41 75 of
422 1948 55 75 the
500 1948 117 75 golden
647 1948 98 75 bulla,
778 1948 19 75 a
822 1948 143 75 leathern
992 1948 73 75 one,
1090 1948 100 75 about

208 1995 83 75 their
306 1995 95 75 necks
413 1995 9 75 :
449 1995 111 75 Thofe
576 1995 93 75 bullae
689 1995 81 75 were
786 1995 91 75 made
893 1995 120 75 hollow
1030 1995 111 75 within
1153 1995 36 75 to

206 2042 116 75 inclofe
349 2042 135 75 amulets
512 2042 117 75 againft
656 2042 93 75 envy,
776 2042 62 75 tec.
888 2042 110 75 When
1015 2042 55 75 the
1087 2042 102 75 youth

208 2085 124 75 arrived
359 2085 33 75 at
420 2085 110 75 fifteen
559 2085 89 75 years
676 2085 38 75 of
735 2085 70 75 age,
830 2085 78 75 they
935 2085 87 75 hung
1046 2085 43 75 up
1105 2085 84 75 their

209 2131 93 75 bullae
318 2131 97 75 about
441 2131 55 75 the
525 2131 95 75 necks
647 2131 41 75 of
709 2131 83 75 their
814 2131 79 75 gods
909 2131 95 75 lares.
1052 2131 67 75 We
1136 2131 53 75 are

209 2176 121 75 farther
357 2176 169 75 informed,
552 2176 70 75 that
649 2176 54 75 the
727 2176 93 75 bullae
837 2176 84 75 were
937 2176 57 75 not
1010 2176 76 75 only
1101 2176 88 75 hung

210 2222 95 75 about
321 2222 56 75 the
393 2222 95 75 necks
506 2222 38 75 of
561 2222 106 75 young
683 2222 84 75 men,
793 2222 57 75 but
866 2222 39 75 of
916 2222 109 75 horfes
1042 2222 76 75 alfo.

162 2269 211 75 BULLEN,
399 2269 17 75 a
443 2269 81 75 term
552 2269 76 75 ufed
654 2269 43 75 by
724 2269 135 75 country
884 2269 112 75 people
1012 2269 51 75 for
1079 2269 109 75 hemp-

210 2315 92 75 ftalks
319 2315 123 75 peeled.

162 2361 211 75 BULLET,
399 2361 38 75 an
454 2361 69 75 iron
547 2361 37 75 or
608 2361 110 75 leaden
734 2361 77 75 ball,
837 2361 37 75 pr
898 2361 80 75 ftiot,
1003 2361 187 75 wherewith

210 2408 154 75 fire-arms
378 2408 52 75 are
442 2408 127 75 loaded.
621 2408 60 75 See
694 2408 118 75 Ball.

163 2455 398 75 BULLINGBROKE,
603 2455 32 75 in
667 2455 197 75 geography.
926 2455 61 75 See
1019 2455 169 75 Boling-

213 2499 142 75 brook.

162 2546 232 75 BULLION,
421 2546 156 75 uncoined
589 2546 76 75 gold
677 2546 37 75 or
725 2546 90 75 filver
825 2546 33 75 in
870 2546 55 75 the
938 2546 93 75 mafs.

255 2591 111 75 Thofe
393 2591 111 75 metals
528 2591 52 75 are
610 2591 102 75 called
740 2591 45 75 fo,
811 2591 102 75 either
937 2591 93 75 when
1057 2591 133 75 fmelted

209 2638 83 75 from
319 2638 54 75 the
401 2638 104 75 native
532 2638 68 75 ore,
624 2638 64 75 and
714 2638 55 75 not
798 2638 151 75 perfectly
977 2638 139 75 refined;
1151 2638 37 75 or

208 2683 93 75 when
317 2683 78 75 they
422 2683 52 75 are
501 2683 153 75 perfedly
680 2683 131 75 refined,
837 2683 57 75 but
910 2683 117 75 melted
1044 2683 94 75 down
1155 2683 32 75 in

208 2729 72 75 bars
297 2729 36 75 or
350 2729 117 75 ingots,
493 2729 37 75 or
545 2729 32 75 in
594 2729 61 75 any
671 2729 190 75 unwropght
877 2729 99 75 body,
1001 2729 40 75 of
1051 2729 63 75 any
1130 2729 56 75 de-

208 2775 74 75 gree
299 2775 39 75 of
350 2775 143 75 finenefs.

256 2821 109 75 When
382 2821 76 75 gold
485 2821 62 75 and
574 2821 89 75 filver
680 2821 52 75 are
749 2821 31 75 in
797 2821 84 75 their
896 2821 119 75 purity,
1040 2821 78 75 they
1134 2821 53 75 are

207 2867 33 75 fo
256 2867 63 75 foft
335 2867 63 75 and
414 2867 140 75 flexible,
580 2867 70 75 that
678 2867 78 75 they
772 2867 114 75 cannot
904 2867 70 75 well
991 2867 39 75 be
1046 2867 141 75 brought

206 2912 68 75 into
302 2912 61 75 any
377 2912 120 75 falhion
524 2912 52 75 for
597 2912 70 75 .ufe,
692 2912 137 75 without
855 2912 93 75 being
969 2912 65 75 firft
1050 2912 138 75 reduced

205 2959 64 75 and
284 2959 160 75 hardened
460 2959 78 75 with
551 2959 39 75 an
606 2959 85 75 alloy
708 2959 39 75 of
758 2959 84 75 fome
858 2959 93 75 other
968 2959 87 75 bafer
1077 2959 109 75 metal.

252 3005 56 75 To
335 3005 130 75 prevent
493 3005 86 75 thefe
607 3005 127 75 abufes,
770 3005 106 75 which
903 3005 86 75 fome
1017 3005 102 75 might
1147 3005 39 75 be

300 3053 95 75 Vol.
413 3053 32 75 I,
484 3053 124 75 Nunjb.
628 3053 57 75 29.

1069 3053 18 75 3

1204 166 79 75 689
1341 166 19 75 )

1664 166 240 75 BUN

1283 230 141 75 tempted
1442 230 34 75 to
1493 230 128 75 commit
1646 230 31 75 in
1702 230 55 75 the
1784 230 128 75 making
1930 230 40 75 of
1980 230 73 75 fuch
2071 230 116 75 alloys,
2210 230 57 75 the

1285 277 174 75 legillators
1488 277 41 75 of
1548 277 150 75 civilized
1724 277 160 75 countries
1912 277 81 75 have
2008 277 166 75 ordained,
2200 277 70 75 that

1285 322 92 75 there
1392 322 75 75 lhall
1485 322 38 75 be
1552 322 42 75 no
1621 322 88 75 more
1726 322 76 75 than
1820 322 19 75 a
1861 322 118 75 certain
1997 322 184 75 propoition
2199 322 39 75 of
2250 322 19 75 a

1285 368 87 75 bafer
1401 368 96 75 metal
1525 368 36 75 to
1587 368 19 75 a
1633 368 171 75 particular
1828 368 148 75 quantity
1992 368 40 75 of
2045 368 76 75 pure
2137 368 77 75 gold
2230 368 37 75 cr

1285 415 102 75 filver,
1412 415 32 75 in
1461 415 96 75 order
1572 415 36 75 to
1634 415 92 75 make
1743 415 87 75 them
1846 415 40 75 of
1905 415 55 75 the
1977 415 129 75 iinencls
2124 415 39 75 of
2182 415 87 75 what

1283 463 27 75 is
1326 463 103 75 called
1446 463 55 75 the
1519 463 146 75 ftandard
1681 463 75 75 gold
1769 463 38 75 or
1828 463 90 75 filver
1933 463 41 75 of
1992 463 75 75 fuch
2085 463 18 75 a
2119 463 148 75 country.

1331 510 187 75 According
1550 510 34 75 to
1611 510 55 75 the
1692 510 78 75 laws
1801 510 40 75 of
1867 510 162 75 England,
2063 510 41 75 all
2128 510 95 75 forts,
2233 510 39 75 of

1283 556 147 75 wrought
1456 556 85 75 plate
1567 556 33 75 in
1628 556 141 75 general,
1784 556 112 75 -ought
1918 556 36 75 to
1978 556 40 75 be
2044 556 93 75 made
2161 556 35 75 to
2214 556 54 75 the

1282 601 82 75 legal
1383 601 164 75 ftandard;
1574 601 61 75 and
1651 601 55 75 the
1723 601 85 75 price
1824 601 40 75 of
1875 601 59 75 our
1950 601 145 75 ftandard
2112 601 76 75 gold
2207 601 61 75 and

1283 649 90 75 filver
1400 649 27 75 is
1456 649 55 75 the
1539 649 146 75 common
1710 649 69 75 rule
1806 649 149 75 whereby
1972 649 35 75 to
2023 649 46 75 fet
2085 649 18 75 a
2119 649 91 75 value
2226 649 41 75 on

1284 695 83 75 their
1395 695 135 75 bullion,
1555 695 145 75 whether
1726 695 56 75 the
1810 695 83 75 fame
1919 695 41 75 be
1987 695 33 75 in
2036 695 119 75 ingots,
2180 695 85 75 bars,

1283 741 82 75 dull,
1390 741 37 75 or
1444 741 30 75 in
1505 741 123 75 foreign
1656 741 122 75 fpecie:
1805 741 131 75 whence
1951 741 26 75 it
1993 741 26 75 is
2037 741 74 75 eafy
2133 741 34 75 to
2191 741 76 75 con-

1283 789 87 75 ceive
1388 789 70 75 that
1470 789 55 75 the
1538 789 91 75 value
1641 789 39 75 of
1687 789 122 75 bullion
1820 789 115 75 cannot
1948 789 177 75 beexaftly
2137 789 129 75 known,

1283 836 138 75 without
1447 836 95 75 being
1568 836 65 75 firft
1661 836 136 75 aflayed,
1823 836 70 75 that
1921 836 55 75 the
2003 836 92 75 exaft
2120 836 148 75 quantity

1282 881 39 75 of
1340 881 77 75 pure
1433 881 97 75 metal
1546 881 125 75 therein
1697 881 169 75 contained
1889 881 73 75 may
1988 881 39 75 be
2054 881 212 75 determined,

1283 927 60 75 and
1361 927 227 75 confequently
1605 927 144 75 whether
1776 927 26 75 it
1829 927 40 75 be
1898 927 100 75 above
2026 927 36 75 or
2090 927 104 75 below
2211 927 55 75 the

1283 975 157 75 ftandard.

1329 1022 102 75 Silver
1449 1022 62 75 and
1534 1022 88 75 gold,
1648 1022 144 75 whether
1808 1022 112 75 coined
1932 1022 36 75 or
1989 1022 170 75 uncoined,
2180 1022 86 75 (tho’

1280 1068 76 75 ufed
1379 1068 51 75 for
1454 1068 20 75 a
1500 1068 147 75 common
1664 1068 142 75 meafure
1829 1068 40 75 of
1890 1068 95 75 other
2001 1068 137 75 things),
2156 1068 53 75 are
2226 1068 41 75 no

1280 1114 59 75 lefs
1356 1114 19 75 a
1391 1114 211 75 commodity,
1626 1114 76 75 than
1719 1114 94 75 wine,
1838 1114 146 75 tobacco,
2010 1114 37 75 or
2068 1114 110 75 cloth;
2205 1114 61 75 and

1281 1161 83 75 may,
1390 1161 32 75 in
1450 1161 95 75 many
1573 1161 97 75 cafes,
1696 1161 38 75 be
1750 1161 159 75 exported
1925 1161 33 75 as
1976 1161 93 75 much
2089 1161 34 75 to
2139 1161 55 75 the
2212 1161 55 75 na-

1281 1208 99 75 tional
1397 1208 175 75 advantage
1589 1208 33 75 as
1640 1208 61 75 any
1717 1208 93 75 other
1827 1208 210 75 commodity.

1235 1255 243 75 BULLOCK,
1513 1255 56 75 the
1598 1255 83 75 fame
1713 1255 77 75 with
1819 1255 39 75 an
1886 1255 57 75 ox,
1977 1255 37 75 or
2042 1255 117 75 gelded
2186 1255 78 75 bull.

1283 1300 60 75 See
1360 1300 90 75 Bos.

1235 1347 299 75 BULLY-tree,
1562 1347 31 75 in
1610 1347 134 75 botany.
1794 1347 61 75 See
1872 1347 368 75 ChrysophyllUm.

1234 1394 211 75 BULTEL,
1471 1394 18 75 a
1502 1394 81 75 term
1596 1394 75 75 ufed
1683 1394 34 75 to
1730 1394 117 75 denote
1860 1394 54 75 the
1927 1394 102 75 refufe
2041 1394 40 75 of
2090 1394 79 75 meal
2184 1394 83 75 after

1281 1439 143 75 drefling,
1450 1439 37 75 or
1503 1439 56 75 the
1588 1439 89 75 cloth
1696 1439 138 75 wherein
1850 1439 27 75 it
1893 1439 27 75 is
1938 1439 136 75 drefled,
2099 1439 167 75 otherwife

1284 1486 102 75 called
1403 1486 224 75 bulter-cloth.

1237 1533 261 75 BULWARK,
1524 1533 32 75 in
1574 1533 55 75 the
1658 1533 126 75 ancient
1812 1533 218 75 fortification.
2081 1533 61 75 See
2159 1533 106 75 Ram-

1287 1579 110 75 part.

1235 1627 274 75 BUMICILLI,
1534 1627 17 75 a
1568 1627 149 75 religious
1736 1627 62 75 fed!
1810 1627 44 75 of
1864 1627 225 75 Mahometans
2107 1627 30 75 in
2154 1627 112 75 Egypt

1282 1672 61 75 and
1374 1672 157 75 Barbary,
1558 1672 73 75 who
1659 1672 132 75 pretend
1809 1672 34 75 to
1859 1672 82 75 fight
1969 1672 78 75 with
2064 1672 113 75 devils,
2203 1672 61 75 and

1283 1718 182 75 commonly
1480 1718 115 75 appear
1612 1718 31 75 in
1660 1718 19 75 a
1694 1718 102 75 fright
1813 1718 61 75 and
1887 1718 135 75 covered
2031 1718 85 75 with
2133 1718 132 75 wounds

1283 1764 60 75 and
1359 1764 133 75 bruifes.
1541 1764 113 75 About
1672 1764 54 75 the
1743 1764 60 75 full
1827 1764 95 75 moon
1944 1764 79 75 they
2040 1764 188 75 counterfeit
2248 1764 17 75 a

1283 1811 127 75 combat
1425 1811 31 75 in
1486 1811 54 75 the
1556 1811 145 75 prefence
1725 1811 40 75 of
1785 1811 42 75 all
1850 1811 56 75 the
1922 1811 123 75 people,
2071 1811 104 75 which
2191 1811 72 75 lafts

1281 1857 51 75 for
1356 1857 65 75 two
1448 1857 38 75 or
1513 1857 91 75 three
1631 1857 110 75 hours,
1767 1857 61 75 and
1845 1857 25 75 is
1889 1857 181 75 performed
2086 1857 78 75 with
2188 1857 75 75 afla-

1279 1904 98 75 gaias,
1403 1904 38 75 or
1465 1904 148 75 javelins,
1640 1904 49 75 till
1706 1904 76 75 they
1800 1904 57 75 fall
1880 1904 94 75 down
1992 1904 88 75 quite
2097 1904 108 75 fpent;
2232 1904 30 75 in

1282 1950 18 75 a
1317 1950 82 75 little
1416 1950 88 75 time,
1533 1950 161 75 however,
1720 1950 78 75 they
1825 1950 131 75 recover
1971 1950 83 75 their
2070 1950 116 75 fpirits,
2210 1950 54 75 get

1282 1996 53 75 up,
1361 1996 59 75 and
1439 1996 83 75 walk
1538 1996 101 75 away.

1235 2044 214 75 BUNGAY,
1476 2044 18 75 a
1522 2044 226 75 market-town
1776 2044 41 75 of
1836 2044 140 75 Suffolk,
2001 2044 134 75 fituated
2151 2044 40 75 on
2209 2044 54 75 the

1283 2089 82 75 river
1389 2089 185 75 Wavenny,
1601 2089 97 75 about
1725 2089 183 75 thirty-two
1931 2089 90 75 miles
2037 2089 177 75 north-eaft
2230 2089 40 75 of

1281 2134 111 75 Bury:
1419 2134 43 75 E.
1481 2134 66 75 Ion.
1571 2134 36 75 i°
1635 2134 67 75 35',
1727 2134 63 75 and
1807 2134 45 75 N.
1872 2134 58 75 lat.
1951 2134 41 75 52
1992 2116 19 49 0
2032 2134 53 75 35'
2085 2134 11 75 .

1234 2182 185 75 BUNGO,
1445 2182 37 75 or
1498 2182 153 75 Bongo.
1702 2182 61 75 See
1780 2182 152 75 Bongo.

1234 2229 192 75 BUNIAS,
1452 2229 31 75 in
1510 2229 131 75 botany,
1667 2229 18 75 a
1708 2229 99 75 genus
1824 2229 40 75 of
1887 2229 54 75 the
1958 2229 228 75 tetradynamia
2203 2229 59 75 fili-

1282 2273 97 75 quofa
1406 2273 90 75 clafs.
1555 2273 76 75 The
1658 2273 65 75 pod
1749 2273 27 75 is
1804 2273 186 75 deciduous,
2015 2273 248 75 quadrangular,

1281 2320 62 75 and
1371 2320 54 75 the
1453 2320 106 75 angles
1588 2320 52 75 are
1667 2320 137 75 Unequal
1833 2320 61 75 and
1922 2320 167 75 terminate
2116 2320 32 75 in
2174 2320 90 75 (harp

1281 2366 119 75 points.
1448 2366 112 75 There
1577 2366 53 75 are
1647 2366 73 75 four
1736 2366 129 75 fpecies,
1891 2366 76 75 only
1994 2366 60 75 one
2081 2366 41 75 of
2144 2366 117 75 which,

1282 2412 65 75 viz.
1373 2412 56 75 the
1456 2412 114 75 cakile,
1596 2412 37 75 of
1648 2412 191 75 fea-rocket,
1864 2412 27 75 is
1920 2412 17 75 a
1954 2412 103 75 native
2075 2412 40 75 of
2125 2412 137 75 Britain.

1235 2461 216 75 BUNDLE,
1477 2461 18 75 a
1511 2461 164 75 colledtion
1691 2461 40 75 of
1754 2461 106 75 things
1878 2461 148 75 wrapped
2042 2461 42 75 up
2099 2461 162 75 together.

1282 2506 51 75 Of
1356 2506 204 75 bafte-ropes,
1594 2506 257 75 harnefs-plates,
1885 2506 61 75 and
1973 2506 138 75 glover’s
2138 2506 123 75 knives,

1281 2551 53 75 ten
1351 2551 91 75 make
1454 2551 18 75 a
1488 2551 118 75 bundle
1618 2551 9 75 ;
1655 2551 39 75 of
1705 2551 156 75 Hamburg
1876 2551 90 75 yarn,
1993 2551 121 75 twenty
2129 2551 107 75 flceans
2249 2551 10 75 ;

1281 2600 39 75 of
1331 2600 211 75 bafket-rods,
1568 2600 90 75 three
1675 2600 65 75 feet
1761 2600 96 75 about
1882 2600 55 75 the
1953 2600 97 75 band.

1233 2645 210 75 BUNIUM,
1468 2645 31 75 in
1528 2645 130 75 botany,
1686 2645 17 75 a
1719 2645 98 75 genus
1835 2645 39 75 of
1896 2645 55 75 the
1967 2645 185 75 pentandria
2169 2645 96 75 digy-'

1281 2690 51 75 nia
1359 2690 91 75 clafs.
1497 2690 75 75 The
1601 2690 120 75 corolla
1747 2690 27 75 is
1801 2690 160 75 uniform;
1987 2690 55 75 the
2069 2690 139 75 umbella
2234 2690 26 75 is

1278 2737 108 75 thick;
1413 2737 63 75 and
1491 2737 54 75 the
1561 2737 79 75 fruit
1667 2737 26 75 is
1718 2737 86 75 oval.
1851 2737 111 75 There
1989 2737 26 75 is
2042 2737 59 75 but
2114 2737 63 75 one
2191 2737 68 75 fpe-

1278 2783 74 75 cies,
1376 2783 65 75 viz.
1475 2783 55 75 the
1557 2783 268 75 bulbocaftanum,
1859 2783 176 75 earth-nut,
2061 2783 197 75 kipper-nut,

1278 2831 138 75 pig-nut,
1441 2831 37 75 or
1494 2831 180 75 hawk-nut,
1700 2831 19 75 a
1734 2831 104 75 native
1855 2831 40 75 of
1912 2831 136 75 Britain.

1231 2877 147 75 BUNK,
1404 2877 38 75 or
1452 2877 175 75 Bunken,
1645 2877 34 75 in
1692 2877 53 75 the
1757 2877 133 75 materia
1900 2877 135 75 medica.
2086 2877 61 75 See
2160 2877 101 75 Leu-

1279 2925 220 75 CACANTHA.

1235 2968 134 75 BUNT
1392 2968 44 75 of
1450 2968 22 75 a
1490 2968 84 75 fail,
1600 2968 56 75 the
1672 2968 119 75 middle
1804 2968 71 75 part
1890 2968 40 75 of
1940 2968 38 75 it,
2004 2968 124 75 formed
2139 2968 122 75 defign-

1277 3015 74 75 edly
1378 3015 68 75 into
1473 3015 19 75 a
1520 3015 61 75 bag
1608 3015 37 75 or
1673 3015 117 75 cavity,
1815 3015 70 75 that
1914 3015 54 75 the
1984 3015 55 75 fail
2060 3015 73 75 may
2146 3015 117 75 gather

1659 3066 19 75 8
1701 3066 42 75 M

2176 3066 89 75 more
