2488 3377
632 144 1107 75 ARCHITECTURE.

168 153 85 75 354

168 204 66 75 lofe
250 204 94 75 much
361 204 41 75 of
413 204 41 75 its
469 204 159 75 beautiful
644 204 206 75 appearance.
897 204 111 75 Thus,
1034 204 32 75 in
1083 204 58 75 the.
1155 204 48 75 in-

170 249 80 75 fides
268 249 40 75 of
327 249 168 75 churches,
519 249 32 75 if
568 249 55 75 the
640 249 144 75 columns
802 249 71 75 that
895 249 130 75 fupport
1043 249 56 75 the
1115 249 90 75 vault

170 296 85 75 were
272 296 111 75 placed
399 296 218 75 immediately
632 296 42 75 on
690 296 56 75 the
761 296 137 75 ground,
925 296 55 75 the
997 296 81 75 feats
1096 296 110 75 would

170 343 76 75 hide
263 343 84 75 their
363 343 101 75 bafes,
490 343 79 75 ancL
579 343 19 75 a
621 343 88 75 good
735 343 71 75 part
818 343 43 75 of
882 343 84 75 their
982 343 97 75 (hafts
1092 343 9 75 ;
1128 343 75 75 and,

171 389 33 75 jn
217 389 55 75 the
284 389 142 75 theatres
438 389 40 75 of
489 389 55 75 the
557 389 154 75 ancients,
729 389 31 75 if
772 389 54 75 the
839 389 143 75 columns
995 389 40 75 of
1047 389 55 75 the
1114 389 91 75 fcene

171 436 65 75 had
255 436 80 75 been
358 436 114 75 placed
498 436 218 75 immediately
744 436 40 75 on
813 436 56 75 the
897 436 96 75 ftage,
1019 436 58 75 the
1102 436 103 75 a<3ors

170 480 110 75 would
295 480 81 75 have
396 480 57 75 hid
470 480 20 75 a
513 480 73 75 part
605 480 41 75 of
672 480 88 75 them
778 480 85 75 from
879 480 57 75 the
952 480 165 75 audience.
1165 480 41 75 In

171 527 133 75 interior
323 527 215 75 decorations,
567 527 19 75 a
609 527 138 75 pedeftal
771 527 180 75 diminilhes
976 527 56 75 the
1055 527 87 75 parts
1171 527 41 75 of

170 575 56 75 the
251 575 107 75 order,
395 575 105 75 which
525 575 169 75 otherwife
722 575 103 75 might
849 575 135 75 perhaps
1009 575 117 75 appear
1150 575 57 75 too

172 621 133 75 clumfy,
331 621 62 75 and
408 621 80 75 hath
500 621 55 75 the
571 621 178 75 advantage
765 621 40 75 of
815 621 126 75 placing
957 621 55 75 the
1029 621 127 75 column
1173 621 32 75 in

171 668 19 75 a
211 668 89 75 more
317 668 186 75 favourable
519 668 94 75 view,
639 668 43 75 by
709 668 113 75 raifing
849 668 42 75 its
916 668 72 75 bafe
1012 668 111 75 nearer
1151 668 55 75 the

170 715 83 75 level
270 715 40 75 of
322 715 54 75 the
392 715 184 75 fpe&ator’s
592 715 71 75 eye.
713 715 39 75 In
769 715 19 75 a
804 715 116 75 fecond
943 715 97 75 order
1055 715 41 75 of
1115 715 89 75 area--

171 761 69 75 des,
266 761 92 75 there
378 761 27 75 is
422 761 42 75 no
488 761 150 75 avoiding
654 761 176 75 pedeftals;
857 761 34 75 as
907 761 137 75 without
1061 761 89 75 them
1177 761 27 75 it

170 808 27 75 is
209 808 173 75 impoflible
398 808 35 75 to
450 808 88 75 gives
555 808 55 75 the
623 808 111 75 arches
751 808 62 75 any
830 808 156 75 tolerable
1002 808 200 75 proportion.

218 854 98 75 With
333 854 115 75 regard
465 854 35 75 to
515 854 56 75 the
588 854 188 75 proportion
793 854 70 75 that
880 854 154 75 pedeftals
1050 854 103 75 ought
1168 854 36 75 to

170 900 77 75 bear
263 900 36 75 to
323 900 72 75 that
421 900 42 75 of
484 900 56 75 the
567 900 144 75 columns
740 900 80 75 they
846 900 144 75 fupport,
1016 900 26 75 it
1058 900 26 75 is
1101 900 44 75 by
1161 900 43 75 no

169 947 109 75 means
310 947 102 75 fixed.
472 947 90 75 Both
598 947 57 75 the
683 947 142 75 ancients
853 947 63 75 and
943 947 150 75 moderns
1125 947 80 75 vary

169 993 126 75 greatly
311 993 41 75 on
369 993 64 75 this
449 993 96 75 head.
593 993 170 75 Vignola’s
779 993 202 75 proportions
994 993 53 75 are
1059 993 144 75 general-

168 1040 36 75 ly
219 1040 160 75 reckoned
396 1040 54 75 the
461 1040 79 75 beft.
588 1040 55 75 He
659 1040 109 75 makes
784 1040 50 75 his
851 1040 167 75 pedeftals,
1043 1040 33 75 in
1093 1040 42 75 all
1148 1040 57 75 the

170 1087 125 75 orders,
320 1087 41 75 of
380 1087 55 75 the
455 1087 84 75 fame
554 1087 127 75 height,
705 1087 69 75 viz.
800 1087 61 75 one
888 1087 89 75 third
1003 1087 41 75 of
1064 1087 56 75 the
1148 1087 55 75 co-

169 1133 87 75 lumn
273 1133 10 75 ;
305 1133 64 75 and
385 1133 34 75 as
442 1133 84 75 their
541 1133 137 75 breadth
695 1133 40 75 of
753 1133 111 75 courfe
880 1133 155 75 increafes
1056 1133 37 75 or
1109 1133 94 75 dimi-

169 1178 101 75 nifties
282 1178 32 75 in
330 1178 56 75 the
396 1178 85 75 fame
496 1178 116 75 degree
629 1178 33 75 as
679 1178 55 75 the
746 1178 169 75 diameters
931 1178 42 75 of
982 1178 84 75 their
1081 1178 123 75 refpec-

168 1226 66 75 tive
262 1226 144 75 columns
433 1226 56 75 do,
514 1226 55 75 the
594 1226 162 75 character
783 1226 41 75 of
846 1226 55 75 the
928 1226 96 75 order
1038 1226 28 75 is
1082 1226 120 75 always

168 1272 181 75 preferved,
378 1272 120 75 which,
523 1272 172 75 according
722 1272 36 75 to
785 1272 62 75 any
874 1272 95 75 other
995 1272 146 75 method,
1175 1272 27 75 is

168 1319 190 75 i.mpoflible.

215 1365 49 75 As
292 1365 36 75 to
355 1365 55 75 the
437 1365 149 75 divifions
614 1365 41 75 of
681 1365 58 75 the
766 1365 161 75 pedeftal;
960 1365 32 75 if
1014 1365 55 75 the
1096 1365 107 75 whole

166 1411 115 75 height
297 1411 39 75 be
352 1411 132 75 divided
507 1411 69 75 into
600 1411 72 75 nine
695 1411 101 75 parts,
821 1411 61 75 one
908 1411 40 75 of
966 1411 88 75 them
1072 1411 73 75 may
1162 1411 41 75 be

166 1458 94 75 given
276 1458 36 75 to
329 1458 54 75 the
400 1458 114 75 height
534 1458 41 75 of
586 1458 56 75 the
659 1458 140 75 cornice,
824 1458 65 75 two
906 1458 37 75 to
958 1458 56 75 the
1031 1458 83 75 bafe,
1139 1458 63 75 and

168 1505 55 75 the
240 1505 48 75 fix
311 1505 173 75 remaining
501 1505 34 75 to
552 1505 56 75 the
624 1505 77 75 dye.
749 1505 77 75 The
842 1505 136 75 breadth
1003 1505 41 75 of
1066 1505 57 75 the
1138 1505 64 75 dye

166 1551 26 75 is
210 1551 117 75 always
344 1551 92 75 made
452 1551 95 75 equal
563 1551 35 75 to
610 1551 70 75 that
696 1551 42 75 of
749 1551 55 75 the
820 1551 103 75 plinth
937 1551 40 75 of
985 1551 56 75 the
1057 1551 144 75 column.

166 1597 77 75 The
260 1597 175 75 projeftion
450 1597 41 75 pf
502 1597 55 75 the
577 1597 129 75 cornice
722 1597 74 75 may
812 1597 40 75 be
875 1597 93 75 made
985 1597 94 75 equal
1107 1597 36 75 to
1158 1597 43 75 its

166 1643 137 75 height;
330 1643 62 75 and
409 1643 56 75 the
476 1643 72 75 bafe
560 1643 95 75 being
671 1643 131 75 divided
818 1643 69 75 into
910 1643 91 75 three
1018 1643 99 75 parts,
1135 1643 67 75 two

166 1691 41 75 of
218 1691 89 75 them
322 1691 67 75 will
405 1691 40 75 be
465 1691 52 75 for
533 1691 55 75 the
599 1691 112 75 height
728 1691 40 75 of
780 1691 56 75 the
847 1691 121 75 plinth,
989 1691 64 75 and
1072 1691 60 75 one
1150 1691 53 75 for

166 1736 57 75 the
240 1736 194 75 mouldings,
458 1736 107 75 whofe
589 1736 175 75 projection
783 1736 80 75 muft
887 1736 40 75 be
951 1736 60 75 lefs
1036 1736 77 75 than
1131 1736 72 75 that

167 1784 40 75 of
218 1784 55 75 the
297 1784 139 75 cornice.
484 1784 111 75 Thefe
622 1784 158 75 meafures
797 1784 54 75 are
870 1784 147 75 common
1034 1784 37 75 to
1085 1784 44 75 all
1145 1784 56 75 pe-

166 1831 130 75 deftals.
346 1831 64 75 See
426 1831 93 75 Plate
538 1831 118 75 XXX.

239 1934 74 75 OF
352 1934 65 75 IN
430 1934 36 75 T
478 1934 30 75 E
521 1934 607 75 RCOLUMNIATIONS.

215 2012 187 75 Columns
432 2012 54 75 are
517 2012 104 75 either
648 2012 156 75 engaged,
842 2012 38 75 or
903 2012 178 75 infulated;
1123 2012 77 75 and,

166 2058 94 75 when
284 2058 169 75 infulated,
479 2058 54 75 are
549 2058 104 75 either
669 2058 78 75 very
766 2058 77 75 near
865 2058 57 75 the
946 2058 86 75 wall,
1058 2058 39 75 or
1123 2058 34 75 at
1180 2058 21 75 a

166 2106 214 75 confiderable
406 2106 138 75 diftance
570 2106 84 75 from
681 2106 40 75 it.
780 2106 158 75 Engaged
969 2106 157 75 columns,
1161 2106 40 75 or

166 2151 77 75 fuch
260 2151 36 75 as
311 2151 53 75 are
380 2151 76 75 near
471 2151 57 75 the
543 2151 90 75 walls
651 2151 37 75 of
712 2151 24 75 a
746 2151 157 75 building,
933 2151 53 75 are
1003 2151 55 75 not
1075 2151 125 75 limited

166 2198 34 75 in
230 2198 85 75 their
346 2198 340 75 intercolumniations,
720 2198 39 75 as
791 2198 89 75 thefe
913 2198 126 75 depend
1070 2198 41 75 on
1144 2198 55 75 the

166 2245 153 75 breadths
336 2245 40 75 of
393 2245 55 75 the
475 2245 125 75 arches,
624 2245 168 75 windows,
818 2245 121 75 niches,
964 2245 39 75 or
1026 2245 92 75 other
1142 2245 57 75 de-

168 2291 160 75 corations
355 2291 112 75 placed
490 2291 147 75 between
665 2291 55 75 the
748 2291 156 75 columns.
961 2291 68 75 But
1056 2291 144 75 columns

166 2337 72 75 that
255 2337 56 75 are
325 2337 135 75 entirely
481 2337 171 75 detached,
676 2337 65 75 and
755 2337 142 75 perform
920 2337 92 75 alone
1027 2337 56 75 the
1107 2337 94 75 office

166 2385 41 75 of
218 2385 185 75 fupporting
421 2385 54 75 the
491 2385 214 75 entablature,
728 2385 34 75 as
789 2385 33 75 in
851 2385 174 75 periftyles,
1050 2385 154 75 porches,

166 2431 63 75 and
241 2431 161 75 galleries,
426 2431 81 75 muft
523 2431 39 75 be
579 2431 75 75 near
671 2431 78 75 each
766 2431 106 75 other,
890 2431 51 75 for
957 2431 57 75 the
1029 2431 74 75 fake
1119 2431 81 75 both

167 2479 41 75 of
219 2479 68 75 real
301 2479 63 75 and
379 2479 151 75 apparent
545 2479 143 75 folidity.
696 2479 7 75 _

214 2524 76 75 The
312 2524 328 75 intercolumniations
665 2524 116 75 among
805 2524 55 75 die
886 2524 141 75 ancients
1043 2524 84 75 were
1143 2524 57 75 va-

167 2571 100 75 rious.
315 2571 113 75 Thofe
444 2571 77 75 ufed
540 2571 33 75 in
597 2571 55 75 the
682 2571 91 75 Ionic
801 2571 62 75 and
880 2571 192 75 Corinthian
1088 2571 113 75 orders

167 2617 85 75 were
274 2617 56 75 the
347 2617 195 75 pycnoftyle,
567 2617 40 75 of
626 2617 107 75 which
748 2617 56 75 the
820 2617 136 75 interval
972 2617 64 75 was
1053 2617 96 75 equal
1165 2617 35 75 to

168 2664 62 75 one
254 2664 156 75 diameter
433 2664 63 75 and
523 2664 19 75 a
564 2664 73 75 half
656 2664 41 75 of
714 2664 56 75 the
798 2664 150 75 column;
988 2664 60 75 the
1072 2664 126 75 fyftyle,

168 2711 105 75 whofe
290 2711 135 75 interval
446 2711 64 75 was
527 2711 95 75 equal
639 2711 34 75 to
687 2711 69 75 two
771 2711 191 75 diameters;
996 2711 56 75 the
1068 2711 132 75 euftyle,

168 2761 40 75 tp
220 2761 68 75 two
303 2761 63 75 and
390 2761 19 75 a
428 2761 131 75 quarter
573 2761 11 75 ;
621 2761 56 75 the
699 2761 132 75 diaftyle
855 2761 35 75 to
917 2761 106 75 three,
1054 2761 64 75 and
1144 2761 57 75 the

169 2803 161 75 arasoftyle
346 2803 36 75 to
396 2803 86 75 four.
530 2803 40 75 In
590 2803 56 75 the
665 2803 109 75 Doric
788 2803 108 75 order,
920 2803 78 75 they
1014 2803 76 75 ufed
1106 2803 95 75 other

167 2850 342 75 intercolumniations,
541 2850 180 75 regulating
747 2850 89 75 them
863 2850 45 75 by
935 2850 56 75 the
1024 2850 188 75 triglyphs,,

168 2897 61 75 one
245 2897 41 75 of
295 2897 105 75 which
420 2897 66 75 was
501 2897 118 75 always
635 2897 112 75 placed
763 2897 135 75 direCtly
914 2897 77 75 over
1008 2897 55 75 the
1080 2897 120 75 middle

170 2943 40 75 of
222 2943 79 75 each
317 2943 127 75 column
457 2943 10 75 ;
493 2943 35 75 fo
548 2943 69 75 that
634 2943 78 75 they
727 2943 85 75 were
829 2943 102 75 either
942 2943 127 75 fyftyle,
1087 2943 113 75 mono-

168 2989 154 75 triglyph,
347 2989 40 75 of
409 2989 60 75 one
485 2989 155 75 diameter
656 2989 64 75 and
741 2989 20 75 a
775 2989 91 75 half;
899 2989 143 75 diaftyle,
1070 2989 41 75 of
1134 2989 66 75 two

1251 205 171 75 diameters
1440 205 62 75 and
1518 205 91 75 three
1625 205 147 75 quarters
1781 205 11 75 ;
1818 205 39 75 or
1873 205 174 75 araeoftyle,
2073 205 42 75 of
2134 205 73 75 four
2222 205 67 75 dia-

1253 250 116 75 meters
1382 250 9 75 ;
1419 250 64 75 and
1500 250 56 75 the
1571 250 132 75 Tufcan
1726 250 152 75 intervals
1896 250 85 75 were
1997 250 79 75 very
2091 250 97 75 wide,
2205 250 86 75 fome

1253 299 40 75 pf
1312 299 89 75 them
1428 299 96 75 being
1548 299 101 75 above
1672 299 94 75 feven
1794 299 314 75 diameters,'which
2132 299 65 75 was
2214 299 78 75 very

1253 346 202 75 pra&icable,
1481 346 35 75 as
1533 346 57 75 the
1613 346 194 75 architraves
1824 346 84 75 were
1924 346 41 75 of
1976 346 107 75 wood.

1300 390 131 75 Among
1456 390 88 75 thefe
1570 390 151 75 different
1744 390 341 75 intercolumniations,
2127 390 57 75 the
2213 390 77 75 pyc-

1253 436 122 75 noftyle
1392 436 63 75 and
1471 436 114 75 fyftyle
1601 436 54 75 are
1671 436 57 75 too
1744 436 149 75 narrow;
1918 436 52 75 for
1987 436 158 75 although
2160 436 57 75 the
2234 436 55 75 an-

1253 483 99 75 cients
1376 483 92 75 ma^e
1484 483 151 75 frequent
1650 483 55 75 ufe
1720 483 42 75 of
1772 483 101 75 them,
1899 483 72 75 that
1995 483 102 75 ought
2120 483 110 75 rather
2254 483 37 75 to

1252 529 39 75 be
1307 529 143 75 aferibed
1467 529 36 75 to
1526 529 146 75 neceffity
1688 529 78 75 than
1783 529 123 75 choice.
1955 529 79 75 For,
2059 529 35 75 as
2111 529 56 75 the
2185 529 104 75 archi-

1254 578 103 75 iraves
1375 578 84 75 were
1476 578 170 75 compofed
1675 578 40 75 of
1737 578 96 75 Angle
1860 578 116 75 ftones,
2001 578 177 75 extending
2205 578 84 75 from

1255 622 54 75 the
1325 622 120 75 middle
1462 622 41 75 of
1513 622 61 75 pne
1592 622 129 75 column
1737 622 35 75 to
1801 622 57 75 the
1878 622 122 75 middle
2028 622 40 75 of
2090 622 146 75 another,
2262 622 28 75 it

1253 670 108 75 would
1377 670 82 75 have
1477 670 81 75 been
1574 670 149 75 difficult,
1749 670 170 75 efpecially
1940 670 33 75 in
2001 670 89 75 large
2113 670 176 75 buildings,

1252 715 36 75 to
1304 715 65 75 find
1386 715 112 75 blocks
1515 715 42 75 of
1567 715 19 75 a
1601 715 156 75 fufficient
1775 715 112 75 length
1903 715 53 75 for
1972 715 133 75 diaftyle
2121 715 166 75 intervals.

1254 762 98 75 With
1371 762 115 75 regard
1503 762 38 75 to
1555 762 56 75 the
1623 762 163 75 arasoftyle
1803 762 65 75 and
1880 762 130 75 Tufcan
2027 762 261 75 intercolumnia-

1251 809 96 75 tions,
1376 809 78 75 they
1466 809 56 75 are
1539 809 43 75 by
1599 809 96 75 much
1713 809 57 75 too
1787 809 96 75 wide,
1909 809 63 75 and
1986 809 59 75 can
2061 809 79 75 only
2156 809 40 75 be
2211 809 79 75 ufed

1250 854 33 75 in
1299 854 94 75 ruftic
1410 854 173 75 buildings,
1609 854 108 75 where
1740 854 56 75 the
1813 854 197 75 architraves
2033 854 54 75 are
2109 854 40 75 of
2168 854 119 75 wood;

1251 902 125 75 neither
1391 902 27 75 is
1436 902 54 75 the
1506 902 132 75 diaftyle
1655 902 189 75 fufljciently
1859 902 84 75 foiid
1968 902 34 75 in
2028 902 90 75 large
2134 902 154 75 compofi-

1251 948 97 75 tions.
1396 948 77 75 The
1490 948 119 75 euftyle
1624 948 27 75 is
1665 948 17 75 a
1693 948 140 75 medium
1849 948 145 75 between
2009 948 55 75 the
2081 948 127 75 narrow
2224 948 64 75 and

1251 994 101 75 broad
1368 994 176 75 intervals;
1568 994 75 75 and,
1668 994 95 75 being
1779 994 34 75 at
1829 994 56 75 the
1909 994 84 75 fame
2020 994 78 75 time
2120 994 80 75 both
2215 994 73 75 fpa-

1250 1041 88 75 cious
1354 1041 62 75 and
1433 1041 93 75 foiid,
1550 1041 81 75 hath
1646 1041 82 75 been
1751 1041 165 75 preferred
1938 1041 36 75 to
1997 1041 62 75 any
2082 1041 41 75 of
2144 1041 56 75 the
2225 1041 62 75 reft

1251 1087 44 75 by
1311 1087 55 75 the
1382 1087 142 75 ancients
1539 1087 34 75 as
1594 1087 75 75 well
1685 1087 34 75 as
1736 1087 55 75 the
1808 1087 164 75 moderns.

1298 1135 141 75 Vignola
1455 1135 157 75 obferved
1626 1135 111 75 nearly
1752 1135 56 75 the
1825 1135 83 75 fame
1928 1135 188 75 proportion
2131 1135 33 75 in
2180 1135 43 75 all
2235 1135 53 75 his

1250 1182 349 75 intercolumniations;
1632 1182 106 75 which
1763 1182 149 75 practice,
1940 1182 122 75 though
2088 1182 200 75 condemned

1250 1227 44 75 by
1309 1227 118 75 feveral
1445 1227 137 75 writers,
1607 1227 28 75 is
1658 1227 158 75 certainly
1839 1227 180 75 preferable
2034 1227 36 75 to
2086 1227 62 75 any
2164 1227 94 75 other
2272 1227 11 75 ;

1248 1271 34 75 as
1298 1271 25 75 it
1340 1271 160 75 preftrves
1517 1271 55 75 the
1589 1271 76 75 char
1667 1271 83 75 after
1766 1271 40 75 of
1818 1271 78 75 each
1913 1271 107 75 order,
2038 1271 64 75 and
2117 1271 169 75 maintains

1249 1317 32 75 in
1297 1317 42 75 all
1357 1317 41 75 of
1409 1317 88 75 them
1513 1317 39 75 an
1569 1317 95 75 eqpal
1681 1317 118 75 degree
1815 1317 41 75 of
1875 1317 66 75 real
1961 1317 141 75 folidity.
2154 1317 130 75 Setting

1248 1365 82 75 afide
1346 1365 163 75 therefore
1525 1365 55 75 the
1598 1365 184 75 pycnoftyle
1798 1365 64 75 and
1885 1365 115 75 fyftyle
2020 1365 199 75 difpofitions
2242 1365 43 75 on

1249 1412 134 75 account
1399 1412 41 75 of
1452 1412 84 75 their
1551 1412 88 75 want
1655 1412 40 75 of
1714 1412 106 75 fpace,
1844 1412 63 75 and
1922 1412 56 75 the
1995 1412 163 75 arseoftyle
2174 1412 52 75 for
2242 1412 43 75 its

1248 1459 175 75 deficiency
1439 1459 31 75 in
1483 1459 90 75 point
1584 1459 41 75 of
1639 1459 155 75 ftrength,
1819 1459 26 75 it
1858 1459 73 75 may
1942 1459 41 75 be
1999 1459 197 75 eftablilhed,
2213 1459 73 75 that

1249 1505 54 75 the
1320 1505 133 75 diaftyle
1470 1505 62 75 and
1548 1505 119 75 euftyle
1683 1505 344 75 intercolumniations,
2051 1505 74 75 (the
2141 1505 96 75 latter
2249 1505 41 75 of

1248 1551 120 75 which,
1393 1551 41 75 on
1447 1551 80 75 moft
1538 1551 173 75 occafions,
1732 1551 101 75 ought
1845 1551 35 75 to
1896 1551 82 75 have
1994 1551 56 75 the
2066 1551 217 75 preference),

1248 1597 73 75 may
1333 1597 41 75 be
1390 1597 171 75 employed
1575 1597 34 75 in
1621 1597 42 75 all
1675 1597 56 75 the
1743 1597 112 75 orders
1867 1597 139 75 without
2017 1597 190 75 diftinftion,
2225 1597 58 75 ex-

1248 1643 128 75 cepting
1392 1643 56 75 the
1465 1643 104 75 Doric
1581 1643 10 75 ;
1617 1643 33 75 in
1667 1643 111 75 whiclt
1790 1643 55 75 the
1861 1643 80 75 moft
1963 1643 120 75 perfeft
2103 1643 134 75 interval
2255 1643 28 75 is

1249 1690 197 75 ditriglyph;
1472 1690 126 75 neither
1609 1690 56 75 the
1682 1690 253 75 monotriglyph,
1960 1690 59 75 nor
2035 1690 56 75 the
2107 1690 176 75 arseoftyle,

1250 1736 94 75 being
1361 1736 35 75 to
1413 1736 39 75 be
1468 1736 140 75 fuffered
1624 1736 57 75 but
1698 1736 33 75 in
1747 1736 85 75 cafes
1853 1736 39 75 of
1904 1736 158 75 neceflity.

1298 1783 207 75 Sometimes,
1523 1783 42 75 on
1581 1783 136 75 account
1728 1783 40 75 of
1779 1783 58 75 the
1847 1783 167 75 windows,
2032 1783 111 75 doors,
2158 1783 125 75 niches,

1249 1829 64 75 and
1328 1829 93 75 other
1438 1829 215 75 decorations,
1678 1829 105 75 which
1808 1829 193 75 correfpond
2016 1829 79 75 with
2112 1829 56 75 the
2183 1829 101 75 inter*

1249 1876 244 75 columniations
1510 1876 41 75 of
1561 1876 57 75 the
1634 1876 160 75 periftyle,
1812 1876 39 75 or
1866 1876 136 75 gallery,
2026 1876 27 75 it
2068 1876 27 75 is
2119 1876 57 75 not
2192 1876 91 75 polfi-

1248 1921 52 75 ble
1317 1921 36 75 to
1368 1921 92 75 make
1477 1921 56 75 the
1557 1921 153 75 intervals
1733 1921 35 75 fo
1791 1921 126 75 narrow
1941 1921 34 75 as
1991 1921 132 75 euftyle,
2149 1921 37 75 or
2203 1921 82 75 even

1247 1967 34 75 as
1293 1967 131 75 diaftyle
1436 1967 8 75 :
1472 1967 197 75 Wherefore
1685 1967 55 75 the
1758 1967 162 75 moderns,
1938 1967 183 75 authorifed
2136 1967 44 75 by
2195 1967 90 75 fome

1247 2013 64 75 few
1326 2013 163 75 examples
1508 2013 40 75 of
1568 2013 55 75 the
1651 2013 154 75 ancients,
1830 2013 109 75 where
1968 2013 142 75 grouped
2137 2013 146 75 columns

1247 2059 53 75 are
1317 2059 181 75 employed,
1516 2059 81 75 have
1609 2059 152 75 invented
1775 2059 20 75 a
1811 2059 129 75 manner
1958 2059 39 75 of
2009 2059 156 75 difpofing
2178 2059 102 75 them,

1246 2106 103 75 called
1360 2106 43 75 by
1420 2106 148 75 Perrault
1583 2106 172 75 araojiyle,
1779 2106 106 75 which
1899 2106 116 75 admits
2032 2106 40 75 of
2082 2106 19 75 a
2115 2106 106 75 larger
2232 2106 49 75 in-

1246 2152 118 75 terval,
1387 2152 138 75 without
1542 2152 62 75 any
1620 2152 174 75 detriment
1809 2152 36 75 to
1862 2152 55 75 the
1934 2152 151 75 apparent
2101 2152 129 75 folidity
2246 2152 41 75 of

1245 2199 57 75 the
1324 2199 158 75 building,
1530 2199 87 75 This
1633 2199 80 75 kind
1729 2199 40 75 of
1788 2199 184 75 dilpofition
1994 2199 27 75 is
2045 2199 173 75 compofed
2245 2199 43 75 of

1246 2246 66 75 two
1335 2246 113 75 fyftyle
1473 2246 351 75 intercolumniations;
1857 2246 57 75 the
1941 2246 130 75 column
2097 2246 70 75 that
2192 2246 92 75 fepa-

1245 2293 84 75 rates
1352 2293 90 75 them
1457 2293 96 75 being
1569 2293 203 75 approached
1786 2293 141 75 towards
1942 2293 62 75 one
2019 2293 42 75 of
2071 2293 89 75 thofe
2176 2293 33 75 at
2225 2293 57 75 the

1247 2339 212 75 extremities,
1476 2339 155 75 fufficient
1650 2339 94 75 room
1758 2339 77 75 only
1849 2339 95 75 being
1960 2339 60 75 left
2037 2339 145 75 between
2192 2339 93 75 them

1247 2386 52 75 for
1315 2386 56 75 the
1387 2386 175 75 projeftion
1580 2386 40 75 of
1631 2386 56 75 the
1699 2386 152 75 capitals;
1878 2386 35 75 fo
1929 2386 70 75 that
2012 2386 56 75 the
2083 2386 90 75 great
2189 2386 92 75 fpace

1247 2433 27 75 is
1287 2433 90 75 three
1394 2433 171 75 diameters
1578 2433 62 75 and
1656 2433 19 75 a
1690 2433 75 75 half
1775 2433 97 75 wide,
1897 2433 65 75 and
1971 2433 56 75 the
2042 2433 85 75 little
2139 2433 60 75 one
2210 2433 76 75 half

1248 2480 20 75 a
1281 2480 169 75 diameter.

1295 2525 37 75 In
1355 2525 174 75 periftyks,
1554 2525 160 75 galleries,
1739 2525 39 75 or
1802 2525 156 75 porticos,
1992 2525 42 75 all
2058 2525 56 75 the
2141 2525 139 75 interco-

1246 2570 206 75 lumniations
1467 2570 80 75 muft
1559 2570 39 75 be
1614 2570 115 75 equal:
1756 2570 73 75 But
1840 2570 35 75 in
1886 2570 22 75 a
1918 2570 113 75 logic,,
2040 2570 37 75 or
2093 2570 112 75 porch,
2223 2570 58 75 the

1247 2618 120 75 middle
1382 2618 134 75 interval
1532 2618 75 75 may
1630 2618 39 75 be
1692 2618 137 75 broader
1854 2618 77 75 than
1960 2618 55 75 the
2043 2618 121 75 others,
2190 2618 44 75 by
2261 2618 20 75 a

1246 2663 142 75 triglyph
1413 2663 37 75 or
1475 2663 167 75 modilion,
1667 2663 38 75 or
1728 2663 93 75 three
1848 2663 38 75 or
1911 2663 75 75 four
2008 2663 142 75 dentils;
2177 2663 103 75 unlefs

1246 2710 55 75 the
1317 2710 143 75 columns
1476 2710 34 75 at
1526 2710 55 75 the
1600 2710 109 75 angles
1733 2710 41 75 be
1795 2710 149 75 coupled,
1970 2710 38 75 or
2032 2710 145 75 grouped
2201 2710 80 75 with

1247 2757 161 75 pilafters;
1427 2757 32 75 in
1476 2757 105 75 which
1597 2757 82 75 cafe,
1697 2757 43 75 all
1756 2757 56 75 the
1823 2757 152 75 intervals
1990 2757 112 75 fhould
2119 2757 42 75 be
2173 2757 41 75 of
2224 2757 56 75 the

1247 2804 83 75 fame
1346 2804 205 75 dimenfions.

1295 2849 111 75 When
1429 2849 163 75 buildings
1617 2849 54 75 are
1696 2849 78 75 very
1800 2849 103 75 fmalfi
1930 2849 33 75 as
1980 2849 30 75 is
2024 2849 185 75 frequently
2224 2849 57 75 the

1248 2896 67 75 cafe
1332 2896 32 75 in
1381 2896 134 75 temples
1528 2896 62 75 and
1601 2896 93 75 other
1709 2896 179 75 inventions
1900 2896 77 75 ufed
1992 2896 52 75 for
2060 2896 221 75 ornamenting

1246 2941 150 75 gardens,
1421 2941 55 75 the
1493 2941 329 75 intercolumniations
1838 2941 74 75 may
1928 2941 40 75 be
1984 2941 148 75 broader,
2158 2941 32 75 in
2206 2941 76 75 pro-

1245 2989 128 75 portion
1391 2989 35 75 to
1442 2989 56 75 the
1514 2989 155 75 diameter
1685 2989 42 75 of
1737 2989 55 75 the
1809 2989 157 75 columns,
1996 2989 77 75 than
2089 2989 109 75 ufual;
2224 2989 57 75 be.-

2176 3029 103 75 caufe.
