2493 3387
718 123 489 75 ASTRO

147 200 91 75 mean
257 200 87 75 ftate,
371 200 27 75 is
416 200 18 75 a
454 200 102 75 365th
574 200 71 75 part
661 200 40 75 of
717 200 18 75 a
752 200 107 75 circle.
911 200 124 75 Hence,
1065 200 32 75 in
1117 200 64 75 365

150 247 80 75 days
260 247 53 75 the
341 247 89 75 earth
461 247 88 75 turns
580 247 67 75 366
676 247 91 75 times
798 247 100 75 round
922 247 41 75 its
992 247 92 75 axis;
1121 247 62 75 and

149 291 174 75 therefore,
350 291 32 75 as
403 291 18 75 a
447 291 74 75 turn
546 291 39 75 of
608 291 55 75 the
687 291 91 75 earth
800 291 39 75 on
858 291 41 75 its
917 291 73 75 axis
1008 291 173 75 completes

149 339 19 75 a
189 339 139 75 fydereal
353 339 75 75 day,
454 339 90 75 there
562 339 78 75 mull;
657 339 38 75 be
711 339 61 75 one
788 339 141 75 fydereal
954 339 63 75 day
1033 339 88 75 more
1149 339 31 75 in

150 384 18 75 £
186 384 74 75 year
276 384 77 75 than
377 384 55 75 the
457 384 132 75 number
617 384 40 75 of
677 384 81 75 folar
786 384 90 75 days,
902 384 38 75 be
968 384 54 75 tire
1048 384 132 75 number

150 431 86 75 \vhat
253 431 24 75 it
294 431 78 75 will,
398 431 41 75 on
457 431 54 75 the
534 431 103 75 earth,
664 431 36 75 or
729 431 61 75 any
818 431 93 75 other
940 431 50 75 pH
994 431 50 75 nut
1107 431 74 75 One

149 478 74 75 turn
241 478 94 75 being
351 478 57 75 loft
434 478 76 75 with
533 478 118 75 reipedl
671 478 35 75 to
723 478 54 75 the
804 478 131 75 number
952 478 39 75 of
1004 478 80 75 iolar
1101 478 78 75 days

149 525 32 75 in
207 525 17 75 a
241 525 88 75 year,
354 525 43 75 by
413 525 56 75 the
491 525 123 75 planets
639 525 97 75 going
765 525 100 75 round
883 525 53 75 the
961 525 54 75 fun
1031 525 10 75 ;
1064 525 63 75 juft
1146 525 33 75 as

149 570 26 75 it
196 570 108 75 would
320 570 39 75 be
370 570 59 75 loft
446 570 34 75 to
499 570 18 75 a
536 570 162 75 traveller,
726 570 85 75 who,
835 570 31 75 in
884 570 96 75 going
1006 570 101 75 round
1124 570 55 75 the

151 617 106 75 earth,
295 617 109 75 would
431 617 64 75 lofe
527 617 61 75 one
612 617 63 75 day
700 617 43 75 by
763 617 165 75 following
951 617 55 75 the
1031 617 150 75 apparent

148 663 126 75 diurnal
302 663 121 75 motion
451 663 40 75 of
515 663 55 75 the
596 663 85 75 fun;
724 663 62 75 and
814 663 226 75 coofe<]uently
1073 663 107 75 would

150 709 118 75 reckon
294 709 61 75 one
379 709 62 75 day
465 709 60 75 lefs
553 709 32 75 at
609 709 48 75 his
686 709 108 75 return
824 709 60 75 (let
912 709 65 75 him
1002 709 74 75 take
1093 709 87 75 what

149 756 79 75 time
246 756 40 75 he
304 756 107 75 would
435 756 34 75 to
489 756 41 75 go
553 756 101 75 round
672 756 55 75 the
754 756 106 75 earth)
888 756 75 75 than
989 756 89 75 thofe
1107 756 73 75 who

151 802 162 75 remained
329 802 42 75 all
388 802 55 75 the
462 802 92 75 while
571 802 32 75 at
632 802 54 75 the
711 802 87 75 place
817 802 83 75 from
919 802 104 75 which
1041 802 76 75 they
1134 802 48 75 fet

149 848 69 75 out.
271 848 56 75 So,
353 848 29 75 if
403 848 90 75 there
521 848 82 75 were
631 848 64 75 two
720 848 107 75 earths
853 848 163 75 revolving
1041 848 139 75 equably

150 895 40 75 on
208 895 84 75 their
308 895 89 75 axes,
424 895 62 75 and
510 895 30 75 if
555 895 61 75 one
640 895 161 75 remained
818 895 30 75 at
918 895 79 75 until
1016 895 53 75 the
1086 895 94 75 other

150 941 157 75 travelled
324 941 103 75 round
456 941 54 75 the
533 941 56 75 fun
613 941 83 75 from
718 941 32 75 /I
769 941 34 75 to
821 941 35 75 A
870 941 201 75 again,_//;«/
1089 941 91 75 earth

149 987 105 75 which
272 987 76 75 kept
365 987 41 75 its
424 987 88 75 place
525 987 33 75 at
580 987 36 75 A
631 987 107 75 would
755 987 81 75 have
852 987 42 75 its
912 987 82 75 iolar
1011 987 61 75 and
1088 987 92 75 fyde-

149 1034 57 75 rial
219 1034 78 75 days
314 1034 117 75 always
449 1034 40 75 of
508 1034 55 75 the
580 1034 82 75 fame
679 1034 111 75 length
802 1034 10 75 ;
836 1034 63 75 and
919 1034 33 75 fo
969 1034 108 75 would
1099 1034 80 75 have

151 1080 60 75 one
228 1080 82 75 folar
322 1080 64 75 day
398 1080 88 75 more
504 1080 76 75 than
597 1080 54 75 the
668 1080 92 75 other
778 1080 32 75 at
826 1080 41 75 its
886 1080 121 75 return.
1056 1080 124 75 Hence,

148 1126 32 75 if
203 1126 56 75 the
275 1126 92 75 earth
384 1126 114 75 turned
523 1126 56 75 but
607 1126 79 75 once
713 1126 103 75 round
837 1126 40 75 its
901 1126 70 75 axis
995 1126 31 75 in
1046 1126 18 75 a
1094 1126 86 75 year,

150 1172 64 75 and
230 1172 30 75 if
274 1172 72 75 that
370 1172 74 75 turn
462 1172 64 75 was
553 1172 92 75 made
671 1172 54 75 the
747 1172 82 75 fame
850 1172 72 75 way
945 1172 33 75 as
1007 1172 54 75 the
1089 1172 92 75 earth

150 1219 76 75 goes
244 1219 106 75 round,
369 1219 56 75 the
453 1219 68 75 fun,
548 1219 90 75 there
667 1219 108 75 would
801 1219 41 75 be
871 1219 160 75 continual
1060 1219 63 75 day
1140 1219 41 75 on

150 1268 65 75 one:
226 1268 63 75 fide
308 1268 39 75 of
359 1268 55 75 the
437 1268 102 75 earth,
567 1268 61 75 and
646 1268 160 75 continual
823 1268 93 75 night
932 1268 42 75 on
989 1268 59 75 the
1063 1268 107 75 other.

223 1401 138 75 Chap.
392 1401 70 75 XI.
522 1401 65 75 Of
607 1401 65 75 the
701 1401 195 75 Equation
924 1401 47 75 of
989 1401 115 75 Time.

197 1498 86 75 The
310 1498 119 75 earth’s
454 1498 121 75 motion
600 1498 41 75 on
669 1498 41 75 its
735 1498 69 75 axis
828 1498 93 75 being
944 1498 154 75 perfedtly
1114 1498 68 75 uni-

151 1544 96 75 form,
274 1544 62 75 and
352 1544 94 75 equal
464 1544 32 75 at
524 1544 42 75 all
592 1544 91 75 times
708 1544 39 75 of
770 1544 55 75 the
850 1544 87 75 year,
963 1544 55 75 the
1030 1544 153 75 -fydereal

151 1591 78 75 days
247 1591 53 75 are
322 1591 119 75 always
466 1591 152 75 precifely
647 1591 39 75 of
708 1591 38 75 an
774 1591 94 75 equal
893 1591 131 75 length;
1060 1591 61 75 and
1148 1591 37 75 io

150 1637 108 75 would
275 1637 55 75 the
347 1637 81 75 fclar
452 1637 37 75 or
509 1637 124 75 natural
656 1637 78 75 days
758 1637 52 75 be,
836 1637 30 75 if
877 1637 55 75 the
961 1637 117 75 earth’s
1096 1637 88 75 orbit

151 1684 85 75 were
252 1684 20 75 a
287 1684 119 75 perfedt
431 1684 107 75 circle,
565 1684 61 75 and
654 1684 41 75 its
720 1684 70 75 axis
815 1684 248 75 perpendicular-
1077 1684 34 75 to
1140 1684 42 75 its

152 1729 100 75 orbit.
302 1729 67 75 But
401 1729 56 75 the
488 1729 119 75 earth’s
639 1729 133 75 diurnal
792 1729 122 75 motion
947 1729 41 75 on
1016 1729 39 75 an
1091 1729 90 75 incli-

152 1776 62 75 Bed
231 1776 82 75 axis,
339 1776 62 75 and
432 1776 41 75 its
507 1776 113 75 annual
648 1776 121 75 motion
802 1776 31 75 in
866 1776 38 75 an
933 1776 120 75 elliptic
1084 1776 98 75 orbit;

153 1823 89 75 eaufe
274 1823 55 75 the
350 1823 71 75 funs
446 1823 151 75 apparent
629 1823 121 75 motion
781 1823 31 75 in
838 1823 54 75 the
920 1823 136 75 heavens
1081 1823 34 75 to
1143 1823 41 75 be

152 1869 162 75 unequal:
342 1869 65 75 For
422 1869 178 75 fometimes
617 1869 42 75 he
675 1869 142 75 revolves
845 1869 84 75 from
957 1869 56 75 the
1029 1869 153 75 meridian

152 1916 35 75 to
204 1916 55 75 the
277 1916 152 75 meridian
447 1916 89 75 again
566 1916 32 75 in
626 1916 173 75 fomewhat
821 1916 59 75 lefs
903 1916 77 75 than
1010 1916 43 75 24
1070 1916 112 75 hours,

152 1961 102 75 fhewn
279 1961 42 75 by
336 1961 19 75 a
372 1961 256 75 well-regulated
643 1961 92 75 clock
749 1961 10 75 ;
787 1961 62 75 and
873 1961 32 75 at
926 1961 94 75 other
1036 1961 93 75 times
1149 1961 32 75 in

152 2008 173 75 fomewhat
343 2008 111 75 more:
483 2008 45 75 So
557 2008 69 75 that
652 2008 54 75 the
730 2008 76 75 time
835 2008 103 75 fhewn
955 2008 43 75 by
1026 2008 39 75 an
1088 2008 93 75 equal

152 2054 97 75 going
265 2054 91 75 clock
374 2054 62 75 and
456 2054 18 75 a
490 2054 71 75 true
577 2054 135 75 fun-dial
731 2054 25 75 is
777 2054 97 75 never
896 2054 55 75 the
967 2054 83 75 fame
1067 2054 56 75 but
1140 2054 41 75 on

154 2101 55 75 the
233 2101 8 75 1
256 2101 52 75 rth
322 2101 154 75 of’April,
494 2101 54 75 the
570 2101 77 75 16th
666 2101 39 75 of
717 2101 97 75 June,
831 2101 55 75 the
909 2101 68 75 31ft
993 2101 40 75 of
1045 2101 153 75 Auguft,.

154 2146 63 75 and
232 2146 55 75 the
305 2146 82 75 24th
405 2146 38 75 of
455 2146 194 75 December.
681 2146 76 75 The
769 2146 106 75 clock,
900 2146 31 75 if
935 2146 31 75 -it
983 2146 75 75 goes
1072 2146 109 75 equal-

152 2192 35 75 ly
204 2192 61 75 and
293 2192 71 75 true
381 2192 42 75 all
441 2192 54 75 the
524 2192 75 75 year
626 2192 114 75 round,
767 2192 64 75 will
855 2192 39 75 be
922 2192 189 75 before.the
1127 2192 55 75 fun

152 2239 84 75 from
255 2239 53 75 the
326 2239 83 75 24th
427 2239 39 75 of
477 2239 182 75 December
674 2239 51 75 till
742 2239 54 75 the
818 2239 77 75 15th
913 2239 39 75 of
966 2239 114 75 April;
1098 2239 85 75 from

151 2284 71 75 that
242 2284 74 75 time
333 2284 49 75 till
397 2284 56 75 the
475 2284 77 75 16th
570 2284 45 75 of
621 2284 83 75 June
717 2284 54 75 the
787 2284 57 75 fun
861 2284 68 75 will
943 2284 39 75 be
999 2284 110 75 before
1126 2284 55 75 the

152 2332 112 75 clock;
291 2332 83 75 from
391 2332 55 75 the
467 2332 78 75 16th
564 2332 38 75 o(
622 2332 83 75 June
728 2332 49 75 till
801 2332 56 75 the
885 2332 69 75 31ft
982 2332 38 75 of
1044 2332 136 75 Auguft,

153 2378 54 75 the
226 2378 92 75 clock
343 2378 63 75 will
425 2378 38 75 be
480 2378 90 75 again
588 2378 109 75 before
715 2378 55 75 the
786 2378 75 75 fun;
888 2378 62 75 and
967 2378 82 75 from
1067 2378 116 75 thence

153 2424 35 75 to
204 2424 55 75 the
273 2424 86 75 -24th
376 2424 40 75 of
434 2424 182 75 December
638 2424 128 75 the.fun
784 2424 66 75 will
868 2424 38 75 be
922 2424 95 75 fafter
1034 2424 77 75 than
1128 2424 65 75 the.

154 2470 105 75 clock.

201 2515 75 75 The
292 2515 102 75 eafieft
410 2515 63 75 and
488 2515 79 75 mqft
583 2515 201 75 expeditious
801 2515 72 75 way
882 2515 42 75 of
932 2515 143 75 drawing
1087 2515 19 75 a
1117 2515 66 75 me-

153 2563 103 75 ridian
274 2563 64 75 line
355 2563 26 75 is
396 2563 65 75 this
475 2563 8 75 :
522 2563 100 75 Make
640 2563 72 75 four
729 2563 37 75 or
782 2563 60 75 five
858 2563 181 75 concentric
1057 2563 124 75 circles,
1190 2563 11 75 ,

153 2610 99 75 about
267 2610 18 75 a
301 2610 131 75 quarter
459 2610 40 75 of
521 2610 38 75 an
580 2610 72 75 inch
679 2610 83 75 from
787 2610 60 75 one
864 2610 145 75 another,
1034 2610 41 75 on
1093 2610 18 75 a
1126 2610 57 75 flat
1198 2610 4 75 :

153 2656 114 75 board,
285 2656 96 75 about
398 2656 18 75 a
436 2656 70 75 foot
522 2656 31 75 in
570 2656 135 75 breadth
720 2656 10 75 ;
758 2656 61 75 and
834 2656 46 75 let
897 2656 54 75 the
967 2656 136 75 outmoft
1120 2656 61 75 cir-

154 2703 48 75 cle
219 2703 39 75 be
276 2703 56 75 but
343 2703 85 75 little
445 2703 58 75 lefs
521 2703 75 75 than
613 2703 55 75 the
688 2703 100 75 board
805 2703 63 75 will
887 2703 145 75 contain..
1075 2703 63 75 Fix
1163 2703 19 75 a

153 2749 53 75 pin
224 2749 272 75 perpendicularly
511 2749 33 75 in
559 2749 57 75 the
632 2749 123 75 centre,
778 2749 61 75 arid
866 2749 40 75 of
924 2749 75 75 fuch
1028 2749 18 75 a
1072 2749 110 75 length
1196 2749 6 75 ;

152 2794 72 75 that
240 2794 41 75 its
304 2794 104 75 whole
425 2794 95 75 fhado
523 2794 28 75 w
569 2794 72 75 may
658 2794 57 75 fall
732 2794 111 75 within
848 2794 67 75 ..the
935 2794 168 75 innermoft
1121 2794 61 75 cir-

154 2844 61 75 cle,
241 2844 51 75 for
309 2844 32 75 at
356 2844 76 75 leaft
449 2844 73 75 four,
548 2844 98 75 hours
670 2844 33 75 in
730 2844 57 75 the
813 2844 121 75 middle
960 2844 41 75 of
1023 2844 55 75 the
1105 2844 96 75 day..

154 2888 76 75 The
257 2888 53 75 pin
335 2888 99 75 ought
463 2888 99 75 to'be
585 2888 97 75 about
710 2888 39 75 an
777 2888 110 75 eighth
915 2888 71 75 part
1001 2888 42 75 of
1054 2888 39 75 an
1108 2888 74 75 inch
1197 2888 5 75 i

154 2933 101 75 thick,
281 2933 62 75 and
366 2933 35 75 to
424 2933 81 75 have
533 2933 18 75 a
578 2933 103 75 round
708 2933 92 75 blunt
827 2933 101 75 point.
978 2933 76 75 The
1080 2933 103 75 board
1196 2933 6 75 i

155 2983 299 75 beingjet.exactly
473 2983 81 75 level
569 2983 37 75 in
631 2983 18 75 a
675 2983 89 75 place
787 2983 108 75 where
917 2983 55 75 the
995 2983 56 75 fun
1067 2983 113 75 fhines,

1286 116 43 75 N
1407 116 40 75 O
1525 116 48 75 M
1649 116 50 75 Y.

2176 116 89 75 459

1232 187 130 75 fuppofe
1379 187 84 75 from
1480 187 89 75 eight
1586 187 30 75 in
1635 187 55 75 the
1706 187 147 75 morning
1869 187 49 75 till
1937 187 73 75 four
2033 187 32 75 in
2095 187 54 75 the
2167 187 98 75 after-

1229 234 95 75 noon,
1351 234 97 75 about
1466 234 105 75 which
1588 234 98 75 hours
1706 234 57 75 the
1791 234 61 75 end
1875 234 39 75 of
1934 234 54 75 the
2006 234 126 75 fhaclow
2150 234 115 75 fhould

1230 281 57 75 fall
1317 281 135 75 without
1485 281 41 75 all
1555 281 55 75 the
1635 281 112 75 circles
1762 281 10 75 ;
1815 281 103 75 watch
1952 281 54 75 the
2031 281 89 75 times
2152 281 32 75 in
2210 281 56 75 the

1230 327 168 75 forenoon,
1418 327 93 75 when
1530 327 54 75 the
1602 327 175 75 extremity
1790 327 40 75 of
1853 327 55 75 the
1933 327 183 75 fhortening
2141 327 128 75 fhadow

1226 374 63 75 juft
1306 374 132 75 touches
1467 374 54 75 the
1549 374 80 75 ievei
1638 374 29 75 al
1696 374 124 75 circles,
1846 374 62 75 and
1930 374 90 75 there
2035 374 92 75 make
2144 374 121 75 marks.

1230 420 108 75 Then,
1364 420 31 75 in
1425 420 54 75 the
1508 420 168 75 afternoon
1704 420 39 75 of
1767 420 54 75 the
1849 420 83 75 fame
1959 420 77 75 day,
2077 420 104 75 watch
2210 420 56 75 the

1230 466 205 75 lengthening
1450 466 140 75 fhadow,
1616 466 62 75 and
1695 466 107 75 where
1818 466 41 75 its
1877 466 62 75 end
1955 466 133 75 touches
2106 466 55 75 the
2178 466 86 75 feve-

1231 514 45 75 ral
1294 514 111 75 circles
1422 514 32 75 in
1472 514 96 75 going
1591 514 77 75 over
1685 514 101 75 them,
1813 514 91 75 make
1921 514 107 75 marks
2047 514 76 75 alfb.
2173 514 93 75 Laft-

1229 560 46 75 ly,
1300 560 77 75 with
1411 560 18 75 a
1457 560 68 75 pair
1550 560 40 75 of
1610 560 182 75 compaffes,
1818 560 66 75 find
1909 560 127 75 exaftly
2064 560 55 75 the
2144 560 121 75 middle

1229 606 89 75 point
1345 606 142 75 between
1506 606 55 75 the
1578 606 65 75 two
1661 606 104 75 marks
1783 606 40 75 on
1842 606 61 75 any
1920 606 108 75 circle,
2054 606 61 75 and
2142 606 89 75 draw
2248 606 19 75 a

1229 653 132 75 ftraight
1378 653 64 75 line
1465 653 85 75 from
1567 653 55 75 the
1640 653 108 75 centre
1765 653 34 75 to
1827 653 69 75 that
1924 653 110 75 point;
2072 653 103 75 which
2203 653 63 75 line

1231 700 64 75 will
1313 700 38 75 be
1369 700 137 75 covered
1522 700 31 75 at
1572 700 83 75 noon
1673 700 42 75 by
1731 700 56 75 the
1802 700 125 75 fhadow
1945 700 40 75 of
1997 700 17 75 a
2031 700 87 75 fmall
2138 700 135 75 upright,

1229 747 88 75 wire,
1344 747 104 75 which
1466 747 112 75 fhould
1591 747 38 75 be
1650 747 55 75 put
1722 747 104 75 in'the
1844 747 88 75 place
1950 747 40 75 of
2002 747 53 75 the
2074 747 65 75 pin.
2188 747 78 75 The

1230 794 107 75 reafon
1359 794 51 75 for
1421 794 144 75 drawing
1578 794 118 75 feveral
1713 794 112 75 circles
1837 794 40 75 is,
1894 794 71 75 that
1982 794 30 75 in
2033 794 68 75 cafe
2117 794 60 75 one
2194 794 72 75 part

1229 840 39 75 of
1280 840 55 75 the
1352 840 63 75 day
1431 840 111 75 fhould
1558 840 97 75 prove
1671 840 98 75 clear,
1795 840 60 75 and
1884 840 55 75 the
1964 840 94 75 other
2074 840 71 75 part
2162 840 102 75 fome-

1230 887 87 75 what
1334 887 129 75 cloudy,
1489 887 26 75 if
1531 887 62 75 you
1611 887 71 75 mifs
1707 887 55 75 the
1779 887 75 75 time
1873 887 90 75 when
1981 887 55 75 the
2054 887 88 75 point
2158 887 40 75 of
2209 887 57 75 the

1231 933 126 75 fhadow
1381 933 112 75 fhould
1515 933 100 75 touch
1630 933 60 75 one
1710 933 109 75 circle,
1850 933 62 75 you
1930 933 74 75 may
2020 933 133 75 perhaps
2171 933 93 75 catch

1229 979 24 75 it
1266 979 32 75 in
1310 979 154 75 touching
1481 979 144 75 another.
1674 979 76 75 The
1768 979 65 75 beft
1850 979 75 75 time
1942 979 51 75 for
2010 979 142 75 drawing
2169 979 18 75 a
2199 979 66 75 me-

1231 1026 99 75 ridian
1342 1026 75 75 line,
1444 1026 30 75 in
1492 1026 63 75 this
1572 1026 143 75 manner,
1732 1026 26 75 is
1776 1026 101 75 about
1894 1026 55 75 the
1967 1026 134 75 fummer
2118 1026 143 75 folftice;

1231 1072 129 75 becaufe
1377 1072 55 75 the
1448 1072 56 75 fun
1521 1072 138 75 changes
1686 1072 49 75 his
1762 1072 194 75 declination
1978 1072 133 75 floweft,
2136 1072 63 75 and
2214 1072 51 75 his

1231 1120 135 75 altitude
1390 1120 102 75 fafteft
1508 1120 33 75 in
1563 1120 56 75 the
1642 1120 230 75 longeft.days.

1278 1166 37 75 If
1326 1166 55 75 the
1402 1166 157 75 cafement
1575 1166 40 75 of
1627 1166 18 75 a
1661 1166 137 75 window
1837 1166 41 75 on
1896 1166 105 75 which
2022 1166 55 75 the
2092 1166 55 75 fun
2165 1166 100 75 fhines

1231 1213 32 75 at
1280 1213 97 75 noon,
1404 1213 39 75 be
1464 1213 88 75 quite
1579 1213 141 75 upright,
1747 1213 62 75 you
1839 1213 73 75 may
1939 1213 89 75 draw
2046 1213 17 75 a
2080 1213 63 75 line
2169 1213 97 75 along

1232 1260 55 75 the
1305 1260 80 75 edge
1402 1260 40 75 of
1453 1260 40 75 its
1511 1260 125 75 fhadow
1654 1260 40 75 on
1712 1260 55 75 the
1784 1260 92 75 floor,
1903 1260 91 75 when
2013 1260 54 75 the
2084 1260 130 75 fhadow
2232 1260 40 75 of

1232 1307 55 75 t;he
1305 1307 52 75 pin
1373 1307 25 75 is
1416 1307 127 75 exadlly
1560 1307 40 75 on
1618 1307 55 75 the
1685 1307 154 75 meridian
1850 1307 63 75 line
1930 1307 41 75 of
1981 1307 54 75 the
2053 1307 100 75 board
2167 1307 10 75 ;
2204 1307 63 75 and

1234 1353 32 75 as
1292 1353 54 75 the
1365 1353 121 75 motion
1515 1353 39 75 of
1576 1353 54 75 the
1659 1353 125 75 fhadow
1813 1353 40 75 of
1876 1353 55 75 the
1959 1353 156 75 cafement
2138 1353 64 75 will
2226 1353 39 75 be

1232 1399 94 75 much
1345 1399 88 75 more
1449 1399 129 75 fenfible
1597 1399 41 75 on
1656 1399 55 75 the
1726 1399 93 75 floor,
1838 1399 76 75 than
1932 1399 69 75 that
2018 1399 40 75 of
2064 1399 57 75 the
2137 1399 128 75 fhadow

1232 1448 38 75 of
1283 1448 55 75 the
1356 1448 50 75 pin
1433 1448 41 75 on
1499 1448 55 75 the
1580 1448 112 75 board,
1718 1448 63 75 you
1810 1448 192 75 may,know
2026 1448 34 75 to
2088 1448 18 75 a
2131 1448 63 75 few
2218 1448 47 75 fe-

1233 1494 207 75 conds-when
1458 1494 25 75 it
1500 1494 135 75 touches
1659 1494 54 75 the
1737 1494 153 75 meridian
1919 1494 64 75 line
2011 1494 41 75 on
2075 1494 54 75 the
2157 1494 106 75 floor;

1232 1540 61 75 and
1310 1540 33 75 fo
1361 1540 140 75 regulate
1519 1540 80 75 your
1615 1540 93 75 clock
1723 1540 53 75 for
1791 1540 55 75 the
1869 1540 64 75 day
1949 1540 39 75 of
2004 1540 200 75 obfervation
2221 1540 45 75 by

1232 1586 70 75 that
1327 1586 63 75 line
1414 1586 62 75 and
1500 1586 62 75 any
1578 1586 86 75 good
1680 1586 151 75 equation
1846 1586 118 75 table..

1280 1633 47 75 As
1350 1633 54 75 the
1427 1633 150 75 equation
1606 1633 39 75 of
1662 1633 90 75 time,
1777 1633 36 75 or
1836 1633 171 75 difference
2035 1633 144 75 between
2207 1633 57 75 the

1231 1679 76 75 time
1324 1679 103 75 fhewn
1444 1679 42 75 by
1503 1679 18 75 a
1538 1679 252 75 well-regulated
1809 1679 93 75 clock
1918 1679 62 75 and
1997 1679 18 75 a
2031 1679 71 75 true
2113 1679 149 75 fun-dial,

1231 1725 139 75 depends
1400 1725 83 75 upon
1509 1725 65 75 two
1590 1725 119 75 caufes,
1736 1725 138 75 namely,
1899 1725 55 75 tire
1971 1725 161 75 obliquity
2150 1725 39 75 of
2209 1725 55 75 the

1232 1772 138 75 ecliptic,
1396 1772 59 75 and
1475 1772 54 75 the
1546 1772 139 75 unequal
1709 1772 121 75 motion
1853 1772 40 75 of
1913 1772 55 75 the
1994 1772 90 75 earth
2101 1772 31 75 in
2150 1772 38 75 it,
2216 1772 48 75 we

1231 1820 74 75 fhall
1323 1820 64 75 firft
1404 1820 127 75 explain
1557 1820 55 75 the
1637 1820 108 75 effedts
1773 1820 40 75 of
1836 1820 87 75 thefe
1950 1820 107 75 caufes
2082 1820 181 75 Separately

1233 1866 195 75 confidered,
1454 1866 60 75 and
1544 1866 77 75 then
1650 1866 55 75 the
1734 1866 111 75 united
1866 1866 109 75 effedts
1999 1866 152 75 refulting
2175 1866 87 75 from

1232 1912 83 75 their
1335 1912 227 75 combination.

1277 1960 24 75 1
1313 1960 39 75 he
1368 1960 121 75 earth’s
1502 1960 123 75 motion
1641 1960 40 75 on
1699 1960 41 75 its
1757 1960 70 75 axis
1839 1960 96 75 being
1946 1960 154 75 perfedtly
2112 1960 149 75 equable,
2278 1960 5 75 ,

1231 2005 36 75 or
1284 2005 119 75 always
1421 2005 32 75 at
1471 2005 54 75 the
1542 2005 82 75 fame
1641 2005 81 75 rate,
1748 2005 63 75 and
1827 2005 56 75 the
1897 2005 92 75 plane
2006 2005 40 75 of
2058 2005 54 75 the
2128 2005 136 75 equator

1230 2052 94 75 being
1335 2052 241 75 perpendicular
1593 2052 34 75 to
1639 2052 41 75 its
1693 2052 81 75 axis,
1793 2052 25 75 it
1832 2052 26 75 is
1871 2052 140 75 evident,
2026 2052 73 75 that
2116 2052 31 75 in
2165 2052 97 75 equal

1231 2099 93 75 times
1340 2099 95 75 equal
1452 2099 144 75 portions
1613 2099 39 75 of
1663 2099 55 75 the
1734 2099 134 75 equator
1885 2099 68 75 pals
1981 2099 76 75 over
2084 2099 56 75 the
2167 2099 95 75 meri-

1231 2145 72 75 dian
1319 2145 9 75 ;
1355 2145 61 75 and
1436 2145 34 75 fo
1487 2145 107 75 would
1611 2145 92 75 equal
1722 2145 143 75 portions
1882 2145 40 75 of
1940 2145 55 75 the
2018 2145 139 75 ecliptic,
2183 2145 31 75 if
2236 2145 26 75 it

1232 2194 82 75 were
1331 2194 131 75 parallel
1479 2194 34 75 to
1530 2194 37 75 or
1590 2194 180 75 coincident
1798 2194 79 75 with
1905 2194 56 75 the
1985 2194 147 75 equator.
2181 2194 80 75 But,

1232 2238 32 75 as
1291 2238 54 75 the
1366 2238 128 75 ecliptic
1521 2238 26 75 is
1575 2238 130 75 oblique
1730 2238 35 75 to
1788 2238 56 75 the
1868 2238 146 75 equator,
2041 2238 55 75 the
2126 2238 143 75 equable,

1232 2285 122 75 motion
1378 2285 39 75 of
1428 2285 56 75 the
1500 2285 91 75 earth
1619 2285 118 75 carries
1762 2285 137 75 unequal
1927 2285 144 75 portions
2098 2285 40 75 of
2158 2285 26 75 ti
2195 2285 18 75 e
2229 2285 34 75 e-

1233 2334 106 75 cliptic
1355 2334 77 75 over
1449 2334 54 75 the
1520 2334 162 75 meridian,
1699 2334 31 75 in
1759 2334 95 75 equal
1879 2334 105 75 times,
2011 2334 55 75 the
2088 2334 175 75 difference

1232 2378 93 75 being
1343 2378 238 75 proportionate
1598 2378 35 75 to
1650 2378 55 75 the
1721 2378 160 75 obliquity
1895 2378 10 75 ;
1932 2378 74 75 and,
2022 2378 35 75 as
2073 2378 86 75 fome
2175 2378 86 75 parts
2280 2378 4 75 .

1233 2424 39 75 of
1282 2424 55 75 tite
1353 2424 128 75 ecliptic
1497 2424 53 75 are
1567 2424 95 75 much
1679 2424 88 75 more
1784 2424 131 75 oblique
1932 2424 77 75 than
2022 2424 124 75 others,
2172 2424 92 75 thofd

1233 2471 186 75 differences
1437 2471 53 75 are
1506 2471 137 75 unequal
1670 2471 115 75 among
1812 2471 202 75 themfelves.
2030 2471 6 75 .
2062 2471 198 75 Therefore,

1232 2517 29 75 if
1274 2517 65 75 two
1355 2517 71 75 funs
1438 2517 113 75 fhould
1566 2517 74 75 ftart
1652 2517 102 75 either
1763 2517 88 75 from
1864 2517 54 75 the
1930 2517 172 75 beginning
2114 2517 40 75 of
2166 2517 94 75 Aries

1233 2565 35 75 or
1285 2565 114 75 Libra,
1424 2565 60 75 and
1502 2565 148 75 continue
1666 2565 35 75 to
1717 2565 92 75 move
1825 2565 251 75 through-equal
2094 2565 68 75 arcs
2179 2565 32 75 in
2228 2565 33 75 e-

1232 2610 72 75 qual
1323 2610 105 75 times,
1452 2610 61 75 one
1537 2610 33 75 in
1592 2610 55 75 the
1674 2610 147 75 equator,
1846 2610 63 75 and
1924 2610 55 75 the
1996 2610 92 75 other
2104 2610 33 75 in
2154 2610 56 75 the
2227 2610 33 75 e-

1232 2658 117 75 cliptic,
1375 2658 55 75 the
1445 2658 185 75 equatoreal
1654 2658 55 75 fun
1734 2658 108 75 would
1858 2658 118 75 always
1996 2658 59 75 run
2071 2658 35 75 to
2123 2658 55 75 the
2194 2658 65 75 me-

1233 2704 99 75 ridian
1349 2704 32 75 in
1409 2704 42 75 24
1472 2704 96 75 hours
1589 2704 88 75 time,
1703 2704 219 75 as-meafured
1947 2704 42 75 by
2006 2704 18 75 a
2044 2704 215 75 well-regula-

1232 2750 55 75 ted
1303 2750 93 75 clock
1410 2750 9 75 ;
1445 2750 57 75 but
1518 2750 56 75 the
1601 2750 56 75 fun
1681 2750 32 75 in
1738 2750 54 75 the
1816 2750 127 75 ecliptic
1967 2750 110 75 would
2100 2750 108 75 return
2225 2750 36 75 to

1232 2797 54 75 the
1313 2797 153 75 meridian
1501 2797 179 75 fometimes
1711 2797 123 75 fooner,
1870 2797 63 75 and
1967 2797 179 75 fometimes
2178 2797 82 75 later

1233 2843 75 75 than
1327 2843 54 75 the
1397 2843 184 75 equatoreal
1604 2843 57 75 fun
1676 2843 10 75 ;
1714 2843 59 75 and
1791 2843 76 75 only
1884 2843 33 75 at
1932 2843 55 75 the
2004 2843 82 75 fame
2103 2843 157 75 moments

1233 2896 76 75 with
1334 2896 66 75 him
1413 2896 45 75 on
1475 2896 73 75 four
1563 2896 78 75 days
1670 2896 52 75 of;
1732 2896 55 75 the
1812 2896 95 75 year;
1933 2896 139 75 namely,
2097 2896 56 75 the
2178 2896 82 75 20th

1233 2936 38 75 of
1283 2936 130 75 March,
1430 2936 93 75 when
1539 2936 56 75 the
1612 2936 55 75 fun
1684 2936 105 75 enters
1806 2936 117 75 Aries;
1943 2936 54 75 the
2022 2936 70 75 21ft
2113 2936 40 75 of
2164 2936 97 75 June,

1231 2986 92 75 when
1336 2986 38 75 he
1391 2986 106 75 enters
1514 2986 144 75 Cancer;
1685 2986 55 75 the
1758 2986 68 75 23d
1841 2986 40 75 of
1893 2986 199 75 September,
2119 2986 91 75 when
2220 2986 41 75 he
2273 2986 8 75 .

2154 3038 107 75 enters
2272 3038 13 75 s
