2428 3377
136 171 100 75 Part
256 171 69 75 VI.

698 171 41 75 A
853 171 42 75 N
994 171 58 75 'A
1167 171 39 75 T

184 239 147 75 teftinum
349 239 106 75 colon.
505 239 139 75 P,'One
661 239 40 75 of
712 239 55 75 the
782 239 169 75 ligaments
974 239 40 75 of
1037 239 56 75 the
1116 239 55 75 co-

184 285 67 75 lon,
275 285 108 75 which
400 285 26 75 is
444 285 19 75 a
478 285 119 75 bundle
614 285 40 75 of
666 285 210 75 longitudinal
893 285 157 75 mufcular
1061 285 108 75 fibres.

415 333 151 75 Jejunum
582 333 63 75 and
661 333 101 75 ilium.
811 333 33 75 R
862 333 45 75 R,
927 333 147 75 Sigmoid
1089 333 81 75 flex-

182 379 57 75 ure
255 379 40 75 of
306 379 56 75 the
385 379 95 75 colon
497 379 77 75 with
594 379 55 75 the
671 379 156 75 ligament
846 379 184 75 continued,
1055 379 63 75 and
1134 379 35 75 o-

181 425 56 75 ver
263 425 37 75 S,
324 425 78 75 The
417 425 120 75 redlum
553 425 193 75 inteftinum.
794 425 36 75 T
842 425 45 75 T,
914 425 177 75 Levatores
1105 425 64 75 ani.

183 471 47 75 U,
257 471 169 75 Sphindter
443 471 64 75 ani.
556 471 46 75 V,
626 471 184 75 The-place
826 471 36 75 to
878 471 120 75 which.
1012 471 56 75 the
1095 471 75 75 pro-

182 518 77 75 ftate
275 518 98 75 gland
391 518 27 75 is
436 518 184 75 connedted.
670 518 61 75 W,
755 518 79 75 The
848 518 91 75 anus.

133 611 88 75 Fig.
248 611 34 75 4.
309 611 113 75 Shews
447 611 55 75 the
525 611 93 75 heart
634 611 39 75 of
696 611 19 75 a
730 611 98 75 foetus
846 611 33 75 at
906 611 55 75 the
989 611 60 75 full
1073 611 90 75 time,

180 657 79 75 with
276 657 55 75 the
352 657 89 75 right
456 657 188 75 auricl*-cut
667 657 141 75 open-to
832 657 84 75 (hew
939 657 55 75 the
1022 657 144 75 foramen

181 704 103 75 ovale,
312 704 37 75 or
366 704 124 75 paflage
506 704 146 75 between
672 704 81 75 both
769 704 148 75 auricles,

133 767 30 75 a,
180 767 77 75 The
277 767 87 75 right
380 767 167 75 ventricle,
593 767 35 75 b.
644 767 77 75 The
737 767 62 75 left
814 767 167 75 ventricle,
1014 767 18 75 c
1044 767 29 75 c.
1090 767 77 75 The

180 815 95 75 outer
289 815 63 75 fide
369 815 40 75 of
419 815 56 75 the
494 815 87 75 right
598 815 118 75 auricle
732 815 158 75 ftretched
906 815 70 75 out.
1009 815 62 75 dd.
1088 815 78 75 The

179 863 152 75 pofterior
342 863 74 75 fide,
433 863 105 75 which
555 863 99 75 forms
671 863 56 75 the
743 863 140 75 anterior
898 863 63 75 fide
977 863 41 75 of
1029 863 56 75 the
1095 863 70 75 fep-

179 907 81 75 tum.
308 907 30 75 e,
363 907 77 75 The
457 907 144 75 foramen
618 907 104 75 ovale,
747 907 80 75 with
850 907 56 75 the
928 907 181 75 membrane
1126 907 39 75 or

180 955 90 75 valve
286 955 105 75 which
421 955 111 75 covers
555 955 132 75 thejeft
703 955 89 75 fide.^
828 955 26 75 f,
880 955 93 75 Vena
989 955 77 75 cava
1082 955 82 75 infe-

134 1001 4 75 ’
175 1001 69 75 rior
258 1001 117 75 pafling
390 1001 141 75 through
555 1001 33 75 g,
614 1001 33 75 A
663 1001 127 75 portion
807 1001 41 75 of
859 1001 56 75 the
930 1001 202 75 diaphragm.

1325 162 39 75 O
1480 162 49 75 M
1646 162 40 75 Y

2172 162 84 75 283.

1221 237 87 75 Fig.
1337 237 31 75 5.
1397 237 112 75 Shews
1527 237 55 75 the
1598 237 93 75 heart
1709 237 61 75 and
1786 237 87 75 large
1890 237 110 75 veflels
2017 237 40 75 of
2068 237 18 75 a
2106 237 97 75 foetus
2221 237 33 75 at

1616 281 54 75 the
1687 281 60 75 full
1770 281 91 75 time.

1219 329 30 75 a,
1273 329 77 75 The
1377 329 61 75 left
1466 329 167 75 ventricle,
1681 329 34 75 b,
1740 329 78 75 The
1846 329 85 75 right
1948 329 166 75 ventricle,
2162 329 30 75 c,
2219 329 33 75 A

1265 375 71 75 part
1356 375 40 75 of
1409 375 55 75 the
1480 375 87 75 right
1585 375 129 75 auricle,
1763 375 34 75 d.
1823 375 82 75 Left
1920 375 132 75 auricle,
2093 375 18 75 e
2127 375 30 75 e,
2174 375 79 75 The

1265 422 87 75 right
1384 422 119 75 branch
1532 422 40 75 of
1594 422 57 75 the
1679 422 192 75 pulmonary
1898 422 120 75 artery,
2067 422 26 75 f,
2117 422 135 75 Arteria

1266 468 202 75 pulmonalis.
1517 468 21 75 g
1554 468 33 75 g,
1611 468 77 75 The
1716 468 60 75 left
1792 468 120 75 branch
1928 468 41 75 of
1989 468 56 75 the
2061 468 190 75 pulmonary

1260 515 119 75 artery,
1404 515 78 75 with
1500 515 18 75 a
1538 515 133 75 number
1687 515 39 75 of
1737 515 41 75 its
1795 515 115 75 largell
1927 515 155 75 branches
2098 515 150 75 difledted

1259 562 86 75 from
1361 562 56 75 the
1432 562 106 75 lungs,
1597 562 34 75 h,
1657 562 77 75 The
1751 562 118 75 canalis
1886 562 181 75 arteriofus.
2116 562 31 75 -i,
2172 562 78 75 The

1261 608 75 75 arch
1349 608 40 75 of
1400 608 55 75 the
1468 608 106 75 aorta,
1608 608 22 75 k
1641 608 34 75 k,
1691 608 78 75 The
1785 608 92 75 aorta
1892 608 205 75 defcendens.
2130 608 24 75 1,
2171 608 78 75 The

1261 655 62 75 left
1337 655 179 75 fubclavian
1533 655 119 75 artery.
1716 655 45 75 m,
1786 655 77 75 The
1886 655 61 75 left
1974 655 125 75 carotid
2126 655 121 75 artery,

1263 701 32 75 n,
1319 701 78 75 The
1423 701 86 75 right
1534 701 125 75 carotid
1685 701 121 75 artery,
1855 701 33 75 o.
1912 701 78 75 The
2013 701 87 75 right
2123 701 124 75 fubcla-

1261 748 71 75 vian
1350 748 119 75 artery,
1518 748 33 75 p.
1577 748 76 75 The
1669 748 104 75 origin
1798 748 41 75 of
1861 748 56 75 the
1941 748 86 75 right
2044 748 124 75 carotid
2186 748 63 75 and

1264 794 85 75 right
1364 794 179 75 fubclavian
1554 794 131 75 arteries
1697 794 32 75 in
1741 794 61 75 one
1815 794 146 75 common
1974 794 109 75 trunk,
2118 794 34 75 q,
2169 794 78 75 The

1261 841 80 75 vena
1372 841 77 75 cava
1481 841 142 75 fuperior
1661 841 37 75 or
1731 841 206 75 defcendens.
1997 841 28 75 r,
2058 841 77 75 The
2160 841 87 75 right

1261 887 147 75 common
1432 887 180 75 fubclavian
1634 887 84 75 vein,
1768 887 28 75 s,
1821 887 76 75 The
1919 887 61 75 left
2003 887 149 75 common
2173 887 72 75 fub-

1259 934 122 75 clavian
1397 934 87 75 vein.

1258 997 48 75 N.
1324 997 43 75 B.
1405 997 57 75 All
1479 997 56 75 the
1552 997 86 75 parts
1655 997 164 75 defcribed
1835 997 32 75 in
1885 997 63 75 this
1965 997 101 75 figure
2083 997 53 75 are
2153 997 34 75 to
2203 997 43 75 be

1305 1041 101 75 found
1422 1041 33 75 in
1471 1041 57 75 the
1544 1041 105 75 adult,
1671 1041 118 75 except
1806 1041 55 75 the
1877 1041 117 75 canalis
2012 1041 184 75 arteriofus.

440 1205 742 75 EXPLANATION

130 1321 85 75 Fig.
246 1321 31 75 1.
326 1321 192 75 Reprefents
535 1321 56 75 the
607 1321 101 75 under
725 1321 61 75 and
802 1321 153 75 pofierior
972 1321 64 75 fide
1055 1321 40 75 of
1106 1321 58 75 the

436 1367 135 75 bladder
595 1367 39 75 of
650 1367 103 75 urine,
780 1367 64 75 isc.
870 1367 8 75 _

130 1422 31 75 a,
184 1422 77 75 The
285 1422 145 75 bladder.
491 1422 21 75 b
528 1422 36 75 b.
587 1422 77 75 The
687 1422 151 75 infertion
871 1422 41 75 of
938 1422 56 75 the
1025 1422 136 75 ureters,

178 1469 17 75 c
211 1469 30 75 c,
265 1469 77 75 The
370 1469 73 75 vafa
471 1469 189 75 deferentia,
690 1469 106 75 which
826 1469 122 75 convey
974 1469 56 75 the
1058 1469 104 75 femen

176 1516 85 75 from
289 1516 56 75 the
369 1516 137 75 tefticles
525 1516 34 75 to
592 1516 23 75 d
631 1516 34 75 d.
689 1516 78 75 The
783 1516 140 75 veficulse
939 1516 225 75 feminales,—

175 1562 63 75 and
257 1562 68 75 pafs
342 1562 142 75 through
524 1562 30 75 e,
575 1562 77 75 The
664 1562 138 75 prollate
813 1562 109 75 gland,
940 1562 36 75 to
995 1562 166 75 difcharge

175 1611 188 75 themfelves
387 1611 78 75 into'
479 1611 28 75 f.
523 1611 77 75 The
620 1611 171 75 beginning
807 1611 40 75 of
857 1611 56 75 the
928 1611 144 75 urethra.

237 1703 89 75 Fig.
352 1703 35 75 2.
436 1703 31 75 A
486 1703 172 75 tranfverfe
675 1703 117 75 fedlion
809 1703 40 75 of
860 1703 55 75 the
937 1703 102 75 penis,

126 1757 23 75 g
161 1757 31 75 g,
211 1757 132 75 Copora
358 1757 170 75 cavernofa
543 1757 102 75 penis,
676 1757 37 75 h,
732 1757 126 75 Corpus
871 1757 203 75 cavernofum
1085 1757 74 75 ure-

175 1802 91 75 thra:.
300 1802 24 75 i.
343 1802 158 75 Urethra,
533 1802 35 75 k,
591 1802 133 75 Septum
737 1802 98 75 penis.
876 1802 45 75 11,
942 1802 75 75 The
1036 1802 123 75 feptum

173 1851 146 75 between
335 1851 56 75 the
407 1851 114 75 corpus
539 1851 205 75 cavernofum
768 1851 150 75 urethrae,
944 1851 63 75 and
1032 1851 71 75 that
1125 1851 41 75 of

173 1897 55 75 the
244 1897 102 75 penis.

219 1968 87 75 Fig.
335 1968 33 75 3.
417 1968 34 75 A
466 1968 215 75 longitudinal
705 1968 116 75 fedlion
838 1968 41 75 of
891 1968 53 75 the
960 1968 109 75 penis..

124 2027 32 75 in
171 2027 45 75 m,
241 2027 77 75 The
335 2027 134 75 corpora
483 2027 169 75 cavernofa
672 2027 103 75 penis,
791 2027 131 75 divided
937 2027 45 75 by
1022 2027 32 75 o,
1079 2027 78 75 The

170 2074 122 75 feptum
320 2074 101 75 penis,
471 2074 34 75 n,
536 2074 77 75 The
641 2074 114 75 corpus
784 2074 202 75 cavernofum
1015 2074 141 75 glandis,

171 2119 106 75 which
293 2119 27 75 is
343 2119 55 75 the
416 2119 218 75 continuation
654 2119 39 75 of
713 2119 71 75 that
803 2119 41 75 of
861 2119 57 75 the
941 2119 144 75 urethra.

122 2213 89 75 Fig.
238 2213 34 75 4.
321 2213 196 75 Reprefents
544 2213 57 75 the
616 2213 115 75 female
755 2213 117 75 organs
896 2213 40 75 of
955 2213 198 75 generation,

123 2276 31 75 a.
178 2276 92 75 That
286 2276 63 75 fide
367 2276 39 75 of
426 2276 54 75 the
496 2276 109 75 uterus
622 2276 105 75 which
744 2276 27 75 is
788 2276 78 75 next
883 2276 55 75 the
960 2276 35 75 os
1017 2276 138 75 facrum.

175 2322 30 75 1,
231 2322 46 75 Its
303 2322 131 75 fundns.
484 2322 34 75 2,
544 2322 47 75 Its
617 2322 124 75 cervix,
789 2322 21 75 b
827 2322 34 75 b.
885 2322 77 75 The
985 2322 171 75 Fallopian

169 2370 38 75 or
223 2370 123 75 uterine
362 2370 108 75 tubes,
492 2370 104 75 which
614 2370 97 75 opens
735 2370 70 75 into
829 2370 56 75 the
912 2370 107 75 cavity
1043 2370 39 75 of
1096 2370 60 75 the

169 2415 240 75 uterus;—but
425 2415 56 75 the
496 2415 94 75 other
606 2415 62 75 end
683 2415 27 75 is
727 2415 82 75 open
828 2415 115 75 within
966 2415 55 75 the
1037 2415 120 75 pelvis,

169 2461 63 75 and
248 2461 196 75 furrounded
461 2461 43 75 by
536 2461 18 75 c
571 2461 29 75 c.
616 2461 77 75 The
709 2461 144 75 fimbrise.
894 2461 22 75 d
932 2461 127 75 d,.The
1075 2461 78 75 ova-

169 2508 59 75 ria.
254 2508 29 75 e,
296 2508 77 75 The
386 2508 35 75 os
432 2508 159 75 internum
606 2508 96 75 uteri,
727 2508 37 75 or
780 2508 113 75 mouth
910 2508 40 75 of
962 2508 54 75 the
1032 2508 125 75 womb,

170 2554 18 75 f
200 2554 25 75 f.
250 2554 76 75 The
343 2554 171 75 ligamenta
533 2554 149 75 rotunda,
708 2554 106 75 which
829 2554 98 75 pafles
944 2554 137 75 without
1099 2554 58 75 the

168 2602 100 75 belly,
294 2602 63 75 and
380 2602 27 75 is
432 2602 88 75 fixed
544 2602 35 75 to
596 2602 62 75 the,
674 2602 86 75 labia
779 2602 153 75 pudendi.
981 2602 21 75 g
1019 2602 35 75 g.
1077 2602 79 75 The

123 2772 133 75 Sect.
287 2772 69 75 IV.
394 2772 65 75 Of
469 2772 67 75 the

730 2772 86 75 and
825 2772 52 75 its
889 2772 263 75 Appendages.

168 2867 86 75 The
273 2867 92 75 name
388 2867 41 75 of
446 2867 92 75 brain
560 2867 28 75 is
605 2867 93 75 given
722 2867 37 75 to
783 2867 43 75 all
850 2867 71 75 that
945 2867 81 75 mafs
1042 2867 108 75 which

120 2913 63 75 fills
208 2913 55 75 the
280 2913 108 75 cavity
403 2913 40 75 of
461 2913 56 75 the
531 2913 151 75 cranium,
709 2913 63 75 and
788 2913 104 75 which
909 2913 26 75 is
953 2913 196 75 imnjediate-

120 2959 36 75 ]y
178 2959 199 75 furrounded
403 2959 44 75 by
470 2959 67 75 two
563 2959 199 75 membranes
790 2959 105 75 called
917 2959 162 75 meninges
1112 2959 39 75 or

121 3006 66 75 mat
189 3006 63 75 res.

1261 1204 88 75 of
1426 1204 323 75 PLATE
1804 1204 121 75 XX.

1258 1314 54 75 cut
1328 1314 95 75 edges
1448 1314 41 75 of
1508 1314 56 75 the
1587 1314 172 75 ligamenta
1783 1314 78 75 lata,
1886 1314 106 75 which
2013 1314 146 75 conne&s
2187 1314 57 75 the

1258 1362 110 75 uterus
1384 1362 35 75 to
1435 1362 56 75 the
1507 1362 111 75 pelvis.
1686 1362 35 75 h,
1745 1362 78 75 The
1845 1362 97 75 infide
1970 1362 40 75 of
2033 1362 55 75 the
2116 1362 126 75 vagina,

1258 1407 24 75 i,
1306 1407 77 75 The
1401 1407 108 75 orifice
1534 1407 40 75 of
1596 1407 56 75 the
1667 1407 145 75 urethra,
1861 1407 35 75 k,
1921 1407 76 75 The
2024 1407 123 75 clitoris
2175 1407 65 75 fur-

1258 1453 143 75 rounded
1424 1453 44 75 by
1503 1453 58 75 (!,)
1588 1453 56 75 the
1671 1453 202 75 prasputium.
1938 1453 33 75 m
1987 1453 45 75 m.
2057 1453 77 75 The
2158 1453 85 75 labia

1258 1500 152 75 pudendi.
1459 1500 21 75 n
1496 1500 35 75 n.
1556 1500 78 75 The
1653 1500 162 75 nymphae.

1208 1594 88 75 Fig.
1324 1594 33 75 5.
1407 1594 112 75 Shews
1536 1594 56 75 the
1608 1594 166 75 fpermatic
1790 1594 94 75 du£ts
1897 1594 40 75 of
1947 1594 55 75 the
2019 1594 119 75 tefiicle
2154 1594 89 75 filled

1587 1637 79 75 with
1690 1637 160 75 mercury.

1206 1713 46 75 A,
1275 1713 78 75 The
1371 1713 56 75 vas
1451 1713 160 75 deferens.
1660 1713 43 75 B,
1728 1713 48 75 Its
1800 1713 184 75 beginning,
2009 1713 105 75 which
2140 1713 101 75 forms

1255 1757 53 75 the
1325 1757 153 75 polterior
1494 1757 70 75 part
1582 1757 40 75 of
1636 1757 54 75 the
1707 1757 202 75 epididymis.
1959 1757 43 75 C,
2027 1757 77 75 The
2120 1757 122 75 middle

1255 1804 40 75 of
1320 1804 57 75 the
1413 1804 203 75 epididymis,
1651 1804 170 75 compofed
1859 1804 41 75 of
1926 1804 177 75 ferpentine
2136 1804 104 75 dudts.

1256 1851 49 75 D,
1329 1851 77 75 The
1421 1851 84 75 head
1521 1851 37 75 or
1581 1851 139 75 anterior
1737 1851 72 75 part
1834 1851 40 75 of
1890 1851 55 75 the
1962 1851 191 75 epididymis
2179 1851 60 75 un-

1254 1896 153 75 ravelled.
1472 1896 18 75 e
1507 1896 16 75 e
1541 1896 19 75 e
1575 1896 31 75 e.
1631 1896 76 75 The
1728 1896 105 75 whole
1857 1896 90 75 dudts
1969 1896 106 75 which
2093 1896 148 75 compofe

1254 1944 55 75 the
1325 1944 83 75 head
1424 1944 41 75 of
1483 1944 55 75 the
1561 1944 198 75 epididymis,
1768 1944 201 75 unravelled,
2013 1944 20 75 f
2044 1944 26 75 f.
2095 1944 77 75 The
2184 1944 55 75 va-

1252 1988 32 75 la
1300 1988 179 75 efFerentia.
1528 1988 21 75 g
1569 1988 34 75 g,
1628 1988 87 75 Rete
1737 1988 100 75 tellis.
1894 1988 22 75 h
1933 1988 35 75 h,
1995 1988 98 75 Some
2120 1988 118 75 redtili-

1251 2035 69 75 neal
1338 2035 90 75 dudts
1445 2035 106 75 which
1568 2035 74 75 fend
1655 2035 52 75 off
1719 2035 55 75 the
1790 2035 77 75 vafa
1879 2035 180 75 efferentia.
2097 2035 12 75 i
2121 2035 23 75 i.
2162 2035 92 75 The:

1252 2081 159 75 fubftance
1428 2081 39 75 of
1486 2081 56 75 the
1558 2081 133 75 tefticle.

1204 2185 88 75 Fig.
1319 2185 35 75 6.
1401 2185 77 75 The
1495 2185 86 75 right
1605 2185 119 75 tefticle
1743 2185 108 75 intire,
1877 2185 62 75 and
1967 2185 56 75 the
2044 2185 191 75 epididymis

1535 2225 87 75 filled
1638 2225 79 75 with
1734 2225 161 75 mercury.

1203 2293 46 75 A,
1272 2293 78 75 The
1366 2293 172 75 beginning
1555 2293 40 75 of
1606 2293 55 75 the
1673 2293 57 75 vas
1737 2293 164 75 deferens.
1949 2293 43 75 B,
2016 2293 78 75 The
2109 2293 55 75 vas
2177 2293 57 75 de-

1251 2336 104 75 ferens
1373 2336 175 75 afeending
1569 2336 141 75 towards
1727 2336 55 75 the
1798 2336 170 75 abdomen.
2017 2336 43 75 G,
2083 2336 77 75 The
2176 2336 58 75 po-

1247 2381 111 75 fterior
1380 2381 72 75 part
1479 2381 40 75 of
1541 2381 55 75 the
1613 2381 201 75 epididymis,
1844 2381 115 75 named
1985 2381 114 75 globus
2114 2381 118 75 minor.

1249 2431 49 75 D,
1315 2431 83 75 The.
1412 2431 168 75 fpermatic
1596 2431 110 75 velfels
1719 2431 139 75 inclofed
1869 2431 177 75 in-cellular
2058 2431 173 75 fubftance.

1213 2476 9 75 .
1246 2476 45 75 E,
1316 2476 77 75 The
1409 2476 87 75 body
1512 2476 40 75 of
1563 2476 55 75 the
1635 2476 205 75 epididymis.
1888 2476 39 75 F,
1946 2476 48 75 Its
2004 2476 96 75 head,
2117 2476 117 75 named

1249 2521 114 75 globus
1380 2521 114 75 major.
1561 2521 64 75 G,.
1635 2521 48 75 Its
1711 2521 173 75 beginning
1908 2521 86 75 from
2017 2521 56 75 the
2097 2521 135 75 tefticle.

1249 2569 48 75 H,
1321 2569 77 75 The
1422 2569 88 75 body
1526 2569 39 75 of
1588 2569 54 75 the
1667 2569 134 75 tefticle,
1825 2569 139 75 inclofed
1990 2569 34 75 in
2045 2569 59 75 the
2123 2569 111 75 tunica

1250 2615 198 75 albuginea.,

1244 2780 84 75 This
1345 2780 126 75 general
1488 2780 84 75 mafs'
1585 2780 26 75 is
1628 2780 128 75 divided
1772 2780 69 75 into
1857 2780 91 75 three
1964 2780 172 75 particular
2152 2780 75 75 por-

1197 2825 82 75 tions
1292 2825 10 75 ;
1329 2825 55 75 the
1400 2825 163 75 cerebrum
1581 2825 38 75 or
1634 2825 88 75 brain
1739 2825 150 75 properly
1904 2825 34 75 fo
1955 2825 116 75 called,
2096 2825 55 75 the
2175 2825 52 75 ce-

1195 2875 167 75 rebellum,
1379 2875 66 75 and
1457 2875 138 75 medulla
1615 2875 184 75 oblongata.
1847 2875 57 75 To
1928 2875 86 75 thefe
2028 2875 92 75 three
2137 2875 102 75 parts.

1198 2919 16 75 a
1224 2919 109 75 fourth
1350 2919 26 75 is
1390 2919 116 75 added,
1526 2919 105 75 which
1648 2919 61 75 fills
1727 2919 53 75 the
1797 2919 90 75 great
1901 2919 91 75 canal
2010 2919 39 75 of
2068 2919 56 75 the
2138 2919 90 75 fpina

1197 2965 94 75 dorfi,
1304 2965 44 75 by
1365 2965 54 75 the
1437 2965 90 75 name
1539 2965 41 75 of
1598 2965 141 75 medulla
1755 2965 139 75 fpinalis,
1919 2965 96 75 being
2031 2965 18 75 a
2061 2965 164 75 continua-

1198 3013 68 75 tion
1282 3013 39 75 of
1333 3013 56 75 the
1404 3013 141 75 medulla
1560 3013 184 75 oblongata.

2150 3063 83 75 The
