2397 3387
515 167 34 75 B
608 167 19 75 I
686 167 35 75 L

1066 167 17 75 (
1142 167 81 75 553
1288 167 17 75 )

126 243 302 75 BILDESTON,
454 243 19 75 a
500 243 230 75 market-town
762 243 41 75 of
826 243 140 75 Suffolk,
992 243 96 75 about
1113 243 54 75 ten

171 290 92 75 miles
292 290 174 75 fouth-eaft
483 290 39 75 of
542 290 103 75 Bury,
671 290 44 75 E.
733 290 76 75 long
828 290 44 75 40
872 272 18 49 /
890 290 18 75 ,
943 290 64 75 and
1030 290 48 75 N.
1103 290 59 75 lat.

177 339 59 75 52°
265 339 69 75 2o\

123 384 189 75 BILDGE
341 384 40 75 of
402 384 18 75 a
447 384 78 75 (hip,
550 384 56 75 the
630 384 126 75 bottom
780 384 40 75 of
838 384 58 75 her
919 384 94 75 floor,
1045 384 37 75 or
1106 384 55 75 the

171 430 134 75 breadth
323 430 39 75 of
375 430 53 75 the
446 430 89 75 place
552 430 55 75 the
624 430 65 75 (hip
714 430 76 75 refts
815 430 41 75 on
882 430 92 75 when
996 430 51 75 fhe
1072 430 27 75 is
1126 430 33 75 a-

169 477 138 75 ground.
355 477 199 75 Therefore,
588 477 225 75 bildge-water
829 477 26 75 is
873 477 70 75 that
968 477 105 75 which
1101 477 58 75 lies

170 523 40 75 on
227 523 58 75 her
302 523 94 75 floor,
421 523 64 75 and
502 523 115 75 cannot
636 523 41 75 go
693 523 35 75 to
744 523 56 75 the
816 523 73 75 well
906 523 40 75 of
956 523 55 75 the
1034 523 97 75 pump
1147 523 8 75 :

168 571 78 75 And
265 571 251 75 bildge-pumps,
534 571 37 75 or
587 571 221 75 burr-pumps,
826 571 53 75 are
895 571 89 75 thofe
1002 571 70 75 that
1089 571 70 75 car-

170 617 38 75 ry
224 617 52 75 off
287 617 55 75 the
358 617 238 75 bildge-water.
642 617 100 75 They
757 617 138 75 hkewife
912 617 54 75 fay
982 617 55 75 the
1053 617 66 75 (hip
1131 617 27 75 is

169 663 143 75 bildged,
330 663 94 75 when
436 663 51 75 Ihe
502 663 57 75 has
576 663 86 75 fome
678 663 39 75 of
729 663 58 75 her
799 663 116 75 timber
931 663 105 75 ftruck
1054 663 52 75 off
1117 663 43 75 on

173 710 18 75 a
211 710 79 75 rock
306 710 37 75 or
360 710 131 75 anchor,
517 710 63 75 and
595 710 121 75 fprings
734 710 18 75 a
769 710 83 75 leak.

128 757 127 75 BILE,
281 757 19 75 a
315 757 129 75 yellow,
470 757 98 75 bitter
583 757 99 75 juice,
707 757 165 75 feparated
887 757 84 75 from
988 757 56 75 the
1060 757 101 75 blood

171 803 32 75 in
220 803 54 75 the
290 803 92 75 liver,
407 803 154 75 colle&ed
588 803 32 75 in
648 803 56 75 the
729 803 97 75 porus
850 803 131 75 bilarius
999 803 63 75 arid
1078 803 80 75 gall-

172 849 145 75 bladder,
342 849 62 75 and
420 849 114 75 thence
556 849 189 75 difcharged
772 849 44 75 by
843 849 56 75 the
922 849 146 75 common
1085 849 76 75 duft

170 896 69 75 into
255 896 55 75 the
327 896 194 75 duodenum.

217 943 76 75 The
309 943 64 75 bile
388 943 27 75 is
432 943 151 75 properly
594 943 40 75 of
645 943 67 75 two
724 943 107 75 kinds,
849 943 63 75 and
922 943 27 75 is
962 943 196 75 diftinguifli-

170 990 39 75 ed
227 990 42 75 by
285 990 55 75 the
358 990 107 75 names
486 990 40 75 of
546 990 94 75 cyjiic
668 990 62 75 and
752 990 140 75 hepatic.
940 990 77 75 The
1034 990 126 75 hepatic

169 1036 65 75 bile
250 1036 27 75 is
294 1036 83 75 thin,
403 1036 111 75 almoft
537 1036 124 75 inlipid,
687 1036 63 75 and
774 1036 104 75 fcarce
902 1036 175 75 coloured;
1105 1036 55 75 the

172 1082 95 75 cyftic
282 1082 64 75 bile
361 1082 28 75 is
407 1082 137 75 thicker,
569 1082 89 75 more
679 1082 164 75 coloured,
868 1082 64 75 and
951 1082 79 75 very
1046 1082 113 75 bitter.

172 1130 62 75 See
250 1130 213 75 Anatomy-,
490 1130 32 75 p.
544 1130 81 75 265.

125 1174 394 75 BILEDULGERID,
545 1174 60 75 one
618 1174 40 75 of
670 1174 54 75 the
740 1174 146 75 divifions
903 1174 40 75 of
956 1174 125 75 Africa,
1099 1174 56 75 ha-

171 1222 74 75 ving
261 1222 146 75 Barbary
424 1222 42 75 on
482 1222 55 75 the
553 1222 110 75 north,
688 1222 64 75 and
776 1222 103 75 Zaara
902 1222 38 75 or
963 1222 54 75 the
1035 1222 120 75 Defart

200 1269 14 75 a
232 1269 55 75 the
303 1269 109 75 fouth.

123 1315 254 75 Bli-JIVEST,
403 1315 19 75 a
444 1315 89 75 town
560 1315 41 75 of
622 1315 213 75 Weftphalia,
861 1315 33 75 in
922 1315 179 75 Germany,
1128 1315 33 75 a-

172 1362 79 75 bout
266 1362 93 75 feven
384 1362 91 75 miles
503 1362 172 75 fouth-eaft
702 1362 41 75 of
761 1362 221 75 Ravenlburg,
1007 1362 44 75 E.
1072 1362 89 75 long.

173 1408 44 75 8°
238 1408 51 75 15'
289 1408 11 75 ,
314 1408 118 75 N.lat.
449 1408 40 75 52
489 1390 19 49 0
508 1408 15 75 .
560 1408 33 75 It
604 1408 27 75 is
644 1408 121 75 fubjeft
778 1408 35 75 to
825 1408 55 75 the
891 1408 78 75 king
981 1408 40 75 of
1028 1408 134 75 Pruflia.

165 1454 128 75 -LGE.
343 1454 62 75 See
420 1454 168 75 Bildge.

128 1500 200 75 BILIARY
345 1500 103 75 dutts.
499 1500 62 75 See
585 1500 213 75 Anatomy,
825 1500 31 75 p.
877 1500 80 75 265.

127 1547 203 75 BILIMBI,
355 1547 32 75 in
404 1547 132 75 botany,
562 1547 18 75 a
598 1547 163 75 fynonime
777 1547 40 75 of
827 1547 56 75 the
900 1547 167 75 averrhoa.
1101 1547 63 75 See

178 1594 162 75 Averrh
351 1594 64 75 OA.

128 1640 266 75 BILINGUIS,
419 1640 33 75 in
465 1640 19 75 a
496 1640 128 75 general
636 1640 97 75 fenfe,
751 1640 133 75 fignifies
897 1640 60 75 one
969 1640 73 75 that
1053 1640 109 75 fpeaks

180 1686 65 75 two
262 1686 194 75 languages;
482 1686 57 75 but
564 1686 32 75 in
623 1686 74 75 law,
722 1686 27 75 is
777 1686 76 75 ufed
879 1686 52 75 for
959 1686 18 75 a
993 1686 77 75 jury
1091 1686 74 75 that

174 1732 97 75 paffes
299 1732 31 75 in
361 1732 61 75 any
451 1732 68 75 cafe
542 1732 144 75 between
711 1732 39 75 an
771 1732 205 75 Englilhman
999 1732 62 75 and
1079 1732 18 75 a
1112 1732 50 75 fo-

176 1778 136 75 reigner,
337 1778 149 75 whereof
504 1778 71 75 part
602 1778 102 75 ought
726 1778 36 75 to
786 1778 40 75 be
843 1778 144 75 Englilh,
1012 1778 63 75 and
1092 1778 73 75 part

177 1825 168 75 ftrangers.

129 1873 191 75 BILOUS,
345 1873 33 75 in
394 1873 141 75 general,
559 1873 135 75 denotes
710 1873 180 75 fomething
914 1873 173 75 belonging
1112 1873 49 75 to,

176 1919 36 75 or
228 1919 167 75 partaking
411 1919 47 75 of,
484 1919 55 75 the
555 1919 112 75 nature
684 1919 40 75 of
738 1919 76 75 bile.
863 1919 126 75 Hence,

127 1965 172 75 Bilious
308 1965 116 75 fevers
442 1965 53 75 are
511 1965 93 75 thofe
620 1965 183 75 occafioned
830 1965 44 75 by
898 1965 56 75 the
982 1965 181 75 over-copi-

175 2012 138 75 oufnefs,
331 2012 38 75 or
384 2012 64 75 bad
465 2012 149 75 qualities
631 2012 40 75 of
687 2012 55 75 the
758 2012 77 75 bile.
863 2012 61 75 See
940 2012 223 75 Medicine,

182 2059 180 75 Offevers.

132 2104 167 75 Bilious
318 2104 91 75 colic.
452 2104 62 75 See
530 2104 221 75 Medicine,
777 2104 54 75 Of
836 2104 107 75 colics.

131 2149 128 75 BILL,
286 2149 39 75 an
342 2149 185 75 inftrument
542 2149 92 75 made
650 2149 40 75 of
701 2149 83 75 iron,
809 2149 104 75 edged
939 2149 33 75 in
1000 2149 55 75 the
1079 2149 86 75 form

177 2195 40 75 of
229 2195 18 75 a
263 2195 151 75 crefcent,
440 2195 62 75 and
519 2195 137 75 adapted
672 2195 35 75 to
724 2195 18 75 a
758 2195 129 75 handle.
935 2195 34 75 It
985 2195 26 75 is
1029 2195 75 75 ufed
1120 2195 43 75 by

179 2242 173 75 plumbers,
377 2242 35 75 to
428 2242 140 75 perform
583 2242 119 75 feveral
718 2242 86 75 parts
822 2242 40 75 of
880 2242 85 75 their
981 2242 111 75 work;
1119 2242 44 75 by

178 2289 262 75 balket-makers,
473 2289 35 75 to
533 2289 54 75 cut
611 2289 55 75 the
693 2289 117 75 largeft-
831 2289 104 75 pieces
957 2289 40 75 of
1014 2289 148 75 chefnut-

182 2336 84 75 trees
291 2336 61 75 and
380 2336 94 75 other
500 2336 116 75 wood;
643 2336 62 75 and
733 2336 43 75 by
803 2336 185 75 gardeners,
1013 2336 34 75 to
1065 2336 99 75 prune

177 2382 97 75 trees.
324 2382 111 75 When
451 2382 98 75 (hort,
566 2382 26 75 it
607 2382 26 75 is
651 2382 104 75 called
767 2382 18 75 a
796 2382 174 75 band-bill,
996 2382 64 75 and
1072 2382 93 75 when

180 2428 88 75 long,
294 2428 19 75 a
329 2428 184 75 hedge-bill.

131 2475 112 75 Bill,
269 2475 31 75 in
319 2475 94 75 Scots
430 2475 73 75 law,
520 2475 56 75 has
589 2475 65 75 two
669 2475 128 75 general
812 2475 240 75 fignifications:
1078 2475 86 75 Eve-

179 2522 37 75 ry
233 2522 158 75 fummary
406 2522 189 75 application
611 2522 31 75 in
660 2522 140 75 writing,
825 2522 44 75 by
881 2522 71 75 way
965 2522 40 75 of
1015 2522 147 75 petition,

178 2569 35 75 to
226 2569 55 75 the
298 2569 92 75 court
407 2569 40 75 of
458 2569 119 75 fellion,
601 2569 27 75 is
646 2569 103 75 called
761 2569 18 75 a
795 2569 72 75 bill.
917 2569 66 75 But
1000 2569 55 75 the
1072 2569 91 75 word

177 2615 89 75 more
279 2615 181 75 commonly
475 2615 133 75 denotes
626 2615 18 75 a
660 2615 86 75 Ihort
762 2615 173 75 obligation
948 2615 37 75 or
1000 2615 160 75 mandate,

176 2662 45 75 by
248 2662 105 75 which
376 2662 61 75 one
460 2662 112 75 perfon
593 2662 122 75 obliges
731 2662 131 75 himfelf
878 2662 35 75 to
930 2662 62 75 pay
1009 2662 18 75 a
1042 2662 68 75 fum
1126 2662 41 75 of

178 2708 116 75 money
309 2708 36 75 to
362 2708 144 75 another,
531 2708 38 75 or
584 2708 51 75 his
648 2708 106 75 order,
773 2708 117 75 againft
902 2708 18 75 a
931 2708 120 75 certain
1063 2708 96 75 time;

178 2755 37 75 or
232 2755 43 75 by
293 2755 105 75 which
415 2755 60 75 one
492 2755 112 75 perfon
619 2755 103 75 draws
740 2755 84 75 upon
841 2755 202 75 another'for
1061 2755 18 75 a
1094 2755 68 75 fum

178 2801 135 75 payable
341 2801 36 75 to
402 2801 19 75 a
439 2801 89 75 third
556 2801 111 75 perfon
681 2801 9 75 :
717 2801 53 75 By
786 2801 64 75 this
866 2801 56 75 laft
939 2801 78 75 kind
1033 2801 41 75 of
1091 2801 70 75 bill,

177 2849 264 75 money-matters
468 2849 54 75 are
550 2849 181 75 commonly
746 2849 175 75 tranfadted
946 2849 137 75 betwixt
1107 2849 55 75 the

178 2895 195 75 inhabitants
397 2895 40 75 of
452 2895 152 75 different
629 2895 172 75 countries,
826 2895 63 75 and
904 2895 27 75 is
949 2895 104 75 called
1069 2895 19 75 a
1103 2895 63 75 bill

179 2942 44 75 of
229 2942 179 75 exchange:
426 2942 111 75 When
554 2942 55 75 the
627 2942 115 75 parties
759 2942 176 75 concerned
947 2942 62 75 live
1022 2942 31 75 in
1067 2942 95 75 Scot-

180 2988 86 75 land,
292 2988 25 75 it
340 2988 26 75 is
384 2988 122 75 termed
527 2988 39 75 an
589 2988 119 75 inland
721 2988 71 75 bill.
841 2988 48 75 As
915 2988 35 75 to
975 2988 56 75 the
1047 2988 115 75 folem-

178 3035 93 75 nities
288 3035 39 75 of
337 3035 86 75 bills,
447 3035 148 75 methods
614 3035 40 75 of
666 3035 201 75 negotiating
891 3035 100 75 them,
1016 3035 85 75 their
1116 3035 45 75 le-

227 3083 99 75 Vot.
352 3083 30 75 1.
431 3083 71 75 No.
529 3083 58 75 24.

1049 3083 18 75 3

1264 232 51 75 gal
1340 232 181 75 privileges,
1548 232 65 75 he.
1664 232 62 75 See
1753 232 127 75 Scots
1907 232 106 75 Law,
2039 232 50 75 tit.
2116 232 130 75 Obliga-

1262 280 84 75 tions
1359 280 34 75 by
1409 280 97 75 nxiord
1522 280 70 75 and
1604 280 97 75 ivrit.

1214 327 96 75 Bill
1329 327 132 75 fignifies
1478 327 65 75 alfo
1560 327 18 75 a
1594 327 107 75 paper,
1726 327 105 75 either
1847 327 126 75 written
1991 327 38 75 or
2050 327 137 75 printed,
2206 327 39 75 in

1257 373 78 75 very
1350 373 89 75 large
1457 373 188 75 charadters,
1664 373 105 75 which
1786 373 27 75 is
1830 373 107 75 ported
1955 373 41 75 up
2014 373 31 75 in
2064 373 83 75 fome
2164 373 82 75 open

1258 421 61 75 and
1344 421 107 75 public
1478 421 101 75 place,
1605 421 35 75 to
1658 421 70 75 give
1745 421 107 75 notice
1879 421 40 75 of
1941 421 56 75 the
2026 421 61 75 fale
2116 421 40 75 of
2183 421 62 75 any

1257 468 238 75 merchandize,
1521 468 38 75 or
1574 468 77 75 Ihip,
1677 468 38 75 or
1739 468 40 75 of
1799 468 55 75 the
1877 468 112 75 failing
2012 468 40 75 of
2071 468 61 75 any
2152 468 93 75 veffel

1258 514 69 75 into
1344 514 123 75 foreign
1485 514 99 75 parts.

1212 561 97 75 Bill
1329 561 34 75 in
1381 561 107 75 trade,
1506 561 80 75 both
1602 561 170 75 wholefale
1788 561 63 75 and
1866 561 105 75 retail,
1998 561 33 75 as
2048 561 64 75 alfo
2130 561 114 75 among

1257 607 176 75 workmen,
1474 607 134 75 fignifies
1636 607 39 75 an
1703 607 136 75 account
1872 607 39 75 of
1935 607 240 75 merchandizes
2207 607 38 75 or

1257 655 99 75 goods
1372 655 163 75 delivered
1551 655 35 75 to
1606 655 18 75 a
1640 655 126 75 perfon,
1790 655 37 75 or
1844 655 40 75 of
1896 655 90 75 work
2001 655 84 75 done
2101 655 52 75 for
2168 655 75 75 one.

1209 701 129 75 Settled
1351 701 113 75 Bili,,
1490 701 18 75 a
1532 701 71 75 bill,
1631 701 32 75 at
1690 701 55 75 the
1762 701 125 75 bottom
1915 701 40 75 of
1977 701 103 75 which
2107 701 77 75 they
2209 701 36 75 to

1256 748 107 75 whom
1380 748 56 75 the
1451 748 103 75 goods
1571 748 53 75 are
1640 748 163 75 delivered
1828 748 227 75 acknowledge
2083 748 71 75 that
2166 748 78 75 they

1256 795 244 75 have.received
1515 795 109 75 them;
1652 795 72 75 that
1752 795 79 75 they
1857 795 54 75 are
1938 795 138 75 fatisfied
2092 795 79 75 with
2189 795 55 75 the

1256 842 99 75 price,
1381 842 63 75 and
1460 842 135 75 promife
1611 842 35 75 to
1658 842 62 75 pay
1731 842 39 75 it.

1209 888 97 75 Bill
1326 888 43 75 of
1374 888 119 75 credit,
1519 888 70 75 that
1607 888 105 75 which
1741 888 18 75 a
1784 888 166 75 merchant
1967 888 37 75 or
2020 888 119 75 banker
2154 888 90 75 gives

1256 935 35 75 to
1309 935 17 75 a
1342 935 112 75 perfon
1466 935 106 75 whom
1584 935 41 75 he
1641 935 59 75 can
1716 935 91 75 truft,
1832 935 209 75 impowering
2058 935 67 75 him
2142 935 34 75 to
2194 935 49 75 re-

1257 982 86 75 ceive
1366 982 115 75 money
1498 982 85 75 from
1599 982 50 75 his
1666 982 262 75 correfpondents
1945 982 34 75 in
1994 982 126 75 foreign
2146 982 98 75 coun-

1256 1028 89 75 tries.

1207 1075 98 75 Bill
1323 1075 44 75 of
1373 1075 104 75 entry,
1502 1075 41 75 an
1564 1075 137 75 account
1728 1075 41 75 of
1790 1075 56 75 the
1870 1075 103 75 goods
1990 1075 133 75 entered
2139 1075 32 75 at
2187 1075 57 75 the

1256 1122 119 75 cuftom
1391 1122 110 75 houfe,
1519 1122 79 75 both
1615 1122 137 75 inwards
1765 1122 63 75 and
1839 1122 176 75 outwards.
2049 1122 38 75 In
2106 1122 62 75 this
2186 1122 57 75 bill

1256 1168 80 75 muft
1352 1168 40 75 be
1407 1168 179 75 expreffed,
1611 1168 55 75 the
1683 1168 164 75 merchant
1863 1168 173 75 exporting
2056 1168 36 75 or
2108 1168 134 75 import-

1255 1215 76 75 ing;
1358 1215 55 75 the
1430 1215 153 75 quantity
1598 1215 40 75 of
1649 1215 235 75 merchandize,
1902 1215 63 75 and
1980 1215 56 75 the
2051 1215 107 75 divers
2175 1215 68 75 fpe-

1256 1263 62 75 cies
1335 1263 151 75 thereof;
1505 1263 62 75 and
1581 1263 136 75 whither
1728 1263 211 75 tranfported,
1953 1263 38 75 or
2002 1263 83 75 from
2100 1263 142 75 whence.

1209 1309 97 75 Bill
1325 1309 27 75 0/
1352 1291 15 49 r
1367 1309 132 75 lading,
1525 1309 39 75 an
1587 1309 297 75 acknowledgment
1910 1309 106 75 figned
2039 1309 44 75 by
2099 1309 55 75 the
2177 1309 67 75 ma-

1258 1355 61 75 fter
1335 1355 40 75 of
1387 1355 18 75 a
1421 1355 79 75 (hip,
1527 1355 62 75 and
1610 1355 93 75 given
1719 1355 36 75 to
1771 1355 19 75 a
1805 1355 178 75 merchant,
2009 1355 65 75 <bc.
2100 1355 143 75 contain-

1259 1402 54 75 ing
1329 1402 39 75 an
1386 1402 135 75 account
1543 1402 41 75 of
1601 1402 55 75 the
1680 1402 101 75 goods
1799 1402 104 75 which
1919 1402 55 75 the
1992 1402 112 75 mafter
2120 1402 56 75 has
2195 1402 49 75 re-

1259 1449 110 75 ceived
1384 1449 43 75 on
1442 1449 101 75 board
1559 1449 83 75 from
1659 1449 71 75 that
1746 1449 177 75 merchant,
1949 1449 65 75 he.
2040 1449 78 75 v/ith
2136 1449 18 75 a
2170 1449 76 75 pro-

1260 1496 74 75 mife
1351 1496 34 75 to
1401 1496 122 75 deliver
1537 1496 89 75 them
1647 1496 31 75 at
1696 1496 38 75 an
1751 1496 150 75 intended
1914 1496 88 75 place
2019 1496 50 75 for
2085 1496 19 75 a
2124 1496 121 75 certain

1259 1542 115 75 falary.
1422 1542 92 75 Each
1542 1542 56 75 bill
1625 1542 41 75 of
1688 1542 108 75 lading
1824 1542 80 75 muft
1919 1542 40 75 be
1976 1542 114 75 treble,
2115 1542 61 75 one
2192 1542 54 75 for

1259 1590 54 75 the
1330 1590 165 75 merchant
1512 1590 73 75 who
1601 1590 90 75 loads
1704 1590 57 75 the
1777 1590 115 75 goocls,
1918 1590 133 75 another
2068 1590 35 75 to
2119 1590 40 75 be
2176 1590 69 75 fent

1260 1636 33 75 to
1316 1636 55 75 the
1395 1636 112 75 perfon
1532 1636 35 75 to
1587 1636 107 75 whom
1718 1636 78 75 they
1821 1636 53 75 are
1902 1636 179 75 configned,
2107 1636 63 75 and
2186 1636 59 75 the

1258 1683 89 75 third
1363 1683 35 75 to
1415 1683 117 75 remain
1549 1683 33 75 in
1598 1683 56 75 the
1666 1683 103 75 hands
1785 1683 40 75 of
1842 1683 55 75 the
1913 1683 113 75 mafter
2041 1683 40 75 of
2086 1683 61 75 the
2163 1683 79 75 Ihip.

1260 1728 30 75 It
1308 1728 79 75 muft
1403 1728 40 75 be
1459 1728 165 75 obferved,
1649 1728 162 75 however,
1836 1728 72 75 that
1924 1728 18 75 a
1958 1728 56 75 bill
2031 1728 41 75 of
2092 1728 108 75 lading
2216 1728 27 75 is

1259 1777 74 75 ufed
1350 1777 78 75 only
1443 1777 93 75 when
1552 1777 56 75 the
1624 1777 115 75 goods,
1764 1777 67 75 fent
1854 1777 40 75 on
1919 1777 100 75 board
2044 1777 19 75 a
2086 1777 78 75 Ihip,
2191 1777 54 75 are

1257 1823 58 75 but
1331 1823 71 75 part
1418 1823 39 75 of
1468 1823 56 75 the
1540 1823 116 75 cargo:
1684 1823 66 75 For
1773 1823 93 75 when
1894 1823 19 75 a
1939 1823 165 75 merchant
2119 1823 90 75 loads
2226 1823 26 75 a.

1257 1871 106 75 whole
1378 1871 94 75 veffel
1495 1871 51 75 for
1571 1871 48 75 his
1647 1871 72 75 own
1747 1871 142 75 perfonal
1917 1871 147 75 account,
2085 1871 59 75 the
2162 1871 84 75 deed

1257 1917 104 75 parted
1377 1917 145 75 between
1537 1917 67 75 him
1629 1917 64 75 and
1709 1917 55 75 the
1782 1917 112 75 mafter
1910 1917 41 75 of
1968 1917 55 75 the
2039 1917 66 75 fhip
2122 1917 26 75 is
2166 1917 76 75 call-

1259 1964 41 75 ed
1315 1964 255 75 charter-party.
1620 1964 61 75 See
1694 1964 315 75 CHARTER-/>«r/j.

1211 2009 98 75 Bill
1329 2009 44 75 of
1375 2009 143 75 parcels,
1543 2009 39 75 an
1611 2009 135 75 account
1768 2009 93 75 given
1880 2009 44 75 by
1948 2009 55 75 tl;e
2027 2009 93 75 feller
2135 2009 36 75 to
2188 2009 56 75 the

1259 2057 112 75 buyer,
1396 2057 182 75 containing
1598 2057 55 75 the
1669 2057 188 75 particulars
1869 2057 40 75 of
1928 2057 42 75 all
1994 2057 54 75 the
2072 2057 81 75 forts
2181 2057 63 75 and

1259 2104 100 75 prices
1377 2104 40 75 of
1428 2104 55 75 the
1499 2104 101 75 goods
1617 2104 135 75 bought.

1211 2149 95 75 Bill
1326 2149 43 75 of
1371 2149 80 75 fale,
1477 2149 26 75 is
1519 2149 93 75 when
1630 2149 18 75 a
1662 2149 113 75 perfon
1788 2149 143 75 wanting
1947 2149 18 75 a
1981 2149 66 75 fum
2060 2149 41 75 of
2112 2149 129 75 money,

1258 2196 135 75 delivers
1409 2196 101 75 goods
1528 2196 33 75 as
1578 2196 18 75 a
1612 2196 137 75 fecurity
1765 2196 35 75 to
1816 2196 55 75 the
1887 2196 122 75 lender,
2036 2196 35 75 to
2082 2196 107 75 whom
2200 2196 42 75 he

1257 2243 86 75 gives
1360 2243 64 75 this
1441 2243 71 75 bill,
1535 2243 209 75 impowering
1759 2243 68 75 him
1853 2243 36 75 to
1911 2243 58 75 fell
1991 2243 54 75 the
2067 2243 115 75 goods,
2207 2243 34 75 in

1257 2290 68 75 cafe
1341 2290 55 75 the
1412 2290 69 75 fum
1497 2290 169 75 borrowed
1681 2290 28 75 is
1726 2290 56 75 not
1800 2290 120 75 repaid,
1946 2290 79 75 with
2041 2290 140 75 intereft,
2207 2290 34 75 at

1256 2337 55 75 the
1332 2337 170 75 appointed
1518 2337 89 75 time.

1210 2383 96 75 Bill
1327 2383 36 75 of
1372 2383 103 75 fore,
1501 2383 19 75 a
1540 2383 120 75 licence
1684 2383 135 75 granted
1835 2383 32 75 at
1883 2383 56 75 the
1956 2383 232 75 cuftom-houfe
2205 2383 36 75 to

1256 2429 192 75 merchants,
1474 2429 43 75 by
1532 2429 105 75 which
1654 2429 78 75 they
1747 2429 81 75 have
1853 2429 119 75 liberty
1996 2429 35 75 to
2055 2429 105 75 carry,
2185 2429 55 75 cu-

1256 2475 174 75 ftom-free,
1457 2475 42 75 all
1526 2475 75 75 fuch
1618 2475 97 75 ftores
1744 2475 61 75 and
1829 2475 174 75 provifions
2021 2475 33 75 as
2070 2475 80 75 they
2166 2475 74 75 may

1256 2523 80 75 have
1353 2523 141 75 occafion
1511 2523 52 75 for
1579 2523 115 75 during
1709 2523 84 75 their
1809 2523 135 75 voyage.

1207 2569 96 75 Bill
1329 2569 235 75 offufferance,
1590 2569 18 75 a
1623 2569 121 75 licence
1767 2569 134 75 granted
1914 2569 40 75 to
1970 2569 18 75 a
2003 2569 176 75 merchant,
2206 2569 32 75 at

1255 2615 55 75 the
1337 2615 245 75 cuftom-houfe,
1615 2615 150 75 fuffering
1793 2615 66 75 him
1888 2615 35 75 to
1950 2615 90 75 trade
2069 2615 84 75 from
2177 2615 61 75 one

1254 2662 132 75 Englifli
1403 2662 72 75 port
1491 2662 34 75 to
1542 2662 146 75 another,
1712 2662 138 75 without
1866 2662 116 75 paying
2002 2662 132 75 cuftom..

1208 2709 223 75 Bank-Bi\.L,
1456 2709 18 75 a
1489 2709 123 75 private
1634 2709 186 75 inftrument
1844 2709 151 75 whereby
2022 2709 121 75 private
2165 2709 72 75 per-

1253 2755 70 75 fons
1340 2755 129 75 become
1485 2755 129 75 intitled
1629 2755 36 75 to
1681 2755 19 75 a
1714 2755 74 75 part
1804 2755 33 75 in
1852 2755 56 75 the
1924 2755 201 75 bank-ftock.
2176 2755 62 75 See

1253 2802 122 75 Bank.

1208 2849 96 75 Bill
1323 2849 131 75 denotes
1479 2849 65 75 alfo
1571 2849 19 75 a
1616 2849 196 75 declaration
1844 2849 31 75 in
1897 2849 140 75 writing,
2063 2849 175 75 exprefling

1256 2896 100 75 either
1372 2896 85 75 fome
1473 2896 112 75 wrong
1600 2896 56 75 the
1672 2896 212 75 complainant
1900 2896 57 75 Has
1974 2896 137 75 fuffered
2128 2896 43 75 by
2183 2896 55 75 the

1255 2943 183 75 defendant,
1463 2943 37 75 or
1516 2943 63 75 elfe
1596 2943 18 75 a
1637 2943 82 75 fault
1739 2943 71 75 that
1837 2943 55 75 the
1920 2943 93 75 party
2040 2943 199 75 complained

1256 2990 40 75 of
1306 2990 56 75 has
1380 2990 186 75 committed
1583 2990 118 75 againft
1725 2990 85 75 fome
1835 2990 62 75 law
1921 2990 37 75 or
1982 2990 114 75 ftatute
2120 2990 41 75 of
2182 2990 57 75 the

1253 3038 112 75 realm.

1677 3097 20 75 7
1721 3097 34 75 A

2158 3089 86 75 This
