2397 3387
117 24 102 75 (B*)

524 24 36 75 B
650 24 40 75 O
779 24 40 75 O
909 24 37 75 K
1003 24 17 75 -
1070 24 40 75 K

227 89 35 75 If
275 89 78 75 your
371 89 99 75 faftor
489 89 34 75 4
559 89 29 75 B
627 89 43 75 by
696 89 80 75 your
800 89 107 75 order,
935 89 93 75 remit
1051 89 18 75 a
1092 89 56 75 bill

119 130 34 75 to
170 130 81 75 your
269 130 10 75 f
283 130 47 75 aft
333 130 36 75 or
384 130 38 75 C.
441 130 49 75 D.
510 130 115 75 charge
642 130 35 75 C.
706 130 49 75 D.
782 130 47 75 my
854 130 143 75 accompt
1014 130 135 75 current

119 181 53 75 Dr
189 181 34 75 to
240 181 45 75 A.
307 181 43 75 B.
377 181 47 75 my
441 181 306 75 accernpt-current,
773 181 51 75 for
840 181 93 75 value
950 181 41 75 of
1003 181 55 75 the
1075 181 67 75 bill.

358 251 33 75 2.
435 251 40 75 In
505 251 403 75 FACTORAGE.

164 314 240 75 Factorage
427 314 229 75 comprehends
673 314 90 75 three
780 314 128 75 things:
939 314 30 75 i.
993 314 79 75 The
1095 314 51 75 re-

117 359 80 75 cent
217 359 41 75 rf
265 359 51 75 the
331 359 163 75 employer'
494 359 16 75 s
521 359 108 75 goods.
681 359 33 75 2.
740 359 76 75 The
830 359 137 75 difpofal
981 359 46 75 of
1045 359 99 75 them.

120 408 31 75 3.
179 408 143 75 Returns
346 408 91 75 made
450 408 63 75 for
529 408 96 75 them.

116 483 100 75 Prob.
240 483 29 75 i.
295 483 54 75 M.
389 483 129 75 Debtor
534 483 70 75 and
616 483 153 75 Creditor
785 483 131 75 applied
930 483 80 75 upon
1027 483 53 75 the
1092 483 51 75 re-

513 528 83 75 ceipt
613 528 42 75 of
657 528 110 75 goods.

162 594 126 75 When
306 594 63 75 you
386 594 72 75 turn
476 594 112 75 faftor,
613 594 61 75 and
701 594 79 75 have
806 594 100 75 goods
926 594 165 75 configned
1108 594 35 75 to

117 642 62 75 you
197 642 40 75 by
257 642 78 75 your
352 642 162 75 employer
532 642 8 75 :
567 642 83 75 upon
666 642 158 75 receiving
843 642 53 75 the
914 642 112 75 goods,
1052 642 90 75 enter

118 689 42 75 A.
177 689 41 75 B.
235 689 46 75 his
299 689 140 75 accompt
455 689 44 75 of
501 689 94 75 goods
617 689 48 75 Dr
682 689 34 75 to
733 689 94 75 Cafh.
856 689 50 75 for
923 689 130 75 freight,
1071 689 69 75 cuf-

115 734 80 75 tom,
221 734 37 75 or
273 734 91 75 other
382 734 82 75 chat;

1194 282 98 75 Prob.
1311 282 30 75 3.
1370 282 43 75 O.
1431 282 36 75 P.
1509 282 129 75 Debtor
1662 282 70 75 and
1745 282 153 75 Creditor
1914 282 132 75 applied
2060 282 124 75 wheny

1433 331 91 75 snake
1539 331 131 75 returns
1687 331 33 75 to
1727 331 84 75 your
1827 331 161 75 employer.

1569 398 91 75 made
1676 398 102 75 either
1834 398 98 75 goods
1946 398 37 75 or
1999 398 85 75 bills.

1337 460 45 75 O.
1434 460 17 75 §
1472 460 28 75 1.
1549 460 66 75 The
1631 460 86 75 cafes
1733 460 42 75 of
1782 460 132 75 returns
1931 460 36 75 in
1975 460 109 75 goods.

1239 532 79 75 Cafe
1338 532 31 75 1.
1406 532 126 75 When
1556 532 63 75 you
1643 532 63 75 buy
1724 532 42 75 up
1790 532 101 75 goods
1908 532 52 75 for
1976 532 99 75 readv
2091 532 25 75 m

1191 577 60 75 and
1269 577 31 75 fir
1303 577 31 75 ip
1351 577 87 75 them
1456 577 51 75 off
1520 577 49 75 for
1588 577 78 75 your
1684 577 175 75 employer,
1886 577 90 75 enter

1238 625 44 75 A.
1302 625 41 75 B.
1362 625 49 75 his
1428 625 140 75 accompt
1585 625 133 75 current
1738 625 51 75 Dr
1806 625 35 75 to
1858 625 25 75 &

1284 669 54 75 To
1355 669 95 75 Cafe,
1477 669 50 75 for
1546 669 97 75 prime
1660 669 76 75 colt,
1762 669 61 75 and
1840 669 16 75 c

1282 715 55 75 To
1355 715 106 75 Profit
1476 715 70 75 and
1558 715 89 75 tofs,
1673 715 50 75 for
1741 715 80 75 your
1839 715 16 75 c

1237 764 31 75 2.
1293 764 111 75 When
1428 764 8 75 ]

1321 811 346 75 X^r
1667 793 38 49 d!
1705 811 42 75 '
1747 793 53 49 nl

1238 855 41 75 A.
1298 855 40 75 B.
1355 855 48 75 his
1418 855 141 75 accompt
1575 855 135 75 current
1727 855 53 75 Dr
1796 855 35 75 to
1847 855 174 75 Sundries,
2046 855 63 75 viz.

1282 900 55 75 To
1353 900 133 75 Sellers,
1512 900 50 75 for
1580 900 99 75 pnme
1696 900 63 75 coil
1776 900 38 75 of
1827 900 55 75 the
1900 900 113 75 goods,

1282 946 55 75 To
1353 946 96 75 Cafh,
1486 946 50 75 for
1561 946 144 75 charges,
1732 946 32 75 as
1790 946 130 75 caltom,
1947 946 175 75 inlurance,
2149 946 61 75 be.

1281 991 56 75 To
1355 991 106 75 P,ofit
1476 991 69 75 and
1559 991 88 75 Lo[s,
1674 991 51 75 for
1743 991 80 75 your
1840 991 200 75 commiflion.

1237 1039 29 75 3.
1289 1039 111 75 When
1419 1039 61 75 you
1499 1039 41 75 tal

157 1289 80 75 Cafe
255 1289 28 75 I.
318 1289 126 75 When
471 1289 64 75 you
552 1289 55 75 fell
624 1289 54 75 all,
704 1289 37 75 or
758 1289 62 75 any
837 1289 69 75 part
924 1289 39 75 of
976 1289 80 75 your
1073 1289 66 75 em-

110 1334 142 75 .ployer’s
269 1334 114 75 goods,
409 1334 51 75 for
477 1334 97 75 ready
588 1334 126 75 money,
731 1334 89 75 enter
832 1334 82 75 Cajh
928 1334 52 75 Dr
992 1334 35 75 to
1041 1334 42 75 A.
1098 1334 40 75 B.

114 1382 49 75 As
179 1382 140 75 accompt
331 1382 43 75 of
376 1382 106 75 goods,
510 1382 49 75 for
577 1382 53 75 the
648 1382 63 75 fum
731 1382 152 75 received.
933 1382 85 75 Aug.
1042 1382 10 75 \
1063 1382 28 75 7.

164 1428 28 75 2.
217 1428 109 75 When
351 1428 62 75 you
438 1428 54 75 fell
518 1428 54 75 all,
597 1428 38 75 or
659 1428 61 75 any
744 1428 69 75 part
831 1428 39 75 of
890 1428 49 75 his
956 1428 113 75 goods,
1097 1428 42 75 on

113 1474 90 75 time,
228 1474 115 75 charge
354 1474 56 75 the
423 1474 108 75 Buyer
547 1474 52 75 Dr
612 1474 34 75 to
663 1474 41 75 A.
719 1474 39 75 B.
771 1474 50 75 his
833 1474 141 75 accompt
986 1474 42 75 of
1030 1474 108 75 goods,

113 1518 52 75 for
181 1518 54 75 the
254 1518 64 75 fum
335 1518 73 75 due.
460 1518 85 75 Aug.
565 1518 56 75 23.

166 1565 27 75 3.
218 1565 110 75 When
356 1565 62 75 you
444 1565 73 75 take
542 1565 55 75 all,
622 1565 37 75 or
676 1565 61 75 any
756 1565 69 75 part
841 1565 39 75 of
892 1565 48 75 his
958 1565 114 75 goods,
1104 1565 35 75 to

115 1613 143 75 yourfelf
270 1613 31 75 at
318 1613 54 75 the
390 1613 125 75 cuirent
534 1613 84 75 price
633 1613 10 75 ;
678 1613 37 75 or
733 1613 90 75 when
848 1613 62 75 you
937 1613 55 75 put
1016 1613 51 75 off
1089 1613 50 75 his

115 1659 100 75 goods
231 1659 32 75 in
281 1659 118 75 barter,
429 1659 50 75 for
503 1659 109 75 others
628 1659 104 75 which
750 1659 62 75 you

479 1703 52 75 Dr
548 1703 35 75 to
600 1703 43 75 A.
661 1703 40 75 B.
717 1703 49 75 his
789 1703 21 75 a

192 1705 13 75 r
220 1705 102 75 Goods

944 1698 7 75 t
975 1698 43 75 of
1028 1698 109 75 goods.

165 1797 30 75 4.
218 1797 112 75 When
346 1797 42 75 all
405 1797 80 75 your
507 1797 190 75 employer’s
725 1797 101 75 goods
849 1797 52 75 are
926 1797 143 75 difpofed
1092 1797 47 75 of,

115 1843 130 75 balance
262 1843 48 75 his
327 1843 140 75 accompt
482 1843 42 75 of
526 1843 41 75 go
572 1843 49 75 As
640 1843 10 75 ;
675 1843 70 75 that
761 1843 39 75 is,
825 1843 117 75 charge
956 1843 42 75 A.
1020 1843 40 75 B.
1092 1843 49 75 his

117 1891 142 75 accompt
273 1891 43 75 of
318 1891 94 75 goods
430 1891 54 75 Dr
499 1891 35 75 to
551 1891 171 75 Sundries,
748 1891 63 75 viz.
828 1891 35 75 to
879 1891 95 75 Cajh,
1005 1891 50 75 for
1080 1891 61 75 any

118 1936 132 75 charges
268 1936 71 75 paid
357 1936 42 75 by
415 1936 77 75 you,
518 1936 55 75 not
591 1936 53 75 yet
663 1936 124 75 booked
802 1936 10 75 ;
849 1936 37 75 or
911 1936 35 75 to
963 1936 56 75 the
1030 1936 111 75 perjon

118 1984 38 75 or
170 1984 128 75 perfons
314 1984 35 75 to
365 1984 106 75 whom
488 1984 77 75 they
581 1984 54 75 are
651 1984 74 75 due,
751 1984 30 75 if
795 1984 53 75 not
866 1984 54 75 yet
946 1984 71 75 paid
1032 1984 10 75 ;
1081 1984 61 75 and

119 2030 35 75 to
172 2030 105 75 Profit
292 2030 169 75 andLofs,
486 2030 51 75 for
554 2030 80 75 your
650 2030 190 75 commiflion
854 2030 10 75 ;
903 2030 62 75 and
990 2030 34 75 to
1043 2030 40 75 A.
1102 2030 41 75 B.

120 2077 49 75 his
185 2077 140 75 accompt
343 2077 36 75 on
397 2077 90 75 time,
512 2077 52 75 for
581 2077 54 75 the
652 2077 199 75 outllanding
868 2077 106 75 debts,
1006 2077 31 75 if
1055 2077 62 75 any
1131 2077 11 75 ;

121 2122 62 75 and
208 2122 33 75 to
261 2122 41 75 A-
320 2122 40 75 B.
385 2122 49 75 bis
455 2122 306 75 accornpt-current,
796 2122 51 75 for

121 2165 98 75 ready
235 2165 113 75 money
365 2165 31 75 in
413 2165 80 75 your
510 2165 111 75 hands.
672 2165 84 75 Aug.
774 2165 54 75 2$.

173 2213 28 75 5.
223 2213 111 75 When
347 2213 62 75 you
423 2213 121 75 receive
557 2213 147 75 payment
718 2213 37 75 of
765 2213 53 75 the
830 2213 10 75 c

123 2261 89 75 enter
235 2261 32 75 as
293 2261 32 75 in
347 2261 116 75 proper
487 2261 107 75 trade,
619 2261 64 75 viz.
707 2261 81 75 Cajh
807 2261 52 75 Dr
876 2261 34 75 to
927 2261 54 75 the
1000 2261 122 75 Buyers
1139 2261 11 75 ;

125 2306 56 75 bat
197 2306 30 75 if
240 2306 62 75 you
318 2306 39 75 be
375 2306 127 75 obliged
519 2306 35 75 to
576 2306 89 75 make
684 2306 195 75 abatement,
916 2306 51 75 for
991 2306 104 75 defeft
1117 2306 45 75 in.

124 2350 117 75 weight
258 2350 37 75 or
311 2350 151 75 meafure,
487 2350 37 75 or
540 2350 62 75 bad
618 2350 151 75 markets,
796 2350 61 75 6c.

172 2398 158 75 Sundries

1334 2026 37 75 P.
1420 2026 17 75 §
1457 2026 33 75 2.
1541 2026 67 75 The
1623 2026 85 75 cafes
1725 2026 44 75 of
1787 2026 132 75 returns
1936 2026 35 75 in
1988 2026 85 75 bills.

1241 2095 78 75 Cafe
1339 2095 28 75 I.
1390 2095 126 75 When
1536 2095 80 75 your
1633 2095 164 75 employer
1821 2095 104 75 draws
1951 2095 17 75 a
1989 2095 59 75 bill
2073 2095 41 75 on
2136 2095 77 75 you,

1196 2140 103 75 which
1318 2140 60 75 you
1397 2140 109 75 accept
1523 2140 60 75 and
1602 2140 59 75 pay
1680 2140 39 75 on
1738 2140 90 75 fight,
1856 2140 87 75 enter
1964 2140 41 75 A.
2023 2140 40 75 B.
2087 2140 48 75 his
2160 2140 55 75 ac-

1197 2184 252 75 compt.current
1468 2184 51 75 Dr
1536 2184 34 75 to
1586 2184 95 75 Cajh,
1708 2184 51 75 for
1777 2184 90 75 value
1884 2184 39 75 of
1936 2184 54 75 the
2009 2184 68 75 bill.

473 2345 764 75 z:ip~^r—-»

479 2435 20 75 r

1200 2435 31 75 if
1242 2435 63 75 you
1324 2435 121 75 receive
1462 2435 123 75 prefent
1602 2435 111 75 money
1742 2435 51 75 for
1816 2435 55 75 ,he
1896 2435 87 75 Mi,
2014 2435 37 75 »,
2092 2435 29 75 if
2144 2435 69 75 nor,

479 2441 66 75 r™
564 2441 155 75 received,

1200 2473 35 49 th
1235 2441 22 75 '

1456 2441 49 75 Dr
1526 2441 35 75 ,o
1576 2441 43 75 A.
1632 2441 41 75 B.
1682 2441 49 75 hi,

2062 2441 51 75 for
2126 2441 91 75 ».lue

472 2486 240 75 nnpt-current,
745 2486 52 75 tor
822 2486 55 75 tne
893 2486 65 75 mm
976 2486 128 75 aoaicu.
1201 2486 61 75 „r.
1262 2518 20 49 u
1322 2486 53 75 ..11

1568 2460 7 104 ■

320 2396 10 75 r
349 2396 68 75 Drs
436 2396 33 75 to
486 2396 56 75 the
561 2396 119 75 Buyer,

221 2445 94 75 Cajh,
340 2445 52 75 for
406 2445 56 75 the
481 2445 16 75 '

223 2493 40 75 A.
283 2493 40 75 B.
339 2493 48 75 his
409 2493 152 75 accompt-

176 2540 31 75 6.
229 2540 112 75 When
357 2540 63 75 you
437 2540 121 75 receive
575 2540 148 75 payment
738 2540 39 75 of
790 2540 18 75 a
824 2540 75 75 debt
916 2540 42 75 on
981 2540 80 75 your
1085 2540 66 75 em-

129 2584 138 75 ploye!’s
285 2584 145 75 account,
455 2584 63 75 you
537 2584 76 75 muft
632 2584 56 75 not
712 2584 76 75 only
812 2584 72 75 give
911 2584 55 75 the
992 2584 98 75 buyer
1114 2584 37 75 or

130 2630 97 75 payer
251 2630 101 75 credit
379 2630 31 75 as
435 2630 138 75 direfted
598 2630 112 75 above,
748 2630 54 75 but
829 2630 31 75 at
885 2630 54 75 the
965 2630 81 75 fame
1075 2630 77 75 time

131 2677 115 75 charge
264 2677 42 75 A.
320 2677 39 75 B.
375 2677 49 75 his
437 2677 138 75 accompt
587 2677 38 75 on
637 2677 79 75 time
731 2677 50 75 Dr
795 2677 33 75 to
840 2677 83 75 ditto
936 2677 49 75 his
997 2677 140 75 accompt

132 2723 146 75 current,
303 2723 51 75 for
371 2723 54 75 the
442 2723 102 75 whole
561 2723 66 75 fum
643 2723 40 75 of
696 2723 54 75 the
767 2723 89 75 debt,
881 2723 143 75 whether
1042 2723 59 75 any
1119 2723 18 75 a

1224 2509 15 75 f
1251 2509 54 75 the
1322 2509 66 75 bill.
1438 2509 81 75 May
1539 2509 52 75 31.

1249 2587 20 49 4
1269 2555 12 75 .
1304 2555 111 75 Vthen
1432 2555 61 75 you
1510 2555 93 75 remi,
1620 2555 17 75 a
1652 2555 57 75 bill
1720 2555 35 75 to
1768 2555 79 75 your

1201 2602 62 75 you
1281 2602 59 75 pay
1363 2602 92 75 ready
1475 2602 126 75 money,
1627 2602 89 75 enter
1734 2602 36 75 A
1801 2602 38 75 IS.
1862 2602 48 75 his
1926 2602 70 75 aoiv

1202 2649 51 75 Dr
1269 2649 36 75 to
1320 2649 95 75 Cash,
1441 2649 49 75 for
1509 2649 89 75 value
1614 2649 38 75 of
1665 2649 54 75 the
1736 2649 65 75 bill.
1851 2649 85 75 Sept.
1953 2649 32 75 8.

1304 2691 110 75 When
1427 2691 61 75 you
1503 2691 91 75 remit
1607 2691 17 75 a
1637 2691 57 75 bill
1707 2691 125 75 to.your
1844 2691 176 75 employer,
2037 2691 103 75 which
2154 2691 63 75 you

1201 2739 102 75 either
1320 2739 131 75 procure
1467 2739 40 75 on
1526 2739 88 75 time,
1640 2739 35 75 or
1695 2739 120 75 receive
1833 2739 31 75 in
1883 2739 146 75 payment
2046 2739 33 75 ot
2104 2739 18 75 a
2138 2739 80 75 deot
