2477 3395
219 286 187 75 iftnguifhed
416 286 86 75 from
515 286 54 75 the
584 286 88 75 bows
689 286 40 75 of
736 286 128 75 Greece
881 286 63 75 and
955 286 95 75 other
1066 286 139 75 nations,

223 333 41 75 by
281 333 40 75 its
339 333 211 75 incurvation,
575 333 105 75 which
705 333 64 75 v/as
787 333 33 75 fo
838 333 102 75 great,
967 333 33 75 as
1017 333 36 75 to
1071 333 81 75 form
1171 333 39 75 an

223 379 67 75 hair
307 379 95 75 moon
419 379 37 75 or
478 379 184 75 femicircle.
712 379 76 75 The
804 379 117 75 matter
938 379 39 75 of
996 379 106 75 which
1119 379 89 75 bows

222 426 84 75 were
324 426 104 75 made,
455 426 34 75 as
506 426 73 75 well
596 426 34 75 as
649 426 83 75 their
749 426 74 75 fize,
849 426 138 75 differed
1007 426 32 75 in
1060 426 149 75 different

224 473 174 75 countries.
446 473 78 75 The
541 473 141 75 Perfians
696 473 63 75 had
771 473 78 75 very
867 473 90 75 great
970 473 87 75 bows
1070 473 92 75 made
1176 473 40 75 of

225 519 111 75 reeds;
356 519 63 75 and
439 519 55 75 the
511 519 129 75 Indians
652 519 65 75 had
733 519 77 75 alfo,
829 519 55 75 not
901 519 77 75 only
995 519 132 75 arrows,
1152 519 59 75 but

224 566 88 75 bows
326 566 92 75 made
435 566 40 75 of
489 566 55 75 the
562 566 91 75 reeds
669 566 38 75 or
723 566 92 75 canes
833 566 40 75 of
885 566 71 75 that
972 566 157 75 country;
1156 566 56 75 the

225 612 124 75 Lycian
366 612 88 75 bows
468 612 84 75 were
569 612 92 75 made
677 612 41 75 of
730 612 55 75 the
803 612 106 75 cornel
928 612 65 75 tree
1005 612 10 75 ;
1043 612 61 75 and
1121 612 91 75 thofe

225 659 40 75 of
276 659 55 75 the
344 659 219 75 ^Ethiopians,
589 659 104 75 which
711 659 158 75 furpaffed
887 659 43 75 all
946 659 109 75 others
1072 659 33 75 in
1123 659 88 75 mag-

226 705 121 75 nitude,
366 705 84 75 were
467 705 147 75 made.of
625 705 55 75 the
697 705 184 75 palm-tree.

273 751 144 75 Though
434 751 26 75 it
476 751 77 75 does
576 751 58 75 not
650 751 127 75 appear,
802 751 71 75 that
890 751 55 75 the
961 751 144 75 Romans
1122 751 92 75 made

227 798 52 75 ufe
296 798 40 75 of
348 798 88 75 bows
452 798 33 75 in
500 798 56 75 the
572 798 129 75 infancy
723 798 40 75 of
775 798 85 75 their
884 798 155 75 republic,
1064 798 56 75 yet
1136 798 78 75 they

228 845 188 75 afterwards
434 845 157 75 admitted
606 845 89 75 them
712 845 33 75 as
763 845 112 75 hofiile
887 845 161 75 weapons,
1074 845 62 75 and
1148 845 65 75 em-

229 891 118 75 ployed
364 891 158 75 auxiliary
538 891 128 75 archers
684 891 32 75 in
734 891 43 75 all
793 891 85 75 their
888 891 94 75 wars.

275 937 38 75 In
330 937 157 75 drawing'
487 937 55 75 the
558 937 86 75 bow,
663 937 55 75 the
734 937 158 75 primitive
909 937 158 75 Grecians
1085 937 55 75 did
1157 937 59 75 not

227 984 66 75 pull
302 984 81 75 back
396 984 82 75 their
488 984 86 75 hand
584 984 140 75 towards
734 984 85 75 their
831 984 86 75 right
925 984 65 75 ear,
1000 984 170 75 according
1180 984 34 75 to

228 1030 55 75 the
293 1030 119 75 fafhion
427 1030 39 75 of
478 1030 132 75 modern
623 1030 86 75 ages,
726 1030 64 75 and
802 1030 40 75 of
854 1030 55 75 the
921 1030 124 75 ancient
1057 1030 157 75 Perfians,

230 1076 70 75 but,
324 1076 125 75 placing
466 1076 84 75 their
567 1076 71 75 bow
656 1076 134 75 diredtly
811 1076 110 75 before
939 1076 100 75 them,
1066 1076 151 75 returned

229 1122 84 75 their
329 1122 87 75 hand
432 1122 85 75 upon
534 1122 84 75 their
635 1122 87 75 right
737 1122 114 75 breaft.
891 1122 87 75 This
995 1122 65 75 was
1078 1122 65 75 alfo
1159 1122 60 75 the

229 1170 118 75 ctjftom
360 1170 40 75 of
412 1170 55 75 the
484 1170 180 75 i\mazons.

275 1216 77 75 The
375 1216 73 75 bow
464 1216 25 75 is
519 1216 18 75 a
553 1216 130 75 weapon
701 1216 41 75 of
752 1216 124 75 offence
894 1216 141 75 amongft
1052 1216 55 75 the
1125 1216 89 75 inha-

184 1262 7 75 -
227 1262 120 75 bitants
360 1262 40 75 of
406 1262 89 75 Afia,
505 1262 126 75 Africa,
645 1262 61 75 and
716 1262 164 75 America,
894 1262 32 75 at
939 1262 63 75 this
1015 1262 83 75 day;
1113 1262 61 75 and
1183 1262 32 75 in

230 1308 143 75 Europe,
387 1308 110 75 before
508 1308 56 75 the
577 1308 161 75 invention
755 1308 38 75 of
800 1308 170 75 fire-arms,
997 1308 18 75 a
1027 1308 69 75 part
1110 1308 39 75 of
1161 1308 74 75 the.

229 1355 143 75 infantry
384 1355 83 75 were
480 1355 107 75 armed
601 1355 76 75 with
688 1355 104 75 bows.
818 1355 181 75 LewisXI.
1011 1355 62 75 firfl:
1082 1355 134 75 abolifh-

231 1402 40 75 ed
283 1402 54 75 the
350 1402 53 75 ufe
415 1402 40 75 of
462 1402 86 75 them
562 1402 31 75 in
607 1402 133 75 France,
750 1402 215 75 introducing,
975 1402 31 75 in
1016 1402 82 75 their
1113 1402 102 75 place,

230 1448 55 75 the
294 1448 146 75 halbard,
457 1448 85 75 pike,
561 1448 61 75 and
638 1448 100 75 broad
751 1448 117 75 fword.
892 1448 77 75 The
982 1448 74 75 long
1068 1448 73 75 bow
1153 1448 64 75 was

232 1494 154 75 formerly
403 1494 31 75 in
459 1494 90 75 great
573 1494 102 75 vogue
692 1494 31 75 in
747 1494 162 75 England,
935 1494 62 75 and
1027 1494 95 75 many
1139 1494 78 75 laws

231 1541 83 75 were
330 1541 89 75 made
436 1541 35 75 to
487 1541 176 75 encourage
676 1541 55 75 the
748 1541 52 75 ufe
817 1541 38 75 of
868 1541 36 75 it.
940 1541 77 75 The
1029 1541 189 75 parliament

232 1587 101 75 under
358 1587 115 75 Henry
494 1587 96 75 -VII.-'
608 1587 201 75 complained
824 1587 39 75 of
886 1587 55 75 the
966 1587 100 75 difufe
1083 1587 40 75 of
1142 1587 82 75 long,

232 1634 101 75 bows,
359 1634 183 75 heretofore
565 1634 57 75 the
650 1634 168 75 fafeguard
847 1634 60 75 and
936 1634 134 75 defence
1095 1634 40 75 of
1154 1634 64 75 this

234 1681 164 75 kingdom,
424 1681 63 75 and
503 1681 55 75 the
578 1681 99 75 dread
694 1681 62 75 and
772 1681 208 75 terror'ofits
997 1681 149 75 enemies.

187 1727 88 75 Bow
291 1727 26 75 is
336 1727 64 75 alfo
417 1727 38 75 an
472 1727 185 75 inftrument
674 1727 154 75 formerly
840 1727 75 75 ufed
932 1727 32 75 at
980 1727 115 75 feafor
1111 1727 111 75 taking

236 1773 55 75 the
307 1773 85 75 fun’s
408 1773 157 75 altitude;
592 1773 163 75 confiding
772 1773 40 75 of
831 1773 19 75 a
866 1773 87 75 large
970 1773 77 75 arch
1064 1773 39 75 of
1115 1773 110 75 ninety

237 1820 131 75 degrees
385 1820 189 75 graduated,
601 1820 18 75 a
642 1820 97 75 fhank
762 1820 38 75 or
824 1820 83 75 ftaff,
933 1820 17 75 a
973 1820 93 75 {hade
1088 1820 93 75 vane,
1207 1820 19 75 a

237 1865 80 75 fight
333 1865 93 75 vane,
445 1865 62 75 and
520 1865 37 75 an
569 1865 138 75 horizon
723 1865 92 75 vane.
857 1865 32 75 It
906 1865 26 75 is
950 1865 72 75 now
1039 1865 58 75 out
1109 1865 39 75 of
1159 1865 65 75 ufe.

190 1911 99 75 Bow,
317 1911 116 75 among
449 1911 154 75 builders,
629 1911 18 75 a
670 1911 90 75 beam
786 1911 40 75 of
845 1911 95 75 wood
961 1911 36 75 or
1022 1911 99 75 brafs,
1147 1911 78 75 with

237 1959 91 75 three
359 1959 76 75 long
466 1959 125 75 fcrews,
628 1959 71 75 that
731 1959 100 75 dire<5t
853 1959 19 75 a
893 1959 68 75 lath
995 1959 40 75 of
1062 1959 96 75 wood
1189 1959 37 75 or

236 2005 75 75 fteel
331 2005 35 75 to
383 2005 63 75 any
462 2005 97 75 arch;
586 2005 115 75 chiefly
718 2005 76 75 ufed
811 2005 31 75 in
860 2005 143 75 drawing
1019 2005 154 75 draughts
1190 2005 41 75 of

237 2051 94 75 fnips,
357 2051 61 75 and
436 2051 190 75 proje&ions
643 2051 41 75 of
702 2051 56 75 the
775 2051 131 75 fphere;
932 2051 38 75 or
987 2051 196 75 where-ever
1200 2051 27 75 it

238 2097 26 75 is
277 2097 147 75 requifite
440 2097 36 75 to
492 2097 89 75 draw
597 2097 87 75 large
701 2097 124 75 arches.

191 2143 103 75 Bow,
320 2143 30 75 in
380 2143 106 75 mufic,
512 2143 17 75 a
558 2143 90 75 fmall
675 2143 157 75 machine,
857 2143 119 75 which,
1001 2143 95 75 being
1118 2143 108 75 drawn

238 2189 77 75 over
331 2189 55 75 the
403 2189 112 75 firings
532 2189 39 75 of
591 2189 18 75 a
631 2189 127 75 mufical
783 2189 200 75 inftrument,-
1008 2189 108 75 makes
1134 2189 24 75 it
1175 2189 50 75 re-

239 2237 115 75 found.
404 2237 31 75 It
453 2237 26 75 is
497 2237 167 75 compofed
681 2237 40 75 of
740 2237 18 75 a
774 2237 89 75 fmall
880 2237 88 75 ftick,
995 2237 35 75 to
1046 2237 105 75 which
1175 2237 52 75 are

240 2283 140 75 faftened
397 2283 112 75 eighty
518 2283 39 75 or
574 2283 38 75 an
628 2283 147 75 hundred
786 2283 210 75 horfe-hairs,
1014 2283 61 75 and
1094 2283 18 75 a
1127 2283 98 75 fcrew

241 2330 104 75 which
360 2330 102 75 ferves
476 2330 33 75 to
522 2330 71 75 give
611 2330 85 75 thefe
713 2330 85 75 hairs
815 2330 55 75 the
882 2330 115 75 proper
1008 2330 130 75 tenfion.
1187 2330 39 75 In

241 2376 95 75 order
347 2376 71 75 that
436 2376 53 75 the
507 2376 74 75 bow
597 2376 73 75 may
686 2376 97 75 touch
802 2376 55 75 the
873 2376 113 75 ftrings
1003 2376 129 75 briikly,
1157 2376 27 75 it
1199 2376 26 75 is

243 2422 86 75 ufual
346 2422 35 75 to
394 2422 58 75 rub
469 2422 54 75 the
536 2422 85 75 hairs
639 2422 78 75 with
735 2422 92 75 rofin.

195 2468 104 75 Bow,
324 2468 116 75 among
464 2468 164 75 artificers,
654 2468 39 75 an
709 2468 186 75 inftrument
911 2468 34 75 fo
967 2468 104 75 called
1087 2468 82 75 from
1186 2468 41 75 its

243 2516 122 75 figure;
396 2516 33 75 in
458 2516 52 75 ufe
535 2516 115 75 among
671 2516 189 75 gunfmiths,
885 2516 197 75 lockfmiths,
1108 2516 119 75 watch-

243 2562 137 75 makers,
407 2562 64 75 lire,
497 2562 52 75 for
565 2562 128 75 making
709 2562 19 75 a
744 2562 73 75 drill
835 2562 54 75 go.
938 2562 131 75 Among
1091 2562 138 75 turners,

244 2607 24 75 it
298 2607 26 75 is
349 2607 54 75 the
431 2607 91 75 name
546 2607 40 75 of
604 2607 70 75 that
700 2607 71 75 pole
796 2607 87 75 fixed
907 2607 36 75 to
963 2607 56 75 the
1043 2607 126 75 ceiling,
1195 2607 34 75 to

245 2655 106 75 which
368 2655 78 75 they
461 2655 98 75 faften
577 2655 55 75 the
650 2655 79 75 cord
745 2655 79 75 thab
832 2655 108 75 whirls
958 2655 103 75 round
1072 2655 54 75 the
1143 2655 88 75 piece

245 2700 35 75 to
297 2700 40 75 be
348 2700 128 75 turned.

199 2748 263 75 Bow-staves,
480 2748 156 75 imported
653 2748 83 75 from
750 2748 55 75 the
817 2748 118 75 Britilh
953 2748 204 75 plantations,
1175 2748 56 75 are

247 2793 87 75 free;
362 2793 29 75 if
403 2793 84 75 from
505 2793 140 75 Ireland,
662 2793 88 75 Afia,
776 2793 36 75 or
829 2793 126 75 Africa,
978 2793 77 75 they
1071 2793 61 75 pay
1154 2793 76 75 jys.

249 2840 29 75 4-
278 2872 14 49 I
292 2840 43 75 A°i
335 2872 8 49 J
343 2840 34 75 d.
404 2840 52 75 for
470 2840 96 75 every
587 2840 87 75 120;
700 2840 62 75 and
785 2840 31 75 if
834 2840 84 75 from
935 2840 62 75 any
1020 2840 94 75 other
1134 2840 97 75 coun-

249 2885 63 75 try,
345 2885 48 75 11.
413 2885 18 75 2
443 2885 28 75 s.
502 2885 40 75 io
542 2917 23 49 T
565 2885 86 75 \%d.
677 2885 52 75 for
740 2885 54 75 the
810 2885 83 75 fame
909 2885 145 75 number.

201 2931 108 75 Bows
324 2931 42 75 of
379 2931 21 75 a
414 2931 118 75 faddle
555 2931 53 75 are
631 2931 66 75 two
713 2931 104 75 pieces
833 2931 41 75 of
891 2931 96 75 wood
997 2931 65 75 laid
1082 2931 150 75 archwife

248 2977 34 75 to
299 2977 121 75 receive
437 2977 55 75 the
510 2977 98 75 upper
624 2977 71 75 part
706 2977 40 75 of
759 2977 18 75 a
788 2977 119 75 horfe’s
924 2977 93 75 back,
1042 2977 34 75 to
1089 2977 71 75 give
1177 2977 55 75 the

248 3025 107 75 faddle
367 3025 40 75 its
420 3025 63 75 due
494 3025 98 75 form,
617 3025 63 75 and
695 3025 35 75 to
746 3025 80 75 keep
843 3025 25 75 it
884 3025 98 75 tight.

296 3071 75 75 The
389 3071 171 75 fore-bow,
586 3071 105 75 which
711 3071 126 75 fuftains
853 3071 55 75 the
929 3071 150 75 pommel,
1103 3071 27 75 is
1146 3071 86 75 com-

1349 217 18 75 )

1669 217 257 75 BOW

1306 285 94 75 pofed
1418 285 41 75 of
1478 285 56 75 the
1551 285 145 75 withers,
1721 285 56 75 the
1794 285 129 75 breafts,
1948 285 56 75 the
2027 285 106 75 points
2157 285 38 75 or
2211 285 83 75 toes,

1310 332 62 75 and
1389 332 56 75 the
1464 332 149 75 corking.
1664 332 282 75 SeeWiTHEas,
1973 332 64 75 &c.

1350 379 77 75 The
1444 379 169 75 hind-bow
1635 379 90 75 bears
1742 379 56 75 the
1813 379 186 75 troufequin
2016 379 38 75 or
2071 379 124 75 quilted
2218 379 75 75 roll.

1305 424 76 75 The
1399 424 87 75 bows
1504 424 53 75 are
1573 424 136 75 covered
1727 424 77 75 with
1823 424 122 75 finews,
1970 424 70 75 that
2054 424 39 75 is,
2121 424 77 75 with
2213 424 84 75 bulls

1308 471 120 75 pizzels
1447 471 127 75 beaten,
1601 471 62 75 and
1680 471 35 75 fo
1732 471 58 75 run
1810 471 42 75 all
1868 471 77 75 over
1970 471 54 75 the
2045 471 88 75 bows
2152 471 35 75 to
2205 471 93 75 make

1307 518 88 75 them
1425 518 171 75 ftronger..
1640 518 97 75 Then
1768 518 77 75 they
1874 518 53 75 are
1961 518 226 75 ftrengthened
2219 518 79 75 with

1306 564 100 75 bands
1430 564 41 75 of
1490 564 70 75 iron
1576 564 36 75 to
1635 564 81 75 keep
1741 564 88 75 them
1846 564 97 75 tight,
1969 564 74 75 and,
2069 564 41 75 on
2127 564 55 75 the
2198 564 101 75 lower

1307 611 74 75 fide,
1407 611 53 75 are
1476 611 107 75 nailed
1599 611 42 75 on
1664 611 56 75 the
1737 611 235 75 faddle-ftraps,
1997 611 81 75 with
2094 611 107 75 which
2219 611 79 75 they

1307 657 93 75 make
1416 657 59 75 faft
1492 657 56 75 the
1565 657 114 75 girths.

1260 704 92 75 Bow
1370 704 42 75 of
1425 704 22 75 a
1461 704 90 75 /hip,
1578 704 69 75 that
1662 704 71 75 part
1750 704 106 75 which
1872 704 113 75 begins
2010 704 35 75 at
2063 704 56 75 the
2136 704 82 75 loof,
2236 704 63 75 and

1307 749 188 75 compafling
1519 749 77 75 ends
1620 749 39 75 of
1680 749 54 75 the
1759 749 88 75 ftem,
1872 749 62 75 and
1958 749 77 75 ends
2064 749 33 75 at
2124 749 55 75 the
2201 749 97 75 ftern-

1307 796 77 75 moft
1402 796 69 75 part
1495 796 40 75 of
1554 796 54 75 the
1625 796 193 75 fore-caftle.

1356 843 36 75 If
1412 843 18 75 a
1445 843 65 75 fhip
1522 843 81 75 have
1620 843 19 75 a
1650 843 100 75 broad
1762 843 104 75 round
1882 843 87 75 bow,
1987 843 77 75 they
2076 843 60 75 call
2149 843 25 75 it
2191 843 16 75 a
2221 843 77 75 bold

1310 889 85 75 bow.
1445 889 33 75 If
1500 889 52 75 ftie
1567 889 58 75 has
1642 889 18 75 a
1676 889 127 75 narrow
1818 889 71 75 thin
1907 889 86 75 bow,
2019 889 77 75 they
2107 889 54 75 fay
2172 889 53 75 flie
2240 889 59 75 has

1311 936 16 75 a
1344 936 69 75 lean
1427 936 85 75 bow.

1264 982 210 75 Bow-line.
1526 982 272 75 SccBowling.

1263 1029 91 75 Bow
1374 1029 132 75 pieces
1527 1029 53 75 are
1600 1029 56 75 the
1672 1029 104 75 pieces
1793 1029 40 75 of
1852 1029 171 75 ordinance
2039 1029 33 75 at
2087 1029 57 75 the
2166 1029 74 75 bow
2262 1029 41 75 of

1310 1076 18 75 a
1344 1076 77 75 fhip.

1263 1122 197 75 Rain-now.
1511 1122 63 75 See
1585 1122 212 75 Rain-bow,
1820 1122 63 75 and
1897 1122 161 75 Optics.

1271 1167 269 75 Bow-bearer,
1567 1167 38 75 an
1622 1167 133 75 inferior
1776 1167 109 75 officer
1906 1167 40 75 of
1965 1167 54 75 the
2044 1167 107 75 foreft,
2176 1167 73 75 who
2272 1167 26 75 is

1312 1215 102 75 fworn
1433 1215 34 75 to
1483 1215 92 75 make
1590 1215 181 75 inquifition
1788 1215 40 75 of
1847 1215 43 75 all
1913 1215 161 75 trefpaffes
2096 1215 117 75 againft
2229 1215 72 75 vert

1309 1260 37 75 or
1357 1260 139 75 venifon,
1521 1260 62 75 and
1599 1260 34 75 to
1650 1260 108 75 attack
1774 1260 172 75 offenders.

1265 1307 157 75 BOWE,
1458 1307 18 75 a
1504 1307 228 75 market-town
1759 1307 41 75 of
1818 1307 212 75 Devonfhife,
2060 1307 97 75 about
2185 1307 114 75 twelve

1314 1352 90 75 miles
1432 1352 187 75 north-weft
1647 1352 40 75 of
1705 1352 147 75 Exeter;
1881 1352 58 75 W.
1963 1352 88 75 long.
2076 1352 20 75 4
2096 1334 23 49 0
2119 1352 14 75 ,
2159 1352 62 75 and
2248 1352 49 75 N.

1313 1398 56 75 lat.
1392 1398 58 75 50°
1471 1398 68 75 qj'.

1266 1445 217 75 BOWELS,
1510 1445 30 75 in
1559 1445 160 75 anatomy,
1744 1445 56 75 the
1815 1445 84 75 fame
1918 1445 79 75 with
2013 1445 172 75 inteftines.
2235 1445 63 75 See

1313 1494 30 75 p.
1371 1494 80 75 2jo,
1478 1494 64 75 6c.

1266 1539 192 75 BOWER,
1483 1539 33 75 in
1533 1539 187 75 gardening,
1746 1539 18 75 a
1780 1539 89 75 place
1891 1539 100 75 under
2009 1539 110 75 covert
2142 1539 41 75 of
2201 1539 96 75 trees,

1313 1584 148 75 differing
1476 1584 77 75 only
1564 1584 84 75 from
1663 1584 39 75 an
1714 1584 128 75 arbour,
1856 1584 34 75 as
1903 1584 93 75 being
2009 1584 103 75 round
2124 1584 35 75 or
2172 1584 125 75 fquare,

1315 1631 61 75 and
1404 1631 92 75 made
1522 1631 76 75 with
1624 1631 19 75 a
1667 1631 78 75 kind
1769 1631 40 75 of
1832 1631 94 75 dome
1953 1631 38 75 or
2016 1631 117 75 ceiling
2158 1631 33 75 at
2219 1631 78 75 top;

1317 1677 138 75 whereas
1474 1677 54 75 the
1544 1677 117 75 arbour
1676 1677 26 75 is
1719 1677 118 75 always
1852 1677 82 75 built
1949 1677 76 75 long
2043 1677 62 75 and
2120 1677 130 75 arched.

1268 1723 151 75 Bower,
1451 1723 32 75 in
1509 1723 55 75 the
1590 1723 234 75 fea-language,
1854 1723 55 75 the
1933 1723 91 75 name
2048 1723 40 75 of
2112 1723 39 75 an
2179 1723 120 75 anchor

1317 1770 123 75 carried
1455 1770 33 75 at
1499 1770 55 75 the
1570 1770 72 75 bow
1659 1770 40 75 of
1710 1770 111 75 a,fhip.
1869 1770 112 75 There
1993 1770 53 75 are
2057 1770 162 75 generally
2235 1770 65 75 two

1318 1816 139 75 bowers,
1482 1816 101 75 called
1607 1816 64 75 firft
1698 1816 60 75 and
1781 1816 129 75 fecond,
1934 1816 91 75 great
2053 1816 62 75 and
2139 1816 98 75 little,
2262 1816 38 75 or

1319 1864 66 75 beft
1402 1864 62 75 and
1480 1864 89 75 fmall
1590 1864 121 75 bower.
1764 1864 62 75 See
1841 1864 183 75 Anchor.

1272 1910 210 75 BOWESS,
1515 1910 38 75 or
1580 1910 152 75 Bowet,
1762 1910 31 75 in
1821 1910 160 75 falconry,
2012 1910 19 75 a
2057 1910 108 75 young
2191 1910 108 75 hawk,

1320 1956 90 75 when
1427 1956 51 75 ftie
1495 1956 103 75 draws
1616 1956 61 75 any
1694 1956 92 75 thing
1803 1956 55 75 out
1876 1956 39 75 of
1933 1956 58 75 her
2010 1956 77 75 neft,
2113 1956 62 75 and
2192 1956 109 75 covets

1320 2002 35 75 to
1371 2002 139 75 clamber
1527 2002 41 75 on
1584 2002 55 75 the
1655 2002 136 75 boughs.

1272 2048 194 75 BOWGE,
1491 2048 38 75 or
1545 2048 164 75 Bouche
1728 2048 42 75 oy
1785 2048 104 75 court.
1939 2048 61 75 See
2016 2048 180 75 Bouche.

1274 2098 145 75 BOWL
1436 2098 132 75 denotes
1593 2098 102 75 either
1720 2098 17 75 a
1761 2098 64 75 ball
1850 2098 40 75 of
1909 2098 107 75 wood,
2042 2098 50 75 for
2115 2098 56 75 the
2195 2098 53 75 ufe
2264 2098 41 75 of

1320 2141 159 75 bowling;
1506 2141 38 75 or
1559 2141 19 75 a
1594 2141 94 75 veffel
1712 2141 40 75 of
1771 2141 156 75 capacity,
1951 2141 139 75 wherein
2107 2141 35 75 to
2158 2141 81 75 hold
2261 2141 38 75 li-

1319 2188 112 75 quors.

1367 2234 109 75 Bowls
1493 2234 63 75 and
1578 2234 134 75 buckets
1730 2234 39 75 of
1780 2234 106 75 wood,
1914 2234 171 75 imported,
2111 2234 62 75 pay
2190 2234 18 75 a
2223 2234 80 75 duty

1319 2278 40 75 of
1379 2278 127 75 q-j^gd.
1532 2278 54 75 the
1610 2278 126 75 dozen;
1763 2278 146 75 whereof
1929 2278 130 75 S/^d.
2076 2278 28 75 is
2128 2278 109 75 repaid
2260 2278 43 75 on

1319 2326 171 75 exporting
1510 2326 100 75 them.

1273 2373 377 75 BOWLDER-y?ff»i?/,
1674 2373 89 75 fmall
1788 2373 115 75 ftones,
1928 2373 40 75 of
1986 2373 19 75 a
2026 2373 147 75 roundifh
2190 2373 112 75 figure,

1323 2420 60 75 and
1408 2420 42 75 no
1474 2420 209 75 determinate
1708 2420 74 75 fize,
1807 2420 102 75 found
1932 2420 41 75 on
1990 2420 55 75 the
2061 2420 156 75 fea-lhore
2241 2420 63 75 and

1322 2466 99 75 banks
1445 2466 37 75 or
1499 2466 106 75 rather
1622 2466 149 75 channels
1789 2466 40 75 of
1848 2466 112 75 rivers.

1277 2512 249 75 BOWLING,
1551 2512 55 75 the
1634 2512 48 75 art
1707 2512 40 75 of
1766 2512 129 75 playing
1917 2512 32 75 at
1973 2512 112 75 bowls.
2140 2512 76 75 The
2240 2512 65 75 firfl:

1325 2559 92 75 thing
1433 2559 35 75 to
1484 2559 40 75 be
1539 2559 155 75 obferved
1708 2559 32 75 in
1764 2559 141 75 bowling
1925 2559 39 75 is,
1990 2559 55 75 the
2070 2559 86 75 right
2177 2559 129 75 chufing

1325 2604 81 75 your
1422 2604 97 75 bowl,
1544 2604 105 75 which
1667 2604 78 75 muft
1764 2604 40 75 be
1827 2604 131 75 fuitable
1974 2604 36 75 to
2025 2604 56 75 the
2101 2604 123 75 ground
2241 2604 65 75 you

1325 2651 104 75 defign
1454 2651 35 75 to
1514 2651 58 75 run
1600 2651 55 75 on.
1711 2651 109 75 Thus,
1846 2651 51 75 for
1924 2651 83 75 clofe
2033 2651 112 75 alleys,
2171 2651 54 75 the
2249 2651 58 75 flat

1325 2696 85 75 bowl
1426 2696 27 75 is
1470 2696 55 75 the
1541 2696 89 75 beft;
1655 2696 51 75 for
1722 2696 81 75 open
1821 2696 140 75 grounds
1978 2696 39 75 of
2037 2696 187 75 advantage,
2249 2696 57 75 the

1324 2743 102 75 round
1442 2743 119 75 biaffed
1584 2743 106 75 bowl;
1718 2743 61 75 and
1802 2743 51 75 for
1875 2743 83 75 plain
1982 2743 62 75 and
2068 2743 82 75 level
2173 2743 132 75 fwards,

1324 2790 54 75 the
1401 2790 85 75 bowl
1511 2790 69 75 that
1604 2790 26 75 is
1654 2790 33 75 as
1711 2790 104 75 round
1832 2790 33 75 as
1883 2790 17 75 a
1916 2790 78 75 ball.
2042 2790 76 75 The
2135 2790 77 75 next
2228 2790 26 75 is
2271 2790 36 75 to

1326 2835 93 75 chufe
1434 2835 82 75 your
1533 2835 145 75 ground;
1705 2835 74 75 and,
1803 2835 104 75 laftly,
1932 2835 35 75 to
1982 2835 180 75 diftinguiffi
2185 2835 54 75 the
2264 2835 43 75 ri-

1325 2884 94 75 fings,
1436 2884 142 75 fallings,
1596 2884 62 75 and
1671 2884 189 75 advantages
1877 2884 40 75 of
1928 2884 55 75 the
1999 2884 104 75 places
2121 2884 106 75 where
2243 2884 65 75 you

1325 2930 97 75 bowl.

1280 2976 201 75 Bowling,
1507 2976 37 75 or
1559 2976 211 75 Bow-line,
1795 2976 31 75 in
1845 2976 18 75 a
1887 2976 78 75 (hip,
1991 2976 17 75 a
2032 2976 77 75 rope
2133 2976 92 75 made
2250 2976 58 75 faft

1329 3023 34 75 to
1379 3023 54 75 the
1451 3023 88 75 leech
1558 3023 37 75 or
1612 3023 120 75 middle
1747 3023 71 75 part
1835 3023 40 75 of
1893 3023 55 75 the
1964 3023 120 75 outfide
2100 3023 40 75 of
2158 3023 55 75 the
2230 3023 75 75 fail:

1327 3070 27 75 it
1370 3070 26 75 is
1408 3070 139 75 faftened
1559 3070 43 75 by
1614 3070 78 75 two,
1709 3070 103 75 three,
1830 3070 37 75 or
1879 3070 74 75 four
1964 3070 105 75 ropes,
2086 3070 65 75 like
2160 3070 18 75 a
2195 3070 113 75 crow’s
2223 3108 82 75 foot.
