<?xml version="1.0" encoding="UTF-8"?>
<alto xmlns="http://www.loc.gov/standards/alto/v3/alto.xsd"><Description><MeasurementUnit>pixel</MeasurementUnit><sourceImageInformation><fileName>./data/pdfs/c_188936619/i_144133901/188082693.23.pdf</fileName></sourceImageInformation><OCRProcessing ID="IdOcr"><ocrProcessingStep><processingDateTime>Fri Jul 12 10:37:58 2019
</processingDateTime><processingSoftware><softwareCreator>CONTRIBUTORS</softwareCreator><softwareName>pdfalto</softwareName><softwareVersion>0.1</softwareVersion></processingSoftware></ocrProcessingStep></OCRProcessing></Description><Styles><TextStyle ID="font0" FONTFAMILY="times" FONTSIZE="10.000" FONTTYPE="serif" FONTWIDTH="proportional" FONTCOLOR="#WWWWWW" FONTSTYLE=""/><TextStyle ID="font1" FONTFAMILY="times" FONTSIZE="6.500" FONTTYPE="serif" FONTWIDTH="proportional" FONTCOLOR="#WWWWWW" FONTSTYLE="superscript"/><TextStyle ID="font2" FONTFAMILY="times" FONTSIZE="6.500" FONTTYPE="serif" FONTWIDTH="proportional" FONTCOLOR="#WWWWWW" FONTSTYLE="subscript"/></Styles><Layout><Page ID="Page489" PHYSICAL_IMG_NR="489" WIDTH="2483" HEIGHT="3387"><PrintSpace><TextLine WIDTH="486" HEIGHT="75" ID="p489_t1" HPOS="636" VPOS="174"><String ID="p489_w1" CONTENT="A" HPOS="636" VPOS="174" WIDTH="40" HEIGHT="75" STYLEREFS="font0"/><SP WIDTH="80" VPOS="174" HPOS="676"/><String ID="p489_w2" CONTENT="R" HPOS="756" VPOS="174" WIDTH="36" HEIGHT="75" STYLEREFS="font0"/><SP WIDTH="76" VPOS="174" HPOS="792"/><String ID="p489_w3" CONTENT="I" HPOS="868" VPOS="174" WIDTH="17" HEIGHT="75" STYLEREFS="font0"/><SP WIDTH="77" VPOS="174" HPOS="885"/><String ID="p489_w4" CONTENT="T" HPOS="962" VPOS="174" WIDTH="39" HEIGHT="75" STYLEREFS="font0"/><SP WIDTH="77" VPOS="174" HPOS="1001"/><String ID="p489_w5" CONTENT="H" HPOS="1078" VPOS="174" WIDTH="44" HEIGHT="75" STYLEREFS="font0"/></TextLine><TextLine WIDTH="982" HEIGHT="75" ID="p489_t2" HPOS="216" VPOS="249"><String ID="p489_w6" CONTENT="We" HPOS="216" VPOS="249" WIDTH="66" HEIGHT="75" STYLEREFS="font0"/><SP WIDTH="17" VPOS="249" HPOS="282"/><String ID="p489_w7" CONTENT="fliall" HPOS="299" VPOS="249" WIDTH="76" HEIGHT="75" STYLEREFS="font0"/><SP WIDTH="17" VPOS="249" HPOS="375"/><String ID="p489_w8" CONTENT="next" HPOS="392" VPOS="249" WIDTH="79" HEIGHT="75" STYLEREFS="font0"/><SP WIDTH="15" VPOS="249" HPOS="471"/><String ID="p489_w9" CONTENT="torn" HPOS="486" VPOS="249" WIDTH="75" HEIGHT="75" STYLEREFS="font0"/><SP WIDTH="16" VPOS="249" HPOS="561"/><String ID="p489_w10" CONTENT="the" HPOS="577" VPOS="249" WIDTH="55" HEIGHT="75" STYLEREFS="font0"/><SP WIDTH="16" VPOS="249" HPOS="632"/><String ID="p489_w11" CONTENT="decimals" HPOS="648" VPOS="249" WIDTH="154" HEIGHT="75" STYLEREFS="font0"/><SP WIDTH="15" VPOS="249" HPOS="802"/><String ID="p489_w12" CONTENT="of" HPOS="817" VPOS="249" WIDTH="41" HEIGHT="75" STYLEREFS="font0"/><SP WIDTH="16" VPOS="249" HPOS="858"/><String ID="p489_w13" CONTENT="the" HPOS="874" VPOS="249" WIDTH="55" HEIGHT="75" STYLEREFS="font0"/><SP WIDTH="19" VPOS="249" HPOS="929"/><String ID="p489_w14" CONTENT="former" HPOS="948" VPOS="249" WIDTH="121" HEIGHT="75" STYLEREFS="font0"/><SP WIDTH="19" VPOS="249" HPOS="1069"/><String ID="p489_w15" CONTENT="exam-" HPOS="1088" VPOS="249" WIDTH="110" HEIGHT="75" STYLEREFS="font0"/></TextLine><TextLine WIDTH="1035" HEIGHT="75" ID="p489_t3" HPOS="166" VPOS="295"><String ID="p489_w16" CONTENT="ple" HPOS="166" VPOS="295" WIDTH="51" HEIGHT="75" STYLEREFS="font0"/><SP WIDTH="17" VPOS="295" HPOS="217"/><String ID="p489_w17" CONTENT="into" HPOS="234" VPOS="295" WIDTH="69" HEIGHT="75" STYLEREFS="font0"/><SP WIDTH="16" VPOS="295" HPOS="303"/><String ID="p489_w18" CONTENT="approximates," HPOS="319" VPOS="295" WIDTH="251" HEIGHT="75" STYLEREFS="font0"/><SP WIDTH="27" VPOS="295" HPOS="570"/><String ID="p489_w19" CONTENT="and" HPOS="597" VPOS="295" WIDTH="62" HEIGHT="75" STYLEREFS="font0"/><SP WIDTH="19" VPOS="295" HPOS="659"/><String ID="p489_w20" CONTENT="then" HPOS="678" VPOS="295" WIDTH="76" HEIGHT="75" STYLEREFS="font0"/><SP WIDTH="19" VPOS="295" HPOS="754"/><String ID="p489_w21" CONTENT="the" HPOS="773" VPOS="295" WIDTH="55" HEIGHT="75" STYLEREFS="font0"/><SP WIDTH="15" VPOS="295" HPOS="828"/><String ID="p489_w22" CONTENT="operation" HPOS="843" VPOS="295" WIDTH="168" HEIGHT="75" STYLEREFS="font0"/><SP WIDTH="16" VPOS="295" HPOS="1011"/><String ID="p489_w23" CONTENT="will" HPOS="1027" VPOS="295" WIDTH="66" HEIGHT="75" STYLEREFS="font0"/><SP WIDTH="17" VPOS="295" HPOS="1093"/><String ID="p489_w24" CONTENT="be" HPOS="1110" VPOS="295" WIDTH="40" HEIGHT="75" STYLEREFS="font0"/><SP WIDTH="15" VPOS="295" HPOS="1150"/><String ID="p489_w25" CONTENT="as" HPOS="1165" VPOS="295" WIDTH="36" HEIGHT="75" STYLEREFS="font0"/></TextLine><TextLine WIDTH="141" HEIGHT="75" ID="p489_t4" HPOS="166" VPOS="342"><String ID="p489_w26" CONTENT="follows." HPOS="166" VPOS="342" WIDTH="141" HEIGHT="75" STYLEREFS="font0"/></TextLine><TextLine WIDTH="225" HEIGHT="75" ID="p489_t5" HPOS="353" VPOS="401"><String ID="p489_w27" CONTENT="By" HPOS="353" VPOS="401" WIDTH="53" HEIGHT="75" STYLEREFS="font0"/><SP WIDTH="16" VPOS="401" HPOS="406"/><String ID="p489_w28" CONTENT="the" HPOS="422" VPOS="401" WIDTH="55" HEIGHT="75" STYLEREFS="font0"/><SP WIDTH="17" VPOS="401" HPOS="477"/><String ID="p489_w29" CONTENT="rule." HPOS="494" VPOS="401" WIDTH="84" HEIGHT="75" STYLEREFS="font0"/></TextLine><TextLine WIDTH="155" HEIGHT="75" ID="p489_t6" HPOS="403" VPOS="459"><String ID="p489_w30" CONTENT="25.85—" HPOS="403" VPOS="459" WIDTH="155" HEIGHT="75" STYLEREFS="font0"/></TextLine><TextLine WIDTH="146" HEIGHT="75" ID="p489_t7" HPOS="383" VPOS="514"><String ID="p489_w31" CONTENT="+79-24" HPOS="383" VPOS="514" WIDTH="146" HEIGHT="75" STYLEREFS="font0"/></TextLine><TextLine WIDTH="414" HEIGHT="75" ID="p489_t8" HPOS="690" VPOS="398"><String ID="p489_w32" CONTENT="Common" HPOS="690" VPOS="398" WIDTH="161" HEIGHT="75" STYLEREFS="font0"/><SP WIDTH="18" VPOS="398" HPOS="851"/><String ID="p489_w33" CONTENT="way" HPOS="869" VPOS="398" WIDTH="71" HEIGHT="75" STYLEREFS="font0"/><SP WIDTH="15" VPOS="398" HPOS="940"/><String ID="p489_w34" CONTENT="at" HPOS="955" VPOS="398" WIDTH="33" HEIGHT="75" STYLEREFS="font0"/><SP WIDTH="15" VPOS="398" HPOS="988"/><String ID="p489_w35" CONTENT="large." HPOS="1003" VPOS="398" WIDTH="101" HEIGHT="75" STYLEREFS="font0"/></TextLine><TextLine WIDTH="144" HEIGHT="75" ID="p489_t9" HPOS="844" VPOS="454"><String ID="p489_w36" CONTENT="25.85-" HPOS="844" VPOS="454" WIDTH="144" HEIGHT="75" STYLEREFS="font0"/></TextLine><TextLine WIDTH="144" HEIGHT="75" ID="p489_t10" HPOS="839" VPOS="509"><String ID="p489_w37" CONTENT="42-97+" HPOS="839" VPOS="509" WIDTH="144" HEIGHT="75" STYLEREFS="font0"/></TextLine><TextLine WIDTH="136" HEIGHT="75" ID="p489_t11" HPOS="397" VPOS="596"><String ID="p489_w38" CONTENT="103400" HPOS="397" VPOS="596" WIDTH="136" HEIGHT="75" STYLEREFS="font0"/></TextLine><TextLine WIDTH="91" HEIGHT="75" ID="p489_t12" HPOS="442" VPOS="644"><String ID="p489_w39" CONTENT="5170" HPOS="442" VPOS="644" WIDTH="91" HEIGHT="75" STYLEREFS="font0"/></TextLine><TextLine WIDTH="93" HEIGHT="75" ID="p489_t13" HPOS="439" VPOS="690"><String ID="p489_w40" CONTENT="2326" HPOS="439" VPOS="690" WIDTH="93" HEIGHT="75" STYLEREFS="font0"/></TextLine><TextLine WIDTH="66" HEIGHT="75" ID="p489_t14" HPOS="468" VPOS="736"><String ID="p489_w41" CONTENT="180" HPOS="468" VPOS="736" WIDTH="66" HEIGHT="75" STYLEREFS="font0"/></TextLine><TextLine WIDTH="117" HEIGHT="75" ID="p489_t15" HPOS="823" VPOS="594"><String ID="p489_w42" CONTENT="180-95" HPOS="823" VPOS="594" WIDTH="117" HEIGHT="75" STYLEREFS="font0"/></TextLine><TextLine WIDTH="91" HEIGHT="75" ID="p489_t16" HPOS="794" VPOS="640"><String ID="p489_w43" CONTENT="2326" HPOS="794" VPOS="640" WIDTH="91" HEIGHT="75" STYLEREFS="font0"/></TextLine><TextLine WIDTH="89" HEIGHT="75" ID="p489_t17" HPOS="797" VPOS="687"><String ID="p489_w44" CONTENT="5170" HPOS="797" VPOS="687" WIDTH="89" HEIGHT="75" STYLEREFS="font0"/></TextLine><TextLine WIDTH="110" HEIGHT="75" ID="p489_t18" HPOS="753" VPOS="734"><String ID="p489_w45" CONTENT="10340" HPOS="753" VPOS="734" WIDTH="110" HEIGHT="75" STYLEREFS="font0"/></TextLine><TextLine WIDTH="319" HEIGHT="75" ID="p489_t19" HPOS="256" VPOS="828"><String ID="p489_w46" CONTENT="Prod." HPOS="256" VPOS="828" WIDTH="100" HEIGHT="75" STYLEREFS="font0"/><SP WIDTH="28" VPOS="828" HPOS="356"/><String ID="p489_w47" CONTENT="1110.76+" HPOS="384" VPOS="828" WIDTH="191" HEIGHT="75" STYLEREFS="font0"/></TextLine><TextLine WIDTH="205" HEIGHT="85" ID="p489_t20" HPOS="736" VPOS="826"><String ID="p489_w48" CONTENT="IIIO.77" HPOS="736" VPOS="826" WIDTH="147" HEIGHT="75" STYLEREFS="font0"/><SP WIDTH="17" VPOS="826" HPOS="883"/><String ID="p489_w49" CONTENT="45" HPOS="900" VPOS="836" WIDTH="41" HEIGHT="75" STYLEREFS="font0"/></TextLine><TextLine WIDTH="985" HEIGHT="75" ID="p489_t21" HPOS="209" VPOS="889"><String ID="p489_w50" CONTENT="It" HPOS="209" VPOS="889" WIDTH="32" HEIGHT="75" STYLEREFS="font0"/><SP WIDTH="17" VPOS="889" HPOS="241"/><String ID="p489_w51" CONTENT="remains" HPOS="258" VPOS="889" WIDTH="133" HEIGHT="75" STYLEREFS="font0"/><SP WIDTH="19" VPOS="889" HPOS="391"/><String ID="p489_w52" CONTENT="to" HPOS="410" VPOS="889" WIDTH="34" HEIGHT="75" STYLEREFS="font0"/><SP WIDTH="25" VPOS="889" HPOS="444"/><String ID="p489_w53" CONTENT="be" HPOS="469" VPOS="889" WIDTH="39" HEIGHT="75" STYLEREFS="font0"/><SP WIDTH="16" VPOS="889" HPOS="508"/><String ID="p489_w54" CONTENT="obferved," HPOS="524" VPOS="889" WIDTH="165" HEIGHT="75" STYLEREFS="font0"/><SP WIDTH="26" VPOS="889" HPOS="689"/><String ID="p489_w55" CONTENT="that" HPOS="715" VPOS="889" WIDTH="70" HEIGHT="75" STYLEREFS="font0"/><SP WIDTH="25" VPOS="889" HPOS="785"/><String ID="p489_w56" CONTENT="the" HPOS="810" VPOS="889" WIDTH="56" HEIGHT="75" STYLEREFS="font0"/><SP WIDTH="24" VPOS="889" HPOS="866"/><String ID="p489_w57" CONTENT="want" HPOS="890" VPOS="889" WIDTH="85" HEIGHT="75" STYLEREFS="font0"/><SP WIDTH="16" VPOS="889" HPOS="975"/><String ID="p489_w58" CONTENT="of" HPOS="991" VPOS="889" WIDTH="42" HEIGHT="75" STYLEREFS="font0"/><SP WIDTH="18" VPOS="889" HPOS="1033"/><String ID="p489_w59" CONTENT="carriage" HPOS="1051" VPOS="889" WIDTH="143" HEIGHT="75" STYLEREFS="font0"/></TextLine><TextLine WIDTH="1032" HEIGHT="75" ID="p489_t22" HPOS="161" VPOS="935"><String ID="p489_w60" CONTENT="from" HPOS="161" VPOS="935" WIDTH="85" HEIGHT="75" STYLEREFS="font0"/><SP WIDTH="18" VPOS="935" HPOS="246"/><String ID="p489_w61" CONTENT="the" HPOS="264" VPOS="935" WIDTH="54" HEIGHT="75" STYLEREFS="font0"/><SP WIDTH="16" VPOS="935" HPOS="318"/><String ID="p489_w62" CONTENT="fight" HPOS="334" VPOS="935" WIDTH="87" HEIGHT="75" STYLEREFS="font0"/><SP WIDTH="16" VPOS="935" HPOS="421"/><String ID="p489_w63" CONTENT="hand" HPOS="437" VPOS="935" WIDTH="87" HEIGHT="75" STYLEREFS="font0"/><SP WIDTH="22" VPOS="935" HPOS="524"/><String ID="p489_w64" CONTENT="may" HPOS="546" VPOS="935" WIDTH="74" HEIGHT="75" STYLEREFS="font0"/><SP WIDTH="11" VPOS="935" HPOS="620"/><String ID="p489_w65" CONTENT="fometifnes" HPOS="631" VPOS="935" WIDTH="181" HEIGHT="75" STYLEREFS="font0"/><SP WIDTH="16" VPOS="935" HPOS="812"/><String ID="p489_w66" CONTENT="affedt" HPOS="828" VPOS="935" WIDTH="93" HEIGHT="75" STYLEREFS="font0"/><SP WIDTH="15" VPOS="935" HPOS="921"/><String ID="p489_w67" CONTENT="more" HPOS="936" VPOS="935" WIDTH="90" HEIGHT="75" STYLEREFS="font0"/><SP WIDTH="23" VPOS="935" HPOS="1026"/><String ID="p489_w68" CONTENT="columns" HPOS="1049" VPOS="935" WIDTH="144" HEIGHT="75" STYLEREFS="font0"/></TextLine><TextLine WIDTH="1033" HEIGHT="75" ID="p489_t23" HPOS="160" VPOS="982"><String ID="p489_w69" CONTENT="on" HPOS="160" VPOS="982" WIDTH="42" HEIGHT="75" STYLEREFS="font0"/><SP WIDTH="16" VPOS="982" HPOS="202"/><String ID="p489_w70" CONTENT="the" HPOS="218" VPOS="982" WIDTH="55" HEIGHT="75" STYLEREFS="font0"/><SP WIDTH="15" VPOS="982" HPOS="273"/><String ID="p489_w71" CONTENT="left" HPOS="288" VPOS="982" WIDTH="61" HEIGHT="75" STYLEREFS="font0"/><SP WIDTH="12" VPOS="982" HPOS="349"/><String ID="p489_w72" CONTENT="than" HPOS="361" VPOS="982" WIDTH="76" HEIGHT="75" STYLEREFS="font0"/><SP WIDTH="12" VPOS="982" HPOS="437"/><String ID="p489_w73" CONTENT="one," HPOS="449" VPOS="982" WIDTH="74" HEIGHT="75" STYLEREFS="font0"/><SP WIDTH="25" VPOS="982" HPOS="523"/><String ID="p489_w74" CONTENT="and" HPOS="548" VPOS="982" WIDTH="62" HEIGHT="75" STYLEREFS="font0"/><SP WIDTH="13" VPOS="982" HPOS="610"/><String ID="p489_w75" CONTENT="thereby" HPOS="623" VPOS="982" WIDTH="134" HEIGHT="75" STYLEREFS="font0"/><SP WIDTH="10" VPOS="982" HPOS="757"/><String ID="p489_w76" CONTENT="occafion" HPOS="767" VPOS="982" WIDTH="142" HEIGHT="75" STYLEREFS="font0"/><SP WIDTH="13" VPOS="982" HPOS="909"/><String ID="p489_w77" CONTENT="more" HPOS="922" VPOS="982" WIDTH="88" HEIGHT="75" STYLEREFS="font0"/><SP WIDTH="16" VPOS="982" HPOS="1010"/><String ID="p489_w78" CONTENT="uncertain" HPOS="1026" VPOS="982" WIDTH="167" HEIGHT="75" STYLEREFS="font0"/></TextLine><TextLine WIDTH="1032" HEIGHT="75" ID="p489_t24" HPOS="159" VPOS="1028"><String ID="p489_w79" CONTENT="figures" HPOS="159" VPOS="1028" WIDTH="115" HEIGHT="75" STYLEREFS="font0"/><SP WIDTH="16" VPOS="1028" HPOS="274"/><String ID="p489_w80" CONTENT="in" HPOS="290" VPOS="1028" WIDTH="33" HEIGHT="75" STYLEREFS="font0"/><SP WIDTH="12" VPOS="1028" HPOS="323"/><String ID="p489_w81" CONTENT="the" HPOS="335" VPOS="1028" WIDTH="55" HEIGHT="75" STYLEREFS="font0"/><SP WIDTH="17" VPOS="1028" HPOS="390"/><String ID="p489_w82" CONTENT="produdt" HPOS="407" VPOS="1028" WIDTH="133" HEIGHT="75" STYLEREFS="font0"/><SP WIDTH="18" VPOS="1028" HPOS="540"/><String ID="p489_w83" CONTENT="than" HPOS="558" VPOS="1028" WIDTH="75" HEIGHT="75" STYLEREFS="font0"/><SP WIDTH="17" VPOS="1028" HPOS="633"/><String ID="p489_w84" CONTENT="that" HPOS="650" VPOS="1028" WIDTH="70" HEIGHT="75" STYLEREFS="font0"/><SP WIDTH="17" VPOS="1028" HPOS="720"/><String ID="p489_w85" CONTENT="on" HPOS="737" VPOS="1028" WIDTH="41" HEIGHT="75" STYLEREFS="font0"/><SP WIDTH="17" VPOS="1028" HPOS="778"/><String ID="p489_w86" CONTENT="the" HPOS="795" VPOS="1028" WIDTH="55" HEIGHT="75" STYLEREFS="font0"/><SP WIDTH="17" VPOS="1028" HPOS="850"/><String ID="p489_w87" CONTENT="right" HPOS="867" VPOS="1028" WIDTH="87" HEIGHT="75" STYLEREFS="font0"/><SP WIDTH="15" VPOS="1028" HPOS="954"/><String ID="p489_w88" CONTENT="hand." HPOS="969" VPOS="1028" WIDTH="97" HEIGHT="75" STYLEREFS="font0"/><SP WIDTH="48" VPOS="1028" HPOS="1066"/><String ID="p489_w89" CONTENT="The" HPOS="1114" VPOS="1028" WIDTH="77" HEIGHT="75" STYLEREFS="font0"/></TextLine><TextLine WIDTH="1035" HEIGHT="75" ID="p489_t25" HPOS="159" VPOS="1075"><String ID="p489_w90" CONTENT="bell" HPOS="159" VPOS="1075" WIDTH="66" HEIGHT="75" STYLEREFS="font0"/><SP WIDTH="17" VPOS="1075" HPOS="225"/><String ID="p489_w91" CONTENT="fecurity" HPOS="242" VPOS="1075" WIDTH="136" HEIGHT="75" STYLEREFS="font0"/><SP WIDTH="15" VPOS="1075" HPOS="378"/><String ID="p489_w92" CONTENT="on" HPOS="393" VPOS="1075" WIDTH="43" HEIGHT="75" STYLEREFS="font0"/><SP WIDTH="16" VPOS="1075" HPOS="436"/><String ID="p489_w93" CONTENT="this" HPOS="452" VPOS="1075" WIDTH="64" HEIGHT="75" STYLEREFS="font0"/><SP WIDTH="23" VPOS="1075" HPOS="516"/><String ID="p489_w94" CONTENT="head" HPOS="539" VPOS="1075" WIDTH="84" HEIGHT="75" STYLEREFS="font0"/><SP WIDTH="16" VPOS="1075" HPOS="623"/><String ID="p489_w95" CONTENT="is," HPOS="639" VPOS="1075" WIDTH="39" HEIGHT="75" STYLEREFS="font0"/><SP WIDTH="26" VPOS="1075" HPOS="678"/><String ID="p489_w96" CONTENT="never" HPOS="704" VPOS="1075" WIDTH="96" HEIGHT="75" STYLEREFS="font0"/><SP WIDTH="22" VPOS="1075" HPOS="800"/><String ID="p489_w97" CONTENT="to" HPOS="822" VPOS="1075" WIDTH="36" HEIGHT="75" STYLEREFS="font0"/><SP WIDTH="20" VPOS="1075" HPOS="858"/><String ID="p489_w98" CONTENT="limit" HPOS="878" VPOS="1075" WIDTH="84" HEIGHT="75" STYLEREFS="font0"/><SP WIDTH="16" VPOS="1075" HPOS="962"/><String ID="p489_w99" CONTENT="the" HPOS="978" VPOS="1075" WIDTH="56" HEIGHT="75" STYLEREFS="font0"/><SP WIDTH="24" VPOS="1075" HPOS="1034"/><String ID="p489_w100" CONTENT="produdl" HPOS="1058" VPOS="1075" WIDTH="136" HEIGHT="75" STYLEREFS="font0"/></TextLine><TextLine WIDTH="754" HEIGHT="75" ID="p489_t26" HPOS="160" VPOS="1121"><String ID="p489_w101" CONTENT="to" HPOS="160" VPOS="1121" WIDTH="36" HEIGHT="75" STYLEREFS="font0"/><SP WIDTH="17" VPOS="1121" HPOS="196"/><String ID="p489_w102" CONTENT="fewer" HPOS="213" VPOS="1121" WIDTH="98" HEIGHT="75" STYLEREFS="font0"/><SP WIDTH="16" VPOS="1121" HPOS="311"/><String ID="p489_w103" CONTENT="than" HPOS="327" VPOS="1121" WIDTH="77" HEIGHT="75" STYLEREFS="font0"/><SP WIDTH="17" VPOS="1121" HPOS="404"/><String ID="p489_w104" CONTENT="four" HPOS="421" VPOS="1121" WIDTH="74" HEIGHT="75" STYLEREFS="font0"/><SP WIDTH="16" VPOS="1121" HPOS="495"/><String ID="p489_w105" CONTENT="or" HPOS="511" VPOS="1121" WIDTH="37" HEIGHT="75" STYLEREFS="font0"/><SP WIDTH="16" VPOS="1121" HPOS="548"/><String ID="p489_w106" CONTENT="five" HPOS="564" VPOS="1121" WIDTH="61" HEIGHT="75" STYLEREFS="font0"/><SP WIDTH="17" VPOS="1121" HPOS="625"/><String ID="p489_w107" CONTENT="decimal" HPOS="642" VPOS="1121" WIDTH="135" HEIGHT="75" STYLEREFS="font0"/><SP WIDTH="17" VPOS="1121" HPOS="777"/><String ID="p489_w108" CONTENT="places." HPOS="794" VPOS="1121" WIDTH="120" HEIGHT="75" STYLEREFS="font0"/></TextLine><TextLine WIDTH="987" HEIGHT="75" ID="p489_t27" HPOS="206" VPOS="1166"><String ID="p489_w109" CONTENT="To" HPOS="206" VPOS="1166" WIDTH="58" HEIGHT="75" STYLEREFS="font0"/><SP WIDTH="26" VPOS="1166" HPOS="264"/><String ID="p489_w110" CONTENT="conclude," HPOS="290" VPOS="1166" WIDTH="168" HEIGHT="75" STYLEREFS="font0"/><SP WIDTH="37" VPOS="1166" HPOS="458"/><String ID="p489_w111" CONTENT="when" HPOS="495" VPOS="1166" WIDTH="92" HEIGHT="75" STYLEREFS="font0"/><SP WIDTH="29" VPOS="1166" HPOS="587"/><String ID="p489_w112" CONTENT="decimals" HPOS="616" VPOS="1166" WIDTH="151" HEIGHT="75" STYLEREFS="font0"/><SP WIDTH="35" VPOS="1166" HPOS="767"/><String ID="p489_w113" CONTENT="to" HPOS="802" VPOS="1166" WIDTH="35" HEIGHT="75" STYLEREFS="font0"/><SP WIDTH="28" VPOS="1166" HPOS="837"/><String ID="p489_w114" CONTENT="be" HPOS="865" VPOS="1166" WIDTH="39" HEIGHT="75" STYLEREFS="font0"/><SP WIDTH="28" VPOS="1166" HPOS="904"/><String ID="p489_w115" CONTENT="multiplied" HPOS="932" VPOS="1166" WIDTH="178" HEIGHT="75" STYLEREFS="font0"/><SP WIDTH="28" VPOS="1166" HPOS="1110"/><String ID="p489_w116" CONTENT="are" HPOS="1138" VPOS="1166" WIDTH="55" HEIGHT="75" STYLEREFS="font0"/></TextLine><TextLine WIDTH="1033" HEIGHT="75" ID="p489_t28" HPOS="157" VPOS="1214"><String ID="p489_w117" CONTENT="long," HPOS="157" VPOS="1214" WIDTH="89" HEIGHT="75" STYLEREFS="font0"/><SP WIDTH="33" VPOS="1214" HPOS="246"/><String ID="p489_w118" CONTENT="you" HPOS="279" VPOS="1214" WIDTH="63" HEIGHT="75" STYLEREFS="font0"/><SP WIDTH="26" VPOS="1214" HPOS="342"/><String ID="p489_w119" CONTENT="may" HPOS="368" VPOS="1214" WIDTH="74" HEIGHT="75" STYLEREFS="font0"/><SP WIDTH="22" VPOS="1214" HPOS="442"/><String ID="p489_w120" CONTENT="frequently" HPOS="464" VPOS="1214" WIDTH="186" HEIGHT="75" STYLEREFS="font0"/><SP WIDTH="23" VPOS="1214" HPOS="650"/><String ID="p489_w121" CONTENT="perform" HPOS="673" VPOS="1214" WIDTH="141" HEIGHT="75" STYLEREFS="font0"/><SP WIDTH="21" VPOS="1214" HPOS="814"/><String ID="p489_w122" CONTENT="the" HPOS="835" VPOS="1214" WIDTH="55" HEIGHT="75" STYLEREFS="font0"/><SP WIDTH="27" VPOS="1214" HPOS="890"/><String ID="p489_w123" CONTENT="operation" HPOS="917" VPOS="1214" WIDTH="166" HEIGHT="75" STYLEREFS="font0"/><SP WIDTH="19" VPOS="1214" HPOS="1083"/><String ID="p489_w124" CONTENT="more" HPOS="1102" VPOS="1214" WIDTH="88" HEIGHT="75" STYLEREFS="font0"/></TextLine><TextLine WIDTH="1038" HEIGHT="75" ID="p489_t29" HPOS="157" VPOS="1260"><String ID="p489_w125" CONTENT="eafily" HPOS="157" VPOS="1260" WIDTH="96" HEIGHT="75" STYLEREFS="font0"/><SP WIDTH="15" VPOS="1260" HPOS="253"/><String ID="p489_w126" CONTENT="in" HPOS="268" VPOS="1260" WIDTH="32" HEIGHT="75" STYLEREFS="font0"/><SP WIDTH="16" VPOS="1260" HPOS="300"/><String ID="p489_w127" CONTENT="vulgar" HPOS="316" VPOS="1260" WIDTH="113" HEIGHT="75" STYLEREFS="font0"/><SP WIDTH="14" VPOS="1260" HPOS="429"/><String ID="p489_w128" CONTENT="fractions," HPOS="443" VPOS="1260" WIDTH="165" HEIGHT="75" STYLEREFS="font0"/><SP WIDTH="25" VPOS="1260" HPOS="608"/><String ID="p489_w129" CONTENT="and" HPOS="633" VPOS="1260" WIDTH="65" HEIGHT="75" STYLEREFS="font0"/><SP WIDTH="14" VPOS="1260" HPOS="698"/><String ID="p489_w130" CONTENT="then" HPOS="712" VPOS="1260" WIDTH="79" HEIGHT="75" STYLEREFS="font0"/><SP WIDTH="15" VPOS="1260" HPOS="791"/><String ID="p489_w131" CONTENT="reduce" HPOS="806" VPOS="1260" WIDTH="116" HEIGHT="75" STYLEREFS="font0"/><SP WIDTH="13" VPOS="1260" HPOS="922"/><String ID="p489_w132" CONTENT="the" HPOS="935" VPOS="1260" WIDTH="55" HEIGHT="75" STYLEREFS="font0"/><SP WIDTH="16" VPOS="1260" HPOS="990"/><String ID="p489_w133" CONTENT="produdt" HPOS="1006" VPOS="1260" WIDTH="134" HEIGHT="75" STYLEREFS="font0"/><SP WIDTH="16" VPOS="1260" HPOS="1140"/><String ID="p489_w134" CONTENT="to" HPOS="1156" VPOS="1260" WIDTH="39" HEIGHT="75" STYLEREFS="font0"/></TextLine><TextLine WIDTH="183" HEIGHT="75" ID="p489_t30" HPOS="158" VPOS="1308"><String ID="p489_w135" CONTENT="a" HPOS="158" VPOS="1308" WIDTH="19" HEIGHT="75" STYLEREFS="font0"/><SP WIDTH="15" VPOS="1308" HPOS="177"/><String ID="p489_w136" CONTENT="decimal." HPOS="192" VPOS="1308" WIDTH="149" HEIGHT="75" STYLEREFS="font0"/></TextLine><TextLine WIDTH="615" HEIGHT="75" ID="p489_t31" HPOS="1199" VPOS="167"><String ID="p489_w137" CONTENT="M" HPOS="1199" VPOS="167" WIDTH="49" HEIGHT="75" STYLEREFS="font0"/><SP WIDTH="76" VPOS="167" HPOS="1248"/><String ID="p489_w138" CONTENT="E" HPOS="1324" VPOS="167" WIDTH="36" HEIGHT="75" STYLEREFS="font0"/><SP WIDTH="75" VPOS="167" HPOS="1360"/><String ID="p489_w139" CONTENT="T" HPOS="1435" VPOS="167" WIDTH="40" HEIGHT="75" STYLEREFS="font0"/><SP WIDTH="77" VPOS="167" HPOS="1475"/><String ID="p489_w140" CONTENT="I" HPOS="1552" VPOS="167" WIDTH="19" HEIGHT="75" STYLEREFS="font0"/><SP WIDTH="78" VPOS="167" HPOS="1571"/><String ID="p489_w141" CONTENT="C" HPOS="1649" VPOS="167" WIDTH="37" HEIGHT="75" STYLEREFS="font0"/><SP WIDTH="77" VPOS="167" HPOS="1686"/><String ID="p489_w142" CONTENT="K." HPOS="1763" VPOS="167" WIDTH="51" HEIGHT="75" STYLEREFS="font0"/></TextLine><TextLine WIDTH="83" HEIGHT="75" ID="p489_t32" HPOS="2204" VPOS="167"><String ID="p489_w143" CONTENT="407" HPOS="2204" VPOS="167" WIDTH="83" HEIGHT="75" STYLEREFS="font0"/></TextLine><TextLine WIDTH="1032" HEIGHT="75" ID="p489_t33" HPOS="1253" VPOS="238"><String ID="p489_w144" CONTENT="plicand" HPOS="1253" VPOS="238" WIDTH="128" HEIGHT="75" STYLEREFS="font0"/><SP WIDTH="14" VPOS="238" HPOS="1381"/><String ID="p489_w145" CONTENT="circulate," HPOS="1395" VPOS="238" WIDTH="165" HEIGHT="75" STYLEREFS="font0"/><SP WIDTH="26" VPOS="238" HPOS="1560"/><String ID="p489_w146" CONTENT="to" HPOS="1586" VPOS="238" WIDTH="35" HEIGHT="75" STYLEREFS="font0"/><SP WIDTH="11" VPOS="238" HPOS="1621"/><String ID="p489_w147" CONTENT="the" HPOS="1632" VPOS="238" WIDTH="57" HEIGHT="75" STYLEREFS="font0"/><SP WIDTH="16" VPOS="238" HPOS="1689"/><String ID="p489_w148" CONTENT="produdl" HPOS="1705" VPOS="238" WIDTH="134" HEIGHT="75" STYLEREFS="font0"/><SP WIDTH="15" VPOS="238" HPOS="1839"/><String ID="p489_w149" CONTENT="of" HPOS="1854" VPOS="238" WIDTH="41" HEIGHT="75" STYLEREFS="font0"/><SP WIDTH="11" VPOS="238" HPOS="1895"/><String ID="p489_w150" CONTENT="the" HPOS="1906" VPOS="238" WIDTH="56" HEIGHT="75" STYLEREFS="font0"/><SP WIDTH="16" VPOS="238" HPOS="1962"/><String ID="p489_w151" CONTENT="right-hand" HPOS="1978" VPOS="238" WIDTH="191" HEIGHT="75" STYLEREFS="font0"/><SP WIDTH="15" VPOS="238" HPOS="2169"/><String ID="p489_w152" CONTENT="figure" HPOS="2184" VPOS="238" WIDTH="101" HEIGHT="75" STYLEREFS="font0"/></TextLine><TextLine WIDTH="1032" HEIGHT="75" ID="p489_t34" HPOS="1254" VPOS="285"><String ID="p489_w153" CONTENT="of" HPOS="1254" VPOS="285" WIDTH="41" HEIGHT="75" STYLEREFS="font0"/><SP WIDTH="12" VPOS="285" HPOS="1295"/><String ID="p489_w154" CONTENT="the" HPOS="1307" VPOS="285" WIDTH="55" HEIGHT="75" STYLEREFS="font0"/><SP WIDTH="16" VPOS="285" HPOS="1362"/><String ID="p489_w155" CONTENT="circle" HPOS="1378" VPOS="285" WIDTH="96" HEIGHT="75" STYLEREFS="font0"/><SP WIDTH="17" VPOS="285" HPOS="1474"/><String ID="p489_w156" CONTENT="add" HPOS="1491" VPOS="285" WIDTH="63" HEIGHT="75" STYLEREFS="font0"/><SP WIDTH="12" VPOS="285" HPOS="1554"/><String ID="p489_w157" CONTENT="the" HPOS="1566" VPOS="285" WIDTH="56" HEIGHT="75" STYLEREFS="font0"/><SP WIDTH="16" VPOS="285" HPOS="1622"/><String ID="p489_w158" CONTENT="carriage" HPOS="1638" VPOS="285" WIDTH="141" HEIGHT="75" STYLEREFS="font0"/><SP WIDTH="16" VPOS="285" HPOS="1779"/><String ID="p489_w159" CONTENT="from" HPOS="1795" VPOS="285" WIDTH="85" HEIGHT="75" STYLEREFS="font0"/><SP WIDTH="12" VPOS="285" HPOS="1880"/><String ID="p489_w160" CONTENT="the" HPOS="1892" VPOS="285" WIDTH="55" HEIGHT="75" STYLEREFS="font0"/><SP WIDTH="12" VPOS="285" HPOS="1947"/><String ID="p489_w161" CONTENT="left," HPOS="1959" VPOS="285" WIDTH="73" HEIGHT="75" STYLEREFS="font0"/><SP WIDTH="24" VPOS="285" HPOS="2032"/><String ID="p489_w162" CONTENT="then" HPOS="2056" VPOS="285" WIDTH="78" HEIGHT="75" STYLEREFS="font0"/><SP WIDTH="14" VPOS="285" HPOS="2134"/><String ID="p489_w163" CONTENT="proceed" HPOS="2148" VPOS="285" WIDTH="138" HEIGHT="75" STYLEREFS="font0"/></TextLine><TextLine WIDTH="1034" HEIGHT="75" ID="p489_t35" HPOS="1251" VPOS="331"><String ID="p489_w164" CONTENT="as" HPOS="1251" VPOS="331" WIDTH="35" HEIGHT="75" STYLEREFS="font0"/><SP WIDTH="16" VPOS="331" HPOS="1286"/><String ID="p489_w165" CONTENT="in" HPOS="1302" VPOS="331" WIDTH="33" HEIGHT="75" STYLEREFS="font0"/><SP WIDTH="16" VPOS="331" HPOS="1335"/><String ID="p489_w166" CONTENT="multiplication" HPOS="1351" VPOS="331" WIDTH="248" HEIGHT="75" STYLEREFS="font0"/><SP WIDTH="15" VPOS="331" HPOS="1599"/><String ID="p489_w167" CONTENT="of" HPOS="1614" VPOS="331" WIDTH="41" HEIGHT="75" STYLEREFS="font0"/><SP WIDTH="11" VPOS="331" HPOS="1655"/><String ID="p489_w168" CONTENT="integers" HPOS="1666" VPOS="331" WIDTH="139" HEIGHT="75" STYLEREFS="font0"/><SP WIDTH="15" VPOS="331" HPOS="1805"/><String ID="p489_w169" CONTENT=";" HPOS="1820" VPOS="331" WIDTH="9" HEIGHT="75" STYLEREFS="font0"/><SP WIDTH="28" VPOS="331" HPOS="1829"/><String ID="p489_w170" CONTENT="but" HPOS="1857" VPOS="331" WIDTH="58" HEIGHT="75" STYLEREFS="font0"/><SP WIDTH="16" VPOS="331" HPOS="1915"/><String ID="p489_w171" CONTENT="before" HPOS="1931" VPOS="331" WIDTH="112" HEIGHT="75" STYLEREFS="font0"/><SP WIDTH="25" VPOS="331" HPOS="2043"/><String ID="p489_w172" CONTENT="you" HPOS="2068" VPOS="331" WIDTH="63" HEIGHT="75" STYLEREFS="font0"/><SP WIDTH="18" VPOS="331" HPOS="2131"/><String ID="p489_w173" CONTENT="add" HPOS="2149" VPOS="331" WIDTH="63" HEIGHT="75" STYLEREFS="font0"/><SP WIDTH="17" VPOS="331" HPOS="2212"/><String ID="p489_w174" CONTENT="the" HPOS="2229" VPOS="331" WIDTH="56" HEIGHT="75" STYLEREFS="font0"/></TextLine><TextLine WIDTH="1036" HEIGHT="75" ID="p489_t36" HPOS="1249" VPOS="378"><String ID="p489_w175" CONTENT="particular" HPOS="1249" VPOS="378" WIDTH="175" HEIGHT="75" STYLEREFS="font0"/><SP WIDTH="14" VPOS="378" HPOS="1424"/><String ID="p489_w176" CONTENT="produdts," HPOS="1438" VPOS="378" WIDTH="162" HEIGHT="75" STYLEREFS="font0"/><SP WIDTH="26" VPOS="378" HPOS="1600"/><String ID="p489_w177" CONTENT="make" HPOS="1626" VPOS="378" WIDTH="93" HEIGHT="75" STYLEREFS="font0"/><SP WIDTH="17" VPOS="378" HPOS="1719"/><String ID="p489_w178" CONTENT="them" HPOS="1736" VPOS="378" WIDTH="89" HEIGHT="75" STYLEREFS="font0"/><SP WIDTH="24" VPOS="378" HPOS="1825"/><String ID="p489_w179" CONTENT="conterminous," HPOS="1849" VPOS="378" WIDTH="251" HEIGHT="75" STYLEREFS="font0"/><SP WIDTH="26" VPOS="378" HPOS="2100"/><String ID="p489_w180" CONTENT="and" HPOS="2126" VPOS="378" WIDTH="63" HEIGHT="75" STYLEREFS="font0"/><SP WIDTH="17" VPOS="378" HPOS="2189"/><String ID="p489_w181" CONTENT="then" HPOS="2206" VPOS="378" WIDTH="79" HEIGHT="75" STYLEREFS="font0"/></TextLine><TextLine WIDTH="576" HEIGHT="75" ID="p489_t37" HPOS="1250" VPOS="425"><String ID="p489_w182" CONTENT="add" HPOS="1250" VPOS="425" WIDTH="64" HEIGHT="75" STYLEREFS="font0"/><SP WIDTH="17" VPOS="425" HPOS="1314"/><String ID="p489_w183" CONTENT="as" HPOS="1331" VPOS="425" WIDTH="33" HEIGHT="75" STYLEREFS="font0"/><SP WIDTH="17" VPOS="425" HPOS="1364"/><String ID="p489_w184" CONTENT="in" HPOS="1381" VPOS="425" WIDTH="32" HEIGHT="75" STYLEREFS="font0"/><SP WIDTH="17" VPOS="425" HPOS="1413"/><String ID="p489_w185" CONTENT="addition" HPOS="1430" VPOS="425" WIDTH="145" HEIGHT="75" STYLEREFS="font0"/><SP WIDTH="16" VPOS="425" HPOS="1575"/><String ID="p489_w186" CONTENT="of" HPOS="1591" VPOS="425" WIDTH="40" HEIGHT="75" STYLEREFS="font0"/><SP WIDTH="12" VPOS="425" HPOS="1631"/><String ID="p489_w187" CONTENT="circulates." HPOS="1643" VPOS="425" WIDTH="183" HEIGHT="75" STYLEREFS="font0"/></TextLine><TextLine WIDTH="987" HEIGHT="75" ID="p489_t38" HPOS="1297" VPOS="473"><String ID="p489_w188" CONTENT="The" HPOS="1297" VPOS="473" WIDTH="75" HEIGHT="75" STYLEREFS="font0"/><SP WIDTH="16" VPOS="473" HPOS="1372"/><String ID="p489_w189" CONTENT="produft" HPOS="1388" VPOS="473" WIDTH="134" HEIGHT="75" STYLEREFS="font0"/><SP WIDTH="16" VPOS="473" HPOS="1522"/><String ID="p489_w190" CONTENT="commonly" HPOS="1538" VPOS="473" WIDTH="184" HEIGHT="75" STYLEREFS="font0"/><SP WIDTH="15" VPOS="473" HPOS="1722"/><String ID="p489_w191" CONTENT="circulates;" HPOS="1737" VPOS="473" WIDTH="190" HEIGHT="75" STYLEREFS="font0"/><SP WIDTH="27" VPOS="473" HPOS="1927"/><String ID="p489_w192" CONTENT="and" HPOS="1954" VPOS="473" WIDTH="64" HEIGHT="75" STYLEREFS="font0"/><SP WIDTH="16" VPOS="473" HPOS="2018"/><String ID="p489_w193" CONTENT="then" HPOS="2034" VPOS="473" WIDTH="77" HEIGHT="75" STYLEREFS="font0"/><SP WIDTH="16" VPOS="473" HPOS="2111"/><String ID="p489_w194" CONTENT="its" HPOS="2127" VPOS="473" WIDTH="42" HEIGHT="75" STYLEREFS="font0"/><SP WIDTH="18" VPOS="473" HPOS="2169"/><String ID="p489_w195" CONTENT="circle" HPOS="2187" VPOS="473" WIDTH="97" HEIGHT="75" STYLEREFS="font0"/></TextLine><TextLine WIDTH="1034" HEIGHT="75" ID="p489_t39" HPOS="1248" VPOS="519"><String ID="p489_w196" CONTENT="is" HPOS="1248" VPOS="519" WIDTH="27" HEIGHT="75" STYLEREFS="font0"/><SP WIDTH="24" VPOS="519" HPOS="1275"/><String ID="p489_w197" CONTENT="fimilar" HPOS="1299" VPOS="519" WIDTH="115" HEIGHT="75" STYLEREFS="font0"/><SP WIDTH="16" VPOS="519" HPOS="1414"/><String ID="p489_w198" CONTENT="to" HPOS="1430" VPOS="519" WIDTH="35" HEIGHT="75" STYLEREFS="font0"/><SP WIDTH="16" VPOS="519" HPOS="1465"/><String ID="p489_w199" CONTENT="the" HPOS="1481" VPOS="519" WIDTH="55" HEIGHT="75" STYLEREFS="font0"/><SP WIDTH="16" VPOS="519" HPOS="1536"/><String ID="p489_w200" CONTENT="circle" HPOS="1552" VPOS="519" WIDTH="97" HEIGHT="75" STYLEREFS="font0"/><SP WIDTH="15" VPOS="519" HPOS="1649"/><String ID="p489_w201" CONTENT="of" HPOS="1664" VPOS="519" WIDTH="41" HEIGHT="75" STYLEREFS="font0"/><SP WIDTH="19" VPOS="519" HPOS="1705"/><String ID="p489_w202" CONTENT="the" HPOS="1724" VPOS="519" WIDTH="56" HEIGHT="75" STYLEREFS="font0"/><SP WIDTH="16" VPOS="519" HPOS="1780"/><String ID="p489_w203" CONTENT="multiplicand," HPOS="1796" VPOS="519" WIDTH="232" HEIGHT="75" STYLEREFS="font0"/><SP WIDTH="30" VPOS="519" HPOS="2028"/><String ID="p489_w204" CONTENT="as" HPOS="2058" VPOS="519" WIDTH="34" HEIGHT="75" STYLEREFS="font0"/><SP WIDTH="17" VPOS="519" HPOS="2092"/><String ID="p489_w205" CONTENT="in" HPOS="2109" VPOS="519" WIDTH="32" HEIGHT="75" STYLEREFS="font0"/><SP WIDTH="17" VPOS="519" HPOS="2141"/><String ID="p489_w206" CONTENT="Ex." HPOS="2158" VPOS="519" WIDTH="70" HEIGHT="75" STYLEREFS="font0"/><SP WIDTH="22" VPOS="519" HPOS="2228"/><String ID="p489_w207" CONTENT="1." HPOS="2250" VPOS="519" WIDTH="32" HEIGHT="75" STYLEREFS="font0"/></TextLine><TextLine WIDTH="1032" HEIGHT="75" ID="p489_t40" HPOS="1249" VPOS="566"><String ID="p489_w208" CONTENT="and" HPOS="1249" VPOS="566" WIDTH="60" HEIGHT="75" STYLEREFS="font0"/><SP WIDTH="15" VPOS="566" HPOS="1309"/><String ID="p489_w209" CONTENT="2.;" HPOS="1324" VPOS="566" WIDTH="57" HEIGHT="75" STYLEREFS="font0"/><SP WIDTH="27" VPOS="566" HPOS="1381"/><String ID="p489_w210" CONTENT="but" HPOS="1408" VPOS="566" WIDTH="57" HEIGHT="75" STYLEREFS="font0"/><SP WIDTH="13" VPOS="566" HPOS="1465"/><String ID="p489_w211" CONTENT="the" HPOS="1478" VPOS="566" WIDTH="55" HEIGHT="75" STYLEREFS="font0"/><SP WIDTH="13" VPOS="566" HPOS="1533"/><String ID="p489_w212" CONTENT="produdt" HPOS="1546" VPOS="566" WIDTH="134" HEIGHT="75" STYLEREFS="font0"/><SP WIDTH="11" VPOS="566" HPOS="1680"/><String ID="p489_w213" CONTENT="fometimes" HPOS="1691" VPOS="566" WIDTH="180" HEIGHT="75" STYLEREFS="font0"/><SP WIDTH="15" VPOS="566" HPOS="1871"/><String ID="p489_w214" CONTENT="repeats," HPOS="1886" VPOS="566" WIDTH="136" HEIGHT="75" STYLEREFS="font0"/><SP WIDTH="26" VPOS="566" HPOS="2022"/><String ID="p489_w215" CONTENT="as" HPOS="2048" VPOS="566" WIDTH="33" HEIGHT="75" STYLEREFS="font0"/><SP WIDTH="12" VPOS="566" HPOS="2081"/><String ID="p489_w216" CONTENT="in" HPOS="2093" VPOS="566" WIDTH="33" HEIGHT="75" STYLEREFS="font0"/><SP WIDTH="13" VPOS="566" HPOS="2126"/><String ID="p489_w217" CONTENT="Ex." HPOS="2139" VPOS="566" WIDTH="69" HEIGHT="75" STYLEREFS="font0"/><SP WIDTH="17" VPOS="566" HPOS="2208"/><String ID="p489_w218" CONTENT="5.;" HPOS="2225" VPOS="566" WIDTH="56" HEIGHT="75" STYLEREFS="font0"/></TextLine><TextLine WIDTH="700" HEIGHT="75" ID="p489_t41" HPOS="1248" VPOS="612"><String ID="p489_w219" CONTENT="or" HPOS="1248" VPOS="612" WIDTH="38" HEIGHT="75" STYLEREFS="font0"/><SP WIDTH="15" VPOS="612" HPOS="1286"/><String ID="p489_w220" CONTENT="it" HPOS="1301" VPOS="612" WIDTH="27" HEIGHT="75" STYLEREFS="font0"/><SP WIDTH="15" VPOS="612" HPOS="1328"/><String ID="p489_w221" CONTENT="may" HPOS="1343" VPOS="612" WIDTH="76" HEIGHT="75" STYLEREFS="font0"/><SP WIDTH="15" VPOS="612" HPOS="1419"/><String ID="p489_w222" CONTENT="turn" HPOS="1434" VPOS="612" WIDTH="74" HEIGHT="75" STYLEREFS="font0"/><SP WIDTH="17" VPOS="612" HPOS="1508"/><String ID="p489_w223" CONTENT="out" HPOS="1525" VPOS="612" WIDTH="57" HEIGHT="75" STYLEREFS="font0"/><SP WIDTH="17" VPOS="612" HPOS="1582"/><String ID="p489_w224" CONTENT="finite," HPOS="1599" VPOS="612" WIDTH="99" HEIGHT="75" STYLEREFS="font0"/><SP WIDTH="27" VPOS="612" HPOS="1698"/><String ID="p489_w225" CONTENT="as" HPOS="1725" VPOS="612" WIDTH="34" HEIGHT="75" STYLEREFS="font0"/><SP WIDTH="17" VPOS="612" HPOS="1759"/><String ID="p489_w226" CONTENT="in" HPOS="1776" VPOS="612" WIDTH="33" HEIGHT="75" STYLEREFS="font0"/><SP WIDTH="17" VPOS="612" HPOS="1809"/><String ID="p489_w227" CONTENT="Ex." HPOS="1826" VPOS="612" WIDTH="68" HEIGHT="75" STYLEREFS="font0"/><SP WIDTH="20" VPOS="612" HPOS="1894"/><String ID="p489_w228" CONTENT="6." HPOS="1914" VPOS="612" WIDTH="34" HEIGHT="75" STYLEREFS="font0"/></TextLine><TextLine WIDTH="962" HEIGHT="75" ID="p489_t42" HPOS="1294" VPOS="660"><String ID="p489_w229" CONTENT="Here" HPOS="1294" VPOS="660" WIDTH="90" HEIGHT="75" STYLEREFS="font0"/><SP WIDTH="15" VPOS="660" HPOS="1384"/><String ID="p489_w230" CONTENT="it" HPOS="1399" VPOS="660" WIDTH="27" HEIGHT="75" STYLEREFS="font0"/><SP WIDTH="16" VPOS="660" HPOS="1426"/><String ID="p489_w231" CONTENT="is" HPOS="1442" VPOS="660" WIDTH="27" HEIGHT="75" STYLEREFS="font0"/><SP WIDTH="16" VPOS="660" HPOS="1469"/><String ID="p489_w232" CONTENT="obvious," HPOS="1485" VPOS="660" WIDTH="147" HEIGHT="75" STYLEREFS="font0"/><SP WIDTH="25" VPOS="660" HPOS="1632"/><String ID="p489_w233" CONTENT="that" HPOS="1657" VPOS="660" WIDTH="73" HEIGHT="75" STYLEREFS="font0"/><SP WIDTH="10" VPOS="660" HPOS="1730"/><String ID="p489_w234" CONTENT="in" HPOS="1740" VPOS="660" WIDTH="33" HEIGHT="75" STYLEREFS="font0"/><SP WIDTH="12" VPOS="660" HPOS="1773"/><String ID="p489_w235" CONTENT="multiplying" HPOS="1785" VPOS="660" WIDTH="205" HEIGHT="75" STYLEREFS="font0"/><SP WIDTH="18" VPOS="660" HPOS="1990"/><String ID="p489_w236" CONTENT=".481" HPOS="2008" VPOS="660" WIDTH="77" HEIGHT="75" STYLEREFS="font0"/><SP WIDTH="51" VPOS="660" HPOS="2085"/><String ID="p489_w237" CONTENT="Ex." HPOS="2136" VPOS="660" WIDTH="65" HEIGHT="75" STYLEREFS="font0"/><SP WIDTH="25" VPOS="660" HPOS="2201"/><String ID="p489_w238" CONTENT="1." HPOS="2226" VPOS="660" WIDTH="30" HEIGHT="75" STYLEREFS="font0"/></TextLine><TextLine WIDTH="1033" HEIGHT="75" ID="p489_t43" HPOS="1246" VPOS="707"><String ID="p489_w239" CONTENT="by" HPOS="1246" VPOS="707" WIDTH="44" HEIGHT="75" STYLEREFS="font0"/><SP WIDTH="18" VPOS="707" HPOS="1290"/><String ID="p489_w240" CONTENT="7," HPOS="1308" VPOS="707" WIDTH="32" HEIGHT="75" STYLEREFS="font0"/><SP WIDTH="26" VPOS="707" HPOS="1340"/><String ID="p489_w241" CONTENT="the" HPOS="1366" VPOS="707" WIDTH="56" HEIGHT="75" STYLEREFS="font0"/><SP WIDTH="15" VPOS="707" HPOS="1422"/><String ID="p489_w242" CONTENT="carriage" HPOS="1437" VPOS="707" WIDTH="142" HEIGHT="75" STYLEREFS="font0"/><SP WIDTH="23" VPOS="707" HPOS="1579"/><String ID="p489_w243" CONTENT="from" HPOS="1602" VPOS="707" WIDTH="85" HEIGHT="75" STYLEREFS="font0"/><SP WIDTH="17" VPOS="707" HPOS="1687"/><String ID="p489_w244" CONTENT="the" HPOS="1704" VPOS="707" WIDTH="56" HEIGHT="75" STYLEREFS="font0"/><SP WIDTH="24" VPOS="707" HPOS="1760"/><String ID="p489_w245" CONTENT="left" HPOS="1784" VPOS="707" WIDTH="61" HEIGHT="75" STYLEREFS="font0"/><SP WIDTH="16" VPOS="707" HPOS="1845"/><String ID="p489_w246" CONTENT="would" HPOS="1861" VPOS="707" WIDTH="111" HEIGHT="75" STYLEREFS="font0"/><SP WIDTH="16" VPOS="707" HPOS="1972"/><String ID="p489_w247" CONTENT="be" HPOS="1988" VPOS="707" WIDTH="39" HEIGHT="75" STYLEREFS="font0"/><SP WIDTH="19" VPOS="707" HPOS="2027"/><String ID="p489_w248" CONTENT="3" HPOS="2046" VPOS="707" WIDTH="17" HEIGHT="75" STYLEREFS="font0"/><SP WIDTH="19" VPOS="707" HPOS="2063"/><String ID="p489_w249" CONTENT=";" HPOS="2082" VPOS="707" WIDTH="10" HEIGHT="75" STYLEREFS="font0"/><SP WIDTH="93" VPOS="707" HPOS="2092"/><String ID="p489_w250" CONTENT=".481," HPOS="2185" VPOS="707" WIDTH="94" HEIGHT="75" STYLEREFS="font0"/></TextLine><TextLine WIDTH="842" HEIGHT="75" ID="p489_t44" HPOS="1246" VPOS="752"><String ID="p489_w251" CONTENT="fo" HPOS="1246" VPOS="752" WIDTH="34" HEIGHT="75" STYLEREFS="font0"/><SP WIDTH="17" VPOS="752" HPOS="1280"/><String ID="p489_w252" CONTENT="fay," HPOS="1297" VPOS="752" WIDTH="66" HEIGHT="75" STYLEREFS="font0"/><SP WIDTH="28" VPOS="752" HPOS="1363"/><String ID="p489_w253" CONTENT="7X1" HPOS="1391" VPOS="752" WIDTH="87" HEIGHT="75" STYLEREFS="font0"/><SP WIDTH="12" VPOS="752" HPOS="1478"/><String ID="p489_w254" CONTENT="=" HPOS="1490" VPOS="752" WIDTH="36" HEIGHT="75" STYLEREFS="font0"/><SP WIDTH="11" VPOS="752" HPOS="1526"/><String ID="p489_w255" CONTENT="7," HPOS="1537" VPOS="752" WIDTH="32" HEIGHT="75" STYLEREFS="font0"/><SP WIDTH="18" VPOS="752" HPOS="1569"/><String ID="p489_w256" CONTENT="and" HPOS="1587" VPOS="752" WIDTH="63" HEIGHT="75" STYLEREFS="font0"/><SP WIDTH="18" VPOS="752" HPOS="1650"/><String ID="p489_w257" CONTENT="3" HPOS="1668" VPOS="752" WIDTH="17" HEIGHT="75" STYLEREFS="font0"/><SP WIDTH="16" VPOS="752" HPOS="1685"/><String ID="p489_w258" CONTENT="of" HPOS="1701" VPOS="752" WIDTH="40" HEIGHT="75" STYLEREFS="font0"/><SP WIDTH="10" VPOS="752" HPOS="1741"/><String ID="p489_w259" CONTENT="carriage," HPOS="1751" VPOS="752" WIDTH="156" HEIGHT="75" STYLEREFS="font0"/><SP WIDTH="17" VPOS="752" HPOS="1907"/><String ID="p489_w260" CONTENT="make" HPOS="1924" VPOS="752" WIDTH="93" HEIGHT="75" STYLEREFS="font0"/><SP WIDTH="18" VPOS="752" HPOS="2017"/><String ID="p489_w261" CONTENT="10," HPOS="2035" VPOS="752" WIDTH="53" HEIGHT="75" STYLEREFS="font0"/></TextLine><TextLine WIDTH="34" HEIGHT="75" ID="p489_t45" HPOS="2246" VPOS="752"><String ID="p489_w262" CONTENT="7," HPOS="2246" VPOS="752" WIDTH="34" HEIGHT="75" STYLEREFS="font0"/></TextLine><TextLine WIDTH="846" HEIGHT="75" ID="p489_t46" HPOS="1247" VPOS="800"><String ID="p489_w263" CONTENT="&amp;c." HPOS="1247" VPOS="800" WIDTH="66" HEIGHT="75" STYLEREFS="font0"/><SP WIDTH="51" VPOS="800" HPOS="1313"/><String ID="p489_w264" CONTENT="The" HPOS="1364" VPOS="800" WIDTH="78" HEIGHT="75" STYLEREFS="font0"/><SP WIDTH="25" VPOS="800" HPOS="1442"/><String ID="p489_w265" CONTENT="product" HPOS="1467" VPOS="800" WIDTH="135" HEIGHT="75" STYLEREFS="font0"/><SP WIDTH="23" VPOS="800" HPOS="1602"/><String ID="p489_w266" CONTENT="circulates," HPOS="1625" VPOS="800" WIDTH="183" HEIGHT="75" STYLEREFS="font0"/><SP WIDTH="33" VPOS="800" HPOS="1808"/><String ID="p489_w267" CONTENT="and" HPOS="1841" VPOS="800" WIDTH="62" HEIGHT="75" STYLEREFS="font0"/><SP WIDTH="22" VPOS="800" HPOS="1903"/><String ID="p489_w268" CONTENT="its" HPOS="1925" VPOS="800" WIDTH="43" HEIGHT="75" STYLEREFS="font0"/><SP WIDTH="28" VPOS="800" HPOS="1968"/><String ID="p489_w269" CONTENT="circle" HPOS="1996" VPOS="800" WIDTH="97" HEIGHT="75" STYLEREFS="font0"/></TextLine><TextLine WIDTH="1031" HEIGHT="75" ID="p489_t47" HPOS="1248" VPOS="846"><String ID="p489_w270" CONTENT=".370," HPOS="1248" VPOS="846" WIDTH="93" HEIGHT="75" STYLEREFS="font0"/><SP WIDTH="26" VPOS="846" HPOS="1341"/><String ID="p489_w271" CONTENT="is" HPOS="1367" VPOS="846" WIDTH="27" HEIGHT="75" STYLEREFS="font0"/><SP WIDTH="12" VPOS="846" HPOS="1394"/><String ID="p489_w272" CONTENT="fimilar" HPOS="1406" VPOS="846" WIDTH="116" HEIGHT="75" STYLEREFS="font0"/><SP WIDTH="13" VPOS="846" HPOS="1522"/><String ID="p489_w273" CONTENT="to" HPOS="1535" VPOS="846" WIDTH="33" HEIGHT="75" STYLEREFS="font0"/><SP WIDTH="20" VPOS="846" HPOS="1568"/><String ID="p489_w274" CONTENT=".481," HPOS="1588" VPOS="846" WIDTH="94" HEIGHT="75" STYLEREFS="font0"/><SP WIDTH="25" VPOS="846" HPOS="1682"/><String ID="p489_w275" CONTENT="the" HPOS="1707" VPOS="846" WIDTH="56" HEIGHT="75" STYLEREFS="font0"/><SP WIDTH="13" VPOS="846" HPOS="1763"/><String ID="p489_w276" CONTENT="circle" HPOS="1776" VPOS="846" WIDTH="97" HEIGHT="75" STYLEREFS="font0"/><SP WIDTH="12" VPOS="846" HPOS="1873"/><String ID="p489_w277" CONTENT="of" HPOS="1885" VPOS="846" WIDTH="41" HEIGHT="75" STYLEREFS="font0"/><SP WIDTH="11" VPOS="846" HPOS="1926"/><String ID="p489_w278" CONTENT="the" HPOS="1937" VPOS="846" WIDTH="55" HEIGHT="75" STYLEREFS="font0"/><SP WIDTH="17" VPOS="846" HPOS="1992"/><String ID="p489_w279" CONTENT="mul-" HPOS="2009" VPOS="846" WIDTH="82" HEIGHT="75" STYLEREFS="font0"/><SP WIDTH="67" VPOS="846" HPOS="2091"/><String ID="p489_w280" CONTENT="3-370," HPOS="2158" VPOS="846" WIDTH="121" HEIGHT="75" STYLEREFS="font0"/></TextLine><TextLine WIDTH="165" HEIGHT="75" ID="p489_t48" HPOS="1246" VPOS="893"><String ID="p489_w281" CONTENT="tiplicand." HPOS="1246" VPOS="893" WIDTH="165" HEIGHT="75" STYLEREFS="font0"/></TextLine><TextLine WIDTH="118" HEIGHT="75" ID="p489_t49" HPOS="1385" VPOS="973"><String ID="p489_w282" CONTENT="Ex." HPOS="1385" VPOS="973" WIDTH="64" HEIGHT="75" STYLEREFS="font0"/><SP WIDTH="20" VPOS="973" HPOS="1449"/><String ID="p489_w283" CONTENT="2." HPOS="1469" VPOS="973" WIDTH="34" HEIGHT="75" STYLEREFS="font0"/></TextLine><TextLine WIDTH="120" HEIGHT="75" ID="p489_t50" HPOS="1387" VPOS="1022"><String ID="p489_w284" CONTENT="7.5x8," HPOS="1387" VPOS="1022" WIDTH="120" HEIGHT="75" STYLEREFS="font0"/></TextLine><TextLine WIDTH="31" HEIGHT="75" ID="p489_t51" HPOS="1460" VPOS="1077"><String ID="p489_w285" CONTENT="•5" HPOS="1460" VPOS="1077" WIDTH="31" HEIGHT="75" STYLEREFS="font0"/></TextLine><TextLine WIDTH="117" HEIGHT="75" ID="p489_t52" HPOS="1718" VPOS="973"><String ID="p489_w286" CONTENT="Ex" HPOS="1718" VPOS="973" WIDTH="52" HEIGHT="75" STYLEREFS="font0"/><SP WIDTH="31" VPOS="973" HPOS="1770"/><String ID="p489_w287" CONTENT="3." HPOS="1801" VPOS="973" WIDTH="34" HEIGHT="75" STYLEREFS="font0"/></TextLine><TextLine WIDTH="117" HEIGHT="75" ID="p489_t53" HPOS="1723" VPOS="1025"><String ID="p489_w288" CONTENT="7-5i8," HPOS="1723" VPOS="1025" WIDTH="117" HEIGHT="75" STYLEREFS="font0"/></TextLine><TextLine WIDTH="54" HEIGHT="75" ID="p489_t54" HPOS="1768" VPOS="1068"><String ID="p489_w289" CONTENT=".05" HPOS="1768" VPOS="1068" WIDTH="54" HEIGHT="75" STYLEREFS="font0"/></TextLine><TextLine WIDTH="119" HEIGHT="75" ID="p489_t55" HPOS="2049" VPOS="973"><String ID="p489_w290" CONTENT="Ex." HPOS="2049" VPOS="973" WIDTH="65" HEIGHT="75" STYLEREFS="font0"/><SP WIDTH="17" VPOS="973" HPOS="2114"/><String ID="p489_w291" CONTENT="4." HPOS="2131" VPOS="973" WIDTH="37" HEIGHT="75" STYLEREFS="font0"/></TextLine><TextLine WIDTH="118" HEIGHT="75" ID="p489_t56" HPOS="2058" VPOS="1025"><String ID="p489_w292" CONTENT="7-5)8," HPOS="2058" VPOS="1025" WIDTH="118" HEIGHT="75" STYLEREFS="font0"/></TextLine><TextLine WIDTH="78" HEIGHT="75" ID="p489_t57" HPOS="2083" VPOS="1068"><String ID="p489_w293" CONTENT=".005" HPOS="2083" VPOS="1068" WIDTH="78" HEIGHT="75" STYLEREFS="font0"/></TextLine><TextLine WIDTH="989" HEIGHT="75" ID="p489_t58" HPOS="204" VPOS="1370"><String ID="p489_w294" CONTENT="Rule" HPOS="204" VPOS="1370" WIDTH="109" HEIGHT="75" STYLEREFS="font0"/><SP WIDTH="20" VPOS="1370" HPOS="313"/><String ID="p489_w295" CONTENT="II." HPOS="333" VPOS="1370" WIDTH="49" HEIGHT="75" STYLEREFS="font0"/><SP WIDTH="47" VPOS="1370" HPOS="382"/><String ID="p489_w296" CONTENT="If" HPOS="429" VPOS="1370" WIDTH="38" HEIGHT="75" STYLEREFS="font0"/><SP WIDTH="11" VPOS="1370" HPOS="467"/><String ID="p489_w297" CONTENT="the" HPOS="478" VPOS="1370" WIDTH="56" HEIGHT="75" STYLEREFS="font0"/><SP WIDTH="16" VPOS="1370" HPOS="534"/><String ID="p489_w298" CONTENT="multiplier" HPOS="550" VPOS="1370" WIDTH="178" HEIGHT="75" STYLEREFS="font0"/><SP WIDTH="21" VPOS="1370" HPOS="728"/><String ID="p489_w299" CONTENT="be" HPOS="749" VPOS="1370" WIDTH="41" HEIGHT="75" STYLEREFS="font0"/><SP WIDTH="15" VPOS="1370" HPOS="790"/><String ID="p489_w300" CONTENT="finite," HPOS="805" VPOS="1370" WIDTH="102" HEIGHT="75" STYLEREFS="font0"/><SP WIDTH="25" VPOS="1370" HPOS="907"/><String ID="p489_w301" CONTENT="and" HPOS="932" VPOS="1370" WIDTH="62" HEIGHT="75" STYLEREFS="font0"/><SP WIDTH="17" VPOS="1370" HPOS="994"/><String ID="p489_w302" CONTENT="the" HPOS="1011" VPOS="1370" WIDTH="56" HEIGHT="75" STYLEREFS="font0"/><SP WIDTH="15" VPOS="1370" HPOS="1067"/><String ID="p489_w303" CONTENT="multi-" HPOS="1082" VPOS="1370" WIDTH="111" HEIGHT="75" STYLEREFS="font0"/></TextLine><TextLine WIDTH="1035" HEIGHT="75" ID="p489_t59" HPOS="158" VPOS="1416"><String ID="p489_w304" CONTENT="plicand" HPOS="158" VPOS="1416" WIDTH="129" HEIGHT="75" STYLEREFS="font0"/><SP WIDTH="24" VPOS="1416" HPOS="287"/><String ID="p489_w305" CONTENT="repeat," HPOS="311" VPOS="1416" WIDTH="121" HEIGHT="75" STYLEREFS="font0"/><SP WIDTH="24" VPOS="1416" HPOS="432"/><String ID="p489_w306" CONTENT="in" HPOS="456" VPOS="1416" WIDTH="34" HEIGHT="75" STYLEREFS="font0"/><SP WIDTH="28" VPOS="1416" HPOS="490"/><String ID="p489_w307" CONTENT="multiplying" HPOS="518" VPOS="1416" WIDTH="203" HEIGHT="75" STYLEREFS="font0"/><SP WIDTH="27" VPOS="1416" HPOS="721"/><String ID="p489_w308" CONTENT="carry" HPOS="748" VPOS="1416" WIDTH="93" HEIGHT="75" STYLEREFS="font0"/><SP WIDTH="16" VPOS="1416" HPOS="841"/><String ID="p489_w309" CONTENT="at" HPOS="857" VPOS="1416" WIDTH="34" HEIGHT="75" STYLEREFS="font0"/><SP WIDTH="28" VPOS="1416" HPOS="891"/><String ID="p489_w310" CONTENT="9" HPOS="919" VPOS="1416" WIDTH="21" HEIGHT="75" STYLEREFS="font0"/><SP WIDTH="24" VPOS="1416" HPOS="940"/><String ID="p489_w311" CONTENT="on" HPOS="964" VPOS="1416" WIDTH="43" HEIGHT="75" STYLEREFS="font0"/><SP WIDTH="28" VPOS="1416" HPOS="1007"/><String ID="p489_w312" CONTENT="the" HPOS="1035" VPOS="1416" WIDTH="54" HEIGHT="75" STYLEREFS="font0"/><SP WIDTH="17" VPOS="1416" HPOS="1089"/><String ID="p489_w313" CONTENT="right" HPOS="1106" VPOS="1416" WIDTH="87" HEIGHT="75" STYLEREFS="font0"/></TextLine><TextLine WIDTH="1034" HEIGHT="75" ID="p489_t60" HPOS="158" VPOS="1462"><String ID="p489_w314" CONTENT="hand" HPOS="158" VPOS="1462" WIDTH="86" HEIGHT="75" STYLEREFS="font0"/><SP WIDTH="14" VPOS="1462" HPOS="244"/><String ID="p489_w315" CONTENT=";" HPOS="258" VPOS="1462" WIDTH="11" HEIGHT="75" STYLEREFS="font0"/><SP WIDTH="27" VPOS="1462" HPOS="269"/><String ID="p489_w316" CONTENT="and" HPOS="296" VPOS="1462" WIDTH="62" HEIGHT="75" STYLEREFS="font0"/><SP WIDTH="16" VPOS="1462" HPOS="358"/><String ID="p489_w317" CONTENT="before" HPOS="374" VPOS="1462" WIDTH="112" HEIGHT="75" STYLEREFS="font0"/><SP WIDTH="17" VPOS="1462" HPOS="486"/><String ID="p489_w318" CONTENT="you" HPOS="503" VPOS="1462" WIDTH="64" HEIGHT="75" STYLEREFS="font0"/><SP WIDTH="16" VPOS="1462" HPOS="567"/><String ID="p489_w319" CONTENT="add," HPOS="583" VPOS="1462" WIDTH="75" HEIGHT="75" STYLEREFS="font0"/><SP WIDTH="27" VPOS="1462" HPOS="658"/><String ID="p489_w320" CONTENT="prolong" HPOS="685" VPOS="1462" WIDTH="135" HEIGHT="75" STYLEREFS="font0"/><SP WIDTH="16" VPOS="1462" HPOS="820"/><String ID="p489_w321" CONTENT="the" HPOS="836" VPOS="1462" WIDTH="55" HEIGHT="75" STYLEREFS="font0"/><SP WIDTH="12" VPOS="1462" HPOS="891"/><String ID="p489_w322" CONTENT="repetends" HPOS="903" VPOS="1462" WIDTH="166" HEIGHT="75" STYLEREFS="font0"/><SP WIDTH="17" VPOS="1462" HPOS="1069"/><String ID="p489_w323" CONTENT="of" HPOS="1086" VPOS="1462" WIDTH="39" HEIGHT="75" STYLEREFS="font0"/><SP WIDTH="12" VPOS="1462" HPOS="1125"/><String ID="p489_w324" CONTENT="the" HPOS="1137" VPOS="1462" WIDTH="55" HEIGHT="75" STYLEREFS="font0"/></TextLine><TextLine WIDTH="1035" HEIGHT="75" ID="p489_t61" HPOS="157" VPOS="1508"><String ID="p489_w325" CONTENT="particular" HPOS="157" VPOS="1508" WIDTH="174" HEIGHT="75" STYLEREFS="font0"/><SP WIDTH="16" VPOS="1508" HPOS="331"/><String ID="p489_w326" CONTENT="products," HPOS="347" VPOS="1508" WIDTH="161" HEIGHT="75" STYLEREFS="font0"/><SP WIDTH="24" VPOS="1508" HPOS="508"/><String ID="p489_w327" CONTENT="till" HPOS="532" VPOS="1508" WIDTH="51" HEIGHT="75" STYLEREFS="font0"/><SP WIDTH="17" VPOS="1508" HPOS="583"/><String ID="p489_w328" CONTENT="their" HPOS="600" VPOS="1508" WIDTH="84" HEIGHT="75" STYLEREFS="font0"/><SP WIDTH="17" VPOS="1508" HPOS="684"/><String ID="p489_w329" CONTENT="right-hand" HPOS="701" VPOS="1508" WIDTH="189" HEIGHT="75" STYLEREFS="font0"/><SP WIDTH="15" VPOS="1508" HPOS="890"/><String ID="p489_w330" CONTENT="figures" HPOS="905" VPOS="1508" WIDTH="117" HEIGHT="75" STYLEREFS="font0"/><SP WIDTH="16" VPOS="1508" HPOS="1022"/><String ID="p489_w331" CONTENT="Hand" HPOS="1038" VPOS="1508" WIDTH="87" HEIGHT="75" STYLEREFS="font0"/><SP WIDTH="17" VPOS="1508" HPOS="1125"/><String ID="p489_w332" CONTENT="di-" HPOS="1142" VPOS="1508" WIDTH="50" HEIGHT="75" STYLEREFS="font0"/></TextLine><TextLine WIDTH="1034" HEIGHT="75" ID="p489_t62" HPOS="158" VPOS="1555"><String ID="p489_w333" CONTENT="reftly" HPOS="158" VPOS="1555" WIDTH="100" HEIGHT="75" STYLEREFS="font0"/><SP WIDTH="12" VPOS="1555" HPOS="258"/><String ID="p489_w334" CONTENT="under" HPOS="270" VPOS="1555" WIDTH="101" HEIGHT="75" STYLEREFS="font0"/><SP WIDTH="15" VPOS="1555" HPOS="371"/><String ID="p489_w335" CONTENT="one" HPOS="386" VPOS="1555" WIDTH="60" HEIGHT="75" STYLEREFS="font0"/><SP WIDTH="17" VPOS="1555" HPOS="446"/><String ID="p489_w336" CONTENT="another" HPOS="463" VPOS="1555" WIDTH="134" HEIGHT="75" STYLEREFS="font0"/><SP WIDTH="14" VPOS="1555" HPOS="597"/><String ID="p489_w337" CONTENT=";" HPOS="611" VPOS="1555" WIDTH="11" HEIGHT="75" STYLEREFS="font0"/><SP WIDTH="27" VPOS="1555" HPOS="622"/><String ID="p489_w338" CONTENT="and" HPOS="649" VPOS="1555" WIDTH="64" HEIGHT="75" STYLEREFS="font0"/><SP WIDTH="22" VPOS="1555" HPOS="713"/><String ID="p489_w339" CONTENT="in" HPOS="735" VPOS="1555" WIDTH="34" HEIGHT="75" STYLEREFS="font0"/><SP WIDTH="27" VPOS="1555" HPOS="769"/><String ID="p489_w340" CONTENT="adding," HPOS="796" VPOS="1555" WIDTH="131" HEIGHT="75" STYLEREFS="font0"/><SP WIDTH="25" VPOS="1555" HPOS="927"/><String ID="p489_w341" CONTENT="carry" HPOS="952" VPOS="1555" WIDTH="93" HEIGHT="75" STYLEREFS="font0"/><SP WIDTH="15" VPOS="1555" HPOS="1045"/><String ID="p489_w342" CONTENT="at" HPOS="1060" VPOS="1555" WIDTH="33" HEIGHT="75" STYLEREFS="font0"/><SP WIDTH="17" VPOS="1555" HPOS="1093"/><String ID="p489_w343" CONTENT="9" HPOS="1110" VPOS="1555" WIDTH="21" HEIGHT="75" STYLEREFS="font0"/><SP WIDTH="17" VPOS="1555" HPOS="1131"/><String ID="p489_w344" CONTENT="on" HPOS="1148" VPOS="1555" WIDTH="44" HEIGHT="75" STYLEREFS="font0"/></TextLine><TextLine WIDTH="273" HEIGHT="75" ID="p489_t63" HPOS="159" VPOS="1602"><String ID="p489_w345" CONTENT="the" HPOS="159" VPOS="1602" WIDTH="55" HEIGHT="75" STYLEREFS="font0"/><SP WIDTH="17" VPOS="1602" HPOS="214"/><String ID="p489_w346" CONTENT="right" HPOS="231" VPOS="1602" WIDTH="88" HEIGHT="75" STYLEREFS="font0"/><SP WIDTH="15" VPOS="1602" HPOS="319"/><String ID="p489_w347" CONTENT="hand." HPOS="334" VPOS="1602" WIDTH="98" HEIGHT="75" STYLEREFS="font0"/></TextLine><TextLine WIDTH="986" HEIGHT="75" ID="p489_t64" HPOS="1291" VPOS="1233"><String ID="p489_w348" CONTENT="In" HPOS="1291" VPOS="1233" WIDTH="38" HEIGHT="75" STYLEREFS="font0"/><SP WIDTH="25" VPOS="1233" HPOS="1329"/><String ID="p489_w349" CONTENT="the" HPOS="1354" VPOS="1233" WIDTH="55" HEIGHT="75" STYLEREFS="font0"/><SP WIDTH="25" VPOS="1233" HPOS="1409"/><String ID="p489_w350" CONTENT="above" HPOS="1434" VPOS="1233" WIDTH="101" HEIGHT="75" STYLEREFS="font0"/><SP WIDTH="24" VPOS="1233" HPOS="1535"/><String ID="p489_w351" CONTENT="three" HPOS="1559" VPOS="1233" WIDTH="91" HEIGHT="75" STYLEREFS="font0"/><SP WIDTH="25" VPOS="1233" HPOS="1650"/><String ID="p489_w352" CONTENT="examples" HPOS="1675" VPOS="1233" WIDTH="163" HEIGHT="75" STYLEREFS="font0"/><SP WIDTH="27" VPOS="1233" HPOS="1838"/><String ID="p489_w353" CONTENT="the" HPOS="1865" VPOS="1233" WIDTH="56" HEIGHT="75" STYLEREFS="font0"/><SP WIDTH="22" VPOS="1233" HPOS="1921"/><String ID="p489_w354" CONTENT="products" HPOS="1943" VPOS="1233" WIDTH="150" HEIGHT="75" STYLEREFS="font0"/><SP WIDTH="29" VPOS="1233" HPOS="2093"/><String ID="p489_w355" CONTENT="are" HPOS="2122" VPOS="1233" WIDTH="53" HEIGHT="75" STYLEREFS="font0"/><SP WIDTH="18" VPOS="1233" HPOS="2175"/><String ID="p489_w356" CONTENT="mixt" HPOS="2193" VPOS="1233" WIDTH="84" HEIGHT="75" STYLEREFS="font0"/></TextLine><TextLine WIDTH="1030" HEIGHT="75" ID="p489_t65" HPOS="1243" VPOS="1279"><String ID="p489_w357" CONTENT="circulates," HPOS="1243" VPOS="1279" WIDTH="180" HEIGHT="75" STYLEREFS="font0"/><SP WIDTH="23" VPOS="1279" HPOS="1423"/><String ID="p489_w358" CONTENT="the" HPOS="1446" VPOS="1279" WIDTH="55" HEIGHT="75" STYLEREFS="font0"/><SP WIDTH="17" VPOS="1279" HPOS="1501"/><String ID="p489_w359" CONTENT="three" HPOS="1518" VPOS="1279" WIDTH="90" HEIGHT="75" STYLEREFS="font0"/><SP WIDTH="17" VPOS="1279" HPOS="1608"/><String ID="p489_w360" CONTENT="figures" HPOS="1625" VPOS="1279" WIDTH="114" HEIGHT="75" STYLEREFS="font0"/><SP WIDTH="19" VPOS="1279" HPOS="1739"/><String ID="p489_w361" CONTENT="on" HPOS="1758" VPOS="1279" WIDTH="40" HEIGHT="75" STYLEREFS="font0"/><SP WIDTH="17" VPOS="1279" HPOS="1798"/><String ID="p489_w362" CONTENT="the" HPOS="1815" VPOS="1279" WIDTH="56" HEIGHT="75" STYLEREFS="font0"/><SP WIDTH="13" VPOS="1279" HPOS="1871"/><String ID="p489_w363" CONTENT="right" HPOS="1884" VPOS="1279" WIDTH="87" HEIGHT="75" STYLEREFS="font0"/><SP WIDTH="13" VPOS="1279" HPOS="1971"/><String ID="p489_w364" CONTENT="being" HPOS="1984" VPOS="1279" WIDTH="96" HEIGHT="75" STYLEREFS="font0"/><SP WIDTH="16" VPOS="1279" HPOS="2080"/><String ID="p489_w365" CONTENT="the" HPOS="2096" VPOS="1279" WIDTH="55" HEIGHT="75" STYLEREFS="font0"/><SP WIDTH="13" VPOS="1279" HPOS="2151"/><String ID="p489_w366" CONTENT="circle," HPOS="2164" VPOS="1279" WIDTH="109" HEIGHT="75" STYLEREFS="font0"/></TextLine><TextLine WIDTH="770" HEIGHT="75" ID="p489_t66" HPOS="1243" VPOS="1327"><String ID="p489_w367" CONTENT="and" HPOS="1243" VPOS="1327" WIDTH="60" HEIGHT="75" STYLEREFS="font0"/><SP WIDTH="19" VPOS="1327" HPOS="1303"/><String ID="p489_w368" CONTENT="the" HPOS="1322" VPOS="1327" WIDTH="55" HEIGHT="75" STYLEREFS="font0"/><SP WIDTH="17" VPOS="1327" HPOS="1377"/><String ID="p489_w369" CONTENT="figures" HPOS="1394" VPOS="1327" WIDTH="115" HEIGHT="75" STYLEREFS="font0"/><SP WIDTH="18" VPOS="1327" HPOS="1509"/><String ID="p489_w370" CONTENT="on" HPOS="1527" VPOS="1327" WIDTH="42" HEIGHT="75" STYLEREFS="font0"/><SP WIDTH="17" VPOS="1327" HPOS="1569"/><String ID="p489_w371" CONTENT="the" HPOS="1586" VPOS="1327" WIDTH="55" HEIGHT="75" STYLEREFS="font0"/><SP WIDTH="16" VPOS="1327" HPOS="1641"/><String ID="p489_w372" CONTENT="left" HPOS="1657" VPOS="1327" WIDTH="61" HEIGHT="75" STYLEREFS="font0"/><SP WIDTH="16" VPOS="1327" HPOS="1718"/><String ID="p489_w373" CONTENT="the" HPOS="1734" VPOS="1327" WIDTH="56" HEIGHT="75" STYLEREFS="font0"/><SP WIDTH="17" VPOS="1327" HPOS="1790"/><String ID="p489_w374" CONTENT="finite" HPOS="1807" VPOS="1327" WIDTH="89" HEIGHT="75" STYLEREFS="font0"/><SP WIDTH="16" VPOS="1327" HPOS="1896"/><String ID="p489_w375" CONTENT="parts." HPOS="1912" VPOS="1327" WIDTH="101" HEIGHT="75" STYLEREFS="font0"/></TextLine><TextLine WIDTH="473" HEIGHT="75" ID="p489_t67" HPOS="203" VPOS="1647"><String ID="p489_w376" CONTENT="The" HPOS="203" VPOS="1647" WIDTH="77" HEIGHT="75" STYLEREFS="font0"/><SP WIDTH="16" VPOS="1647" HPOS="280"/><String ID="p489_w377" CONTENT="produdt" HPOS="296" VPOS="1647" WIDTH="135" HEIGHT="75" STYLEREFS="font0"/><SP WIDTH="15" VPOS="1647" HPOS="431"/><String ID="p489_w378" CONTENT="repeats," HPOS="446" VPOS="1647" WIDTH="139" HEIGHT="75" STYLEREFS="font0"/><SP WIDTH="24" VPOS="1647" HPOS="585"/><String ID="p489_w379" CONTENT="as" HPOS="609" VPOS="1647" WIDTH="34" HEIGHT="75" STYLEREFS="font0"/><SP WIDTH="23" VPOS="1647" HPOS="643"/><String ID="p489_w380" CONTENT="i" HPOS="666" VPOS="1647" WIDTH="10" HEIGHT="75" STYLEREFS="font0"/></TextLine><TextLine WIDTH="420" HEIGHT="75" ID="p489_t68" HPOS="158" VPOS="1695"><String ID="p489_w381" CONTENT="out" HPOS="158" VPOS="1695" WIDTH="56" HEIGHT="75" STYLEREFS="font0"/><SP WIDTH="17" VPOS="1695" HPOS="214"/><String ID="p489_w382" CONTENT="finite," HPOS="231" VPOS="1695" WIDTH="101" HEIGHT="75" STYLEREFS="font0"/><SP WIDTH="26" VPOS="1695" HPOS="332"/><String ID="p489_w383" CONTENT="as" HPOS="358" VPOS="1695" WIDTH="34" HEIGHT="75" STYLEREFS="font0"/><SP WIDTH="12" VPOS="1695" HPOS="392"/><String ID="p489_w384" CONTENT="in" HPOS="404" VPOS="1695" WIDTH="33" HEIGHT="75" STYLEREFS="font0"/><SP WIDTH="16" VPOS="1695" HPOS="437"/><String ID="p489_w385" CONTENT="Ex." HPOS="453" VPOS="1695" WIDTH="70" HEIGHT="75" STYLEREFS="font0"/><SP WIDTH="18" VPOS="1695" HPOS="523"/><String ID="p489_w386" CONTENT="6." HPOS="541" VPOS="1695" WIDTH="37" HEIGHT="75" STYLEREFS="font0"/></TextLine><TextLine WIDTH="120" HEIGHT="75" ID="p489_t69" HPOS="454" VPOS="1753"><String ID="p489_w387" CONTENT="Ex." HPOS="454" VPOS="1753" WIDTH="64" HEIGHT="75" STYLEREFS="font0"/><SP WIDTH="22" VPOS="1753" HPOS="518"/><String ID="p489_w388" CONTENT="2." HPOS="540" VPOS="1753" WIDTH="34" HEIGHT="75" STYLEREFS="font0"/></TextLine><TextLine WIDTH="174" HEIGHT="75" ID="p489_t70" HPOS="717" VPOS="1650"><String ID="p489_w389" CONTENT="Ex." HPOS="717" VPOS="1650" WIDTH="69" HEIGHT="75" STYLEREFS="font0"/><SP WIDTH="22" VPOS="1650" HPOS="786"/><String ID="p489_w390" CONTENT="1." HPOS="808" VPOS="1650" WIDTH="30" HEIGHT="75" STYLEREFS="font0"/><SP WIDTH="18" VPOS="1650" HPOS="838"/><String ID="p489_w391" CONTENT="2." HPOS="856" VPOS="1650" WIDTH="35" HEIGHT="75" STYLEREFS="font0"/></TextLine><TextLine WIDTH="985" HEIGHT="75" ID="p489_t71" HPOS="1291" VPOS="1407"><String ID="p489_w392" CONTENT="Rule" HPOS="1291" VPOS="1407" WIDTH="107" HEIGHT="75" STYLEREFS="font0"/><SP WIDTH="28" VPOS="1407" HPOS="1398"/><String ID="p489_w393" CONTENT="IV." HPOS="1426" VPOS="1407" WIDTH="65" HEIGHT="75" STYLEREFS="font0"/><SP WIDTH="48" VPOS="1407" HPOS="1491"/><String ID="p489_w394" CONTENT="If" HPOS="1539" VPOS="1407" WIDTH="39" HEIGHT="75" STYLEREFS="font0"/><SP WIDTH="21" VPOS="1407" HPOS="1578"/><String ID="p489_w395" CONTENT="the" HPOS="1599" VPOS="1407" WIDTH="56" HEIGHT="75" STYLEREFS="font0"/><SP WIDTH="16" VPOS="1407" HPOS="1655"/><String ID="p489_w396" CONTENT="multiplier" HPOS="1671" VPOS="1407" WIDTH="175" HEIGHT="75" STYLEREFS="font0"/><SP WIDTH="15" VPOS="1407" HPOS="1846"/><String ID="p489_w397" CONTENT="be" HPOS="1861" VPOS="1407" WIDTH="41" HEIGHT="75" STYLEREFS="font0"/><SP WIDTH="16" VPOS="1407" HPOS="1902"/><String ID="p489_w398" CONTENT="interminate," HPOS="1918" VPOS="1407" WIDTH="216" HEIGHT="75" STYLEREFS="font0"/><SP WIDTH="25" VPOS="1407" HPOS="2134"/><String ID="p489_w399" CONTENT="reduce" HPOS="2159" VPOS="1407" WIDTH="117" HEIGHT="75" STYLEREFS="font0"/></TextLine><TextLine WIDTH="1033" HEIGHT="75" ID="p489_t72" HPOS="1243" VPOS="1454"><String ID="p489_w400" CONTENT="it" HPOS="1243" VPOS="1454" WIDTH="24" HEIGHT="75" STYLEREFS="font0"/><SP WIDTH="18" VPOS="1454" HPOS="1267"/><String ID="p489_w401" CONTENT="to" HPOS="1285" VPOS="1454" WIDTH="34" HEIGHT="75" STYLEREFS="font0"/><SP WIDTH="18" VPOS="1454" HPOS="1319"/><String ID="p489_w402" CONTENT="a" HPOS="1337" VPOS="1454" WIDTH="18" HEIGHT="75" STYLEREFS="font0"/><SP WIDTH="16" VPOS="1454" HPOS="1355"/><String ID="p489_w403" CONTENT="vulgar" HPOS="1371" VPOS="1454" WIDTH="112" HEIGHT="75" STYLEREFS="font0"/><SP WIDTH="24" VPOS="1454" HPOS="1483"/><String ID="p489_w404" CONTENT="fraftfon," HPOS="1507" VPOS="1454" WIDTH="148" HEIGHT="75" STYLEREFS="font0"/><SP WIDTH="22" VPOS="1454" HPOS="1655"/><String ID="p489_w405" CONTENT="as" HPOS="1677" VPOS="1454" WIDTH="37" HEIGHT="75" STYLEREFS="font0"/><SP WIDTH="17" VPOS="1454" HPOS="1714"/><String ID="p489_w406" CONTENT="directed" HPOS="1731" VPOS="1454" WIDTH="144" HEIGHT="75" STYLEREFS="font0"/><SP WIDTH="22" VPOS="1454" HPOS="1875"/><String ID="p489_w407" CONTENT="in" HPOS="1897" VPOS="1454" WIDTH="32" HEIGHT="75" STYLEREFS="font0"/><SP WIDTH="18" VPOS="1454" HPOS="1929"/><String ID="p489_w408" CONTENT="reduction" HPOS="1947" VPOS="1454" WIDTH="165" HEIGHT="75" STYLEREFS="font0"/><SP WIDTH="16" VPOS="1454" HPOS="2112"/><String ID="p489_w409" CONTENT="of" HPOS="2128" VPOS="1454" WIDTH="41" HEIGHT="75" STYLEREFS="font0"/><SP WIDTH="19" VPOS="1454" HPOS="2169"/><String ID="p489_w410" CONTENT="deci-" HPOS="2188" VPOS="1454" WIDTH="88" HEIGHT="75" STYLEREFS="font0"/></TextLine><TextLine WIDTH="1034" HEIGHT="75" ID="p489_t73" HPOS="1243" VPOS="1501"><String ID="p489_w411" CONTENT="mals," HPOS="1243" VPOS="1501" WIDTH="92" HEIGHT="75" STYLEREFS="font0"/><SP WIDTH="24" VPOS="1501" HPOS="1335"/><String ID="p489_w412" CONTENT="Prob." HPOS="1359" VPOS="1501" WIDTH="102" HEIGHT="75" STYLEREFS="font0"/><SP WIDTH="14" VPOS="1501" HPOS="1461"/><String ID="p489_w413" CONTENT="V.;" HPOS="1475" VPOS="1501" WIDTH="68" HEIGHT="75" STYLEREFS="font0"/><SP WIDTH="26" VPOS="1501" HPOS="1543"/><String ID="p489_w414" CONTENT="then" HPOS="1569" VPOS="1501" WIDTH="76" HEIGHT="75" STYLEREFS="font0"/><SP WIDTH="18" VPOS="1501" HPOS="1645"/><String ID="p489_w415" CONTENT="multiply" HPOS="1663" VPOS="1501" WIDTH="150" HEIGHT="75" STYLEREFS="font0"/><SP WIDTH="11" VPOS="1501" HPOS="1813"/><String ID="p489_w416" CONTENT="the" HPOS="1824" VPOS="1501" WIDTH="56" HEIGHT="75" STYLEREFS="font0"/><SP WIDTH="13" VPOS="1501" HPOS="1880"/><String ID="p489_w417" CONTENT="given" HPOS="1893" VPOS="1501" WIDTH="94" HEIGHT="75" STYLEREFS="font0"/><SP WIDTH="11" VPOS="1501" HPOS="1987"/><String ID="p489_w418" CONTENT="multiplicand" HPOS="1998" VPOS="1501" WIDTH="222" HEIGHT="75" STYLEREFS="font0"/><SP WIDTH="12" VPOS="1501" HPOS="2220"/><String ID="p489_w419" CONTENT="by" HPOS="2232" VPOS="1501" WIDTH="45" HEIGHT="75" STYLEREFS="font0"/></TextLine><TextLine WIDTH="1032" HEIGHT="75" ID="p489_t74" HPOS="1244" VPOS="1548"><String ID="p489_w420" CONTENT="the" HPOS="1244" VPOS="1548" WIDTH="55" HEIGHT="75" STYLEREFS="font0"/><SP WIDTH="16" VPOS="1548" HPOS="1299"/><String ID="p489_w421" CONTENT="numerator," HPOS="1315" VPOS="1548" WIDTH="197" HEIGHT="75" STYLEREFS="font0"/><SP WIDTH="27" VPOS="1548" HPOS="1512"/><String ID="p489_w422" CONTENT="(working" HPOS="1539" VPOS="1548" WIDTH="163" HEIGHT="75" STYLEREFS="font0"/><SP WIDTH="15" VPOS="1548" HPOS="1702"/><String ID="p489_w423" CONTENT="as" HPOS="1717" VPOS="1548" WIDTH="34" HEIGHT="75" STYLEREFS="font0"/><SP WIDTH="26" VPOS="1548" HPOS="1751"/><String ID="p489_w424" CONTENT="in" HPOS="1777" VPOS="1548" WIDTH="34" HEIGHT="75" STYLEREFS="font0"/><SP WIDTH="16" VPOS="1548" HPOS="1811"/><String ID="p489_w425" CONTENT="integers," HPOS="1827" VPOS="1548" WIDTH="153" HEIGHT="75" STYLEREFS="font0"/><SP WIDTH="28" VPOS="1548" HPOS="1980"/><String ID="p489_w426" CONTENT="if" HPOS="2008" VPOS="1548" WIDTH="32" HEIGHT="75" STYLEREFS="font0"/><SP WIDTH="10" VPOS="1548" HPOS="2040"/><String ID="p489_w427" CONTENT="the" HPOS="2050" VPOS="1548" WIDTH="55" HEIGHT="75" STYLEREFS="font0"/><SP WIDTH="16" VPOS="1548" HPOS="2105"/><String ID="p489_w428" CONTENT="multipli-" HPOS="2121" VPOS="1548" WIDTH="155" HEIGHT="75" STYLEREFS="font0"/></TextLine><TextLine WIDTH="1035" HEIGHT="75" ID="p489_t75" HPOS="1244" VPOS="1595"><String ID="p489_w429" CONTENT="cand" HPOS="1244" VPOS="1595" WIDTH="81" HEIGHT="75" STYLEREFS="font0"/><SP WIDTH="17" VPOS="1595" HPOS="1325"/><String ID="p489_w430" CONTENT="be" HPOS="1342" VPOS="1595" WIDTH="41" HEIGHT="75" STYLEREFS="font0"/><SP WIDTH="17" VPOS="1595" HPOS="1383"/><String ID="p489_w431" CONTENT="finite" HPOS="1400" VPOS="1595" WIDTH="88" HEIGHT="75" STYLEREFS="font0"/><SP WIDTH="14" VPOS="1595" HPOS="1488"/><String ID="p489_w432" CONTENT=";" HPOS="1502" VPOS="1595" WIDTH="10" HEIGHT="75" STYLEREFS="font0"/><SP WIDTH="26" VPOS="1595" HPOS="1512"/><String ID="p489_w433" CONTENT="or" HPOS="1538" VPOS="1595" WIDTH="43" HEIGHT="75" STYLEREFS="font0"/><SP WIDTH="11" VPOS="1595" HPOS="1581"/><String ID="p489_w434" CONTENT="as" HPOS="1592" VPOS="1595" WIDTH="36" HEIGHT="75" STYLEREFS="font0"/><SP WIDTH="8" VPOS="1595" HPOS="1628"/><String ID="p489_w435" CONTENT="dire&lt;5ted" HPOS="1636" VPOS="1595" WIDTH="142" HEIGHT="75" STYLEREFS="font0"/><SP WIDTH="15" VPOS="1595" HPOS="1778"/><String ID="p489_w436" CONTENT="in" HPOS="1793" VPOS="1595" WIDTH="33" HEIGHT="75" STYLEREFS="font0"/><SP WIDTH="16" VPOS="1595" HPOS="1826"/><String ID="p489_w437" CONTENT="Rule" HPOS="1842" VPOS="1595" WIDTH="87" HEIGHT="75" STYLEREFS="font0"/><SP WIDTH="13" VPOS="1595" HPOS="1929"/><String ID="p489_w438" CONTENT="2." HPOS="1942" VPOS="1595" WIDTH="34" HEIGHT="75" STYLEREFS="font0"/><SP WIDTH="24" VPOS="1595" HPOS="1976"/><String ID="p489_w439" CONTENT="if" HPOS="2000" VPOS="1595" WIDTH="31" HEIGHT="75" STYLEREFS="font0"/><SP WIDTH="11" VPOS="1595" HPOS="2031"/><String ID="p489_w440" CONTENT="it" HPOS="2042" VPOS="1595" WIDTH="26" HEIGHT="75" STYLEREFS="font0"/><SP WIDTH="16" VPOS="1595" HPOS="2068"/><String ID="p489_w441" CONTENT="repeat;" HPOS="2084" VPOS="1595" WIDTH="129" HEIGHT="75" STYLEREFS="font0"/><SP WIDTH="26" VPOS="1595" HPOS="2213"/><String ID="p489_w442" CONTENT="or" HPOS="2239" VPOS="1595" WIDTH="40" HEIGHT="75" STYLEREFS="font0"/></TextLine><TextLine WIDTH="1273" HEIGHT="75" ID="p489_t76" HPOS="1002" VPOS="1633"><String ID="p489_w443" CONTENT=";" HPOS="1002" VPOS="1651" WIDTH="14" HEIGHT="75" STYLEREFS="font0"/><SP WIDTH="23" VPOS="1651" HPOS="1016"/><String ID="p489_w444" CONTENT="or" HPOS="1039" VPOS="1651" WIDTH="38" HEIGHT="75" STYLEREFS="font0"/><SP WIDTH="23" VPOS="1651" HPOS="1077"/><String ID="p489_w445" CONTENT="turns" HPOS="1100" VPOS="1651" WIDTH="92" HEIGHT="75" STYLEREFS="font0"/><SP WIDTH="49" VPOS="1651" HPOS="1192"/><String ID="p489_w446" CONTENT="as" HPOS="1241" VPOS="1633" WIDTH="36" HEIGHT="49" STYLEREFS="font1"/><SP WIDTH="16" VPOS="1633" HPOS="1277"/><String ID="p489_w447" CONTENT="prefcribed" HPOS="1293" VPOS="1651" WIDTH="180" HEIGHT="75" STYLEREFS="font0"/><SP WIDTH="15" VPOS="1651" HPOS="1473"/><String ID="p489_w448" CONTENT="in" HPOS="1488" VPOS="1651" WIDTH="31" HEIGHT="75" STYLEREFS="font0"/><SP WIDTH="17" VPOS="1651" HPOS="1519"/><String ID="p489_w449" CONTENT="Rule" HPOS="1536" VPOS="1651" WIDTH="87" HEIGHT="75" STYLEREFS="font0"/><SP WIDTH="19" VPOS="1651" HPOS="1623"/><String ID="p489_w450" CONTENT="3." HPOS="1642" VPOS="1651" WIDTH="34" HEIGHT="75" STYLEREFS="font0"/><SP WIDTH="24" VPOS="1651" HPOS="1676"/><String ID="p489_w451" CONTENT="if" HPOS="1700" VPOS="1651" WIDTH="32" HEIGHT="75" STYLEREFS="font0"/><SP WIDTH="10" VPOS="1651" HPOS="1732"/><String ID="p489_w452" CONTENT="it" HPOS="1742" VPOS="1651" WIDTH="27" HEIGHT="75" STYLEREFS="font0"/><SP WIDTH="16" VPOS="1651" HPOS="1769"/><String ID="p489_w453" CONTENT="circulate)" HPOS="1785" VPOS="1651" WIDTH="168" HEIGHT="75" STYLEREFS="font0"/><SP WIDTH="17" VPOS="1651" HPOS="1953"/><String ID="p489_w454" CONTENT=";" HPOS="1970" VPOS="1651" WIDTH="12" HEIGHT="75" STYLEREFS="font0"/><SP WIDTH="36" VPOS="1651" HPOS="1982"/><String ID="p489_w455" CONTENT="and" HPOS="2018" VPOS="1651" WIDTH="62" HEIGHT="75" STYLEREFS="font0"/><SP WIDTH="16" VPOS="1651" HPOS="2080"/><String ID="p489_w456" CONTENT="divide" HPOS="2096" VPOS="1651" WIDTH="107" HEIGHT="75" STYLEREFS="font0"/><SP WIDTH="16" VPOS="1651" HPOS="2203"/><String ID="p489_w457" CONTENT="the" HPOS="2219" VPOS="1651" WIDTH="56" HEIGHT="75" STYLEREFS="font0"/></TextLine><TextLine WIDTH="522" HEIGHT="75" ID="p489_t77" HPOS="1241" VPOS="1688"><String ID="p489_w458" CONTENT="product," HPOS="1241" VPOS="1688" WIDTH="142" HEIGHT="75" STYLEREFS="font0"/><SP WIDTH="9" VPOS="1688" HPOS="1383"/><String ID="p489_w459" CONTENT="by" HPOS="1392" VPOS="1688" WIDTH="43" HEIGHT="75" STYLEREFS="font0"/><SP WIDTH="12" VPOS="1688" HPOS="1435"/><String ID="p489_w460" CONTENT="the" HPOS="1447" VPOS="1688" WIDTH="56" HEIGHT="75" STYLEREFS="font0"/><SP WIDTH="16" VPOS="1688" HPOS="1503"/><String ID="p489_w461" CONTENT="denominator,." HPOS="1519" VPOS="1688" WIDTH="244" HEIGHT="75" STYLEREFS="font0"/></TextLine><TextLine WIDTH="55" HEIGHT="81" ID="p489_t78" HPOS="955" VPOS="1737"><String ID="p489_w462" CONTENT="p" HPOS="955" VPOS="1737" WIDTH="31" HEIGHT="75" STYLEREFS="font0"/><String ID="p489_w463" CONTENT="x" HPOS="986" VPOS="1769" WIDTH="24" HEIGHT="49" STYLEREFS="font2"/></TextLine><TextLine WIDTH="985" HEIGHT="75" ID="p489_t79" HPOS="1287" VPOS="1737"><String ID="p489_w464" CONTENT="Here" HPOS="1287" VPOS="1737" WIDTH="91" HEIGHT="75" STYLEREFS="font0"/><SP WIDTH="11" VPOS="1737" HPOS="1378"/><String ID="p489_w465" CONTENT="there" HPOS="1389" VPOS="1737" WIDTH="92" HEIGHT="75" STYLEREFS="font0"/><SP WIDTH="12" VPOS="1737" HPOS="1481"/><String ID="p489_w466" CONTENT="are" HPOS="1493" VPOS="1737" WIDTH="53" HEIGHT="75" STYLEREFS="font0"/><SP WIDTH="11" VPOS="1737" HPOS="1546"/><String ID="p489_w467" CONTENT="fix" HPOS="1557" VPOS="1737" WIDTH="47" HEIGHT="75" STYLEREFS="font0"/><SP WIDTH="12" VPOS="1737" HPOS="1604"/><String ID="p489_w468" CONTENT="cafes" HPOS="1616" VPOS="1737" WIDTH="86" HEIGHT="75" STYLEREFS="font0"/><SP WIDTH="15" VPOS="1737" HPOS="1702"/><String ID="p489_w469" CONTENT="-" HPOS="1717" VPOS="1737" WIDTH="5" HEIGHT="75" STYLEREFS="font0"/><String ID="p489_w470" CONTENT="," HPOS="1722" VPOS="1737" WIDTH="4" HEIGHT="75" STYLEREFS="font0"/><SP WIDTH="27" VPOS="1737" HPOS="1726"/><String ID="p489_w471" CONTENT="for" HPOS="1753" VPOS="1737" WIDTH="52" HEIGHT="75" STYLEREFS="font0"/><SP WIDTH="12" VPOS="1737" HPOS="1805"/><String ID="p489_w472" CONTENT="the" HPOS="1817" VPOS="1737" WIDTH="55" HEIGHT="75" STYLEREFS="font0"/><SP WIDTH="13" VPOS="1737" HPOS="1872"/><String ID="p489_w473" CONTENT="multiplier" HPOS="1885" VPOS="1737" WIDTH="174" HEIGHT="75" STYLEREFS="font0"/><SP WIDTH="17" VPOS="1737" HPOS="2059"/><String ID="p489_w474" CONTENT="may" HPOS="2076" VPOS="1737" WIDTH="74" HEIGHT="75" STYLEREFS="font0"/><SP WIDTH="12" VPOS="1737" HPOS="2150"/><String ID="p489_w475" CONTENT="repeat" HPOS="2162" VPOS="1737" WIDTH="110" HEIGHT="75" STYLEREFS="font0"/></TextLine><TextLine WIDTH="1311" HEIGHT="75" ID="p489_t80" HPOS="963" VPOS="1804"><String ID="p489_w476" CONTENT="2542V" HPOS="963" VPOS="1804" WIDTH="134" HEIGHT="75" STYLEREFS="font0"/><SP WIDTH="27" VPOS="1804" HPOS="1097"/><String ID="p489_w477" CONTENT="'" HPOS="1124" VPOS="1804" WIDTH="6" HEIGHT="75" STYLEREFS="font0"/><SP WIDTH="110" VPOS="1804" HPOS="1130"/><String ID="p489_w478" CONTENT="or" HPOS="1240" VPOS="1804" WIDTH="37" HEIGHT="75" STYLEREFS="font0"/><SP WIDTH="17" VPOS="1804" HPOS="1277"/><String ID="p489_w479" CONTENT="circulate," HPOS="1294" VPOS="1804" WIDTH="165" HEIGHT="75" STYLEREFS="font0"/><SP WIDTH="26" VPOS="1804" HPOS="1459"/><String ID="p489_w480" CONTENT="and" HPOS="1485" VPOS="1804" WIDTH="63" HEIGHT="75" STYLEREFS="font0"/><SP WIDTH="24" VPOS="1804" HPOS="1548"/><String ID="p489_w481" CONTENT="may" HPOS="1572" VPOS="1804" WIDTH="73" HEIGHT="75" STYLEREFS="font0"/><SP WIDTH="16" VPOS="1804" HPOS="1645"/><String ID="p489_w482" CONTENT="multiply" HPOS="1661" VPOS="1804" WIDTH="149" HEIGHT="75" STYLEREFS="font0"/><SP WIDTH="15" VPOS="1804" HPOS="1810"/><String ID="p489_w483" CONTENT="a" HPOS="1825" VPOS="1804" WIDTH="19" HEIGHT="75" STYLEREFS="font0"/><SP WIDTH="25" VPOS="1804" HPOS="1844"/><String ID="p489_w484" CONTENT="finite," HPOS="1869" VPOS="1804" WIDTH="101" HEIGHT="75" STYLEREFS="font0"/><SP WIDTH="26" VPOS="1804" HPOS="1970"/><String ID="p489_w485" CONTENT="a" HPOS="1996" VPOS="1804" WIDTH="19" HEIGHT="75" STYLEREFS="font0"/><SP WIDTH="16" VPOS="1804" HPOS="2015"/><String ID="p489_w486" CONTENT="repeating," HPOS="2031" VPOS="1804" WIDTH="176" HEIGHT="75" STYLEREFS="font0"/><SP WIDTH="29" VPOS="1804" HPOS="2207"/><String ID="p489_w487" CONTENT="or" HPOS="2236" VPOS="1804" WIDTH="38" HEIGHT="75" STYLEREFS="font0"/></TextLine><TextLine WIDTH="126" HEIGHT="75" ID="p489_t81" HPOS="963" VPOS="1830"><String ID="p489_w488" CONTENT="^" HPOS="963" VPOS="1830" WIDTH="37" HEIGHT="75" STYLEREFS="font0"/><SP WIDTH="43" VPOS="1830" HPOS="1000"/><String ID="p489_w489" CONTENT="Q&lt;j" HPOS="1043" VPOS="1830" WIDTH="34" HEIGHT="75" STYLEREFS="font0"/><String ID="p489_w490" CONTENT="&gt;" HPOS="1077" VPOS="1830" WIDTH="12" HEIGHT="75" STYLEREFS="font0"/></TextLine><TextLine WIDTH="440" HEIGHT="75" ID="p489_t82" HPOS="1241" VPOS="1830"><String ID="p489_w491" CONTENT="circulating" HPOS="1241" VPOS="1830" WIDTH="189" HEIGHT="75" STYLEREFS="font0"/><SP WIDTH="16" VPOS="1830" HPOS="1430"/><String ID="p489_w492" CONTENT="multiplicand." HPOS="1446" VPOS="1830" WIDTH="235" HEIGHT="75" STYLEREFS="font0"/></TextLine><TextLine WIDTH="997" HEIGHT="75" ID="p489_t83" HPOS="1289" VPOS="1911"><String ID="p489_w493" CONTENT="Case" HPOS="1289" VPOS="1911" WIDTH="98" HEIGHT="75" STYLEREFS="font0"/><SP WIDTH="18" VPOS="1911" HPOS="1387"/><String ID="p489_w494" CONTENT="I." HPOS="1405" VPOS="1911" WIDTH="32" HEIGHT="75" STYLEREFS="font0"/><SP WIDTH="48" VPOS="1911" HPOS="1437"/><String ID="p489_w495" CONTENT="When" HPOS="1485" VPOS="1911" WIDTH="111" HEIGHT="75" STYLEREFS="font0"/><SP WIDTH="18" VPOS="1911" HPOS="1596"/><String ID="p489_w496" CONTENT="a" HPOS="1614" VPOS="1911" WIDTH="19" HEIGHT="75" STYLEREFS="font0"/><SP WIDTH="10" VPOS="1911" HPOS="1633"/><String ID="p489_w497" CONTENT="repeating" HPOS="1643" VPOS="1911" WIDTH="164" HEIGHT="75" STYLEREFS="font0"/><SP WIDTH="16" VPOS="1911" HPOS="1807"/><String ID="p489_w498" CONTENT="multiplier" HPOS="1823" VPOS="1911" WIDTH="174" HEIGHT="75" STYLEREFS="font0"/><SP WIDTH="12" VPOS="1911" HPOS="1997"/><String ID="p489_w499" CONTENT="multiplies," HPOS="2009" VPOS="1911" WIDTH="184" HEIGHT="75" STYLEREFS="font0"/><SP WIDTH="8" VPOS="1911" HPOS="2193"/><String ID="p489_w500" CONTENT="a" HPOS="2201" VPOS="1911" WIDTH="19" HEIGHT="75" STYLEREFS="font0"/><SP WIDTH="16" VPOS="1911" HPOS="2220"/><String ID="p489_w501" CONTENT="fi-t-" HPOS="2236" VPOS="1911" WIDTH="50" HEIGHT="75" STYLEREFS="font0"/></TextLine><TextLine WIDTH="316" HEIGHT="75" ID="p489_t84" HPOS="1241" VPOS="1958"><String ID="p489_w502" CONTENT="nite" HPOS="1241" VPOS="1958" WIDTH="64" HEIGHT="75" STYLEREFS="font0"/><SP WIDTH="17" VPOS="1958" HPOS="1305"/><String ID="p489_w503" CONTENT="multiplicand." HPOS="1322" VPOS="1958" WIDTH="235" HEIGHT="75" STYLEREFS="font0"/></TextLine><TextLine WIDTH="699" HEIGHT="75" ID="p489_t85" HPOS="1287" VPOS="2038"><String ID="p489_w504" CONTENT="Examp." HPOS="1287" VPOS="2038" WIDTH="153" HEIGHT="75" STYLEREFS="font0"/><SP WIDTH="47" VPOS="2038" HPOS="1440"/><String ID="p489_w505" CONTENT="Multiply" HPOS="1487" VPOS="2038" WIDTH="160" HEIGHT="75" STYLEREFS="font0"/><SP WIDTH="17" VPOS="2038" HPOS="1647"/><String ID="p489_w506" CONTENT="638.25.by" HPOS="1664" VPOS="2038" WIDTH="191" HEIGHT="75" STYLEREFS="font0"/><SP WIDTH="18" VPOS="2038" HPOS="1855"/><String ID="p489_w507" CONTENT=".4" HPOS="1873" VPOS="2038" WIDTH="35" HEIGHT="75" STYLEREFS="font0"/><SP WIDTH="8" VPOS="2038" HPOS="1908"/><String ID="p489_w508" CONTENT="=" HPOS="1916" VPOS="2038" WIDTH="36" HEIGHT="75" STYLEREFS="font0"/><SP WIDTH="8" VPOS="2038" HPOS="1952"/><String ID="p489_w509" CONTENT="^" HPOS="1960" VPOS="2038" WIDTH="26" HEIGHT="75" STYLEREFS="font0"/></TextLine><TextLine WIDTH="141" HEIGHT="75" ID="p489_t86" HPOS="1524" VPOS="2088"><String ID="p489_w510" CONTENT="638.25." HPOS="1524" VPOS="2088" WIDTH="141" HEIGHT="75" STYLEREFS="font0"/></TextLine><TextLine WIDTH="21" HEIGHT="75" ID="p489_t87" HPOS="1631" VPOS="2144"><String ID="p489_w511" CONTENT="4" HPOS="1631" VPOS="2144" WIDTH="21" HEIGHT="75" STYLEREFS="font0"/></TextLine><TextLine WIDTH="154" HEIGHT="75" ID="p489_t88" HPOS="936" VPOS="1947"><String ID="p489_w512" CONTENT="28.341^" HPOS="936" VPOS="1947" WIDTH="154" HEIGHT="75" STYLEREFS="font0"/></TextLine><TextLine WIDTH="985" HEIGHT="75" ID="p489_t89" HPOS="203" VPOS="2440"><String ID="p489_w513" CONTENT="Note," HPOS="203" VPOS="2440" WIDTH="100" HEIGHT="75" STYLEREFS="font0"/><SP WIDTH="25" VPOS="2440" HPOS="303"/><String ID="p489_w514" CONTENT="IT" HPOS="328" VPOS="2440" WIDTH="39" HEIGHT="75" STYLEREFS="font0"/><SP WIDTH="10" VPOS="2440" HPOS="367"/><String ID="p489_w515" CONTENT="die" HPOS="377" VPOS="2440" WIDTH="56" HEIGHT="75" STYLEREFS="font0"/><SP WIDTH="16" VPOS="2440" HPOS="433"/><String ID="p489_w516" CONTENT="multiplier" HPOS="449" VPOS="2440" WIDTH="176" HEIGHT="75" STYLEREFS="font0"/><SP WIDTH="22" VPOS="2440" HPOS="625"/><String ID="p489_w517" CONTENT="has" HPOS="647" VPOS="2440" WIDTH="59" HEIGHT="75" STYLEREFS="font0"/><SP WIDTH="16" VPOS="2440" HPOS="706"/><String ID="p489_w518" CONTENT="ciphers" HPOS="722" VPOS="2440" WIDTH="124" HEIGHT="75" STYLEREFS="font0"/><SP WIDTH="18" VPOS="2440" HPOS="846"/><String ID="p489_w519" CONTENT="on" HPOS="864" VPOS="2440" WIDTH="42" HEIGHT="75" STYLEREFS="font0"/><SP WIDTH="24" VPOS="2440" HPOS="906"/><String ID="p489_w520" CONTENT="the" HPOS="930" VPOS="2440" WIDTH="59" HEIGHT="75" STYLEREFS="font0"/><SP WIDTH="27" VPOS="2440" HPOS="989"/><String ID="p489_w521" CONTENT="right," HPOS="1016" VPOS="2440" WIDTH="98" HEIGHT="75" STYLEREFS="font0"/><SP WIDTH="25" VPOS="2440" HPOS="1114"/><String ID="p489_w522" CONTENT="in-" HPOS="1139" VPOS="2440" WIDTH="49" HEIGHT="75" STYLEREFS="font0"/></TextLine><TextLine WIDTH="1035" HEIGHT="75" ID="p489_t90" HPOS="154" VPOS="2485"><String ID="p489_w523" CONTENT="ffead" HPOS="154" VPOS="2485" WIDTH="86" HEIGHT="75" STYLEREFS="font0"/><SP WIDTH="23" VPOS="2485" HPOS="240"/><String ID="p489_w524" CONTENT="of" HPOS="263" VPOS="2485" WIDTH="41" HEIGHT="75" STYLEREFS="font0"/><SP WIDTH="19" VPOS="2485" HPOS="304"/><String ID="p489_w525" CONTENT="annexing" HPOS="323" VPOS="2485" WIDTH="160" HEIGHT="75" STYLEREFS="font0"/><SP WIDTH="25" VPOS="2485" HPOS="483"/><String ID="p489_w526" CONTENT="ciphers" HPOS="508" VPOS="2485" WIDTH="124" HEIGHT="75" STYLEREFS="font0"/><SP WIDTH="25" VPOS="2485" HPOS="632"/><String ID="p489_w527" CONTENT="to" HPOS="657" VPOS="2485" WIDTH="36" HEIGHT="75" STYLEREFS="font0"/><SP WIDTH="24" VPOS="2485" HPOS="693"/><String ID="p489_w528" CONTENT="the" HPOS="717" VPOS="2485" WIDTH="55" HEIGHT="75" STYLEREFS="font0"/><SP WIDTH="25" VPOS="2485" HPOS="772"/><String ID="p489_w529" CONTENT="produft," HPOS="797" VPOS="2485" WIDTH="149" HEIGHT="75" STYLEREFS="font0"/><SP WIDTH="23" VPOS="2485" HPOS="946"/><String ID="p489_w530" CONTENT="reiterate" HPOS="969" VPOS="2485" WIDTH="155" HEIGHT="75" STYLEREFS="font0"/><SP WIDTH="22" VPOS="2485" HPOS="1124"/><String ID="p489_w531" CONTENT="its" HPOS="1146" VPOS="2485" WIDTH="43" HEIGHT="75" STYLEREFS="font0"/></TextLine><TextLine WIDTH="962" HEIGHT="75" ID="p489_t91" HPOS="155" VPOS="2532"><String ID="p489_w532" CONTENT="right-hand" HPOS="155" VPOS="2532" WIDTH="193" HEIGHT="75" STYLEREFS="font0"/><SP WIDTH="11" VPOS="2532" HPOS="348"/><String ID="p489_w533" CONTENT="figure'" HPOS="359" VPOS="2532" WIDTH="106" HEIGHT="75" STYLEREFS="font0"/><SP WIDTH="11" VPOS="2532" HPOS="465"/><String ID="p489_w534" CONTENT="fo" HPOS="476" VPOS="2532" WIDTH="35" HEIGHT="75" STYLEREFS="font0"/><SP WIDTH="16" VPOS="2532" HPOS="511"/><String ID="p489_w535" CONTENT="many" HPOS="527" VPOS="2532" WIDTH="95" HEIGHT="75" STYLEREFS="font0"/><SP WIDTH="16" VPOS="2532" HPOS="622"/><String ID="p489_w536" CONTENT="times" HPOS="638" VPOS="2532" WIDTH="93" HEIGHT="75" STYLEREFS="font0"/><SP WIDTH="18" VPOS="2532" HPOS="731"/><String ID="p489_w537" CONTENT="as" HPOS="749" VPOS="2532" WIDTH="33" HEIGHT="75" STYLEREFS="font0"/><SP WIDTH="19" VPOS="2532" HPOS="782"/><String ID="p489_w538" CONTENT="there" HPOS="801" VPOS="2532" WIDTH="90" HEIGHT="75" STYLEREFS="font0"/><SP WIDTH="16" VPOS="2532" HPOS="891"/><String ID="p489_w539" CONTENT="are" HPOS="907" VPOS="2532" WIDTH="54" HEIGHT="75" STYLEREFS="font0"/><SP WIDTH="17" VPOS="2532" HPOS="961"/><String ID="p489_w540" CONTENT="ciphers." HPOS="978" VPOS="2532" WIDTH="139" HEIGHT="75" STYLEREFS="font0"/></TextLine><TextLine WIDTH="616" HEIGHT="75" ID="p489_t92" HPOS="1458" VPOS="2229"><String ID="p489_w541" CONTENT="9)2553-00(283.(1" HPOS="1458" VPOS="2229" WIDTH="325" HEIGHT="75" STYLEREFS="font0"/><SP WIDTH="13" VPOS="2229" HPOS="1783"/><String ID="p489_w542" CONTENT="produft" HPOS="1796" VPOS="2229" WIDTH="134" HEIGHT="75" STYLEREFS="font0"/><SP WIDTH="14" VPOS="2229" HPOS="1930"/><String ID="p489_w543" CONTENT="fought:" HPOS="1944" VPOS="2229" WIDTH="130" HEIGHT="75" STYLEREFS="font0"/></TextLine><TextLine WIDTH="53" HEIGHT="114" ID="p489_t93" HPOS="1521" VPOS="2375"><String ID="p489_w544" CONTENT="n" HPOS="1521" VPOS="2375" WIDTH="53" HEIGHT="75" STYLEREFS="font0"/><SP WIDTH="4294967243" VPOS="2375" HPOS="1574"/><String ID="p489_w545" CONTENT="72" HPOS="1521" VPOS="2414" WIDTH="44" HEIGHT="75" STYLEREFS="font0"/></TextLine><TextLine WIDTH="119" HEIGHT="75" ID="p489_t94" HPOS="415" VPOS="2602"><String ID="p489_w546" CONTENT="Ex." HPOS="415" VPOS="2602" WIDTH="63" HEIGHT="75" STYLEREFS="font0"/><SP WIDTH="24" VPOS="2602" HPOS="478"/><String ID="p489_w547" CONTENT="x." HPOS="502" VPOS="2602" WIDTH="32" HEIGHT="75" STYLEREFS="font0"/></TextLine><TextLine WIDTH="83" HEIGHT="75" ID="p489_t95" HPOS="433" VPOS="2652"><String ID="p489_w548" CONTENT="79.6" HPOS="433" VPOS="2652" WIDTH="83" HEIGHT="75" STYLEREFS="font0"/></TextLine><TextLine WIDTH="44" HEIGHT="75" ID="p489_t96" HPOS="496" VPOS="2709"><String ID="p489_w549" CONTENT="5°" HPOS="496" VPOS="2709" WIDTH="44" HEIGHT="75" STYLEREFS="font0"/></TextLine><TextLine WIDTH="117" HEIGHT="75" ID="p489_t97" HPOS="771" VPOS="2609"><String ID="p489_w550" CONTENT="Ex." HPOS="771" VPOS="2609" WIDTH="63" HEIGHT="75" STYLEREFS="font0"/><SP WIDTH="21" VPOS="2609" HPOS="834"/><String ID="p489_w551" CONTENT="2." HPOS="855" VPOS="2609" WIDTH="33" HEIGHT="75" STYLEREFS="font0"/></TextLine><TextLine WIDTH="148" HEIGHT="113" ID="p489_t98" HPOS="774" VPOS="2667"><String ID="p489_w552" CONTENT="874-3'" HPOS="774" VPOS="2667" WIDTH="109" HEIGHT="75" STYLEREFS="font0"/><SP WIDTH="4294967267" VPOS="2667" HPOS="883"/><String ID="p489_w553" CONTENT="900" HPOS="854" VPOS="2705" WIDTH="68" HEIGHT="75" STYLEREFS="font0"/></TextLine><TextLine WIDTH="41" HEIGHT="75" ID="p489_t99" HPOS="1548" VPOS="2516"><String ID="p489_w554" CONTENT="33" HPOS="1548" VPOS="2516" WIDTH="41" HEIGHT="75" STYLEREFS="font0"/></TextLine><TextLine WIDTH="43" HEIGHT="75" ID="p489_t100" HPOS="1547" VPOS="2553"><String ID="p489_w555" CONTENT="27" HPOS="1547" VPOS="2553" WIDTH="43" HEIGHT="75" STYLEREFS="font0"/></TextLine><TextLine WIDTH="46" HEIGHT="75" ID="p489_t101" HPOS="1569" VPOS="2646"><String ID="p489_w556" CONTENT="60" HPOS="1569" VPOS="2646" WIDTH="46" HEIGHT="75" STYLEREFS="font0"/></TextLine><TextLine WIDTH="44" HEIGHT="75" ID="p489_t102" HPOS="1571" VPOS="2705"><String ID="p489_w557" CONTENT="54" HPOS="1571" VPOS="2705" WIDTH="44" HEIGHT="75" STYLEREFS="font0"/></TextLine><TextLine WIDTH="128" HEIGHT="75" ID="p489_t103" HPOS="411" VPOS="2792"><String ID="p489_w558" CONTENT="3983.3" HPOS="411" VPOS="2792" WIDTH="128" HEIGHT="75" STYLEREFS="font0"/></TextLine><TextLine WIDTH="177" HEIGHT="75" ID="p489_t104" HPOS="747" VPOS="2792"><String ID="p489_w559" CONTENT="786900.0" HPOS="747" VPOS="2792" WIDTH="177" HEIGHT="75" STYLEREFS="font0"/></TextLine><TextLine WIDTH="1745" HEIGHT="85" ID="p489_t105" HPOS="242" VPOS="2847"><String ID="p489_w560" CONTENT="ole" HPOS="242" VPOS="2847" WIDTH="71" HEIGHT="75" STYLEREFS="font0"/><SP WIDTH="18" VPOS="2847" HPOS="313"/><String ID="p489_w561" CONTENT="III-." HPOS="331" VPOS="2847" WIDTH="68" HEIGHT="75" STYLEREFS="font0"/><SP WIDTH="48" VPOS="2847" HPOS="399"/><String ID="p489_w562" CONTENT="If" HPOS="447" VPOS="2847" WIDTH="38" HEIGHT="75" STYLEREFS="font0"/><SP WIDTH="11" VPOS="2847" HPOS="485"/><String ID="p489_w563" CONTENT="the" HPOS="496" VPOS="2847" WIDTH="56" HEIGHT="75" STYLEREFS="font0"/><SP WIDTH="17" VPOS="2847" HPOS="552"/><String ID="p489_w564" CONTENT="multiplier" HPOS="569" VPOS="2847" WIDTH="174" HEIGHT="75" STYLEREFS="font0"/><SP WIDTH="16" VPOS="2847" HPOS="743"/><String ID="p489_w565" CONTENT="be" HPOS="759" VPOS="2847" WIDTH="39" HEIGHT="75" STYLEREFS="font0"/><SP WIDTH="14" VPOS="2847" HPOS="798"/><String ID="p489_w566" CONTENT="finke," HPOS="812" VPOS="2847" WIDTH="99" HEIGHT="75" STYLEREFS="font0"/><SP WIDTH="27" VPOS="2847" HPOS="911"/><String ID="p489_w567" CONTENT="and" HPOS="938" VPOS="2847" WIDTH="62" HEIGHT="75" STYLEREFS="font0"/><SP WIDTH="12" VPOS="2847" HPOS="1000"/><String ID="p489_w568" CONTENT="the" HPOS="1012" VPOS="2847" WIDTH="55" HEIGHT="75" STYLEREFS="font0"/><SP WIDTH="13" VPOS="2847" HPOS="1067"/><String ID="p489_w569" CONTENT="raulti-" HPOS="1080" VPOS="2847" WIDTH="108" HEIGHT="75" STYLEREFS="font0"/><SP WIDTH="98" VPOS="2847" HPOS="1188"/><String ID="p489_w570" CONTENT="Case" HPOS="1286" VPOS="2857" WIDTH="102" HEIGHT="75" STYLEREFS="font0"/><SP WIDTH="19" VPOS="2857" HPOS="1388"/><String ID="p489_w571" CONTENT="II." HPOS="1407" VPOS="2857" WIDTH="49" HEIGHT="75" STYLEREFS="font0"/><SP WIDTH="48" VPOS="2857" HPOS="1456"/><String ID="p489_w572" CONTENT="When" HPOS="1504" VPOS="2857" WIDTH="112" HEIGHT="75" STYLEREFS="font0"/><SP WIDTH="17" VPOS="2857" HPOS="1616"/><String ID="p489_w573" CONTENT="both" HPOS="1633" VPOS="2857" WIDTH="78" HEIGHT="75" STYLEREFS="font0"/><SP WIDTH="17" VPOS="2857" HPOS="1711"/><String ID="p489_w574" CONTENT="factors" HPOS="1728" VPOS="2857" WIDTH="117" HEIGHT="75" STYLEREFS="font0"/><SP WIDTH="8" VPOS="2857" HPOS="1845"/><String ID="p489_w575" CONTENT="repeat,-" HPOS="1853" VPOS="2857" WIDTH="134" HEIGHT="75" STYLEREFS="font0"/></TextLine><TextLine WIDTH="155" HEIGHT="75" ID="p489_t106" HPOS="2111" VPOS="3079"><String ID="p489_w576" CONTENT="Examp." HPOS="2111" VPOS="3079" WIDTH="155" HEIGHT="75" STYLEREFS="font0"/></TextLine></PrintSpace></Page></Layout></alto>