2428 3377
141 163 101 75 Part
272 163 48 75 II.

695 163 42 75 A
853 163 42 75 N
1014 163 41 75 A
1169 163 39 75 T

141 231 102 75 ternal
262 231 95 75 begia
379 231 143 75 forward
546 231 75 75 near
639 231 59 75 the
720 231 151 75 itemum,
896 231 62 75 and
978 231 62 75 end
1067 231 97 75 back-

140 278 88 75 ward
243 278 34 75 at
292 278 57 75 the
364 278 94 75 angle
481 278 40 75 of
531 278 79 75 each
630 278 64 75 rib.

340 379 170 75 SUPR
528 379 439 75 A-COSTALES.

186 459 126 75 These
331 459 132 75 mufcles
479 459 54 75 are
548 459 190 75 irregularly
755 459 185 75 triangular,
958 459 62 75 and
1036 459 135 75 fituated

140 506 41 75 on
198 506 56 75 the
270 506 168 75 back-part
451 506 39 75 of
510 506 55 75 the
583 506 78 75 ribs,
688 506 73 75 near
779 506 53 75 the
849 506 165 75 vertebras.

186 551 91 75 Each
294 551 40 75 of
353 551 87 75 thefe
456 551 132 75 mufcles
612 551 25 75 is
656 551 99 75 fixed,
781 551 42 75 by
840 551 59 75 one
923 551 168 75 tendinous
1108 551 59 75 ex-

139 596 141 75 tremity,
306 596 30 75 in
354 596 55 75 the
425 596 173 75 tta.nfverfe
613 596 177 75 apophyfis,
809 596 104 75 which
930 596 57 75 lies
1000 596 100 75 above
1112 596 56 75 the

140 644 199 75 articulation
365 644 41 75 of
423 644 78 75 each
526 644 61 75 rib,
612 644 63 75 and
698 644 35 75 to
758 644 55 75 the
834 644 232 75 neighbouring
1087 644 79 75 liga-

139 689 109 75 inefit;
274 689 56 75 the
345 689 64 75 firft
426 689 94 75 being
530 689 139 75 inferted
685 689 32 75 in
740 689 55 75 the
811 689 172 75 tranfverfe
999 689 167 75 apophyfis

140 735 40 75 of
199 735 54 75 the
264 735 56 75 lafl:
332 735 147 75 vertebra
495 735 39 75 of
552 735 56 75 the
620 735 84 75 neck
716 735 9 75 ;
752 735 63 75 and
831 735 54 75 the
896 735 70 75 lad,
991 735 37 75 in
1044 735 70 75 that
1131 735 40 75 of

139 782 55 75 the
209 782 148 75 eleventh
372 782 149 75 vertebra
532 782 41 75 of
590 782 55 75 the
661 782 93 75 back.

187 828 96 75 From
302 828 112 75 thence
430 828 56 75 the
498 828 100 75 flefiiy
612 828 94 75 fibres
724 828 57 75 run
797 828 95 75 down
915 828 178 75 obliquely,
1118 828 47 75 in-

139 874 137 75 creafing
291 874 32 75 in
347 874 133 75 breadth
497 874 34 75 as
555 874 78 75 they
648 874 147 75 defeend,
820 874 63 75 and
898 874 52 75 are
974 874 137 75 inferted
1133 874 34 75 in

139 920 54 75 the
211 920 81 75 back
307 920 72 75 part
395 920 40 75 of
453 920 54 75 the
523 920 172 75 outfideof
713 920 56 75 the
780 920 166 75 following
957 920 63 75 rib.

388 1024 23 75 S
429 1024 32 75 U
479 1024 93 75 B-C
590 1024 32 75 O
642 1024 21 75 S
680 1024 180 75 TALE
880 1024 37 75 S.

186 1103 126 75 These
339 1103 52 75 are
415 1103 97 75 fleihy
533 1103 121 75 planes,
685 1103 40 75 of
743 1103 149 75 different
916 1103 163 75 breadths,
1105 1103 63 75 and

140 1148 78 75 very
234 1148 82 75 thin,
340 1148 133 75 fituated
489 1148 89 75 more
594 1148 37 75 or
646 1148 59 75 lefs
729 1148 165 75 obliquely
915 1148 42 75 on
982 1148 55 75 the
1053 1148 113 75 infides

139 1193 41 75 of
199 1193 54 75 the
276 1193 77 75 ribs,
379 1193 75 75 near
478 1193 54 75 the
556 1193 87 75 bony
664 1193 120 75 angles,
809 1193 61 75 and
897 1193 134 75 running
1053 1193 34 75 in
1111 1193 56 75 the

139 1240 82 75 fame
238 1240 151 75 direflion
406 1240 77 75 with
501 1240 54 75 the
567 1240 146 75 external
724 1240 207 75 intercoftals.

188 1286 95 75 They
309 1286 55 75 are
388 1286 86 75 fixed
498 1286 43 75 by
557 1286 78 75 both
652 1286 199 75 extremities
868 1286 31 75 in
924 1286 55 75 the
996 1286 88 75 ribs;
1111 1286 56 75 the

139 1331 131 75 inferior
287 1331 172 75 extremity
472 1331 99 75 being
587 1331 116 75 always
716 1331 32 75 at
760 1331 19 75 a
795 1331 124 75 greater
935 1331 136 75 diftance
1083 1331 84 75 from

140 1377 55 75 the
210 1377 154 75 vqrtebrae
381 1377 77 75 than
470 1377 55 75 the
542 1377 153 75 fuperior,
720 1377 62 75 and
793 1377 118 75 feveral
923 1377 65 75 ribs
1004 1377 89 75 lying
1110 1377 55 75 be-

141 1424 102 75 tween
260 1424 55 75 the
331 1424 66 75 two
419 1424 179 75 infertions.

141 1527 75 75 StE
224 1527 148 75 RNO-Co
380 1527 43 75 ST
428 1527 69 75 ALE
507 1527 14 75 S
548 1527 95 75 VlllgO
663 1527 308 75 TRIANGULARIS
1004 1527 161 75 StERNI.

187 1604 133 75 These
340 1604 52 75 are
408 1604 61 75 five
485 1604 83 75 pairs
592 1604 40 75 of
649 1604 96 75 flefliy
766 1604 121 75 planes,
912 1604 144 75 difpofed
1077 1604 90 75 more

141 1651 36 75 or
193 1651 60 75 lefs
270 1651 165 75 obliquely
451 1651 42 75 on
510 1651 76 75 each
598 1651 63 75 fide
677 1651 56 75 the
747 1651 149 75 fternum,
914 1651 62 75 and
992 1651 41 75 on
1049 1651 56 75 the
1117 1651 47 75 in-

140 1700 62 75 fide
219 1700 40 75 of
276 1700 55 75 the
342 1700 168 75 cartilages
527 1700 39 75 of
584 1700 56 75 the
653 1700 128 75 fecond,
806 1700 102 75 third,
931 1700 124 75 fourth;
1079 1700 87 75 fifth,

141 1743 156 75 andfixth
315 1743 70 75 true
402 1743 77 75 ribs.

187 1790 100 75 They
302 1790 53 75 are
378 1790 150 75 inferted,
552 1790 45 75 by
611 1790 60 75 one
687 1790 186 75 extremity,
897 1790 33 75 in
946 1790 55 75 the
1018 1790 95 75 edges
1130 1790 42 75 of

141 1835 56 75 the
220 1835 96 75 infide
337 1835 42 75 of
397 1835 42 75 all
457 1835 55 75 the
533 1835 98 75 lower
649 1835 74 75 half
742 1835 40 75 of
800 1835 55 75 the
870 1835 150 75 fternum.
1069 1835 98 75 From

141 1881 113 75 thence
271 1881 54 75 the
341 1881 64 75 firft
420 1881 117 75 miifcle
549 1881 40 75 on
606 1881 76 75 each
696 1881 62 75 fide
769 1881 75 75 runs
856 1881 42 75 up
910 1881 177 75 obliquely,
1104 1881 63 75 and

142 1928 26 75 is
186 1928 87 75 fixed
289 1928 31 75 in
345 1928 54 75 the
416 1928 149 75 cartilage
580 1928 40 75 of
640 1928 54 75 the
710 1928 116 75 fecond
842 1928 61 75 rib.
951 1928 77 75 The
1051 1928 116 75 fecond

143 1974 73 75 runs
232 1974 60 75 Jefs
309 1974 164 75 obliquely
488 1974 36 75 to
540 1974 41 75 its
597 1974 76 75 infer
681 1974 66 75 tion
764 1974 32 75 in
812 1974 56 75 the
884 1974 151 75 cartilage
1051 1974 39 75 of
1110 1974 55 75 the

142 2020 86 75 third
245 2020 60 75 rib.
354 2020 76 75 The
442 2020 58 75 refi
517 2020 54 75 are
585 2020 151 75 inferted,
760 2020 33 75 in
805 2020 55 75 tire
876 2020 82 75 fame
975 2020 142 75 manner,
1134 2020 32 75 in

141 2066 55 75 the
212 2066 166 75 cartilages
391 2066 39 75 of
448 2066 55 75 the
516 2066 164 75 following
698 2066 77 75 ribs.

187 2113 84 75 This
295 2113 57 75 laft
376 2113 117 75 mufcle
516 2113 27 75 is
568 2113 100 75 fixed,
692 2113 45 75 by
760 2113 61 75 one
845 2113 187 75 extremity,
1057 2113 31 75 in
1112 2113 55 75 the

142 2159 149 75 cartilage
304 2159 40 75 of
362 2159 55 75 the
434 2159 84 75 fixth
534 2159 70 75 true
623 2159 60 75 rib,
708 2159 75 75 near
801 2159 54 75 the
873 2159 93 75 bone,
992 2159 61 75 and
1068 2159 100 75 feems

141 2205 34 75 to
192 2205 68 75 pafs
277 2205 55 75 the
357 2205 159 75 appendix
540 2205 186 75 enfiformis,
752 2205 216 75 immediately
990 2205 100 75 above
1112 2205 56 75 the

140 2251 148 75 infertion
306 2251 40 75 of
364 2251 55 75 the
436 2251 185 75 diaphragm
638 2251 32 75 in
687 2251 70 75 that
775 2251 172 75 appendix,
973 2251 63 75 and
1051 2251 35 75 to
1097 2251 71 75 join

139 2297 58 75 the
214 2297 117 75 mufcle
347 2297 42 75 on
402 2297 55 75 the
473 2297 93 75 other
581 2297 78 75 fide.

226 2400 104 75 Uses
350 2400 43 75 of
406 2400 52 75 the
474 2400 144 75 Mnfcles
634 2400 157 75 employed
804 2400 35 75 in
857 2400 214 75 Refpiration.

188 2479 86 75 The
293 2479 113 75 fealeni
423 2479 53 75 are
491 2479 178 75 fometimes
686 2479 122 75 ranked
824 2479 116 75 among
955 2479 90 75 thefe
1061 2479 106 75 which

142 2525 86 75 ferve
244 2525 53 75 for
311 2525 206 75 refpiration;
543 2525 56 75 but
617 2525 78 75 they
710 2525 101 75 ought
833 2525 108 75 rather
957 2525 35 75 to
1013 2525 39 75 be
1071 2525 95 75 rank-

142 2572 39 75 ed
198 2572 114 75 among
328 2572 56 75 the
401 2572 132 75 mufcles
549 2572 105 75 which
676 2572 95 75 move
794 2572 56 75 the
874 2572 153 75 vertebras
1052 2572 40 75 of
1110 2572 56 75 the

141 2618 101 75 neck;
268 2618 133 75 becaufe
424 2618 55 75 the
500 2618 201 75 articulation
726 2618 41 75 of
785 2618 55 75 the
863 2618 64 75 firft
948 2618 50 75 rib
1022 2618 41 75 on
1087 2618 79 75 both

141 2663 91 75 fides,
257 2663 79 75 with
352 2663 56 75 the
423 2663 64 75 firft
502 2663 147 75 vertebra
664 2663 40 75 of
723 2663 55 75 the
795 2663 93 75 back,
912 2663 98 75 feems
1026 2663 36 75 to
1078 2663 87 75 ferve

143 2709 75 75 only
233 2709 51 75 for
298 2709 57 75 the
371 2709 122 75 motion
509 2709 39 75 of
567 2709 71 75 that
653 2709 147 75 vertebra
815 2709 41 75 on
874 2709 54 75 the
944 2709 62 75 rib,
1031 2709 61 75 and
1108 2709 58 75 not

143 2756 39 75 of
199 2756 56 75 the
271 2756 49 75 rib
336 2756 41 75 on
389 2756 56 75 the
460 2756 159 75 vertebra.

189 2802 76 75 The
285 2802 136 75 ferrates
436 2802 134 75 pofticus
587 2802 139 75 fiiperior
748 2802 26 75 is
791 2802 141 75 difpofed
948 2802 35 75 to
999 2802 92 75 move
1107 2802 57 75 up-

142 2846 106 75 wards
265 2846 54 75 the
335 2846 90 75 three
437 2846 38 75 or
486 2846 73 75 four
574 2846 101 75 upper
690 2846 63 75 ribs
771 2846 79 75 next
866 2846 55 75 the
937 2846 76 75 firft.

189 2892 76 75 The
281 2892 134 75 ferratus
432 2892 134 75 pofticus
578 2892 132 75 inferior
726 2892 35 75 is.
769 2892 60 75 ftili
842 2892 103 75 better
956 2892 141 75 difpofed
1113 2892 53 75 for

143 2937 171 75 deprefiing
329 2937 62 75 and
405 2937 135 75 keeping
556 2937 94 75 down
674 2937 56 75 the
751 2937 57 75 laft
830 2937 89 75 three
941 2937 38 75 or
999 2937 74 75 four
1088 2937 78 75 falfe

145 2985 76 75 ribs.

189 3031 76 75 The
293 3031 154 75 pofterior
470 3031 94 75 fibres
588 3031 39 75 of
645 3031 55 75 the
724 3031 145 75 external
893 3031 194 75 intercoftals
1113 3031 53 75 are

1325 163 39 75 O
1480 163 50 75 M
1643 163 53 75 Y.

2166 163 78 75 215

1220 231 99 75 fixed,
1337 231 44 75 by
1396 231 85 75 their
1496 231 100 75 upper
1611 231 212 75 extremities,
1840 231 34 75 fo
1890 231 75 75 near
1975 231 57 75 the
2048 231 204 75 articulation

1222 276 39 75 of
1280 276 55 75 the
1357 276 65 75 ribs
1439 276 78 75 with
1535 276 55 75 the
1605 276 168 75 vertebras,
1798 276 71 75 that
1891 276 77 75 they
1991 276 116 75 cannot
2122 276 127 75 deprefs

1222 323 70 75 that
1318 323 52 75 rib
1397 323 31 75 in
1454 323 104 75 which
1587 323 79 75 they
1693 323 54 75 are
1770 323 34 75 fo
1825 323 138 75 inferted
1978 323 10 75 ;
2026 323 142 75 whereas
2192 323 57 75 the

1222 370 165 75 infertions
1414 370 40 75 of
1481 370 85 75 their
1588 370 100 75 lower
1713 370 198 75 extremities
1936 370 31 75 in
1996 370 56 75 the
2081 370 169 75 following

1224 415 48 75 rib
1301 415 94 75 being
1424 415 36 75 at
1491 415 19 75 a
1540 415 127 75 greater
1687 415 138 75 diftance
1846 415 86 75 from
1956 415 55 75 the
2034 415 215 75 articulation,

1224 461 76 75 they
1315 461 74 75 may
1405 461 92 75 move
1520 461 72 75 that
1616 461 48 75 rib
1688 461 143 75 upward.
1880 461 78 75 And
1979 461 85 75 from
2087 461 114 75 thence
2223 461 27 75 it

1221 507 139 75 follows,
1386 507 70 75 that
1471 507 43 75 all
1531 507 55 75 the
1606 507 174 75 remaining
1796 507 70 75 part
1884 507 39 75 of
1942 507 78 75 each
2037 507 146 75 external
2199 507 49 75 in-

1221 554 145 75 tercoftal
1382 554 104 75 which
1505 554 182 75 terminates
1704 554 32 75 at
1753 554 55 75 the
1820 554 86 75 bony
1921 554 174 75 extremity
2112 554 41 75 of
2170 554 79 75 each

1218 600 63 75 rib,
1307 600 57 75 can
1389 600 77 75 only
1490 600 87 75 ferve
1600 600 36 75 to
1660 600 81 75 raife
1766 600 54 75 the
1844 600 101 75 Wer
1969 600 49 75 rib
2044 600 126 75 toward
2192 600 57 75 the

1219 645 110 75 upper.

1265 692 76 75 The
1356 692 139 75 anterior
1513 692 93 75 fibres
1623 692 40 75 of
1680 692 57 75 the
1758 692 135 75 internal
1916 692 195 75 intercoftals
2134 692 55 75 are
2209 692 41 75 fa

1218 738 75 75 near
1309 738 55 75 the
1380 738 203 75 articulation
1599 738 40 75 of
1657 738 55 75 the
1737 738 65 75 ribs
1827 738 79 75 with
1932 738 55 75 the
2004 738 147 75 fternum,
2177 738 73 75 that

1219 785 77 75 they
1312 785 116 75 cannot
1444 785 126 75 deprefs
1587 785 70 75 drat
1673 785 152 75 cartilage
1840 785 32 75 in
1888 785 105 75 which
2006 785 78 75 each
2100 785 40 75 of
2159 785 89 75 them

1217 831 26 75 is
1260 831 137 75 inferted
1409 831 10 75 ;
1446 831 142 75 whereas
1600 831 54 75 the
1665 831 130 75 inferior
1811 831 219 75 infertions,of
2048 831 88 75 thefe
2152 831 105 75 fibres,

1220 876 95 75 being
1331 876 32 75 at
1380 876 19 75 a
1411 876 124 75 greater
1547 876 138 75 diftance
1696 876 84 75 from
1796 876 56 75 the
1869 876 213 75 articulation,
2099 876 78 75 they
2194 876 56 75 are

1219 922 30 75 in
1268 922 19 75 a
1303 922 162 75 condition
1481 922 35 75 to
1534 922 77 75 raife
1623 922 55 75 the
1696 922 165 75 cartilages
1878 922 32 75 in
1928 922 104 75 which
2049 922 77 75 they
2143 922 53 75 are
2207 922 42 75 fo

1219 970 149 75 inferted.
1418 970 97 75 From
1537 970 130 75 whence
1689 970 26 75 it
1730 970 140 75 fellows,
1895 970 71 75 that
1982 970 42 75 all
2041 970 55 75 the
2112 970 136 75 internal

1218 1016 179 75 intercoftal
1415 1016 131 75 mufcles
1563 1016 81 75 have
1659 1016 55 75 the
1730 1016 84 75 fame
1830 1016 53 75 ufe
1907 1016 78 75 with
2008 1016 54 75 the
2087 1016 158 75 external,

1221 1061 63 75 and
1300 1061 71 75 that
1386 1061 78 75 they
1480 1061 57 75 can
1549 1061 81 75 have
1641 1061 41 75 no
1694 1061 106 75 other.

1266 1109 76 75 The
1362 1109 238 75 fupra-coftales
1617 1109 53 75 are
1689 1109 158 75 powerful
1862 1109 145 75 afliftants
2024 1109 36 75 to
2076 1109 55 75 the
2147 1109 99 75 inter-

1219 1155 109 75 coftals
1345 1155 33 75 in
1402 1155 84 75 their
1510 1155 146 75 common
1678 1155 119 75 adtion,
1821 1155 63 75 and
1905 1155 53 75 are
1984 1155 163 75 therefore
2168 1155 80 75 very

1215 1200 99 75 juftly
1330 1200 122 75 termed
1463 1200 52 75 lev
1517 1200 35 75 at
1554 1200 68 75 ores
1638 1200 169 75 coflarum.

1264 1247 76 75 The
1355 1247 250 75 fterno-coftales
1621 1247 126 75 deprefs
1763 1247 56 75 the
1841 1247 224 75 cartilaginous
2088 1247 159 75 portions,

1219 1293 61 75 and
1297 1293 141 75 anterior
1454 1293 198 75 extitmities
1672 1293 40 75 of
1729 1293 55 75 die
1802 1293 77 75 ribs,
1905 1293 168 75 efpecially
2085 1293 55 75 the
2156 1293 91 75 fupe-

1219 1340 65 75 rior
1300 1340 77 75 ribs,
1402 1340 116 75 except
1534 1340 55 75 the
1614 1340 85 75 firft;
1726 1340 62 75 and
1815 1340 33 75 at
1872 1340 55 75 the
1951 1340 83 75 fame
2057 1340 78 75 time
2158 1340 91 75 draw

1218 1385 54 75 the
1289 1385 168 75 cartilages
1474 1385 39 75 of
1532 1385 56 75 the
1603 1385 135 75 inferior
1764 1385 64 75 ribs
1852 1385 75 75 near
1949 1385 56 75 the
2030 1385 148 75 fternum,
2203 1385 44 75 by

1217 1432 109 75 reafon
1342 1432 40 75 of
1403 1432 53 75 the
1468 1432 180 75 curvature.
1696 1432 99 75 They
1808 1432 72 75 may
1896 1432 163 75 therefore
2076 1432 79 75 very
2172 1432 75 75 well

1217 1478 38 75 be
1272 1478 103 75 called
1391 1478 188 75 depreffores
1597 1478 168 75 cojlarum,
1791 1478 34 75 as
1849 1478 56 75 the
1929 1478 239 75 fupra-coftales
2191 1478 55 75 are

1215 1525 114 75 named
1344 1525 171 75 levatores.

1263 1571 76 75 The
1365 1571 204 75 fub-coftales
1595 1571 118 75 having
1740 1571 56 75 the
1823 1571 141 75 fuperior
1991 1571 197 75 extremities
2211 1571 43 75 of

1216 1617 83 75 their
1315 1617 93 75 fibres
1432 1617 95 75 much
1545 1617 88 75 more
1648 1617 116 75 diftant
1779 1617 84 75 from
1880 1617 55 75 the
1952 1617 159 75 vertebral
2128 1617 119 75 articu-

1215 1663 99 75 lation
1332 1663 40 75 of
1390 1663 58 75 the'
1461 1663 64 75 ribs
1542 1663 78 75 than
1637 1663 55 75 the
1707 1663 100 75 lower
1827 1663 210 75 extremities,
2061 1663 26 75 it
2104 1663 141 75 follows,

1217 1709 68 75 that
1301 1709 79 75 they
1396 1709 57 75 can
1469 1709 88 75 more
1574 1709 92 75 eafily
1681 1709 93 75 move
1791 1709 54 75 the
1861 1709 101 75 upper
1977 1709 77 75 than
2070 1709 56 75 the
2141 1709 105 75 Jower

1215 1757 79 75 ribs,
1328 1757 63 75 and
1414 1757 227 75 confequently
1668 1757 70 75 that
1766 1757 76 75 they
1876 1757 53 75 are
1955 1757 146 75 afiiftants
2126 1757 37 75 to
2186 1757 57 75 the

1214 1801 262 75 fterno-coftales.

1261 1848 76 75 The
1348 1848 201 75 diaphragm,
1572 1848 148 75 together
1735 1848 78 75 with
1830 1848 55 75 the
1902 1848 178 75 intercoftal
2097 1848 148 75 mufcles,

1216 1894 55 75 the
1283 1894 80 75 ribs,
1388 1894 149 75 fternum,
1564 1894 62 75 and
1641 1894 154 75 vertebras
1812 1894 39 75 of
1870 1894 55 75 the
1945 1894 95 75 back,
2065 1894 101 75 forms
2189 1894 58 75 the

1216 1941 105 75 cavity
1333 1941 40 75 of
1390 1941 57 75 the
1463 1941 130 75 thorax,
1620 1941 61 75 and
1697 1941 26 75 it
1740 1941 122 75 divides
1875 1941 63 75 this
1955 1941 106 75 cavity
2072 1941 85 75 from
2173 1941 73 75 that

1214 1986 41 75 of
1272 1986 55 75 the
1344 1986 169 75 abdomen.

1264 2033 46 75 Its
1327 2033 171 75 particular
1514 2033 53 75 ufe
1584 2033 27 75 is
1627 2033 35 75 to
1677 2033 39 75 be
1732 2033 55 75 the
1803 2033 153 75 principal
1973 2033 99 75 organ
2088 2033 41 75 of
2148 2033 96 75 refpi-

1216 2079 114 75 ration,
1349 2079 70 75 that
1434 2079 40 75 is,
1493 2079 39 75 of
1543 2079 55 75 the
1614 2079 154 75 alternate
1785 2079 168 75 expanfioh
1970 2079 61 75 and
2048 2079 198 75 contradion

1217 2125 39 75 of
1274 2125 56 75 the
1354 2125 133 75 thorax.
1535 2125 78 75 The
1637 2125 94 75 other
1754 2125 131 75 mufcles
1908 2125 130 75 already
2060 2125 185 75 mentioned

1219 2171 51 75 are
1297 2171 36 75 to
1357 2171 40 75 be
1426 2171 181 75 confidered
1629 2171 77 75 only
1722 2171 34 75 as
1779 2171 146 75 afliftants
1942 2171 63 75 and
2020 2171 165 75 direftors,
2210 2171 36 75 in

1216 2218 96 75 order
1326 2218 36 75 to
1376 2218 154 75 facilitate
1547 2218 62 75 and
1625 2218 142 75 regulate
1783 2218 87 75 thefe
1891 2218 151 75 motions,
2067 2218 118 75 which,
2209 2218 34 75 in

1216 2264 54 75 the
1286 2264 150 75 ordinary
1453 2264 89 75 ftate,
1568 2264 52 75 are
1636 2264 177 75 perpetual,
1837 2264 58 75 but
1906 2264 104 75 which
2028 2264 85 75 may,
2131 2264 44 75 by
2186 2264 57 75 the

1216 2309 159 75 adlion.of
1392 2309 90 75 thefe
1505 2309 93 75 other
1621 2309 144 75 mufcles,
1790 2309 41 75 be
1847 2309 208 75 accekrated,
2080 2309 181 75 retarded,'

1216 2356 36 75 or
1268 2356 78 75 even
1362 2356 222 75 befufpended
1597 2356 50 75 for
1659 2356 86 75 fome
1761 2356 90 75 fpace
1868 2356 39 75 of
1925 2356 91 75 time.

1261 2401 76 75 The
1354 2401 183 75 diaphragm
1554 2401 74 75 may
1651 2401 92 75 move
1759 2401 92 75 when
1869 2401 54 75 the
1948 2401 63 75 ribs
2035 2401 54 75 are
2112 2401 33 75 at
2167 2401 80 75 reft,,

1216 2448 62 75 and
1302 2448 226 75 confequently
1552 2448 137 75 without
1715 2448 55 75 the
1797 2448 152 75 afliftance
1972 2448 41 75 of
2031 2448 55 75 the
2108 2448 136 75 mufcles

1215 2494 104 75 which
1336 2494 93 75 move
1445 2494 55 75 the
1516 2494 65 75 ribs
1593 2494 10 75 ;
1630 2494 61 75 and
1710 2494 64 75 this
1791 2494 122 75 motion
1936 2494 74 75 may
2029 2494 41 75 be
2086 2494 160 75 fufficient

1214 2539 35 75 to
1266 2539 79 75 keep
1361 2539 43 75 up
1420 2539 55 75 the
1487 2539 154 75 alternate
1652 2539 167 75 dilatation
1836 2539 61 75 and
1913 2539 195 75 contraction
2127 2539 41 75 of
2185 2539 61 75 the

1214 2585 129 75 thorax.

1214 2738 153 75 Sect.
1399 2738 110 75 XIV.
1565 2738 80 75 The
1663 2738 220 75 Muscles
1904 2738 131 75 which
2055 2738 98 75 move
2175 2738 83 75 the.

1498 2792 118 75 Head
1644 2792 43 75 <tn
1713 2792 66 75 the
1805 2792 139 75 Trunk.

1214 2902 425 75 Sterno-Mastoidasus
1649 2902 77 75 five
1740 2902 263 75 M-astoid-zeus
2014 2902 223 75 Anterior,

1259 2980 100 75 This
1387 2980 27 75 is
1442 2980 19 75 a
1486 2980 89 75 long,
1600 2980 142 75 narrow,
1771 2980 111 75 pretty
1907 2980 102 75 thick,
2040 2980 61 75 and
2123 2980 116 75 rncftly.

1213 3027 95 75 fleihy
1323 3027 131 75 mufcle,
1476 3027 135 75 fituated
1634 3027 166 75 obliquely
1822 3027 147 75 between
1991 3027 56 75 the
2070 3027 80 75 back
2167 3027 72 75 part
