2428 3377
111 163 16 75 i
127 195 34 49 9
161 163 26 75 8

659 163 43 75 A
814 163 44 75 N
971 163 42 75 A
1126 163 39 75 T

108 224 147 75 examine
272 224 157 75 carefully
443 224 57 75 the
516 224 148 75 fituation
689 224 41 75 of
752 224 65 75 this
846 224 132 75 mufcle,
1001 224 51 75 we
1075 224 67 75 will

107 272 68 75 find
190 272 26 75 it
239 272 90 75 more
345 272 146 75 difpofed
506 272 36 75 to
558 272 152 75 maintain
727 272 87 75 thefe
831 272 99 75 bones
946 272 32 75 in
995 272 72 75 that
1084 272 58 75 po-

111 318 95 75 fture,
231 318 45 75 by
293 318 222 75 co-operating
530 318 80 75 with
638 318 57 75 the
711 318 184 75 brachialis,
921 318 77 75 than
1026 318 115 75 to-ex-

108 365 79 75 tend
204 365 88 75 them
308 365 44 75 by
373 365 131 75 affifting
520 365 56 75 the
596 365 93 75 other
706 365 152 75 anconsei.

111 511 171 75 Sect.
314 511 69 75 VI.

540 511 220 75 Muscles
790 511 133 75 which
952 511 100 75 move
1080 511 66 75 the

351 567 158 75 Radius
544 567 95 75 upon
672 567 68 75 the
771 567 123 75 Ulna.

160 671 341 75 SUPINATOR
526 671 241 75 LONGUS
779 671 75 75 five
877 671 210 75 MAJOR.

157 751 101 75 This
285 751 28 75 is
342 751 19 75 a
387 751 78 75 long
486 751 56 75 flat
569 751 132 75 mufcle,
725 751 91 75 lying
843 751 44 75 on
914 751 56 75 the
1001 751 147 75 external

110 797 138 75 condyle
264 797 40 75 of
315 797 56 75 the
393 797 36 75 os
445 797 139 75 humeri,
609 797 63 75 and
688 797 41 75 on
746 797 55 75 the
817 797 126 75 convex
962 797 64 75 fide
1042 797 40 75 of
1093 797 55 75 the

112 843 111 75 radius
248 843 85 75 from
349 843 61 75 one
428 843 62 75 end
513 843 36 75 to
569 843 56 75 the
642 843 106 75 other.

160 890 33 75 It
211 890 25 75 is
250 890 91 75 fixed
356 890 44 75 by
411 890 98 75 flefliy
524 890 95 75 fibres
633 890 37 75 to
687 890 56 75 the
759 890 147 75 external
922 890 225 75 inter-mufcu-

112 938 50 75 lar
182 938 170 75 ligament,
374 938 63 75 and
452 938 36 75 to
500 938 55 75 the
572 938 93 75 crifta
680 938 41 75 of
732 938 55 75 the
803 938 147 75 external
966 938 136 75 condyle
1114 938 41 75 of

113 984 61 75 the.
194 984 35 75 os
254 984 137 75 humeri,
416 984 53 75 for
484 984 61 75 five
562 984 38 75 or
616 984 46 75 fix
679 984 117 75 fingers
812 984 136 75 breadth
966 984 101 75 above
1093 984 57 75 the

112 1030 149 75 condyle,
286 1030 144 75 between
447 1030 56 75 the
518 1030 176 75 brachkeus
712 1030 63 75 and
791 1030 165 75 anconaeus
980 1030 169 75 externus.

113 1076 100 75 From
232 1076 114 75 thence
362 1076 27 75 it
412 1076 75 75 runs
505 1076 96 75 along
617 1076 56 75 the
690 1076 106 75 whole
813 1076 125 75 convex
962 1076 64 75 fide
1042 1076 40 75 of
1094 1076 56 75 the

112 1122 123 75 radius,
261 1122 63 75 and
340 1122 27 75 is
383 1122 140 75 inferted
538 1122 45 75 by
609 1122 19 75 a
654 1122 56 75 flat
731 1122 127 75 narrow
874 1122 132 75 tendon,
1031 1122 19 75 a
1065 1122 85 75 little

120 1170 103 75 above
247 1170 56 75 the
326 1170 116 75 ftyloid
466 1170 166 75 apophyfis
659 1170 33 75 in
720 1170 56 75 the
804 1170 93 75 angle
923 1170 145 75 between
1095 1170 56 75 the

119 1217 139 75 concave
277 1217 63 75 and
361 1217 60 75 flat
434 1217 79 75 fnjes
530 1217 41 75 of
589 1217 55 75 the
662 1217 174 75 extremity
857 1217 40 75 of
911 1217 66 75 this
993 1217 97 75 bone.

181 1321 339 75 SUPINATOR
545 1321 212 75 BREVIS
770 1321 77 75 five
870 1321 207 75 MINOR.

163 1401 104 75 This
286 1401 28 75 is
331 1401 19 75 a
365 1401 90 75 fmall
467 1401 70 75 thin
549 1401 97 75 flefliy
657 1401 130 75 mufcle,
806 1401 223 75 furrounding'
1029 1401 20 75 a
1061 1401 90 75 great

115 1448 131 75 portion
262 1448 40 75 of
313 1448 56 75 the
385 1448 101 75 upper
502 1448 88 75 third
606 1448 72 75 part
695 1448 40 75 of
745 1448 57 75 the
820 1448 120 75 radius.

166 1494 32 75 It
214 1494 28 75 is
259 1494 89 75 fixed
363 1494 45 75 by
427 1494 61 75 one
504 1494 63 75 end
577 1494 37 75 to
634 1494 55 75 the
705 1494 101 75 lower
823 1494 73 75 part
911 1494 41 75 of
970 1494 56 75 the
1042 1494 109 75 exter-

117 1541 55 75 nal
190 1541 135 75 condyle
342 1541 40 75 of
393 1541 56 75 the
465 1541 37 75 os
518 1541 137 75 humeri,
680 1541 36 75 to
736 1541 55 75 the
815 1541 145 75 external
977 1541 114 75 lateral
1113 1541 39 75 li-

118 1587 131 75 gament
266 1587 40 75 of
317 1587 55 75 the
392 1587 99 75 joint,
516 1587 35 75 to
568 1587 56 75 the
640 1587 133 75 annular
784 1587 154 75 ligament
949 1587 41 75 of
1001 1587 56 75 the
1068 1587 85 75 radi-

118 1634 55 75 us,
196 1634 66 75 and
274 1634 39 75 to,
321 1634 72 75 part
404 1634 40 75 of
451 1634 56 75 the
523 1634 114 75 lateral
653 1634 163 75 eminence
831 1634 34 75 in
881 1634 55 75 the
951 1634 85 75 head
1047 1634 40 75 of
1098 1634 56 75 the

120 1681 89 75 ulna.

168 1727 100 75 From
287 1727 114 75 thence
424 1727 26 75 it
470 1727 98 75 paflfes
586 1727 167 75 obliquely
769 1727 78 75 over
862 1727 56 75 the
941 1727 82 75 head
1045 1727 41 75 of
1097 1727 56 75 the

123 1774 121 75 radius,
272 1774 150 75 covering
438 1774 86 75 fome
541 1774 71 75 part
629 1774 40 75 of
679 1774 48 75 it;
754 1774 63 75 and
833 1774 136 75 running
984 1774 95 75 down
1095 1774 59 75 up-

124 1820 57 75 on,
215 1820 61 75 and
292 1820 32 75 in
342 1820 86 75 fome
444 1820 140 75 meafure
600 1820 212 75 furrounding
828 1820 56 75 the
896 1820 96 75 neck,
1018 1820 27 75 it
1063 1820 90 75 turns

121 1867 35 75 in
176 1867 101 75 under
298 1867 56 75 the
373 1867 143 75 bicipital
541 1867 187 75 tuberofity,
754 1867 63 75 and
840 1867 27 75 is
884 1867 137 75 inferted
1036 1867 43 75 by
1099 1867 56 75 the

122 1915 65 75 fide
210 1915 40 75 of
262 1915 55 75 the
333 1915 206 75 interoffeous
555 1915 154 75 ligament
724 1915 34 75 in
772 1915 56 75 the
848 1915 96 75 infide
968 1915 40 75 of
1026 1915 56 75 the
1103 1915 50 75 fu-

121 1962 108 75 perior
245 1962 132 75 quarter
393 1962 39 75 of
449 1962 55 75 the
521 1962 95 75 bone,
643 1962 62 75 and
721 1962 79 75 even
824 1962 18 75 a
857 1962 85 75 little
958 1962 113 75 lower.

163 2063 316 75 PRONATOR
502 2063 187 75 TERES
702 2063 76 75 five
802 2063 315 75 OBLIQUUS.

170 2143 105 75 This
295 2143 27 75 is
339 2143 19 75 a
373 2143 90 75 fmall
475 2143 131 75 mufcle,
623 2143 138 75 broader
776 2143 77 75 than
870 2143 26 75 it
912 2143 27 75 is
956 2143 103 75 thick,
1084 2143 74 75 fitu-

125 2191 76 75 ated
216 2191 42 75 on
275 2191 56 75 the
345 2191 98 75 upper
455 2191 71 75 part
543 2191 40 75 of
592 2191 55 75 the
663 2191 76 75 ulna
755 2191 140 75 oppofite
913 2191 35 75 to
960 2191 56 75 the
1032 2191 125 75 fupina-

126 2238 53 75 tbr
196 2238 119 75 brevis.

173 2283 32 75 It
220 2283 27 75 is
264 2283 90 75 fixed
375 2283 34 75 to
437 2283 56 75 the
514 2283 136 75 internal
674 2283 137 75 condyle
834 2283 41 75 of
893 2283 56 75 the
965 2283 36 75 os
1019 2283 138 75 humeri,

124 2330 109 75 partly
260 2330 45 75 by
321 2330 96 75 fleftiy
439 2330 108 75 fibres,
573 2330 62 75 and
654 2330 107 75 partly
778 2330 43 75 by
841 2330 18 75 a
875 2330 118 75 tendon
1010 2330 148 75 common

127 2379 36 75 to
179 2379 26 75 it
221 2379 80 75 with
328 2379 55 75 the
409 2379 120 75 ulharis
553 2379 156 75 intefnus.
759 2379 99 75 From
881 2379 115 75 thence
1016 2379 27 75 it
1059 2379 99 75 pafles

127 2423 166 75 obliquely
310 2423 111 75 before
439 2423 56 75 the
509 2423 175 75 extremity
701 2423 41 75 of
752 2423 56 75 the
824 2423 121 75 tendon
962 2423 40 75 of
1013 2423 56 75 the
1085 2423 75 75 bra-

129 2470 129 75 chisus,
285 2470 63 75 and
363 2470 130 75 reaches
519 2470 35 75 to
578 2470 55 75 the
660 2470 119 75 middle
803 2470 72 75 part
899 2470 40 75 of
958 2470 56 75 the
1033 2470 127 75 convex

129 2517 62 75 fide
209 2517 39 75 of
264 2517 191 75 the'radius,
480 2517 108 75 where
607 2517 26 75 it
649 2517 149 75 becomes
812 2517 70 75 flat,
900 2517 62 75 and
978 2517 27 75 is
1021 2517 140 75 inferted

127 2563 107 75 below
251 2563 57 75 the
316 2563 162 75 fupinator
494 2563 105 75 brevis
614 2563 44 75 by
670 2563 40 75 an
721 2563 175 75 extremity
912 2563 114 75 almoll
1039 2563 121 75 wholly

129 2611 109 75 flelhy.

190 2703 213 75 Pronator
429 2703 250 75 Quadratus
694 2703 75 75 fve
791 2703 306 75 Transversus.

177 2782 104 75 This
301 2782 26 75 is
346 2782 17 75 a
379 2782 89 75 fmall
483 2782 98 75 flefliy
600 2782 117 75 mufcle
739 2782 112 75 nearly
866 2782 34 75 as
915 2782 100 75 broad
1034 2782 33 75 as
1090 2782 28 75 it
1132 2782 27 75 is

132 2828 89 75 long,
246 2828 89 75 lying
351 2828 206 75 tranfverfely
574 2828 42 75 on
629 2828 55 75 the
700 2828 96 75 infide
813 2828 40 75 of
864 2828 55 75 the
935 2828 104 75 lower
1053 2828 107 75 extre-

133 2873 81 75 mity
231 2873 39 75 of
281 2873 55 75 the
352 2873 167 75 fore-arm.

180 2920 32 75 It
229 2920 26 75 is
269 2920 88 75 fixed
372 2920 43 75 by
431 2920 61 75 one
507 2920 65 75 fide
589 2920 36 75 or
641 2920 80 75 edge
737 2920 32 75 in
785 2920 54 75 the
856 2920 77 75 long
949 2920 160 75 eminence
1126 2920 33 75 at

134 2967 54 75 the
203 2967 98 75 lower
318 2967 72 75 part
407 2967 39 75 of
457 2967 55 75 the
534 2967 136 75 internal
689 2967 92 75 angle
797 2967 41 75 of
849 2967 56 75 the
922 2967 87 75 ulna,
1032 2967 64 75 and
1116 2967 44 75 by

1283 157 39 75 O
1437 157 50 75 M
1601 157 52 75 Y.

2042 157 99 75 Part
2171 157 48 75 II.

1190 221 56 75 the
1263 221 92 75 other
1372 221 32 75 in
1428 221 57 75 the
1500 221 105 75 broad
1624 221 141 75 concave
1788 221 63 75 fide
1868 221 40 75 of
1927 221 56 75 the
1999 221 100 75 lower
2115 221 106 75 extre-

1191 266 82 75 mity
1289 266 40 75 of
1342 266 56 75 the
1414 266 122 75 radius.

1239 312 32 75 It
1287 312 58 75 has
1363 312 18 75 a
1397 312 211 75 ligamentary
1624 312 37 75 or
1681 312 167 75 tendinous
1862 312 133 75 frasnum
2006 312 172 75 belonging
2189 312 36 75 to

1192 359 40 75 it,
1256 359 61 75 one
1333 359 62 75 end
1407 359 40 75 of
1459 359 106 75 which
1575 359 28 75 is
1620 359 89 75 fixed
1723 359 33 75 in
1773 359 54 75 the
1843 359 204 75 interofleous
2059 359 165 75 ligament,

1193 406 56 75 the
1265 406 94 75 other
1374 406 32 75 in
1418 406 56 75 the
1490 406 91 75 inner
1593 406 82 75 edge
1691 406 40 75 of
1742 406 56 75 the
1814 406 77 75 bafis
1907 406 41 75 of
1958 406 56 75 the
2034 406 120 75 radius.

1195 511 66 75 The
1277 511 105 75 Uses
1409 511 43 75 of
1466 511 54 75 the
1542 511 146 75 Mufcles
1714 511 107 75 which
1845 511 88 75 move
1956 511 53 75 the
2034 511 126 75 Radius
2185 511 39 75 on

1620 558 52 75 the
1690 558 101 75 Ulna.

1243 626 85 75 The
1353 626 164 75 fupinator
1532 626 113 75 longus
1662 626 92 75 allifts
1770 626 31 75 in
1825 626 55 75 the
1899 626 124 75 motion
2045 626 40 75 of
2102 626 124 75 fupina-

1195 672 82 75 tion,
1303 672 62 75 and
1381 672 27 75 is
1425 672 64 75 alfo
1507 672 18 75 a
1540 672 105 75 flexor
1667 672 40 75 of
1717 672 55 75 the
1788 672 168 75 fore-arm.

1242 719 76 75 The
1335 719 162 75 fupinator
1512 719 106 75 brevis
1635 719 99 75 feems
1750 719 36 75 to
1808 719 81 75 have
1906 719 42 75 no
1967 719 95 75 other
2079 719 53 75 ufe
2149 719 77 75 than

1195 765 87 75 what
1297 765 27 75 is
1345 765 166 75 exprefled
1526 765 44 75 by
1593 765 43 75 its
1653 765 113 75 name;
1792 765 65 75 and
1872 765 33 75 as
1917 765 27 75 it
1959 765 28 75 is
2003 765 19 75 a
2037 765 87 75 Ihort
2138 765 90 75 fmall

1196 813 129 75 mufcle,
1350 813 25 75 it
1392 813 81 75 muft
1496 813 40 75 be
1552 813 79 75 very
1651 813 103 75 weak.

1243 859 76 75 The
1330 859 153 75 pronator
1494 859 83 75 teres
1595 859 56 75 can
1663 859 82 75 have
1761 859 42 75 no
1819 859 94 75 other
1925 859 102 75 action
2039 859 59 75 but
2109 859 71 75 that
2193 859 41 75 of

1196 904 181 75 pronation,
1401 904 33 75 in
1458 904 56 75 the
1530 904 149 75 different
1695 904 163 75 fituations
1875 904 40 75 of
1925 904 56 75 the
1997 904 119 75 radius,
2141 904 87 75 whe-

1198 951 74 75 ther
1297 951 70 75 that
1392 951 83 75 bone
1502 951 40 75 be
1569 951 33 75 in
1627 951 19 75 a
1669 951 119 75 middle
1805 951 77 75 ftate
1899 951 144 75 between
2060 951 175 75 pronation,

1198 998 62 75 and
1275 998 193 75 fupination,
1492 998 38 75 or
1552 998 33 75 in
1610 998 56 75 the
1691 998 136 75 greateft
1842 998 117 75 degree
1974 998 41 75 of
2026 998 175 75 fupination
2215 998 13 75 ;

1199 1045 75 75 and,
1299 1045 33 75 in
1351 1045 64 75 this
1432 1045 81 75 cafe,
1539 1045 122 75 though
1678 1045 26 75 it
1720 1045 27 75 is
1764 1045 58 75 but
1838 1045 19 75 a
1883 1045 91 75 fmall
1989 1045 93 75 weak
2098 1045 130 75 mufcle,

1197 1091 26 75 it
1240 1091 184 75 overcomes
1441 1091 55 75 the
1512 1091 166 75 fupinator
1691 1091 129 75 longus.

1244 1137 77 75 The
1336 1137 152 75 pronator
1503 1137 176 75 quadratus
1695 1137 27 75 is
1740 1137 131 75 capable
1887 1137 40 75 of
1939 1137 41 75 no
1997 1137 93 75 other
2105 1137 124 75 motion

1197 1184 58 75 but
1271 1184 181 75 pronation,
1477 1184 62 75 and
1558 1184 25 75 it
1600 1184 63 75 adfs
1677 1184 79 75 with
1772 1184 96 75 much
1883 1184 90 75 more
1989 1184 89 75 force
2094 1184 77 75 than
2186 1184 44 75 its

1201 1230 157 75 congener
1374 1230 56 75 the
1446 1230 152 75 pronator
1614 1230 97 75 teres.

1201 1379 133 75 Sect.
1364 1379 87 75 VII.
1516 1379 80 75 The
1624 1379 223 75 Muscles
1879 1379 132 75 which
2038 1379 102 75 move
2166 1379 66 75 the

1413 1435 150 75 Carpus
1593 1435 96 75 upon
1718 1435 66 75 the
1812 1435 207 75 Fore-arm.

1556 1538 34 75 U
1609 1538 84 75 LN
1709 1538 116 75 ARI
1845 1538 38 75 S.

1247 1618 103 75 This
1376 1618 26 75 is
1420 1618 19 75 a
1461 1618 76 75 long
1551 1618 129 75 mufcle,
1704 1618 97 75 fleftiy
1822 1618 32 75 at
1871 1618 41 75 its
1929 1618 100 75 upper
2044 1618 187 75 extremity,

1202 1665 62 75 and
1288 1665 169 75 tendinous
1485 1665 33 75 at
1541 1665 55 75 the
1620 1665 106 75 other,
1754 1665 22 75 fi
1781 1665 109 75 mated
1913 1665 42 75 on
1981 1665 55 75 the
2052 1665 93 75 outer
2161 1665 73 75 part

1203 1712 39 75 of
1261 1712 56 75 the
1333 1712 87 75 ulna.

1248 1758 33 75 It
1291 1758 27 75 is
1334 1758 89 75 fixed
1437 1758 44 75 by
1493 1758 42 75 its
1546 1758 100 75 upper
1661 1758 72 75 part
1749 1758 32 75 in
1799 1758 55 75 the
1871 1758 145 75 backfide
2033 1758 41 75 of
2084 1758 55 75 the
2155 1758 78 75 long

1201 1805 37 75 or
1249 1805 137 75 internal
1402 1805 136 75 condyle
1550 1805 39 75 of
1601 1805 57 75 the
1674 1805 36 75 os
1727 1805 136 75 humeri,
1888 1805 34 75 in
1938 1805 71 75 that
2025 1805 72 75 part
2120 1805 41 75 of
2177 1805 56 75 the

1201 1852 184 75 olecranum
1411 1852 106 75 which
1545 1852 27 75 is
1596 1852 78 75 next
1698 1852 56 75 the
1778 1852 148 75 condyle,
1952 1852 95 75 along
2062 1852 56 75 the
2134 1852 100 75 upper

1201 1897 74 75 half
1285 1897 107 75 ofjjthe
1408 1897 76 75 ulna
1498 1897 79 75 very
1595 1897 132 75 nearly;
1755 1897 62 75 and
1832 1897 35 75 to
1880 1897 54 75 the
1950 1897 119 75 middle
2085 1897 147 75 common

1202 1943 119 75 tendon
1348 1943 41 75 of
1411 1943 54 75 the
1491 1943 233 75 neighbouring
1750 1943 130 75 mufcle,
1904 1943 125 75 termed
2052 1943 183 75 commonly

1197 1990 195 75 profundus.

1251 2036 32 75 It
1303 2036 75 75 runs
1401 2036 32 75 in
1450 2036 55 75 the
1522 2036 153 75 dire&ion
1703 2036 41 75 of
1765 2036 55 75 the
1839 2036 146 75 external
2012 2036 91 75 angle
2119 2036 40 75 of
2178 2036 56 75 the

1205 2083 87 75 ulna,
1316 2083 64 75 and
1401 2083 79 75 ends
1497 2083 42 75 by
1560 2083 18 75 a
1593 2083 78 75 long
1685 2083 132 75 tendon,
1841 2083 32 75 in
1899 2083 55 75 the
1971 2083 35 75 os
2022 2083 158 75 pififorme
2197 2083 38 75 or

1205 2130 179 75 orbiculare
1402 2130 41 75 of
1460 2130 55 75 the
1532 2130 125 75 carpus,
1682 2130 150 75 reaching
1847 2130 138 75 likev/ife
2001 2130 36 75 to
2053 2130 55 75 the
2124 2130 35 75 os
2176 2130 58 75 ua-

1207 2177 146 75 ciforme,
1376 2177 95 75 being
1490 2177 113 75 united
1629 2177 36 75 to
1687 2177 57 75 the
1765 2177 153 75 ligament
1934 2177 147 75 common
2097 2177 35 75 to
2148 2177 87 75 thefe

1207 2225 65 75 two
1286 2225 113 75 bones.

1371 2327 311 75 RADIALIS
1717 2327 344 75 INTERNUS.

1252 2408 103 75 This
1381 2408 27 75 is
1425 2408 19 75 a
1465 2408 77 75 long
1565 2408 116 75 mufcle
1704 2408 78 75 very
1805 2408 65 75 like
1894 2408 55 75 the
1972 2408 180 75 foregoing,
2178 2408 58 75 but

1206 2455 135 75 fituated
1356 2455 91 75 more
1460 2455 179 75 obliquely.

1252 2502 47 75 Its
1326 2502 97 75 flefliy
1449 2502 128 75 portion
1599 2502 27 75 is
1644 2502 100 75 fixed,
1774 2502 43 75 by
1834 2502 18 75 a
1867 2502 87 75 ftiort
1970 2502 132 75 tendon,
2127 2502 36 75 to
2180 2502 55 75 the

1208 2547 93 75 outer
1311 2547 64 75 and
1385 2547 100 75 upper
1496 2547 63 75 fide
1571 2547 40 75 of
1624 2547 56 75 the
1696 2547 90 75 inner
1802 2547 135 75 condyle
1954 2547 40 75 of
2001 2547 54 75 the
2072 2547 35 75 os
2124 2547 111 75 hume-

1208 2594 40 75 ri.
1298 2594 99 75 From
1412 2594 114 75 thence
1542 2594 26 75 it
1581 2594 101 75 pafles
1702 2594 167 75 obliquely
1885 2594 124 75 toward
2025 2594 56 75 the
2101 2594 106 75 radius
2222 2594 11 75 ;

1210 2640 63 75 and
1288 2640 135 75 running
1440 2640 93 75 along
1550 2640 98 75 about
1659 2640 65 75 two
1741 2640 103 75 thirds
1857 2640 39 75 of
1906 2640 71 75 that
1988 2640 93 75 bone,
2098 2640 27 75 it
2136 2640 100 75 forms

1210 2687 18 75 a
1243 2687 76 75 long
1335 2687 132 75 tendon,
1492 2687 106 75 which
1615 2687 97 75 pafles
1729 2687 100 75 under
1841 2687 20 75 a
1872 2687 171 75 particular
2055 2687 131 75 annular
2197 2687 40 75 li-

1210 2732 138 75 gament,
1374 2732 62 75 and
1451 2732 100 75 under
1569 2732 54 75 the
1640 2732 149 75 infertion
1813 2732 40 75 of
1863 2732 55 75 the
1934 2732 158 75 mufculus
2109 2732 125 75 thenar.

1255 2780 85 75 This
1357 2780 118 75 tendon
1498 2780 27 75 is
1551 2780 33 75 at
1599 2780 111 75 length
1726 2780 139 75 inferted
1882 2780 116 75 chiefly
2013 2780 31 75 in
2064 2780 59 75 the
2140 2780 97 75 infide

1210 2827 40 75 of
1261 2827 54 75 the
1332 2827 77 75 bafis
1422 2827 40 75 of
1470 2827 55 75 the
1541 2827 64 75 firft
1621 2827 189 75 metacarpal
1828 2827 94 75 bone,
1947 2827 62 75 and
2028 2827 88 75 often
2133 2827 32 75 in
2183 2827 56 75 the

1209 2872 115 75 fecond
1339 2872 151 75 likewife,
1516 2872 62 75 and
1595 2872 18 75 a
1635 2872 84 75 little
1735 2872 33 75 in
1785 2872 55 75 the
1867 2872 64 75 firft
1957 2872 141 75 phalanx
2122 2872 40 75 of
2181 2872 56 75 the

1209 2919 130 75 thumb,,
1359 2919 117 75 having
1491 2919 64 75 firft
1571 2919 104 75 pafled
1691 2919 140 75 through
1856 2919 56 75 the
1928 2919 134 75 channel
2078 2919 40 75 of
2129 2919 55 75 the
2201 2919 36 75 os

1208 2966 190 75 trapezium,
1423 2966 106 75 which
1545 2966 126 75 fuftains
1687 2966 57 75 the
1760 2966 125 75 thumb.
1935 3010 219 75 ULNAR
2167 3010 68 75 IS.
