2493 3387
792 194 498 75 ASTRO

231 267 43 75 its
286 267 81 75 dark
382 267 62 75 fide
461 267 27 75 is
504 267 141 75 towards
661 267 72 75 her.
775 267 113 75 Hence
904 267 20 75 a
939 267 71 75 new
1022 267 97 75 moon
1132 267 135 75 anfwers

233 314 36 75 to
286 314 18 75 a
326 314 61 75 full
402 314 104 75 earth,
532 314 63 75 and
611 314 18 75 a
648 314 59 75 full
731 314 96 75 moon
850 314 35 75 to
903 314 19 75 a
945 314 70 75 new
1037 314 106 75 earth.
1191 314 78 75 The

235 359 148 75 quarters
399 359 53 75 are
468 359 65 75 alfo
551 359 146 75 reveried
713 359 33 75 to
759 359 78 75 each
854 359 106 75 other.
987 359 9 75 .

282 404 154 75 Between
460 404 54 75 the
541 404 89 75 third
654 404 132 75 quarter
810 404 63 75 and
894 404 136 75 change,
1055 404 57 75 the
1129 404 96 75 moon
1241 404 28 75 is

235 452 187 75 frequently
447 452 107 75 vifible
579 452 34 75 in
634 452 58 75 the
717 452 168 75 forenoon,
910 452 80 75 even
1015 452 92 75 when
1133 452 57 75 the
1214 452 55 75 fun

236 500 123 75 Urines;
386 500 63 75 and
464 500 77 75 then
557 500 52 75 (he
626 500 122 75 affords
764 500 37 75 us
819 500 38 75 an
880 500 210 75 opportunity
1106 500 40 75 of
1164 500 107 75 feeing

236 547 20 75 a
272 547 77 75 very
366 547 167 75 agreeable
549 547 205 75 appearance,
780 547 199 75 where-ever
1003 547 48 75 we
1076 547 66 75 find
1159 547 18 75 a
1201 547 70 75 glo-

238 592 92 75 bular
342 592 86 75 ftone
445 592 100 75 above
562 592 55 75 the
635 592 83 75 level
730 592 38 75 of
788 592 56 75 the
861 592 71 75 eye,
958 592 33 75 as
1009 592 129 75 fuppofe
1156 592 41 75 on
1217 592 56 75 the

237 640 57 75 top
310 640 39 75 of
368 640 19 75 a
398 640 84 75 gate.
532 640 78 75 For,
635 640 31 75 if
685 640 56 75 the
759 640 54 75 fun
830 640 101 75 Ihines
955 640 42 75 on
1015 640 54 75 the
1087 640 98 75 ftone,
1211 640 63 75 and

237 660 5 104 ■
242 686 46 75 we
305 686 89 75 place
417 686 158 75 ourfelves
593 686 33 75 fo
649 686 33 75 as
700 686 55 75 the
771 686 99 75 upper
894 686 72 75 part
990 686 40 75 of
1049 686 56 75 the
1129 686 56 75 fun
1201 686 74 75 may

236 733 63 75 juft
325 733 83 75 feem
433 733 34 75 to
492 733 99 75 touch
616 733 55 75 the
697 733 88 75 point
810 733 40 75 of
869 733 56 75 the
947 733 123 75 moon’s
1095 733 180 75 lowermoft

241 780 95 75 horn,
361 780 49 75 we
427 780 76 75 ihall
519 780 78 75 then
614 780 50 75 fee
680 780 56 75 the
753 780 204 75 enlightened
973 780 72 75 part
1063 780 42 75 of
1124 780 54 75 the
1189 780 87 75 ftone

240 828 128 75 exa&ly
384 828 39 75 of
443 828 54 75 the
514 828 83 75 fame
613 828 92 75 drape
725 828 78 75 with
829 828 56 75 the
902 828 109 75 moon,
1036 828 122 75 horned
1175 828 33 75 as
1224 828 52 75 (he

239 875 41 75 is,
307 875 61 75 and
393 875 153 75 inclining
569 875 57 75 the
650 875 83 75 fame
756 875 72 75 way
857 875 34 75 to
914 875 57 75 the
994 875 150 75 horizon.
1199 875 78 75 The

241 920 110 75 reafon
367 920 28 75 is
413 920 98 75 plain,
537 920 50 75 for
604 920 54 75 the
675 920 55 75 fun
747 920 180 75 enlightens
944 920 55 75 the
1016 920 85 75 ftone
1121 920 55 75 the
1193 920 83 75 fame

240 942 4 104 ■
244 968 70 75 way
327 968 34 75 as
381 968 40 75 he
438 968 78 75 does
533 968 55 75 the
604 968 96 75 moon
712 968 9 75 ;
749 968 62 75 and
828 968 78 75 both
923 968 95 75 being
1034 968 124 75 globes,
1183 968 93 75 when

241 1015 50 75 we
316 1015 57 75 put
390 1015 159 75 ourfelves
565 1015 68 75 into
649 1015 56 75 the
721 1015 100 75 above
838 1015 158 75 fituation,
1023 1015 55 75 the
1100 1015 96 75 moon
1214 1015 63 75 and

243 1060 86 75 ftone
346 1060 80 75 have
442 1060 55 75 tire
521 1060 83 75 fame
621 1060 133 75 pofition
778 1060 36 75 to
838 1060 61 75 our
915 1060 87 75 eyes,
1027 1060 63 75 and
1114 1060 163 75 therefore

242 1108 50 75 we
308 1108 79 75 muft
405 1108 49 75 fee
470 1108 34 75 as
527 1108 99 75 much
639 1108 39 75 of
698 1108 55 75 the
769 1108 200 75 illuminated
986 1108 72 75 part
1080 1108 39 75 of
1138 1108 55 75 the
1216 1108 61 75 one

243 1155 35 75 as
296 1155 39 75 of
356 1155 54 75 the
423 1155 110 75 other.

292 1201 76 75 The
398 1201 134 75 pofition
554 1201 40 75 of
620 1201 55 75 the
705 1201 126 75 moon’s
859 1201 103 75 cufps,
994 1201 37 75 or
1056 1201 19 75 a
1102 1201 87 75 right
1213 1201 64 75 line

244 1247 154 75 touching
415 1247 56 75 the
487 1247 107 75 points
609 1247 40 75 of
667 1247 59 75 her
742 1247 110 75 horns,
877 1247 27 75 is
928 1247 79 75 very
1027 1247 184 75 differently
1228 1247 47 75 in-

245 1294 106 75 clined
367 1294 34 75 to
418 1294 55 75 the
489 1294 137 75 horizon
644 1294 32 75 at
692 1294 150 75 different
858 1294 99 75 hours
974 1294 41 75 of
1034 1294 54 75 the
1103 1294 83 75 fame
1198 1294 79 75 days

243 1340 41 75 ©f
302 1340 59 75 her
377 1340 71 75 age.
498 1340 193 75 Sometimes
714 1340 51 75 {he
791 1340 119 75 ftands,
934 1340 34 75 as
984 1340 26 75 it
1026 1340 97 75 were,
1149 1340 131 75 upright

244 1387 42 75 on
304 1387 58 75 her
381 1387 101 75 lower
498 1387 94 75 horn,
617 1387 63 75 and
698 1387 76 75 then
791 1387 74 75 fuch
883 1387 18 75 a
916 1387 65 75 line
997 1387 25 75 is
1039 1387 240 75 perpendicular

244 1435 36 75 to
296 1435 56 75 the
368 1435 155 75 horizon:
550 1435 92 75 when
660 1435 64 75 this
747 1435 153 75 happens,
926 1435 51 75 (he
1001 1435 27 75 is
1053 1435 32 75 in
1111 1435 85 75 what
1222 1435 56 75 the

245 1480 210 75 aftronomers
479 1480 60 75 call
565 1480 56 75 the
645 1480 218 75 nonagefirual
883 1480 125 75 degree,
1040 1480 105 75 which
1170 1480 26 75 is
1222 1480 55 75 the

245 1527 123 75 higheft
385 1527 89 75 point
491 1527 39 75 of
550 1527 56 75 the
629 1527 126 75 ecliptic
782 1527 100 75 above
907 1527 54 75 the
989 1527 137 75 horizon
1150 1527 32 75 at
1208 1527 71 75 that

244 1574 92 75 time,
361 1574 62 75 and
439 1574 26 75 is
491 1574 45 75 90
556 1574 132 75 degrees
706 1574 84 75 from
806 1574 80 75 both
906 1574 80 75 fides
998 1574 40 75 of
1057 1574 55 75 the
1128 1574 149 75 horizon,

246 1619 107 75 where
369 1619 25 75 it
409 1619 27 75 is
453 1619 77 75 then
548 1619 53 75 cut
618 1619 43 75 by
672 1619 56 75 the
745 1619 138 75 ecliptic.
934 1619 66 75 But
1013 1619 64 75 this
1094 1619 95 75 never
1200 1619 78 75 hap-

245 1666 79 75 pens
335 1666 93 75 when
443 1666 57 75 the
516 1666 95 75 moon
623 1666 27 75 is
662 1666 115 75 on'the
794 1666 167 75 meridian,
986 1666 117 75 except
1119 1666 93 75 when
1229 1666 51 75 (he

245 1714 28 75 is
290 1714 33 75 at
339 1714 55 75 the
411 1714 79 75 very
505 1714 171 75 beginning
693 1714 39 75 of
752 1714 126 75 Cancer
890 1714 36 75 or
944 1714 190 75 Capricorn.

294 1759 76 75 The
388 1759 185 75 inclination
591 1759 39 75 of
649 1759 71 75 that
737 1759 73 75 part
825 1759 40 75 of
883 1759 56 75 the
954 1759 127 75 ecliptic
1097 1759 35 75 to
1148 1759 55 75 the
1219 1759 59 75 ho-

247 1806 91 75 rizon
355 1806 32 75 in
411 1806 106 75 which
542 1806 56 75 the
622 1806 96 75 moon
743 1806 26 75 is
794 1806 32 75 at
851 1806 61 75 any
933 1806 77 75 time
1034 1806 92 75 when
1143 1806 135 75 horned,

247 1854 75 75 may
338 1854 39 75 be
394 1854 115 75 known
526 1854 42 75 by
586 1854 55 75 the
657 1854 134 75 pofition
808 1854 39 75 of
866 1854 60 75 her
940 1854 119 75 horns;
1089 1854 52 75 for
1157 1854 19 75 a
1193 1854 86 75 right

245 1899 65 75 line
322 1899 155 75 touching
491 1899 85 75 their
591 1899 106 75 points
713 1899 33 75 is
758 1899 240 75 perpendicular
1014 1899 36 75 to
1065 1899 57 75 the
1138 1899 138 75 ecliptic.

246 1945 80 75 And
350 1945 35 75 as
401 1945 55 75 the
474 1945 91 75 angle
583 1945 70 75 that
670 1945 54 75 the
741 1945 123 75 moon’s
888 1945 87 75 orbit
996 1945 109 75 makes
1121 1945 79 75 with
1224 1945 56 75 the

248 1992 127 75 ecliptic
391 1992 57 75 can
465 1992 95 75 never
576 1992 78 75 raife
670 1992 58 75 her
746 1992 111 75 above,
884 1992 58 75 nor
958 1992 125 75 deprefs
1100 1992 58 75 her
1175 1992 104 75 below

247 2039 58 75 the
322 2039 140 75 ecliptic,
487 2039 89 75 more
589 2039 76 75 than
682 2039 67 75 two
765 2039 136 75 minutes
919 2039 40 75 of
970 2039 19 75 a
1004 2039 128 75 degree,
1158 2039 33 75 as
1209 2039 71 75 feen

249 2085 85 75 from
352 2085 54 75 the
424 2085 68 75 fun,
516 2085 26 75 it
555 2085 57 75 can
624 2085 81 75 have
721 2085 42 75 no
779 2085 129 75 fenfible
924 2085 92 75 effedt
1027 2085 86 75 upon
1130 2085 54 75 the
1200 2085 79 75 pofi-

249 2131 68 75 tion
344 2131 39 75 of
401 2131 58 75 her
483 2131 111 75 horns.
641 2131 198 75 Therefore,
863 2131 31 75 if
913 2131 19 75 a
956 2131 160 75 quadrant
1139 2131 39 75 be
1202 2131 79 75 held

250 2177 53 75 up,
330 2177 33 75 fo
380 2177 33 75 as
430 2177 60 75 one
507 2177 39 75 of
565 2177 41 75 its
624 2177 96 75 edges
736 2177 74 75 may
826 2177 82 75 feem
925 2177 36 75 to
976 2177 98 75 toueh
1086 2177 54 75 the
1157 2177 125 75 moon’s

249 2223 111 75 horns,
385 2223 56 75 the
458 2223 176 75 graduated
657 2223 64 75 fide
746 2223 95 75 being
863 2223 78 75 kept
966 2223 139 75 towards
1128 2223 56 75 the
1209 2223 73 75 eye,

251 2270 63 75 and
330 2270 33 75 as
380 2270 49 75 far
445 2270 85 75 from
546 2270 55 75 the
618 2270 59 75 eye
699 2270 34 75 as
757 2270 26 75 it
807 2270 59 75 can
889 2270 40 75 be
953 2270 222 75 conveniently
1191 2270 90 75 held,

251 2317 57 75 the
320 2317 53 75 arc
384 2317 144 75 between
545 2317 55 75 the
617 2317 189 75 plumb-line
823 2317 62 75 and
900 2317 70 75 that
986 2317 80 75 edge
1079 2317 40 75 of
1130 2317 55 75 the
1202 2317 80 75 qua-

252 2363 93 75 drant
362 2363 104 75 which
482 2363 99 75 feems
599 2363 34 75 to
650 2363 99 75 touch
765 2363 56 75 the
841 2363 124 75 moon’s
982 2363 109 75 horns,
1118 2363 66 75 will
1199 2363 84 75 ftiew

251 2410 57 75 the
324 2410 185 75 inclination
532 2410 40 75 of
591 2410 71 75 that
678 2410 70 75 part
766 2410 39 75 of
824 2410 57 75 the
904 2410 128 75 ecliptic
1056 2410 35 75 to
1115 2410 56 75 the
1193 2410 88 75 hori-

252 2457 77 75 zon.
378 2457 78 75 And
472 2457 55 75 the
551 2457 53 75 arc
626 2457 143 75 between
786 2457 56 75 the
858 2457 93 75 other
967 2457 81 75 edge
1071 2457 40 75 of
1130 2457 55 75 the
1203 2457 78 75 qua-

252 2503 95 75 drant
371 2503 194 75 and-plumb
582 2503 63 75 line
667 2503 79 75 will,
766 2503 83 75 (hew
873 2503 55 75 the
952 2503 184 75 inclination
1165 2503 39 75 of
1226 2503 55 75 the

253 2549 125 75 moon’s
396 2549 96 75 horns
506 2549 35 75 to
559 2549 53 75 the
628 2549 148 75 horizon.

299 2596 77 75 The
388 2596 94 75 moon
496 2596 162 75 generally
668 2596 131 75 appears
812 2596 33 75 as
858 2596 86 75 large
953 2596 34 75 as
1000 2596 55 75 the
1067 2596 55 75 fun
1135 2596 9 75 ;
1163 2596 53 75 for
1227 2596 56 75 the

254 2643 94 75 angle
361 2643 85 75 vkA,
467 2643 107 75 (Plate
586 2643 135 75 XL1II.
739 2643 56 75 fig.
810 2643 51 75 3.)
879 2643 102 75 under
996 2643 106 75 which
1114 2643 56 75 the
1186 2643 97 75 moon

257 2689 28 75 is
296 2689 71 75 u.en
384 2689 84 75 from
484 2689 55 75 the
555 2689 104 75 earth,
685 2689 26 75 is
727 2689 56 75 the
800 2689 83 75 fame
899 2689 79 75 with
994 2689 56 75 the
1066 2689 92 75 angle
1177 2689 105 75 LkM,

255 2734 100 75 under
368 2734 106 75 which
486 2734 55 75 the
557 2734 55 75 fun
630 2734 25 75 is
672 2734 72 75 feen
767 2734 85 75 from
870 2734 37 75 it.
957 2734 77 75 And
1049 2734 164 75 therefore
1231 2734 55 75 the

256 2781 94 75 moon
369 2781 73 75 may
457 2781 76 75 hide
549 2781 55 75 the
616 2781 84 75 fun’s
711 2781 105 75 whole
832 2781 67 75 dilk
912 2781 83 75 from
1007 2781 51 75 usj
1075 2781 33 75 as
1121 2781 51 75 fhe
1183 2781 102 75 fome-

257 2827 91 75 times
367 2827 77 75 does
456 2827 32 75 in
501 2827 82 75 folar
599 2827 130 75 eclipfes
778 2827 77 75 The
868 2827 108 75 reafon
989 2827 74 75 why
1074 2827 53 75 (he
1139 2827 76 75 does
1228 2827 57 75 not

256 2873 114 75 eclipfe
379 2873 54 75 the
443 2873 53 75 fun
508 2873 31 75 at
549 2873 94 75 every
651 2873 121 75 change
778 2873 75 75 (hall
861 2873 38 75 be
906 2873 171 75 explained
1084 2873 200 75 afterwards.

257 2920 38 75 If
302 2920 55 75 the
370 2920 94 75 moon
476 2920 84 75 were
573 2920 121 75 farther
707 2920 84 75 from
805 2920 53 75 the
871 2920 104 75 earth,
988 2920 34 75 as
1035 2920 33 75 at
1126 2920 51 75 {he
1190 2920 96 75 could

257 2966 98 75 never
370 2966 75 75 hide
462 2966 55 75 the
533 2966 104 75 whole
652 2966 50 75 >of
721 2966 55 75 the
802 2966 54 75 fun
877 2966 84 75 from
984 2966 36 75 us
1033 2966 9 75 ;
1069 2966 53 75 for
1138 2966 77 75 then
1231 2966 52 75 fire

257 3013 108 75 would
381 3013 115 75 appear
513 3013 99 75 under
628 3013 56 75 the
708 3013 91 75 angle
825 3013 96 75 NkO,
947 3013 160 75 eclipfing’’
1120 3013 77 75 only
1213 3013 70 75 that

259 3062 71 75 part
352 3062 42 75 of.
412 3062 54 75 the
482 3062 56 75 fun
560 3062 106 75 which
681 3062 59 75 lies
756 3062 144 75 between
916 3062 45 75 iV
978 3062 64 75 and
1058 3062 26 75 0
1097 3062 9 75 :
1133 3062 83 75 were
1232 3062 52 75 file

1369 195 43 75 N
1492 195 40 75 O
1611 195 49 75 M
1738 195 55 75 Y.

1318 262 60 75 ftill
1396 262 125 75 further
1539 262 83 75 from
1639 262 56 75 the
1720 262 104 75 earth,
1849 262 33 75 as
1901 262 34 75 at
1957 262 45 75 X,
2028 262 53 75 flie
2113 262 109 75 would
2246 262 114 75 appear

1319 309 102 75 under
1436 309 58 75 the
1509 309 90 75 fmall
1617 309 92 75 angle
1733 309 98 75 TkIV,
1856 309 64 75 like
1944 309 18 75 a
1977 309 70 75 fpot
2063 309 43 75 on
2137 309 56 75 the
2216 309 68 75 fun,
2309 309 49 75 hi-

1320 356 77 75 ding
1408 356 78 75 only
1502 356 54 75 the
1573 356 71 75 part
1661 356 7 75 '
1668 356 67 75 TIV
1753 356 86 75 from
1855 356 60 75 our
1931 356 95 75 fight.

1368 403 75 75 The
1460 403 96 75 moon
1580 403 90 75 turns
1695 403 106 75 round
1823 403 58 75 her
1908 403 70 75 axis
2003 403 31 75 in
2053 403 54 75 the
2124 403 77 75 time
2218 403 71 75 that
2306 403 53 75 ftte

1321 450 77 75 goes
1415 450 105 75 round
1535 450 58 75 her
1609 450 107 75 orbit;
1743 450 106 75 which
1865 450 26 75 is
1907 450 128 75 evident
2051 450 84 75 from
2149 450 116 75 hence,
2287 450 73 75 that

1323 496 17 75 a
1356 496 155 75 fpe&ator
1529 496 32 75 at
1578 496 72 75 reft,
1674 496 140 75 without
1831 496 54 75 the
1903 496 172 75 periphery
2097 496 39 75 of
2156 496 55 75 the
2235 496 124 75 moon’s

1323 542 97 75 orbit,
1446 542 110 75 would
1581 542 49 75 fee
1648 542 42 75 all
1714 542 58 75 her
1795 542 76 75 fides
1895 542 117 75 turned
2037 542 159 75 regularly
2220 542 143 75 towards

1324 590 66 75 him
1408 590 32 75 in
1457 590 71 75 that
1545 590 90 75 time.
1686 590 66 75 She
1768 590 90 75 turns
1885 590 102 75 round
2015 590 58 75 her
2097 590 70 75 axis
2193 590 84 75 from
2298 590 63 75 any

1325 636 60 75 ftar
1401 636 36 75 to
1453 636 55 75 the
1525 636 83 75 fame
1625 636 61 75 ftar
1703 636 91 75 again
1812 636 32 75 in
1863 636 41 75 27
1922 636 77 75 days
2019 636 19 75 8
2056 636 119 75 hours;
2203 636 83 75 from
2304 636 55 75 the

1325 683 55 75 fun
1398 683 34 75 to
1449 683 57 75 the
1518 683 55 75 fun
1587 683 91 75 again
1690 683 33 75 in
1737 683 68 75 29-f
1816 683 79 75 days
1908 683 8 75 :
1944 683 54 75 the
2010 683 120 75 former
2142 683 27 75 is
2182 683 55 75 the
2248 683 112 75 length

1327 730 38 75 of
1384 730 56 75 the
1457 730 143 75 fydereal
1618 730 76 75 day,
1720 730 63 75 and
1800 730 54 75 the
1870 730 96 75 latter
1978 730 60 75 the
2054 730 111 75 length
2178 730 39 75 of
2236 730 58 75 her
2310 730 48 75 fo-

1326 776 47 75 lar
1389 776 76 75 day.
1514 776 35 75 A
1571 776 87 75 body
1675 776 129 75 moving
1820 776 101 75 round
1945 776 57 75 the
2026 776 56 75 fun
2106 776 107 75 would
2238 776 80 75 have
2342 776 21 75 a

1326 822 82 75 folar
1424 822 63 75 day
1504 822 31 75 in
1552 822 95 75 every
1665 822 194 75 revoiution,
1877 822 138 75 without
2026 822 129 75 turning
2167 822 42 75 on
2221 822 40 75 its
2276 822 83 75 axis,

1327 871 54 75 the
1397 871 83 75 fame
1497 871 33 75 as
1547 871 30 75 if
1596 871 25 75 it
1638 871 63 75 had
1717 871 77 75 kept
1819 871 42 75 all
1884 871 56 75 the
1964 871 96 75 while
2077 871 33 75 at
2127 871 72 75 reft,
2225 871 63 75 and
2306 871 57 75 the

1327 917 55 75 fun
1399 917 116 75 moved
1531 917 104 75 round
1650 917 50 75 it;
1728 917 56 75 but
1805 917 138 75 without
1960 917 129 75 turning
2109 917 103 75 round
2227 917 42 75 its
2289 917 75 75 axis

1327 964 25 75 it
1370 964 95 75 could
1490 964 96 75 never
1609 964 81 75 have
1715 964 60 75 one
1798 964 142 75 fydereal
1963 964 76 75 day,
2065 964 130 75 becaufe
2211 964 25 75 it
2252 964 110 75 would

1329 1011 117 75 always
1463 1011 81 75 keep
1562 1011 53 75 the
1631 1011 84 75 fame
1732 1011 61 75 fide
1810 1011 140 75 towards
1969 1011 61 75 any
2046 1011 93 75 given
2157 1011 73 75 ftar.

1375 1057 36 75 If
1423 1057 54 75 the
1494 1057 91 75 earth
1601 1057 65 75 had
1682 1057 42 75 no
1741 1057 113 75 annual
1866 1057 136 75 motion,
2020 1057 55 75 the
2088 1057 95 75 moon
2196 1057 108 75 would
2317 1057 44 75 go

1327 1103 104 75 round
1444 1103 30 75 it
1490 1103 34 75 fo
1541 1103 33 75 as
1591 1103 210 75 to.compleat
1818 1103 18 75 a
1860 1103 156 75 lunation,
2043 1103 19 75 a
2085 1103 155 75 fydereal,
2265 1103 62 75 and
2343 1103 21 75 a

1328 1150 81 75 folar
1424 1150 75 75 day,
1524 1150 44 75 all
1584 1150 32 75 in
1634 1150 55 75 the
1706 1150 83 75 fame
1805 1150 90 75 time.
1944 1150 80 75 But,
2049 1150 132 75 becaufe
2197 1150 55 75 the
2269 1150 91 75 earth

1327 1196 76 75 goes
1420 1196 143 75 forward
1578 1196 31 75 in
1626 1196 42 75 its
1685 1196 98 75 orbit,
1801 1196 95 75 while
1907 1196 57 75 the
1980 1196 96 75 moon
2092 1196 77 75 goes
2185 1196 105 75 round
2305 1196 58 75 the

1327 1242 90 75 earth
1434 1242 32 75 in
1483 1242 58 75 her
1558 1242 97 75 orbit,
1681 1242 54 75 the
1752 1242 94 75 moon
1864 1242 79 75 muft
1959 1242 43 75 go
2019 1242 32 75 as
2069 1242 94 75 much
2179 1242 90 75 more
2285 1242 81 75 than

1327 1289 102 75 round
1445 1289 59 75 her
1520 1289 85 75 orbit
1621 1289 84 75 from
1723 1289 121 75 change
1868 1289 36 75 to
1927 1289 121 75 change
2063 1289 32 75 in
2112 1289 214 75 compleating
2342 1289 22 75 a

1328 1336 82 75 folar
1426 1336 76 75 day,
1527 1336 33 75 as
1578 1336 55 75 the
1649 1336 91 75 earth
1756 1336 59 75 has
1831 1336 83 75 gone
1931 1336 141 75 forward
2087 1336 31 75 in
2136 1336 40 75 its
2200 1336 85 75 orbit
2301 1336 61 75 du-

1329 1383 70 75 ring
1415 1383 70 75 that
1503 1383 88 75 time,
1617 1383 25 75 i,
1660 1383 28 75 e.
1715 1383 109 75 almoft
1841 1383 26 75 a.
1875 1383 128 75 twelfth
2021 1383 71 75 part
2108 1383 40 75 of
2160 1383 17 75 a
2195 1383 107 75 circle.

1374 1430 76 75 The
1475 1430 123 75 moon’s
1616 1430 174 75 periodical
1818 1430 60 75 and
1906 1430 162 75 fynodical
2091 1430 179 75 revolution
2282 1430 81 75 may

1328 1476 40 75 be
1385 1476 173 75 familiarly
1574 1476 202 75 reprefented
1792 1476 44 75 by
1852 1476 55 75 the
1923 1476 140 75 motions
2079 1476 40 75 of
2129 1476 56 75 the
2201 1476 82 75 hour
2300 1476 64 75 and

1330 1523 239 75 minute-hands
1586 1523 39 75 of
1637 1523 18 75 a
1671 1523 106 75 watch
1801 1523 103 75 round
1925 1523 41 75 its
1995 1523 181 75 dial-plate,
2201 1523 105 75 which
2335 1523 28 75 is

1329 1569 129 75 divided
1474 1569 69 75 into
1564 1569 38 75 12
1629 1569 94 75 equal
1740 1569 87 75 parts
1844 1569 37 75 or
1898 1569 110 75 hours,
2035 1569 33 75 as
2097 1569 55 75 the
2180 1569 126 75 ecliptic
2333 1569 30 75 is

1330 1616 129 75 divided
1475 1616 68 75 into
1576 1616 38 75 12
1643 1616 94 75 figns,
1772 1616 63 75 and
1862 1616 56 75 the
1946 1616 75 75 year
2048 1616 68 75 into
2150 1616 38 75 12
2218 1616 146 75 months.

1330 1662 65 75 Let
1413 1662 36 75 us
1465 1662 130 75 fuppofe
1612 1662 88 75 thefe
1721 1662 37 75 12
1777 1662 98 75 hours
1892 1662 35 75 to
1944 1662 39 75 be
2005 1662 37 75 12
2061 1662 94 75 figns,
2180 1662 56 75 the
2261 1662 102 75 hour-

1329 1709 86 75 hand
1444 1709 56 75 the
1524 1709 67 75 fun,
1623 1709 62 75 and
1717 1709 55 75 the
1795 1709 223 75 minute-hand
2041 1709 56 75 the
2121 1709 95 75 moon
2231 1709 10 75 ;
2284 1709 77 75 then

1331 1756 64 75 will
1413 1756 54 75 the
1484 1756 119 75 former
1619 1756 42 75 go
1679 1756 102 75 round
1797 1756 79 75 once
1892 1756 32 75 in
1941 1756 19 75 a
1975 1756 89 75 year,
2090 1756 62 75 and
2179 1756 56 75 tire
2263 1756 98 75 latter

1329 1804 79 75 once
1424 1804 33 75 in
1474 1804 17 75 a
1507 1804 111 75 month
1632 1804 9 75 ;
1669 1804 57 75 but
1750 1804 55 75 the
1827 1804 107 75 moon,
1964 1804 38 75 or
2019 1804 234 75 minute-hand,
2279 1804 82 75 muft

1330 1849 41 75 gp
1383 1849 88 75 more
1487 1849 76 75 than
1582 1849 102 75 round
1700 1849 84 75 from
1800 1849 63 75 any
1879 1849 89 75 point
1980 1849 40 75 of
2031 1849 56 75 the
2104 1849 95 75 circle
2215 1849 107 75 where
2335 1849 27 75 it

1329 1895 65 75 was
1410 1895 58 75 laft
1491 1895 170 75 conjoined
1677 1895 78 75 with
1771 1895 56 75 the
1843 1895 68 75 fun,
1934 1895 39 75 or
1988 1895 197 75 hour-hand,
2211 1895 35 75 to
2268 1895 93 75 over-

1331 1941 71 75 take
1418 1941 26 75 it
1467 1941 91 75 again
1574 1941 8 75 :
1610 1941 65 75 For
1691 1941 54 75 the
1761 1941 185 75 hour-hand
1962 1941 94 75 being
2077 1941 33 75 in
2132 1941 134 75 motion,
2301 1941 60 75 can

1329 1987 95 75 never
1451 1987 39 75 be
1517 1987 173 75 overtaken
1718 1987 42 75 by
1787 1987 55 75 the
1868 1987 223 75 minute-hand
2118 1987 33 75 at
2179 1987 70 75 that
2271 1987 90 75 point

1329 2034 85 75 from
1430 2034 104 75 which
1551 2034 77 75 they
1644 2034 117 75 ftarted
1777 2034 32 75 at
1827 2034 84 75 their
1925 2034 57 75 laft
1998 2034 216 75 conjunction.

1378 2081 36 75 If
1424 2081 56 75 the
1497 2081 90 75 earth
1615 2081 63 75 had
1707 2081 42 75 no
1774 2081 115 75 annual
1913 2081 134 75 motion,
2073 2081 54 75 the
2151 2081 124 75 moon’s
2292 2081 69 75 mo-

1331 2128 67 75 tion
1416 2128 102 75 round
1535 2128 55 75 the
1607 2128 104 75 earth,
1737 2128 62 75 and
1826 2128 60 75 her
1913 2128 92 75 track
2028 2128 33 75 in
2089 2128 142 75 ablolute
2258 2128 102 75 fpace,

1332 2174 109 75 would
1456 2174 40 75 be
1512 2174 118 75 always
1647 2174 55 75 the
1719 2174 96 75 fame.
1861 2174 69 75 But
1947 2174 35 75 as
1998 2174 55 75 the
2069 2174 91 75 earth
2185 2174 61 75 and
2266 2174 97 75 moon

1332 2221 93 75 move
1442 2221 103 75 round
1568 2221 55 75 the
1640 2221 68 75 fun,
1733 2221 57 75 the
1815 2221 123 75 moon’s
1963 2221 69 75 real
2055 2221 76 75 path
2156 2221 31 75 in
2212 2221 55 75 the
2285 2221 75 75 hea-

1332 2268 75 75 vens
1425 2268 30 75 is
1472 2268 77 75 very
1570 2268 150 75 different
1739 2268 85 75 from
1847 2268 60 75 her
1933 2268 109 75 vifible
2070 2268 76 75 path
2176 2268 103 75 round
2307 2268 56 75 the

1332 2314 112 75 earth;
1470 2314 56 75 the
1541 2314 97 75 latter
1653 2314 94 75 being
1776 2314 31 75 in
1834 2314 19 75 a
1880 2314 186 75 progreflive
2095 2314 107 75 circle,
2228 2314 63 75 and
2307 2314 57 75 the

1331 2361 120 75 former
1467 2361 31 75 in
1515 2361 18 75 a
1550 2361 100 75 curve
1657 2361 40 75 of
1707 2361 151 75 different
1868 2361 132 75 degrees
2012 2361 40 75 of
2063 2361 180 75 concavity,
2256 2361 106 75 which

1332 2408 107 75 would
1456 2408 116 75 always
1589 2408 40 75 be
1649 2408 54 75 the
1720 2408 83 75 fame
1820 2408 31 75 in
1868 2408 55 75 the
1943 2408 83 75 fame
2042 2408 87 75 parts
2153 2408 39 75 of
2209 2408 55 75 the
2287 2408 78 75 hea-

1330 2456 90 75 vens,
1444 2456 31 75 if
1494 2456 54 75 the
1565 2456 94 75 moon
1677 2456 186 75 performed
1879 2456 19 75 a
1912 2456 157 75 complete
2095 2456 135 75 number
2256 2456 40 75 of
2312 2456 51 75 lu-

1332 2500 124 75 nations
1479 2500 33 75 in
1536 2500 18 75 a
1570 2500 77 75 year
1661 2500 138 75 without
1815 2500 61 75 any
1891 2500 92 75 thing
1999 2500 89 75 over.

1380 2546 66 75 Let
1469 2546 18 75 a
1505 2546 64 75 nail
1585 2546 32 75 in
1638 2546 54 75 the
1709 2546 61 75 end
1794 2546 40 75 of
1854 2546 54 75 the
1925 2546 73 75 axle
2021 2546 40 75 of
2081 2546 18 75 a
2119 2546 242 75 chariot-wheel

1334 2592 160 75 reprefent
1515 2592 55 75 the
1583 2592 106 75 earth,
1711 2592 61 75 and
1790 2592 18 75 a
1827 2592 53 75 pin
1897 2592 31 75 in
1945 2592 55 75 the
2017 2592 79 75 nave
2112 2592 55 75 the
2190 2592 93 75 moon
2299 2592 11 75 ;
2336 2592 33 75 if

1333 2640 56 75 the
1410 2640 86 75 body
1512 2640 40 75 of
1564 2640 56 75 the
1637 2640 123 75 chariot
1777 2640 40 75 be
1834 2640 144 75 propped
1995 2640 40 75 up
2052 2640 34 75 fo
2103 2640 32 75 as
2153 2640 35 75 to
2201 2640 79 75 keep
2293 2640 71 75 that

1333 2687 103 75 wheel
1454 2687 86 75 from
1556 2687 153 75 touching
1725 2687 55 75 the
1796 2687 144 75 ground,,
1958 2687 61 75 and
2035 2687 54 75 the
2107 2687 102 75 wheel
2230 2687 38 75 be
2284 2687 79 75 then

1334 2734 116 75 turned
1474 2734 103 75 round
1602 2734 42 75 by
1667 2734 99 75 hand,
1798 2734 55 75 the
1878 2734 54 75 pin
1959 2734 66 75 will
2054 2734 141 75 defcribe
2220 2734 17 75 a
2265 2734 98 75 circle

1334 2780 80 75 both
1439 2780 103 75 round
1557 2780 56 75 the
1631 2780 75 75 nail,
1728 2780 63 75 and
1813 2780 33 75 in
1862 2780 55 75 the
1934 2780 92 75 fpace
2042 2780 25 75 it
2084 2780 107 75 moves
2207 2780 154 75 through.

1335 2827 67 75 But
1417 2827 31 75 if
1460 2827 54 75 the
1530 2827 96 75 props
1643 2827 39 75 be
1698 2827 95 75 taken
1821 2827 101 75 away,
1948 2827 55 75 the
2029 2827 109 75 horfes
2155 2827 57 75 put
2228 2827 46 75 to,
2300 2827 64 75 and

1335 2873 54 75 the
1406 2873 124 75 chariot
1547 2873 110 75 driven
1675 2873 77 75 over
1768 2873 19 75 a
1802 2873 88 75 piece
1907 2873 40 75 of
1958 2873 123 75 ground
2097 2873 105 75 which
2217 2873 27 75 is
2261 2873 103 75 circu-

1335 2919 82 75 larly
1433 2919 135 75 convex,
1594 2919 55 75 the
1666 2919 62 75 nail
1747 2919 29 75 in
1795 2919 54 75 the
1870 2919 74 75 axle
1956 2919 65 75 will
2037 2919 142 75 defcribe
2196 2919 18 75 a
2230 2919 134 75 circular

1334 2966 109 75 curve,
1469 2966 61 75 and
1547 2966 55 75 the
1619 2966 52 75 pin
1688 2966 31 75 in
1738 2966 55 75 the
1811 2966 77 75 nave
1904 2966 142 75 wilfftill
2063 2966 141 75 defcribe
2229 2966 17 75 a
2268 2966 99 75 circle

1334 3013 104 75 round
1461 3013 54 75 the
1534 3013 187 75 progreflive
1745 3013 62 75 nail
1833 3013 31 75 in
1890 3013 55 75 the
1967 3013 86 75 axle,
2088 3013 56 75 but
2167 3013 57 75 not
2252 3013 31 75 in
2309 3013 57 75 the

1333 3059 90 75 fpace
1438 3059 142 75 through
1596 3059 107 75 which
1718 3059 27 75 it
1761 3059 122 75 moves.
1946 3059 40 75 In
2003 3059 64 75 this
2085 3059 79 75 cafe,
2190 3059 55 75 the
2268 3059 95 75 curve
2372 3059 13 75 -

2200 3102 183 75 defcribed.
