<?xml version="1.0" encoding="UTF-8"?>
<alto xmlns="http://www.loc.gov/standards/alto/v3/alto.xsd"><Description><MeasurementUnit>pixel</MeasurementUnit><sourceImageInformation><fileName>./data/pdfs/c_188936619/i_144133901/188082693.23.pdf</fileName></sourceImageInformation><OCRProcessing ID="IdOcr"><ocrProcessingStep><processingDateTime>Fri Jul 12 10:37:52 2019
</processingDateTime><processingSoftware><softwareCreator>CONTRIBUTORS</softwareCreator><softwareName>pdfalto</softwareName><softwareVersion>0.1</softwareVersion></processingSoftware></ocrProcessingStep></OCRProcessing></Description><Styles><TextStyle ID="font0" FONTFAMILY="times" FONTSIZE="6.500" FONTTYPE="serif" FONTWIDTH="proportional" FONTCOLOR="#WWWWWW" FONTSTYLE="subscript"/><TextStyle ID="font1" FONTFAMILY="times" FONTSIZE="10.000" FONTTYPE="serif" FONTWIDTH="proportional" FONTCOLOR="#WWWWWW" FONTSTYLE=""/><TextStyle ID="font2" FONTFAMILY="times" FONTSIZE="6.500" FONTTYPE="serif" FONTWIDTH="proportional" FONTCOLOR="#WWWWWW" FONTSTYLE="superscript"/><TextStyle ID="font3" FONTFAMILY="invisibleocr" FONTSIZE="10.000" FONTTYPE="sans-serif" FONTWIDTH="proportional" FONTCOLOR="#WWWWWW" FONTSTYLE=""/></Styles><Layout><Page ID="Page463" PHYSICAL_IMG_NR="463" WIDTH="2483" HEIGHT="3387"><PrintSpace><TextLine WIDTH="78" HEIGHT="49" ID="p463_t1" HPOS="2230" VPOS="176"><String ID="p463_w1" CONTENT="3" HPOS="2230" VPOS="208" WIDTH="19" HEIGHT="49" STYLEREFS="font0"/><String ID="p463_w2" CONTENT="8i" HPOS="2249" VPOS="176" WIDTH="59" HEIGHT="75" STYLEREFS="font1"/></TextLine><TextLine WIDTH="491" HEIGHT="75" ID="p463_t2" HPOS="657" VPOS="180"><String ID="p463_w3" CONTENT="A" HPOS="657" VPOS="180" WIDTH="43" HEIGHT="75" STYLEREFS="font1"/><SP WIDTH="77" VPOS="180" HPOS="700"/><String ID="p463_w4" CONTENT="R" HPOS="777" VPOS="180" WIDTH="36" HEIGHT="75" STYLEREFS="font1"/><SP WIDTH="76" VPOS="180" HPOS="813"/><String ID="p463_w5" CONTENT="I" HPOS="889" VPOS="180" WIDTH="19" HEIGHT="75" STYLEREFS="font1"/><SP WIDTH="79" VPOS="180" HPOS="908"/><String ID="p463_w6" CONTENT="T" HPOS="987" VPOS="180" WIDTH="39" HEIGHT="75" STYLEREFS="font1"/><SP WIDTH="78" VPOS="180" HPOS="1026"/><String ID="p463_w7" CONTENT="H" HPOS="1104" VPOS="180" WIDTH="44" HEIGHT="75" STYLEREFS="font1"/></TextLine><TextLine WIDTH="847" HEIGHT="75" ID="p463_t3" HPOS="287" VPOS="261"><String ID="p463_w8" CONTENT="2." HPOS="287" VPOS="261" WIDTH="35" HEIGHT="75" STYLEREFS="font1"/><SP WIDTH="48" VPOS="261" HPOS="322"/><String ID="p463_w9" CONTENT="AVOIRDUPOIS" HPOS="370" VPOS="261" WIDTH="447" HEIGHT="75" STYLEREFS="font1"/><SP WIDTH="38" VPOS="261" HPOS="817"/><String ID="p463_w10" CONTENT="WEIGHT." HPOS="855" VPOS="261" WIDTH="279" HEIGHT="75" STYLEREFS="font1"/></TextLine><TextLine WIDTH="613" HEIGHT="75" ID="p463_t4" HPOS="1224" VPOS="179"><String ID="p463_w11" CONTENT="M" HPOS="1224" VPOS="179" WIDTH="49" HEIGHT="75" STYLEREFS="font1"/><SP WIDTH="74" VPOS="179" HPOS="1273"/><String ID="p463_w12" CONTENT="E" HPOS="1347" VPOS="179" WIDTH="36" HEIGHT="75" STYLEREFS="font1"/><SP WIDTH="75" VPOS="179" HPOS="1383"/><String ID="p463_w13" CONTENT="T" HPOS="1458" VPOS="179" WIDTH="40" HEIGHT="75" STYLEREFS="font1"/><SP WIDTH="76" VPOS="179" HPOS="1498"/><String ID="p463_w14" CONTENT="I" HPOS="1574" VPOS="179" WIDTH="18" HEIGHT="75" STYLEREFS="font1"/><SP WIDTH="81" VPOS="179" HPOS="1592"/><String ID="p463_w15" CONTENT="C" HPOS="1673" VPOS="179" WIDTH="35" HEIGHT="75" STYLEREFS="font1"/><SP WIDTH="78" VPOS="179" HPOS="1708"/><String ID="p463_w16" CONTENT="K." HPOS="1786" VPOS="179" WIDTH="51" HEIGHT="75" STYLEREFS="font1"/></TextLine><TextLine WIDTH="360" HEIGHT="75" ID="p463_t5" HPOS="1605" VPOS="263"><String ID="p463_w17" CONTENT="PROOF." HPOS="1605" VPOS="263" WIDTH="360" HEIGHT="75" STYLEREFS="font1"/></TextLine><TextLine WIDTH="939" HEIGHT="75" ID="p463_t6" HPOS="232" VPOS="331"><String ID="p463_w18" CONTENT="Quejl," HPOS="232" VPOS="331" WIDTH="115" HEIGHT="75" STYLEREFS="font1"/><SP WIDTH="30" VPOS="331" HPOS="347"/><String ID="p463_w19" CONTENT="i." HPOS="377" VPOS="331" WIDTH="32" HEIGHT="75" STYLEREFS="font1"/><SP WIDTH="49" VPOS="331" HPOS="409"/><String ID="p463_w20" CONTENT="In" HPOS="458" VPOS="331" WIDTH="40" HEIGHT="75" STYLEREFS="font1"/><SP WIDTH="16" VPOS="331" HPOS="498"/><String ID="p463_w21" CONTENT="C." HPOS="514" VPOS="331" WIDTH="44" HEIGHT="75" STYLEREFS="font1"/><SP WIDTH="19" VPOS="331" HPOS="558"/><String ID="p463_w22" CONTENT="47" HPOS="577" VPOS="331" WIDTH="44" HEIGHT="75" STYLEREFS="font1"/><SP WIDTH="21" VPOS="331" HPOS="621"/><String ID="p463_w23" CONTENT=":" HPOS="642" VPOS="331" WIDTH="8" HEIGHT="75" STYLEREFS="font1"/><SP WIDTH="25" VPOS="331" HPOS="650"/><String ID="p463_w24" CONTENT="i" HPOS="675" VPOS="331" WIDTH="14" HEIGHT="75" STYLEREFS="font1"/><SP WIDTH="23" VPOS="331" HPOS="689"/><String ID="p463_w25" CONTENT=":" HPOS="712" VPOS="331" WIDTH="10" HEIGHT="75" STYLEREFS="font1"/><SP WIDTH="21" VPOS="331" HPOS="722"/><String ID="p463_w26" CONTENT="20" HPOS="743" VPOS="331" WIDTH="46" HEIGHT="75" STYLEREFS="font1"/><SP WIDTH="23" VPOS="331" HPOS="789"/><String ID="p463_w27" CONTENT="how" HPOS="812" VPOS="331" WIDTH="76" HEIGHT="75" STYLEREFS="font1"/><SP WIDTH="22" VPOS="331" HPOS="888"/><String ID="p463_w28" CONTENT="many" HPOS="910" VPOS="331" WIDTH="97" HEIGHT="75" STYLEREFS="font1"/><SP WIDTH="22" VPOS="331" HPOS="1007"/><String ID="p463_w29" CONTENT="ounces?" HPOS="1029" VPOS="331" WIDTH="142" HEIGHT="75" STYLEREFS="font1"/></TextLine><TextLine WIDTH="37" HEIGHT="75" ID="p463_t7" HPOS="665" VPOS="387"><String ID="p463_w30" CONTENT="C." HPOS="665" VPOS="387" WIDTH="37" HEIGHT="75" STYLEREFS="font1"/></TextLine><TextLine WIDTH="46" HEIGHT="75" ID="p463_t8" HPOS="850" VPOS="387"><String ID="p463_w31" CONTENT="lb." HPOS="850" VPOS="387" WIDTH="46" HEIGHT="75" STYLEREFS="font1"/></TextLine><TextLine WIDTH="234" HEIGHT="75" ID="p463_t9" HPOS="658" VPOS="438"><String ID="p463_w32" CONTENT="47" HPOS="658" VPOS="438" WIDTH="43" HEIGHT="75" STYLEREFS="font1"/><SP WIDTH="66" VPOS="438" HPOS="701"/><String ID="p463_w33" CONTENT="i" HPOS="767" VPOS="438" WIDTH="14" HEIGHT="75" STYLEREFS="font1"/><SP WIDTH="65" VPOS="438" HPOS="781"/><String ID="p463_w34" CONTENT="20" HPOS="846" VPOS="438" WIDTH="46" HEIGHT="75" STYLEREFS="font1"/></TextLine><TextLine WIDTH="22" HEIGHT="75" ID="p463_t10" HPOS="680" VPOS="492"><String ID="p463_w35" CONTENT="4" HPOS="680" VPOS="492" WIDTH="22" HEIGHT="75" STYLEREFS="font1"/></TextLine><TextLine WIDTH="64" HEIGHT="75" ID="p463_t11" HPOS="637" VPOS="574"><String ID="p463_w36" CONTENT="189" HPOS="637" VPOS="574" WIDTH="64" HEIGHT="75" STYLEREFS="font1"/></TextLine><TextLine WIDTH="43" HEIGHT="75" ID="p463_t12" HPOS="655" VPOS="621"><String ID="p463_w37" CONTENT="28" HPOS="655" VPOS="621" WIDTH="43" HEIGHT="75" STYLEREFS="font1"/></TextLine><TextLine WIDTH="88" HEIGHT="75" ID="p463_t13" HPOS="609" VPOS="715"><String ID="p463_w38" CONTENT="1512" HPOS="609" VPOS="715" WIDTH="88" HEIGHT="75" STYLEREFS="font1"/></TextLine><TextLine WIDTH="70" HEIGHT="75" ID="p463_t14" HPOS="607" VPOS="760"><String ID="p463_w39" CONTENT="380" HPOS="607" VPOS="760" WIDTH="70" HEIGHT="75" STYLEREFS="font1"/></TextLine><TextLine WIDTH="162" HEIGHT="75" ID="p463_t15" HPOS="607" VPOS="854"><String ID="p463_w40" CONTENT="5312" HPOS="607" VPOS="854" WIDTH="89" HEIGHT="75" STYLEREFS="font1"/><SP WIDTH="25" VPOS="854" HPOS="696"/><String ID="p463_w41" CONTENT="lb." HPOS="721" VPOS="854" WIDTH="48" HEIGHT="75" STYLEREFS="font1"/></TextLine><TextLine WIDTH="63" HEIGHT="75" ID="p463_t16" HPOS="657" VPOS="900"><String ID="p463_w42" CONTENT="16^" HPOS="657" VPOS="900" WIDTH="63" HEIGHT="75" STYLEREFS="font1"/></TextLine><TextLine WIDTH="113" HEIGHT="75" ID="p463_t17" HPOS="582" VPOS="994"><String ID="p463_w43" CONTENT="3x872" HPOS="582" VPOS="994" WIDTH="113" HEIGHT="75" STYLEREFS="font1"/></TextLine><TextLine WIDTH="177" HEIGHT="75" ID="p463_t18" HPOS="583" VPOS="1039"><String ID="p463_w44" CONTENT="5312" HPOS="583" VPOS="1039" WIDTH="88" HEIGHT="75" STYLEREFS="font1"/><SP WIDTH="71" VPOS="1039" HPOS="671"/><String ID="p463_w45" CONTENT="*" HPOS="742" VPOS="1039" WIDTH="18" HEIGHT="75" STYLEREFS="font1"/></TextLine><TextLine WIDTH="197" HEIGHT="75" ID="p463_t19" HPOS="580" VPOS="1132"><String ID="p463_w46" CONTENT="84992" HPOS="580" VPOS="1132" WIDTH="115" HEIGHT="75" STYLEREFS="font1"/><SP WIDTH="25" VPOS="1132" HPOS="695"/><String ID="p463_w47" CONTENT="oz." HPOS="720" VPOS="1132" WIDTH="57" HEIGHT="75" STYLEREFS="font1"/></TextLine><TextLine WIDTH="361" HEIGHT="75" ID="p463_t20" HPOS="508" VPOS="1226"><String ID="p463_w48" CONTENT="PROOF." HPOS="508" VPOS="1226" WIDTH="361" HEIGHT="75" STYLEREFS="font1"/></TextLine><TextLine WIDTH="797" HEIGHT="75" ID="p463_t21" HPOS="295" VPOS="1285"><String ID="p463_w49" CONTENT="In" HPOS="295" VPOS="1285" WIDTH="40" HEIGHT="75" STYLEREFS="font1"/><SP WIDTH="22" VPOS="1285" HPOS="335"/><String ID="p463_w50" CONTENT="84992" HPOS="357" VPOS="1285" WIDTH="116" HEIGHT="75" STYLEREFS="font1"/><SP WIDTH="27" VPOS="1285" HPOS="473"/><String ID="p463_w51" CONTENT="ounces" HPOS="500" VPOS="1285" WIDTH="117" HEIGHT="75" STYLEREFS="font1"/><SP WIDTH="17" VPOS="1285" HPOS="617"/><String ID="p463_w52" CONTENT="how" HPOS="634" VPOS="1285" WIDTH="75" HEIGHT="75" STYLEREFS="font1"/><SP WIDTH="15" VPOS="1285" HPOS="709"/><String ID="p463_w53" CONTENT="many" HPOS="724" VPOS="1285" WIDTH="97" HEIGHT="75" STYLEREFS="font1"/><SP WIDTH="15" VPOS="1285" HPOS="821"/><String ID="p463_w54" CONTENT="lb." HPOS="836" VPOS="1285" WIDTH="45" HEIGHT="75" STYLEREFS="font1"/><SP WIDTH="20" VPOS="1285" HPOS="881"/><String ID="p463_w55" CONTENT="Q^and" HPOS="901" VPOS="1285" WIDTH="129" HEIGHT="75" STYLEREFS="font1"/><SP WIDTH="17" VPOS="1285" HPOS="1030"/><String ID="p463_w56" CONTENT="C." HPOS="1047" VPOS="1285" WIDTH="45" HEIGHT="75" STYLEREFS="font1"/></TextLine><TextLine WIDTH="288" HEIGHT="75" ID="p463_t22" HPOS="569" VPOS="1333"><String ID="p463_w57" CONTENT="28)" HPOS="569" VPOS="1333" WIDTH="59" HEIGHT="75" STYLEREFS="font1"/><SP WIDTH="79" VPOS="1333" HPOS="628"/><String ID="p463_w58" CONTENT="4)" HPOS="707" VPOS="1333" WIDTH="38" HEIGHT="75" STYLEREFS="font1"/><SP WIDTH="74" VPOS="1333" HPOS="745"/><String ID="p463_w59" CONTENT="C." HPOS="819" VPOS="1333" WIDTH="38" HEIGHT="75" STYLEREFS="font1"/></TextLine><TextLine WIDTH="45" HEIGHT="75" ID="p463_t23" HPOS="1005" VPOS="1333"><String ID="p463_w60" CONTENT="lb." HPOS="1005" VPOS="1333" WIDTH="45" HEIGHT="75" STYLEREFS="font1"/></TextLine><TextLine WIDTH="723" HEIGHT="75" ID="p463_t24" HPOS="325" VPOS="1382"><String ID="p463_w61" CONTENT="*6(84992" HPOS="325" VPOS="1382" WIDTH="175" HEIGHT="75" STYLEREFS="font1"/><SP WIDTH="39" VPOS="1382" HPOS="500"/><String ID="p463_w62" CONTENT="(5312" HPOS="539" VPOS="1382" WIDTH="107" HEIGHT="75" STYLEREFS="font1"/><SP WIDTH="39" VPOS="1382" HPOS="646"/><String ID="p463_w63" CONTENT="(189" HPOS="685" VPOS="1382" WIDTH="86" HEIGHT="75" STYLEREFS="font1"/><SP WIDTH="27" VPOS="1382" HPOS="771"/><String ID="p463_w64" CONTENT="(47" HPOS="798" VPOS="1382" WIDTH="61" HEIGHT="75" STYLEREFS="font1"/><SP WIDTH="65" VPOS="1382" HPOS="859"/><String ID="p463_w65" CONTENT="i" HPOS="924" VPOS="1382" WIDTH="14" HEIGHT="75" STYLEREFS="font1"/><SP WIDTH="63" VPOS="1382" HPOS="938"/><String ID="p463_w66" CONTENT="20" HPOS="1001" VPOS="1382" WIDTH="47" HEIGHT="75" STYLEREFS="font1"/></TextLine><TextLine WIDTH="367" HEIGHT="75" ID="p463_t25" HPOS="383" VPOS="1426"><String ID="p463_w67" CONTENT="So’-’" HPOS="383" VPOS="1426" WIDTH="108" HEIGHT="75" STYLEREFS="font1"/><SP WIDTH="64" VPOS="1426" HPOS="491"/><String ID="p463_w68" CONTENT="23••" HPOS="555" VPOS="1426" WIDTH="87" HEIGHT="75" STYLEREFS="font1"/><SP WIDTH="66" VPOS="1426" HPOS="642"/><String ID="p463_w69" CONTENT="16" HPOS="708" VPOS="1426" WIDTH="42" HEIGHT="75" STYLEREFS="font1"/></TextLine><TextLine WIDTH="339" HEIGHT="75" ID="p463_t26" HPOS="414" VPOS="1526"><String ID="p463_w70" CONTENT="49" HPOS="414" VPOS="1526" WIDTH="46" HEIGHT="75" STYLEREFS="font1"/><SP WIDTH="97" VPOS="1526" HPOS="460"/><String ID="p463_w71" CONTENT="251" HPOS="557" VPOS="1526" WIDTH="64" HEIGHT="75" STYLEREFS="font1"/><SP WIDTH="88" VPOS="1526" HPOS="621"/><String ID="p463_w72" CONTENT="29" HPOS="709" VPOS="1526" WIDTH="44" HEIGHT="75" STYLEREFS="font1"/></TextLine><TextLine WIDTH="337" HEIGHT="75" ID="p463_t27" HPOS="414" VPOS="1565"><String ID="p463_w73" CONTENT="48" HPOS="414" VPOS="1565" WIDTH="44" HEIGHT="75" STYLEREFS="font1"/><SP WIDTH="97" VPOS="1565" HPOS="458"/><String ID="p463_w74" CONTENT="224" HPOS="555" VPOS="1565" WIDTH="69" HEIGHT="75" STYLEREFS="font1"/><SP WIDTH="83" VPOS="1565" HPOS="624"/><String ID="p463_w75" CONTENT="28" HPOS="707" VPOS="1565" WIDTH="44" HEIGHT="75" STYLEREFS="font1"/></TextLine><TextLine WIDTH="315" HEIGHT="75" ID="p463_t28" HPOS="440" VPOS="1658"><String ID="p463_w76" CONTENT="19" HPOS="440" VPOS="1658" WIDTH="43" HEIGHT="75" STYLEREFS="font1"/><SP WIDTH="86" VPOS="1658" HPOS="483"/><String ID="p463_w77" CONTENT="272" HPOS="569" VPOS="1658" WIDTH="68" HEIGHT="75" STYLEREFS="font1"/><SP WIDTH="61" VPOS="1658" HPOS="637"/><String ID="p463_w78" CONTENT="(o)" HPOS="698" VPOS="1658" WIDTH="57" HEIGHT="75" STYLEREFS="font1"/></TextLine><TextLine WIDTH="196" HEIGHT="75" ID="p463_t29" HPOS="440" VPOS="1705"><String ID="p463_w79" CONTENT="16" HPOS="440" VPOS="1705" WIDTH="41" HEIGHT="75" STYLEREFS="font1"/><SP WIDTH="88" VPOS="1705" HPOS="481"/><String ID="p463_w80" CONTENT="252" HPOS="569" VPOS="1705" WIDTH="67" HEIGHT="75" STYLEREFS="font1"/></TextLine><TextLine WIDTH="254" HEIGHT="75" ID="p463_t30" HPOS="461" VPOS="1799"><String ID="p463_w81" CONTENT="32" HPOS="461" VPOS="1799" WIDTH="44" HEIGHT="75" STYLEREFS="font1"/><SP WIDTH="59" VPOS="1799" HPOS="505"/><String ID="p463_w82" CONTENT="(20)" HPOS="564" VPOS="1799" WIDTH="79" HEIGHT="75" STYLEREFS="font1"/><SP WIDTH="26" VPOS="1799" HPOS="643"/><String ID="p463_w83" CONTENT="lb." HPOS="669" VPOS="1799" WIDTH="46" HEIGHT="75" STYLEREFS="font1"/></TextLine><TextLine WIDTH="43" HEIGHT="75" ID="p463_t31" HPOS="461" VPOS="1850"><String ID="p463_w84" CONTENT="32" HPOS="461" VPOS="1850" WIDTH="43" HEIGHT="75" STYLEREFS="font1"/></TextLine><TextLine WIDTH="58" HEIGHT="75" ID="p463_t32" HPOS="457" VPOS="1949"><String ID="p463_w85" CONTENT="(°)" HPOS="457" VPOS="1949" WIDTH="58" HEIGHT="75" STYLEREFS="font1"/></TextLine><TextLine WIDTH="318" HEIGHT="75" ID="p463_t33" HPOS="527" VPOS="2032"><String ID="p463_w86" CONTENT="Mixt" HPOS="527" VPOS="2032" WIDTH="95" HEIGHT="75" STYLEREFS="font1"/><SP WIDTH="33" VPOS="2032" HPOS="622"/><String ID="p463_w87" CONTENT="Reduflian." HPOS="655" VPOS="2032" WIDTH="190" HEIGHT="75" STYLEREFS="font1"/></TextLine><TextLine WIDTH="940" HEIGHT="75" ID="p463_t34" HPOS="219" VPOS="2103"><String ID="p463_w88" CONTENT="In" HPOS="219" VPOS="2103" WIDTH="42" HEIGHT="75" STYLEREFS="font1"/><SP WIDTH="26" VPOS="2103" HPOS="261"/><String ID="p463_w89" CONTENT="working" HPOS="287" VPOS="2103" WIDTH="148" HEIGHT="75" STYLEREFS="font1"/><SP WIDTH="20" VPOS="2103" HPOS="435"/><String ID="p463_w90" CONTENT="mixt" HPOS="455" VPOS="2103" WIDTH="85" HEIGHT="75" STYLEREFS="font1"/><SP WIDTH="28" VPOS="2103" HPOS="540"/><String ID="p463_w91" CONTENT="reduction" HPOS="568" VPOS="2103" WIDTH="162" HEIGHT="75" STYLEREFS="font1"/><SP WIDTH="25" VPOS="2103" HPOS="730"/><String ID="p463_w92" CONTENT="obferve" HPOS="755" VPOS="2103" WIDTH="130" HEIGHT="75" STYLEREFS="font1"/><SP WIDTH="24" VPOS="2103" HPOS="885"/><String ID="p463_w93" CONTENT="the" HPOS="909" VPOS="2103" WIDTH="56" HEIGHT="75" STYLEREFS="font1"/><SP WIDTH="24" VPOS="2103" HPOS="965"/><String ID="p463_w94" CONTENT="following" HPOS="989" VPOS="2103" WIDTH="170" HEIGHT="75" STYLEREFS="font1"/></TextLine><TextLine WIDTH="983" HEIGHT="75" ID="p463_t35" HPOS="220" VPOS="2148"><String ID="p463_w95" CONTENT="Rule." HPOS="220" VPOS="2148" WIDTH="124" HEIGHT="75" STYLEREFS="font1"/><SP WIDTH="60" VPOS="2148" HPOS="344"/><String ID="p463_w96" CONTENT="By" HPOS="404" VPOS="2148" WIDTH="53" HEIGHT="75" STYLEREFS="font1"/><SP WIDTH="28" VPOS="2148" HPOS="457"/><String ID="p463_w97" CONTENT="redudtion" HPOS="485" VPOS="2148" WIDTH="162" HEIGHT="75" STYLEREFS="font1"/><SP WIDTH="30" VPOS="2148" HPOS="647"/><String ID="p463_w98" CONTENT="defcending" HPOS="677" VPOS="2148" WIDTH="192" HEIGHT="75" STYLEREFS="font1"/><SP WIDTH="32" VPOS="2148" HPOS="869"/><String ID="p463_w99" CONTENT="bring" HPOS="901" VPOS="2148" WIDTH="93" HEIGHT="75" STYLEREFS="font1"/><SP WIDTH="32" VPOS="2148" HPOS="994"/><String ID="p463_w100" CONTENT="the" HPOS="1026" VPOS="2148" WIDTH="56" HEIGHT="75" STYLEREFS="font1"/><SP WIDTH="28" VPOS="2148" HPOS="1082"/><String ID="p463_w101" CONTENT="given" HPOS="1110" VPOS="2148" WIDTH="93" HEIGHT="75" STYLEREFS="font1"/></TextLine><TextLine WIDTH="1030" HEIGHT="75" ID="p463_t36" HPOS="173" VPOS="2194"><String ID="p463_w102" CONTENT="name" HPOS="173" VPOS="2194" WIDTH="92" HEIGHT="75" STYLEREFS="font1"/><SP WIDTH="15" VPOS="2194" HPOS="265"/><String ID="p463_w103" CONTENT="to" HPOS="280" VPOS="2194" WIDTH="36" HEIGHT="75" STYLEREFS="font1"/><SP WIDTH="11" VPOS="2194" HPOS="316"/><String ID="p463_w104" CONTENT="fome" HPOS="327" VPOS="2194" WIDTH="86" HEIGHT="75" STYLEREFS="font1"/><SP WIDTH="16" VPOS="2194" HPOS="413"/><String ID="p463_w105" CONTENT="fuch" HPOS="429" VPOS="2194" WIDTH="76" HEIGHT="75" STYLEREFS="font1"/><SP WIDTH="16" VPOS="2194" HPOS="505"/><String ID="p463_w106" CONTENT="third" HPOS="521" VPOS="2194" WIDTH="89" HEIGHT="75" STYLEREFS="font1"/><SP WIDTH="26" VPOS="2194" HPOS="610"/><String ID="p463_w107" CONTENT="name" HPOS="636" VPOS="2194" WIDTH="93" HEIGHT="75" STYLEREFS="font1"/><SP WIDTH="15" VPOS="2194" HPOS="729"/><String ID="p463_w108" CONTENT="as" HPOS="744" VPOS="2194" WIDTH="34" HEIGHT="75" STYLEREFS="font1"/><SP WIDTH="18" VPOS="2194" HPOS="778"/><String ID="p463_w109" CONTENT="is" HPOS="796" VPOS="2194" WIDTH="26" HEIGHT="75" STYLEREFS="font1"/><SP WIDTH="17" VPOS="2194" HPOS="822"/><String ID="p463_w110" CONTENT="an" HPOS="839" VPOS="2194" WIDTH="39" HEIGHT="75" STYLEREFS="font1"/><SP WIDTH="18" VPOS="2194" HPOS="878"/><String ID="p463_w111" CONTENT="aliquot" HPOS="896" VPOS="2194" WIDTH="124" HEIGHT="75" STYLEREFS="font1"/><SP WIDTH="15" VPOS="2194" HPOS="1020"/><String ID="p463_w112" CONTENT="part" HPOS="1035" VPOS="2194" WIDTH="71" HEIGHT="75" STYLEREFS="font1"/><SP WIDTH="17" VPOS="2194" HPOS="1106"/><String ID="p463_w113" CONTENT="both" HPOS="1123" VPOS="2194" WIDTH="80" HEIGHT="75" STYLEREFS="font1"/></TextLine><TextLine WIDTH="1031" HEIGHT="75" ID="p463_t37" HPOS="172" VPOS="2240"><String ID="p463_w114" CONTENT="of" HPOS="172" VPOS="2240" WIDTH="42" HEIGHT="75" STYLEREFS="font1"/><SP WIDTH="11" VPOS="2240" HPOS="214"/><String ID="p463_w115" CONTENT="the" HPOS="225" VPOS="2240" WIDTH="55" HEIGHT="75" STYLEREFS="font1"/><SP WIDTH="12" VPOS="2240" HPOS="280"/><String ID="p463_w116" CONTENT="name" HPOS="292" VPOS="2240" WIDTH="90" HEIGHT="75" STYLEREFS="font1"/><SP WIDTH="20" VPOS="2240" HPOS="382"/><String ID="p463_w117" CONTENT="given" HPOS="402" VPOS="2240" WIDTH="94" HEIGHT="75" STYLEREFS="font1"/><SP WIDTH="19" VPOS="2240" HPOS="496"/><String ID="p463_w118" CONTENT="and" HPOS="515" VPOS="2240" WIDTH="62" HEIGHT="75" STYLEREFS="font1"/><SP WIDTH="20" VPOS="2240" HPOS="577"/><String ID="p463_w119" CONTENT="of" HPOS="597" VPOS="2240" WIDTH="40" HEIGHT="75" STYLEREFS="font1"/><SP WIDTH="10" VPOS="2240" HPOS="637"/><String ID="p463_w120" CONTENT="the" HPOS="647" VPOS="2240" WIDTH="56" HEIGHT="75" STYLEREFS="font1"/><SP WIDTH="16" VPOS="2240" HPOS="703"/><String ID="p463_w121" CONTENT="name" HPOS="719" VPOS="2240" WIDTH="92" HEIGHT="75" STYLEREFS="font1"/><SP WIDTH="15" VPOS="2240" HPOS="811"/><String ID="p463_w122" CONTENT="fought," HPOS="826" VPOS="2240" WIDTH="128" HEIGHT="75" STYLEREFS="font1"/><SP WIDTH="25" VPOS="2240" HPOS="954"/><String ID="p463_w123" CONTENT="and" HPOS="979" VPOS="2240" WIDTH="63" HEIGHT="75" STYLEREFS="font1"/><SP WIDTH="16" VPOS="2240" HPOS="1042"/><String ID="p463_w124" CONTENT="then" HPOS="1058" VPOS="2240" WIDTH="77" HEIGHT="75" STYLEREFS="font1"/><SP WIDTH="24" VPOS="2240" HPOS="1135"/><String ID="p463_w125" CONTENT="by" HPOS="1159" VPOS="2240" WIDTH="44" HEIGHT="75" STYLEREFS="font1"/></TextLine><TextLine WIDTH="1031" HEIGHT="75" ID="p463_t38" HPOS="172" VPOS="2287"><String ID="p463_w126" CONTENT="redudtion" HPOS="172" VPOS="2287" WIDTH="164" HEIGHT="75" STYLEREFS="font1"/><SP WIDTH="27" VPOS="2287" HPOS="336"/><String ID="p463_w127" CONTENT="afcending" HPOS="363" VPOS="2287" WIDTH="167" HEIGHT="75" STYLEREFS="font1"/><SP WIDTH="24" VPOS="2287" HPOS="530"/><String ID="p463_w128" CONTENT="bring" HPOS="554" VPOS="2287" WIDTH="92" HEIGHT="75" STYLEREFS="font1"/><SP WIDTH="27" VPOS="2287" HPOS="646"/><String ID="p463_w129" CONTENT="the" HPOS="673" VPOS="2287" WIDTH="57" HEIGHT="75" STYLEREFS="font1"/><SP WIDTH="21" VPOS="2287" HPOS="730"/><String ID="p463_w130" CONTENT="third" HPOS="751" VPOS="2287" WIDTH="88" HEIGHT="75" STYLEREFS="font1"/><SP WIDTH="24" VPOS="2287" HPOS="839"/><String ID="p463_w131" CONTENT="name" HPOS="863" VPOS="2287" WIDTH="92" HEIGHT="75" STYLEREFS="font1"/><SP WIDTH="28" VPOS="2287" HPOS="955"/><String ID="p463_w132" CONTENT="to" HPOS="983" VPOS="2287" WIDTH="34" HEIGHT="75" STYLEREFS="font1"/><SP WIDTH="17" VPOS="2287" HPOS="1017"/><String ID="p463_w133" CONTENT="the" HPOS="1034" VPOS="2287" WIDTH="55" HEIGHT="75" STYLEREFS="font1"/><SP WIDTH="22" VPOS="2287" HPOS="1089"/><String ID="p463_w134" CONTENT="name" HPOS="1111" VPOS="2287" WIDTH="92" HEIGHT="75" STYLEREFS="font1"/></TextLine><TextLine WIDTH="127" HEIGHT="75" ID="p463_t39" HPOS="170" VPOS="2334"><String ID="p463_w135" CONTENT="fought." HPOS="170" VPOS="2334" WIDTH="127" HEIGHT="75" STYLEREFS="font1"/></TextLine><TextLine WIDTH="986" HEIGHT="75" ID="p463_t40" HPOS="217" VPOS="2382"><String ID="p463_w136" CONTENT="Mixt" HPOS="217" VPOS="2382" WIDTH="93" HEIGHT="75" STYLEREFS="font1"/><SP WIDTH="15" VPOS="2382" HPOS="310"/><String ID="p463_w137" CONTENT="redudtion," HPOS="325" VPOS="2382" WIDTH="176" HEIGHT="75" STYLEREFS="font1"/><SP WIDTH="25" VPOS="2382" HPOS="501"/><String ID="p463_w138" CONTENT="as" HPOS="526" VPOS="2382" WIDTH="34" HEIGHT="75" STYLEREFS="font1"/><SP WIDTH="28" VPOS="2382" HPOS="560"/><String ID="p463_w139" CONTENT="well" HPOS="588" VPOS="2382" WIDTH="73" HEIGHT="75" STYLEREFS="font1"/><SP WIDTH="24" VPOS="2382" HPOS="661"/><String ID="p463_w140" CONTENT="as" HPOS="685" VPOS="2382" WIDTH="35" HEIGHT="75" STYLEREFS="font1"/><SP WIDTH="28" VPOS="2382" HPOS="720"/><String ID="p463_w141" CONTENT="redudtion" HPOS="748" VPOS="2382" WIDTH="165" HEIGHT="75" STYLEREFS="font1"/><SP WIDTH="19" VPOS="2382" HPOS="913"/><String ID="p463_w142" CONTENT="defcending" HPOS="932" VPOS="2382" WIDTH="192" HEIGHT="75" STYLEREFS="font1"/><SP WIDTH="15" VPOS="2382" HPOS="1124"/><String ID="p463_w143" CONTENT="and" HPOS="1139" VPOS="2382" WIDTH="64" HEIGHT="75" STYLEREFS="font1"/></TextLine><TextLine WIDTH="753" HEIGHT="75" ID="p463_t41" HPOS="171" VPOS="2428"><String ID="p463_w144" CONTENT="afcending," HPOS="171" VPOS="2428" WIDTH="179" HEIGHT="75" STYLEREFS="font1"/><SP WIDTH="26" VPOS="2428" HPOS="350"/><String ID="p463_w145" CONTENT="extends" HPOS="376" VPOS="2428" WIDTH="137" HEIGHT="75" STYLEREFS="font1"/><SP WIDTH="16" VPOS="2428" HPOS="513"/><String ID="p463_w146" CONTENT="to" HPOS="529" VPOS="2428" WIDTH="35" HEIGHT="75" STYLEREFS="font1"/><SP WIDTH="16" VPOS="2428" HPOS="564"/><String ID="p463_w147" CONTENT="money," HPOS="580" VPOS="2428" WIDTH="128" HEIGHT="75" STYLEREFS="font1"/><SP WIDTH="25" VPOS="2428" HPOS="708"/><String ID="p463_w148" CONTENT="as" HPOS="733" VPOS="2428" WIDTH="34" HEIGHT="75" STYLEREFS="font1"/><SP WIDTH="17" VPOS="2428" HPOS="767"/><String ID="p463_w149" CONTENT="follows." HPOS="784" VPOS="2428" WIDTH="140" HEIGHT="75" STYLEREFS="font1"/></TextLine><TextLine WIDTH="685" HEIGHT="75" ID="p463_t42" HPOS="217" VPOS="2475"><String ID="p463_w150" CONTENT="^uejl." HPOS="217" VPOS="2475" WIDTH="115" HEIGHT="75" STYLEREFS="font1"/><SP WIDTH="48" VPOS="2475" HPOS="332"/><String ID="p463_w151" CONTENT="In" HPOS="380" VPOS="2475" WIDTH="40" HEIGHT="75" STYLEREFS="font1"/><SP WIDTH="20" VPOS="2475" HPOS="420"/><String ID="p463_w152" CONTENT="7641." HPOS="440" VPOS="2475" WIDTH="98" HEIGHT="75" STYLEREFS="font1"/><SP WIDTH="18" VPOS="2475" HPOS="538"/><String ID="p463_w153" CONTENT="how" HPOS="556" VPOS="2475" WIDTH="74" HEIGHT="75" STYLEREFS="font1"/><SP WIDTH="11" VPOS="2475" HPOS="630"/><String ID="p463_w154" CONTENT="many" HPOS="641" VPOS="2475" WIDTH="95" HEIGHT="75" STYLEREFS="font1"/><SP WIDTH="11" VPOS="2475" HPOS="736"/><String ID="p463_w155" CONTENT="guineas" HPOS="747" VPOS="2475" WIDTH="130" HEIGHT="75" STYLEREFS="font1"/><SP WIDTH="13" VPOS="2475" HPOS="877"/><String ID="p463_w156" CONTENT="?" HPOS="890" VPOS="2475" WIDTH="12" HEIGHT="75" STYLEREFS="font1"/></TextLine><TextLine WIDTH="456" HEIGHT="75" ID="p463_t43" HPOS="217" VPOS="2521"><String ID="p463_w157" CONTENT="Here" HPOS="217" VPOS="2521" WIDTH="90" HEIGHT="75" STYLEREFS="font1"/><SP WIDTH="26" VPOS="2521" HPOS="307"/><String ID="p463_w158" CONTENT="the" HPOS="333" VPOS="2521" WIDTH="57" HEIGHT="75" STYLEREFS="font1"/><SP WIDTH="24" VPOS="2521" HPOS="390"/><String ID="p463_w159" CONTENT="given" HPOS="414" VPOS="2521" WIDTH="94" HEIGHT="75" STYLEREFS="font1"/><SP WIDTH="23" VPOS="2521" HPOS="508"/><String ID="p463_w160" CONTENT="name" HPOS="531" VPOS="2521" WIDTH="91" HEIGHT="75" STYLEREFS="font1"/><SP WIDTH="23" VPOS="2521" HPOS="622"/><String ID="p463_w161" CONTENT="is" HPOS="645" VPOS="2521" WIDTH="28" HEIGHT="75" STYLEREFS="font1"/></TextLine><TextLine WIDTH="506" HEIGHT="75" ID="p463_t44" HPOS="166" VPOS="2568"><String ID="p463_w162" CONTENT="pounds," HPOS="166" VPOS="2568" WIDTH="138" HEIGHT="75" STYLEREFS="font1"/><SP WIDTH="25" VPOS="2568" HPOS="304"/><String ID="p463_w163" CONTENT="the" HPOS="329" VPOS="2568" WIDTH="56" HEIGHT="75" STYLEREFS="font1"/><SP WIDTH="16" VPOS="2568" HPOS="385"/><String ID="p463_w164" CONTENT="name" HPOS="401" VPOS="2568" WIDTH="92" HEIGHT="75" STYLEREFS="font1"/><SP WIDTH="23" VPOS="2568" HPOS="493"/><String ID="p463_w165" CONTENT="fought" HPOS="516" VPOS="2568" WIDTH="113" HEIGHT="75" STYLEREFS="font1"/><SP WIDTH="16" VPOS="2568" HPOS="629"/><String ID="p463_w166" CONTENT="is" HPOS="645" VPOS="2568" WIDTH="27" HEIGHT="75" STYLEREFS="font1"/></TextLine><TextLine WIDTH="505" HEIGHT="75" ID="p463_t45" HPOS="167" VPOS="2615"><String ID="p463_w167" CONTENT="guineas," HPOS="167" VPOS="2615" WIDTH="142" HEIGHT="75" STYLEREFS="font1"/><SP WIDTH="18" VPOS="2615" HPOS="309"/><String ID="p463_w168" CONTENT="and" HPOS="327" VPOS="2615" WIDTH="63" HEIGHT="75" STYLEREFS="font1"/><SP WIDTH="11" VPOS="2615" HPOS="390"/><String ID="p463_w169" CONTENT="the" HPOS="401" VPOS="2615" WIDTH="55" HEIGHT="75" STYLEREFS="font1"/><SP WIDTH="17" VPOS="2615" HPOS="456"/><String ID="p463_w170" CONTENT="third" HPOS="473" VPOS="2615" WIDTH="88" HEIGHT="75" STYLEREFS="font1"/><SP WIDTH="9" VPOS="2615" HPOS="561"/><String ID="p463_w171" CONTENT="name," HPOS="570" VPOS="2615" WIDTH="102" HEIGHT="75" STYLEREFS="font1"/></TextLine><TextLine WIDTH="504" HEIGHT="75" ID="p463_t46" HPOS="166" VPOS="2662"><String ID="p463_w172" CONTENT="to" HPOS="166" VPOS="2662" WIDTH="35" HEIGHT="75" STYLEREFS="font1"/><SP WIDTH="17" VPOS="2662" HPOS="201"/><String ID="p463_w173" CONTENT="which" HPOS="218" VPOS="2662" WIDTH="105" HEIGHT="75" STYLEREFS="font1"/><SP WIDTH="15" VPOS="2662" HPOS="323"/><String ID="p463_w174" CONTENT="the" HPOS="338" VPOS="2662" WIDTH="57" HEIGHT="75" STYLEREFS="font1"/><SP WIDTH="16" VPOS="2662" HPOS="395"/><String ID="p463_w175" CONTENT="pounds" HPOS="411" VPOS="2662" WIDTH="124" HEIGHT="75" STYLEREFS="font1"/><SP WIDTH="16" VPOS="2662" HPOS="535"/><String ID="p463_w176" CONTENT="are" HPOS="551" VPOS="2662" WIDTH="53" HEIGHT="75" STYLEREFS="font1"/><SP WIDTH="16" VPOS="2662" HPOS="604"/><String ID="p463_w177" CONTENT="re-" HPOS="620" VPOS="2662" WIDTH="50" HEIGHT="75" STYLEREFS="font1"/></TextLine><TextLine WIDTH="500" HEIGHT="75" ID="p463_t47" HPOS="165" VPOS="2708"><String ID="p463_w178" CONTENT="duced," HPOS="165" VPOS="2708" WIDTH="119" HEIGHT="75" STYLEREFS="font1"/><SP WIDTH="30" VPOS="2708" HPOS="284"/><String ID="p463_w179" CONTENT="is" HPOS="314" VPOS="2708" WIDTH="27" HEIGHT="75" STYLEREFS="font1"/><SP WIDTH="25" VPOS="2708" HPOS="341"/><String ID="p463_w180" CONTENT="(hillings" HPOS="366" VPOS="2708" WIDTH="141" HEIGHT="75" STYLEREFS="font1"/><SP WIDTH="14" VPOS="2708" HPOS="507"/><String ID="p463_w181" CONTENT=";" HPOS="521" VPOS="2708" WIDTH="10" HEIGHT="75" STYLEREFS="font1"/><SP WIDTH="40" VPOS="2708" HPOS="531"/><String ID="p463_w182" CONTENT="for" HPOS="571" VPOS="2708" WIDTH="51" HEIGHT="75" STYLEREFS="font1"/><SP WIDTH="24" VPOS="2708" HPOS="622"/><String ID="p463_w183" CONTENT="a" HPOS="646" VPOS="2708" WIDTH="19" HEIGHT="75" STYLEREFS="font1"/></TextLine><TextLine WIDTH="502" HEIGHT="75" ID="p463_t48" HPOS="164" VPOS="2754"><String ID="p463_w184" CONTENT="(hilling" HPOS="164" VPOS="2754" WIDTH="125" HEIGHT="75" STYLEREFS="font1"/><SP WIDTH="30" VPOS="2754" HPOS="289"/><String ID="p463_w185" CONTENT="is" HPOS="319" VPOS="2754" WIDTH="27" HEIGHT="75" STYLEREFS="font1"/><SP WIDTH="30" VPOS="2754" HPOS="346"/><String ID="p463_w186" CONTENT="an" HPOS="376" VPOS="2754" WIDTH="41" HEIGHT="75" STYLEREFS="font1"/><SP WIDTH="30" VPOS="2754" HPOS="417"/><String ID="p463_w187" CONTENT="aliquot" HPOS="447" VPOS="2754" WIDTH="123" HEIGHT="75" STYLEREFS="font1"/><SP WIDTH="23" VPOS="2754" HPOS="570"/><String ID="p463_w188" CONTENT="part" HPOS="593" VPOS="2754" WIDTH="73" HEIGHT="75" STYLEREFS="font1"/></TextLine><TextLine WIDTH="500" HEIGHT="75" ID="p463_t49" HPOS="164" VPOS="2800"><String ID="p463_w189" CONTENT="both" HPOS="164" VPOS="2800" WIDTH="79" HEIGHT="75" STYLEREFS="font1"/><SP WIDTH="17" VPOS="2800" HPOS="243"/><String ID="p463_w190" CONTENT="of" HPOS="260" VPOS="2800" WIDTH="41" HEIGHT="75" STYLEREFS="font1"/><SP WIDTH="17" VPOS="2800" HPOS="301"/><String ID="p463_w191" CONTENT="a" HPOS="318" VPOS="2800" WIDTH="17" HEIGHT="75" STYLEREFS="font1"/><SP WIDTH="25" VPOS="2800" HPOS="335"/><String ID="p463_w192" CONTENT="pound" HPOS="360" VPOS="2800" WIDTH="109" HEIGHT="75" STYLEREFS="font1"/><SP WIDTH="23" VPOS="2800" HPOS="469"/><String ID="p463_w193" CONTENT="and" HPOS="492" VPOS="2800" WIDTH="64" HEIGHT="75" STYLEREFS="font1"/><SP WIDTH="22" VPOS="2800" HPOS="556"/><String ID="p463_w194" CONTENT="of" HPOS="578" VPOS="2800" WIDTH="41" HEIGHT="75" STYLEREFS="font1"/><SP WIDTH="25" VPOS="2800" HPOS="619"/><String ID="p463_w195" CONTENT="a" HPOS="644" VPOS="2800" WIDTH="20" HEIGHT="75" STYLEREFS="font1"/></TextLine><TextLine WIDTH="126" HEIGHT="75" ID="p463_t50" HPOS="163" VPOS="2849"><String ID="p463_w196" CONTENT="guinea." HPOS="163" VPOS="2849" WIDTH="126" HEIGHT="75" STYLEREFS="font1"/></TextLine><TextLine WIDTH="227" HEIGHT="75" ID="p463_t51" HPOS="818" VPOS="2527"><String ID="p463_w197" CONTENT="764" HPOS="818" VPOS="2527" WIDTH="66" HEIGHT="75" STYLEREFS="font1"/><SP WIDTH="23" VPOS="2527" HPOS="884"/><String ID="p463_w198" CONTENT="pounds." HPOS="907" VPOS="2527" WIDTH="138" HEIGHT="75" STYLEREFS="font1"/></TextLine><TextLine WIDTH="43" HEIGHT="75" ID="p463_t52" HPOS="863" VPOS="2572"><String ID="p463_w199" CONTENT="20" HPOS="863" VPOS="2572" WIDTH="43" HEIGHT="75" STYLEREFS="font1"/></TextLine><TextLine WIDTH="433" HEIGHT="75" ID="p463_t53" HPOS="721" VPOS="2668"><String ID="p463_w200" CONTENT="21)15280(727" HPOS="721" VPOS="2668" WIDTH="266" HEIGHT="75" STYLEREFS="font1"/><SP WIDTH="25" VPOS="2668" HPOS="987"/><String ID="p463_w201" CONTENT="guineas." HPOS="1012" VPOS="2668" WIDTH="142" HEIGHT="75" STYLEREFS="font1"/></TextLine><TextLine WIDTH="107" HEIGHT="75" ID="p463_t54" HPOS="786" VPOS="2712"><String ID="p463_w202" CONTENT="147" HPOS="786" VPOS="2712" WIDTH="63" HEIGHT="75" STYLEREFS="font1"/><SP WIDTH="12" VPOS="2712" HPOS="849"/><String ID="p463_w203" CONTENT="••" HPOS="861" VPOS="2712" WIDTH="32" HEIGHT="75" STYLEREFS="font1"/></TextLine><TextLine WIDTH="352" HEIGHT="75" ID="p463_t55" HPOS="207" VPOS="3127"><String ID="p463_w204" CONTENT="Vol." HPOS="207" VPOS="3127" WIDTH="95" HEIGHT="75" STYLEREFS="font1"/><SP WIDTH="25" VPOS="3127" HPOS="302"/><String ID="p463_w205" CONTENT="I." HPOS="327" VPOS="3127" WIDTH="31" HEIGHT="75" STYLEREFS="font1"/><SP WIDTH="47" VPOS="3127" HPOS="358"/><String ID="p463_w206" CONTENT="No." HPOS="405" VPOS="3127" WIDTH="71" HEIGHT="75" STYLEREFS="font1"/><SP WIDTH="29" VPOS="3127" HPOS="476"/><String ID="p463_w207" CONTENT="16." HPOS="505" VPOS="3127" WIDTH="54" HEIGHT="75" STYLEREFS="font1"/></TextLine><TextLine WIDTH="65" HEIGHT="75" ID="p463_t56" HPOS="835" VPOS="2944"><String ID="p463_w208" CONTENT="160" HPOS="835" VPOS="2944" WIDTH="65" HEIGHT="75" STYLEREFS="font1"/></TextLine><TextLine WIDTH="62" HEIGHT="75" ID="p463_t57" HPOS="833" VPOS="2991"><String ID="p463_w209" CONTENT="147" HPOS="833" VPOS="2991" WIDTH="62" HEIGHT="75" STYLEREFS="font1"/></TextLine><TextLine WIDTH="279" HEIGHT="75" ID="p463_t58" HPOS="826" VPOS="3085"><String ID="p463_w210" CONTENT="(13)" HPOS="826" VPOS="3085" WIDTH="77" HEIGHT="75" STYLEREFS="font1"/><SP WIDTH="48" VPOS="3085" HPOS="903"/><String ID="p463_w211" CONTENT="(hillings." HPOS="951" VPOS="3085" WIDTH="154" HEIGHT="75" STYLEREFS="font1"/></TextLine><TextLine WIDTH="20" HEIGHT="75" ID="p463_t59" HPOS="1078" VPOS="3145"><String ID="p463_w212" CONTENT="3" HPOS="1078" VPOS="3145" WIDTH="20" HEIGHT="75" STYLEREFS="font1"/></TextLine><TextLine WIDTH="893" HEIGHT="75" ID="p463_t60" HPOS="1342" VPOS="322"><String ID="p463_w213" CONTENT="In" HPOS="1342" VPOS="322" WIDTH="38" HEIGHT="75" STYLEREFS="font1"/><SP WIDTH="21" VPOS="322" HPOS="1380"/><String ID="p463_w214" CONTENT="727" HPOS="1401" VPOS="322" WIDTH="66" HEIGHT="75" STYLEREFS="font1"/><SP WIDTH="25" VPOS="322" HPOS="1467"/><String ID="p463_w215" CONTENT="guineas" HPOS="1492" VPOS="322" WIDTH="131" HEIGHT="75" STYLEREFS="font1"/><SP WIDTH="22" VPOS="322" HPOS="1623"/><String ID="p463_w216" CONTENT="13" HPOS="1645" VPOS="322" WIDTH="38" HEIGHT="75" STYLEREFS="font1"/><SP WIDTH="20" VPOS="322" HPOS="1683"/><String ID="p463_w217" CONTENT="(hillings," HPOS="1703" VPOS="322" WIDTH="155" HEIGHT="75" STYLEREFS="font1"/><SP WIDTH="25" VPOS="322" HPOS="1858"/><String ID="p463_w218" CONTENT="how" HPOS="1883" VPOS="322" WIDTH="74" HEIGHT="75" STYLEREFS="font1"/><SP WIDTH="17" VPOS="322" HPOS="1957"/><String ID="p463_w219" CONTENT="many" HPOS="1974" VPOS="322" WIDTH="94" HEIGHT="75" STYLEREFS="font1"/><SP WIDTH="17" VPOS="322" HPOS="2068"/><String ID="p463_w220" CONTENT="pounds?" HPOS="2085" VPOS="322" WIDTH="150" HEIGHT="75" STYLEREFS="font1"/></TextLine><TextLine WIDTH="296" HEIGHT="75" ID="p463_t61" HPOS="1650" VPOS="369"><String ID="p463_w221" CONTENT="Guineas." HPOS="1650" VPOS="369" WIDTH="157" HEIGHT="75" STYLEREFS="font1"/><SP WIDTH="37" VPOS="369" HPOS="1807"/><String ID="p463_w222" CONTENT="Jhill." HPOS="1844" VPOS="369" WIDTH="102" HEIGHT="75" STYLEREFS="font1"/></TextLine><TextLine WIDTH="216" HEIGHT="75" ID="p463_t62" HPOS="1697" VPOS="418"><String ID="p463_w223" CONTENT="727" HPOS="1697" VPOS="418" WIDTH="65" HEIGHT="75" STYLEREFS="font1"/><SP WIDTH="111" VPOS="418" HPOS="1762"/><String ID="p463_w224" CONTENT="13" HPOS="1873" VPOS="418" WIDTH="40" HEIGHT="75" STYLEREFS="font1"/></TextLine><TextLine WIDTH="40" HEIGHT="75" ID="p463_t63" HPOS="1719" VPOS="464"><String ID="p463_w225" CONTENT="21" HPOS="1719" VPOS="464" WIDTH="40" HEIGHT="75" STYLEREFS="font1"/></TextLine><TextLine WIDTH="68" HEIGHT="75" ID="p463_t64" HPOS="1695" VPOS="556"><String ID="p463_w226" CONTENT="730" HPOS="1695" VPOS="556" WIDTH="68" HEIGHT="75" STYLEREFS="font1"/></TextLine><TextLine WIDTH="87" HEIGHT="75" ID="p463_t65" HPOS="1649" VPOS="612"><String ID="p463_w227" CONTENT="I45S" HPOS="1649" VPOS="612" WIDTH="87" HEIGHT="75" STYLEREFS="font1"/></TextLine><TextLine WIDTH="195" HEIGHT="75" ID="p463_t66" HPOS="1573" VPOS="694"><String ID="p463_w228" CONTENT="2jo)l528|o" HPOS="1573" VPOS="694" WIDTH="195" HEIGHT="75" STYLEREFS="font1"/></TextLine><TextLine WIDTH="228" HEIGHT="75" ID="p463_t67" HPOS="1669" VPOS="790"><String ID="p463_w229" CONTENT="764" HPOS="1669" VPOS="790" WIDTH="69" HEIGHT="75" STYLEREFS="font1"/><SP WIDTH="23" VPOS="790" HPOS="1738"/><String ID="p463_w230" CONTENT="pounds." HPOS="1761" VPOS="790" WIDTH="136" HEIGHT="75" STYLEREFS="font1"/></TextLine><TextLine WIDTH="1001" HEIGHT="75" ID="p463_t68" HPOS="1285" VPOS="933"><String ID="p463_w231" CONTENT="Chap." HPOS="1285" VPOS="933" WIDTH="164" HEIGHT="75" STYLEREFS="font1"/><SP WIDTH="31" VPOS="933" HPOS="1449"/><String ID="p463_w232" CONTENT="VII." HPOS="1480" VPOS="933" WIDTH="86" HEIGHT="75" STYLEREFS="font1"/><SP WIDTH="58" VPOS="933" HPOS="1566"/><String ID="p463_w233" CONTENT="The" HPOS="1624" VPOS="933" WIDTH="118" HEIGHT="75" STYLEREFS="font1"/><SP WIDTH="38" VPOS="933" HPOS="1742"/><String ID="p463_w234" CONTENT="Rule" HPOS="1780" VPOS="933" WIDTH="151" HEIGHT="75" STYLEREFS="font1"/><SP WIDTH="44" VPOS="933" HPOS="1931"/><String ID="p463_w235" CONTENT="of" HPOS="1975" VPOS="933" WIDTH="65" HEIGHT="75" STYLEREFS="font1"/><SP WIDTH="38" VPOS="933" HPOS="2040"/><String ID="p463_w236" CONTENT="Three." HPOS="2078" VPOS="933" WIDTH="208" HEIGHT="75" STYLEREFS="font1"/></TextLine><TextLine WIDTH="989" HEIGHT="75" ID="p463_t69" HPOS="1310" VPOS="1028"><String ID="p463_w237" CONTENT="The" HPOS="1310" VPOS="1028" WIDTH="86" HEIGHT="75" STYLEREFS="font1"/><SP WIDTH="22" VPOS="1028" HPOS="1396"/><String ID="p463_w238" CONTENT="Rule" HPOS="1418" VPOS="1028" WIDTH="86" HEIGHT="75" STYLEREFS="font1"/><SP WIDTH="25" VPOS="1028" HPOS="1504"/><String ID="p463_w239" CONTENT="of" HPOS="1529" VPOS="1028" WIDTH="40" HEIGHT="75" STYLEREFS="font1"/><SP WIDTH="18" VPOS="1028" HPOS="1569"/><String ID="p463_w240" CONTENT="Three," HPOS="1587" VPOS="1028" WIDTH="126" HEIGHT="75" STYLEREFS="font1"/><SP WIDTH="27" VPOS="1028" HPOS="1713"/><String ID="p463_w241" CONTENT="called" HPOS="1740" VPOS="1028" WIDTH="104" HEIGHT="75" STYLEREFS="font1"/><SP WIDTH="26" VPOS="1028" HPOS="1844"/><String ID="p463_w242" CONTENT="alfo," HPOS="1870" VPOS="1028" WIDTH="78" HEIGHT="75" STYLEREFS="font1"/><SP WIDTH="25" VPOS="1028" HPOS="1948"/><String ID="p463_w243" CONTENT="on" HPOS="1973" VPOS="1028" WIDTH="42" HEIGHT="75" STYLEREFS="font1"/><SP WIDTH="23" VPOS="1028" HPOS="2015"/><String ID="p463_w244" CONTENT="account" HPOS="2038" VPOS="1028" WIDTH="135" HEIGHT="75" STYLEREFS="font1"/><SP WIDTH="25" VPOS="1028" HPOS="2173"/><String ID="p463_w245" CONTENT="of" HPOS="2198" VPOS="1028" WIDTH="40" HEIGHT="75" STYLEREFS="font1"/><SP WIDTH="18" VPOS="1028" HPOS="2238"/><String ID="p463_w246" CONTENT="its" HPOS="2256" VPOS="1028" WIDTH="43" HEIGHT="75" STYLEREFS="font1"/></TextLine><TextLine WIDTH="1034" HEIGHT="75" ID="p463_t70" HPOS="1265" VPOS="1076"><String ID="p463_w247" CONTENT="excellence," HPOS="1265" VPOS="1076" WIDTH="194" HEIGHT="75" STYLEREFS="font1"/><SP WIDTH="25" VPOS="1076" HPOS="1459"/><String ID="p463_w248" CONTENT="the" HPOS="1484" VPOS="1076" WIDTH="55" HEIGHT="75" STYLEREFS="font1"/><SP WIDTH="17" VPOS="1076" HPOS="1539"/><String ID="p463_w249" CONTENT="Golden" HPOS="1556" VPOS="1076" WIDTH="123" HEIGHT="75" STYLEREFS="font1"/><SP WIDTH="18" VPOS="1076" HPOS="1679"/><String ID="p463_w250" CONTENT="Rule," HPOS="1697" VPOS="1076" WIDTH="97" HEIGHT="75" STYLEREFS="font1"/><SP WIDTH="24" VPOS="1076" HPOS="1794"/><String ID="p463_w251" CONTENT="from" HPOS="1818" VPOS="1076" WIDTH="86" HEIGHT="75" STYLEREFS="font1"/><SP WIDTH="22" VPOS="1076" HPOS="1904"/><String ID="p463_w252" CONTENT="certain" HPOS="1926" VPOS="1076" WIDTH="120" HEIGHT="75" STYLEREFS="font1"/><SP WIDTH="27" VPOS="1076" HPOS="2046"/><String ID="p463_w253" CONTENT="numbers" HPOS="2073" VPOS="1076" WIDTH="152" HEIGHT="75" STYLEREFS="font1"/><SP WIDTH="27" VPOS="1076" HPOS="2225"/><String ID="p463_w254" CONTENT="gi-" HPOS="2252" VPOS="1076" WIDTH="47" HEIGHT="75" STYLEREFS="font1"/></TextLine><TextLine WIDTH="1037" HEIGHT="75" ID="p463_t71" HPOS="1262" VPOS="1121"><String ID="p463_w255" CONTENT="ven" HPOS="1262" VPOS="1121" WIDTH="62" HEIGHT="75" STYLEREFS="font1"/><SP WIDTH="23" VPOS="1121" HPOS="1324"/><String ID="p463_w256" CONTENT="finds" HPOS="1347" VPOS="1121" WIDTH="81" HEIGHT="75" STYLEREFS="font1"/><SP WIDTH="25" VPOS="1121" HPOS="1428"/><String ID="p463_w257" CONTENT="another" HPOS="1453" VPOS="1121" WIDTH="137" HEIGHT="75" STYLEREFS="font1"/><SP WIDTH="14" VPOS="1121" HPOS="1590"/><String ID="p463_w258" CONTENT=";" HPOS="1604" VPOS="1121" WIDTH="10" HEIGHT="75" STYLEREFS="font1"/><SP WIDTH="39" VPOS="1121" HPOS="1614"/><String ID="p463_w259" CONTENT="and" HPOS="1653" VPOS="1121" WIDTH="63" HEIGHT="75" STYLEREFS="font1"/><SP WIDTH="15" VPOS="1121" HPOS="1716"/><String ID="p463_w260" CONTENT="is" HPOS="1731" VPOS="1121" WIDTH="28" HEIGHT="75" STYLEREFS="font1"/><SP WIDTH="16" VPOS="1121" HPOS="1759"/><String ID="p463_w261" CONTENT="divided" HPOS="1775" VPOS="1121" WIDTH="132" HEIGHT="75" STYLEREFS="font1"/><SP WIDTH="14" VPOS="1121" HPOS="1907"/><String ID="p463_w262" CONTENT="into" HPOS="1921" VPOS="1121" WIDTH="69" HEIGHT="75" STYLEREFS="font1"/><SP WIDTH="16" VPOS="1121" HPOS="1990"/><String ID="p463_w263" CONTENT="fimple" HPOS="2006" VPOS="1121" WIDTH="109" HEIGHT="75" STYLEREFS="font1"/><SP WIDTH="17" VPOS="1121" HPOS="2115"/><String ID="p463_w264" CONTENT="and" HPOS="2132" VPOS="1121" WIDTH="65" HEIGHT="75" STYLEREFS="font1"/><SP WIDTH="14" VPOS="1121" HPOS="2197"/><String ID="p463_w265" CONTENT="com-" HPOS="2211" VPOS="1121" WIDTH="88" HEIGHT="75" STYLEREFS="font1"/></TextLine><TextLine WIDTH="608" HEIGHT="75" ID="p463_t72" HPOS="1263" VPOS="1168"><String ID="p463_w266" CONTENT="pound," HPOS="1263" VPOS="1168" WIDTH="120" HEIGHT="75" STYLEREFS="font1"/><SP WIDTH="26" VPOS="1168" HPOS="1383"/><String ID="p463_w267" CONTENT="or" HPOS="1409" VPOS="1168" WIDTH="39" HEIGHT="75" STYLEREFS="font1"/><SP WIDTH="14" VPOS="1168" HPOS="1448"/><String ID="p463_w268" CONTENT="into" HPOS="1462" VPOS="1168" WIDTH="70" HEIGHT="75" STYLEREFS="font1"/><SP WIDTH="15" VPOS="1168" HPOS="1532"/><String ID="p463_w269" CONTENT="Angle" HPOS="1547" VPOS="1168" WIDTH="98" HEIGHT="75" STYLEREFS="font1"/><SP WIDTH="16" VPOS="1168" HPOS="1645"/><String ID="p463_w270" CONTENT="and" HPOS="1661" VPOS="1168" WIDTH="62" HEIGHT="75" STYLEREFS="font1"/><SP WIDTH="17" VPOS="1168" HPOS="1723"/><String ID="p463_w271" CONTENT="double." HPOS="1740" VPOS="1168" WIDTH="131" HEIGHT="75" STYLEREFS="font1"/></TextLine><TextLine WIDTH="879" HEIGHT="75" ID="p463_t73" HPOS="1354" VPOS="1262"><String ID="p463_w272" CONTENT="Sect." HPOS="1354" VPOS="1262" WIDTH="117" HEIGHT="75" STYLEREFS="font1"/><SP WIDTH="18" VPOS="1262" HPOS="1471"/><String ID="p463_w273" CONTENT="I." HPOS="1489" VPOS="1262" WIDTH="31" HEIGHT="75" STYLEREFS="font1"/><SP WIDTH="43" VPOS="1262" HPOS="1520"/><String ID="p463_w274" CONTENT="The" HPOS="1563" VPOS="1262" WIDTH="67" HEIGHT="75" STYLEREFS="font1"/><SP WIDTH="16" VPOS="1262" HPOS="1630"/><String ID="p463_w275" CONTENT="Simple" HPOS="1646" VPOS="1262" WIDTH="125" HEIGHT="75" STYLEREFS="font1"/><SP WIDTH="17" VPOS="1262" HPOS="1771"/><String ID="p463_w276" CONTENT="or" HPOS="1788" VPOS="1262" WIDTH="36" HEIGHT="75" STYLEREFS="font1"/><SP WIDTH="16" VPOS="1262" HPOS="1824"/><String ID="p463_w277" CONTENT="Single" HPOS="1840" VPOS="1262" WIDTH="115" HEIGHT="75" STYLEREFS="font1"/><SP WIDTH="11" VPOS="1262" HPOS="1955"/><String ID="p463_w278" CONTENT="Rule" HPOS="1966" VPOS="1262" WIDTH="84" HEIGHT="75" STYLEREFS="font1"/><SP WIDTH="16" VPOS="1262" HPOS="2050"/><String ID="p463_w279" CONTENT="of" HPOS="2066" VPOS="1262" WIDTH="44" HEIGHT="75" STYLEREFS="font1"/><SP WIDTH="7" VPOS="1262" HPOS="2110"/><String ID="p463_w280" CONTENT="Three." HPOS="2117" VPOS="1262" WIDTH="116" HEIGHT="75" STYLEREFS="font1"/></TextLine><TextLine WIDTH="993" HEIGHT="75" ID="p463_t74" HPOS="1305" VPOS="1331"><String ID="p463_w281" CONTENT="The" HPOS="1305" VPOS="1331" WIDTH="86" HEIGHT="75" STYLEREFS="font1"/><SP WIDTH="18" VPOS="1331" HPOS="1391"/><String ID="p463_w282" CONTENT="fimple" HPOS="1409" VPOS="1331" WIDTH="107" HEIGHT="75" STYLEREFS="font1"/><SP WIDTH="17" VPOS="1331" HPOS="1516"/><String ID="p463_w283" CONTENT="rule" HPOS="1533" VPOS="1331" WIDTH="70" HEIGHT="75" STYLEREFS="font1"/><SP WIDTH="24" VPOS="1331" HPOS="1603"/><String ID="p463_w284" CONTENT="of" HPOS="1627" VPOS="1331" WIDTH="41" HEIGHT="75" STYLEREFS="font1"/><SP WIDTH="18" VPOS="1331" HPOS="1668"/><String ID="p463_w285" CONTENT="three," HPOS="1686" VPOS="1331" WIDTH="102" HEIGHT="75" STYLEREFS="font1"/><SP WIDTH="25" VPOS="1331" HPOS="1788"/><String ID="p463_w286" CONTENT="from" HPOS="1813" VPOS="1331" WIDTH="85" HEIGHT="75" STYLEREFS="font1"/><SP WIDTH="17" VPOS="1331" HPOS="1898"/><String ID="p463_w287" CONTENT="three" HPOS="1915" VPOS="1331" WIDTH="92" HEIGHT="75" STYLEREFS="font1"/><SP WIDTH="16" VPOS="1331" HPOS="2007"/><String ID="p463_w288" CONTENT="numbers" HPOS="2023" VPOS="1331" WIDTH="149" HEIGHT="75" STYLEREFS="font1"/><SP WIDTH="17" VPOS="1331" HPOS="2172"/><String ID="p463_w289" CONTENT="given," HPOS="2189" VPOS="1331" WIDTH="109" HEIGHT="75" STYLEREFS="font1"/></TextLine><TextLine WIDTH="1039" HEIGHT="75" ID="p463_t75" HPOS="1258" VPOS="1378"><String ID="p463_w290" CONTENT="finds" HPOS="1258" VPOS="1378" WIDTH="82" HEIGHT="75" STYLEREFS="font1"/><SP WIDTH="17" VPOS="1378" HPOS="1340"/><String ID="p463_w291" CONTENT="a" HPOS="1357" VPOS="1378" WIDTH="18" HEIGHT="75" STYLEREFS="font1"/><SP WIDTH="15" VPOS="1378" HPOS="1375"/><String ID="p463_w292" CONTENT="fourth," HPOS="1390" VPOS="1378" WIDTH="123" HEIGHT="75" STYLEREFS="font1"/><SP WIDTH="19" VPOS="1378" HPOS="1513"/><String ID="p463_w293" CONTENT="to" HPOS="1532" VPOS="1378" WIDTH="35" HEIGHT="75" STYLEREFS="font1"/><SP WIDTH="17" VPOS="1378" HPOS="1567"/><String ID="p463_w294" CONTENT="which" HPOS="1584" VPOS="1378" WIDTH="105" HEIGHT="75" STYLEREFS="font1"/><SP WIDTH="17" VPOS="1378" HPOS="1689"/><String ID="p463_w295" CONTENT="the" HPOS="1706" VPOS="1378" WIDTH="56" HEIGHT="75" STYLEREFS="font1"/><SP WIDTH="17" VPOS="1378" HPOS="1762"/><String ID="p463_w296" CONTENT="third" HPOS="1779" VPOS="1378" WIDTH="88" HEIGHT="75" STYLEREFS="font1"/><SP WIDTH="15" VPOS="1378" HPOS="1867"/><String ID="p463_w297" CONTENT="bears" HPOS="1882" VPOS="1378" WIDTH="94" HEIGHT="75" STYLEREFS="font1"/><SP WIDTH="16" VPOS="1378" HPOS="1976"/><String ID="p463_w298" CONTENT="the" HPOS="1992" VPOS="1378" WIDTH="56" HEIGHT="75" STYLEREFS="font1"/><SP WIDTH="16" VPOS="1378" HPOS="2048"/><String ID="p463_w299" CONTENT="fame" HPOS="2064" VPOS="1378" WIDTH="83" HEIGHT="75" STYLEREFS="font1"/><SP WIDTH="16" VPOS="1378" HPOS="2147"/><String ID="p463_w300" CONTENT="propor-" HPOS="2163" VPOS="1378" WIDTH="134" HEIGHT="75" STYLEREFS="font1"/></TextLine><TextLine WIDTH="634" HEIGHT="75" ID="p463_t76" HPOS="1258" VPOS="1424"><String ID="p463_w301" CONTENT="tion" HPOS="1258" VPOS="1424" WIDTH="68" HEIGHT="75" STYLEREFS="font1"/><SP WIDTH="17" VPOS="1424" HPOS="1326"/><String ID="p463_w302" CONTENT="as" HPOS="1343" VPOS="1424" WIDTH="33" HEIGHT="75" STYLEREFS="font1"/><SP WIDTH="18" VPOS="1424" HPOS="1376"/><String ID="p463_w303" CONTENT="the" HPOS="1394" VPOS="1424" WIDTH="55" HEIGHT="75" STYLEREFS="font1"/><SP WIDTH="16" VPOS="1424" HPOS="1449"/><String ID="p463_w304" CONTENT="firft" HPOS="1465" VPOS="1424" WIDTH="64" HEIGHT="75" STYLEREFS="font1"/><SP WIDTH="16" VPOS="1424" HPOS="1529"/><String ID="p463_w305" CONTENT="does" HPOS="1545" VPOS="1424" WIDTH="79" HEIGHT="75" STYLEREFS="font1"/><SP WIDTH="18" VPOS="1424" HPOS="1624"/><String ID="p463_w306" CONTENT="to" HPOS="1642" VPOS="1424" WIDTH="34" HEIGHT="75" STYLEREFS="font1"/><SP WIDTH="17" VPOS="1424" HPOS="1676"/><String ID="p463_w307" CONTENT="the" HPOS="1693" VPOS="1424" WIDTH="55" HEIGHT="75" STYLEREFS="font1"/><SP WIDTH="16" VPOS="1424" HPOS="1748"/><String ID="p463_w308" CONTENT="fecond." HPOS="1764" VPOS="1424" WIDTH="128" HEIGHT="75" STYLEREFS="font1"/></TextLine><TextLine WIDTH="992" HEIGHT="75" ID="p463_t77" HPOS="1304" VPOS="1471"><String ID="p463_w309" CONTENT="The" HPOS="1304" VPOS="1471" WIDTH="77" HEIGHT="75" STYLEREFS="font1"/><SP WIDTH="24" VPOS="1471" HPOS="1381"/><String ID="p463_w310" CONTENT="nature" HPOS="1405" VPOS="1471" WIDTH="113" HEIGHT="75" STYLEREFS="font1"/><SP WIDTH="24" VPOS="1471" HPOS="1518"/><String ID="p463_w311" CONTENT="and" HPOS="1542" VPOS="1471" WIDTH="64" HEIGHT="75" STYLEREFS="font1"/><SP WIDTH="27" VPOS="1471" HPOS="1606"/><String ID="p463_w312" CONTENT="properties" HPOS="1633" VPOS="1471" WIDTH="179" HEIGHT="75" STYLEREFS="font1"/><SP WIDTH="30" VPOS="1471" HPOS="1812"/><String ID="p463_w313" CONTENT="of" HPOS="1842" VPOS="1471" WIDTH="40" HEIGHT="75" STYLEREFS="font1"/><SP WIDTH="20" VPOS="1471" HPOS="1882"/><String ID="p463_w314" CONTENT="proportional" HPOS="1902" VPOS="1471" WIDTH="219" HEIGHT="75" STYLEREFS="font1"/><SP WIDTH="24" VPOS="1471" HPOS="2121"/><String ID="p463_w315" CONTENT="numbers" HPOS="2145" VPOS="1471" WIDTH="151" HEIGHT="75" STYLEREFS="font1"/></TextLine><TextLine WIDTH="1040" HEIGHT="75" ID="p463_t78" HPOS="1255" VPOS="1516"><String ID="p463_w316" CONTENT="may" HPOS="1255" VPOS="1516" WIDTH="75" HEIGHT="75" STYLEREFS="font1"/><SP WIDTH="15" VPOS="1516" HPOS="1330"/><String ID="p463_w317" CONTENT="be" HPOS="1345" VPOS="1516" WIDTH="39" HEIGHT="75" STYLEREFS="font1"/><SP WIDTH="17" VPOS="1516" HPOS="1384"/><String ID="p463_w318" CONTENT="underftood" HPOS="1401" VPOS="1516" WIDTH="193" HEIGHT="75" STYLEREFS="font1"/><SP WIDTH="16" VPOS="1516" HPOS="1594"/><String ID="p463_w319" CONTENT="fufficiently" HPOS="1610" VPOS="1516" WIDTH="189" HEIGHT="75" STYLEREFS="font1"/><SP WIDTH="15" VPOS="1516" HPOS="1799"/><String ID="p463_w320" CONTENT="for" HPOS="1814" VPOS="1516" WIDTH="52" HEIGHT="75" STYLEREFS="font1"/><SP WIDTH="16" VPOS="1516" HPOS="1866"/><String ID="p463_w321" CONTENT="our" HPOS="1882" VPOS="1516" WIDTH="59" HEIGHT="75" STYLEREFS="font1"/><SP WIDTH="24" VPOS="1516" HPOS="1941"/><String ID="p463_w322" CONTENT="purpofe" HPOS="1965" VPOS="1516" WIDTH="135" HEIGHT="75" STYLEREFS="font1"/><SP WIDTH="24" VPOS="1516" HPOS="2100"/><String ID="p463_w323" CONTENT="from" HPOS="2124" VPOS="1516" WIDTH="86" HEIGHT="75" STYLEREFS="font1"/><SP WIDTH="27" VPOS="1516" HPOS="2210"/><String ID="p463_w324" CONTENT="the" HPOS="2237" VPOS="1516" WIDTH="58" HEIGHT="75" STYLEREFS="font1"/></TextLine><TextLine WIDTH="413" HEIGHT="75" ID="p463_t79" HPOS="1259" VPOS="1564"><String ID="p463_w325" CONTENT="following" HPOS="1259" VPOS="1564" WIDTH="167" HEIGHT="75" STYLEREFS="font1"/><SP WIDTH="17" VPOS="1564" HPOS="1426"/><String ID="p463_w326" CONTENT="obfervations." HPOS="1443" VPOS="1564" WIDTH="229" HEIGHT="75" STYLEREFS="font1"/></TextLine><TextLine WIDTH="987" HEIGHT="75" ID="p463_t80" HPOS="1307" VPOS="1611"><String ID="p463_w327" CONTENT="In" HPOS="1307" VPOS="1611" WIDTH="38" HEIGHT="75" STYLEREFS="font1"/><SP WIDTH="17" VPOS="1611" HPOS="1345"/><String ID="p463_w328" CONTENT="comparing" HPOS="1362" VPOS="1611" WIDTH="182" HEIGHT="75" STYLEREFS="font1"/><SP WIDTH="17" VPOS="1611" HPOS="1544"/><String ID="p463_w329" CONTENT="any" HPOS="1561" VPOS="1611" WIDTH="62" HEIGHT="75" STYLEREFS="font1"/><SP WIDTH="16" VPOS="1611" HPOS="1623"/><String ID="p463_w330" CONTENT="two" HPOS="1639" VPOS="1611" WIDTH="66" HEIGHT="75" STYLEREFS="font1"/><SP WIDTH="27" VPOS="1611" HPOS="1705"/><String ID="p463_w331" CONTENT="numbers," HPOS="1732" VPOS="1611" WIDTH="161" HEIGHT="75" STYLEREFS="font1"/><SP WIDTH="25" VPOS="1611" HPOS="1893"/><String ID="p463_w332" CONTENT="with" HPOS="1918" VPOS="1611" WIDTH="80" HEIGHT="75" STYLEREFS="font1"/><SP WIDTH="27" VPOS="1611" HPOS="1998"/><String ID="p463_w333" CONTENT="refpeft:" HPOS="2025" VPOS="1611" WIDTH="119" HEIGHT="75" STYLEREFS="font1"/><SP WIDTH="31" VPOS="1611" HPOS="2144"/><String ID="p463_w334" CONTENT="to" HPOS="2175" VPOS="1611" WIDTH="36" HEIGHT="75" STYLEREFS="font1"/><SP WIDTH="26" VPOS="1611" HPOS="2211"/><String ID="p463_w335" CONTENT="the" HPOS="2237" VPOS="1611" WIDTH="57" HEIGHT="75" STYLEREFS="font1"/></TextLine><TextLine WIDTH="1043" HEIGHT="75" ID="p463_t81" HPOS="1258" VPOS="1657"><String ID="p463_w336" CONTENT="proportion" HPOS="1258" VPOS="1657" WIDTH="187" HEIGHT="75" STYLEREFS="font1"/><SP WIDTH="16" VPOS="1657" HPOS="1445"/><String ID="p463_w337" CONTENT="which" HPOS="1461" VPOS="1657" WIDTH="106" HEIGHT="75" STYLEREFS="font1"/><SP WIDTH="16" VPOS="1657" HPOS="1567"/><String ID="p463_w338" CONTENT="the" HPOS="1583" VPOS="1657" WIDTH="57" HEIGHT="75" STYLEREFS="font1"/><SP WIDTH="15" VPOS="1657" HPOS="1640"/><String ID="p463_w339" CONTENT="one" HPOS="1655" VPOS="1657" WIDTH="62" HEIGHT="75" STYLEREFS="font1"/><SP WIDTH="26" VPOS="1657" HPOS="1717"/><String ID="p463_w340" CONTENT="bears" HPOS="1743" VPOS="1657" WIDTH="93" HEIGHT="75" STYLEREFS="font1"/><SP WIDTH="31" VPOS="1657" HPOS="1836"/><String ID="p463_w341" CONTENT="to" HPOS="1867" VPOS="1657" WIDTH="35" HEIGHT="75" STYLEREFS="font1"/><SP WIDTH="27" VPOS="1657" HPOS="1902"/><String ID="p463_w342" CONTENT="the" HPOS="1929" VPOS="1657" WIDTH="56" HEIGHT="75" STYLEREFS="font1"/><SP WIDTH="26" VPOS="1657" HPOS="1985"/><String ID="p463_w343" CONTENT="other," HPOS="2011" VPOS="1657" WIDTH="107" HEIGHT="75" STYLEREFS="font1"/><SP WIDTH="26" VPOS="1657" HPOS="2118"/><String ID="p463_w344" CONTENT="the" HPOS="2144" VPOS="1657" WIDTH="55" HEIGHT="75" STYLEREFS="font1"/><SP WIDTH="29" VPOS="1657" HPOS="2199"/><String ID="p463_w345" CONTENT="firtb" HPOS="2228" VPOS="1657" WIDTH="73" HEIGHT="75" STYLEREFS="font1"/></TextLine><TextLine WIDTH="1034" HEIGHT="75" ID="p463_t82" HPOS="1259" VPOS="1703"><String ID="p463_w346" CONTENT="number," HPOS="1259" VPOS="1703" WIDTH="145" HEIGHT="75" STYLEREFS="font1"/><SP WIDTH="25" VPOS="1703" HPOS="1404"/><String ID="p463_w347" CONTENT="or" HPOS="1429" VPOS="1703" WIDTH="38" HEIGHT="75" STYLEREFS="font1"/><SP WIDTH="16" VPOS="1703" HPOS="1467"/><String ID="p463_w348" CONTENT="that" HPOS="1483" VPOS="1703" WIDTH="71" HEIGHT="75" STYLEREFS="font1"/><SP WIDTH="18" VPOS="1703" HPOS="1554"/><String ID="p463_w349" CONTENT="which" HPOS="1572" VPOS="1703" WIDTH="104" HEIGHT="75" STYLEREFS="font1"/><SP WIDTH="24" VPOS="1703" HPOS="1676"/><String ID="p463_w350" CONTENT="bears" HPOS="1700" VPOS="1703" WIDTH="92" HEIGHT="75" STYLEREFS="font1"/><SP WIDTH="26" VPOS="1703" HPOS="1792"/><String ID="p463_w351" CONTENT="proportion," HPOS="1818" VPOS="1703" WIDTH="199" HEIGHT="75" STYLEREFS="font1"/><SP WIDTH="34" VPOS="1703" HPOS="2017"/><String ID="p463_w352" CONTENT="is" HPOS="2051" VPOS="1703" WIDTH="26" HEIGHT="75" STYLEREFS="font1"/><SP WIDTH="28" VPOS="1703" HPOS="2077"/><String ID="p463_w353" CONTENT="called" HPOS="2105" VPOS="1703" WIDTH="103" HEIGHT="75" STYLEREFS="font1"/><SP WIDTH="26" VPOS="1703" HPOS="2208"/><String ID="p463_w354" CONTENT="the" HPOS="2234" VPOS="1703" WIDTH="59" HEIGHT="75" STYLEREFS="font1"/></TextLine><TextLine WIDTH="1038" HEIGHT="75" ID="p463_t83" HPOS="1257" VPOS="1751"><String ID="p463_w355" CONTENT="antecedent;" HPOS="1257" VPOS="1751" WIDTH="213" HEIGHT="75" STYLEREFS="font1"/><SP WIDTH="26" VPOS="1751" HPOS="1470"/><String ID="p463_w356" CONTENT="and" HPOS="1496" VPOS="1751" WIDTH="63" HEIGHT="75" STYLEREFS="font1"/><SP WIDTH="16" VPOS="1751" HPOS="1559"/><String ID="p463_w357" CONTENT="the" HPOS="1575" VPOS="1751" WIDTH="55" HEIGHT="75" STYLEREFS="font1"/><SP WIDTH="17" VPOS="1751" HPOS="1630"/><String ID="p463_w358" CONTENT="other," HPOS="1647" VPOS="1751" WIDTH="106" HEIGHT="75" STYLEREFS="font1"/><SP WIDTH="19" VPOS="1751" HPOS="1753"/><String ID="p463_w359" CONTENT="to" HPOS="1772" VPOS="1751" WIDTH="34" HEIGHT="75" STYLEREFS="font1"/><SP WIDTH="17" VPOS="1751" HPOS="1806"/><String ID="p463_w360" CONTENT="which" HPOS="1823" VPOS="1751" WIDTH="106" HEIGHT="75" STYLEREFS="font1"/><SP WIDTH="12" VPOS="1751" HPOS="1929"/><String ID="p463_w361" CONTENT="it" HPOS="1941" VPOS="1751" WIDTH="27" HEIGHT="75" STYLEREFS="font1"/><SP WIDTH="16" VPOS="1751" HPOS="1968"/><String ID="p463_w362" CONTENT="bears" HPOS="1984" VPOS="1751" WIDTH="92" HEIGHT="75" STYLEREFS="font1"/><SP WIDTH="16" VPOS="1751" HPOS="2076"/><String ID="p463_w363" CONTENT="proportion,'" HPOS="2092" VPOS="1751" WIDTH="203" HEIGHT="75" STYLEREFS="font1"/></TextLine><TextLine WIDTH="1041" HEIGHT="75" ID="p463_t84" HPOS="1257" VPOS="1797"><String ID="p463_w364" CONTENT="is" HPOS="1257" VPOS="1797" WIDTH="27" HEIGHT="75" STYLEREFS="font1"/><SP WIDTH="12" VPOS="1797" HPOS="1284"/><String ID="p463_w365" CONTENT="called" HPOS="1296" VPOS="1797" WIDTH="106" HEIGHT="75" STYLEREFS="font1"/><SP WIDTH="16" VPOS="1797" HPOS="1402"/><String ID="p463_w366" CONTENT="the" HPOS="1418" VPOS="1797" WIDTH="55" HEIGHT="75" STYLEREFS="font1"/><SP WIDTH="15" VPOS="1797" HPOS="1473"/><String ID="p463_w367" CONTENT="confquent;" HPOS="1488" VPOS="1797" WIDTH="207" HEIGHT="75" STYLEREFS="font1"/><SP WIDTH="29" VPOS="1797" HPOS="1695"/><String ID="p463_w368" CONTENT="and" HPOS="1724" VPOS="1797" WIDTH="62" HEIGHT="75" STYLEREFS="font1"/><SP WIDTH="17" VPOS="1797" HPOS="1786"/><String ID="p463_w369" CONTENT="the" HPOS="1803" VPOS="1797" WIDTH="54" HEIGHT="75" STYLEREFS="font1"/><SP WIDTH="17" VPOS="1797" HPOS="1857"/><String ID="p463_w370" CONTENT="quantity" HPOS="1874" VPOS="1797" WIDTH="149" HEIGHT="75" STYLEREFS="font1"/><SP WIDTH="10" VPOS="1797" HPOS="2023"/><String ID="p463_w371" CONTENT="of" HPOS="2033" VPOS="1797" WIDTH="42" HEIGHT="75" STYLEREFS="font1"/><SP WIDTH="10" VPOS="1797" HPOS="2075"/><String ID="p463_w372" CONTENT="the" HPOS="2085" VPOS="1797" WIDTH="55" HEIGHT="75" STYLEREFS="font1"/><SP WIDTH="16" VPOS="1797" HPOS="2140"/><String ID="p463_w373" CONTENT="propor-*" HPOS="2156" VPOS="1797" WIDTH="142" HEIGHT="75" STYLEREFS="font1"/></TextLine><TextLine WIDTH="1031" HEIGHT="75" ID="p463_t85" HPOS="1257" VPOS="1844"><String ID="p463_w374" CONTENT="tion" HPOS="1257" VPOS="1844" WIDTH="67" HEIGHT="75" STYLEREFS="font1"/><SP WIDTH="17" VPOS="1844" HPOS="1324"/><String ID="p463_w375" CONTENT="or" HPOS="1341" VPOS="1844" WIDTH="38" HEIGHT="75" STYLEREFS="font1"/><SP WIDTH="15" VPOS="1844" HPOS="1379"/><String ID="p463_w376" CONTENT="ratio" HPOS="1394" VPOS="1844" WIDTH="83" HEIGHT="75" STYLEREFS="font1"/><SP WIDTH="15" VPOS="1844" HPOS="1477"/><String ID="p463_w377" CONTENT="is" HPOS="1492" VPOS="1844" WIDTH="27" HEIGHT="75" STYLEREFS="font1"/><SP WIDTH="17" VPOS="1844" HPOS="1519"/><String ID="p463_w378" CONTENT="eftimated" HPOS="1536" VPOS="1844" WIDTH="164" HEIGHT="75" STYLEREFS="font1"/><SP WIDTH="11" VPOS="1844" HPOS="1700"/><String ID="p463_w379" CONTENT="from" HPOS="1711" VPOS="1844" WIDTH="84" HEIGHT="75" STYLEREFS="font1"/><SP WIDTH="17" VPOS="1844" HPOS="1795"/><String ID="p463_w380" CONTENT="the" HPOS="1812" VPOS="1844" WIDTH="55" HEIGHT="75" STYLEREFS="font1"/><SP WIDTH="17" VPOS="1844" HPOS="1867"/><String ID="p463_w381" CONTENT="quot" HPOS="1884" VPOS="1844" WIDTH="81" HEIGHT="75" STYLEREFS="font1"/><SP WIDTH="16" VPOS="1844" HPOS="1965"/><String ID="p463_w382" CONTENT="arifing" HPOS="1981" VPOS="1844" WIDTH="112" HEIGHT="75" STYLEREFS="font1"/><SP WIDTH="16" VPOS="1844" HPOS="2093"/><String ID="p463_w383" CONTENT="from" HPOS="2109" VPOS="1844" WIDTH="84" HEIGHT="75" STYLEREFS="font1"/><SP WIDTH="13" VPOS="1844" HPOS="2193"/><String ID="p463_w384" CONTENT="divi-" HPOS="2206" VPOS="1844" WIDTH="82" HEIGHT="75" STYLEREFS="font1"/></TextLine><TextLine WIDTH="1032" HEIGHT="75" ID="p463_t86" HPOS="1256" VPOS="1890"><String ID="p463_w385" CONTENT="ding" HPOS="1256" VPOS="1890" WIDTH="77" HEIGHT="75" STYLEREFS="font1"/><SP WIDTH="16" VPOS="1890" HPOS="1333"/><String ID="p463_w386" CONTENT="the" HPOS="1349" VPOS="1890" WIDTH="56" HEIGHT="75" STYLEREFS="font1"/><SP WIDTH="16" VPOS="1890" HPOS="1405"/><String ID="p463_w387" CONTENT="antecedent" HPOS="1421" VPOS="1890" WIDTH="190" HEIGHT="75" STYLEREFS="font1"/><SP WIDTH="18" VPOS="1890" HPOS="1611"/><String ID="p463_w388" CONTENT="by" HPOS="1629" VPOS="1890" WIDTH="44" HEIGHT="75" STYLEREFS="font1"/><SP WIDTH="19" VPOS="1890" HPOS="1673"/><String ID="p463_w389" CONTENT="the" HPOS="1692" VPOS="1890" WIDTH="56" HEIGHT="75" STYLEREFS="font1"/><SP WIDTH="16" VPOS="1890" HPOS="1748"/><String ID="p463_w390" CONTENT="confequent." HPOS="1764" VPOS="1890" WIDTH="207" HEIGHT="75" STYLEREFS="font1"/><SP WIDTH="48" VPOS="1890" HPOS="1971"/><String ID="p463_w391" CONTENT="Thus" HPOS="2019" VPOS="1890" WIDTH="95" HEIGHT="75" STYLEREFS="font1"/><SP WIDTH="18" VPOS="1890" HPOS="2114"/><String ID="p463_w392" CONTENT="the" HPOS="2132" VPOS="1890" WIDTH="57" HEIGHT="75" STYLEREFS="font1"/><SP WIDTH="16" VPOS="1890" HPOS="2189"/><String ID="p463_w393" CONTENT="ratio" HPOS="2205" VPOS="1890" WIDTH="83" HEIGHT="75" STYLEREFS="font1"/></TextLine><TextLine WIDTH="1037" HEIGHT="75" ID="p463_t87" HPOS="1255" VPOS="1937"><String ID="p463_w394" CONTENT="or" HPOS="1255" VPOS="1937" WIDTH="39" HEIGHT="75" STYLEREFS="font1"/><SP WIDTH="15" VPOS="1937" HPOS="1294"/><String ID="p463_w395" CONTENT="proportion" HPOS="1309" VPOS="1937" WIDTH="188" HEIGHT="75" STYLEREFS="font1"/><SP WIDTH="15" VPOS="1937" HPOS="1497"/><String ID="p463_w396" CONTENT="betwixt" HPOS="1512" VPOS="1937" WIDTH="138" HEIGHT="75" STYLEREFS="font1"/><SP WIDTH="17" VPOS="1937" HPOS="1650"/><String ID="p463_w397" CONTENT="6" HPOS="1667" VPOS="1937" WIDTH="20" HEIGHT="75" STYLEREFS="font1"/><SP WIDTH="18" VPOS="1937" HPOS="1687"/><String ID="p463_w398" CONTENT="and" HPOS="1705" VPOS="1937" WIDTH="62" HEIGHT="75" STYLEREFS="font1"/><SP WIDTH="18" VPOS="1937" HPOS="1767"/><String ID="p463_w399" CONTENT="3" HPOS="1785" VPOS="1937" WIDTH="17" HEIGHT="75" STYLEREFS="font1"/><SP WIDTH="20" VPOS="1937" HPOS="1802"/><String ID="p463_w400" CONTENT="is" HPOS="1822" VPOS="1937" WIDTH="27" HEIGHT="75" STYLEREFS="font1"/><SP WIDTH="27" VPOS="1937" HPOS="1849"/><String ID="p463_w401" CONTENT="the" HPOS="1876" VPOS="1937" WIDTH="56" HEIGHT="75" STYLEREFS="font1"/><SP WIDTH="28" VPOS="1937" HPOS="1932"/><String ID="p463_w402" CONTENT="quot" HPOS="1960" VPOS="1937" WIDTH="81" HEIGHT="75" STYLEREFS="font1"/><SP WIDTH="25" VPOS="1937" HPOS="2041"/><String ID="p463_w403" CONTENT="arifing" HPOS="2066" VPOS="1937" WIDTH="112" HEIGHT="75" STYLEREFS="font1"/><SP WIDTH="27" VPOS="1937" HPOS="2178"/><String ID="p463_w404" CONTENT="from" HPOS="2205" VPOS="1937" WIDTH="87" HEIGHT="75" STYLEREFS="font1"/></TextLine><TextLine WIDTH="1039" HEIGHT="75" ID="p463_t88" HPOS="1253" VPOS="1985"><String ID="p463_w405" CONTENT="dividing" HPOS="1253" VPOS="1985" WIDTH="144" HEIGHT="75" STYLEREFS="font1"/><SP WIDTH="17" VPOS="1985" HPOS="1397"/><String ID="p463_w406" CONTENT="the" HPOS="1414" VPOS="1985" WIDTH="54" HEIGHT="75" STYLEREFS="font1"/><SP WIDTH="16" VPOS="1985" HPOS="1468"/><String ID="p463_w407" CONTENT="antecedent" HPOS="1484" VPOS="1985" WIDTH="189" HEIGHT="75" STYLEREFS="font1"/><SP WIDTH="17" VPOS="1985" HPOS="1673"/><String ID="p463_w408" CONTENT="6" HPOS="1690" VPOS="1985" WIDTH="21" HEIGHT="75" STYLEREFS="font1"/><SP WIDTH="18" VPOS="1985" HPOS="1711"/><String ID="p463_w409" CONTENT="by" HPOS="1729" VPOS="1985" WIDTH="44" HEIGHT="75" STYLEREFS="font1"/><SP WIDTH="21" VPOS="1985" HPOS="1773"/><String ID="p463_w410" CONTENT="the" HPOS="1794" VPOS="1985" WIDTH="56" HEIGHT="75" STYLEREFS="font1"/><SP WIDTH="16" VPOS="1985" HPOS="1850"/><String ID="p463_w411" CONTENT="confequent" HPOS="1866" VPOS="1985" WIDTH="194" HEIGHT="75" STYLEREFS="font1"/><SP WIDTH="20" VPOS="1985" HPOS="2060"/><String ID="p463_w412" CONTENT="3" HPOS="2080" VPOS="1985" WIDTH="15" HEIGHT="75" STYLEREFS="font1"/><SP WIDTH="14" VPOS="1985" HPOS="2095"/><String ID="p463_w413" CONTENT=";" HPOS="2109" VPOS="1985" WIDTH="10" HEIGHT="75" STYLEREFS="font1"/><SP WIDTH="26" VPOS="1985" HPOS="2119"/><String ID="p463_w414" CONTENT="namely,-" HPOS="2145" VPOS="1985" WIDTH="147" HEIGHT="75" STYLEREFS="font1"/></TextLine><TextLine WIDTH="1035" HEIGHT="75" ID="p463_t89" HPOS="1254" VPOS="2033"><String ID="p463_w415" CONTENT="2" HPOS="1254" VPOS="2033" WIDTH="18" HEIGHT="75" STYLEREFS="font1"/><SP WIDTH="14" VPOS="2033" HPOS="1272"/><String ID="p463_w416" CONTENT=";" HPOS="1286" VPOS="2033" WIDTH="11" HEIGHT="75" STYLEREFS="font1"/><SP WIDTH="26" VPOS="2033" HPOS="1297"/><String ID="p463_w417" CONTENT="and" HPOS="1323" VPOS="2033" WIDTH="62" HEIGHT="75" STYLEREFS="font1"/><SP WIDTH="17" VPOS="2033" HPOS="1385"/><String ID="p463_w418" CONTENT="the" HPOS="1402" VPOS="2033" WIDTH="55" HEIGHT="75" STYLEREFS="font1"/><SP WIDTH="16" VPOS="2033" HPOS="1457"/><String ID="p463_w419" CONTENT="ratio" HPOS="1473" VPOS="2033" WIDTH="82" HEIGHT="75" STYLEREFS="font1"/><SP WIDTH="17" VPOS="2033" HPOS="1555"/><String ID="p463_w420" CONTENT="or" HPOS="1572" VPOS="2033" WIDTH="37" HEIGHT="75" STYLEREFS="font1"/><SP WIDTH="24" VPOS="2033" HPOS="1609"/><String ID="p463_w421" CONTENT="proportion" HPOS="1633" VPOS="2033" WIDTH="187" HEIGHT="75" STYLEREFS="font1"/><SP WIDTH="27" VPOS="2033" HPOS="1820"/><String ID="p463_w422" CONTENT="betwixt" HPOS="1847" VPOS="2033" WIDTH="139" HEIGHT="75" STYLEREFS="font1"/><SP WIDTH="32" VPOS="2033" HPOS="1986"/><String ID="p463_w423" CONTENT="1" HPOS="2018" VPOS="2033" WIDTH="13" HEIGHT="75" STYLEREFS="font1"/><SP WIDTH="28" VPOS="2033" HPOS="2031"/><String ID="p463_w424" CONTENT="and" HPOS="2059" VPOS="2033" WIDTH="63" HEIGHT="75" STYLEREFS="font1"/><SP WIDTH="18" VPOS="2033" HPOS="2122"/><String ID="p463_w425" CONTENT="2" HPOS="2140" VPOS="2033" WIDTH="18" HEIGHT="75" STYLEREFS="font1"/><SP WIDTH="18" VPOS="2033" HPOS="2158"/><String ID="p463_w426" CONTENT="is" HPOS="2176" VPOS="2033" WIDTH="28" HEIGHT="75" STYLEREFS="font1"/><SP WIDTH="28" VPOS="2033" HPOS="2204"/><String ID="p463_w427" CONTENT="the" HPOS="2232" VPOS="2033" WIDTH="57" HEIGHT="75" STYLEREFS="font1"/></TextLine><TextLine WIDTH="1035" HEIGHT="75" ID="p463_t90" HPOS="1253" VPOS="2077"><String ID="p463_w428" CONTENT="quot" HPOS="1253" VPOS="2077" WIDTH="80" HEIGHT="75" STYLEREFS="font1"/><SP WIDTH="16" VPOS="2077" HPOS="1333"/><String ID="p463_w429" CONTENT="arifing" HPOS="1349" VPOS="2077" WIDTH="112" HEIGHT="75" STYLEREFS="font1"/><SP WIDTH="16" VPOS="2077" HPOS="1461"/><String ID="p463_w430" CONTENT="from" HPOS="1477" VPOS="2077" WIDTH="85" HEIGHT="75" STYLEREFS="font1"/><SP WIDTH="17" VPOS="2077" HPOS="1562"/><String ID="p463_w431" CONTENT="the" HPOS="1579" VPOS="2077" WIDTH="57" HEIGHT="75" STYLEREFS="font1"/><SP WIDTH="21" VPOS="2077" HPOS="1636"/><String ID="p463_w432" CONTENT="divifion" HPOS="1657" VPOS="2077" WIDTH="132" HEIGHT="75" STYLEREFS="font1"/><SP WIDTH="17" VPOS="2077" HPOS="1789"/><String ID="p463_w433" CONTENT="of" HPOS="1806" VPOS="2077" WIDTH="41" HEIGHT="75" STYLEREFS="font1"/><SP WIDTH="9" VPOS="2077" HPOS="1847"/><String ID="p463_w434" CONTENT="the" HPOS="1856" VPOS="2077" WIDTH="56" HEIGHT="75" STYLEREFS="font1"/><SP WIDTH="17" VPOS="2077" HPOS="1912"/><String ID="p463_w435" CONTENT="antecedent" HPOS="1929" VPOS="2077" WIDTH="187" HEIGHT="75" STYLEREFS="font1"/><SP WIDTH="22" VPOS="2077" HPOS="2116"/><String ID="p463_w436" CONTENT="1" HPOS="2138" VPOS="2077" WIDTH="13" HEIGHT="75" STYLEREFS="font1"/><SP WIDTH="20" VPOS="2077" HPOS="2151"/><String ID="p463_w437" CONTENT="by" HPOS="2171" VPOS="2077" WIDTH="44" HEIGHT="75" STYLEREFS="font1"/><SP WIDTH="17" VPOS="2077" HPOS="2215"/><String ID="p463_w438" CONTENT="the" HPOS="2232" VPOS="2077" WIDTH="56" HEIGHT="75" STYLEREFS="font1"/></TextLine><TextLine WIDTH="701" HEIGHT="75" ID="p463_t91" HPOS="1250" VPOS="2107"><String ID="p463_w439" CONTENT="confequent" HPOS="1250" VPOS="2125" WIDTH="191" HEIGHT="75" STYLEREFS="font1"/><SP WIDTH="25" VPOS="2125" HPOS="1441"/><String ID="p463_w440" CONTENT="2" HPOS="1466" VPOS="2125" WIDTH="19" HEIGHT="75" STYLEREFS="font1"/><SP WIDTH="14" VPOS="2125" HPOS="1485"/><String ID="p463_w441" CONTENT=";" HPOS="1499" VPOS="2125" WIDTH="11" HEIGHT="75" STYLEREFS="font1"/><SP WIDTH="26" VPOS="2125" HPOS="1510"/><String ID="p463_w442" CONTENT="namely" HPOS="1536" VPOS="2125" WIDTH="127" HEIGHT="75" STYLEREFS="font1"/><SP WIDTH="77" VPOS="2125" HPOS="1663"/><String ID="p463_w443" CONTENT="°r" HPOS="1740" VPOS="2125" WIDTH="37" HEIGHT="75" STYLEREFS="font1"/><SP WIDTH="16" VPOS="2125" HPOS="1777"/><String ID="p463_w444" CONTENT="on" HPOS="1793" VPOS="2107" WIDTH="41" HEIGHT="49" STYLEREFS="font2"/><String ID="p463_w445" CONTENT="e" HPOS="1834" VPOS="2125" WIDTH="20" HEIGHT="75" STYLEREFS="font1"/><SP WIDTH="16" VPOS="2125" HPOS="1854"/><String ID="p463_w446" CONTENT="half." HPOS="1870" VPOS="2125" WIDTH="81" HEIGHT="75" STYLEREFS="font1"/></TextLine><TextLine WIDTH="992" HEIGHT="75" ID="p463_t92" HPOS="1296" VPOS="2171"><String ID="p463_w447" CONTENT="Four" HPOS="1296" VPOS="2171" WIDTH="86" HEIGHT="75" STYLEREFS="font1"/><SP WIDTH="17" VPOS="2171" HPOS="1382"/><String ID="p463_w448" CONTENT="numbers" HPOS="1399" VPOS="2171" WIDTH="149" HEIGHT="75" STYLEREFS="font1"/><SP WIDTH="24" VPOS="2171" HPOS="1548"/><String ID="p463_w449" CONTENT="are" HPOS="1572" VPOS="2171" WIDTH="53" HEIGHT="75" STYLEREFS="font1"/><SP WIDTH="27" VPOS="2171" HPOS="1625"/><String ID="p463_w450" CONTENT="faid" HPOS="1652" VPOS="2171" WIDTH="67" HEIGHT="75" STYLEREFS="font1"/><SP WIDTH="23" VPOS="2171" HPOS="1719"/><String ID="p463_w451" CONTENT="to" HPOS="1742" VPOS="2171" WIDTH="36" HEIGHT="75" STYLEREFS="font1"/><SP WIDTH="27" VPOS="2171" HPOS="1778"/><String ID="p463_w452" CONTENT="be" HPOS="1805" VPOS="2171" WIDTH="40" HEIGHT="75" STYLEREFS="font1"/><SP WIDTH="26" VPOS="2171" HPOS="1845"/><String ID="p463_w453" CONTENT="proportional" HPOS="1871" VPOS="2171" WIDTH="219" HEIGHT="75" STYLEREFS="font1"/><SP WIDTH="27" VPOS="2171" HPOS="2090"/><String ID="p463_w454" CONTENT="when" HPOS="2117" VPOS="2171" WIDTH="94" HEIGHT="75" STYLEREFS="font1"/><SP WIDTH="17" VPOS="2171" HPOS="2211"/><String ID="p463_w455" CONTENT="the" HPOS="2228" VPOS="2171" WIDTH="60" HEIGHT="75" STYLEREFS="font1"/></TextLine><TextLine WIDTH="1044" HEIGHT="75" ID="p463_t93" HPOS="1248" VPOS="2217"><String ID="p463_w456" CONTENT="ratio" HPOS="1248" VPOS="2217" WIDTH="81" HEIGHT="75" STYLEREFS="font1"/><SP WIDTH="23" VPOS="2217" HPOS="1329"/><String ID="p463_w457" CONTENT="of" HPOS="1352" VPOS="2217" WIDTH="40" HEIGHT="75" STYLEREFS="font1"/><SP WIDTH="11" VPOS="2217" HPOS="1392"/><String ID="p463_w458" CONTENT="the" HPOS="1403" VPOS="2217" WIDTH="56" HEIGHT="75" STYLEREFS="font1"/><SP WIDTH="16" VPOS="2217" HPOS="1459"/><String ID="p463_w459" CONTENT="firft" HPOS="1475" VPOS="2217" WIDTH="65" HEIGHT="75" STYLEREFS="font1"/><SP WIDTH="16" VPOS="2217" HPOS="1540"/><String ID="p463_w460" CONTENT="to" HPOS="1556" VPOS="2217" WIDTH="35" HEIGHT="75" STYLEREFS="font1"/><SP WIDTH="23" VPOS="2217" HPOS="1591"/><String ID="p463_w461" CONTENT="the" HPOS="1614" VPOS="2217" WIDTH="55" HEIGHT="75" STYLEREFS="font1"/><SP WIDTH="17" VPOS="2217" HPOS="1669"/><String ID="p463_w462" CONTENT="fecond" HPOS="1686" VPOS="2217" WIDTH="115" HEIGHT="75" STYLEREFS="font1"/><SP WIDTH="14" VPOS="2217" HPOS="1801"/><String ID="p463_w463" CONTENT="is" HPOS="1815" VPOS="2217" WIDTH="28" HEIGHT="75" STYLEREFS="font1"/><SP WIDTH="18" VPOS="2217" HPOS="1843"/><String ID="p463_w464" CONTENT="the" HPOS="1861" VPOS="2217" WIDTH="54" HEIGHT="75" STYLEREFS="font1"/><SP WIDTH="17" VPOS="2217" HPOS="1915"/><String ID="p463_w465" CONTENT="fame" HPOS="1932" VPOS="2217" WIDTH="83" HEIGHT="75" STYLEREFS="font1"/><SP WIDTH="16" VPOS="2217" HPOS="2015"/><String ID="p463_w466" CONTENT="as" HPOS="2031" VPOS="2217" WIDTH="33" HEIGHT="75" STYLEREFS="font1"/><SP WIDTH="17" VPOS="2217" HPOS="2064"/><String ID="p463_w467" CONTENT="that" HPOS="2081" VPOS="2217" WIDTH="72" HEIGHT="75" STYLEREFS="font1"/><SP WIDTH="15" VPOS="2217" HPOS="2153"/><String ID="p463_w468" CONTENT="of" HPOS="2168" VPOS="2217" WIDTH="42" HEIGHT="75" STYLEREFS="font1"/><SP WIDTH="17" VPOS="2217" HPOS="2210"/><String ID="p463_w469" CONTENT="the'" HPOS="2227" VPOS="2217" WIDTH="65" HEIGHT="75" STYLEREFS="font1"/></TextLine><TextLine WIDTH="1035" HEIGHT="75" ID="p463_t94" HPOS="1248" VPOS="2264"><String ID="p463_w470" CONTENT="third" HPOS="1248" VPOS="2264" WIDTH="87" HEIGHT="75" STYLEREFS="font1"/><SP WIDTH="17" VPOS="2264" HPOS="1335"/><String ID="p463_w471" CONTENT="to" HPOS="1352" VPOS="2264" WIDTH="35" HEIGHT="75" STYLEREFS="font1"/><SP WIDTH="27" VPOS="2264" HPOS="1387"/><String ID="p463_w472" CONTENT="the" HPOS="1414" VPOS="2264" WIDTH="57" HEIGHT="75" STYLEREFS="font1"/><SP WIDTH="27" VPOS="2264" HPOS="1471"/><String ID="p463_w473" CONTENT="fourth" HPOS="1498" VPOS="2264" WIDTH="109" HEIGHT="75" STYLEREFS="font1"/><SP WIDTH="13" VPOS="2264" HPOS="1607"/><String ID="p463_w474" CONTENT=";" HPOS="1620" VPOS="2264" WIDTH="11" HEIGHT="75" STYLEREFS="font1"/><SP WIDTH="38" VPOS="2264" HPOS="1631"/><String ID="p463_w475" CONTENT="and" HPOS="1669" VPOS="2264" WIDTH="63" HEIGHT="75" STYLEREFS="font1"/><SP WIDTH="24" VPOS="2264" HPOS="1732"/><String ID="p463_w476" CONTENT="the" HPOS="1756" VPOS="2264" WIDTH="55" HEIGHT="75" STYLEREFS="font1"/><SP WIDTH="16" VPOS="2264" HPOS="1811"/><String ID="p463_w477" CONTENT="proportional" HPOS="1827" VPOS="2264" WIDTH="218" HEIGHT="75" STYLEREFS="font1"/><SP WIDTH="17" VPOS="2264" HPOS="2045"/><String ID="p463_w478" CONTENT="numbers" HPOS="2062" VPOS="2264" WIDTH="149" HEIGHT="75" STYLEREFS="font1"/><SP WIDTH="17" VPOS="2264" HPOS="2211"/><String ID="p463_w479" CONTENT="are" HPOS="2228" VPOS="2264" WIDTH="55" HEIGHT="75" STYLEREFS="font1"/></TextLine><TextLine WIDTH="1036" HEIGHT="75" ID="p463_t95" HPOS="1247" VPOS="2311"><String ID="p463_w480" CONTENT="ufually" HPOS="1247" VPOS="2311" WIDTH="123" HEIGHT="75" STYLEREFS="font1"/><SP WIDTH="15" VPOS="2311" HPOS="1370"/><String ID="p463_w481" CONTENT="didinguilhed" HPOS="1385" VPOS="2311" WIDTH="223" HEIGHT="75" STYLEREFS="font1"/><SP WIDTH="15" VPOS="2311" HPOS="1608"/><String ID="p463_w482" CONTENT="from" HPOS="1623" VPOS="2311" WIDTH="85" HEIGHT="75" STYLEREFS="font1"/><SP WIDTH="18" VPOS="2311" HPOS="1708"/><String ID="p463_w483" CONTENT="one" HPOS="1726" VPOS="2311" WIDTH="60" HEIGHT="75" STYLEREFS="font1"/><SP WIDTH="16" VPOS="2311" HPOS="1786"/><String ID="p463_w484" CONTENT="another" HPOS="1802" VPOS="2311" WIDTH="135" HEIGHT="75" STYLEREFS="font1"/><SP WIDTH="11" VPOS="2311" HPOS="1937"/><String ID="p463_w485" CONTENT="as" HPOS="1948" VPOS="2311" WIDTH="34" HEIGHT="75" STYLEREFS="font1"/><SP WIDTH="12" VPOS="2311" HPOS="1982"/><String ID="p463_w486" CONTENT="in" HPOS="1994" VPOS="2311" WIDTH="32" HEIGHT="75" STYLEREFS="font1"/><SP WIDTH="17" VPOS="2311" HPOS="2026"/><String ID="p463_w487" CONTENT="the" HPOS="2043" VPOS="2311" WIDTH="55" HEIGHT="75" STYLEREFS="font1"/><SP WIDTH="15" VPOS="2311" HPOS="2098"/><String ID="p463_w488" CONTENT="following" HPOS="2113" VPOS="2311" WIDTH="170" HEIGHT="75" STYLEREFS="font1"/></TextLine><TextLine WIDTH="175" HEIGHT="75" ID="p463_t96" HPOS="1246" VPOS="2359"><String ID="p463_w489" CONTENT="examples." HPOS="1246" VPOS="2359" WIDTH="175" HEIGHT="75" STYLEREFS="font1"/></TextLine><TextLine WIDTH="316" HEIGHT="75" ID="p463_t97" HPOS="1340" VPOS="2420"><String ID="p463_w490" CONTENT="4" HPOS="1340" VPOS="2420" WIDTH="21" HEIGHT="75" STYLEREFS="font1"/><SP WIDTH="27" VPOS="2420" HPOS="1361"/><String ID="p463_w491" CONTENT=":" HPOS="1388" VPOS="2420" WIDTH="9" HEIGHT="75" STYLEREFS="font1"/><SP WIDTH="29" VPOS="2420" HPOS="1397"/><String ID="p463_w492" CONTENT="2" HPOS="1426" VPOS="2420" WIDTH="19" HEIGHT="75" STYLEREFS="font1"/><SP WIDTH="30" VPOS="2420" HPOS="1445"/><String ID="p463_w493" CONTENT="::" HPOS="1475" VPOS="2420" WIDTH="24" HEIGHT="75" STYLEREFS="font1"/><SP WIDTH="32" VPOS="2420" HPOS="1499"/><String ID="p463_w494" CONTENT="16" HPOS="1531" VPOS="2420" WIDTH="40" HEIGHT="75" STYLEREFS="font1"/><SP WIDTH="28" VPOS="2420" HPOS="1571"/><String ID="p463_w495" CONTENT=":" HPOS="1599" VPOS="2420" WIDTH="9" HEIGHT="75" STYLEREFS="font1"/><SP WIDTH="28" VPOS="2420" HPOS="1608"/><String ID="p463_w496" CONTENT="8" HPOS="1636" VPOS="2420" WIDTH="20" HEIGHT="75" STYLEREFS="font1"/></TextLine><TextLine WIDTH="356" HEIGHT="75" ID="p463_t98" HPOS="1823" VPOS="2420"><String ID="p463_w497" CONTENT="6" HPOS="1823" VPOS="2420" WIDTH="22" HEIGHT="75" STYLEREFS="font1"/><SP WIDTH="27" VPOS="2420" HPOS="1845"/><String ID="p463_w498" CONTENT=":" HPOS="1872" VPOS="2420" WIDTH="9" HEIGHT="75" STYLEREFS="font1"/><SP WIDTH="28" VPOS="2420" HPOS="1881"/><String ID="p463_w499" CONTENT="9" HPOS="1909" VPOS="2420" WIDTH="22" HEIGHT="75" STYLEREFS="font1"/><SP WIDTH="27" VPOS="2420" HPOS="1931"/><String ID="p463_w500" CONTENT="::" HPOS="1958" VPOS="2420" WIDTH="25" HEIGHT="75" STYLEREFS="font1"/><SP WIDTH="32" VPOS="2420" HPOS="1983"/><String ID="p463_w501" CONTENT="12" HPOS="2015" VPOS="2420" WIDTH="39" HEIGHT="75" STYLEREFS="font1"/><SP WIDTH="30" VPOS="2420" HPOS="2054"/><String ID="p463_w502" CONTENT=":" HPOS="2084" VPOS="2420" WIDTH="8" HEIGHT="75" STYLEREFS="font1"/><SP WIDTH="33" VPOS="2420" HPOS="2092"/><String ID="p463_w503" CONTENT="18." HPOS="2125" VPOS="2420" WIDTH="54" HEIGHT="75" STYLEREFS="font1"/></TextLine><TextLine WIDTH="985" HEIGHT="75" ID="p463_t99" HPOS="1292" VPOS="2477"><String ID="p463_w504" CONTENT="Proportional" HPOS="1292" VPOS="2477" WIDTH="224" HEIGHT="75" STYLEREFS="font1"/><SP WIDTH="17" VPOS="2477" HPOS="1516"/><String ID="p463_w505" CONTENT="numbers," HPOS="1533" VPOS="2477" WIDTH="160" HEIGHT="75" STYLEREFS="font1"/><SP WIDTH="26" VPOS="2477" HPOS="1693"/><String ID="p463_w506" CONTENT="or" HPOS="1719" VPOS="2477" WIDTH="36" HEIGHT="75" STYLEREFS="font1"/><SP WIDTH="16" VPOS="2477" HPOS="1755"/><String ID="p463_w507" CONTENT="numbers" HPOS="1771" VPOS="2477" WIDTH="148" HEIGHT="75" STYLEREFS="font1"/><SP WIDTH="27" VPOS="2477" HPOS="1919"/><String ID="p463_w508" CONTENT="in" HPOS="1946" VPOS="2477" WIDTH="32" HEIGHT="75" STYLEREFS="font1"/><SP WIDTH="18" VPOS="2477" HPOS="1978"/><String ID="p463_w509" CONTENT="proportion," HPOS="1996" VPOS="2477" WIDTH="201" HEIGHT="75" STYLEREFS="font1"/><SP WIDTH="26" VPOS="2477" HPOS="2197"/><String ID="p463_w510" CONTENT="are" HPOS="2223" VPOS="2477" WIDTH="54" HEIGHT="75" STYLEREFS="font1"/></TextLine><TextLine WIDTH="1050" HEIGHT="78" ID="p463_t100" HPOS="1241" VPOS="2497"><String ID="p463_w511" CONTENT="ufually" HPOS="1241" VPOS="2523" WIDTH="123" HEIGHT="75" STYLEREFS="font1"/><SP WIDTH="15" VPOS="2523" HPOS="1364"/><String ID="p463_w512" CONTENT="denominated" HPOS="1379" VPOS="2523" WIDTH="226" HEIGHT="75" STYLEREFS="font1"/><SP WIDTH="19" VPOS="2523" HPOS="1605"/><String ID="p463_w513" CONTENT="terms;" HPOS="1624" VPOS="2523" WIDTH="123" HEIGHT="75" STYLEREFS="font1"/><SP WIDTH="25" VPOS="2523" HPOS="1747"/><String ID="p463_w514" CONTENT="of" HPOS="1772" VPOS="2523" WIDTH="41" HEIGHT="75" STYLEREFS="font1"/><SP WIDTH="21" VPOS="2523" HPOS="1813"/><String ID="p463_w515" CONTENT="which" HPOS="1834" VPOS="2523" WIDTH="105" HEIGHT="75" STYLEREFS="font1"/><SP WIDTH="28" VPOS="2523" HPOS="1939"/><String ID="p463_w516" CONTENT="the" HPOS="1967" VPOS="2523" WIDTH="56" HEIGHT="75" STYLEREFS="font1"/><SP WIDTH="28" VPOS="2523" HPOS="2023"/><String ID="p463_w517" CONTENT="firrt" HPOS="2051" VPOS="2523" WIDTH="63" HEIGHT="75" STYLEREFS="font1"/><SP WIDTH="26" VPOS="2523" HPOS="2114"/><String ID="p463_w518" CONTENT="and" HPOS="2140" VPOS="2523" WIDTH="61" HEIGHT="75" STYLEREFS="font1"/><SP WIDTH="15" VPOS="2523" HPOS="2201"/><String ID="p463_w519" CONTENT="laft" HPOS="2216" VPOS="2523" WIDTH="59" HEIGHT="75" STYLEREFS="font1"/><SP WIDTH="9" VPOS="2523" HPOS="2275"/><String ID="p463_w520" CONTENT="■" HPOS="2284" VPOS="2497" WIDTH="7" HEIGHT="104" STYLEREFS="font3"/></TextLine><TextLine WIDTH="1031" HEIGHT="75" ID="p463_t101" HPOS="1242" VPOS="2571"><String ID="p463_w521" CONTENT="are" HPOS="1242" VPOS="2571" WIDTH="54" HEIGHT="75" STYLEREFS="font1"/><SP WIDTH="17" VPOS="2571" HPOS="1296"/><String ID="p463_w522" CONTENT="called" HPOS="1313" VPOS="2571" WIDTH="102" HEIGHT="75" STYLEREFS="font1"/><SP WIDTH="16" VPOS="2571" HPOS="1415"/><String ID="p463_w523" CONTENT="extremes," HPOS="1431" VPOS="2571" WIDTH="167" HEIGHT="75" STYLEREFS="font1"/><SP WIDTH="25" VPOS="2571" HPOS="1598"/><String ID="p463_w524" CONTENT="and" HPOS="1623" VPOS="2571" WIDTH="61" HEIGHT="75" STYLEREFS="font1"/><SP WIDTH="17" VPOS="2571" HPOS="1684"/><String ID="p463_w525" CONTENT="the" HPOS="1701" VPOS="2571" WIDTH="54" HEIGHT="75" STYLEREFS="font1"/><SP WIDTH="27" VPOS="2571" HPOS="1755"/><String ID="p463_w526" CONTENT="intermediate" HPOS="1782" VPOS="2571" WIDTH="221" HEIGHT="75" STYLEREFS="font1"/><SP WIDTH="28" VPOS="2571" HPOS="2003"/><String ID="p463_w527" CONTENT="ones" HPOS="2031" VPOS="2571" WIDTH="76" HEIGHT="75" STYLEREFS="font1"/><SP WIDTH="28" VPOS="2571" HPOS="2107"/><String ID="p463_w528" CONTENT="get" HPOS="2135" VPOS="2571" WIDTH="55" HEIGHT="75" STYLEREFS="font1"/><SP WIDTH="26" VPOS="2571" HPOS="2190"/><String ID="p463_w529" CONTENT="the" HPOS="2216" VPOS="2571" WIDTH="57" HEIGHT="75" STYLEREFS="font1"/></TextLine><TextLine WIDTH="605" HEIGHT="75" ID="p463_t102" HPOS="1242" VPOS="2617"><String ID="p463_w530" CONTENT="name" HPOS="1242" VPOS="2617" WIDTH="92" HEIGHT="75" STYLEREFS="font1"/><SP WIDTH="16" VPOS="2617" HPOS="1334"/><String ID="p463_w531" CONTENT="of" HPOS="1350" VPOS="2617" WIDTH="40" HEIGHT="75" STYLEREFS="font1"/><SP WIDTH="11" VPOS="2617" HPOS="1390"/><String ID="p463_w532" CONTENT="means," HPOS="1401" VPOS="2617" WIDTH="121" HEIGHT="75" STYLEREFS="font1"/><SP WIDTH="25" VPOS="2617" HPOS="1522"/><String ID="p463_w533" CONTENT="or" HPOS="1547" VPOS="2617" WIDTH="38" HEIGHT="75" STYLEREFS="font1"/><SP WIDTH="15" VPOS="2617" HPOS="1585"/><String ID="p463_w534" CONTENT="middle" HPOS="1600" VPOS="2617" WIDTH="120" HEIGHT="75" STYLEREFS="font1"/><SP WIDTH="14" VPOS="2617" HPOS="1720"/><String ID="p463_w535" CONTENT="terms." HPOS="1734" VPOS="2617" WIDTH="113" HEIGHT="75" STYLEREFS="font1"/></TextLine><TextLine WIDTH="997" HEIGHT="75" ID="p463_t103" HPOS="1290" VPOS="2663"><String ID="p463_w536" CONTENT="If" HPOS="1290" VPOS="2663" WIDTH="36" HEIGHT="75" STYLEREFS="font1"/><SP WIDTH="8" VPOS="2663" HPOS="1326"/><String ID="p463_w537" CONTENT="four" HPOS="1334" VPOS="2663" WIDTH="77" HEIGHT="75" STYLEREFS="font1"/><SP WIDTH="16" VPOS="2663" HPOS="1411"/><String ID="p463_w538" CONTENT="numbers" HPOS="1427" VPOS="2663" WIDTH="146" HEIGHT="75" STYLEREFS="font1"/><SP WIDTH="28" VPOS="2663" HPOS="1573"/><String ID="p463_w539" CONTENT="are" HPOS="1601" VPOS="2663" WIDTH="54" HEIGHT="75" STYLEREFS="font1"/><SP WIDTH="27" VPOS="2663" HPOS="1655"/><String ID="p463_w540" CONTENT="proportional," HPOS="1682" VPOS="2663" WIDTH="231" HEIGHT="75" STYLEREFS="font1"/><SP WIDTH="25" VPOS="2663" HPOS="1913"/><String ID="p463_w541" CONTENT="they" HPOS="1938" VPOS="2663" WIDTH="79" HEIGHT="75" STYLEREFS="font1"/><SP WIDTH="28" VPOS="2663" HPOS="2017"/><String ID="p463_w542" CONTENT="will" HPOS="2045" VPOS="2663" WIDTH="67" HEIGHT="75" STYLEREFS="font1"/><SP WIDTH="28" VPOS="2663" HPOS="2112"/><String ID="p463_w543" CONTENT="alfo" HPOS="2140" VPOS="2663" WIDTH="65" HEIGHT="75" STYLEREFS="font1"/><SP WIDTH="24" VPOS="2663" HPOS="2205"/><String ID="p463_w544" CONTENT="be*" HPOS="2229" VPOS="2663" WIDTH="58" HEIGHT="75" STYLEREFS="font1"/></TextLine><TextLine WIDTH="1040" HEIGHT="75" ID="p463_t104" HPOS="1242" VPOS="2710"><String ID="p463_w545" CONTENT="inverfely" HPOS="1242" VPOS="2710" WIDTH="155" HEIGHT="75" STYLEREFS="font1"/><SP WIDTH="17" VPOS="2710" HPOS="1397"/><String ID="p463_w546" CONTENT="proportional" HPOS="1414" VPOS="2710" WIDTH="213" HEIGHT="75" STYLEREFS="font1"/><SP WIDTH="16" VPOS="2710" HPOS="1627"/><String ID="p463_w547" CONTENT=";" HPOS="1643" VPOS="2710" WIDTH="10" HEIGHT="75" STYLEREFS="font1"/><SP WIDTH="27" VPOS="2710" HPOS="1653"/><String ID="p463_w548" CONTENT="that" HPOS="1680" VPOS="2710" WIDTH="70" HEIGHT="75" STYLEREFS="font1"/><SP WIDTH="25" VPOS="2710" HPOS="1750"/><String ID="p463_w549" CONTENT="is," HPOS="1775" VPOS="2710" WIDTH="40" HEIGHT="75" STYLEREFS="font1"/><SP WIDTH="24" VPOS="2710" HPOS="1815"/><String ID="p463_w550" CONTENT="the" HPOS="1839" VPOS="2710" WIDTH="56" HEIGHT="75" STYLEREFS="font1"/><SP WIDTH="18" VPOS="2710" HPOS="1895"/><String ID="p463_w551" CONTENT="fir(t" HPOS="1913" VPOS="2710" WIDTH="63" HEIGHT="75" STYLEREFS="font1"/><SP WIDTH="16" VPOS="2710" HPOS="1976"/><String ID="p463_w552" CONTENT="conlequent" HPOS="1992" VPOS="2710" WIDTH="193" HEIGHT="75" STYLEREFS="font1"/><SP WIDTH="17" VPOS="2710" HPOS="2185"/><String ID="p463_w553" CONTENT="will;" HPOS="2202" VPOS="2710" WIDTH="80" HEIGHT="75" STYLEREFS="font1"/></TextLine><TextLine WIDTH="1027" HEIGHT="75" ID="p463_t105" HPOS="1241" VPOS="2757"><String ID="p463_w554" CONTENT="be" HPOS="1241" VPOS="2757" WIDTH="38" HEIGHT="75" STYLEREFS="font1"/><SP WIDTH="17" VPOS="2757" HPOS="1279"/><String ID="p463_w555" CONTENT="to" HPOS="1296" VPOS="2757" WIDTH="35" HEIGHT="75" STYLEREFS="font1"/><SP WIDTH="23" VPOS="2757" HPOS="1331"/><String ID="p463_w556" CONTENT="its" HPOS="1354" VPOS="2757" WIDTH="41" HEIGHT="75" STYLEREFS="font1"/><SP WIDTH="25" VPOS="2757" HPOS="1395"/><String ID="p463_w557" CONTENT="own" HPOS="1420" VPOS="2757" WIDTH="73" HEIGHT="75" STYLEREFS="font1"/><SP WIDTH="27" VPOS="2757" HPOS="1493"/><String ID="p463_w558" CONTENT="antecedent" HPOS="1520" VPOS="2757" WIDTH="187" HEIGHT="75" STYLEREFS="font1"/><SP WIDTH="26" VPOS="2757" HPOS="1707"/><String ID="p463_w559" CONTENT="as" HPOS="1733" VPOS="2757" WIDTH="34" HEIGHT="75" STYLEREFS="font1"/><SP WIDTH="28" VPOS="2757" HPOS="1767"/><String ID="p463_w560" CONTENT="the" HPOS="1795" VPOS="2757" WIDTH="55" HEIGHT="75" STYLEREFS="font1"/><SP WIDTH="27" VPOS="2757" HPOS="1850"/><String ID="p463_w561" CONTENT="fecond" HPOS="1877" VPOS="2757" WIDTH="116" HEIGHT="75" STYLEREFS="font1"/><SP WIDTH="26" VPOS="2757" HPOS="1993"/><String ID="p463_w562" CONTENT="confequent" HPOS="2019" VPOS="2757" WIDTH="193" HEIGHT="75" STYLEREFS="font1"/><SP WIDTH="27" VPOS="2757" HPOS="2212"/><String ID="p463_w563" CONTENT="is" HPOS="2239" VPOS="2757" WIDTH="29" HEIGHT="75" STYLEREFS="font1"/></TextLine><TextLine WIDTH="1029" HEIGHT="75" ID="p463_t106" HPOS="1239" VPOS="2803"><String ID="p463_w564" CONTENT="to" HPOS="1239" VPOS="2803" WIDTH="35" HEIGHT="75" STYLEREFS="font1"/><SP WIDTH="16" VPOS="2803" HPOS="1274"/><String ID="p463_w565" CONTENT="its" HPOS="1290" VPOS="2803" WIDTH="41" HEIGHT="75" STYLEREFS="font1"/><SP WIDTH="16" VPOS="2803" HPOS="1331"/><String ID="p463_w566" CONTENT="antecedent;" HPOS="1347" VPOS="2803" WIDTH="208" HEIGHT="75" STYLEREFS="font1"/><SP WIDTH="26" VPOS="2803" HPOS="1555"/><String ID="p463_w567" CONTENT="or" HPOS="1581" VPOS="2803" WIDTH="38" HEIGHT="75" STYLEREFS="font1"/><SP WIDTH="27" VPOS="2803" HPOS="1619"/><String ID="p463_w568" CONTENT="the" HPOS="1646" VPOS="2803" WIDTH="56" HEIGHT="75" STYLEREFS="font1"/><SP WIDTH="24" VPOS="2803" HPOS="1702"/><String ID="p463_w569" CONTENT="fourth" HPOS="1726" VPOS="2803" WIDTH="111" HEIGHT="75" STYLEREFS="font1"/><SP WIDTH="28" VPOS="2803" HPOS="1837"/><String ID="p463_w570" CONTENT="term" HPOS="1865" VPOS="2803" WIDTH="82" HEIGHT="75" STYLEREFS="font1"/><SP WIDTH="25" VPOS="2803" HPOS="1947"/><String ID="p463_w571" CONTENT="will" HPOS="1972" VPOS="2803" WIDTH="70" HEIGHT="75" STYLEREFS="font1"/><SP WIDTH="30" VPOS="2803" HPOS="2042"/><String ID="p463_w572" CONTENT="be" HPOS="2072" VPOS="2803" WIDTH="40" HEIGHT="75" STYLEREFS="font1"/><SP WIDTH="33" VPOS="2803" HPOS="2112"/><String ID="p463_w573" CONTENT="to" HPOS="2145" VPOS="2803" WIDTH="34" HEIGHT="75" STYLEREFS="font1"/><SP WIDTH="32" VPOS="2803" HPOS="2179"/><String ID="p463_w574" CONTENT="the" HPOS="2211" VPOS="2803" WIDTH="57" HEIGHT="75" STYLEREFS="font1"/></TextLine><TextLine WIDTH="1026" HEIGHT="75" ID="p463_t107" HPOS="1238" VPOS="2850"><String ID="p463_w575" CONTENT="third" HPOS="1238" VPOS="2850" WIDTH="89" HEIGHT="75" STYLEREFS="font1"/><SP WIDTH="10" VPOS="2850" HPOS="1327"/><String ID="p463_w576" CONTENT="as" HPOS="1337" VPOS="2850" WIDTH="33" HEIGHT="75" STYLEREFS="font1"/><SP WIDTH="12" VPOS="2850" HPOS="1370"/><String ID="p463_w577" CONTENT="the" HPOS="1382" VPOS="2850" WIDTH="56" HEIGHT="75" STYLEREFS="font1"/><SP WIDTH="10" VPOS="2850" HPOS="1438"/><String ID="p463_w578" CONTENT="fecond" HPOS="1448" VPOS="2850" WIDTH="116" HEIGHT="75" STYLEREFS="font1"/><SP WIDTH="11" VPOS="2850" HPOS="1564"/><String ID="p463_w579" CONTENT="is" HPOS="1575" VPOS="2850" WIDTH="27" HEIGHT="75" STYLEREFS="font1"/><SP WIDTH="18" VPOS="2850" HPOS="1602"/><String ID="p463_w580" CONTENT="to" HPOS="1620" VPOS="2850" WIDTH="36" HEIGHT="75" STYLEREFS="font1"/><SP WIDTH="11" VPOS="2850" HPOS="1656"/><String ID="p463_w581" CONTENT="the" HPOS="1667" VPOS="2850" WIDTH="55" HEIGHT="75" STYLEREFS="font1"/><SP WIDTH="12" VPOS="2850" HPOS="1722"/><String ID="p463_w582" CONTENT="firft." HPOS="1734" VPOS="2850" WIDTH="77" HEIGHT="75" STYLEREFS="font1"/><SP WIDTH="47" VPOS="2850" HPOS="1811"/><String ID="p463_w583" CONTENT="Thus," HPOS="1858" VPOS="2850" WIDTH="109" HEIGHT="75" STYLEREFS="font1"/><SP WIDTH="18" VPOS="2850" HPOS="1967"/><String ID="p463_w584" CONTENT="if" HPOS="1985" VPOS="2850" WIDTH="30" HEIGHT="75" STYLEREFS="font1"/><SP WIDTH="12" VPOS="2850" HPOS="2015"/><String ID="p463_w585" CONTENT="6" HPOS="2027" VPOS="2850" WIDTH="21" HEIGHT="75" STYLEREFS="font1"/><SP WIDTH="12" VPOS="2850" HPOS="2048"/><String ID="p463_w586" CONTENT=":" HPOS="2060" VPOS="2850" WIDTH="9" HEIGHT="75" STYLEREFS="font1"/><SP WIDTH="15" VPOS="2850" HPOS="2069"/><String ID="p463_w587" CONTENT="3" HPOS="2084" VPOS="2850" WIDTH="16" HEIGHT="75" STYLEREFS="font1"/><SP WIDTH="16" VPOS="2850" HPOS="2100"/><String ID="p463_w588" CONTENT="::" HPOS="2116" VPOS="2850" WIDTH="24" HEIGHT="75" STYLEREFS="font1"/><SP WIDTH="17" VPOS="2850" HPOS="2140"/><String ID="p463_w589" CONTENT="10" HPOS="2157" VPOS="2850" WIDTH="40" HEIGHT="75" STYLEREFS="font1"/><SP WIDTH="12" VPOS="2850" HPOS="2197"/><String ID="p463_w590" CONTENT=":" HPOS="2209" VPOS="2850" WIDTH="9" HEIGHT="75" STYLEREFS="font1"/><SP WIDTH="13" VPOS="2850" HPOS="2218"/><String ID="p463_w591" CONTENT="5," HPOS="2231" VPOS="2850" WIDTH="33" HEIGHT="75" STYLEREFS="font1"/></TextLine><TextLine WIDTH="1024" HEIGHT="75" ID="p463_t108" HPOS="1240" VPOS="2896"><String ID="p463_w592" CONTENT="then" HPOS="1240" VPOS="2896" WIDTH="76" HEIGHT="75" STYLEREFS="font1"/><SP WIDTH="27" VPOS="2896" HPOS="1316"/><String ID="p463_w593" CONTENT="by" HPOS="1343" VPOS="2896" WIDTH="44" HEIGHT="75" STYLEREFS="font1"/><SP WIDTH="26" VPOS="2896" HPOS="1387"/><String ID="p463_w594" CONTENT="inverfion," HPOS="1413" VPOS="2896" WIDTH="165" HEIGHT="75" STYLEREFS="font1"/><SP WIDTH="28" VPOS="2896" HPOS="1578"/><String ID="p463_w595" CONTENT="3" HPOS="1606" VPOS="2896" WIDTH="17" HEIGHT="75" STYLEREFS="font1"/><SP WIDTH="23" VPOS="2896" HPOS="1623"/><String ID="p463_w596" CONTENT=":" HPOS="1646" VPOS="2896" WIDTH="8" HEIGHT="75" STYLEREFS="font1"/><SP WIDTH="20" VPOS="2896" HPOS="1654"/><String ID="p463_w597" CONTENT="6" HPOS="1674" VPOS="2896" WIDTH="22" HEIGHT="75" STYLEREFS="font1"/><SP WIDTH="20" VPOS="2896" HPOS="1696"/><String ID="p463_w598" CONTENT="::" HPOS="1716" VPOS="2896" WIDTH="24" HEIGHT="75" STYLEREFS="font1"/><SP WIDTH="25" VPOS="2896" HPOS="1740"/><String ID="p463_w599" CONTENT="5" HPOS="1765" VPOS="2896" WIDTH="16" HEIGHT="75" STYLEREFS="font1"/><SP WIDTH="20" VPOS="2896" HPOS="1781"/><String ID="p463_w600" CONTENT=":" HPOS="1801" VPOS="2896" WIDTH="10" HEIGHT="75" STYLEREFS="font1"/><SP WIDTH="24" VPOS="2896" HPOS="1811"/><String ID="p463_w601" CONTENT="10," HPOS="1835" VPOS="2896" WIDTH="54" HEIGHT="75" STYLEREFS="font1"/><SP WIDTH="25" VPOS="2896" HPOS="1889"/><String ID="p463_w602" CONTENT="or" HPOS="1914" VPOS="2896" WIDTH="38" HEIGHT="75" STYLEREFS="font1"/><SP WIDTH="27" VPOS="2896" HPOS="1952"/><String ID="p463_w603" CONTENT="5" HPOS="1979" VPOS="2896" WIDTH="16" HEIGHT="75" STYLEREFS="font1"/><SP WIDTH="23" VPOS="2896" HPOS="1995"/><String ID="p463_w604" CONTENT=":" HPOS="2018" VPOS="2896" WIDTH="9" HEIGHT="75" STYLEREFS="font1"/><SP WIDTH="25" VPOS="2896" HPOS="2027"/><String ID="p463_w605" CONTENT="10" HPOS="2052" VPOS="2896" WIDTH="40" HEIGHT="75" STYLEREFS="font1"/><SP WIDTH="20" VPOS="2896" HPOS="2092"/><String ID="p463_w606" CONTENT="::" HPOS="2112" VPOS="2896" WIDTH="25" HEIGHT="75" STYLEREFS="font1"/><SP WIDTH="22" VPOS="2896" HPOS="2137"/><String ID="p463_w607" CONTENT="3" HPOS="2159" VPOS="2896" WIDTH="16" HEIGHT="75" STYLEREFS="font1"/><SP WIDTH="23" VPOS="2896" HPOS="2175"/><String ID="p463_w608" CONTENT=":" HPOS="2198" VPOS="2896" WIDTH="8" HEIGHT="75" STYLEREFS="font1"/><SP WIDTH="22" VPOS="2896" HPOS="2206"/><String ID="p463_w609" CONTENT="6." HPOS="2228" VPOS="2896" WIDTH="36" HEIGHT="75" STYLEREFS="font1"/></TextLine><TextLine WIDTH="1029" HEIGHT="75" ID="p463_t109" HPOS="1236" VPOS="2944"><String ID="p463_w610" CONTENT="Euclid" HPOS="1236" VPOS="2944" WIDTH="123" HEIGHT="75" STYLEREFS="font1"/><SP WIDTH="12" VPOS="2944" HPOS="1359"/><String ID="p463_w611" CONTENT="v." HPOS="1371" VPOS="2944" WIDTH="33" HEIGHT="75" STYLEREFS="font1"/><SP WIDTH="25" VPOS="2944" HPOS="1404"/><String ID="p463_w612" CONTENT="4." HPOS="1429" VPOS="2944" WIDTH="34" HEIGHT="75" STYLEREFS="font1"/><SP WIDTH="16" VPOS="2944" HPOS="1463"/><String ID="p463_w613" CONTENT="cor." HPOS="1479" VPOS="2944" WIDTH="69" HEIGHT="75" STYLEREFS="font1"/><SP WIDTH="49" VPOS="2944" HPOS="1548"/><String ID="p463_w614" CONTENT="By" HPOS="1597" VPOS="2944" WIDTH="53" HEIGHT="75" STYLEREFS="font1"/><SP WIDTH="15" VPOS="2944" HPOS="1650"/><String ID="p463_w615" CONTENT="either" HPOS="1665" VPOS="2944" WIDTH="104" HEIGHT="75" STYLEREFS="font1"/><SP WIDTH="14" VPOS="2944" HPOS="1769"/><String ID="p463_w616" CONTENT="of" HPOS="1783" VPOS="2944" WIDTH="41" HEIGHT="75" STYLEREFS="font1"/><SP WIDTH="22" VPOS="2944" HPOS="1824"/><String ID="p463_w617" CONTENT="thefe" HPOS="1846" VPOS="2944" WIDTH="88" HEIGHT="75" STYLEREFS="font1"/><SP WIDTH="15" VPOS="2944" HPOS="1934"/><String ID="p463_w618" CONTENT="kinds" HPOS="1949" VPOS="2944" WIDTH="93" HEIGHT="75" STYLEREFS="font1"/><SP WIDTH="17" VPOS="2944" HPOS="2042"/><String ID="p463_w619" CONTENT="of" HPOS="2059" VPOS="2944" WIDTH="40" HEIGHT="75" STYLEREFS="font1"/><SP WIDTH="10" VPOS="2944" HPOS="2099"/><String ID="p463_w620" CONTENT="inveifioa" HPOS="2109" VPOS="2944" WIDTH="156" HEIGHT="75" STYLEREFS="font1"/></TextLine><TextLine WIDTH="879" HEIGHT="75" ID="p463_t110" HPOS="1235" VPOS="2990"><String ID="p463_w621" CONTENT="may" HPOS="1235" VPOS="2990" WIDTH="73" HEIGHT="75" STYLEREFS="font1"/><SP WIDTH="16" VPOS="2990" HPOS="1308"/><String ID="p463_w622" CONTENT="any-" HPOS="1324" VPOS="2990" WIDTH="68" HEIGHT="75" STYLEREFS="font1"/><SP WIDTH="13" VPOS="2990" HPOS="1392"/><String ID="p463_w623" CONTENT="queftion" HPOS="1405" VPOS="2990" WIDTH="146" HEIGHT="75" STYLEREFS="font1"/><SP WIDTH="12" VPOS="2990" HPOS="1551"/><String ID="p463_w624" CONTENT="in" HPOS="1563" VPOS="2990" WIDTH="32" HEIGHT="75" STYLEREFS="font1"/><SP WIDTH="17" VPOS="2990" HPOS="1595"/><String ID="p463_w625" CONTENT="the" HPOS="1612" VPOS="2990" WIDTH="55" HEIGHT="75" STYLEREFS="font1"/><SP WIDTH="17" VPOS="2990" HPOS="1667"/><String ID="p463_w626" CONTENT="rule" HPOS="1684" VPOS="2990" WIDTH="68" HEIGHT="75" STYLEREFS="font1"/><SP WIDTH="15" VPOS="2990" HPOS="1752"/><String ID="p463_w627" CONTENT="of" HPOS="1767" VPOS="2990" WIDTH="42" HEIGHT="75" STYLEREFS="font1"/><SP WIDTH="9" VPOS="2990" HPOS="1809"/><String ID="p463_w628" CONTENT="three" HPOS="1818" VPOS="2990" WIDTH="94" HEIGHT="75" STYLEREFS="font1"/><SP WIDTH="14" VPOS="2990" HPOS="1912"/><String ID="p463_w629" CONTENT="be" HPOS="1926" VPOS="2990" WIDTH="39" HEIGHT="75" STYLEREFS="font1"/><SP WIDTH="16" VPOS="2990" HPOS="1965"/><String ID="p463_w630" CONTENT="proved." HPOS="1981" VPOS="2990" WIDTH="133" HEIGHT="75" STYLEREFS="font1"/></TextLine><TextLine WIDTH="979" HEIGHT="75" ID="p463_t111" HPOS="1283" VPOS="3037"><String ID="p463_w631" CONTENT="If" HPOS="1283" VPOS="3037" WIDTH="35" HEIGHT="75" STYLEREFS="font1"/><SP WIDTH="11" VPOS="3037" HPOS="1318"/><String ID="p463_w632" CONTENT="four" HPOS="1329" VPOS="3037" WIDTH="73" HEIGHT="75" STYLEREFS="font1"/><SP WIDTH="16" VPOS="3037" HPOS="1402"/><String ID="p463_w633" CONTENT="numbers" HPOS="1418" VPOS="3037" WIDTH="148" HEIGHT="75" STYLEREFS="font1"/><SP WIDTH="21" VPOS="3037" HPOS="1566"/><String ID="p463_w634" CONTENT="are" HPOS="1587" VPOS="3037" WIDTH="54" HEIGHT="75" STYLEREFS="font1"/><SP WIDTH="15" VPOS="3037" HPOS="1641"/><String ID="p463_w635" CONTENT="proportional," HPOS="1656" VPOS="3037" WIDTH="230" HEIGHT="75" STYLEREFS="font1"/><SP WIDTH="26" VPOS="3037" HPOS="1886"/><String ID="p463_w636" CONTENT="they" HPOS="1912" VPOS="3037" WIDTH="78" HEIGHT="75" STYLEREFS="font1"/><SP WIDTH="15" VPOS="3037" HPOS="1990"/><String ID="p463_w637" CONTENT="will" HPOS="2005" VPOS="3037" WIDTH="66" HEIGHT="75" STYLEREFS="font1"/><SP WIDTH="16" VPOS="3037" HPOS="2071"/><String ID="p463_w638" CONTENT="alfo" HPOS="2087" VPOS="3037" WIDTH="65" HEIGHT="75" STYLEREFS="font1"/><SP WIDTH="11" VPOS="3037" HPOS="2152"/><String ID="p463_w639" CONTENT="be" HPOS="2163" VPOS="3037" WIDTH="40" HEIGHT="75" STYLEREFS="font1"/><SP WIDTH="12" VPOS="3037" HPOS="2203"/><String ID="p463_w640" CONTENT="al-" HPOS="2215" VPOS="3037" WIDTH="47" HEIGHT="75" STYLEREFS="font1"/></TextLine><TextLine WIDTH="1028" HEIGHT="75" ID="p463_t112" HPOS="1235" VPOS="3086"><String ID="p463_w641" CONTENT="ternately" HPOS="1235" VPOS="3086" WIDTH="157" HEIGHT="75" STYLEREFS="font1"/><SP WIDTH="12" VPOS="3086" HPOS="1392"/><String ID="p463_w642" CONTENT="proportional;" HPOS="1404" VPOS="3086" WIDTH="240" HEIGHT="75" STYLEREFS="font1"/><SP WIDTH="35" VPOS="3086" HPOS="1644"/><String ID="p463_w643" CONTENT="that" HPOS="1679" VPOS="3086" WIDTH="70" HEIGHT="75" STYLEREFS="font1"/><SP WIDTH="26" VPOS="3086" HPOS="1749"/><String ID="p463_w644" CONTENT="is," HPOS="1775" VPOS="3086" WIDTH="40" HEIGHT="75" STYLEREFS="font1"/><SP WIDTH="25" VPOS="3086" HPOS="1815"/><String ID="p463_w645" CONTENT="the" HPOS="1840" VPOS="3086" WIDTH="56" HEIGHT="75" STYLEREFS="font1"/><SP WIDTH="14" VPOS="3086" HPOS="1896"/><String ID="p463_w646" CONTENT="firft" HPOS="1910" VPOS="3086" WIDTH="65" HEIGHT="75" STYLEREFS="font1"/><SP WIDTH="17" VPOS="3086" HPOS="1975"/><String ID="p463_w647" CONTENT="antecedent" HPOS="1992" VPOS="3086" WIDTH="188" HEIGHT="75" STYLEREFS="font1"/><SP WIDTH="15" VPOS="3086" HPOS="2180"/><String ID="p463_w648" CONTENT="will" HPOS="2195" VPOS="3086" WIDTH="68" HEIGHT="75" STYLEREFS="font1"/></TextLine><TextLine WIDTH="80" HEIGHT="75" ID="p463_t113" HPOS="1791" VPOS="3134"><String ID="p463_w649" CONTENT="5" HPOS="1791" VPOS="3134" WIDTH="18" HEIGHT="75" STYLEREFS="font1"/><SP WIDTH="27" VPOS="3134" HPOS="1809"/><String ID="p463_w650" CONTENT="D" HPOS="1836" VPOS="3134" WIDTH="35" HEIGHT="75" STYLEREFS="font1"/></TextLine><TextLine WIDTH="42" HEIGHT="75" ID="p463_t114" HPOS="2225" VPOS="3134"><String ID="p463_w651" CONTENT="be" HPOS="2225" VPOS="3134" WIDTH="42" HEIGHT="75" STYLEREFS="font1"/></TextLine></PrintSpace></Page></Layout></alto>