2443 3377
525 175 229 75 ARC

1086 175 20 75 (
1147 175 97 75 ’345
1303 175 22 75 )

1662 175 232 75 ARC

149 223 6 104 ■
155 249 258 75 ARBORIST,
445 249 18 75 a
486 249 113 75 perfon
623 249 112 75 (killed
756 249 33 75 in
799 249 86 75 .that
910 249 72 75 part
1006 249 41 75 of
1064 249 123 75 botany

201 296 105 75 which
324 296 100 75 treats
436 296 40 75 of
494 296 98 75 trees.

154 343 215 75 ARBOUR,
394 343 33 75 in
444 343 187 75 gardening,
657 343 19 75 a
699 343 78 75 kind
801 343 40 75 of
859 343 97 75 fliady
971 343 122 75 bower,
1117 343 68 75 for-

202 388 100 75 merly
319 388 33 75 in
367 388 93 75 great
474 388 129 75 efteem,
628 388 57 75 but
698 388 40 75 of
749 388 63 75 late
830 388 150 75 rejedted,
998 388 41 75 on
1052 388 136 75 account

202 437 39 75 of
260 437 41 75 its
318 437 94 75 being
429 437 96 75 damp
540 437 65 75 and
620 437 247 75 unwholefome.

248 482 147 75 Arbours
412 482 54 75 are
482 482 164 75 generally
662 482 93 75 made
770 482 40 75 of
829 482 229 75 lattice-work,
1083 482 105 75 either

201 530 40 75 of
251 530 97 75 wood
359 530 38 75 or
412 530 84 75 iron,
522 530 61 75 and
600 530 137 75 covered
748 530 78 75 with
843 530 91 75 elms,
958 530 105 75 limes,
1088 530 97 75 horn-

201 575 106 75 beams
320 575 10 75 ;
357 575 38 75 or
411 575 80 75 with
504 575 160 75 creepers,
689 575 34 75 as
741 575 258 75 honey-fuckles,
1022 575 163 75 jafmines,

203 622 37 75 or
264 622 277 75 paflion-flowers;
576 622 103 75 either
703 622 39 75 of
766 622 107 75 which
898 622 66 75 will
987 622 120 75 anfwer
1131 622 55 75 the

202 668 134 75 purpofe
353 668 78 75 very
443 668 86 75 well,
554 668 31 75 if
604 668 121 75 rightly
736 668 167 75 managed.

155 715 245 75 ARBUTUS,
425 715 33 75 in
475 715 132 75 botany,
634 715 19 75 a
668 715 98 75 genus
789 715 40 75 of
851 715 55 75 the
930 715 171 75 decandria
1117 715 70 75 mo-

200 761 140 75 nogynia
362 761 91 75 clafs.
501 761 77 75 The
602 761 87 75 calix
712 761 41 75 of
771 761 56 75 the
852 761 130 75 arbutus
1007 761 26 75 is
1056 761 131 75 divided

200 807 69 75 into
286 807 61 75 five
370 807 110 75 parts;
505 807 55 75 the
585 807 122 75 corolla
728 807 26 75 is
779 807 138 75 ovated;
943 807 56 75 the
1023 807 79 75 fruit
1118 807 27 75 is
1169 807 19 75 a

202 853 96 75 berry
320 853 80 75 with
424 853 61 75 five
508 853 167 75 partitions
698 853 38 75 or
758 853 91 75 cells.
911 853 113 75 There
1047 853 54 75 are
1123 853 63 75 five

201 901 117 75 fpecies
335 901 40 75 of
386 901 144 75 arbutus,
555 901 69 75 viz,
650 901 56 75 the
721 901 118 75 unedo,
863 901 37 75 or
917 901 148 75 common
1078 901 107 75 ftraw-

202 947 191 75 berry-tree,
430 947 19 75 a
473 947 105 75 native
606 947 43 75 of
670 947 127 75 Britain
816 947 10 75 ;
861 947 55 75 the
941 947 193 75 andrachne,
1168 947 19 75 a

202 994 106 75 native
325 994 40 75 of
382 994 56 75 the
461 994 78 75 Eaft
562 994 129 75 Indies;
714 994 59 75 the
790 994 180 75 acadienfis,
996 994 18 75 a
1031 994 104 75 native
1152 994 41 75 of

200 1040 147 75 Acadia;
380 1040 55 75 the
459 1040 116 75 alpina,
607 1040 37 75 or
670 1040 162 75 mountain
857 1040 286 75 ftrawberry-tree,
1169 1040 20 75 a

200 1087 106 75 native
318 1087 39 75 of
368 1087 125 75 Britain
506 1087 10 75 ;
544 1087 62 75 and
622 1087 56 75 the
694 1087 62 75 uva
772 1087 71 75 urfi,
869 1087 18 75 a
904 1087 87 75 plant
1008 1087 99 75 lately
1124 1087 63 75 dif-

201 1132 138 75 covered
354 1132 33 75 in
403 1132 55 75 the
475 1132 182 75 Highlands
674 1132 40 75 of
726 1132 166 75 Scotland,
918 1132 62 75 and
996 1132 107 75 which
1120 1132 66 75 for-

202 1180 101 75 merly
319 1180 65 75 was
400 1180 139 75 thought
556 1180 59 75 not
629 1180 35 75 to
680 1180 40 75 be
738 1180 17 75 a
770 1180 106 75 native
893 1180 40 75 of
952 1180 139 75 Britain.

154 1227 111 75 ARC,
291 1227 100 75 Ark,
417 1227 38 75 or
472 1227 127 75 Arch.
649 1227 62 75 See
727 1227 128 75 Arch.

153 1274 133 75 ARCA
303 1274 118 75 cordis,
445 1274 56 75 the
517 1274 83 75 fame
617 1274 79 75 with
711 1274 225 75 pericardium.
986 1274 62 75 See
1068 1274 118 75 Peri-

204 1319 193 75 cardium.

153 1366 237 75 ARCADIA,
416 1366 19 75 a
459 1366 141 75 fea-port
623 1366 89 75 town
737 1366 40 75 of
795 1366 173 75 European
991 1366 132 75 Turky,
1148 1366 38 75 fi-

202 1412 111 75 tuated
336 1412 41 75 on
402 1412 56 75 the
482 1412 131 75 weftern
641 1412 84 75 coaft
752 1412 40 75 of
819 1412 55 75 the
898 1412 130 75 Morea,
1059 1412 31 75 in
1118 1412 17 75 2
1143 1412 41 75 2°

201 1457 147 75 E.long.
375 1457 62 75 and
455 1457 42 75 37
497 1439 21 49 0
536 1457 45 75 20
607 1457 49 75 N.
674 1457 57 75 lat.
751 1457 8 75 -

156 1504 264 75 ARCANGIS,
445 1504 31 75 in
494 1504 55 75 the
564 1504 142 75 Turkifti
724 1504 126 75 armies,
876 1504 19 75 a
909 1504 79 75 kind
1007 1504 40 75 of
1065 1504 121 75 irregu-

204 1550 47 75 lar
266 1550 208 75 light-armed
491 1550 93 75 horfe
601 1550 104 75 which
722 1550 105 75 fubfift
843 1550 44 75 by
903 1550 147 75 plunder.

155 1598 261 75 ARCANUM,
442 1598 115 75 among
579 1598 186 75 phyficians,
792 1598 62 75 any
876 1598 143 75 remedy,
1045 1598 54 75 the
1116 1598 71 75 pre-

203 1643 143 75 paration
363 1643 41 75 of
422 1643 106 75 which
544 1643 27 75 is
593 1643 220 75 induftrioufly
829 1643 183 75 concealed,
1037 1643 33 75 in
1093 1643 96 75 order

203 1691 35 75 to
254 1691 141 75 enhance
411 1691 41 75 its
468 1691 106 75 value.

159 1736 354 75 ARCBOUTANT,
553 1736 34 75 in
618 1736 158 75 building,
817 1736 41 75 an
890 1736 119 75 arched
1039 1736 149 75 buttrefs.

206 1784 60 75 See
283 1784 226 75 Buttress.

154 1830 148 75 ARCH,
327 1830 32 75 in
376 1830 179 75 geometry,
581 1830 61 75 any
658 1830 71 75 part
748 1830 40 75 of
806 1830 57 75 the
887 1830 249 75 circumference
1152 1830 42 75 of

203 1876 18 75 a
237 1876 96 75 circle
349 1876 38 75 or
411 1876 119 75 curved
545 1876 78 75 line,
649 1876 89 75 lying
754 1876 85 75 from
862 1876 61 75 one
946 1876 90 75 point
1052 1876 35 75 to
1111 1876 76 75 ano-

200 1923 84 75 ther,
316 1923 43 75 by
382 1923 106 75 which
512 1923 56 75 the
592 1923 148 75 quantity
763 1923 40 75 of
821 1923 55 75 the
899 1923 106 75 whole
1030 1923 95 75 circle
1149 1923 39 75 or

200 1970 76 75 line,
301 1970 37 75 or
355 1970 85 75 fome
452 1970 95 75 other
563 1970 92 75 thing
671 1970 115 75 fought
802 1970 95 75 after,
915 1970 74 75 may
1000 1970 40 75 be
1056 1970 129 75 gather-

201 2015 52 75 ed.
304 2015 61 75 See
382 2015 244 75 Geometry.

154 2061 126 75 Arch,
305 2061 32 75 in
361 2061 222 75 architefture,
609 2061 18 75 a
650 2061 138 75 concave
812 2061 146 75 building
981 2061 125 75 erefted
1134 2061 52 75 for

201 2107 56 75 the
272 2107 149 75 purpofes
438 2107 40 75 of
496 2107 185 75 fupporting
696 2107 87 75 fome
799 2107 164 75 ftrudhire,
988 2107 37 75 or
1049 2107 51 75 for
1117 2107 67 75 ma-

201 2152 76 75 king
302 2152 40 75 an
365 2152 73 75 eafy
462 2152 123 75 paflage
610 2152 77 75 over
712 2152 111 75 rivers.
874 2152 62 75 See
957 2152 226 75 Architec-

204 2199 117 75 ture.

147 2245 205 75 Triumphal
366 2245 125 75 Arch,
518 2245 18 75 a
552 2245 112 75 (lately
676 2245 73 75 gate
765 2245 41 75 of
823 2245 20 75 a
857 2245 213 75 femicircular
1086 2245 96 75 form,

201 2291 141 75 adorned
366 2291 81 75 -with
471 2291 171 75 fculpture,
672 2291 210 75 inferiptions,
909 2291 64 75 <bc.
1004 2291 126 75 ereded
1151 2291 32 75 in

201 2338 126 75 honour
343 2338 41 75 of
402 2338 90 75 thofe
508 2338 74 75 who
598 2338 65 75 had
675 2338 150 75 deferved
841 2338 19 75 a
875 2338 155 75 triumph.

154 2384 127 75 Arch,
315 2384 31 75 in
375 2384 217 75 compofition,
626 2384 132 75 fignifies
787 2384 98 75 chief,
918 2384 38 75 or
983 2384 40 75 of
1042 2384 55 75 the
1120 2384 64 75 firft

201 2430 90 75 clafs,
317 2430 33 75 as
367 2430 183 75 archangel,
575 2430 199 75 archbilhop,
800 2430 64 75 foe.

152 2477 136 75 ARCH
302 2477 109 75 EUS,
437 2477 36 75 or
491 2477 200 75 Archeus.
742 2477 61 75 See
821 2477 196 75 Archeus.

152 2524 321 75 ARCHANGEL,
499 2524 38 75 an
555 2524 90 75 angel
662 2524 177 75 occupying
856 2524 56 75 the
928 2524 111 75 eighth
1056 2524 79 75 rank
1150 2524 34 75 in

201 2570 54 75 the
271 2570 136 75 celeftial
423 2570 179 75 hierarchy.

152 2617 259 75 Archangel,
437 2617 32 75 in
485 2617 133 75 botany.
664 2617 66 75 See
745 2617 183 75 Lamium.

151 2663 259 75 Archangel,
436 2663 31 75 in
489 2663 194 75 geography,
709 2663 19 75 a
750 2663 66 75 city
841 2663 40 75 of
899 2663 55 75 the
979 2663 149 75 province
1148 2663 41 75 of

200 2709 120 75 Dwina
336 2709 32 75 in
392 2709 118 75 Rufiia,
536 2709 134 75 fituated
684 2709 75 75 four
775 2709 89 75 miles
888 2709 84 75 from
992 2709 56 75 the
1064 2709 118 75 White

201 2755 74 75 Sea,
300 2755 31 75 in
350 2755 67 75 40°
442 2755 51 75 la'
509 2755 45 75 E.
571 2755 89 75 long,
686 2755 63 75 and
765 2755 67 75 64°
854 2755 53 75 30'
924 2755 47 75 N.
988 2755 59 75 lat.

149 2803 327 75 ARCHBISHOP,
510 2803 18 75 a
552 2803 120 75 prelate
695 2803 76 75 who
797 2803 58 75 has
880 2803 117 75 feveral
1022 2803 159 75 fuffragan

199 2849 122 75 bilhops
339 2849 101 75 under
455 2849 81 75 him.
584 2849 112 75 There
712 2849 54 75 are
788 2849 79 75 only
889 2849 66 75 two
980 2849 202 75 archbifhops

197 2894 32 75 in
254 2894 171 75 England;
457 2894 56 75 the
537 2894 186 75 archbifhop
751 2894 41 75 of
810 2894 215 75 Canterbury,
1058 2894 74 75 who
1155 2894 27 75 is

197 2941 136 75 primate
349 2941 41 75 of
409 2941 42 75 all
469 2941 173 75 England;
669 2941 64 75 and
749 2941 55 75 the
817 2941 184 75 archbilhop
1018 2941 41 75 of
1077 2941 106 75 York,

196 2988 77 75 who
290 2988 26 75 is
333 2988 188 75 onlyftyled
540 2988 133 75 primate
690 2988 41 75 of
749 2988 163 75 England.

245 3036 98 75 Vol.
368 3036 31 75 I.
446 3036 72 75 No.
548 3036 53 75 ij.

1132 3036 22 75 3

1230 242 408 75 ARCHBISHOPRIC,
1664 242 32 75 in
1713 242 214 75 ecclefiaftical
1945 242 195 75 geography,
2158 242 19 75 a
2188 242 74 75 pro-

1230 288 4 75 •
1276 288 94 75 vince
1386 288 118 75 fubjed
1516 288 34 75 to
1568 288 56 75 the
1636 288 199 75 jurifdidion
1853 288 39 75 of
1911 288 39 75 an
1968 288 198 75 archbifhop.

1232 336 349 75 ARCHBUTLER,
1607 336 60 75 one
1680 336 41 75 of
1732 336 55 75 the
1804 336 91 75 great
1912 336 124 75 officers
2053 336 39 75 of
2104 336 54 75 the
2175 336 88 75 Ger-

1279 381 72 75 man
1368 381 131 75 empire,
1525 381 75 75 who
1617 381 140 75 prefents
1774 381 56 75 the
1846 381 61 75 cup
1925 381 35 75 to
1982 381 56 75 the
2059 381 146 75 emperor
2221 381 43 75 on

1279 428 118 75 folemn
1412 428 171 75 occafions.
1631 428 86 75 This
1734 428 91 75 office
1841 428 132 75 belongs
1991 428 35 75 to
2050 428 55 75 the
2128 428 76 75 king
2227 428 40 75 of

1279 474 168 75 Bohemia.

1230 522 510 75 ARCHCHAMBERLAIN,
1751 522 39 75 an
1799 522 109 75 officer
1916 522 41 75 of
1961 522 55 75 the
2025 522 131 75 empire,
2167 522 95 75 much

1279 569 54 75 the
1346 569 83 75 fame
1446 569 80 75 with
1539 569 54 75 the
1606 569 90 75 great
1708 569 213 75 chamberlain
1933 569 30 75 in
1977 569 162 75 England.
2187 569 77 75 The

1276 615 120 75 eledor
1412 615 41 75 of
1471 615 233 75 Brandenburg
1720 615 65 75 was
1802 615 185 75 appointed,
2012 615 44 75 by
2074 615 55 75 the
2146 615 118 75 golden

1279 661 81 75 bull,
1385 661 292 75 archchamberlain
1693 661 41 75 of
1753 661 55 75 the
1824 661 132 75 empire.

1232 709 485 75 ARCHCHANCELLOR,
1741 709 41 75 an
1804 709 79 75 high
1907 709 109 75 officer
2038 709 87 75 who,
2151 709 32 75 in
2208 709 55 75 an-

1280 754 84 75 cient
1375 754 106 75 times,
1507 754 141 75 prefided
1664 754 76 75 over
1756 754 56 75 the
1828 754 182 75 fecretaries
2026 754 40 75 of
2085 754 56 75 the
2157 754 106 75 court.

1279 800 115 75 Under
1419 800 56 75 the
1499 800 66 75 two
1590 800 65 75 firfl
1681 800 90 75 races
1798 800 40 75 of
1857 800 54 75 the
1939 800 92 75 kings
2060 800 40 75 of
2127 800 136 75 France,

1277 848 95 75 when
1389 848 85 75 their
1494 848 176 75 territories
1692 848 85 75 were
1792 848 132 75 divided
1939 848 69 75 into
2024 848 181 75 Germany,
2231 848 33 75 I-

1278 894 80 75 taly,
1375 894 64 75 and
1450 894 111 75 Arles,
1579 894 91 75 there
1681 894 84 75 were
1778 894 89 75 three
1880 894 274 75 archchancellors
2166 894 8 75 :
2202 894 64 75 and

1278 942 99 75 hence
1395 942 55 75 the
1467 942 90 75 three
1576 942 272 75 archchancellors
1866 942 61 75 (till
1944 942 158 75 fubfifting
2119 942 31 75 in
2167 942 97 75 .Ger-

1279 988 96 75 many
1386 988 9 75 ;
1421 988 57 75 the
1495 988 186 75 archbiffiop
1697 988 41 75 of
1757 988 118 75 Mentz
1896 988 95 75 being
2007 988 259 75 archchancellor

1280 1035 39 75 of
1338 1035 180 75 Germany,
1533 1035 66 75 'the
1615 1035 185 75 archbifhop
1817 1035 41 75 of
1876 1035 128 75 Cologn
2021 1035 39 75 of
2079 1035 98 75 Italy,
2202 1035 64 75 and

1279 1082 54 75 the
1346 1082 185 75 archbifhop
1543 1082 41 75 of
1602 1082 127 75 Treves
1744 1082 41 75 of
1796 1082 110 75 Arles.

1231 1130 390 75 ARCHCHANTOR,
1649 1130 53 75 the
1719 1130 157 75 prefident
1891 1130 41 75 of
1949 1130 56 75 the
2023 1130 147 75 chanters
2188 1130 40 75 of
2247 1130 19 75 a

1278 1175 134 75 church.

1231 1222 322 75 ARCHCOUNT,
1580 1222 18 75 a
1621 1222 73 75 title
1718 1222 155 75 formerly
1897 1222 94 75 given
2016 1222 34 75 to
2076 1222 56 75 the
2147 1222 66 75 earl
2230 1222 40 75 of

1281 1270 166 75 Flanders.

1233 1317 356 75 ARCHDEACON,
1615 1317 38 75 an
1678 1317 216 75 ecclefiaftical
1918 1317 161 75 dignitary
2095 1317 37 75 or
2156 1317 110 75 officer

1280 1362 79 75 next
1375 1362 36 75 to
1423 1362 19 75 a
1453 1362 120 75 bifhop,
1594 1362 104 75 whofe
1712 1362 197 75 jurifdidion
1921 1362 136 75 extends
2074 1362 103 75 either
2189 1362 78 75 over

1279 1410 55 75 the
1350 1410 105 75 whole
1477 1410 137 75 diocefe,
1640 1410 38 75 or
1701 1410 77 75 only
1803 1410 18 75 a
1845 1410 72 75 part
1933 1410 39 75 of
1992 1410 39 75 it.
2079 1410 113 75 There
2209 1410 57 75 are

1281 1457 45 75 60
1342 1457 213 75 archdeacons
1573 1457 32 75 in
1617 1457 162 75 England,
1797 1457 74 75 who
1884 1457 68 75 vifit
1968 1457 55 75 the
2040 1457 136 75 parifhes
2193 1457 72 75 fut-

1273 1503 65 75 jed
1354 1503 35 75 to
1405 1503 85 75 their
1502 1503 210 75 jurifdidion,
1738 1503 126 75 inquire
1881 1503 68 75 into
1967 1503 122 75 abufes,
2118 1503 146 75 fufpend,

1278 1549 289 75 excommunicate,
1595 1549 65 75 foe.
1706 1549 100 75 They
1821 1549 140 75 likewife
1976 1549 109 75 indud
2100 1549 43 75 all
2160 1549 105 75 clerks

1280 1596 67 75 into
1365 1596 84 75 their
1464 1596 125 75 benefie'
1589 1596 44 75 es,

1234 1643 286 75 ARCHDUKE,
1547 1643 18 75 a
1580 1643 71 75 title
1670 1643 92 75 given
1780 1643 35 75 to
1832 1643 101 75 dukes
1950 1643 41 75 of
2009 1643 125 75 greater
2151 1643 114 75 autho-

1280 1689 64 75 rity
1367 1689 64 75 and
1453 1689 109 75 power
1586 1689 78 75 than
1685 1689 94 75 other
1795 1689 115 75 dukes.
1958 1689 76 75 The
2051 1689 163 75 archduke
2230 1689 42 75 of

1280 1735 131 75 Auflria
1427 1735 29 75 is
1474 1735 116 75 among
1607 1735 55 75 the
1682 1735 79 75 mofl:
1777 1735 146 75 ancient:
1939 1735 74 75 .His
2030 1735 153 75 principal
2200 1735 65 75 pri-

1281 1783 119 75 vileges
1417 1783 66 75 are,
1509 1783 71 75 that
1596 1783 41 75 he
1654 1783 76 75 fliall
1745 1783 166 75 diflribute
1932 1783 114 75 juftice
2062 1783 31 75 in
2118 1783 50 75 his
2191 1783 75 75 own

1280 1829 148 75 country,
1454 1829 137 75 without
1608 1829 133 75 appeal;
1768 1829 71 75 that
1860 1829 41 75 he
1926 1829 116 75 cannot
2057 1829 39 75 be
2113 1829 153 75 deprived

1279 1876 41 75 of
1339 1876 49 75 his
1413 1876 173 75 countries,
1611 1876 79 75 even
1711 1876 44 75 by
1776 1876 57 75 the
1848 1876 148 75 emperor
2013 1876 62 75 and
2094 1876 59 75 the
2170 1876 94 75 dates

1279 1923 40 75 of
1339 1923 56 75 the
1418 1923 141 75 empire;
1586 1923 62 75 and
1664 1923 71 75 that
1751 1923 41 75 he
1808 1923 80 75 have
1905 1923 19 75 a
1939 1923 110 75 power
2065 1923 40 75 of
2123 1923 143 75 creating

1279 1970 126 75 counts,
1431 1970 128 75 barons,
1677 1970 198 75 throughout
1891 1970 56 75 the
1961 1970 104 75 whole
2082 1970 132 75 empire.

1231 2017 218 75 ARCHED,
1475 2017 31 75 in
1524 2017 19 75 a
1565 2017 127 75 general
1715 2017 97 75 fenfe,
1838 2017 132 75 denotes
1987 2017 177 75 fomething
2181 2017 83 75 built

1277 2063 37 75 or
1331 2063 198 75 conftruded
1549 2063 33 75 in
1607 2063 56 75 the
1685 2063 120 75 fafhion
1829 2063 37 75 or
1890 2063 85 75 after
1995 2063 56 75 the
2075 2063 129 75 manner
2228 2063 40 75 of

1279 2110 39 75 an
1335 2110 91 75 arch.

1233 2157 161 75 Arched
1413 2157 78 75 legs,
1509 2157 20 75 a
1540 2157 82 75 fault
1637 2157 33 75 in
1682 2157 18 75 a
1716 2157 92 75 horfe
1820 2157 93 75 when
1930 2157 49 75 his
1991 2157 68 75 legs
2072 2157 54 75 are
2137 2157 127 75 bended

1280 2202 164 75 archwife.

1229 2249 215 75 ARCHER,
1469 2249 32 75 in
1519 2249 54 75 the
1590 2249 124 75 ancient
1731 2249 140 75 military
1887 2249 63 75 art,
1976 2249 60 75 one
2052 2249 75 75 who
2144 2249 118 75 fought

1276 2296 78 75 with
1379 2296 73 75 bow
1475 2296 64 75 and
1563 2296 134 75 arrows.
1764 2296 74 75 The
1863 2296 131 75 Englifli
2022 2296 128 75 archers
2177 2296 85 75 were

1277 2342 154 75 efteemed
1457 2342 55 75 the
1531 2342 66 75 beft
1619 2342 34 75 in
1677 2342 144 75 Europe,
1844 2342 37 75 to
1906 2342 105 75 whofe
2035 2342 141 75 prowefs
2196 2342 66 75 and

1272 2388 168 75 dexterity
1456 2388 56 75 the
1528 2388 96 75 many
1640 2388 144 75 vidories
1801 2388 77 75 over
1895 2388 56 75 the
1973 2388 126 75 French
2122 2388 84 75 were
2228 2388 34 75 in

1279 2434 17 75 a
1312 2434 91 75 great
1420 2434 140 75 meafure
1576 2434 117 75 owing.

1230 2482 314 75 ARCHES-C0«>-/,
1570 2482 55 75 the
1645 2482 91 75 chief
1754 2482 62 75 and
1838 2482 81 75 mod
1942 2482 126 75 ancient
2091 2482 171 75 confiflory

1277 2526 69 75 that
1365 2526 131 75 belongs
1513 2526 34 75 to
1564 2526 54 75 the
1636 2526 184 75 archbiffiop
1833 2526 39 75 of
1892 2526 218 75 Canterbury,
2137 2526 51 75 for
2205 2526 56 75 the

1276 2573 151 75 debating
1458 2573 41 75 of
1529 2573 141 75 fpiritual
1702 2573 118 75 caufes,
1857 2573 34 75 fo
1919 2573 101 75 called
2048 2573 85 75 from
2160 2573 99 75 Bow-

1277 2620 131 75 Church
1434 2620 32 75 in
1491 2620 152 75 London,
1669 2620 105 75 where
1799 2620 25 75 it
1847 2620 26 75 is
1898 2620 90 75 kept,
2022 2620 106 75 whofe
2152 2620 55 75 top
2232 2620 26 75 is

1273 2667 103 75 •raifed
1402 2667 40 75 of
1469 2667 223 75 done-pillars,
1724 2667 84 75 built
1832 2667 164 75 archwife.
2052 2667 77 75 The
2156 2667 109 75 judge,

1276 2713 39 75 of
1334 2713 63 75 this
1414 2713 93 75 court
1522 2713 28 75 is
1566 2713 124 75 termed
1706 2713 56 75 the
1778 2713 81 75 dean
1872 2713 41 75 of
1932 2713 55 75 the
2004 2713 123 75 arches,
2154 2713 36 75 or
2208 2713 49 75 of-

1274 2759 82 75 ficial
1369 2759 38 75 of
1420 2759 54 75 the
1487 2759 240 75 arches-court:
1755 2759 96 75 Dean
1868 2759 40 75 of
1918 2759 55 75 the
1985 2759 123 75 arches,
2127 2759 132 75 becaufe

1275 2806 79 75 with
1371 2806 63 75 this
1451 2806 92 75 office
1558 2806 27 75 is
1597 2806 183 75 commonly
1792 2806 113 75 joined
1920 2806 19 75 a
1955 2806 141 75 peculiar
2108 2806 150 75 jurifdic<-

1276 2853 67 75 tion
1356 2853 39 75 of
1414 2853 137 75 thirteen
1568 2853 134 75 parillies
1720 2853 32 75 in
1770 2853 152 75 London,
1948 2853 123 75 termed
2089 2853 19 75 a
2124 2853 132 75 deanty,

1277 2900 94 75 being
1387 2900 171 75 exempted
1582 2900 85 75 from
1690 2900 55 75 the
1767 2900 164 75 authority
1953 2900 40 75 of
2011 2900 55 75 the
2091 2900 107 75 biihop
2223 2900 41 75 of

1279 2948 151 75 London,
1455 2948 63 75 and
1534 2948 171 75 belonging
1719 2948 36 75 to
1777 2948 56 75 the
1855 2948 185 75 archbiffiop
2063 2948 41 75 of
2120 2948 139 75 Canter-

1280 2994 81 75 bury
1370 2994 12 75 ;
1407 2994 41 75 of
1464 2994 106 75 which
1589 2994 53 75 the
1658 2994 102 75 pariffi
1777 2994 39 75 of
1835 2994 82 75 Bow
1934 2994 26 75 is
1985 2994 73 75 one.
2109 2994 97 75 Some
2223 2994 35 75 9-

1689 3055 20 75 4
1738 3055 22 75 S

2171 3055 88 75 thers
