2406 3327
625 134 1207 75 AGRICULTURE.

164 205 160 75 common,
351 205 63 75 and
428 205 77 75 ufed
520 205 33 75 in
570 205 44 75 all
630 205 56 75 the
702 205 65 75 low
782 205 162 75 countries
957 205 10 75 ;
994 205 56 75 the
1065 205 97 75 black
1172 205 28 75 is

164 254 56 75 the
232 254 150 75 hardieft,
408 254 63 75 and
489 254 28 75 is
534 254 77 75 ufed
622 254 32 75 in
670 254 57 75 the
744 254 75 75 cold
834 254 84 75 hilly
930 254 159 75 countries
1102 254 10 75 ;
1139 254 64 75 and

162 299 57 75 the
235 299 79 75 grey
328 299 27 75 is
376 299 90 75 often
489 299 89 75 fown
593 299 80 75 with
691 299 119 75 fuccefs
827 299 86 75 upon
929 299 84 75 light
1029 299 108 75 gravel
1161 299 38 75 or

163 345 90 75 fand.
301 345 79 75 The
395 345 98 75 white
509 345 26 75 is
549 345 92 75 again
657 345 130 75 divided
799 345 70 75 into
884 345 66 75 two
966 345 107 75 kinds,
1099 345 105 75 called

164 392 73 75 cold
247 392 83 75 feed
341 392 64 75 and
419 392 53 75 hot
486 392 92 75 feed.
625 392 114 75 There
755 392 27 75 is
798 392 142 75 fcarcely
955 392 62 75 any
1029 392 174 75 difference

163 439 34 75 in
223 439 194 75 appearance
439 439 139 75 betwixt
602 439 111 75 thefe;
752 439 59 75 but
837 439 57 75 the
916 439 61 75 hot
1000 439 75 75 feed
1097 439 107 75 ripens

166 485 90 75 eight
273 485 37 75 or
326 485 55 75 ten
398 485 78 75 days
493 485 113 75 before
623 485 55 75 the
694 485 87 75 cold.
830 485 205 75 Experience
1051 485 82 75 muft
1147 485 57 75 de-

165 532 136 75 termine
317 532 108 75 which
441 532 41 75 of
500 532 90 75 them
607 532 100 75 ought
724 532 36 75 to
776 532 41 75 be
833 532 116 75 chofen
966 532 53 75 for
1035 532 87 75 feed.

210 577 148 75 Though
373 577 55 75 the
452 577 56 75 oat
531 577 40 75 be
587 577 19 75 a
621 577 106 75 hardy
742 577 102 75 plant,
870 577 63 75 and
944 577 77 75 does
1038 577 57 75 not
1111 577 96 75 eafily

167 624 205 75 degenerate,
397 624 56 75 yet
478 624 56 75 the
557 624 158 75 changing
740 624 40 75 of
799 624 74 75 feed
896 624 27 75 is
945 624 192 75 univerfally
1159 624 46 75 al-

166 671 107 75 lowed
287 671 37 75 to
339 671 40 75 be
396 671 19 75 a
430 671 87 75 good
533 671 149 75 praftice.
722 671 88 75 This
826 671 122 75 change
960 671 113 75 fhould
1085 671 121 75 always

168 717 41 75 be
224 717 94 75 made
330 717 87 75 from
434 717 19 75 a
468 717 102 75 warm
584 717 59 75 foil
659 717 35 75 to
712 717 19 75 a
754 717 88 75 cold,
867 717 64 75 and
945 717 86 75 from
1048 717 19 75 a
1083 717 75 75 cold
1173 717 36 75 to

166 764 21 75 a
203 764 112 75 warm.

214 811 84 75 Oats
324 811 53 75 are
395 811 92 75 often
511 811 87 75 fown
614 811 87 75 upon
718 811 231 75 grafs-ground
964 811 106 75 newly
1085 811 123 75 broken

166 857 57 75 up,
248 857 51 75 or,
324 857 106 75 which
448 857 27 75 is
493 857 54 75 the
565 857 82 75 fame
665 857 103 75 thing,
792 857 86 75 upon
901 857 49 75 lee
974 857 79 75 once
1070 857 135 75 plough-

167 905 55 75 ed.
269 905 101 75 They
392 905 54 75 are
469 905 140 75 likewife
634 905 92 75 often
744 905 87 75 fown
857 905 85 75 after
957 905 123 75 barley,
1106 905 101 75 fome-

165 951 96 75 times
288 951 85 75 after
400 951 118 75 wheat,
544 951 182 75 fometimes
754 951 86 75 upon
870 951 123 75 fallotv,
1020 951 63 75 and
1106 951 102 75 fome-

165 997 95 75 times
272 997 79 75 they
367 997 55 75 are
433 997 156 75 repeated
604 997 52 75 for
672 997 120 75 leveral
808 997 92 75 years
912 997 199 75 fucceflively
1122 997 86 75 upon

169 1043 59 75 the
243 1043 84 75 fame
342 1043 89 75 land.

217 1090 38 75 In
278 1090 177 75 ploughing
477 1090 50 75 lea
551 1090 52 75 for
619 1090 84 75 oats,
728 1090 94 75 when
840 1090 55 75 the
919 1090 76 75 land
1016 1090 28 75 is
1066 1090 66 75 foft
1148 1090 63 75 and

167 1137 144 75 mellow,
329 1137 56 75 the
402 1137 120 75 plough
533 1137 112 75 fhould
661 1137 42 75 go
720 1137 34 75 as
771 1137 131 75 fhallow
919 1137 33 75 as
970 1137 127 75 poffible
1109 1137 10 75 ;
1147 1137 63 75 and

168 1183 57 75 the
241 1183 92 75 earth
349 1183 40 75 of
408 1183 55 75 the
480 1183 137 75 furrows
634 1183 112 75 fhould
762 1183 39 75 be
817 1183 46 75 fet
879 1183 86 75 upon
981 1183 42 75 its
1040 1183 108 75 edges,
1174 1183 36 75 to

169 1229 99 75 allow
279 1229 55 75 the
346 1229 142 75 harrows
502 1229 34 75 to
552 1229 81 75 have
646 1229 56 75 the
716 1229 125 75 greater
853 1229 177 75 impreffion
1042 1229 31 75 in
1087 1229 124 75 tearing

168 1276 40 75 k.
257 1276 69 75 But
341 1276 94 75 when
451 1276 57 75 the
523 1276 78 75 land
615 1276 28 75 is
667 1276 76 75 ftiff,
768 1276 38 75 or
829 1276 56 75 the
908 1276 73 75 turf
998 1276 80 75 very
1094 1276 114 75 tough,

169 1322 26 75 it
210 1322 28 75 is
255 1322 160 75 neceffary
433 1322 36 75 to
481 1322 121 75 plough
620 1322 129 75 deeper,
768 1322 63 75 and
847 1322 35 75 to
899 1322 73 75 turn
989 1322 55 75 the
1062 1322 72 75 turf
1145 1322 65 75 ful-

170 1370 37 75 ly
222 1370 89 75 over,
337 1370 34 75 fo
387 1370 72 75 that
474 1370 57 75 the
547 1370 143 75 harrows
715 1370 75 75 may
813 1370 81 75 raife
917 1370 19 75 a
960 1370 80 75 kind
1062 1370 40 75 of
1122 1370 89 75 mold

170 1416 87 75 upon
273 1416 42 75 its
331 1416 84 75 back
430 1416 36 75 to
482 1416 47 75 fill
544 1416 42 75 up
603 1416 56 75 the
682 1416 150 75 hollows,
858 1416 63 75 and
944 1416 37 75 to
1005 1416 127 75 nourifh
1154 1416 56 75 the

169 1463 106 75 feeds.
322 1463 113 75 When
460 1463 70 75 oats
556 1463 53 75 are
633 1463 35 75 to
695 1463 40 75 be
761 1463 86 75 fown
871 1463 87 75 upon
974 1463 62 75 lee,
1061 1463 56 75 the
1133 1463 78 75 land

169 1510 105 75 ought
291 1510 35 75 to
342 1510 41 75 be
400 1510 163 75 ploughed
578 1510 89 75 early
679 1510 32 75 in
728 1510 126 75 v/inter,
872 1510 72 75 that
960 1510 25 75 it
998 1510 74 75 may
1088 1510 123 75 receive

170 1557 59 75 the
246 1557 127 75 greater
389 1557 120 75 benefit
525 1557 86 75 from
628 1557 56 75 the
701 1557 47 75 air
765 1557 62 75 and
842 1557 91 75 froft.

224 1603 32 75 It
272 1603 28 75 is
312 1603 88 75 ufual
414 1603 36 75 to
466 1603 75 75 lime
557 1603 195 75 lea-ground
762 1603 154 75 intended
926 1603 53 75 for
994 1603 84 75 oats.
1125 1603 86 75 This

173 1650 28 75 is
218 1650 19 75 a
248 1650 79 75 very
344 1650 86 75 good
446 1650 142 75 cuftom;
614 1650 53 75 for
682 1650 75 75 lime
773 1650 164 75 promotes
954 1650 56 75 the
1027 1650 184 75 corruption

173 1696 42 75 of
233 1696 56 75 the
302 1696 204 75 grafs-roots,
532 1696 44 75 by
591 1696 106 75 which
717 1696 56 75 the
788 1696 76 75 land
885 1696 27 75 is
928 1696 114 75 fooner
1058 1696 152 75 reduced.

173 1742 35 75 It
223 1742 28 75 is
265 1742 140 75 likewife
422 1742 147 75 common
585 1742 36 75 to
637 1742 112 75 fpread
769 1742 55 75 the
840 1742 74 75 lime
931 1742 86 75 upon
1037 1742 55 75 the
1110 1742 102 75 fward

174 1789 86 75 fome
275 1789 79 75 time
370 1789 112 75 before
498 1789 56 75 the
570 1789 75 75 land
661 1789 26 75 is
700 1789 162 75 ploughed
874 1789 9 75 :
910 1789 86 75 This
1012 1789 28 75 is
1053 1789 64 75 alfo
1133 1789 79 75 very

175 1835 138 75 proper;
340 1835 52 75 for
408 1835 55 75 the
479 1835 75 75 lime
566 1835 27 75 is
608 1835 166 75 intangled
785 1835 33 75 in
830 1835 55 75 the
897 1835 115 75 fward,
1036 1835 63 75 and
1115 1835 27 75 is
1155 1835 56 75 not

180 1882 37 75 io
233 1882 54 75 apt
303 1882 36 75 to
350 1882 164 75 penetrate
530 1882 56 75 too
598 1882 93 75 deep.

226 1929 82 75 Oats
325 1929 53 75 are
395 1929 162 75 generally
572 1929 87 75 fown
679 1929 82 75 after
776 1929 112 75 barley
903 1929 10 75 ;
938 1929 62 75 and
1016 1929 55 75 the
1091 1929 78 75 land
1186 1929 26 75 is

177 1975 166 75 ploughed
354 1975 34 75 as
400 1975 77 75 foon
491 1975 33 75 as
541 1975 55 75 the
612 1975 197 75 wheat-feed
821 1975 27 75 is
865 1975 104 75 made,
995 1975 63 75 and
1069 1975 54 75 the
1140 1975 73 75 bar-

177 2021 146 75 ley-labd
348 2021 58 75 has
430 2021 58 75 got
512 2021 56 75 the
592 2021 64 75 firfl
679 2021 133 75 furrow.
860 2021 77 75 The
954 2021 64 75 ilifr
1039 2021 87 75 land,
1152 2021 63 75 and

179 2068 77 75 land
271 2068 32 75 in
319 2068 120 75 danger
456 2068 41 75 of
514 2068 96 75 being
632 2068 158 75 damaged
805 2068 45 75 by
873 2068 146 75 wetnefs,
1048 2068 110 75 fhould
1174 2068 40 75 be

179 2114 65 75 firfl:
260 2114 178 75 ploughed,
460 2114 36 75 to
512 2114 73 75 give
603 2114 55 75 the
675 2114 60 75 one
752 2114 55 75 the
819 2114 119 75 benefit
955 2114 40 75 of
1013 2114 56 75 the
1085 2114 130 75 winter-

180 2161 90 75 frofl,
296 2161 63 75 and
374 2161 36 75 to
425 2161 58 75 put
494 2161 57 75 the
567 2161 94 75 other
678 2161 56 75 out
751 2161 42 75 of
802 2161 132 75 danger.
984 2161 32 75 It
1031 2161 27 75 is
1076 2161 139 75 likewife

182 2207 40 75 an
238 2207 177 75 advantage
433 2207 36 75 to
486 2207 84 75 light
587 2207 63 75 and
664 2207 62 75 dry
742 2207 77 75 land
835 2207 35 75 to
894 2207 40 75 be
951 2207 162 75 ploughed
1126 2207 91 75 early

182 2255 33 75 in
231 2255 192 75 the.feafon,
449 2255 34 75 as
499 2255 27 75 it
543 2255 108 75 makes
667 2255 57 75 the
739 2255 121 75 flubble
877 2255 52 75 rot
939 2255 127 75 fooner,
1084 2255 62 75 and
1158 2255 59 75 ex-

185 2300 90 75 pofes
292 2300 55 75 the
364 2300 58 75 foil
438 2300 113 75 longer
566 2300 35 75 to
613 2300 56 75 the
686 2300 58 75 air.

231 2346 33 75 It
279 2346 66 75 was
357 2346 156 75 formerly
523 2346 166 75 obferved,
706 2346 71 75 that
789 2346 70 75 oats
872 2346 52 75 are
940 2346 179 75 fometimes
1132 2346 85 75 fown

183 2393 86 75 upon
280 2393 124 75 fallow.
437 2393 40 75 In
488 2393 54 75 the
554 2393 81 75 hilly
646 2393 174 75 countries,
837 2393 79 75 they
931 2393 91 75 often
1037 2393 111 75 fallow
1163 2393 55 75 the

184 2439 78 75 land
277 2439 71 75 that
365 2439 58 75 has
440 2439 81 75 been
543 2439 33 75 in
591 2439 52 75 lea
665 2439 50 75 for
731 2439 86 75 fome
837 2439 91 75 years
944 2439 10 75 ;
981 2439 63 75 and
1060 2439 77 75 they
1152 2439 68 75 find

184 2486 74 75 that
285 2486 65 75 this
375 2486 135 75 pradlice
524 2468 17 49 r
541 2486 74 75 does
642 2486 108 75 better
774 2486 76 75 than
874 2486 108 75 giving
1005 2486 27 75 it
1057 2486 77 75 only
1157 2486 61 75 one

184 2532 178 75 ploughing
377 2532 32 75 in
426 2532 56 75 the
498 2532 114 75 winter
631 2532 112 75 before
763 2532 55 75 the
834 2532 74 75 feed
919 2532 27 75 is
958 2532 100 75 fown.
1107 2532 39 75 In
1162 2532 56 75 the

185 2580 65 75 low
262 2580 173 75 countries,
460 2580 65 75 this
541 2580 137 75 praftice
690 2580 41 75 of
741 2580 165 75 fallowing
922 2580 52 75 for
990 2580 72 75 oats
1078 2580 27 75 is
1117 2580 102 75 found

186 2626 37 75 to
239 2626 134 75 fucceed
387 2626 78 75 very
475 2626 89 75 well.
603 2626 77 75 The
696 2626 111 75 fallow
818 2626 53 75 for
886 2626 69 75 oats
972 2626 113 75 fhould
1099 2626 40 75 be
1150 2626 68 75 ma-

187 2672 103 75 naged
305 2672 141 75 through
462 2672 56 75 the
533 2672 138 75 fummer
693 2672 33 75 in
748 2672 56 75 the
820 2672 85 75 fame
921 2672 130 75 manner
1068 2672 33 75 as
1117 2672 32 75 if
1168 2672 52 75 for

185 2719 115 75 barley
322 2719 38 75 or
384 2719 118 75 wheat.
551 2719 120 75 Before
696 2719 127 75 winter,
849 2719 26 75 it
899 2719 103 75 ought
1025 2719 36 75 to
1085 2719 54 75 get
1165 2719 55 75 the

187 2765 58 75 laft
257 2765 133 75 furrow,
416 2765 63 75 and
497 2765 40 75 be
553 2765 66 75 laid
634 2765 43 75 up
694 2765 34 75 in
743 2765 116 75 proper
875 2765 119 75 ridges,
1019 2765 35 75 to
1077 2765 144 75 preferve

189 2811 27 75 it
232 2811 61 75 dry
308 2811 117 75 during
436 2811 56 75 the
504 2811 125 75 winter.

236 2858 82 75 Oats
330 2858 74 75 may
420 2858 40 75 be
476 2858 86 75 fown
578 2858 34 75 in
633 2858 62 75 any
713 2858 40 75 of
771 2858 55 75 the
837 2858 273 75 winter-months,
1135 2858 38 75 or
1189 2858 32 75 in

189 2902 57 75 the
264 2902 113 75 month
393 2902 40 75 of
451 2902 133 75 March.
634 2902 97 75 Some
755 2902 114 75 people
890 2902 83 75 have
996 2902 87 75 fown
1099 2902 70 75 oats
1186 2902 34 75 fo

191 2950 88 75 early
305 2950 34 75 as
367 2950 55 75 the
449 2950 173 75 beginning
648 2950 40 75 of
718 2950 199 75 November,
954 2950 64 75 and
1044 2950 81 75 have
1156 2950 66 75 had

191 2998 87 75 good
301 2998 104 75 crops.
459 2998 80 75 But,
570 2998 30 75 if
619 2998 55 75 the
696 2998 78 75 land
797 2998 39 75 be
859 2998 152 75 properly
1033 2998 67 75 laid
1122 2998 43 75 up
1188 2998 34 75 in

1249 204 126 75 winter,
1408 204 27 75 it
1464 204 27 75 is
1521 204 108 75 better
1659 204 35 75 to
1725 204 94 75 delay
1850 204 55 75 the
1935 204 120 75 fowing
2079 204 49 75 till
2152 204 131 75 March.

1296 251 77 75 The
1390 251 150 75 quantity
1556 251 40 75 of
1614 251 71 75 oats
1702 251 162 75 generally
1881 251 86 75 fown
1983 251 86 75 upon
2092 251 40 75 an
2148 251 84 75 acre,
2257 251 27 75 is

1251 297 86 75 from
1364 297 74 75 four
1465 297 37 75 to
1528 297 62 75 five
1623 297 103 75 firlots
1743 297 11 75 ;
1798 297 62 75 and
1891 297 114 75 fhould
2035 297 119 75 always
2186 297 54 75 get
2268 297 18 75 a

1252 344 61 75 dry
1325 344 79 75 bed.

1485 455 64 75 Of
1573 455 66 75 the
1669 455 159 75 Culture
1856 455 45 75 of
1920 455 132 75 Peafe.

1300 532 86 75 The
1405 532 60 75 pea
1479 532 27 75 is
1524 532 18 75 a
1558 532 90 75 grain
1664 532 78 75 very
1765 532 152 75 different
1941 532 85 75 from
2052 532 63 75 any
2137 532 39 75 of
2197 532 89 75 thofe

1254 578 128 75 already
1411 578 196 75 mentioned.
1662 578 34 75 A
1720 578 77 75 crop
1823 578 40 75 of
1880 578 28 75 it
1931 578 27 75 is
1982 578 57 75 not
2069 578 34 75 fo
2127 578 159 75 valuable,

1254 626 123 75 though
1395 626 25 75 it
1437 626 26 75 is
1481 626 96 75 much
1590 626 76 75 ufed
1681 626 33 75 in
1731 626 84 75 fome
1833 626 105 75 places
1955 626 51 75 for
2022 626 111 75 bread.

1300 672 77 75 The
1390 672 93 75 ftraw
1499 672 40 75 of
1558 672 89 75 peafe
1659 672 26 75 is
1703 672 160 75 reckoned
1874 672 106 75 better
1997 672 52 75 for
2065 672 128 75 feeding
2209 672 78 75 hor-

1253 718 48 75 fes
1319 718 78 75 than
1414 718 57 75 the
1486 718 93 75 ftraw
1595 718 40 75 of
1654 718 61 75 any
1729 718 98 75 other
1843 718 101 75 grain.
1993 718 33 75 A
2052 718 77 75 crop
2145 718 41 75 of
2197 718 91 75 peafe

1254 765 77 75 does
1347 765 58 75 not
1421 765 129 75 require
1565 765 76 75 fuch
1658 765 19 75 a
1688 765 151 75 quantity
1853 765 41 75 of
1904 765 215 75 nourifnment
2136 765 33 75 as
2182 765 18 75 a
2212 765 76 75 crop

1254 811 40 75 of
1312 811 63 75 any
1390 811 41 75 of
1442 811 56 75 the
1511 811 93 75 other
1619 811 105 75 grains
1741 811 185 75 mentioned
1942 811 113 75 above.
2103 811 113 75 When
2232 811 57 75 the

1255 857 75 75 crop
1353 857 27 75 is
1397 857 99 75 good,
1521 857 55 75 the
1592 857 93 75 ftraw
1700 857 110 75 covers
1828 857 55 75 the
1899 857 136 75 ground,
2065 857 63 75 and
2144 857 143 75 deftroys

1255 905 42 75 all
1314 905 56 75 the
1381 905 89 75 fmall
1489 905 104 75 weeds
1611 905 43 75 by
1676 905 167 75 depriving
1863 905 89 75 them
1968 905 41 75 of
2028 905 18 75 a
2062 905 67 75 free
2146 905 144 75 commu-

1255 951 141 75 nication
1418 951 80 75 with
1522 951 55 75 the
1605 951 59 75 air.
1713 951 98 75 Peafe
1834 951 139 75 likewife
2000 951 158 75 minutely
2182 951 108 75 divide

1256 998 55 75 the
1328 998 148 75 particles
1493 998 40 75 of
1551 998 55 75 the
1631 998 83 75 foil;
1740 998 135 75 befides,
1899 998 79 75 they
2001 998 77 75 pufh
2100 998 84 75 their
2200 998 90 75 roots

1256 1044 96 75 much
1368 1044 117 75 deeper
1501 1044 78 75 than
1595 1044 63 75 any
1672 1044 42 75 of
1732 1044 56 75 the
1812 1044 98 75 white
1934 1044 118 75 grains,
2078 1044 63 75 and
2165 1044 124 75 extraA

1256 1091 72 75 part
1344 1091 41 75 of
1403 1091 85 75 their
1504 1091 215 75 nOurifhment
1742 1091 85 75 from
1849 1091 105 75 belovv
1978 1091 56 75 the
2058 1091 95 75 reach
2175 1091 40 75 of
2233 1091 56 75 the

1257 1137 134 75 plough.

1304 1184 112 75 There
1433 1184 52 75 are
1509 1184 67 75 two
1591 1184 95 75 kinds
1709 1184 41 75 of
1768 1184 90 75 peafe
1878 1184 174 75 cultivated
2069 1184 32 75 in
2120 1184 169 75 Scotland,

1258 1231 54 75 the
1329 1231 97 75 white
1443 1231 63 75 and
1528 1231 56 75 the
1609 1231 90 75 grey.
1747 1231 78 75 The
1849 1231 97 75 white
1971 1231 26 75 is
2021 1231 80 75 njoft
2129 1231 159 75 common,

1259 1277 61 75 and
1337 1277 124 75 confifts
1478 1277 163 75 generally
1657 1277 40 75 of
1708 1277 20 75 a
1743 1277 140 75 mixture
1901 1277 40 75 of
1958 1277 118 75 feverai
2089 1277 107 75 kinds.
2229 1277 60 75 All

1258 1323 40 75 of
1316 1323 87 75 thefe
1426 1323 94 75 kinds
1536 1323 84 75 feem
1636 1323 36 75 to
1695 1323 40 75 be
1759 1323 119 75 fpecies
1903 1323 40 75 of
1962 1323 55 75 the
2041 1323 59 75 pea
2116 1323 175 75 cultivated

1257 1369 32 75 in
1305 1369 61 75 our
1382 1369 148 75 gardens.
1579 1369 80 75 The
1673 1369 78 75 grey
1774 1369 60 75 pea
1856 1369 99 75 feems
1980 1369 35 75 to
2031 1369 40 75 be
2088 1369 19 75 a
2121 1369 118 75 fpecies
2256 1369 40 75 of

1257 1417 56 75 the
1328 1417 95 75 vetch
1440 1417 37 75 or
1489 1417 82 75 tare.
1618 1417 87 75 This
1720 1417 27 75 is
1765 1417 55 75 the
1831 1417 137 75 hardieft
1983 1417 89 75 plant
2089 1417 39 75 of
2139 1417 55 75 the
2210 1417 79 75 two,

1259 1464 62 75 and
1337 1464 120 75 thrives
1470 1464 42 75 on
1527 1464 75 75 foils
1618 1464 107 75 where
1738 1464 54 75 the
1807 1464 97 75 white
1917 1464 59 75 pea
1987 1464 77 75 does
2076 1464 57 75 not
2145 1464 145 75 fucceed.

1304 1512 77 75 The
1406 1512 93 75 ftraw
1521 1512 41 75 of
1584 1512 56 75 the
1663 1512 80 75 grey
1766 1512 103 75 peafe,
1902 1512 63 75 and
1991 1512 56 75 the
2071 1512 90 75 peafe
2186 1512 104 75 them-

1259 1557 112 75 felves,
1403 1557 54 75 are
1479 1557 107 75 better
1612 1557 53 75 for
1688 1557 109 75 horfes
1821 1557 78 75 than
1923 1557 91 75 thofe
2038 1557 40 75 of
2096 1557 55 75 the
2177 1557 112 75 white.

1258 1604 77 75 The
1350 1604 120 75 farmer
1484 1604 113 75 Ihould
1613 1604 161 75 therefore
1786 1604 151 75 cultivate
1953 1604 64 75 this
2035 1604 58 75 pea
2111 1604 108 75 where
2236 1604 59 75 th$

1259 1649 92 75 other
1367 1649 77 75 does
1457 1649 56 75 not
1524 1649 117 75 thrive,
1666 1649 157 75 although
1839 1649 56 75 the
1909 1649 93 75 value
2019 1649 40 75 of
2077 1649 55 75 the
2144 1649 90 75 grain
2250 1649 54 75 be-

1258 1696 145 75 inferior.

1305 1743 78 75 The
1406 1743 98 75 whke
1532 1743 71 75 pea,
1636 1743 65 75 like
1726 1743 56 75 the
1809 1743 84 75 oats,
1925 1743 28 75 is
1979 1743 131 75 divided
2135 1743 71 75 into
2232 1743 59 75 hot

1259 1789 74 75 feed
1344 1789 63 75 and
1423 1789 74 75 cold
1507 1789 86 75 feed.
1640 1789 78 75 The
1728 1789 120 75 fowing
1868 1789 41 75 of
1927 1789 56 75 the
1997 1789 60 75 hot
2072 1789 74 75 feed
2161 1789 74 75 may
2250 1789 41 75 be

1260 1835 135 75 delayed
1410 1835 91 75 three
1517 1835 107 75 weeks
1641 1835 84 75 after
1740 1835 56 75 the
1812 1835 72 75 cold
1902 1835 75 75 feed
1991 1835 27 75 is
2035 1835 99 75 fown,
2159 1835 62 75 and
2237 1835 55 75 yet

1260 1882 55 75 the
1332 1882 90 75 peafe
1433 1882 66 75 will
1517 1882 91 75 come
1625 1882 33 75 as
1674 1882 77 75 foon
1767 1882 37 75 to
1822 1882 166 75 maturity.

1306 1927 76 75 The
1395 1927 77 75 time
1484 1927 40 75 of
1534 1927 121 75 fowing
1666 1927 26 75 is
1706 1927 84 75 from
1803 1927 55 75 the
1874 1927 64 75 firft
1954 1927 41 75 of
2006 1927 165 75 February
2188 1927 35 75 to
2235 1927 56 75 the

1261 1974 61 75 end
1339 1974 41 75 of
1390 1974 109 75 April.
1538 1974 78 75 The
1628 1974 88 75 early
1727 1974 86 75 fown
1830 1974 90 75 peafe
1932 1974 81 75 have
2029 1974 55 75 the
2096 1974 65 75 beft
2174 1974 118 75 chance

1262 2020 34 75 to
1314 2020 140 75 produce
1471 2020 18 75 a
1501 2020 78 75 crop
1596 2020 39 75 of
1654 2020 89 75 corn,
1769 2020 61 75 and
1846 2020 56 75 the
1918 2020 64 75 late
1998 2020 89 75 fown
2102 2020 36 75 to
2153 2020 140 75 produce

1263 2068 18 75 a
1297 2068 77 75 crop
1397 2068 40 75 of
1455 2068 106 75 ftraw.
1609 2068 176 75 However,
1809 2068 93 75 when
1919 2068 56 75 the
1990 2068 76 75 land
2081 2068 26 75 is
2124 2068 89 75 clean
2231 2068 63 75 and

1262 2114 32 75 in
1311 2114 89 75 good
1414 2114 106 75 heart,
1538 2114 55 75 the
1608 2114 92 75 peafe
1716 2114 75 75 may
1805 2114 40 75 be
1856 2114 87 75 fown
1955 2114 109 75 early;
2090 2114 144 75 becaufe,
2251 2114 43 75 on

1264 2160 75 75 fuch
1356 2160 88 75 land,
1474 2160 19 75 a
1504 2160 86 75 good
1607 2160 77 75 crop
1707 2160 81 75 both
1812 2160 40 75 of
1870 2160 77 75 corn
1964 2160 63 75 and
2049 2160 93 75 ftraw
2165 2160 74 75 may
2254 2160 40 75 be

1265 2206 166 75 expedled.
1480 2206 69 75 But
1564 2206 31 75 if
1613 2206 55 75 the
1684 2206 77 75 land
1776 2206 40 75 be
1840 2206 70 75 foul
1933 2206 39 75 or
1994 2206 76 75 wet,
2095 2206 55 75 the
2174 2206 121 75 fowing

1265 2254 39 75 of
1323 2254 90 75 peafe
1429 2254 114 75 ftiould
1558 2254 41 75 be
1614 2254 145 75 delayed,
1774 2254 33 75 as
1831 2254 77 75 long
1931 2254 34 75 as
1989 2254 149 75 poffible;
2163 2254 133 75 becaufe

1265 2300 41 75 on
1322 2300 77 75 fuch
1414 2300 77 75 land
1506 2300 55 75 the
1578 2300 76 75 crop
1670 2300 27 75 is
1714 2300 88 75 more
1819 2300 194 75 precarious,
2039 2300 62 75 and
2113 2300 54 75 the
2184 2300 112 75 failing

1265 2346 40 75 of
1324 2346 19 75 a
1359 2346 76 75 crop
1451 2346 41 75 of
1510 2346 89 75 peafe
1616 2346 88 75 gives
1728 2346 76 75 fuch
1829 2346 266 75 encouragement
2119 2346 35 75 to
2174 2346 120 75 weeds,

1266 2393 32 75 as
1316 2393 35 75 to
1375 2393 160 75 endanger
1550 2393 56 75 the
1622 2393 166 75 following
1811 2393 94 75 crops
1922 2393 154 75 likewife.
2124 2393 39 75 In
2186 2393 75 75 fuch
2279 2393 19 75 a

1266 2439 80 75 cafe,
1372 2439 36 75 to
1424 2439 132 75 prevent
1578 2439 56 75 the
1657 2439 63 75 bad
1742 2439 232 75 confequences
1994 2439 72 75 that
2080 2439 75 75 may
2170 2439 125 75 follow,

1266 2486 56 75 the
1339 2486 77 75 crop
1440 2486 113 75 ftiould
1568 2486 40 75 be
1624 2486 162 75 ploughed
1801 2486 54 75 in;
1882 2486 52 75 for
1949 2486 94 75 when
2060 2486 18 75 a
2089 2486 63 75 bad
2168 2486 78 75 crop
2259 2486 43 75 of

1267 2534 89 75 peafe
1373 2534 26 75 is
1416 2534 136 75 allowed
1568 2534 36 75 to
1619 2534 101 75 ftand,
1746 2534 25 75 it
1788 2534 78 75 does
1882 2534 88 75 more
1986 2534 91 75 harm
2093 2534 35 75 to
2144 2534 56 75 the
2223 2534 75 75 land

1268 2580 77 75 than
1362 2580 43 75 all
1421 2580 55 75 the
1488 2580 92 75 value
1596 2580 41 75 of
1655 2580 55 75 the
1726 2580 89 75 crop.

1313 2626 77 75 The
1407 2626 149 75 quantity
1571 2626 40 75 of
1630 2626 90 75 peafe
1735 2626 88 75 fown
1838 2626 86 75 upon
1947 2626 38 75 an
2003 2626 85 75 acre,
2113 2626 29 75 is
2165 2626 85 75 from
2275 2626 22 75 4

1268 2672 35 75 to
1322 2672 35 75 5'
1378 2672 115 75 firlots.
1542 2672 38 75 If
1598 2672 55 75 the
1669 2672 157 75 intention
1843 2672 39 75 of
1892 2672 119 75 fowing
2026 2672 90 75 peafe
2131 2672 41 75 be
2188 2672 35 75 to
2239 2672 59 75 ob-

1268 2719 65 75 tain
1357 2719 105 75 ftraw,
1495 2719 70 75 and"
1582 2719 109 75 enrich
1714 2719 55 75 the
1791 2719 88 75 land,
1905 2719 78 75 they
2008 2719 117 75 Ihould
2144 2719 40 75 be
2207 2719 92 75 thick

1269 2765 106 75 fown;
1402 2765 133 75 becaufe
1551 2765 32 75 in
1600 2765 70 75 that
1686 2765 70 75 cafe
1772 2765 76 75 they
1863 2765 81 75 have
1969 2765 19 75 a
2005 2765 107 75 better
2128 2765 117 75 chance
2262 2765 37 75 to

1268 2811 126 75 deftroy
1410 2811 56 75 the
1482 2811 119 75 weeds,
1626 2811 64 75 and
1706 2811 36 75 to
1758 2811 94 75 cover
1868 2811 55 75 the
1938 2811 135 75 furface.
2122 2811 67 75 But
2205 2811 94 75 when

1270 2859 55 75 the
1337 2859 152 75 principal
1507 2859 106 75 defign
1629 2859 27 75 is
1673 2859 35 75 to
1724 2859 81 75 have
1817 2859 18 75 a
1847 2859 76 75 crop
1936 2859 39 75 of
1987 2859 89 75 corn,
2096 2859 78 75 they
2189 2859 111 75 ftiould

1269 2905 39 75 be
1325 2905 127 75 thinner
1468 2905 85 75 fown
1564 2905 11 75 ;
1602 2905 63 75 for,
1690 2905 95 75 when
1807 2905 69 75 thin
1892 2905 99 75 fown,
2016 2905 79 75 they
2114 2905 80 75 have
2210 2905 91 75 more

1270 2952 58 75 air,
1354 2952 63 75 and
1432 2952 46 75 fill
1495 2952 117 75 better.

1317 2998 97 75 Peafe
1431 2998 53 75 are
1510 2998 182 75 commonly
1716 2998 87 75 fown
1827 2998 85 75 after
1937 2998 69 75 oats
2029 2998 38 75 or
2090 2998 123 75 barley,
2238 2998 63 75 and

2121 3037 178 75 fometimes
