2396 3377
612 144 1153 75 ALGEBRA.

2196 144 54 75 89

152 198 23 49 4<
200 216 137 75 terms.”
399 216 109 75 Thus,
541 216 34 75 a,
604 216 91 75 a-\-i,
719 216 29 75 e,
777 216 87 75 e-\-b,
890 216 53 75 are
967 216 213 75 arithmetical

149 261 250 75 proportionals,
424 261 63 75 and
507 261 56 75 the
580 261 68 75 fum
665 261 40 75 of
716 261 56 75 the
788 261 161 75 extremes

1151 261 27 75 is

147 308 98 75 equal
261 308 40 75 to;
314 308 55 75 the
385 308 68 75 fum
469 308 41 75 of
521 308 55 75 the
592 308 91 75 mean
700 308 98 75 terms
824 308 179 75 {a-{-b-\-e).
1052 308 125 75 Hence,

147 355 35 75 to
199 355 65 75 find
280 355 55 75 the
350 355 113 75 fourth
479 355 150 75 quantity
644 355 250 75 arithmetically
910 355 217 75 proportional
1144 355 36 75 to

147 401 63 75 any
225 401 90 75 three
331 401 93 75 given
442 401 194 75 quantities;
657 401 24 75 “
699 401 78 75 Add
795 401 56 75 the
867 401 115 75 fecond
998 401 63 75 and
1077 401 101 75 third,

149 447 22 75 “
198 447 62 75 and
276 447 86 75 from
379 447 84 75 their
478 447 68 75 fum
563 447 138 75 fubtradt
713 447 56 75 the
781 447 65 75 firlt
857 447 95 75 term,
970 447 56 75 the
1043 447 135 75 remain-

148 493 23 75 “
196 493 59 75 der
271 493 76 75 (hall
363 493 73 75 give
461 493 56 75 the
533 493 111 75 fourth
662 493 214 75 arithmetical
892 493 218 75 proportional
1127 493 50 75 re-

148 539 23 75 “
197 539 123 75 quired.
329 539 21 75 ”

192 586 38 75 In
247 586 19 75 a
271 586 106 75 feries
394 586 40 75 of
445 586 209 75 arithmetical
671 586 248 75 proportionals,
938 586 25 75 “
988 586 56 75 the
1060 586 68 75 fum
1143 586 41 75 of

146 633 23 75 “
194 633 56 75 the
266 633 64 75 firft
347 633 63 75 and
426 633 57 75 laft
498 633 97 75 terms
620 633 26 75 is
663 633 96 75 equal
775 633 35 75 to
827 633 56 75 the
899 633 67 75 fum
981 633 42 75 of
1033 633 64 75 any
1112 633 66 75 two

146 679 24 75 “
195 679 98 75 terms
310 679 132 75 equally
458 679 115 75 diflrant
589 679 85 75 from
690 679 56 75 the
763 679 199 75 extremes.”
995 679 37 75 If
1043 679 55 75 the
1114 679 65 75 firft

142 725 98 75 terms
258 725 53 75 are
326 725 33 75 a,
377 725 91 75 a+b,
492 725 114 75 a-{-2b,
633 725 64 75 <bc.
723 725 64 75 and
801 725 56 75 the
880 725 58 75 laft
965 725 83 75 term
1064 725 32 75 x,
1123 725 55 75 the

142 772 58 75 laft
215 772 83 75 term
315 772 57 75 but
389 772 61 75 one
466 772 65 75 will
548 772 39 75 be
604 772 178 75 ,v—6,^the
798 772 57 75 laft
880 772 58 75 but
957 772 66 75 two
1039 772 136 75 x—2b,

142 818 56 75 the
213 818 57 75 laft
286 818 57 75 but
358 818 91 75 three
474 818 138 75 x—%b,

754 818 46 75 So
816 818 71 75 that
904 818 56 75 the
975 818 65 75 firft
1056 818 75 75 half
1141 818 40 75 of

141 864 55 75 the
212 864 111 75 terms,
348 864 121 75 having
483 864 91 75 thofe
589 864 71 75 that
673 864 52 75 are
740 864 132 75 equally
887 864 117 75 diftant
1019 864 83 75 from
1120 864 56 75 the

140 910 57 75 laft
214 910 82 75 term
311 910 47 75 fet
374 910 102 75 under
491 910 102 75 them,
618 910 68 75 will
702 910 89 75 (land
807 910 95 75 thus;

332 964 33 75 a,
390 964 99 75 a+b,
515 964 121 75 a+2b,
661 964 123 75 a+^b,
810 964 122 75 a+qb,
960 964 43 75 „■

331 1011 32 75 x,
389 1011 99 75 x—b,
514 1011 122 75 x—2b,
661 1011 123 75 x—3b,
811 1011 121 75 x—4b,

296 1104 194 75 a+x,a-4-x,
515 1104 102 75 a-j-x,
649 1104 22 75 a
679 1104 38 75 +
725 1104 33 75 x,
799 1104 23 75 a
829 1104 37 75 +
872 1104 32 75 x,
951 1104 62 75 &c.

137 1178 78 75 And
230 1178 26 75 it
272 1178 27 75 is
316 1178 97 75 plain,
439 1178 71 75 that
536 1178 32 75 if
587 1178 78 75 each
689 1178 82 75 term
788 1178 39 75 be
844 1178 104 75 added
964 1178 35 75 to
1016 1178 55 75 the
1087 1178 83 75 term

137 1224 100 75 above
252 1224 39 75 it,
317 1224 55 75 the
399 1224 67 75 fum
483 1224 65 75 will
566 1224 40 75 be
621 1224 94 75 a-j-x,
741 1224 95 75 equal
853 1224 35 75 to
905 1224 55 75 the
976 1224 68 75 fum
1061 1224 41 75 of
1113 1224 55 75 the

137 1270 63 75 firft
216 1270 83 75 term
314 1270 22 75 a
353 1270 63 75 and
432 1270 54 75 the
502 1270 58 75 laft
575 1270 91 75 term.
675 1270 33 75 x.
749 1270 99 75 From
863 1270 106 75 which
985 1270 27 75 it
1027 1270 26 75 is
1070 1270 98 75 plain,

136 1316 73 75 that
232 1316 24 75 “
283 1316 54 75 the
353 1316 68 75 fum
437 1316 40 75 of
489 1316 43 75 all
548 1316 55 75 the
620 1316 98 75 terms
735 1316 41 75 of
798 1316 38 75 an
864 1316 213 75 arithmetical
1093 1316 75 75 pro-

137 1363 24 75 “
186 1363 133 75 greflion
333 1363 27 75 is
377 1363 95 75 equal
489 1363 34 75 to
540 1363 55 75 the
611 1363 67 75 fum
695 1363 40 75 of
753 1363 55 75 the
832 1363 64 75 firft
913 1363 62 75 and
999 1363 57 75 laft
1073 1363 95 75 taken

136 1408 24 75 “
184 1408 75 75 half
269 1408 34 75 as
323 1408 91 75 often
429 1408 34 75 as
481 1408 91 75 there
589 1408 53 75 are
658 1408 239 75 termsthat
913 1408 39 75 is,
977 1408 56 75 the
1048 1408 125 75 fum'of

134 1455 37 75 an
190 1455 214 75 arithmetical
419 1455 189 75 progreflion
621 1455 25 75 is
664 1455 95 75 equal
775 1455 35 75 to
827 1455 53 75 the
896 1455 67 75 fum
979 1455 41 75 of
1031 1455 55 75 the
1103 1455 64 75 firft

134 1501 61 75 and
210 1501 58 75 laft
283 1501 99 75 terms
400 1501 180 75 multiplied
596 1501 43 75 by
662 1501 74 75 half
757 1501 55 75 the
837 1501 133 75 number
992 1501 42 75 of
1053 1501 111 75 terms.

132 1549 108 75 Thus,
265 1549 33 75 in
326 1549 56 75 the
398 1549 171 75 preceding
585 1549 108 75 feries,
717 1549 32 75 if
771 1549 21 75 «
820 1549 40 75 be
888 1549 55 75 the
971 1549 132 75 number
1129 1549 41 75 of

131 1622 111 75 terms,
268 1622 55 75 the
340 1622 68 75 fum
423 1622 41 75 of
475 1622 43 75 all
534 1622 55 75 the
606 1622 97 75 terms
721 1622 66 75 will
804 1622 39 75 be
858 1622 22 75 «
895 1622 38 75 +
951 1622 19 75 x
994 1622 30 75 X
1045 1622 51 75 —
1059 1655 18 75 2
1097 1655 8 75 ‘

177 1696 77 75 The
272 1696 147 75 common
435 1696 173 75 difference
635 1696 42 75 of
697 1696 56 75 the
779 1696 99 75 terms
900 1696 95 75 being
1011 1696 30 75 b,
1066 1696 63 75 and
1145 1696 18 75 b

132 1741 56 75 not
207 1741 97 75 being
328 1741 102 75 found
446 1741 31 75 in
494 1741 55 75 the
565 1741 65 75 firft
646 1741 94 75 term,
767 1741 26 75 it
816 1741 26 75 is
866 1741 85 75 plain
972 1741 72 75 that
1072 1741 24 75 “
1119 1741 42 75 its

132 1788 23 75 “
181 1788 180 75 coefficient
376 1788 32 75 in
426 1788 62 75 any
503 1788 83 75 term
602 1788 67 75 will
686 1788 40 75 be
743 1788 95 75 equal
855 1788 35 75 to
907 1788 54 75 the
977 1788 134 75 number
1126 1788 41 75 of

131 1837 8 75 •
145 1837 10 75 ‘
180 1837 98 75 terms
295 1837 73 75 that
383 1837 136 75 precede
535 1837 71 75 that
621 1837 83 75 term
721 1837 22 75 ”
789 1837 184 75 Therefore
988 1837 33 75 in
1037 1837 56 75 the
1103 1837 59 75 laft

127 1886 82 75 term
225 1886 20 75 x
262 1886 160 75 youmuft
438 1886 81 75 have
535 1886 88 75 71—1
638 1886 69 75 X£,
734 1886 34 75 fo
785 1886 71 75 that
873 1886 19 75 x
912 1886 80 75 muft
1007 1886 42 75 be
1064 1886 96 75 equal

125 1940 36 75 to
182 1940 154 75 a-\-n—
349 1940 13 75 1
376 1940 68 75 X£.
493 1940 79 75 And
596 1940 55 75 the
672 1940 68 75 fum
759 1940 43 75 of
819 1940 42 75 all
878 1940 56 75 the
950 1940 98 75 terms
1066 1940 94 75 being

124 2016 20 75 a
157 2016 175 75 -fr-xX—•,
368 2016 29 75 it
421 2016 78 75 •will
511 2016 65 75 alfo
593 2016 36 75 be
645 2016 99 75 equal
757 2016 31 75 10
799 2016 27 75 —
826 2048 333 49 or

123 2115 31 75 to
198 2115 46 75 a-\
318 2115 126 75 ^—X«.
492 2115 97 75 Thus
618 2115 52 75 for
694 2115 160 75 example,
881 2115 55 75 the
960 2115 94 75 feries
1077 2115 77 75 1+2

123 2189 199 75 +3+4+5,
340 2189 61 75 &c.
428 2189 173 75 continued
616 2189 35 75 to
669 2189 19 75 a
701 2189 160 75 hundred,
886 2189 81 75 muft:
994 2189 40 75 be
1061 2189 95 75 equal

171 2236 17 75 2
199 2236 139 75 XIOO+
349 2236 111 75 IOOOO
515 2236 74 75 IOO

121 2254 35 75 to

543 2254 188 75 —=5050.

167 2332 38 75 Tf
216 2332 19 75 a
249 2332 94 75 feries
371 2332 82 75 have
474 2332 59 75 {o)
552 2332 135 75 nothing
713 2332 54 75 for
792 2332 42 75 its
861 2332 66 75 firft
955 2332 94 75 term,
1075 2332 77 75 then

121 2379 23 75 “
169 2379 42 75 its
228 2379 68 75 fum
312 2379 77 75 (hall
406 2379 39 75 be
462 2379 95 75 equal
573 2379 36 75 to
631 2379 76 75 half
723 2379 56 75 the
806 2379 134 75 produdt
963 2379 41 75 of
1023 2379 55 75 the
1095 2379 57 75 laft

121 2426 23 75 “
169 2426 83 75 term
268 2426 180 75 multiplied
464 2426 42 75 by
522 2426 55 75 the
595 2426 133 75 number
743 2426 42 75 of
795 2426 137 75 terms.”
988 2426 66 75 For
1074 2426 77 75 then

119 2473 19 75 a
155 2473 96 75 being
261 2473 36 75 =
305 2473 35 75 0,
365 2473 55 75 the
442 2473 70 75 fum
534 2473 41 75 of
591 2473 57 75 the
670 2473 111 75 terms,
805 2473 107 75 which
928 2473 27 75 is
971 2473 33 75 in
1021 2473 129 75 general

116 2546 21 75 rt
150 2546 37 75 +
199 2546 58 75 xx
267 2546 70 75 —,
369 2546 67 75 will
452 2546 33 75 in
507 2546 64 75 this
596 2546 67 75 cafe
688 2546 123 75 be—.
862 2546 98 75 From
987 2546 106 75 which
1120 2546 27 75 it

116 2618 27 75 is
160 2618 141 75 evident,
326 2618 72 75 that
405 2618 35 75 “
458 2618 55 75 the
521 2618 68 75 fum
606 2618 41 75 of
657 2618 63 75 any
735 2618 135 75 number
885 2618 41 75 of
938 2618 209 75 arithmetical

117 2663 23 75 “
166 2663 233 75 proportionals
415 2663 173 75 beginning
602 2663 85 75 from
704 2663 148 75 nothing,
869 2663 27 75 is
917 2663 94 75 equal
1027 2663 36 75 to
1080 2663 73 75 half

116 2692 23 49 £<
166 2710 55 75 the
236 2710 69 75 fum
321 2710 40 75 of
372 2710 33 75 as
423 2710 95 75 many
533 2710 98 75 terms
649 2710 95 75 equal
757 2710 35 75 to
804 2710 55 75 the
876 2710 134 75 greateft
1026 2710 120 75 term.”

114 2757 105 75 Thus,
301 2804 618 75 o+i+2+3+4+5+6+7+8+9=

253 2855 35 75 _
301 2855 583 75 9+9+9+9+9+9+9+9+9+9
895 2855 175 75 _ioX9__

253 2903 35 75 ~

574 2903 28 75 .2

990 2903 19 75 2
1112 2903 4 75 -

159 2954 23 75 “
206 2954 40 75 If
252 2954 40 75 of
304 2954 74 75 four
390 2954 173 75 quantities
579 2954 56 75 the
644 2954 135 75 quotien
782 2954 13 75 t
813 2954 40 75 of
863 2954 54 75 the
925 2954 76 75 firjl
1018 2954 62 75 and
1085 2954 55 75 fe-

160 3000 82 75 cond
256 3000 38 75 be
311 3000 94 75 equal
422 3000 35 75 to
474 3000 55 75 the
545 3000 147 75 quotient
709 3000 40 75 of
763 3000 56 75 the
832 3000 95 75 third
939 3000 61 75 and
1005 3000 134 75 fourth,

158 3047 95 75 Vol.
272 3047 16 75 I
312 3047 73 75 No.
404 3047 35 75 4.

1056 3047 18 75 3

1230 212 23 75 “
1279 212 76 75 then
1379 212 91 75 thofe
1495 212 174 75 quantities
1693 212 55 75 are
1771 212 67 75 faid
1865 212 35 75 to
1925 212 40 75 be
1997 212 32 75 in
2047 212 216 75 geometrical

1230 256 22 75 “
1273 256 206 75 proportion.'
1479 256 18 75 "
1547 256 87 75 Such
1659 256 52 75 are
1740 256 56 75 the
1823 256 149 75 numbers
2001 256 34 75 2,
2062 256 34 75 6,
2125 256 34 75 4,
2193 256 64 75 12;

1228 302 62 75 and
1306 302 56 75 the
1379 302 174 75 quantities
1570 302 33 75 a,
1622 302 52 75 ar,
1692 302 30 75 b,
1741 302 38 75 br
1795 302 10 75 ;
1829 302 105 75 which
1959 302 53 75 are
2028 302 166 75 expreifed
2211 302 47 75 af-

1228 348 49 75 ter
1293 348 64 75 this
1374 348 154 75 manner;

1582 408 17 75 2
1629 408 8 75 :
1665 408 21 75 6
1714 408 32 75 ::
1776 408 20 75 4
1825 408 8 75 :
1865 408 53 75 12.

1578 450 22 75 a
1627 450 9 75 :
1654 450 44 75 ar
1715 450 32 75 ::
1775 450 19 75 b
1819 450 10 75 :
1864 450 51 75 br.

1226 521 78 75 And
1320 521 63 75 you
1401 521 76 75 read
1488 521 88 75 them
1588 521 43 75 by
1647 521 120 75 faying,
1784 521 50 75 As
1848 521 19 75 2
1881 521 25 75 is
1920 521 34 75 to
1968 521 34 75 6,
2020 521 33 75 fo
2065 521 27 75 is
2104 521 22 75 4
2139 521 35 75 to
2190 521 38 75 12
2241 521 16 75 j

1227 566 49 75 or,
1303 566 33 75 as
1353 566 21 75 a
1390 566 25 75 is
1433 566 34 75 to
1485 566 53 75 ar,
1564 566 34 75 fo
1614 566 26 75 is
1656 566 17 75 b
1690 566 35 75 to
1742 566 50 75 br.

1274 613 36 75 In
1337 613 73 75 four
1437 613 171 75 quantities
1632 613 243 75 geometrically
1896 613 230 75 proportional,
2154 613 23 75 “
2199 613 56 75 the

1227 665 24 75 “
1276 665 134 75 product
1425 665 41 75 of
1480 665 54 75 the
1551 665 159 75 extremes
1728 665 25 75 is
1771 665 95 75 equal
1881 665 35 75 to
1933 665 55 75 the
2000 665 132 75 produdl
2148 665 42 75 of
2199 665 57 75 the

1227 711 23 75 “
1276 711 121 75 middle
1421 711 135 75 terms.”
1603 711 108 75 Thus,
1740 711 213 75 axbr=arxb.
2008 711 90 75 And,
2124 711 31 75 if
2175 711 26 75 it
2226 711 28 75 is

1226 754 150 75 required
1392 754 34 75 to
1442 754 66 75 find
1523 754 20 75 a
1557 754 110 75 fourth
1684 754 217 75 proportional
1917 754 35 75 to
1968 754 62 75 any
2044 754 91 75 three
2158 754 96 75 given

1226 800 183 75 quantities,
1436 800 24 75 “
1485 800 150 75 multiply
1658 800 56 75 the
1737 800 117 75 fecond
1870 800 42 75 by
1928 800 55 75 the
2000 800 99 75 third,
2125 800 63 75 and
2203 800 50 75 di-

1226 850 23 75 “
1274 850 73 75 vide
1364 850 84 75 their
1464 850 133 75 produd
1613 850 44 75 by
1673 850 54 75 the
1744 850 76 75 firft,
1845 850 56 75 the
1926 850 146 75 quotient
2088 850 75 75 (ball
2181 850 72 75 give

1225 893 23 75 “
1273 893 55 75 the
1344 893 111 75 fourth
1474 893 216 75 proportional
1707 893 187 75 required.”
1951 893 108 75 Thus,
2084 893 35 75 to
2143 893 67 75 find
2234 893 19 75 a

1222 938 110 75 fourth
1356 938 217 75 proportional
1590 938 35 75 to
1652 938 33 75 a,
1715 938 51 75 ar,
1793 938 62 75 and
1882 938 30 75 b,
1938 938 149 75 multiply
2102 938 42 75 ar
2158 938 45 75 by
2218 938 31 75 b,

1223 985 61 75 and
1306 985 107 75 divide
1433 985 56 75 the
1504 985 134 75 produd
1652 985 61 75 arb
1730 985 41 75 by
1789 985 55 75 the
1860 985 64 75 firft
1940 985 81 75 term
2037 985 34 75 a,
2096 985 55 75 the
2169 985 82 75 quo-

1222 1031 80 75 tient
1318 1031 38 75 br
1373 1031 26 75 is
1417 1031 55 75 the
1489 1031 109 75 fourth
1617 1031 218 75 proportional
1853 1031 161 75 required.

1269 1078 38 75 In
1324 1078 205 75 calculations
1546 1078 26 75 it
1586 1078 181 75 fometimes
1793 1078 142 75 requires
1964 1078 20 75 a
2004 1078 85 75 little
2118 1078 71 75 care
2216 1078 35 75 to

1220 1125 89 75 place
1325 1125 55 75 the
1396 1125 99 75 terms
1519 1125 32 75 in
1576 1125 63 75 due
1662 1125 116 75 order;
1803 1125 53 75 for
1877 1125 195 75 which.you
2093 1125 76 75 may
2191 1125 59 75 ob-

1219 1172 88 75 ferve
1322 1172 57 75 the
1395 1172 167 75 following

1196 1245 146 75 'Rule.
1392 1245 81 75 Firft
1489 1245 47 75 fet
1552 1245 94 75 down
1663 1245 54 75 die
1742 1245 148 75 quantity
1907 1245 70 75 that
1992 1245 27 75 is
2036 1245 41 75 of
2093 1245 56 75 the
2164 1245 85 75 fame

1264 1292 77 75 kind
1357 1292 79 75 with
1452 1292 56 75 the
1524 1292 149 75 quantity
1688 1292 127 75 fought;
1835 1292 75 75 then
1922 1292 152 75 confider,
2090 1292 85 75 from
2191 1292 57 75 the

1265 1339 110 75 nature
1387 1339 41 75 of
1438 1339 56 75 the
1509 1339 156 75 queftion,
1690 1339 145 75 whether
1847 1339 74 75 that
1945 1339 103 75 which
2067 1339 26 75 is
2109 1339 92 75 given
2219 1339 27 75 is

1264 1385 126 75 greater
1417 1385 38 75 or
1480 1385 62 75 lefs
1570 1385 77 75 than
1673 1385 72 75 that
1774 1385 106 75 which
1906 1385 27 75 is
1960 1385 138 75 fought;
2135 1385 32 75 if
2176 1385 25 75 it
2217 1385 28 75 is

1263 1432 136 75 greater,
1418 1432 77 75 then
1511 1432 90 75 place
1617 1432 55 75 the
1687 1432 136 75 greateft
1839 1432 40 75 of
1890 1432 55 75 the
1962 1432 93 75 other
2067 1432 65 75 two
2144 1432 101 75 quan-

1263 1478 85 75 tities
1365 1478 41 75 on
1424 1478 54 75 the
1495 1478 61 75 left
1571 1478 106 75 hand;
1705 1478 56 75 but
1777 1478 32 75 if
1819 1478 26 75 it
1860 1478 28 75 is
1905 1478 71 75 lefs,
1994 1478 88 75 place
2099 1478 54 75 the
2170 1478 76 75 lead

1261 1523 41 75 of
1324 1523 55 75 the
1406 1523 96 75 other
1524 1523 65 75 two
1613 1523 173 75 quantities
1813 1523 43 75 on
1884 1523 55 75 the
1967 1523 62 75 left
2055 1523 99 75 hand,
2180 1523 64 75 and

1260 1571 54 75 the
1333 1571 94 75 other
1442 1571 41 75 on
1499 1571 56 75 the
1572 1571 97 75 right.

1258 1633 98 75 Then
1372 1633 77 75 (hail
1465 1633 56 75 the
1536 1633 97 75 terms
1651 1633 40 75 be
1707 1633 32 75 in
1757 1633 61 75 due
1834 1633 118 75 order;
1978 1633 64 75 and
2057 1633 64 75 you
2137 1633 52 75 are
2206 1633 36 75 to

1212 1680 137 75 proceed
1365 1680 170 75 according
1550 1680 35 75 to
1601 1680 56 75 the
1674 1680 81 75 rule,
1779 1680 202 75 multiplying
1997 1680 55 75 the
2068 1680 115 75 fecond
2200 1680 43 75 by

1211 1726 55 75 the
1276 1726 107 75 .third,
1408 1726 63 75 and
1486 1726 143 75 dividing
1644 1726 84 75 their
1743 1726 133 75 produd
1892 1726 43 75 by
1950 1726 56 75 the
2021 1726 77 75 firft.

1258 1800 152 75 Examp.
1461 1800 23 75 “
1509 1800 37 75 If
1570 1800 44 75 30
1639 1800 71 75 men
1738 1800 44 75 do
1807 1800 62 75 any
1883 1800 89 75 piece
1988 1800 41 75 of
2039 1800 90 75 work
2144 1800 34 75 in
2198 1800 40 75 12

1209 1847 27 75 “
1260 1847 91 75 days,
1376 1847 75 75 how
1466 1847 95 75 many
1577 1847 72 75 men
1665 1847 77 75 (hall
1758 1847 43 75 do
1816 1847 26 75 it
1857 1847 33 75 in
1912 1847 39 75 18
1968 1847 129 75 days?”

1257 1901 138 75 Becaufe
1412 1901 26 75 it
1454 1901 25 75 is
1497 1901 19 75 a
1532 1901 132 75 number
1680 1901 41 75 of
1730 1901 74 75 men
1821 1901 68 75 that
1906 1901 25 75 is
1949 1901 126 75 fought,
2101 1901 64 75 firft
2191 1901 49 75 fet

1209 1947 95 75 down
1324 1947 55 75 30,
1407 1947 54 75 the
1483 1947 136 75 number
1635 1947 41 75 of
1694 1947 72 75 men
1790 1947 70 75 that
1882 1947 27 75 is
1932 1947 114 75 given:
2088 1947 65 75 you
2172 1947 67 75 will

1208 1993 94 75 eafily
1317 1993 50 75 fee
1382 1993 71 75 that
1469 1993 56 75 the
1542 1993 132 75 number
1685 1993 71 75 that
1771 1993 26 75 is
1814 1993 93 75 given
1918 1993 26 75 is
1956 1993 125 75 greater
2092 1993 77 75 than
2181 1993 57 75 the

1208 2039 132 75 number
1355 2039 71 75 that
1442 2039 27 75 is
1485 2039 134 75 fought;
1646 2039 159 75 therefore
1833 2039 89 75 place
1955 2039 49 75 18.
2023 2039 42 75 on
2093 2039 56 75 the
2176 2039 62 75 left

1206 2086 96 75 hand,
1329 2086 63 75 and
1412 2086 38 75 12
1470 2086 40 75 on
1528 2086 55 75 the
1601 2086 106 75 right;
1741 2086 62 75 and
1819 2086 66 75 find
1902 2086 19 75 a
1941 2086 59 75 4th
2017 2086 219 75 proportional

1283 2131 18 75 „

1516 2131 6 75 .
1585 2131 43 75 30
1642 2131 29 75 X
1689 2131 38 75 12

1206 2153 34 75 to
1262 2153 53 75 18,
1335 2153 57 75 30,
1415 2153 53 75 12,
1486 2153 71 75 viz.
1580 2153 94 75 —--3
1683 2153 51 75 —
1744 2153 38 75 —
1796 2153 58 75 20,

1251 2230 111 75 When
1380 2230 18 75 a
1413 2230 94 75 feries
1524 2230 41 75 of
1575 2230 170 75 quantities
1761 2230 140 75 increafe
1929 2230 44 75 by
2000 2230 60 75 one
2085 2230 147 75 common

1204 2275 239 75 multiplicator,
1468 2275 38 75 or
1529 2275 153 75 decreafe’
1700 2275 43 75 by
1758 2275 60 75 one
1835 2275 146 75 common
1997 2275 130 75 divifor,
2152 2275 79 75 they

1204 2324 51 75 are
1271 2324 67 75 faid
1353 2324 35 75 to
1405 2324 39 75 be
1460 2324 31 75 in
1502 2324 213 75 geometrical
1724 2324 188 75 proportion
1928 2324 182 75 continued.

1311 2369 61 75 As,
1398 2369 33 75 a,
1459 2369 54 75 ar,
1538 2369 41 75 ar
1579 2351 16 49 1
1595 2369 15 75 ,
1635 2369 42 75 ar
1677 2351 16 49 3
1693 2369 15 75 ,
1733 2369 72 75 ar*,
1829 2369 43 75 ar
1872 2351 15 49 ;
1887 2369 15 75 ,
1926 2369 62 75 See.
2028 2369 50 75 or,

1388 2440 21 75 a
1440 2440 50 75 —
1528 2440 50 75 —
1627 2440 51 75 —
1729 2422 23 49 a
1823 2422 23 49 a
1919 2440 28 75 Sc

1244 2523 76 75 The
1345 2523 146 75 common
1508 2523 173 75 multiplier
1696 2523 39 75 or
1749 2523 117 75 divifor
1881 2523 28 75 is
1926 2523 103 75 called
2044 2523 85 75 their
2143 2523 81 75 com-

1197 2570 71 75 mon
1292 2570 98 75 ratio.

1244 2616 38 75 In
1307 2616 75 75 fuch
1399 2616 19 75 a
1432 2616 105 75 feries,
1565 2616 23 75 “
1614 2616 55 75 the
1693 2616 134 75 produd
1851 2616 40 75 of
1909 2616 56 75 the
1989 2616 63 75 firft
2079 2616 64 75 and
2166 2616 57 75 laft

1200 2644 22 49 ce
1247 2662 27 75 is
1291 2662 118 75 always
1425 2662 94 75 equal
1536 2662 35 75 to
1587 2662 55 75 the
1658 2662 135 75 produd
1816 2662 41 75 of
1876 2662 55 75 the
1956 2662 117 75 fecond
2088 2662 63 75 and
2166 2662 56 75 laft

1199 2709 22 75 “
1247 2709 57 75 but
1326 2709 73 75 on.e,
1432 2709 37 75 or
1492 2709 36 75 to
1552 2709 55 75 the
1623 2709 134 75 produd
1773 2709 40 75 of
1835 2709 63 75 any
1913 2709 65 75 two
1994 2709 97 75 terms
2109 2709 111 75 equal-

1198 2755 22 75 “
1245 2755 35 75 ly
1297 2755 120 75 remote
1432 2755 85 75 from
1532 2755 57 75 the
1605 2755 198 75 extremes.”
1851 2755 38 75 In
1905 2755 55 75 the
1976 2755 106 75 feries,
2107 2755 34 75 a,
2165 2755 53 75 ar,

1194 2802 40 75 ar
1234 2784 15 49 2
1249 2802 17 75 ,
1283 2802 41 75 ar
1324 2784 17 49 3
1341 2802 14 75 ,
1380 2802 60 75 &c.
1466 2802 30 75 if
1505 2802 24 75 y
1554 2802 39 75 be
1616 2802 57 75 the
1696 2802 58 75 laft
1770 2802 94 75 term,
1889 2802 76 75 then
1982 2802 76 75 (hall
2075 2802 54 75 the
2146 2802 74 75 four

1192 2872 56 75 laft
1264 2872 96 75 terms
1377 2872 41 75 of
1428 2872 55 75 the
1499 2872 94 75 feries
1609 2872 39 75 be
1665 2872 27 75 r,
1720 2872 51 75 A.
1820 2872 51 75 A
1915 2872 51 75 A
1983 2872 9 75 •
2031 2872 73 75 now
2131 2872 26 75 it
2189 2872 27 75 is

1738 2906 19 75 r
1831 2906 19 75 r
1850 2888 14 49 1
1934 2906 12 75 7
1946 2888 23 49 3
1982 2888 11 49 7

1191 2972 96 75 plain,
1311 2972 72 75 that
1411 2972 176 75 aXy—arY,
1611 2972 9 75 -

2068 2985 9 75 ,
2094 2985 61 75 &c.
2180 2985 7 75 '

2096 3059 23 75 “
2142 3059 77 75 The

1737 3054 26 75 Z
