2428 3377
106 170 82 75 250

662 170 42 75 A
817 170 44 75 N
976 170 41 75 A
1133 170 38 75 T

105 223 114 75 nerves
235 223 36 75 to
295 223 56 75 the
367 223 132 75 tongue,
523 223 131 75 larynx,
677 223 163 75 pharynx,
865 223 63 75 and
944 223 150 75 ganglion
1111 223 40 75 of

106 271 56 75 the
178 271 182 75 intercoftal
376 271 111 75 nerve,
512 271 64 75 and
591 271 95 75 being
702 271 162 75 disjoined
879 271 85 75 from
981 271 57 75 the
1054 271 93 75 ninth

107 318 64 75 and
195 318 194 75 intercoftal,
414 318 36 75 to
477 318 107 75 which
611 318 28 75 it
672 318 134 75 adheres
824 318 119 75 clofely
958 318 87 75 fome
1061 318 85 75 way,

108 365 77 75 runs
203 365 132 75 (height
355 365 95 75 down
468 365 56 75 the
540 365 82 75 neck
647 365 120 75 behind
794 365 56 75 the
866 365 137 75 internal
1017 365 132 75 jugular

107 412 86 75 vein,
219 412 63 75 and
299 412 34 75 at
349 412 55 75 the
421 412 147 75 external
585 412 65 75 fide
666 412 40 75 of
718 412 56 75 the
786 412 126 75 carotid
928 412 121 75 artery.
1098 412 51 75 As

107 458 26 75 it
143 458 26 75 is
183 458 98 75 about
297 458 36 75 to
350 458 90 75 enter
450 458 55 75 the
521 458 133 75 thorax,
680 458 19 75 a
709 458 88 75 large
809 458 97 75 nerve
914 458 78 75 goes
1008 458 52 75 off
1067 458 85 75 from

108 506 57 75 the
187 506 90 75 eight
305 506 41 75 of
365 506 78 75 each
468 506 85 75 fide:
587 506 86 75 This
699 506 121 75 branch
843 506 40 75 of
902 506 57 75 the
983 506 169 75 right-fide

108 553 91 75 turns
216 553 106 75 round
337 553 85 75 from
439 553 55 75 the
506 553 71 75 fore
593 553 36 75 to
647 553 56 75 the
717 553 82 75 back
816 553 72 75 part
904 553 42 75 of
956 553 56 75 the
1029 553 123 75 fubcla-

107 599 74 75 vian
198 599 123 75 artery,
347 599 96 75 while
456 599 55 75 the
522 599 121 75 branch
657 599 41 75 of
708 599 57 75 the
787 599 142 75 left-fide
944 599 91 75 turns
1047 599 106 75 round

109 647 57 75 the
178 647 92 75 great
287 647 95 75 curve
394 647 41 75 of
445 647 56 75 the
514 647 91 75 aorta
618 647 10 75 ;
656 647 64 75 and
735 647 80 75 both
828 647 39 75 of
879 647 89 75 them
984 647 169 75 mounting

109 693 43 75 up
168 693 91 75 again
288 693 33 75 at
336 693 77 75 thel
431 693 41 75 de
497 693 41 75 of
561 693 57 75 the
645 693 204 75 oefophagus,
875 693 36 75 to
938 693 107 75 which
1073 693 79 75 they

110 741 72 75 give
198 741 170 75 branches,
394 741 54 75 are
470 741 61 75 loft
547 741 33 75 at
597 741 56 75 laft
669 741 33 75 in
719 741 57 75 the
791 741 132 75 larynx.
970 741 111 75 Thefe
1098 741 53 75 are

110 788 105 75 called
231 788 55 75 the
296 788 137 75 Recur
441 788 100 75 rent
560 788 125 75 nerves,
710 788 107 75 which
834 788 48 75 we
906 788 54 75 are
977 788 122 75 defired
1115 788 36 75 to

109 834 77 75 fliun
203 834 32 75 in
252 834 56 75 the
324 834 168 75 operation
509 834 40 75 of
559 834 249 75 bronchotomy,
834 834 126 75 though
977 834 83 75 their
1069 834 80 75 deep

110 881 149 75 iituation
276 881 138 75 protects
431 881 88 75 them
533 881 203 75 fufficiently.

158 928 77 75 The
248 928 121 75 eighths
377 928 79 75 pair,
475 928 115 75 above,
608 928 64 75 and
688 928 32 75 at
737 928 37 75 or
786 928 77 75 near
873 928 56 75 the
941 928 90 75 place
1044 928 106 75 where

110 975 58 75 the
192 975 164 75 recurrent
375 975 111 75 nerves
503 975 42 75 go
578 975 52 75 off
652 975 86 75 from
765 975 39 75 it,
829 975 39 75 or
891 975 188 75 frequently
1094 975 57 75 the

110 1022 182 75 recurrents
308 1022 202 75 themfelves,
536 1022 76 75 fend
636 1022 53 75 off
699 1022 90 75 fmall
806 1022 113 75 nerves
943 1022 34 75 to
994 1022 56 75 the
1067 1022 83 75 peri-

110 1070 156 75 cardium,
292 1070 63 75 and
371 1070 36 75 to
419 1070 70 75 join
500 1070 79 75 with
595 1070 57 75 the
666 1070 157 75 branches
841 1070 41 75 of
893 1070 57 75 the
969 1070 181 75 intercoftal

110 1116 74 75 that
211 1116 54 75 are
292 1116 191 75 diftributed
500 1116 35 75 to
553 1116 55 75 the
624 1116 115 75 heart;
766 1116 58 75 but
842 1116 85 75 their
954 1116 62 75 fize
1034 1116 63 75 and
1112 1116 39 75 fi-

112 1163 124 75 tuation
255 1163 53 75 are
320 1163 180 75 uncertain.

159 1210 100 75 After
286 1210 89 75 thefe
403 1210 155 75 branches
584 1210 54 75 are
661 1210 69 75 fent
747 1210 59 75 off,
832 1210 55 75 the
903 1210 58 75 par
976 1210 116 75 vagum
1110 1210 41 75 on

113 1257 78 75 each
200 1257 63 75 fide
279 1257 152 75 defcends
444 1257 119 75 behind
578 1257 55 75 the
643 1257 91 75 great
750 1257 120 75 branch
888 1257 40 75 of
935 1257 56 75 the
1007 1257 145 75 trachea,

112 1304 64 75 and
192 1304 87 75 gives
297 1304 170 75 numerous
491 1304 156 75 filaments
673 1304 35 75 to
725 1304 55 75 the
804 1304 107 75 lungs,
937 1304 63 75 and
1015 1304 86 75 fome
1118 1304 35 75 to

113 1351 57 75 the
193 1351 93 75 heart
312 1351 33 75 in
363 1351 97 75 going
484 1351 36 75 to
545 1351 55 75 the
617 1351 204 75 cefophagus.
869 1351 78 75 The
964 1351 60 75 one
1040 1351 42 75 of
1098 1351 55 75 the

113 1399 143 75 left-fide
267 1399 137 75 running
417 1399 41 75 on
474 1399 57 75 the
542 1399 160 75 fore-part
721 1399 42 75 of
773 1399 56 75 the
845 1399 203 75 oefophagus,
1065 1399 88 75 com-

114 1446 177 75 municates
308 1446 44 75 by
368 1446 118 75 feveral
519 1446 157 75 branches
700 1446 80 75 with
804 1446 57 75 the
877 1446 87 75 right
980 1446 61 75 one
1062 1446 32 75 in
1111 1446 42 75 its

115 1493 130 75 defcent
258 1493 35 75 to
309 1493 41 75 be
366 1493 188 75 diftributed
572 1493 35 75 to
623 1493 56 75 the
695 1493 140 75 ftomach
848 1493 8 75 :
883 1493 79 75 The
990 1493 88 75 right
1094 1493 60 75 one

115 1539 71 75 gets
198 1539 119 75 behind
329 1539 56 75 the
402 1539 201 75 oefophagus,
628 1539 108 75 where
752 1539 26 75 it
795 1539 89 75 fplits
896 1539 62 75 and
969 1539 119 75 rejoins
1106 1539 47 75 fe-

115 1586 89 75 veral
220 1586 93 75 times
330 1586 112 75 before
466 1586 26 75 it
510 1586 119 75 arrives
647 1586 33 75 at
703 1586 56 75 the
775 1586 153 75 ftomach,
953 1586 35 75 to
1005 1586 106 75 which
1128 1586 26 75 it

117 1633 93 75 fends
235 1633 134 75 nerves;
396 1633 63 75 and
482 1633 79 75 then
587 1633 96 75 being
707 1633 113 75 joined
847 1633 43 75 by
913 1633 60 75 one
1000 1633 37 75 or
1064 1633 90 75 more

118 1681 156 75 branches
287 1681 86 75 from
386 1681 56 75 the
461 1681 62 75 left
538 1681 111 75 trunk,
662 1681 79 75 they
757 1681 59 75 run
828 1681 142 75 towards
982 1681 56 75 the
1050 1681 108 75 cseliac

116 1727 122 75 artery,
270 1727 92 75 there
389 1727 36 75 to
438 1727 69 75 join
524 1727 69 75 into
610 1727 56 75 the
694 1727 91 75 great
812 1727 169 75 femilunar
1003 1727 152 75 ganglion

117 1775 129 75 formed
261 1775 43 75 by
316 1775 56 75 the
389 1775 68 75 two
472 1775 210 75 intercoftals.

165 1822 76 75 The
258 1822 134 75 Ninth
412 1822 98 75 Pair
529 1822 41 75 of
588 1822 112 75 nerves
718 1822 106 75 comes
841 1822 87 75 from
944 1822 56 75 the
1023 1822 133 75 inferior

118 1867 72 75 part
208 1867 40 75 of
266 1867 56 75 the
338 1867 137 75 corpora
501 1867 221 75 pyramidalia,
748 1867 36 75 to
806 1867 42 75 go
864 1867 58 75 out
945 1867 39 75 of
1003 1867 55 75 the
1074 1867 80 75 fkull

120 1914 34 75 at
171 1914 84 75 their
270 1914 117 75 proper
402 1914 91 75 holes
510 1914 39 75 of
564 1914 54 75 the
635 1914 150 75 occipital
801 1914 96 75 bone.
945 1914 101 75 After
1071 1914 85 75 their

122 1962 104 75 egrefs
243 1962 79 75 they
335 1962 118 75 adhere
469 1962 52 75 for
537 1962 86 75 fome
639 1962 72 75 way
726 1962 107 75 firmly
849 1962 35 75 to
900 1962 56 75 the
968 1962 110 75 eighth
1093 1962 64 75 and

120 2009 204 75 intercoftal;
358 2009 64 75 and
445 2009 79 75 then
548 2009 132 75 fending
702 2009 18 75 a
750 2009 135 75 branch,
915 2009 71 75 that
1013 2009 31 75 in
1062 2009 95 75 many

121 2055 136 75 fubjedts
274 2055 27 75 is
315 2055 112 75 joined
454 2055 81 75 with
559 2055 157 75 branches
732 2055 41 75 of
790 2055 56 75 the
870 2055 65 75 firft
956 2055 64 75 and
1042 2055 115 75 fecond

123 2102 136 75 cervical
275 2102 125 75 nerves,
418 2102 36 75 to
465 2102 40 75 be
513 2102 190 75 diftributed
711 2102 35 75 to
763 2102 55 75 the
834 2102 133 75 thyroid
982 2102 98 75 gland
1096 2102 64 75 and

122 2149 137 75 mufcles
276 2149 42 75 on
335 2149 55 75 the
398 2149 160 75 fore-part
569 2149 40 75 of
621 2149 56 75 the
684 2149 134 75 trachea
833 2149 130 75 arteria,
988 2149 56 75 the
1067 2149 93 75 ninth

122 2195 29 75 is
168 2195 60 75 loft
243 2195 33 75 in
300 2195 56 75 the
373 2195 133 75 mufcles
524 2195 62 75 and
602 2195 161 75 fubftance
780 2195 41 75 of
831 2195 55 75 the
903 2195 132 75 tongue.

172 2242 77 75 The
264 2242 141 75 Tenth
426 2242 97 75 Pair
543 2242 75 75 rifes
635 2242 33 75 in
685 2242 141 75 feparate
845 2242 131 75 threads
995 2242 85 75 from
1104 2242 57 75 the

125 2289 81 75 fides
217 2289 41 75 of
276 2289 56 75 the
348 2289 98 75 fpinal
464 2289 151 75 marrow,
641 2289 35 75 to
691 2289 44 75 go
746 2289 58 75 out
820 2289 144 75 between
981 2289 55 75 the
1052 2289 37 75 os
1106 2289 55 75 oc-

127 2336 105 75 cipitis
257 2336 62 75 and
346 2336 63 75 firft
433 2336 149 75 vertebra
609 2336 40 75 of
669 2336 56 75 the
753 2336 94 75 neck.
895 2336 99 75 After
1018 2336 79 75 each
1128 2336 41 75 of

128 2383 90 75 them
233 2383 58 75 has
304 2383 92 75 given
413 2383 156 75 branches
585 2383 35 75 to
637 2383 55 75 the
708 2383 91 75 great
818 2383 149 75 ganglion
985 2383 39 75 of
1043 2383 56 75 the
1114 2383 49 75 in-

128 2430 162 75 tercoftal,
316 2430 73 75 8th,
415 2430 71 75 9th,
511 2430 64 75 and
607 2430 44 75 ift
674 2430 137 75 cervical
828 2430 125 75 nerves,
978 2430 26 75 it
1020 2430 27 75 is
1059 2430 104 75 diftri-

129 2476 100 75 buted
241 2476 36 75 to
288 2476 56 75 the
361 2476 145 75 (freight,
530 2476 143 75 oblique,
699 2476 63 75 and
774 2476 86 75 fome
885 2476 40 75 of
944 2476 56 75 the
1016 2476 149 75 extenfor

129 2524 136 75 mufcles
281 2524 41 75 of
332 2524 56 75 the
404 2524 96 75 head.

176 2570 77 75 The
269 2570 120 75 branch
406 2570 149 75 reflected
570 2570 84 75 from
671 2570 56 75 the
743 2570 85 75 fixth
845 2570 81 75 pair,
948 2570 112 75 joined
1075 2570 89 75 pofli-

131 2618 57 75 bly
203 2618 46 75 by
264 2618 86 75 fome
374 2618 158 75 filaments
548 2618 40 75 of
610 2618 56 75 the
685 2618 213 75 opththalmic
922 2618 119 75 branch
1058 2618 41 75 of
1110 2618 56 75 the

132 2665 89 75 fifth,
237 2665 75 75 runs
330 2665 95 75 along
440 2665 80 75 with
537 2665 55 75 the
603 2665 136 75 internal
752 2665 125 75 carotid
889 2665 119 75 artery,
1025 2665 141 75 through

134 2711 55 75 the
196 2711 141 75 crooked
346 2711 90 75 canal
442 2711 126 75 formed
576 2711 53 75 for
637 2711 25 75 it
669 2711 32 75 in
713 2711 56 75 the
777 2711 156 75 temporal
946 2711 95 75 bone,
1059 2711 108 75 where

134 2759 57 75 the
213 2759 86 75 little
326 2759 96 75 nerve
448 2759 28 75 is
503 2759 79 75 very
603 2759 65 75 foft
685 2759 64 75 and
776 2759 119 75 pappy,
920 2759 63 75 and
998 2759 34 75 in
1048 2759 119 75 feveral

136 2803 134 75 fubjedts
288 2803 123 75 divides
429 2803 63 75 and
504 2803 103 75 unites
620 2803 104 75 again,
749 2803 61 75 and
826 2803 27 75 is
870 2803 113 75 joined
998 2803 44 75 by
1054 2803 61 75 one
1131 2803 38 75 or

135 2851 90 75 more
233 2851 156 75 branches
405 2851 86 75 from
506 2851 55 75 the
587 2851 74 75 fifth
687 2851 209 75 particularly
912 2851 41 75 of
968 2851 42 75 its
1027 2851 143 75 fuperior

136 2898 174 75 maxillary
324 2898 136 75 branch,
482 2898 112 75 before
609 2898 26 75 it
652 2898 106 75 comes
774 2898 57 75 out
855 2898 39 75 of
905 2898 56 75 the
976 2898 94 75 fkull.
1118 2898 51 75 As

138 2945 77 75 foon
231 2945 34 75 as
281 2945 57 75 the
354 2945 96 75 nerve
466 2945 123 75 efcapes
613 2945 57 75 out
697 2945 39 75 of
758 2945 65 75 this
847 2945 88 75 bony
961 2945 102 75 canal,
1088 2945 26 75 it
1142 2945 27 75 is

139 2990 172 75 connedted
336 2990 18 75 a
369 2990 84 75 little
469 2990 72 75 way
564 2990 78 75 with
666 2990 56 75 the
744 2990 112 75 eighth
873 2990 61 75 and
951 2990 114 75 ninth;
1091 2990 79 75 then

140 3037 177 75 feparating
332 3037 85 75 from
428 3037 100 75 thefe,
554 3037 82 75 after
652 3037 139 75 feeming
812 3037 36 75 to
863 3037 123 75 receive
1010 3037 159 75 addition-

1291 161 39 75 O
1447 161 49 75 M
1611 161 52 75 Y.

2051 161 99 75 Part
2179 161 52 75 V.

1195 219 28 75 al
1252 219 113 75 nerves
1391 219 85 75 from
1501 219 101 75 them,
1627 219 26 75 it
1685 219 100 75 forms
1812 219 19 75 a
1857 219 89 75 large
1970 219 164 75 ganglion,
2166 219 68 75 into

1198 265 107 75 which
1321 265 156 75 branches
1494 265 85 75 from
1596 265 56 75 the
1669 265 92 75 tenth
1777 265 39 75 of
1825 265 54 75 the
1891 265 96 75 head,
2013 265 63 75 and
2083 265 84 75 from
2180 265 55 75 the

1198 314 65 75 firft
1275 314 62 75 and
1348 314 117 75 fecond
1487 314 149 75 cervical,
1661 314 103 75 enter.
1812 314 99 75 From
1928 314 64 75 this
2012 314 150 75 ganglion
2179 314 56 75 the

1198 360 112 75 nerves
1327 360 90 75 come
1433 360 57 75 out
1504 360 91 75 again
1618 360 103 75 fmall,
1738 360 35 75 to
1785 360 60 75 run
1856 360 97 75 down
1969 360 56 75 the
2042 360 82 75 neck
2140 360 96 75 along

1198 407 80 75 with
1295 407 56 75 the
1364 407 124 75 carotid
1505 407 121 75 artery,
1644 407 268 75 communicating
1928 407 44 75 by
1984 407 155 75 branches
2156 407 79 75 with

1198 454 56 75 the
1269 454 139 75 cervical
1420 454 124 75 nerves,
1571 454 63 75 and
1650 454 109 75 giving
1774 454 111 75 nerves
1898 454 35 75 to
1950 454 55 75 the
2021 454 133 75 mufcles
2164 454 71 75 that

1198 501 85 75 bend
1301 501 54 75 the
1372 501 82 75 head
1476 501 62 75 and
1550 501 94 75 neck.
1693 501 48 75 As
1759 501 55 75 the
1830 501 181 75 intercoftal
2039 501 26 75 is
2084 501 98 75 about
2200 501 34 75 to

1199 549 91 75 enter
1307 549 57 75 the
1380 549 134 75 thorax,
1538 549 26 75 it
1582 549 100 75 forms
1699 549 136 75 another
1844 549 162 75 ganglion,
2031 549 85 75 from
2128 549 108 75 which

1199 595 112 75 nerves
1329 595 53 75 are
1401 595 69 75 fent
1498 595 35 75 to
1550 595 55 75 the
1621 595 132 75 trachea
1781 595 62 75 and
1859 595 35 75 to
1930 595 56 75 the
2003 595 113 75 heart;
2143 595 89 75 thefe

1199 643 148 75 defigned
1362 643 53 75 for
1431 643 56 75 the
1510 643 92 75 heart
1611 643 127 75 joining
1754 643 80 75 with
1858 643 57 75 the
1941 643 155 75 branches
2121 643 40 75 of
2180 643 56 75 the

1199 689 124 75 eighth,
1350 689 63 75 and
1429 689 80 75 moft
1521 689 41 75 of
1573 689 88 75 them
1677 689 117 75 pafling
1809 689 145 75 between
1971 689 55 75 the
2054 689 66 75 two
2147 689 92 75 great

1199 737 130 75 arteries
1338 737 63 75 and
1417 737 57 75 the
1486 737 148 75 auricles,
1659 737 35 75 to
1712 737 55 75 the
1783 737 161 75 fubftance
1960 737 40 75 of
2012 737 69 75 that
2105 737 130 75 mufcle.

1198 783 78 75 The
1287 783 125 75 interco'
1412 783 56 75 ftal
1485 783 83 75 after
1585 783 64 75 this
1666 783 164 75 confifting
1846 783 41 75 of
1898 783 66 75 two
1981 783 168 75 branches,
2175 783 61 75 one

1198 829 98 75 going
1311 829 132 75 behind,
1469 829 62 75 and
1547 829 57 75 the
1619 829 96 75 other
1724 829 136 75 running
1869 829 76 75 over
1957 829 55 75 the
2025 829 160 75 fore-part
2201 829 41 75 of

1199 876 55 75 the
1270 876 182 75 fubclavian
1475 876 121 75 artery,
1621 876 101 75 forms
1740 876 19 75 a
1782 876 70 75 new
1868 876 151 75 ganglion
2044 876 109 75 where
2179 876 57 75 the

1199 923 66 75 two
1282 923 154 75 branches
1449 923 87 75 unite
1547 923 106 75 below
1669 923 72 75 that
1764 923 120 75 artery,
1910 923 60 75 and
1989 923 76 75 then
2083 923 152 75 defend-

1199 970 56 75 ing
1271 970 96 75 along
1383 970 57 75 the
1456 970 78 75 fides
1562 970 41 75 of
1630 970 57 75 the
1710 970 156 75 vertebrae
1891 970 40 75 of
1950 970 55 75 the
2028 970 131 75 thorax,
2184 970 51 75 re-

1200 1018 102 75 ceives
1319 1018 156 75 branches
1503 1018 85 75 from
1605 1018 78 75 each
1702 1018 39 75 of
1761 1018 56 75 the
1848 1018 104 75 dorfal
1969 1018 134 75 nerves;
2130 1018 105 75 which

1198 1066 155 75 branches
1377 1066 171 75 appearing
1565 1066 35 75 to
1626 1066 90 75 come
1734 1066 56 75 out
1816 1066 146 75 between
1978 1066 56 75 the
2051 1066 78 75 ribs,
2154 1066 82 75 have

1200 1113 94 75 given
1305 1113 56 75 the
1378 1113 92 75 name
1487 1113 40 75 of
1538 1113 180 75 intercoftal
1732 1113 35 75 to
1780 1113 56 75 the
1852 1113 105 75 whole
1974 1113 108 75 nerve.
2108 1113 127 75 Where

1201 1159 55 75 the
1273 1159 146 75 addition
1436 1159 26 75 is
1479 1159 92 75 made
1587 1159 36 75 to
1643 1159 28 75 it
1696 1159 85 75 from
1798 1159 56 75 the
1872 1159 75 75 fifth
1962 1159 104 75 dorfal
2084 1159 108 75 nerve,
2217 1159 20 75 a

1201 1206 119 75 branch
1332 1206 77 75 goes
1426 1206 52 75 off
1489 1206 167 75 obliquely
1670 1206 177 75 forewards
1860 1206 10 75 ;
1897 1206 107 75 which
2020 1206 94 75 being
2122 1206 113 75 joined

1201 1252 44 75 by
1272 1252 76 75 fuch
1365 1252 155 75 branches
1547 1252 86 75 from
1650 1252 54 75 the
1732 1252 98 75 fixth,
1854 1252 144 75 feventh,
2023 1252 125 75 eighth,
2173 1252 64 75 and

1201 1300 90 75 ninth
1308 1300 117 75 dorfal,
1451 1300 40 75 an
1509 1300 140 75 anterior
1661 1300 98 75 trunk
1774 1300 27 75 is
1814 1300 139 75 formed,
1978 1300 63 75 and
2057 1300 99 75 paffes
2179 1300 55 75 be-

1201 1347 104 75 tween
1322 1347 56 75 the
1394 1347 95 75 fibres
1505 1347 41 75 of
1557 1347 56 75 the
1640 1347 163 75 appendix
1825 1347 177 75 mufculofa
2017 1347 40 75 of
2084 1347 54 75 the
2167 1347 68 75 dia-

1201 1395 147 75 phragm,
1374 1395 36 75 to
1425 1395 99 75 form,
1550 1395 97 75 along
1663 1395 80 75 with
1771 1395 56 75 the
1855 1395 95 75 other
1977 1395 181 75 intercoftal
2174 1395 63 75 and

1201 1442 56 75 the
1284 1442 154 75 branches
1455 1442 40 75 of
1510 1442 57 75 the
1583 1442 112 75 eighth
1712 1442 82 75 pair,
1819 1442 19 75 a
1870 1442 89 75 large
1975 1442 168 75 femilunar
2159 1442 80 75 gan-

1201 1488 88 75 glion
1305 1488 136 75 fituated
1457 1488 145 75 between
1619 1488 55 75 the
1691 1488 107 75 cseliac
1815 1488 61 75 and
1892 1488 142 75 fuperior
2049 1488 188 75 mefenteric

1202 1536 131 75 arteries
1348 1536 10 75 ;
1382 1536 55 75 the
1454 1536 90 75 roots
1554 1536 43 75 of
1616 1536 105 75 which
1747 1536 54 75 are
1821 1536 33 75 as
1871 1536 27 75 it
1910 1536 85 75 were
2007 1536 149 75 involved
2172 1536 34 75 in
2218 1536 19 75 a

1201 1582 66 75 fort
1294 1582 41 75 of
1347 1582 136 75 nervous
1500 1582 164 75 net-work
1681 1582 39 75 of
1731 1582 64 75 this
1811 1582 163 75 ganglion,
1999 1582 85 75 from
2100 1582 106 75 which
2219 1582 19 75 a

1202 1630 92 75 great
1321 1630 135 75 number
1483 1630 40 75 of
1541 1630 80 75 very
1636 1630 90 75 fmall
1753 1630 135 75 nervous
1905 1630 129 75 threads
2051 1630 60 75 run
2127 1630 57 75 out
2201 1630 35 75 to

1202 1678 38 75 be
1257 1678 164 75 extended
1453 1678 40 75 on
1511 1678 56 75 the
1594 1678 124 75 furface
1735 1678 40 75 of
1794 1678 41 75 all
1853 1678 54 75 the
1923 1678 155 75 branches
2095 1678 39 75 of
2145 1678 91 75 thofe

1202 1725 66 75 two
1292 1725 145 75 arteries,
1461 1725 35 75 fo
1521 1725 34 75 as
1583 1725 36 75 to
1643 1725 40 75 be
1712 1725 94 75 eafily
1822 1725 71 75 feen
1919 1725 93 75 when
2037 1725 62 75 any
2115 1725 39 75 of
2181 1725 56 75 the

1203 1771 131 75 arteries
1369 1771 53 75 are
1462 1771 173 75 ftreiched,
1675 1771 59 75 but
1774 1771 57 75 not
1869 1771 35 75 to
1944 1771 41 75 be
2017 1771 101 75 raifed
2149 1771 86 75 from

1203 1818 87 75 them
1322 1818 44 75 by
1388 1818 179 75 diffedtion;
1602 1818 63 75 and
1691 1818 76 75 thus
1800 1818 56 75 the
1883 1818 93 75 liver,
2008 1818 228 75 gall-bladder,

1203 1865 194 75 duodenum,
1422 1865 164 75 pancreas,
1610 1865 119 75 fpieen,
1750 1865 158 75 jejunum,
1933 1865 103 75 ilium,
2053 1865 62 75 and
2124 1865 18 75 a
2150 1865 87 75 large

1203 1911 88 75 (hare
1302 1911 40 75 of
1346 1911 55 75 the
1418 1911 107 75 colon,
1550 1911 81 75 have
1647 1911 84 75 their
1747 1911 113 75 nerves
1876 1911 68 75 fent
1965 1911 85 75 from
2066 1911 64 75 this
2146 1911 91 75 great

1204 1957 83 75 folar
1302 1957 151 75 ganglion
1470 1957 38 75 or
1524 1957 128 75 plexus.

1253 2005 131 75 Several
1415 2005 96 75 fibres
1539 2005 40 75 of
1598 2005 64 75 this
1690 2005 164 75 ganglion,
1878 2005 137 75 running
2031 2005 96 75 down
2152 2005 85 75 upon

1205 2052 56 75 the
1277 2052 104 75 aorta,
1407 2052 85 75 meet
1504 2052 80 75 with
1600 2052 95 75 other
1706 2052 112 75 nerves
1836 2052 67 75 fent
1920 2052 85 75 from
2017 2052 55 75 the
2084 2052 154 75 pofterior

1207 2099 96 75 trunk
1320 2099 39 75 of
1371 2099 56 75 the
1443 2099 195 75 intercoftal,
1662 2099 107 75 which
1786 2099 165 75 continues
1963 2099 42 75 its
2022 2099 109 75 courfe
2144 2099 96 75 along

1207 2146 57 75 the
1278 2146 80 75 fides
1377 2146 41 75 of
1436 2146 55 75 the
1512 2146 161 75 vertebra,
1697 2146 79 75 they
1799 2146 114 75 fupply
1936 2146 56 75 the
2012 2146 157 75 glandulss
2190 2146 50 75 re-

1207 2194 100 75 nales,
1331 2194 149 75 kidneys,
1505 2194 64 75 and
1589 2194 94 75 teftes
1699 2194 32 75 in
1748 2194 85 75 men,
1859 2194 37 75 or
1911 2194 109 75 ovaria
2035 2194 31 75 in
2091 2194 147 75 women;

1210 2241 61 75 and
1287 2241 77 75 then
1376 2241 79 75 they
1470 2241 85 75 form
1580 2241 19 75 a
1613 2241 163 75 net-work
1794 2241 85 75 upon
1896 2241 56 75 the
1967 2241 134 75 inferipr
2119 2241 121 75 mefen-

1211 2289 78 75 teric
1306 2289 108 75 artery
1440 2289 109 75 where
1580 2289 56 75 the
1658 2289 113 75 nerves
1799 2289 40 75 of
1858 2289 55 75 the
1936 2289 68 75 two
2035 2289 78 75 fides
2142 2289 97 75 meet,

1212 2337 63 75 and
1290 2337 194 75 accompany
1500 2337 56 75 the
1571 2337 156 75 branches
1754 2337 40 75 of
1813 2337 65 75 this
1897 2337 106 75 artery
2030 2337 35 75 to
2087 2337 55 75 the
2169 2337 72 75 part

1212 2384 39 75 of
1270 2384 56 75 the
1343 2384 94 75 colon
1452 2384 70 75 that
1533 2384 59 75 lies
1609 2384 33 75 in
1658 2384 55 75 the
1724 2384 60 75 left
1800 2384 64 75 fide
1881 2384 40 75 of
1940 2384 54 75 the
2003 2384 102 75 belly,
2131 2384 60 75 and
2205 2384 36 75 to

1213 2430 55 75 the
1280 2430 133 75 return,
1432 2430 33 75 as
1477 2430 51 75 far
1539 2430 95 75 down
1646 2430 34 75 as
1689 2430 35 75 to
1733 2430 55 75 the
1799 2430 101 75 lower
1917 2430 70 75 part
2003 2430 40 75 of
2055 2430 56 75 the
2127 2430 113 75 pelvis.

1259 2478 76 75 The
1351 2478 179 75 intercoftal
1548 2478 186 75 continuing
1745 2478 95 75 down
1858 2478 44 75 by
1913 2478 56 75 the
1981 2478 63 75 fide
2057 2478 40 75 of
2103 2478 55 75 the
2170 2478 72 75 ver-

1213 2524 98 75 tebra
1333 2524 41 75 of
1393 2524 55 75 the
1464 2524 96 75 loins,
1584 2524 28 75 is
1625 2524 113 75 joined
1754 2524 43 75 by
1813 2524 112 75 nerves
1949 2524 127 75 coming
2092 2524 84 75 from
2187 2524 57 75 be-

1213 2571 103 75 tween
1332 2571 88 75 thefe
1435 2571 167 75 vertebra,
1628 2571 63 75 and
1706 2571 92 75 fends
1815 2571 111 75 nerves
1943 2571 35 75 to
2005 2571 56 75 the
2076 2571 116 75 organs
2209 2571 40 75 of

1213 2617 184 75 generation
1425 2617 63 75 and
1504 2617 110 75 others
1646 2617 33 75 in
1696 2617 56 75 the
1784 2617 114 75 pelvis,
1922 2617 96 75 being
2040 2617 78 75 even
2132 2617 112 75 joined

1213 2664 80 75 with
1308 2664 91 75 thofe
1422 2664 71 75 that
1511 2664 57 75 are
1580 2664 69 75 fent
1665 2664 36 75 to
1717 2664 57 75 the
1789 2664 133 75 inferior
1938 2664 210 75 extremities.

1260 2711 77 75 The
1356 2711 140 75 Spinal
1523 2711 157 75 Nerves
1700 2711 59 75 rife
1775 2711 162 75 generally
1963 2711 43 75 by
2030 2711 18 75 a
2060 2711 132 75 number
2208 2711 40 75 of

1213 2757 202 75 difgregated
1430 2757 97 75 fibres
1537 2757 83 75 from
1630 2757 80 75 both
1719 2757 55 75 the
1789 2757 71 75 Fore
1878 2757 61 75 and
1955 2757 81 75 back
2048 2757 71 75 part
2136 2757 39 75 of
2187 2757 57 75 the

1214 2806 141 75 medulla
1370 2806 138 75 fpinalis,
1534 2806 62 75 and
1612 2806 76 75 foon
1706 2806 83 75 after
1798 2806 84 75 form
1900 2806 18 75 a
1933 2806 84 75 little
2029 2806 78 75 knot
2118 2806 36 75 or
2166 2806 77 75 gan-

1216 2852 100 75 glion,
1341 2852 108 75 where
1468 2852 78 75 they
1563 2852 130 75 acquire
1709 2852 107 75 ftrong
1832 2852 101 75 coats,
1959 2852 61 75 and
2037 2852 53 75 are
2107 2852 138 75 extend-

1217 2900 40 75 ed
1271 2900 70 75 into
1357 2900 72 75 firm
1445 2900 107 75 cords.
1599 2900 101 75 They
1716 2900 53 75 are
1780 2900 222 75 diftinguifhed
2018 2900 44 75 by
2081 2900 165 75 numbers,

1217 2945 171 75 according
1415 2945 35 75 to
1477 2945 57 75 the
1564 2945 155 75 vertebra
1747 2945 85 75 from
1864 2945 144 75 between
2035 2945 106 75 which
2169 2945 78 75 they

1218 2994 89 75 come
1319 2994 79 75 out;
1418 2994 55 75 the
1489 2994 141 75 fuperior
1643 2994 39 75 of
1693 2994 55 75 the
1760 2994 67 75 two
1842 2994 98 75 bones
1957 2994 140 75 forming
2108 2994 55 75 the
2171 2994 76 75 hole

1218 3044 143 75 through
1376 3044 106 75 which
1499 3044 77 75 they
1592 3044 83 75 pafs,
1700 3044 96 75 being
1819 3044 56 75 the
1891 3044 60 75 one
1967 3044 85 75 from
2069 3044 104 75 which
2190 3044 54 75 the

2114 3083 132 75 number
