2443 3377
564 176 41 75 A
663 176 34 75 P
756 176 34 75 P

1130 176 26 75 {
1215 176 84 75 w
1353 176 22 75 )

1720 176 42 75 A
1819 176 36 75 P
1913 176 28 75 S

219 246 4 75 ,
238 246 87 75 neral
350 246 37 75 or
411 246 127 75 fpecial.
586 246 109 75 Thefe
713 246 53 75 are
783 246 104 75 called
903 246 79 75 ap^f
982 228 14 49 !
996 246 132 75 hrive;.
1184 246 45 75 So

113 295 30 75 f
238 295 69 75 fiih,
324 295 84 75 bird,
435 295 85 75 man,
544 295 80 75 city,
651 295 95 75 river,
772 295 53 75 are
843 295 146 75 common
1007 295 108 75 names
1129 295 10 75 ;
1167 295 63 75 and

239 339 34 75 fo
290 339 54 75 are
361 339 101 75 troot,
488 339 62 75 eel,
574 339 118 75 lobfter
706 339 11 75 ;
742 339 55 75 for
811 339 79 75 they
910 339 43 75 all
969 339 93 75 agree
1079 339 35 75 to
1134 339 96 75 many

169 386 5 75 '
238 386 206 75 individuals,
469 386 63 75 and
546 386 87 75 fome
649 386 36 75 to
698 386 99 75 many
810 386 134 75 ipecies.

191 435 270 75 APPELLEE,
487 435 116 75 among
614 435 152 75 lawyers,
790 435 58 75 the
862 435 111 75 perfon
990 435 118 75 againft
1121 435 108 75 whom

240 481 40 75 an
297 481 111 75 appeal
425 481 27 75 is
468 481 153 75 brought.
672 481 62 75 See
752 481 168 75 Appeal.

190 529 264 75 APPENDIX,
479 529 32 75 in
528 529 178 75 literature,
732 529 18 75 a
767 529 129 75 treatife
909 529 110 75 added
1037 529 32 75 at
1093 529 55 75 the
1165 529 63 75 end

240 575 39 75 of
298 575 18 75 a
337 575 105 75 work,
468 575 35 75 to
519 575 115 75 render
649 575 27 75 it
695 575 90 75 more
804 575 170 75 complete.

190 623 388 75 APPERCEPTION,
603 623 38 75 or
658 623 323 75 Adperception,
1008 623 18 75 a
1050 623 83 75 term
1150 623 79 75 tiled

238 669 42 75 by
297 669 155 75 Leibnitz
469 669 63 75 and
549 669 50 75 his
617 669 161 75 followers
797 669 51 75 for
865 669 244 75 confcioufnefs.

188 717 422 75 APPERTINANCES,
648 717 59 75 the
733 717 86 75 fame
846 717 81 75 with
963 717 263 75 appurtenances.

239 764 60 75 See
315 764 350 75 Appurtenances.

188 811 257 75 APPETITE,
471 811 33 75 in
521 811 19 75 a
555 811 130 75 general
698 811 100 75 fenfe,
824 811 56 75 the
897 811 98 75 defire
1020 811 42 75 of
1075 811 153 75 enjoying

227 858 93 75 Tome
338 858 106 75 objedt
460 858 155 75 fuppofed
628 858 40 75 to
685 858 40 75 be
738 858 175 75 conducive
925 858 36 75 to
973 858 60 75 our
1044 858 180 75 happinefs.

186 906 218 75 AppfcrrTE,
429 906 34 75 in
480 906 169 75 medicine,
666 906 20 75 a
701 906 121 75 certain
839 906 122 75 painful
978 906 37 75 or
1028 906 116 75 uneafy
1155 906 70 75 fen-

236 952 114 75 fation,
378 952 117 75 always
525 952 225 75 accompanied
775 952 78 75 with
881 952 18 75 a
920 952 99 75 defire
1041 952 35 75 to
1103 952 53 75 eat
1187 952 39 75 or

232 999 107 75 drink.

185 1047 268 75 APPLAUSE,
478 1047 39 75 an
534 1047 211 75 approbation
762 1047 40 75 of
813 1047 191 75 fomething,
1021 1047 142 75 fignified
1179 1047 44 75 by

232 1092 146 75 clapping
394 1092 55 75 the
465 1092 115 75 hands,
606 1092 60 75 ftill
684 1092 153 75 pradhfed
856 1092 34 75 in
906 1092 155 75 theatres.

183 1140 170 75 APPLE,
379 1140 56 75 the
458 1140 80 75 fruit
562 1140 41 75 of
617 1140 56 75 the
694 1140 101 75 pyrus
823 1140 116 75 mains,
964 1140 38 75 or
1028 1140 191 75 apple-tree.

232 1188 62 75 See
309 1188 146 75 Pyrus.

182 1234 127 75 Apple
330 1234 42 75 of
378 1234 54 75 the
447 1234 62 75 eye,
534 1234 19 75 a
569 1234 92 75 name
682 1234 58 75 not
754 1234 232 75 unfrequently
1002 1234 94 75 given
1112 1234 37 75 to
1164 1234 57 75 the

230 1281 101 75 pupil.
381 1281 112 75 Seep.
509 1281 85 75 289.

181 1328 234 75 APPLEBY,
433 1328 55 75 the
501 1328 92 75 chief
603 1328 88 75 town
704 1328 39 75 of
758 1328 56 75 the
832 1328 120 75 county
968 1328 40 75 of
1019 1328 200 75 Weflmore-

229 1375 86 75 land,
341 1375 136 75 fituated
496 1375 42 75 on
555 1375 56 75 the
627 1375 85 75 river
732 1375 107 75 Eden,
865 1375 30 75 in
915 1375 18 75 2
933 1357 22 49 0
980 1375 45 75 2(3
1052 1375 62 75 W.
1126 1375 92 75 long,

227 1423 64 75 and
314 1423 45 75 54
359 1405 19 49 0
393 1423 119 75 30/N.
529 1423 59 75 lat.
637 1423 34 75 It
685 1423 93 75 fends
794 1423 68 75 two
885 1423 158 75 members
1054 1423 36 75 to
1101 1423 116 75 parlia-

229 1469 99 75 ment.

177 1517 300 75 APPLICATE,,
493 1517 266 75 or-ORDiNATE
785 1517 173 75 applicate,
983 1517 33 75 in
1034 1517 180 75 geometry.

228 1564 61 75 See
306 1564 225 75 Ordinate.

177 1611 346 75 APPLICATION,
548 1611 32 75 in
601 1611 19 75 a
635 1611 128 75 general
783 1611 97 75 fenfe,
905 1611 27 75 is
951 1611 56 75 the
1023 1611 109 75 laying
1148 1611 67 75 two

224 1657 107 75 things
348 1657 161 75 together,
534 1657 33 75 in
584 1657 96 75 order
695 1657 37 75 to
755 1657 144 75 difcover
922 1657 85 75 their
1030 1657 184 75 agreement

225 1704 37 75 or
278 1704 241 75 difagreement.

177 1751 290 75 Application,
491 1751 32 75 in
540 1751 179 75 geometry,
743 1751 26 75 is
787 1751 77 75 ufed
880 1751 103 75 either
999 1751 53 75 for
1068 1751 143 75 divifion,

223 1799 52 75 for
300 1799 150 75 applying
466 1799 61 75 one
551 1799 150 75 quantity
728 1799 36 75 to
787 1799 147 75 another,
959 1799 107 75 whofe
1092 1799 119 75 arreas,

222 1846 59 75 but
295 1846 59 75 not
369 1846 130 75 figures,
524 1846 76 75 lhall
612 1846 41 75 be
669 1846 56 75 the
737 1846 106 75 fame;
870 1846 49 75 or,
937 1846 53 75 for
1001 1846 211 75 transferring

222 1894 19 75 a
256 1894 94 75 given
366 1894 63 75 line
445 1894 69 75 into
530 1894 18 75 a
566 1894 108 75 circle,
700 1894 38 75 or
765 1894 95 75 other
882 1894 113 75 figure,
1021 1894 35 75 fo
1080 1894 72 75 that
1167 1894 44 75 its

223 1941 77 75 ends
318 1941 77 75 lhall
415 1941 39 75 be
465 1941 38 75 in
519 1941 56 75 the
590 1941 172 75 perimeter
778 1941 40 75 of
828 1941 56 75 the
900 1941 113 75 figure.

175 1987 291 75 Application,
491 1987 116 75 among
632 1987 134 75 divines,
792 1987 20 75 a
839 1987 83 75 term
945 1987 75 75 ufed
1043 1987 36 75 to
1095 1987 116 75 fignify

223 2034 53 75 the
292 2034 84 75 fame
393 2034 33 75 as
444 2034 203 75 imputation.
698 2034 62 75 See
777 2034 272 75 Imputation.

173 2080 366 75 APPOGIATURA,
565 2080 31 75 in
614 2080 107 75 mufic,
745 2080 19 75 a
790 2080 90 75 fmall
908 2080 76 75 note
1010 2080 138 75 inferted
1165 2080 45 75 by

221 2128 55 75 the
292 2128 150 75 practical
464 2128 159 75 mufician,
649 2128 145 75 between
822 2128 66 75 two
911 2128 126 75 others,
1063 2128 33 75 at
1123 2128 87 75 fome

222 2175 150 75 diftance.

173 2222 303 75 APPOINTED,
502 2222 18 75 a
537 2222 218 75 foot-foldier,
782 2222 36 75 or
835 2222 109 75 officer
959 2222 33 75 in
1009 2222 55 75 the
1082 2222 126 75 French

221 2270 101 75 army,
349 2270 74 75 who
443 2270 139 75 receives
600 2270 19 75 a
634 2270 128 75 greater
777 2270 62 75 pay
856 2270 77 75 than
955 2270 109 75 others
1093 2270 41 75 of
1153 2270 56 75 the

220 2316 83 75 fame
319 2316 92 75 rank,
437 2316 31 75 in
487 2316 232 75 confideration
745 2316 40 75 of
804 2316 49 75 his
870 2316 112 75 valour
998 2316 39 75 or
1052 2316 76 75 long
1144 2316 64 75 fer-

173 2408 252 75 Appointe'e,
450 2408 31 75 in
505 2408 164 75 heraldry,
694 2408 56 75 the
776 2408 84 75 fame
877 2408 21 75 a.
898 2408 12 75 s
938 2408 148 75 aguifee:
1112 2408 96 75 Thus

220 2456 49 75 we
285 2456 67 75 fay,
378 2456 19 75 a
412 2456 85 75 crofs
514 2456 181 75 appointee,
720 2456 36 75 to
778 2456 115 75 fignify
915 2456 72 75 that
1012 2456 105 75 which
1143 2456 66 75 two

220 2503 107 75 angles
344 2503 33 75 at
395 2503 54 75 the
466 2503 62 75 end
544 2503 55 75 cut
615 2503 59 75 off,
698 2503 35 75 fo
753 2503 33 75 as
804 2503 36 75 to
856 2503 169 75 terminate
1040 2503 33 75 in
1089 2503 119 75 points.

174 2547 374 75 APPOINTMENT,
572 2547 32 75 in
621 2547 19 75 a
655 2547 129 75 general
800 2547 100 75 fefife,
925 2547 56 75 the
1002 2547 83 75 fame
1110 2547 32 75 as
1160 2547 47 75 af-

221 2596 164 75 fignation.
436 2596 61 75 See
510 2596 293 75 Assignation.
851 2596 39 75 In
907 2596 18 75 a
937 2596 88 75 more
1036 2596 172 75 reftrained

221 2645 97 75 fenfe,
343 2645 27 75 it
385 2645 133 75 fignifies
536 2645 18 75 a
569 2645 125 75 penfion
707 2645 92 75 given
816 2645 44 75 by
875 2645 125 75 princes
1017 2645 62 75 and
1095 2645 111 75 noble-

220 2691 73 75 men
309 2691 35 75 to
362 2691 98 75 retain
478 2691 121 75 certain
615 2691 128 75 perfons
758 2691 34 75 in
808 2691 85 75 their
909 2691 131 75 fervice.

173 2736 443 75 APPORTIONMENT,
642 2736 31 75 in
696 2736 74 75 law,
797 2736 55 75 the
876 2736 131 75 divifion
1031 2736 41 75 of
1091 2736 19 75 a
1134 2736 72 75 rent

222 2785 69 75 into
303 2785 99 75 parts,
420 2785 32 75 in
465 2785 55 75 the
531 2785 84 75 fame
628 2785 130 75 manner
770 2785 33 75 as
820 2785 55 75 the
887 2785 77 75 land
975 2785 57 75 out
1049 2785 40 75 of
1100 2785 107 75 which

224 2832 132 75 it.iffues
373 2832 28 75 is
418 2832 142 75 divided.

176 2878 305 75 APPOSITION,
505 2878 32 75 in
554 2878 171 75 grammar,
750 2878 56 75 the
833 2878 125 75 placing
981 2878 66 75 two
1064 2878 38 75 or
1117 2878 91 75 more

224 2926 204 75 fubftantives
452 2926 149 75 together
624 2926 32 75 in
680 2926 55 75 the
761 2926 84 75 fame
873 2926 80 75 cafe,
980 2926 137 75 without
1144 2926 62 75 any

224 2972 179 75 copulative
415 2972 203 75 conjunction
630 2972 145 75 between
791 2972 111 75 them;
929 2972 48 75 as,
994 2972 148 75 Ardebat
1156 2972 49 75 A-

224 3019 97 75 lexim
337 3019 133 75 delicts!
487 3019 134 75 doruini.

178 3068 307 75 Appraising.
536 3068 62 75 See
614 3068 243 75 Apprysing.

1276 249 389 75 APPREHENSION,
1690 249 33 75 in
1738 249 99 75 logic,
1862 249 56 75 the
1942 249 65 75 firft
2034 249 37 75 or
2099 249 79 75 moft
2206 249 106 75 fimpfe

1325 291 47 75 adt
1386 291 43 75 of
1439 291 58 75 the
1518 291 101 75 mind,
1645 291 151 75 whereby
1811 291 26 75 it
1853 291 174 75 perceives,
2051 291 39 75 or
2105 291 27 75 is
2149 291 163 75 confcious

1324 340 40 75 of
1375 340 86 75 fome
1481 340 84 75 idea.
1615 340 62 75 See
1693 340 264 75 Perception,
1983 340 63 75 and
2065 340 145 75 Logic.

1278 390 287 75 APPRYSING,
1590 390 32 75 in
1645 390 93 75 Scots
1756 390 74 75 law,
1857 390 56 75 the
1937 390 92 75 name
2058 390 41 75 of
2121 390 72 75 that
2211 390 101 75 adtion

1321 433 47 75 by
1386 433 107 75 which
1519 433 19 75 a
1554 433 142 75 creditor
1713 433 156 75 formerly
1890 433 124 75 carried
2030 433 52 75 off
2092 433 56 75 the
2164 433 97 75 eftate
2277 433 40 75 of

1324 480 49 75 his
1393 480 117 75 debtor
1526 480 52 75 for
1592 480 165 75 payment.
1805 480 31 75 It
1853 480 27 75 is
1897 480 74 75 now
1982 480 173 75 aboliffied,
2180 480 64 75 and
2254 480 56 75 ad-

1319 530 196 75 judications
1532 530 53 75 are
1601 530 172 75 appointed
1789 530 33 75 in
1849 530 89 75 place
1957 530 42 75 of
2009 530 43 75 it."
2099 530 62 75 See
2177 530 130 75 Scots

1325 576 102 75 Law,
1455 576 82 75 title,
1563 576 198 75 Appryjtngs
1776 576 70 75 and
1860 576 268 75 Adjudication!.

1275 625 273 75 APPROACH,
1575 625 38 75 or
1629 625 301 75 Approaching,
1955 625 33 75 in
2012 625 19 75 a
2054 625 128 75 general
2210 625 98 75 fenfe,

1323 669 54 75 the
1394 669 152 75 acceding
1557 669 38 75 or
1606 669 126 75 coming
1745 669 149 75 together
1901 669 44 75 of
1956 669 66 75 two
2034 669 38 75 or
2083 669 89 75 more
2187 669 121 75 things.

1274 720 333 75 APPROACHES,
1632 720 33 75 in
1681 720 221 75 fortification,
1927 720 56 75 the
1999 720 107 75 works
2123 720 128 75 thrown
2268 720 40 75 up

1322 763 43 75 by
1383 763 59 75 the
1467 763 166 75 befiegers,
1669 763 33 75 in
1726 763 96 75 order
1847 763 36 75 to
1906 763 55 75 get
1982 763 113 75 nearer
2120 763 20 75 a
2161 763 147 75 fortrefs,

1320 813 136 75 without
1472 813 95 75 being
1584 813 140 75 expofed
1739 813 36 75 to
1794 813 56 75 the
1867 813 137 75 enemies
2020 813 140 75 cannon.

1273 861 366 75 APPROACHING,
1664 861 33 75 in
1713 861 188 75 gardening,
1926 861 57 75 the
1997 861 199 75 inoculating
2211 861 38 75 or
2260 861 48 75 in-

1318 906 140 75 grafting
1471 906 58 75 the
1545 906 86 75 fprig
1652 906 42 75 of
1715 906 62 75 one
1804 906 70 75 tree
1901 906 70 75 into
1997 906 148 75 another,
2170 906 139 75 without

1318 953 124 75 cutting
1457 953 27 75 it
1504 953 51 75 off
1566 953 86 75 from
1668 953 55 75 the
1740 953 209 75 parent-tree.

1269 1002 302 75 Approaching,
1596 1002 34 75 in
1650 1002 147 75 fowling,
1823 1002 19 75 a
1853 1002 134 75 method
2006 1002 41 75 of
2057 1002 126 75 getting
2196 1002 111 75 nearer

1317 1047 55 75 the
1390 1047 87 75 birds
1495 1047 42 75 by
1553 1047 107 75 means
1678 1047 37 75 of
1730 1047 19 75 a
1767 1047 158 75 machine,
1950 1047 93 75 made
2060 1047 40 75 of
2114 1047 101 75 hoops
2244 1047 62 75 and

1315 1095 125 75 bopghs
1457 1095 40 75 of
1508 1095 97 75 trees,
1630 1095 113 75 within
1760 1095 107 75 which
1890 1095 55 75 the
1968 1095 174 75 fportfman
2160 1095 145 75 conceals

1315 1141 139 75 himfelf.

1267 1189 340 75 APPROPRIARE
1636 1189 226 75 comntuniam,
1887 1189 32 75 in
1947 1189 75 75 law,
2048 1189 27 75 is
2104 1189 35 75 to
2168 1189 135 75 difcom-

1313 1234 88 75 raon,
1429 1234 71 75 that
1516 1234 39 75 is,
1581 1234 35 75 to
1631 1234 119 75 inclofe
1765 1234 63 75 any
1843 1234 107 75 parcel
1962 1234 41 75 of
2012 1234 78 75 land
2106 1234 71 75 that
2194 1234 111 75 before

1314 1281 64 75 was
1395 1281 83 75 open
1494 1281 64 75 and
1574 1281 160 75 common.

1266 1329 280 75 Appropriare
1572 1329 48 75 ad
1637 1329 159 75 honorem,
1822 1329 36 75 to
1882 1329 95 75 bring
2003 1329 19 75 a
2049 1329 112 75 manor
2187 1329 115 75 within

1314 1374 55 75 the
1380 1374 119 75 liberty
1510 1374 41 75 of
1558 1374 38 75 an
1608 1374 138 75 honour.
1779 1374 62 75 See
1853 1374 164 75 Manor,
2035 1374 63 75 and
2109 1374 190 75 Honour.

1265 1425 413 75 APPROPRIATION,
1703 1425 31 75 in
1750 1425 75 75 Lw,
1850 1425 18 75 a
1887 1425 145 75 fevering
2056 1425 40 75 of
2117 1425 19 75 a
2160 1425 141 75 benefice

1313 1470 213 75 ecclefiallical
1549 1470 36 75 to
1609 1470 56 75 the
1687 1470 116 75 proper
1828 1470 63 75 and
1905 1470 164 75 perpetual
2085 1470 54 75 ufe
2156 1470 40 75 of
2215 1470 86 75 fome

1313 1517 150 75 religious
1490 1517 111 75 houfe,
1626 1517 38 75 or
1688 1517 81 75 dean
1794 1517 62 75 and
1880 1517 144 75 chapter,
2052 1517 191 75 biflioprick,
2261 1517 40 75 or

1313 1564 141 75 college;
1483 1564 146 75 becaufe,
1658 1564 33 75 as
1708 1564 129 75 perfons
1860 1564 178 75 ordinarily
2052 1564 82 75 have
2154 1564 42 75 no
2212 1564 88 75 right

1311 1610 40 75 of
1361 1610 51 75 fee
1428 1610 123 75 fimple,
1575 1610 102 75 thefe,
1700 1610 45 75 by
1761 1610 109 75 reafon
1884 1610 41 75 of
1930 1610 84 75 their
2032 1610 196 75 perpetuity,
2243 1610 57 75 are

1310 1658 176 75 accounted
1498 1658 123 75 owners
1638 1658 42 75 of
1691 1658 55 75 the
1762 1658 52 75 fee
1830 1658 129 75 fimple;
1988 1658 63 75 and
2067 1658 160 75 therefore
2243 1658 56 75 are

1309 1705 104 75 called
1421 1705 214 75 proprietors.
1683 1705 56 75 To
1756 1705 38 75 an
1812 1705 250 75 appropriation,
2085 1705 83 75 after
2185 1705 56 75 the
2256 1705 41 75 li-

1310 1753 94 75 cence
1421 1753 150 75 obtained
1596 1753 41 75 of
1654 1753 57 75 the
1732 1753 79 75 king
1836 1753 35 75 in
1893 1753 172 75 chancery,
2093 1753 56 75 the
2167 1753 130 75 confent

1310 1797 39 75 of
1368 1797 54 75 the
1447 1797 159 75 diocefan,
1636 1797 127 75 patron,
1790 1797 63 75 and
1868 1797 196 75 incumbent,
2089 1797 54 75 are
2157 1797 137 75 necefla-

1308 1844 50 75 ry,
1387 1844 31 75 if
1429 1844 55 75 the
1501 1844 121 75 church
1643 1844 38 75 be
1697 1844 83 75 full;
1805 1844 70 75 but,
1899 1844 32 75 if
1942 1844 55 75 the
2013 1844 121 75 church
2150 1844 40 75 be
2207 1844 87 75 void,

1308 1891 54 75 the
1379 1891 146 75 diocefan
1542 1891 63 75 and
1620 1891 56 75 the
1691 1891 128 75 patron,
1845 1891 85 75 upon
1953 1891 56 75 the
2030 1891 106 75 kings
2159 1891 134 75 licence,

1306 1937 73 75 may
1403 1937 166 75 conclude.

1258 1987 426 75 APPROXIMATION,
1709 1987 33 75 in
1770 1987 183 75 arithmetic
1979 1987 64 75 and
2069 1987 143 75 algebra,
2237 1987 57 75 the

1306 2032 126 75 coming
1448 2032 111 75 nearer
1574 2032 64 75 and
1652 2032 113 75 nearer
1780 2032 35 75 to
1829 2032 22 75 a
1867 2032 85 75 r6ot,
1978 2032 38 75 or
2032 2032 94 75 other
2143 2032 151 75 quantity

1304 2078 128 75 fought,
1456 2078 139 75 without
1623 2078 167 75 expeding
1810 2078 35 75 to
1865 2078 44 75 be
1928 2078 76 75 ever
2028 2078 71 75 able
2123 2078 36 75 to
2186 2078 66 75 find
2267 2078 28 75 it

1304 2126 139 75 exadly.

1258 2173 157 75 APPUI,
1440 2173 33 75 in
1489 2173 56 75 the
1561 2173 145 75 menage,
1730 2173 56 75 the
1802 2173 86 75 fenfe
1904 2173 41 75 of
1965 2173 57 75 the
2050 2173 103 75 adion
2178 2173 41 75 of
2236 2173 59 75 the

1306 2221 102 75 bridle
1424 2221 32 75 in
1473 2221 56 75 the
1544 2221 194 75 horfemans
1755 2221 97 75 hand.
1900 2221 96 75 Thus
2014 2221 49 75 we
2077 2221 67 75 fay,
2166 2221 18 75 a
2199 2221 95 75 horfe

1306 2267 56 75 has
1380 2267 43 75 no
1441 2267 112 75 appui,
1579 2267 92 75 when
1695 2267 41 75 he
1757 2267 119 75 cannot
1900 2267 99 75 fuffer
2021 2267 57 75 the
2101 2267 48 75 bit
2165 2267 36 75 to
2217 2267 77 75 bear

1305 2313 97 75 never
1417 2313 33 75 fo
1468 2313 83 75 little
1567 2313 85 75 upon
1668 2313 56 75 the
1740 2313 87 75 parts
1844 2313 40 75 of
1901 2313 55 75 the
1972 2313 126 75 mouth.
2146 2313 57 75 To
2219 2313 75 75 give

1306 2360 18 75 a
1339 2360 92 75 horfe
1448 2360 19 75 a
1482 2360 86 75 good
1584 2360 108 75 appui,
1716 2360 42 75 he
1774 2360 113 75 fltould
1909 2360 39 75 be
1964 2360 161 75 galloped,
2149 2360 64 75 and
2233 2360 60 75 put

1307 2408 88 75 often
1412 2408 94 75 back.

1258 2455 231 75 APPUXSE,
1514 2455 33 75 in
1564 2455 191 75 aftronomy,
1781 2455 55 75 the
1853 2455 158 75 approach
2031 2455 41 75 of
2082 2455 18 75 a
2119 2455 107 75 planet
2239 2455 52 75 to-

1306 2501 103 75 wards
1433 2501 19 75 a
1467 2501 203 75 conjundion
1685 2501 81 75 with
1783 2501 55 75 the
1854 2501 57 75 fun
1935 2501 37 75 or
1989 2501 62 75 any
2066 2501 41 75 of
2130 2501 55 75 the
2202 2501 90 75 fixed

1305 2548 88 75 liars.

1257 2594 230 75 APRICOT,
1511 2594 33 75 in
1561 2594 132 75 botany,
1710 2594 56 75 the
1783 2594 132 75 Englilh
1932 2594 91 75 name
2040 2594 40 75 of
2095 2594 57 75 the
2168 2594 121 75 prunus

1307 2641 201 75 Armeniaca.
1559 2641 61 75 See
1637 2641 172 75 Prunus.

1256 2689 160 75 APRIL,
1441 2689 32 75 in
1490 2689 213 75 chronology,
1727 2689 56 75 the
1799 2689 112 75 fourth
1927 2689 112 75 month
2066 2689 41 75 of
2127 2689 56 75 the
2198 2689 88 75 year,

1305 2734 181 75 containing
1503 2734 77 75 only
1599 2734 44 75 30
1659 2734 92 75 days.

1256 2788 34 75 A
1306 2788 179 75 PRIORI,
1509 2788 19 75 a
1554 2788 79 75 kind
1660 2788 40 75 of
1722 2788 259 75 demonfiration.
2031 2788 61 75 See
2121 2788 165 75 Demon-

1306 2829 211 75 stration.

1256 2877 180 75 APRON,
1459 2877 33 75 in
1504 2877 156 75 gunnery,
1676 2877 57 75 the
1743 2877 88 75 piece
1848 2877 40 75 of
1897 2877 73 75 lead
1985 2877 104 75 which
2107 2877 111 75 covers
2229 2877 57 75 the

1305 2922 189 75 touch-hole
1510 2922 40 75 of
1562 2922 18 75 a
1596 2922 134 75 cannon.
1789 2922 62 75 See
1868 2922 177 75 Cannon.

1256 2970 146 75 APSIS,
1419 2970 31 75 in
1464 2970 191 75 aftronomy,
1673 2970 19 75 a
1703 2970 82 75 term
1800 2970 77 75 ufed
1888 2970 218 75 indifferently
2116 2970 52 75 for
2179 2970 103 75 either

1305 3017 39 75 of
1363 3017 55 75 the
1435 3017 65 75 two
1517 3017 106 75 points
1650 3017 41 75 of
1712 3017 20 75 a
1756 3017 133 75 planets
1917 3017 98 75 orbit,
2041 3017 107 75 where
2164 3017 26 75 it
2205 3017 27 75 is
2249 3017 32 75 at

1303 3065 55 75 the
1382 3065 135 75 greateft
1532 3065 38 75 or
1586 3065 75 75 leaft
1678 3065 137 75 diftance
1838 3065 85 75 from
1948 3065 55 75 the
2029 3065 58 75 fun
2115 3065 39 75 or
2177 3065 101 75 earth.

2169 3105 112 75 Hence
