2428 3377
206 153 80 75 z(>6

705 156 40 75 A
861 156 42 75 N
1020 156 44 75 A
1180 156 38 75 T

202 228 78 75 rior,
299 228 55 75 the
367 228 93 75 other
472 228 171 75 pollerior;
662 228 63 75 and
736 228 67 75 two
819 228 212 75 extremities,
1048 228 61 75 one
1126 228 102 75 large,

203 275 107 75 which
327 275 175 75 reprefents
518 275 56 75 the
590 275 78 75 baiis
686 275 40 75 of
738 275 18 75 a
767 275 132 75 tongue,
915 275 63 75 and
991 275 60 75 one
1062 275 89 75 fmall
1169 275 64 75 and

204 322 20 75 a
238 322 85 75 little
340 322 146 75 rounded
501 322 65 75 like
585 322 56 75 the
657 322 92 75 point
767 322 39 75 of
819 322 16 75 a
847 322 132 75 tongue.

250 370 76 75 The
337 370 150 75 pancreas
500 370 25 75 is
538 370 132 75 fituated
681 370 209 75 tranfverfely
903 370 99 75 under
1013 370 56 75 the
1081 370 152 75 ftomach-,

205 414 31 75 in
264 414 55 75 the
347 414 199 75 duplicature
562 414 40 75 of
622 414 56 75 the
694 414 153 75 pofterior
862 414 132 75 portion
1010 414 40 75 of
1062 414 54 75 the
1133 414 101 75 mefo-

204 462 108 75 colon.
360 462 78 75 The
449 462 89 75 large
554 462 176 75 extremity
745 462 29 75 is
790 462 173 75 connected
980 462 34 75 to
1031 462 55 75 the
1102 462 38 75 fir
1143 462 24 75 ft
1186 462 48 75 in-

204 508 167 75 curvation
398 508 41 75 of
460 508 57 75 the
543 508 196 75 duodenum,
764 508 63 75 and
850 508 87 75 from
959 508 114 75 thence
1096 508 26 75 it
1137 508 98 75 pafles

204 555 111 75 before
338 555 57 75 the
417 555 61 75 reft
506 555 39 75 of
568 555 72 75 that
663 555 158 75 inteftine,
847 555 43 75 ail
907 555 56 75 the
979 555 73 75 way
1067 555 36 75 to
1119 555 42 75 its
1178 555 57 75 laft

203 601 199 75 incurvation
416 601 10 75 ;
452 601 34 75 fo
507 601 71 75 that
602 601 19 75 a
648 601 92 75 great
755 601 70 75 part
845 601 41 75 of
906 601 55 75 the
977 601 183 75 duodenum
1177 601 58 75 lies

203 647 146 75 between
378 647 55 75 the
460 647 150 75 pancreas
639 647 64 75 and
731 647 55 75 the
814 647 154 75 vertebrae
997 647 40 75 of
1060 647 62 75 the'
1139 647 94 75 back.

203 695 76 75 The
296 695 89 75 fmall
401 695 176 75 extremity
600 695 26 75 is
652 695 89 75 fixed
768 695 35 75 to
830 695 57 75 the
907 695 164 75 omentum
1088 695 76 75 near
1181 695 55 75 the

204 741 118 75 fpleen.

251 789 76 75 The
344 789 148 75 pancreas
509 789 29 75 is
554 789 169 75 compofed
739 789 42 75 of
802 789 18 75 a
844 789 89 75 great
950 789 134 75 number
1111 789 40 75 of
1172 789 65 75 foft

204 835 166 75 glandular
387 835 175 75 molecule,
587 835 170 75 combined
783 835 31 75 in
843 835 76 75 fuch
936 835 19 75 a
971 835 143 75 manner,
1139 835 35 75 as
1201 835 35 75 to

206 881 125 75 exhibit
348 881 55 75 the
428 881 193 75 appearance
637 881 41 75 of
699 881 61 75 one
777 881 140 75 uniform
933 881 81 75 mafs
1035 881 41 75 on
1092 881 55 75 the
1164 881 72 75 out-

206 929 74 75 ride,
305 929 56 75 the
379 929 122 75 furface
518 929 40 75 of
577 929 107 75 which
707 929 26 75 is
763 929 156 75 rendered
946 929 122 75 uneven
1092 929 77 75 only
1196 929 43 75 by

205 975 170 75 numerous
393 975 89 75 fmall
499 975 210 75 convexities,
735 975 89 75 more
839 975 37 75 or
892 975 60 75 lefs
964 975 124 75 flatted.
1124 975 113 75 When

204 1022 88 75 thefe
314 1022 163 75 moleculse
495 1022 53 75 are
564 1022 164 75 feparated
755 1022 19 75 a
800 1022 86 75 little
911 1022 85 75 from
1023 1022 77 75 each
1129 1022 106 75 other,

203 1069 50 75 we
270 1069 65 75 find
353 1069 95 75 along
465 1069 54 75 the
538 1069 119 75 middle
670 1069 40 75 of
724 1069 56 75 the
795 1069 136 75 breadth
948 1069 40 75 of
998 1069 56 75 the
1073 1069 161 75 pancreas,

206 1115 19 75 a
240 1115 172 75 particular
427 1115 87 75 dudt,
531 1115 33 75 in
580 1115 106 75 which
699 1115 118 75 feveral
829 1115 125 75 fmaller
965 1115 90 75 dudts
1069 1115 168 75 terminate

209 1161 146 75 laterally
372 1161 42 75 on
432 1161 77 75 each
529 1161 73 75 lide,
627 1161 66 75 like
709 1161 88 75 fmall
816 1161 79 75 rami
912 1161 32 75 in
962 1161 18 75 a
995 1161 90 75 ftem.

253 1209 85 75 This
366 1209 101 75 canal,
492 1209 116 75 named
631 1209 114 75 duttus
766 1209 244 75 pancreaticus,
1052 1209 37 75 or
1121 1209 114 75 duttus

208 1255 169 75 Virfungi,
403 1255 26 75 is
458 1255 79 75 very
564 1255 84 75 thin,
674 1255 110 75 white,
813 1255 62 75 and
898 1255 110 75 almoft
1024 1255 211 75 tranfparept,

208 1303 63 75 and
289 1303 55 75 the
357 1303 176 75 extremity
548 1303 39 75 of
596 1303 54 75 the
666 1303 97 75 trunk
780 1303 98 75 opens
895 1303 182 75 commonly
1092 1303 70 75 into
1179 1303 56 75 the

204 1348 175 75 extremity
396 1348 40 75 of
456 1348 54 75 the
531 1348 111 75 ducfus
671 1348 221 75 cholidochus.
942 1348 98 75 From
1068 1348 114 75 thence
1208 1348 27 75 it

203 1394 180 75 diminifhes
400 1394 179 75 gradually,
605 1394 61 75 and
678 1394 182 75 terminates
876 1394 33 75 in
925 1394 20 75 a
961 1394 101 75 point,
1088 1394 78 75 next
1178 1394 57 75 the

203 1441 118 75 fpleen.
369 1441 78 75 The
462 1441 90 75 fmall
567 1441 113 75 lateral
703 1441 154 75 branches
886 1441 53 75 are
962 1441 140 75 likewife
1126 1441 108 75 pretty

203 1489 89 75 large
306 1489 74 75 near
393 1489 55 75 the
463 1489 109 75 trunk,
597 1489 64 75 and
676 1489 78 75 very
770 1489 88 75 fmall
871 1489 124 75 toward
1011 1489 55 75 the
1083 1489 96 75 edges
1199 1489 41 75 of

204 1536 56 75 the
276 1536 164 75 pancreas,
440 1518 5 49 -
465 1536 41 75 all
519 1536 40 75 of
571 1536 87 75 them
675 1536 88 75 lying
775 1536 31 75 in
824 1536 56 75 the
896 1536 83 75 fame
995 1536 92 75 plane
1102 1536 65 75 like
1179 1536 56 75 the

207 1581 156 75 branches
381 1581 41 75 of
432 1581 55 75 the
504 1581 147 75 common
668 1581 83 75 fern.

251 1629 76 75 The
344 1629 179 75 pancreatic
538 1629 76 75 duft
638 1629 26 75 is
680 1629 183 75 fometimes
877 1629 119 75 double
1013 1629 32 75 in
1064 1629 84 75 man,
1174 1629 61 75 one

205 1674 88 75 lying
309 1674 99 75 above
425 1674 55 75 the
496 1674 107 75 other.
663 1674 32 75 It
722 1674 27 75 is
778 1674 56 75 not
861 1674 119 75 always
1009 1674 40 75 of
1072 1674 38 75 an
1139 1674 94 75 equal

204 1721 123 75 length,
354 1721 61 75 and
431 1721 178 75 fometimes
626 1721 75 75 runs
718 1721 32 75 in
774 1721 19 75 a
810 1721 141 75 winding
966 1721 122 75 courfe,
1114 1721 58 75 but
1190 1721 45 75 al-

206 1768 86 75 ways
308 1768 32 75 in
360 1768 56 75 the
433 1768 82 75 fame
532 1768 115 75 plane;
674 1768 63 75 and
752 1768 27 75 it
795 1768 27 75 is
839 1768 111 75 nearer
966 1768 56 75 the
1043 1768 99 75 lower
1159 1768 78 75 than

204 1814 57 75 the
277 1814 99 75 upper
393 1814 63 75 fide
472 1814 41 75 of
532 1814 55 75 the
610 1814 166 75 pancreas.
824 1814 32 75 It
880 1814 121 75 pierces
1018 1814 54 75 the
1089 1814 88 75 coats
1201 1814 41 75 of

205 1862 56 75 the
276 1862 195 75 duodenum,
497 1862 62 75 and
587 1862 97 75 opens
708 1862 69 75 into
801 1862 56 75 the
884 1862 112 75 du&us
1014 1862 220 75 cholidochus,

206 1908 183 75 commonly
414 1908 19 75 a
458 1908 85 75 little
559 1908 100 75 above
675 1908 55 75 the
748 1908 178 75 prominent
942 1908 89 75 point
1048 1908 40 75 of
1099 1908 56 75 the
1172 1908 63 75 ori-

205 1955 59 75 fice
291 1955 41 75 of
354 1955 70 75 that
449 1955 109 75 canal;
585 1955 62 75 and
663 1955 179 75 fometimes
859 1955 26 75 it
902 1955 97 75 opens
1016 1955 218 75 immediately

205 2001 70 75 into
291 2001 56 75 the
368 2001 196 75 duodenum.

591 2105 276 75 SPLEEN.

254 2184 85 75 The
357 2184 107 75 fpleen
487 2184 27 75 is
540 2184 18 75 a
585 2184 100 75 bluifli
713 2184 93 75 mafs,
831 2184 178 75 fomething
1036 2184 137 75 inclined
1200 2184 35 75 to

207 2230 72 75 red,
303 2230 61 75 and
380 2230 40 75 of
442 2230 19 75 a
487 2230 77 75 long
591 2230 74 75 oval
693 2230 114 75 figure,
830 2230 96 75 being
954 2230 98 75 about
1078 2230 94 75 feven
1199 2230 38 75 or

206 2277 89 75 eight
326 2277 269 75 fingers-breadth
622 2277 33 75 in
682 2277 125 75 length,
848 2277 64 75 and
938 2277 73 75 four
1040 2277 37 75 or
1114 2277 62 75 five
1203 2277 33 75 in

207 2323 149 75 breadth.
404 2323 33 75 It
461 2323 27 75 is
511 2323 41 75 of
571 2323 18 75 a
610 2323 109 75 foftilh
735 2323 173 75 fubftanee,
933 2323 63 75 and
1011 2323 27 75 is
1053 2323 135 75 fituated
1202 2323 33 75 in

207 2371 55 75 the
278 2371 60 75 left
353 2371 288 75 hypochondrium,
667 2371 144 75 between
831 2371 55 75 the
903 2371 91 75 great
1009 2371 176 75 extremity
1201 2371 41 75 of

207 2417 56 75 the
280 2417 152 75 ftomach,
458 2417 62 75 and
536 2417 57 75 the
609 2417 233 75 neighbouring
866 2417 77 75 falfe
960 2417 79 75 ribs,
1063 2417 102 75 under
1181 2417 56 75 the

208 2464 79 75 edge
304 2464 39 75 of
355 2464 54 75 the
425 2464 200 75 diaphragm,
650 2464 61 75 and
730 2464 99 75 above
845 2464 55 75 the
915 2464 62 75 left
991 2464 133 75 kidney.

254 2510 76 75 The
346 2510 90 75 inner
457 2510 37 75 or
511 2510 136 75 concave
664 2510 61 75 fide
741 2510 27 75 is
785 2510 128 75 divided
930 2510 44 75 by
990 2510 19 75 a
1024 2510 212 75 longitudinal

208 2556 118 75 groove
343 2556 36 75 or
395 2556 137 75 feiflure,
549 2556 31 75 in
597 2556 67 75 two
679 2556 109 75 planes
805 2556 37 75 or
857 2556 176 75 half-fides,
1051 2556 60 75 one
1124 2556 111 75 upper,

208 2603 55 75 the
278 2603 94 75 other
394 2603 121 75 lower;
542 2603 62 75 and
631 2603 44 75 by
702 2603 65 75 this
794 2603 131 75 groove,
951 2603 56 75 the
1034 2603 111 75 veflels
1174 2603 63 75 and

209 2649 110 75 nerves
337 2649 90 75 enter
442 2649 32 75 in
491 2649 119 75 human
626 2649 147 75 fubjedts.
838 2649 77 75 The
931 2649 142 75 fuperior
1088 2649 148 75 half-fide

208 2695 26 75 is
252 2695 136 75 broader
416 2695 62 75 and
505 2695 87 75 more
620 2695 138 75 concave
786 2695 77 75 than
891 2695 56 75 the
973 2695 144 75 inferior,
1142 2695 95 75 being

208 2742 229 75 proportioned
452 2742 35 75 to
503 2742 59 75 the
576 2742 172 75 convexity
764 2742 41 75 of
827 2742 55 75 the
905 2742 90 75 great
1011 2742 176 75 extremity
1202 2742 41 75 of

209 2788 55 75 the
280 2788 151 75 ftomach.
479 2788 76 75 The
583 2788 130 75 inferior
740 2788 147 75 half-fide
913 2788 58 75 lies
999 2788 171 75 backward
1194 2788 42 75 on

209 2835 55 75 the
282 2835 59 75 left
359 2835 142 75 kidney,"
515 2835 62 75 and
592 2835 142 75 forward
761 2835 42 75 on
830 2835 56 75 the
914 2835 115 75 colon;
1057 2835 66 75 and
1135 2835 101 75 fome-

210 2881 92 75 times
320 2881 63 75 this
399 2881 63 75 fide
478 2881 40 75 of
530 2881 55 75 the
601 2881 106 75 fpleen
723 2881 130 75 appears
870 2881 36 75 to
921 2881 82 75 have
1023 2881 66 75 two
1106 2881 129 75 fuperfi-

211 2927 57 75 cial
294 2927 143 75 cavities,
462 2927 61 75 one
548 2927 174 75 anfwering
737 2927 35 75 to
790 2927 55 75 the
861 2927 173 75 convexity
1051 2927 40 75 of
1102 2927 55 75 the
1174 2927 62 75 fto-

210 2974 105 75 mach,
341 2974 54 75 the
413 2974 93 75 other
523 2974 34 75 to
573 2974 70 75 that
661 2974 39 75 of
714 2974 55 75 the
786 2974 107 75 colon.
941 2974 77 75 The
1038 2974 126 75 convex
1174 2974 63 75 fide

212 3021 39 75 of
263 3021 54 75 the
339 3021 105 75 fpken
463 3021 26 75 is
507 3021 115 75 turned
639 3021 34 75 to
692 3021 54 75 the
763 3021 61 75 left
839 3021 78 75 ribs.

1336 158 40 75 O
1492 158 49 75 M
1654 158 54 75 Y.

2128 158 101 75 Part
2252 158 66 75 VI.

1330 228 31 75 It
1374 228 26 75 is
1414 228 172 75 connedted
1598 228 35 75 to
1650 228 56 75 the
1720 228 151 75 ftomach,
1881 228 44 75 by
1938 228 55 75 the
2005 228 109 75 veflels
2127 228 104 75 called
2243 228 78 75 vafa

1284 276 133 75 brevia;
1445 276 34 75 to
1498 276 54 75 the
1569 276 175 75 extremity
1771 276 40 75 of
1838 276 55 75 the
1910 276 164 75 pancreas,
2101 276 44 75 by
2160 276 158 75 ramifica-

1284 323 84 75 tions
1393 323 42 75 of
1454 323 55 75 the
1527 323 117 75 fplenic
1666 323 110 75 artery
1800 323 62 75 and
1886 323 92 75 vein;
2006 323 63 75 and
2085 323 35 75 to
2138 323 55 75 the
2210 323 108 75 omen-

1285 369 80 75 tum,
1394 369 45 75 by
1455 369 224 75 ramifications
1696 369 106 75 v/hich
1826 369 56 75 the
1909 369 85 75 fame
2020 369 109 75 artery
2156 369 62 75 and
2248 369 72 75 vein

1285 415 75 75 fend
1376 415 35 75 to
1428 415 55 75 the
1507 415 120 75 fpleen,
1652 415 63 75 and
1742 415 106 75 which
1877 415 57 75 run
1962 415 32 75 in
2022 415 56 75 the
2105 415 215 75 longitudinal

1285 462 132 75 groove.

1333 508 31 75 It
1380 508 26 75 is
1424 508 173 75 connedted
1625 508 36 75 to
1684 508 56 75 the
1768 508 80 75 edge
1876 508 41 75 of
1934 508 54 75 the
2015 508 187 75 diaphragm
2232 508 44 75 by
2303 508 20 75 a

1286 555 171 75 particular
1483 555 221 75 membranous
1721 555 152 75 ligament
1891 555 38 75 of
1950 555 150 75 different
2117 555 152 75 breadths
2287 555 32 75 in

1287 602 150 75 different
1465 602 149 75 fubjedts,
1639 602 88 75 fixed
1754 602 33 75 in
1815 602 41 75 its
1885 602 125 75 convex
2038 602 75 75 fide,
2138 602 182 75 fometimes

1287 648 75 75 near
1377 648 56 75 the
1455 648 100 75 upper
1571 648 93 75 edge,
1689 648 63 75 and
1767 648 180 75 fometimes
1964 648 75 75 near
2056 648 56 75 the
2127 648 113 75 lower.

1338 695 76 75 The
1431 695 153 75 ftrudture
1604 695 39 75 of
1655 695 55 75 the
1730 695 107 75 fpleen
1853 695 26 75 is
1896 695 57 75 not
1969 695 73 75 eafy
2057 695 35 75 to
2109 695 40 75 be
2165 695 156 75 unfolded

1287 741 32 75 in
1336 741 87 75 man,
1448 741 64 75 and
1527 741 26 75 it
1570 741 26 75 is
1613 741 79 75 very
1708 741 151 75 different
1876 741 84 75 from
1977 741 71 75 that
2065 741 40 75 of
2127 741 54 75 the
2198 741 122 75 fplecns

1287 788 39 75 of
1337 788 123 75 brutes,
1485 788 84 75 from
1588 788 105 75 which
1719 788 77 75 both
1822 788 108 75 public
1953 788 63 75 and
2041 788 123 75 private
2187 788 132 75 demon-

1286 835 145 75 ftratiorls
1449 835 53 75 are
1519 835 183 75 commonly
1717 835 106 75 made.

1335 881 46 75 Its
1399 881 165 75 coverings
1581 881 119 75 adhere
1716 881 36 75 to
1773 881 26 75 it
1814 881 35 75 fo
1866 881 119 75 clofely
2000 881 32 75 in
2050 881 85 75 man,
2162 881 71 75 that
2249 881 26 75 it
2293 881 26 75 is

1286 927 133 75 difficult
1437 927 34 75 to
1488 927 180 75 diftinguifh
1686 927 55 75 the
1759 927 146 75 common
1921 927 86 75 from
2024 927 55 75 the
2095 927 117 75 proper
2224 927 93 75 coat;

1288 974 140 75 whereas
1455 974 33 75 in
1515 974 85 75 fome
1624 974 124 75 brutes,
1773 974 77 75 fuch
1876 974 33 75 as
1927 974 97 75 oxen,
2047 974 106 75 fheep,
2180 974 65 75 <fac.
2270 974 49 75 we

1286 1020 95 75 eafily
1396 1020 66 75 find
1477 1020 67 75 two
1570 1020 88 75 coats
1687 1020 165 75 feparated
1875 1020 44 75 by
1946 1020 19 75 a
1988 1020 133 75 cellular
2144 1020 179 75 fubftance^

1285 1067 86 75 This
1388 1067 150 75 covering
1553 1067 99 75 feems
1669 1067 35 75 to
1721 1067 39 75 be
1776 1067 43 75 no
1831 1067 167 75 otherwife
2016 1067 18 75 a
2050 1067 217 75 continuation
2284 1067 42 75 of

1287 1114 55 75 the
1357 1114 208 75 peritoneum
1581 1114 76 75 than
1671 1114 44 75 by
1732 1114 55 75 the
1803 1114 212 75 intervention
2032 1114 41 75 of
2083 1114 56 75 the
2155 1114 165 75 omentum

1289 1159 61 75 and
1367 1159 194 75 mefocolon.

1336 1206 37 75 In
1386 1206 73 75 man
1476 1206 55 75 the
1543 1206 159 75 fubftance
1715 1206 40 75 of
1766 1206 54 75 the
1837 1206 106 75 fpleen
1955 1206 26 75 is
1994 1206 111 75 almoft
2117 1206 120 75 wholly
2249 1206 68 75 vaf-

1285 1251 99 75 cular.
1434 1251 38 75 In
1489 1251 85 75 oxen
1592 1251 54 75 the
1662 1251 162 75 fubftance
1848 1251 40 75 of
1900 1251 55 75 the
1972 1251 104 75 fpleen
2093 1251 26 75 is
2137 1251 115 75 chiefly
2265 1251 50 75 re-

1284 1298 126 75 ticular,
1435 1298 62 75 and
1514 1298 31 75 in
1562 1298 91 75 fheep
1681 1298 26 75 it
1728 1298 27 75 is
1781 1298 142 75 cellular.
1972 1298 38 75 In
2036 1298 85 75 oxen
2147 1298 62 75 and
2225 1298 93 75 flteep

1284 1346 91 75 there
1391 1346 53 75 are
1461 1346 41 75 no
1519 1346 90 75 venal
1623 1346 236 75 ramifications,
1885 1346 58 75 but
1957 1346 122 75 inftead
2096 1346 132 75 thereof
2239 1346 77 75 only

1285 1393 82 75 open
1384 1393 113 75 finufes
1514 1393 144 75 difpofed
1684 1393 65 75 like
1776 1393 168 75 branches,
1969 1393 117 75 except
2102 1393 19 75 a
2136 1393 89 75 fmall
2242 1393 73 75 por-

1284 1438 67 75 tion
1368 1438 39 75 of
1420 1438 18 75 a
1457 1438 91 75 venal
1566 1438 95 75 trunk
1677 1438 184 75 perforated
1882 1438 42 75 on
1945 1438 43 75 all
2012 1438 92 75 fides,
2130 1438 32 75 at
2187 1438 56 75 the
2259 1438 58 75 ex-

1285 1484 131 75 tremity
1433 1484 39 75 of
1485 1484 54 75 the
1555 1484 118 75 fpleen.

1333 1531 38 75 In
1389 1531 53 75 the
1459 1531 118 75 human
1594 1531 104 75 fpleen
1715 1531 49 75 we
1781 1531 50 75 fee
1852 1531 179 75 foraething
2057 1531 65 75 like
2151 1531 167 75 glandular

1287 1579 190 75 corpufcles,
1503 1579 34 75 as
1553 1579 31 75 in
1602 1579 90 75 thofe
1716 1579 41 75 of
1771 1579 93 75 other
1892 1579 151 75 animals;
2070 1579 62 75 and
2156 1579 89 75 there
2263 1579 54 75 are

1285 1625 170 75 numerous
1471 1625 91 75 venal
1579 1625 224 75 ramifications
1831 1625 142 75 through
1993 1625 42 75 its
2060 1625 105 75 whole
2188 1625 125 75 extent.

1285 1672 153 75 Between
1459 1672 87 75 thefe
1573 1672 225 75 ramifications
1822 1672 48 75 we
1893 1672 96 75 every
2006 1672 105 75 where
2129 1672 128 75 obferve
2275 1672 40 75 an

1286 1719 193 75 appearance
1496 1719 41 75 of
1547 1719 222 75 exuavafated
1785 1719 111 75 blood,
1921 1719 89 75 lying
2027 1719 31 75 in
2077 1719 17 75 a
2106 1719 77 75 kind
2192 1719 42 75 of
2245 1719 69 75 fila-

1286 1764 145 75 mentary
1447 1764 197 75 tranfparent
1660 1764 62 75 and
1737 1764 78 75 very
1830 1764 135 75 delicate
1995 1764 161 75 fubftance
2172 1764 143 75 expand-

1287 1811 40 75 ed
1344 1811 138 75 through
1500 1811 55 75 the
1572 1811 104 75 whole
1692 1811 118 75 fpleen.

1331 1857 84 75 This
1433 1857 199 75 filamentary
1647 1857 172 75 fubftance,
1848 1857 117 75 having
1982 1857 196 75 furrounded
2197 1857 41 75 all
2257 1857 56 75 the

1286 1903 235 75 ramifications,
1557 1903 184 75 terminates
1770 1903 31 75 in
1831 1903 110 75 almoft
1968 1903 240 75 imperceptible
2236 1903 77 75 cells

1284 1949 106 75 which
1407 1949 230 75 communicate
1654 1949 78 75 with
1750 1949 78 75 each
1845 1949 106 75 other.

1324 2054 254 75 OMENTUM
1604 2054 29 75 &
1657 2054 304 75 APPENDICES
1986 2054 285 75 EPIPLOICAi.

1331 2134 85 75 The
1435 2134 163 75 omentum
1614 2134 25 75 is
1658 2134 18 75 a
1694 2134 99 75 large,
1818 2134 85 75 thin,
1929 2134 60 75 and
2013 2134 61 75 fine
2090 2134 222 75 membranous

1285 2181 74 75 bag,
1383 2181 197 75 furrounded
1596 2181 43 75 on
1655 2181 42 75 all
1710 2181 79 75 fides
1806 2181 44 75 by
1866 2181 171 75 numerous
2048 2181 142 75 portions
2203 2181 39 75 of
2252 2181 61 75 fat,

1285 2227 106 75 which
1407 2227 194 75 accompany
1617 2227 62 75 and
1695 2227 79 75 even
1802 2227 98 75 inveft
1928 2227 54 75 die
2009 2227 84 75 fame
2121 2227 133 75 number
2280 2227 41 75 of

1287 2275 132 75 arteries
1437 2275 60 75 and
1516 2275 88 75 veins
1621 2275 157 75 adhering,
1790 2275 117 75 clofely
1922 2275 35 75 to
1974 2275 78 75 each
2068 2275 106 75 other.

1334 2321 76 75 The
1427 2321 135 75 greateft
1578 2321 71 75 part
1666 2321 40 75 of
1727 2321 27 75 it
1779 2321 168 75 refembles
1965 2321 18 75 a
1998 2321 77 75 kind
2092 2321 40 75 of
2151 2321 55 75 flat
2224 2321 91 75 purfe

1287 2368 37 75 or
1340 2368 19 75 a
1376 2368 199 75 fportfmans
1592 2368 109 75 empty
1717 2368 118 75 pouch,
1860 2368 61 75 and
1938 2368 25 75 is
1981 2368 110 75 fpread
2107 2368 88 75 more
2207 2368 37 75 or
2255 2368 60 75 lefs

1288 2414 41 75 on
1347 2414 41 75 all
1412 2414 55 75 the
1484 2414 90 75 fmall
1589 2414 159 75 inteftines
1764 2414 85 75 from
1866 2414 55 75 the
1937 2414 139 75 ftomach
2094 2414 35 75 to
2145 2414 55 75 the
2215 2414 101 75 lower

1287 2460 72 75 part
1368 2460 40 75 of
1418 2460 54 75 the
1490 2460 88 75 regio
1596 2460 202 75 umbiliealis.
1832 2460 190 75 Sometimes
2039 2460 26 75 it
2081 2460 76 75 goes
2174 2460 94 75 down
2280 2460 35 75 to

1287 2508 55 75 the
1357 2508 102 75 lower
1473 2508 72 75 part
1562 2508 40 75 of
1612 2508 55 75 the
1683 2508 249 75 hypogaftrium,
1958 2508 61 75 and
2042 2508 178 75 fometimes
2238 2508 77 75 does

1288 2554 56 75 not
1359 2554 96 75 reach
1472 2554 128 75 beyond
1615 2554 56 75 the
1688 2554 88 75 regio
1792 2554 193 75 epigaftrica.
2036 2554 31 75 It
2091 2554 26 75 is
2135 2554 182 75 commonly

1286 2600 120 75 plaited
1422 2600 37 75 or
1474 2600 111 75 folded
1600 2600 33 75 in
1651 2600 120 75 feveral
1788 2600 117 75 places,
1923 2600 166 75 efpecially
2106 2600 143 75 between
2260 2600 56 75 the

1287 2647 99 75 bands
1403 2647 39 75 of
1453 2647 60 75 fat.

1335 2693 30 75 It
1382 2693 27 75 is
1426 2693 130 75 divided
1573 2693 70 75 into
1664 2693 19 75 a
1698 2693 142 75 fuperior
1856 2693 62 75 and
1937 2693 144 75 inferior,
2112 2693 38 75 an
2176 2693 139 75 anterior

1288 2739 61 75 and
1365 2739 165 75 pofterior,
1556 2739 63 75 and
1634 2739 19 75 a
1669 2739 88 75 right
1781 2739 62 75 and
1867 2739 61 75 left
1944 2739 140 75 portion.
2131 2739 76 75 The
2223 2739 91 75 fupe-

1287 2786 66 75 rior
1377 2786 127 75 portion
1527 2786 27 75 is
1578 2786 31 75 in
1628 2786 18 75 a
1663 2786 128 75 manner
1819 2786 130 75 divided
1977 2786 69 75 into
2075 2786 66 75 two
2167 2786 148 75 borders,

1288 2834 59 75 one
1364 2834 41 75 of
1414 2834 105 75 which
1537 2834 27 75 is
1580 2834 89 75 fixed
1685 2834 95 75 along
1804 2834 55 75 the
1887 2834 89 75 great
2001 2834 167 75 curvature
2184 2834 37 75 or
2238 2834 76 75 con-

1287 2880 64 75 vex
1367 2880 62 75 fide
1446 2880 40 75 of
1498 2880 54 75 the
1570 2880 76 75 arch
1663 2880 113 75 of'the
1798 2880 105 75 colon,
1929 2880 62 75 and
2018 2880 56 75 the
2101 2880 95 75 other
2220 2880 95 75 along

1286 2926 55 75 the
1358 2926 91 75 great
1465 2926 170 75 curvature
1650 2926 40 75 of
1700 2926 56 75 the
1774 2926 151 75 ftomach.
1975 2926 76 75 The
2067 2926 196 75 commiflure
2277 2926 38 75 or

1287 2972 96 75 union
1399 2972 41 75 of
1450 2972 88 75 thefe
1560 2972 66 75 two
1642 2972 133 75 borders
1792 2972 42 75 on
1850 2972 56 75 the
1922 2972 87 75 right
2028 2972 87 75 fide,,
2130 2972 26 75 is
2173 2972 88 75 fixed
2277 2972 38 75 to

1287 3022 56 75 the
1359 3022 150 75 common
1528 3022 155 75 ligament
1704 3022 37 75 or
1757 3022 148 75 adhefion
1921 3022 38 75 of
1977 3022 54 75 the
2054 3022 179 75 duodenum
2251 3022 65 75 and

2207 3058 108 75 colon.
