2477 3395
566 184 36 75 B
661 184 37 75 R
757 184 45 75 U

1129 184 18 75 (
1208 184 77 75 683
1348 184 19 75 )

1677 184 36 75 B
1774 184 36 75 R
1870 184 43 75 U

226 260 93 75 gown
332 260 10 75 ;
368 260 58 75 but
442 260 38 75 to
507 260 129 75 (badow
659 260 192 75 vermillion,
877 260 38 75 or
931 260 34 75 to
982 260 54 75 lay
1052 260 83 75 upon
1153 260 63 75 any

222 306 80 75 dark
329 306 125 75 ground
481 306 118 75 behind
623 306 18 75 a
669 306 133 75 pidture,
829 306 37 75 or
894 306 36 75 to
954 306 129 75 fhadow
1098 306 119 75 yellow

223 352 119 75 berries
371 352 33 75 in
431 352 56 75 the
515 352 124 75 darkeft
668 352 120 75 places,
813 352 93 75 when
934 352 65 75 you
1028 352 84 75 want
1129 352 84 75 lake,

224 400 64 75 <bc.
337 400 32 75 It
394 400 26 75 is
447 400 65 75 bell
540 400 63 75 and
630 400 153 75 brightell
799 400 94 75 when
909 400 97 75 burnt
1022 400 31 75 in
1071 400 55 75 the
1143 400 69 75 fire,

223 443 49 75 till
288 443 26 75 it
329 443 41 75 be
386 443 57 75 red
459 443 70 75 hot,
555 443 168 75 although,
747 443 32 75 if
801 443 64 75 you
890 443 109 75 would
1024 443 112 75 colour
1152 443 62 75 any

222 492 89 75 hare,
336 492 105 75 horfe,
467 492 77 75 dog,
569 492 39 75 or
623 492 55 75 the
694 492 78 75 like,
797 492 26 75 it
841 492 111 75 ihould
964 492 57 75 not
1038 492 38 75 be
1094 492 117 75 burnt;

221 537 70 75 but,
316 537 53 75 for
384 537 94 75 other
495 537 81 75 ufes,
600 537 27 75 it
643 537 27 75 is
687 537 65 75 bell
768 537 90 75 when
875 537 27 75 it
918 537 27 75 is
964 537 94 75 burnt
1074 537 10 75 ;
1111 537 33 75 as
1161 537 53 75 for

223 584 146 75 inflance,
394 584 52 75 for
476 584 166 75 colouring
663 584 107 75 wood,
796 584 95 75 pods,
918 584 111 75 bodies
1052 584 40 75 of
1115 584 96 75 trees,

223 630 38 75 or
277 630 62 75 any
355 630 92 75 thing
475 630 23 75 e'
498 630 39 75 lfe
564 630 40 75 of
626 630 107 75 wood,
759 630 37 75 or
821 630 61 75 any
899 630 79 75 dark
994 630 125 75 ground
1135 630 40 75 of
1194 630 19 75 a

223 677 133 75 pidture.
407 677 61 75 See
483 677 152 75 DyingI

177 722 303 75 BROWNISTS,
522 722 31 75 in
587 722 268 75 church-hiftory,
902 722 18 75 a
953 722 150 75 religious
1136 722 76 75 fed,

226 769 106 75 which
349 769 117 75 fprung
488 769 42 75 up
558 769 32 75 in
617 769 152 75 England
796 769 139 75 towards
953 769 56 75 the
1025 769 63 75 end
1104 769 39 75 of
1154 769 57 75 the

226 816 125 75 XVIth
364 816 146 75 century.
550 816 106 75 Their
667 816 107 75 leader
786 816 63 75 was
862 816 61 75 one
936 816 128 75 Robert
1076 816 133 75 Brown,

224 861 80 75 born
320 861 32 75 at
368 861 254 75 Northampton.
670 861 99 75 They
781 861 164 75 feparated
960 861 84 75 from
1061 861 55 75 the
1132 861 77 75 efta-

224 908 114 75 blifhed
368 908 132 75 church,
526 908 42 75 on
596 908 135 75 account
748 908 40 75 of
807 908 40 75 its
865 908 164 75 diTcipline
1046 908 62 75 and
1125 908 85 75 form

223 954 40 75 of
280 954 220 75 government.
548 954 100 75 They
665 954 130 75 equally
806 954 133 75 difliked
951 954 185 75 epifcopacy
1148 954 64 75 and

221 999 284 75 prelbyterianifm.
554 999 101 75 They
672 999 199 75 condemned
897 999 55 75 the
981 999 120 75 folemn
1127 999 83 75 cele-

221 1047 125 75 bration
375 1047 39 75 of
438 1047 169 75 marriages
640 1047 33 75 in
703 1047 166 75 churches,
895 1047 218 75 maintaining,
1139 1047 70 75 that

221 1092 193 75 matrimony
430 1092 95 75 being
544 1092 18 75 a
578 1092 143 75 political
737 1092 153 75 contrad,
915 1092 61 75 the.
988 1092 221 75 confirmation

222 1139 39 75 of
280 1139 26 75 it
322 1139 101 75 ought
440 1139 35 75 to
491 1139 138 75 proceed
640 1139 85 75 from
738 1139 55 75 the
809 1139 73 75 civil
897 1139 191 75 magiflrate.
1112 1139 99 75 They

222 1183 139 75 rejeded
371 1183 42 75 all
430 1183 100 75 forms
542 1183 40 75 of
594 1183 125 75 prayer,
744 1183 63 75 and
825 1183 88 75 held,
939 1183 70 75 that
1021 1183 55 75 the
1088 1183 121 75 Lord’s

221 1231 114 75 prayer
351 1231 63 75 was
432 1231 57 75 not
504 1231 36 75 to
557 1231 39 75 be
613 1231 122 75 recited
756 1231 33 75 as
806 1231 18 75 a
841 1231 131 75 prayer;
1001 1231 94 75 being
1117 1231 93 75 given

222 1277 75 75 only
314 1277 34 75 as
365 1277 19 75 a
399 1277 120 75 model,
544 1277 86 75 upon
646 1277 104 75 which
767 1277 35 75 to
826 1277 84 75 form
928 1277 59 75 our
1003 1277 142 75 prayers.

173 1324 177 75 BRUCA,
377 1324 54 75 the
448 1324 91 75 name
556 1324 40 75 of
619 1324 18 75 a
654 1324 86 75 river-
754 1324 62 75 and
836 1324 140 75 fea-port
994 1324 86 75 town
1097 1324 40 75 of
1150 1324 51 75 Si-

222 1370 73 75 cily,
322 1370 31 75 in
372 1370 55 75 the
444 1370 104 75 valley
570 1370 41 75 of
630 1370 104 75 Noto.

175 1417 273 75 BRUCHSAL,
475 1417 18 75 a
509 1417 88 75 town
614 1417 39 75 of
665 1417 55 75 the
737 1417 156 75 bilhopric
910 1417 39 75 of
962 1417 119 75 Spires,
1107 1417 32 75 in
1153 1417 55 75 the

223 1462 170 75 palatinate
406 1462 39 75 of
454 1462 53 75 the
520 1462 119 75 Rhine,
665 1462 32 75 in
709 1462 164 75 Germany
887 1462 8 75 :
923 1462 44 75 E.
984 1462 67 75 Ion.
1066 1462 43 75 8°
1126 1462 61 75 30'
1196 1462 10 75 ,

224 1507 62 75 and
303 1507 47 75 N.
368 1507 58 75 lat.
446 1507 44 75 49
490 1489 23 49 0
536 1507 53 75 15'
589 1507 11 75 .

177 1555 242 75 BRUCHUS,
444 1555 32 75 in
505 1555 152 75 zoology,
684 1555 18 75 a
730 1555 97 75 genus
850 1555 40 75 of
909 1555 110 75 infeds
1035 1555 172 75 belonging

223 1600 34 75 to
273 1600 56 75 the
345 1600 95 75 order
457 1600 39 75 of
518 1600 193 75 caleoptera.
760 1600 77 75 The
861 1600 114 75 feelers
993 1600 52 75 are
1062 1600 143 75 filiform,

224 1647 61 75 and
301 1647 167 75 gradually
483 1647 138 75 increafe
638 1647 32 75 in
695 1647 171 75 thicknefs.
915 1647 111 75 There
1044 1647 53 75 are
1113 1647 91 75 feven

223 1694 129 75 fpecies,
393 1694 65 75 viz.
490 1694 55 75 the
572 1694 77 75 pifi,,
674 1694 56 75 has
759 1694 78 75 grey
864 1694 104 75 elytra
995 1694 209 75 interfperfed

224 1739 77 75 with
332 1739 100 75 white
459 1739 99 75 fpots,
584 1739 62 75 and
670 1739 19 75 a
705 1739 97 75 white
820 1739 185 75 fundament
1030 1739 77 75 with
1138 1739 66 75 two

226 1786 94 75 black
337 1786 99 75 fpots.
485 1786 33 75 It
534 1786 26 75 is
589 1786 19 75 a
635 1786 105 75 native
767 1786 40 75 of
829 1786 110 75 North
956 1786 162 75 America,
1145 1786 61 75 and

224 1832 141 75 deftroys
382 1832 105 75 whole
502 1832 91 75 fields
617 1832 39 75 of
676 1832 87 75 peafe
776 1832 9 75 :
812 1832 32 75 It
859 1832 26 75 is
903 1832 72 75 now
992 1832 100 75 found
1108 1832 32 75 in
1157 1832 47 75 fe*

223 1879 87 75 veral
327 1879 40 75 of
378 1879 56 75 the
450 1879 152 75 fouthern
626 1879 87 75 parts
731 1879 39 75 of
782 1879 154 75 Eurppe;
963 1879 107 75 where
1087 1879 26 75 it
1127 1879 81 75 does

223 1925 89 75 great
339 1925 107 75 injury
470 1925 34 75 to
531 1925 66 75 the*
614 1925 89 75 corn.
754 1925 34 75 2.
812 1925 76 75 The
916 1925 186 75 theolromas
1127 1925 78 75 with

224 1971 122 75 whitilh
369 1971 102 75 elytra
497 1971 207 75 interfperfed
721 1971 76 75 with
816 1971 93 75 black
926 1971 118 75 points.
1093 1971 31 75 It
1141 1971 64 75 fre-

223 2018 113 75 quents
353 2018 55 75 the
432 2018 180 75 theolroma
638 2018 38 75 or
704 2018 167 75 chocolate
898 2018 82 75 trees
998 2018 31 75 in
1058 2018 55 75 the
1129 2018 77 75 Eall

221 2064 121 75 Indies.
399 2064 35 75 3.'
466 2064 78 75 The
571 2064 162 75 gleditfiae,
766 2064 80 75 with
873 2064 128 75 ftriated
1027 2064 105 75 elytra
1170 2064 43 75 of

222 2109 56 75 the
290 2109 83 75 fame
384 2109 110 75 length
512 2109 76 75 with
602 2109 54 75 the
667 2109 98 75 belly,
793 2109 17 75 a
827 2109 261 75 pitch-coloured
1103 2109 100 75 body,

223 2155 61 75 and
312 2155 96 75 green
437 2155 126 75 feelers.
613 2155 32 75 It
673 2155 27 75 is
728 2155 19 75 a
773 2155 105 75 native
895 2155 40 75 of
957 2155 163 75 America.
1170 2155 34 75 4.

221 2201 77 75 The
315 2201 126 75 badris,
466 2201 78 75 with
572 2201 125 75 fmooth
726 2201 115 75 elytra,
868 2201 18 75 a
902 2201 100 75 hoary
1020 2201 98 75 body,
1144 2201 72 75 and'

222 2247 57 75 the
296 2247 78 75 hind
400 2247 71 75 part
498 2247 119 75 of«the
644 2247 109 75 thighs
782 2247 85 75 oval.
917 2247 36 75 If
966 2247 166 75 frequents
1151 2247 55 75 the

223 2293 186 75 palm-trees
427 2293 39 75 of
478 2293 153 75 Jamaica.
683 2293 32 75 5.
740 2293 76 75 The
833 2293 177 75 granarius,
1036 2293 55 75 has
1109 2293 95 75 black

223 2340 124 75 elytra;
374 2340 55 75 the
458 2340 69 75 fore
544 2340 66 75 feet
636 2340 54 75 are
718 2340 67 75 red,
812 2340 61 75 and
893 2340 55 75 the
974 2340 160 75 hind-feet
1152 2340 53 75 are

222 2386 165 75 dentated.
436 2386 33 75 It
496 2386 165 75 frequents
686 2386 55 75 the
769 2386 87 75 feeds
873 2386 40 75 of
925 2386 103 75 plants
1045 2386 31 75 in
1093 2386 111 75 differ-

222 2431 52 75 ent
302 2431 86 75 parts
416 2431 40 75 of
474 2431 143 75 Europe.
668 2431 34 75 6.
728 2431 76 75 The
832 2431 182 75 femiparius
1042 2431 26 75 is
1094 2431 106 75 black,

222 2477 77 75 with
316 2477 56 75 the
389 2477 71 75 bafe
488 2477 40 75 of
550 2477 55 75 the
633 2477 114 75 feelers
764 2477 62 75 and
842 2477 154 75 fore-feet
1012 2477 188 75 teftaceous.

186 2524 4 75 '
220 2524 33 75 It
270 2524 25 75 is
313 2524 97 75 about
438 2524 55 75 the
521 2524 62 75 fize
611 2524 39 75 of
673 2524 18 75 a
717 2524 99 75 loufe,
842 2524 61 75 and
926 2524 19 75 a
961 2524 104 75 native
1082 2524 40 75 of
1134 2524 67 75 Eu-

222 2569 89 75 rope.
362 2569 33 75 7.
420 2569 76 75 The
521 2569 197 75 pedicornis,
744 2569 76 75 with
847 2569 225 75 comb-lhaped
1088 2569 114 75 feelers

221 2615 111 75 longer
348 2615 77 75 than
442 2615 55 75 the
513 2615 99 75 body.
661 2615 33 75 It
720 2615 26 75 is
764 2615 19 75 a
798 2615 105 75 native
919 2615 43 75 of
977 2615 146 75 Barbary
1139 2615 63 75 and

223 2662 118 75 China.

174 2709 207 75 BRUGES,
408 2709 17 75 a
452 2709 67 75 city
547 2709 61 75 and
634 2709 176 75 port-town
839 2709 40 75 of
902 2709 165 75 Flanders,
1092 2709 109 75 eleven

221 2754 89 75 miles
337 2754 64 75 eaft
428 2754 41 75 of
491 2754 132 75 Ofiend,
650 2754 61 75 and
735 2754 211 75 twenty-four
963 2754 186 75 north-well
1165 2754 42 75 of

220 2801 134 75 Ghent:
378 2801 46 75 E.
442 2801 67 75 Ion.
529 2801 17 75 3
546 2783 21 49 0
586 2801 31 75 5'
617 2801 12 75 ,
654 2801 64 75 and
734 2801 47 75 N.
799 2801 58 75 lat.
880 2801 59 75 51°
962 2801 65 75 id'.

265 2848 111 75 There
392 2848 26 75 is
433 2848 17 75 a
466 2848 164 75 navigable
648 2848 88 75 canal
754 2848 84 75 from
856 2848 122 75 Ollend
997 2848 35 75 to
1061 2848 139 75 Bruges,

219 2893 103 75 which
339 2893 57 75 has
413 2893 61 75 Hill
502 2893 55 75 the
583 2893 66 75 bell
677 2893 124 75 foreign
818 2893 90 75 trade
926 2893 40 75 of
985 2893 62 75 any
1064 2893 87 75 town
1169 2893 32 75 in

219 2940 167 75 Flanders.

171 2987 188 75 BRUISE,
386 2987 32 75 in
446 2987 142 75 furgery,
614 2987 55 75 the
696 2987 83 75 fame
807 2987 79 75 with
915 2987 175 75 contufion.
1140 2987 61 75 See

219 3035 28 75 €
254 3035 21 75 q
282 3035 47 75 n.t
336 3035 22 75 u
366 3035 14 75 s
387 3035 39 75 to
434 3035 19 75 n
459 3035 10 75 ,
495 3035 63 75 and
574 3035 158 75 Sur.ger.
738 3035 22 75 y
765 3035 19 75 ..

1266 255 275 75 BRUMALIA,
1567 255 31 75 in
1611 255 127 75 Roman
1752 255 172 75 antiquity,
1950 255 139 75 feflivals
2101 255 40 75 of
2152 255 148 75 Bacchus

1314 301 180 75 celebrated
1512 301 93 75 twice
1632 301 216 75 a-yearj.the
1873 301 64 75 firll
1961 301 42 75 on
2030 301 55 75 the
2112 301 127 75 twelfth
2263 301 41 75 of

1312 348 55 75 the
1396 348 127 75 calends
1552 348 40 75 of
1615 348 131 75 March,
1773 348 63 75 and
1865 348 54 75 the
1948 348 93 75 other
2066 348 41 75 on
2136 348 55 75 the
2208 348 91 75 eigh-

1311 394 108 75 teenth
1437 394 40 75 of
1497 394 54 75 the
1569 394 128 75 calends
1726 394 40 75 of
1784 394 201 75 November.
2033 394 99 75 They
2148 394 83 75 were
2247 394 49 75 m-

1310 441 131 75 ftituted
1468 441 44 75 by
1539 441 173 75 Romulus,
1738 441 86 75 who,
1850 441 116 75 during
1982 441 88 75 thefe
2086 441 107 75 fealls,
2220 441 77 75 ufed

1310 487 35 75 to
1361 487 157 75 entertain
1546 487 56 75 the
1629 487 120 75 fenate.
1797 487 132 75 Among
1946 487 94 75 other
2055 487 140 75 heathen
2211 487 85 75 felii-

1309 534 67 75 vals
1394 534 106 75 which
1517 534 56 75 the
1604 534 158 75 primitive
1790 534 179 75 Chrillians
1986 534 85 75 were
2087 534 95 75 much
2206 534 91 75 incli-

1307 580 62 75 ned
1381 580 35 75 to
1428 580 143 75 obferve,
1594 580 186 75 Tertullian
1794 580 158 75 mentions
1965 580 54 75 the
2031 580 119 75 brumae
2168 580 36 75 or
2221 580 76 75 bru-

1308 627 106 75 malia.

1260 673 283 75 BRUNELLA,
1568 673 32 75 in
1617 673 133 75 botany.
1803 673 61 75 See
1880 673 225 75 Prunella.

1259 720 201 75 BRUNIA,
1487 720 32 75 in
1536 720 131 75 botany,
1694 720 17 75 a
1727 720 99 75 genus
1844 720 39 75 of
1904 720 54 75 the
1981 720 188 75 pentandria
2184 720 111 75 mono-

1307 765 95 75 gynia
1417 765 91 75 clafs.
1557 765 77 75 The
1660 765 126 75 flowers
1814 765 54 75 are
1896 765 216 75 aggregated;
2143 765 55 75 the
2226 765 69 75 fila-

1305 813 103 75 ments
1424 813 41 75 of
1487 813 56 75 the
1559 813 131 75 llamina
1707 813 54 75 are
1787 813 140 75 inferted
1954 813 68 75 into
2039 813 55 75 the
2122 813 119 75 ungues
2260 813 40 75 of

1305 859 55 75 the
1388 859 101 75 petals
1504 859 10 75 ;
1551 859 55 75 the
1635 859 110 75 lligma
1771 859 27 75 is
1828 859 90 75 bifid,
1951 859 62 75 and
2040 859 55 75 the
2124 859 89 75 feeds
2242 859 54 75 are

1307 906 108 75 Angle.
1464 906 112 75 There
1604 906 53 75 are
1685 906 48 75 fix
1760 906 132 75 fpecies,
1917 906 42 75 all
1985 906 120 75 natives
2123 906 40 75 of
2185 906 112 75 ./Ethi-

1308 951 85 75 opia.

1258 998 378 75 BRUNSBUTTEL,
1674 998 18 75 a
1719 998 178 75 port-town
1922 998 41 75 of
1986 998 158 75 Holflein,
2182 998 32 75 in
2240 998 55 75 the

1305 1044 95 75 circle
1417 1044 39 75 of
1468 1044 121 75 Lower
1606 1044 146 75 Saxony,
1777 1044 33 75 in
1828 1044 179 75 Germany,
2033 1044 134 75 fituated
2191 1044 32 75 at
2242 1044 55 75 the

1305 1090 111 75 mouth
1433 1090 40 75 of
1484 1090 54 75 the
1552 1090 84 75 river
1652 1090 85 75 Elbe
1751 1090 9 75 :
1787 1090 44 75 E.
1850 1090 67 75 Ion.
1936 1090 39 75 8°
1994 1090 46 75 42'
2040 1090 22 75 ’,
2090 1090 61 75 and
2169 1090 48 75 N.
2236 1090 60 75 lat.

1311 1138 41 75 54
1352 1120 22 49 0
1398 1138 64 75 ic/.
1512 1138 31 75 It
1561 1138 26 75 is
1603 1138 120 75 fubjed
1740 1138 35 75 to
1791 1138 182 75 Denmark.

1258 1184 349 75 BRUNSFELSIA,
1636 1184 33 75 in
1697 1184 132 75 botany,
1855 1184 20 75 a
1900 1184 97 75 genus
2016 1184 40 75 of
2080 1184 55 75 the
2164 1184 132 75 penfan-

1305 1229 69 75 dria
1391 1229 193 75 monogynia
1600 1229 91 75 clafs.
1740 1229 77 75 The
1829 1229 121 75 corolla
1966 1229 27 75 is
2006 1229 76 75 long
2099 1229 61 75 and
2177 1229 118 75 lhaped

1305 1277 64 75 like
1397 1277 18 75 a
1443 1277 134 75 tunnel;
1617 1277 55 75 the
1691 1277 94 75 berry
1801 1277 26 75 is
1856 1277 188 75 unilocular,
2071 1277 63 75 and
2150 1277 145 75 contains

1307 1323 94 75 many
1417 1323 101 75 feeds.

1257 1370 308 75 BRUNSWICK,
1592 1370 55 75 the
1664 1370 114 75 capital
1795 1370 41 75 of
1847 1370 56 75 the
1920 1370 107 75 duchy
2044 1370 41 75 of
2095 1370 211 75 Brunfwick,.

1304 1415 30 75 in
1354 1415 54 75 the
1425 1415 96 75 circle
1537 1415 41 75 of
1601 1415 119 75 Lower
1738 1415 146 75 Saxony,
1908 1415 32 75 in
1958 1415 180 75 Germany,
2164 1415 140 75 fituated

1305 1461 40 75 on
1363 1461 55 75 the
1435 1461 84 75 river
1535 1461 122 75 Oeker,
1684 1461 99 75 about
1810 1461 41 75 35
1869 1461 91 75 miles
1978 1461 62 75 eall
2056 1461 39 75 of
2114 1461 154 75 Hanover
2284 1461 9 75 :

1304 1508 42 75 E.
1365 1508 66 75 Ion.
1455 1508 62 75 io°
1540 1508 54 75 30'
1594 1508 12 75 ,
1631 1508 63 75 and
1710 1508 45 75 N.
1775 1508 58 75 lat.
1855 1508 64 75 52®
1940 1508 67 75 3c/.

1349 1555 76 75 The
1441 1555 117 75 eledor
1570 1555 40 75 of
1621 1555 154 75 Hanover
1786 1555 26 75 is
1826 1555 99 75 llyled
1939 1555 84 75 duke
2041 1555 41 75 of
2093 1555 190 75 Brunfwick'
2283 1555 11 75 ,

1301 1601 126 75 though
1444 1601 41 75 he
1500 1601 58 75 has
1575 1601 42 75 no
1641 1601 154 75 property
1810 1601 45 75 in,
1881 1601 38 75 or
1942 1601 165 75 dominion
2124 1601 88 75 over,
2240 1601 58 75 the

1303 1647 64 75 city
1380 1647 40 75 of
1432 1647 69 75 that
1515 1647 102 75 name,
1642 1647 108 75 which
1761 1647 133 75 belongs
1908 1647 34 75 to
1955 1647 55 75 the
2020 1647 88 75 duke
2125 1647 40 75 of
2176 1647 121 75 Brunf-

1301 1694 81 75 wick
1399 1694 266 75 Wolfembuttle.

1253 1741 369 75 BURNTISLAND,
1655 1741 19 75 a
1697 1741 291 75 parliament-town
2012 1741 41 75 on
2076 1741 56 75 the
2155 1741 82 75 coalt
2260 1741 45 75 of.

1302 1788 83 75 Fife,
1410 1788 32 75 in
1469 1788 167 75 Scotland,
1661 1788 99 75 about
1779 1788 54 75 ten
1859 1788 89 75 miles
1972 1788 188 75 north-well
2189 1788 39 75 of
2248 1788 48 75 E-

1302 1835 181 75 dinburgh;
1514 1835 60 75 W.
1593 1835 90 75 long.
1704 1835 16 75 3
1720 1817 20 49 0
1740 1835 14 75 ,
1781 1835 62 75 and
1859 1835 48 75 N.
1925 1835 59 75 lat.
2004 1835 63 75 56°
2089 1835 38 75 I2
2127 1817 13 49 /
2140 1835 12 75 .

1255 1880 174 75 BRUSH,
1456 1880 39 75 an
1511 1880 184 75 inllrument
1713 1880 92 75 made
1822 1880 40 75 of
1873 1880 135 75 brillles,
2035 1880 81 75 hair,
2144 1880 88 75 wire,
2257 1880 39 75 or

1301 1927 87 75 fmall
1406 1927 106 75 twigs,
1538 1927 35 75 to
1590 1927 90 75 clean
1696 1927 139 75 cloaths,
1862 1927 120 75 rooms,
2100 1927 62 75 and
2179 1927 65 75 alfo
2260 1927 39 75 to.

1302 1973 88 75 paint
1407 1973 91 75 with.
1545 1973 114 75 There
1679 1973 54 75 are
1748 1973 127 75 various
1900 1973 81 75 forts
1998 1973 45 75 of
2059 1973 100 75 them,
2185 1973 110 75 dillin-

1303 2019 129 75 guilhed
1449 2019 43 75 by
1505 2019 84 75 their
1605 2019 91 75 lhape
1713 2019 39 75 or
1776 2019 64 75 ufe.
1889 2019 39 75 In
1945 2019 56 75 the
2017 2019 111 75 choice
2140 2019 41 75 of
2191 2019 103 75 paint-

1302 2065 50 75 ers
1369 2065 141 75 brulhes,
1536 2065 131 75 obferve
1680 2065 145 75 whether
1838 2065 54 75 the
1906 2065 121 75 briftles
2041 2065 52 75 are
2110 2065 58 75 fall
2185 2065 110 75 bound

1303 2111 30 75 in
1351 2111 54 75 the
1422 2111 117 75 Hocks,
1569 2111 63 75 and
1659 2111 31 75 if
1714 2111 54 75 the
1784 2111 71 75 hair
1884 2111 39 75 be
1950 2111 107 75 Hrong
2073 2111 61 75 and
2152 2111 42 75 lie
2211 2111 83 75 clofe

1301 2157 175 75 together;
1503 2157 52 75 for
1571 2157 30 75 if
1622 2157 77 75 they
1715 2157 113 75 fprawl
1853 2157 131 75 abroad,
2010 2157 77 75 fueh
2112 2157 68 75 will
2198 2157 97 75 never

1302 2204 92 75 work
1403 2204 72 75 well
1492 2204 9 75 ;
1529 2204 61 75 and
1606 2204 32 75 if
1648 2204 79 75 they
1740 2204 52 75 are
1810 2204 55 75 not
1878 2204 58 75 fafl
1949 2204 107 75 bound
2072 2204 31 75 in
2118 2204 54 75 the
2189 2204 101 75 Hock,

1301 2250 54 75 the
1372 2250 121 75 briltles
1510 2250 66 75 will
1604 2250 89 75 come
1721 2250 58 75 out
1807 2250 93 75 when
1928 2250 62 75 you
2016 2250 53 75 are
2087 2250 86 75 ufing
2189 2250 102 75 them,

1302 2295 59 75 and
1379 2295 76 75 fpoil
1474 2295 80 75 your
1571 2295 102 75 work,
1700 2295 33 75 as
1759 2295 73 75 may
1848 2295 40 75 be
1912 2295 73 75 feen
2000 2295 107 75 where
2132 2295 55 75 the
2204 2295 88 75 lobfe

1300 2342 84 75 hairs
1402 2342 40 75 of
1453 2342 54 75 the
1524 2342 92 75 brulh
1633 2342 81 75 have
1729 2342 64 75 lain
1811 2342 40 75 up
1868 2342 61 75 and
1941 2342 95 75 down
2049 2342 30 75 in
2094 2342 54 75 the
2161 2342 127 75 colours

1301 2388 66 75 laid
1383 2388 53 75 on,
1462 2388 107 75 to.the
1585 2388 91 75 great
1692 2388 172 75 detriment
1881 2388 105 75 of.the
1999 2388 102 75 work.

1345 2437 244 75 Wine-brulhes
1607 2437 53 75 are
1676 2437 42 75 of
1740 2437 54 75 ufe
1818 2437 53 75 for
1893 2437 169 75 fcrubbing
2078 2437 89 75 thofe
2184 2437 120 75 filver,:

1262 2481 3 75 •
1297 2481 129 75 copper,
1451 2481 62 75 and
1531 2481 85 75 brafs
1634 2481 117 75 pieces,
1775 2481 106 75 which
1894 2481 53 75 are
1964 2481 35 75 to
2016 2481 39 75 be
2071 2481 109 75 gilded
2197 2481 106 75 over,,

1297 2527 31 75 in
1346 2527 94 75 order
1452 2527 38 75 to.
1506 2527 85 75 clear
1606 2527 90 75 them
1711 2527 156 75 perfedly
1882 2527 87 75 from
1984 2527 61 75 any
2056 2527 77 75 dirt,
2158 2527 77 75 ruff,
2253 2527 37 75 or

1300 2574 84 75 filth,
1410 2574 105 75 which
1534 2574 72 75 may
1618 2574 116 75 adhere
1751 2574 34 75 to
1809 2574 101 75 them,
1937 2574 73 75 and,
2036 2574 31 75 if
2081 2574 56 75 not
2154 2574 135 75 brulhed

1301 2621 58 75 off,
1384 2621 110 75 would
1509 2621 114 75 hinder
1638 2621 56 75 the
1711 2621 117 75 doling
1847 2621 40 75 of
1906 2621 55 75 the
1984 2621 77 75 gold
2084 2621 76 75 with
2186 2621 101 75 them.

1298 2667 103 75 They,
1412 2667 54 75 are
1483 2667 160 75 therefore
1660 2667 75 75 ufed
1757 2667 43 75 by
1822 2667 133 75 gilders,
1979 2667 215 75 filverfmiths,
2221 2667 65 75 &r.

1299 2714 61 75 and
1376 2714 53 75 are
1452 2714 214 75 ufually-fold
1688 2714 43 75 by
1754 2714 231 75 ironmongers.
2035 2714 252 75 Beard-brulhes

1298 2761 62 75 pay
1376 2761 19 75 a
1411 2761 92 75 duty,
1529 2761 41 75 bn
1594 2761 218 75 importation,
1837 2761 40 75 of
1901 2761 12 75 1
1928 2761 29 75 s,
1975 2761 28 75 3-
2003 2793 17 49 r
2020 2761 81 75 ‘~yd.
2120 2761 55 75 the
2198 2761 88 75 grbfs

1298 2806 36 75 or
1356 2806 114 75 twelve
1494 2806 124 75 dozen;
1644 2806 149 75 whereof
1817 2806 116 75 ts..i-£
1954 2806 26 75 is
2005 2806 109 75 drawn
2139 2806 81 75 back
2244 2806 43 75 on

1298 2854 171 75 exporting
1490 2854 101 75 them.
1642 2854 251 75 Comb-brulhes
1919 2854 62 75 pay
2004 2854 18 75 2
2033 2854 28 75 s.
2081 2854 20 75 6
2101 2886 92 49 T~d
2193 2854 16 75 .
2235 2854 51 75 for

1298 2900 54 75 the
1375 2900 83 75 fame
1489 2900 158 75 number;
1681 2900 63 75 and
1770 2900 40 75 of
1835 2900 62 75 this
1927 2900 57 75 2s.
2017 2900 62 75 3d.
2107 2900 27 75 is
2162 2900 122 75 repaid.

1296 2948 239 75 Head-brulhes
1562 2948 62 75 pay
1653 2948 54 75 is.
1735 2948 128 75 3-j^d.
1888 2948 55 75 die
1967 2948 105 75 dozen
2087 2948 10 75 ;
2130 2948 154 75 rubbing-

1296 2994 127 75 brulhes
1443 2994 124 75 3x1-^.
1596 2994 55 75 the
1675 2994 128 75 dozen;
1829 2994 285 75 weavers-brulhes
2135 2994 164 75 n-r^d..

1297 3039 51 75 for
1375 3039 55 75 the
1457 3039 84 75 fame
1568 3039 168 75 number;,
1755 3039 32 75 in
1815 3039 44 75 all
1886 3039 107 75 which
2019 3039 19 75 a
2065 3039 234 75 proportional;

2109 3090 190 75 drawbacks
