2428 3377
162 113 100 75 Part
282 113 70 75 IV.

729 113 363 75 ANA

160 189 71 75 fore
247 189 57 75 the
330 189 140 75 anterior
494 189 127 75 portion
644 189 40 75 of
702 189 55 75 the
774 189 158 75 mofculus
950 189 156 75 fcalenus,
1131 189 64 75 and

161 234 145 75 between
333 234 56 75 the
416 234 63 75 firft
506 234 49 75 lib
583 234 61 75 and
673 234 55 75 the
758 234 144 75 clavicle,
936 234 34 75 to
998 234 55 75 the
1082 234 113 75 axilla.

161 280 163 75 Through
340 280 63 75 this
422 280 109 75 courfe
548 280 25 75 it
586 280 89 75 takes
692 280 56 75 the
763 280 92 75 name
868 280 41 75 of
928 280 81 75 vz/ia
1026 280 167 75 axillaris,

162 327 63 75 and
247 327 87 75 gives
363 327 51 75 off
436 327 119 75 feveral
578 327 168 75 branches,
772 327 55 75 the
851 327 90 75 chief
959 327 40 75 of
1017 327 107 75 which
1141 327 53 75 are

163 373 55 75 the
236 373 86 75 vente
341 373 204 75 nwafculares,
570 373 182 75 tboracicae,
778 373 63 75 and
854 373 79 75 vena
949 373 175 75 cephalica.

208 415 76 75 The
305 415 200 75 rnufculares,
530 415 53 75 are
606 415 189 75 dihributed
810 415 35 75 to
861 415 56 75 the
934 415 119 75 middle
1068 415 128 75 portion

163 464 40 75 of
223 464 54 75 the
294 464 158 75 mulct!ins
464 464 176 75 trapezius,
666 464 35 75 to
717 464 56 75 the
796 464 174 75 angularis,
996 464 201 75 infra-fpina-

162 510 65 75 tus,
252 510 63 75 and
338 510 249 75 fubfcapularis;
614 510 63 75 and
704 510 33 75 as
764 510 87 75 fome
878 510 39 75 of
937 510 87 75 thefe
1041 510 155 75 branches

163 557 40 75 go
220 557 35 75 to
272 557 54 75 the
343 557 148 75 fhoulder
509 557 191 75 exteriorly,
726 557 109 75 others
860 557 180 75 interiorly,
1074 557 56 75 the
1142 557 53 75 ve-

162 603 48 75 nae
225 603 177 75 fcapulares
420 603 53 75 are
490 603 222 75 diftinguilhed
727 603 68 75 into
811 603 146 75 external
973 603 62 75 and
1047 603 149 75 internal.

208 650 33 75 A
257 650 85 75 little
357 650 113 75 before
486 650 56 75 the
559 650 145 75 axillaris
716 650 130 75 reaches
858 650 55 75 the
931 650 111 75 axilla,
1067 650 26 75 it
1105 650 91 75 fends

163 694 57 75 out
236 694 56 75 the
307 694 88 75 venae
411 694 182 75 thoracicas,
619 694 61 75 one
696 694 41 75 of
747 694 105 75 which
869 694 26 75 is
916 694 152 75 fuperior,
1093 694 104 75 called

163 741 66 75 alfo
245 741 198 75 mammaria
454 741 147 75 externa,
629 741 62 75 and
704 741 55 75 the
772 741 93 75 other
877 741 146 75 inferior.
1071 741 32 75 It
1114 741 80 75 like-

163 787 74 75 wife
252 787 93 75 fends
362 787 78 75 rami
457 787 35 75 to
515 787 55 75 the
587 787 159 75 mufculus
763 787 239 75 fubfcapularis,
1027 787 84 75 teres
1128 787 66 75 ma-

159 832 65 75 jor,
249 832 85 75 teres
361 832 115 75 minor,
502 832 258 75 fupra-fpinatus,
790 832 161 75 latiffimus
975 832 96 75 dorli,
1096 832 99 75 ferra-

161 878 51 75 tus
230 878 114 75 major,
370 878 167 75 pedoralis
554 878 115 75 minor,
695 878 167 75 pe&oralis
875 878 117 75 rnajor,
1017 878 63 75 and
1092 878 37 75 to
1141 878 54 75 the

161 924 111 75 glands
290 924 39 75 of
347 924 56 75 the
419 924 111 75 axilla.

207 971 77 75 The
300 971 141 75 axillaris
466 971 119 75 having
609 971 137 75 reached
770 971 56 75 the
850 971 64 75 fide
931 971 40 75 of
989 971 55 75 the
1061 971 82 75 head
1160 971 40 75 of

163 1015 55 75 the
231 1015 36 75 os
279 1015 136 75 humeri,
441 1015 156 75 produces
610 1015 19 75 a
639 1015 133 75 branch,
797 1015 208 75 mmedvena
1019 1015 176 75 cephalica,

163 1062 62 75 and
240 1062 187 75 afterwards
448 1062 77 75 runs
548 1062 95 75 along
658 1062 55 75 the
730 1062 68 75 arm
814 1062 44 75 by
875 1062 55 75 the
946 1062 91 75 name
1054 1062 41 75 of
1113 1062 82 75 vena

161 1108 64 75 baft
227 1108 44 75 lie
273 1108 32 75 a.

206 1153 77 75 The
301 1153 142 75 cephalic
459 1153 84 75 vein,
568 1153 107 75 which
690 1153 28 75 is
735 1153 18 75 a
769 1153 120 75 branch
905 1153 41 75 of
964 1153 56 75 the
1037 1153 155 75 axillaris,

160 1199 32 75 at
205 1199 18 75 a
239 1199 87 75 final!
344 1199 138 75 diftance
504 1199 86 75 from
608 1199 42 75 its
668 1199 116 75 origin,
806 1199 85 75 joins
909 1199 54 75 the
976 1199 89 75 fimll
1078 1199 115 75 cepha-

159 1245 74 75 lica,
261 1245 105 75 which
384 1245 73 75 runs
474 1245 96 75 down
593 1245 86 75 from
706 1245 56 75 the
788 1245 170 75 fubclavia,
984 1245 37 75 or
1038 1245 157 75 jugularis

159 1291 145 75 externa.

207 1338 75 75 The
298 1338 91 75 great
416 1338 163 75 cephalica
605 1338 76 75 runs
706 1338 96 75 down
825 1338 145 75 between
986 1338 55 75 the
1058 1338 135 75 tendons

160 1384 40 75 of
219 1384 54 75 the
290 1384 56 75 laft
371 1384 183 75 mentioned
571 1384 146 75 mufcles,
744 1384 62 75 and
822 1384 95 75 along
934 1384 56 75 the
1007 1384 93 75 outer
1112 1384 80 75 edge

159 1431 41 75 of
219 1431 56 75 the
299 1431 147 75 external
473 1431 129 75 portion
630 1431 40 75 of
688 1431 56 75 the
771 1431 129 75 biceps;
927 1431 267 75 communicating

159 1477 119 75 feveral
295 1477 92 75 times
416 1477 79 75 with
524 1477 55 75 the
607 1477 81 75 vena
714 1477 136 75 bafilica,
877 1477 61 75 and
954 1477 131 75 fending
1103 1477 89 75 fmall

159 1522 79 75 rami
255 1522 41 75 on
313 1522 78 75 each
408 1522 74 75 fide,
507 1522 34 75 to
568 1522 54 75 the
645 1522 232 75 neighbouring
893 1522 146 75 mufcles,
1064 1522 47 75 fat
1127 1522 65 75 and

158 1568 79 75 fkin.

205 1615 33 75 A
253 1615 85 75 little
349 1615 105 75 below
470 1615 55 75 the
542 1615 147 75 external
704 1615 137 75 condyle
864 1615 41 75 of
921 1615 56 75 the
994 1615 38 75 os
1051 1615 137 75 humeri,

157 1659 26 75 it
199 1659 150 75 detaches
366 1659 19 75 a
407 1659 119 75 branch
555 1659 181 75 backward,
762 1659 105 75 which
890 1659 75 75 runs
988 1659 41 75 up
1046 1659 145 75 between

158 1706 56 75 the
229 1706 159 75 mufculus
405 1706 107 75 brach'
512 1706 62 75 alis
590 1706 63 75 and
667 1706 56 75 the
746 1706 99 75 upper
861 1706 127 75 portion
1004 1706 41 75 of
1063 1706 55 75 the
1137 1706 51 75 fu-

158 1750 125 75 pinator
311 1750 126 75 longus,
463 1750 62 75 and
552 1750 187 75 afterwards
761 1750 99 75 bends
878 1750 82 75 back
975 1750 143 75 between
1135 1750 56 75 the

158 1796 35 75 os
210 1796 124 75 humeri
362 1796 63 75 and
452 1796 164 75 anconaeus
640 1796 165 75 externus,
830 1796 107 75 where
960 1796 27 75 it
1014 1796 174 75 communi-

158 1843 84 75 cates
260 1843 77 75 with
353 1843 87 75 fome
457 1843 155 75 branches
628 1843 40 75 of
686 1843 54 75 the
758 1843 136 75 bafilica.

204 1889 130 75 Having
351 1889 135 75 reached
501 1889 78 75 very
606 1889 77 75 near
709 1889 56 75 the
793 1889 71 75 fold
880 1889 40 75 of
939 1889 56 75 the
1013 1889 79 75 arm,
1117 1889 26 75 it
1159 1889 27 75 is

157 1936 129 75 divided
301 1936 70 75 into
388 1936 65 75 two
470 1936 153 75 principal
640 1936 166 75 branches,
831 1936 61 75 one
908 1936 89 75 long,
1019 1936 58 75 the
1095 1936 94 75 other

156 1982 99 75 ihort.
303 1982 76 75 The
390 1982 76 75 long
483 1982 119 75 branch
618 1982 27 75 is
663 1982 114 75 named
794 1982 114 75 radial
910 1982 25 75 is
952 1982 147 75 externa,
1124 1982 64 75 and

156 2028 55 75 the
228 2028 86 75 fhort
329 2028 60 75 one
406 2028 73 75 may
490 2028 41 75 be
548 2028 104 75 called
663 2028 151 75 mediana
825 2028 176 75 cepbalica,
1026 2028 35 75 to
1078 2028 108 75 diftin-

156 2072 86 75 guifh
259 2072 26 75 it
301 2072 84 75 from
414 2072 134 75 another
573 2072 157 75 mediana,
755 2072 106 75 which
884 2072 28 75 is
930 2072 18 75 a
963 2072 87 75 ftiort
1067 2072 119 75 branch

157 2118 39 75 of
215 2118 54 75 the
285 2118 137 75 bafilica.

202 2164 76 75 The
294 2164 146 75 external
456 2164 101 75 radial
573 2164 71 75 vein
657 2164 75 75 runs
745 2164 94 75 along
851 2164 55 75 the
919 2164 105 75 radius
1040 2164 144 75 between

155 2210 55 75 the
226 2210 134 75 mufcles
377 2210 63 75 and
450 2210 226 75 integuments,
701 2210 107 75 giving
821 2210 51 75 olf
879 2210 154 75 branches
1044 2210 140 75 towards

155 2257 77 75 both
249 2257 92 75 fides,
366 2257 106 75 which
489 2257 231 75 communicate
746 2257 80 75 with
854 2257 94 75 othdr
970 2257 155 75 branches
1149 2257 42 75 of

154 2303 54 75 the
225 2303 83 75 lame
324 2303 83 75 vein,
433 2303 62 75 and
511 2303 79 75 with
606 2303 86 75 fome
708 2303 84 75 from
810 2303 55 75 the
881 2303 137 75 bafilica.

199 2349 75 75 The
301 2349 145 75 mediana
473 2349 163 75 cephalica
662 2349 75 75 runs
765 2349 95 75 down
877 2349 167 75 obliquely
1059 2349 125 75 toward

155 2394 54 75 the
225 2394 118 75 middle
371 2394 39 75 of
430 2394 54 75 the
513 2394 69 75 fold
606 2394 41 75 of
665 2394 55 75 the
747 2394 80 75 arm,
852 2394 101 75 under
982 2394 54 75 the
1060 2394 123 75 integu-

155 2440 114 75 ments,
295 2440 63 75 and
372 2440 77 75 over
465 2440 56 75 the
537 2440 119 75 tendon
673 2440 40 75 of
724 2440 56 75 the
797 2440 119 75 biceps,
943 2440 108 75 where
1062 2440 25 75 it
1096 2440 86 75 joins

157 2484 18 75 a
190 2484 85 75 Ihort
291 2484 119 75 branch
426 2484 41 75 of
485 2484 55 75 the
556 2484 82 75 fame
654 2484 75 75 kind
749 2484 84 75 from
851 2484 55 75 the
925 2484 139 75 bafilica.

202 2532 97 75 From
315 2532 64 75 this
396 2532 208 75 anaftomofis,
630 2532 18 75 a
665 2532 211 75 confiderable
892 2532 118 75 branch
1024 2532 75 75 goes
1112 2532 70 75 out,

154 2578 105 75 which
275 2578 74 75 runs
374 2578 95 75 down
497 2578 41 75 on
566 2578 56 75 the
644 2578 166 75 fore-arm,
838 2578 125 75 uniting
985 2578 41 75 on
1043 2578 60 75 one
1120 2578 63 75 fide

153 2623 78 75 wi*h
247 2623 56 75 the
329 2623 82 75 vena
437 2623 173 75 cephalica,
636 2623 63 75 and
726 2623 267 75 communicating
1017 2623 42 75 on
1076 2623 55 75 the
1147 2623 36 75 o-

152 2669 72 75 ther
240 2669 78 75 with
332 2669 55 75 the
405 2669 136 75 bafilica,
567 2669 42 75 by
625 2669 118 75 feveral
763 2669 157 75 irregular
932 2669 125 75 areolte.
1107 2669 77 75 The

152 2716 90 75 name
259 2716 41 75 of
318 2716 150 75 mediana
494 2716 27 75 is
550 2716 93 75 given
667 2716 35 75 to
718 2716 64 75 this
797 2716 88 75 large
902 2716 131 75 branch,
1059 2716 33 75 as
1109 2716 75 75 well

153 2761 31 75 as
201 2761 35 75 to
264 2761 55 75 the
338 2761 66 75 two
428 2761 85 75 Ihort
541 2761 90 75 ones,
656 2761 43 75 by
727 2761 56 75 the
807 2761 99 75 union
933 2761 40 75 of
991 2761 106 75 which
1114 2761 26 75 it
1156 2761 27 75 is

152 2808 137 75 formed.

199 2854 96 75 From
323 2854 63 75 this
418 2854 95 75 union
540 2854 41 75 of
606 2854 56 75 the
695 2854 66 75 two
788 2854 112 75 lateral
928 2854 167 75 medians,
1120 2854 63 75 and

151 2900 178 75 fometimes
355 2900 84 75 from
473 2900 56 75 the
564 2900 102 75 origin
695 2900 46 75 .of
768 2900 56 75 the
851 2900 146 75 mediana
1023 2900 116 75 media,
1165 2900 19 75 a

150 2945 119 75 branch
285 2945 75 75 goes
377 2945 69 75 out,
471 2945 107 75 which
592 2945 77 75 runs
697 2945 94 75 down
820 2945 41 75 on
884 2945 54 75 the
954 2945 96 75 infide
1067 2945 41 75 of
1126 2945 55 75 the

197 2992 99 75 Von.
321 2992 29 75 I.
399 2992 72 75 No.
501 2992 54 75 ii.

1039 2992 17 75 3

1212 113 38 75 T
1368 113 41 75 O
1528 113 48 75 M
1692 113 49 75 Y.

2193 113 76 75 241

1243 185 167 75 fore-arm,
1436 185 140 75 oppofite
1598 185 35 75 to
1661 185 56 75 the
1744 185 221 75 intcrrofTeous
1981 185 164 75 ligament,
2171 185 62 75 and
2249 185 28 75 is

1244 231 102 75 called
1363 231 82 75 vena
1462 231 102 75 cubiti
1582 231 179 75 profunda.
1811 231 32 75 It
1868 231 76 75 goes
1963 231 33 75 to
2013 231 56 75 the
2084 231 193 75 neighbour-

1244 277 54 75 ing
1314 277 148 75 mufcles,
1487 277 63 75 and
1571 277 251 75 communicates^
1842 277 79 75 with
1946 277 55 75 the
2027 277 93 75 other
2136 277 89 75 veins
2242 277 42 75 of

1245 324 55 75 the
1315 324 168 75 fore-arm.
1531 324 250 75 The-mediana
1807 324 162 75 cephalica
1992 324 180 75 fometimes
2187 324 93 75 fends

1245 369 94 75 down
1357 369 19 75 a
1391 369 76 75 long
1488 369 132 75 branch,
1646 369 104 75 called
1766 369 141 75 radialis
1928 369 146 75 interna,
2099 369 107 75 which
2220 369 59 75 lies

1246 414 109 75 almofi:
1373 414 129 75 parallel
1520 414 34 75 to
1570 414 55 75 the
1642 414 129 75 radialis
1788 414 146 75 externa.

1293 462 203 75 Afterwards
1519 462 56 75 the
1600 462 173 75 cephalica,
1798 462 117 75 having
1940 462 136 75 reached
2098 462 56 75 the
2170 462 108 75 extre-

1247 507 81 75 mity
1344 507 40 75 of
1402 507 57 75 the
1484 507 118 75 radius,
1626 507 28 75 is
1680 507 201 75 diftributed,
1906 507 43 75 by
1964 507 170 75 numerous
2151 507 126 75 areolae,

1248 553 109 75 almoft
1374 553 30 75 in
1417 553 55 75 the
1487 553 84 75 fame
1587 553 110 75 courfe
1714 553 78 75 with
1810 553 55 75 the
1883 553 100 75 radial
2001 553 119 75 artery.

1291 600 32 75 A
1339 600 172 75 particular
1522 600 120 75 branch
1654 600 75 75 goes
1741 600 58 75 out
1816 600 84 75 from
1912 600 38 75 it,
1975 600 106 75 which
2099 600 75 75 runs
2187 600 90 75 more

1245 645 37 75 or
1298 645 59 75 lefs
1382 645 210 75 fuperficially
1618 645 144 75 between
1786 645 55 75 the
1857 645 114 75 thumb
1988 645 62 75 and
2066 645 210 75 metacarpus,

1246 690 42 75 by
1305 690 54 75 the
1382 690 91 75 name
1497 690 40 75 of
1556 690 161 75 cephalica
1740 690 142 75 pollicis.
1930 690 77 75 The
2028 690 114 75 areolae
2158 690 119 75 furni/h

1245 738 55 75 the
1316 738 222 75 interrofleous
1566 738 133 75 mufcles
1724 738 62 75 and
1802 738 226 75 integuments,
2053 738 61 75 and
2131 738 144 75 commu-

1245 785 105 75 nicate
1366 785 79 75 with
1462 785 19 75 a
1496 785 91 75 final!
1606 785 107 75 ramus
1726 785 84 75 from
1823 785 55 75 the
1892 785 135 75 bafilica,
2052 785 104 75 called
2168 785 42 75 by
2222 785 55 75 the

1244 831 140 75 ancients
1401 831 198 75 Salvatella.

1289 876 77 75 The
1382 876 105 75 bafilic
1502 876 71 75 vein
1598 876 90 75 fends
1712 876 52 75 off
1786 876 64 75 firfi:
1866 876 40 75 of
1925 876 55 75 all,
2005 876 101 75 under
2122 876 55 75 the
2192 876 86 75 head

1243 922 40 75 of
1301 922 56 75 the
1374 922 35 75 os
1427 922 134 75 humeri,
1587 922 19 75 a
1617 922 109 75 pretty
1736 922 89 75 large
1837 922 132 75 branch,
1994 922 108 75 which
2119 922 97 75 paffes
2231 922 45 75 al-

1245 968 78 75 mofi
1352 968 207 75 tranfverfely
1584 968 103 75 round
1714 968 55 75 the
1797 968 80 75 neck
1905 968 40 75 of
1972 968 72 75 that
2070 968 96 75 bone,
2190 968 86 75 from

1244 1015 111 75 within
1396 1015 182 75 backward,
1603 1015 64 75 and
1692 1015 85 75 from
1804 1015 118 75 behind
1957 1015 159 75 outward,
2141 1015 137 75 running

1245 1061 84 75 upon
1345 1061 55 75 the
1416 1061 137 75 fcapula,
1578 1061 108 75 where
1709 1061 26 75 it
1762 1061 27 75 is
1813 1061 144 75 ramified
1972 1061 41 75 on
2031 1061 55 75 the
2103 1061 171 75 deltoides,

1244 1107 62 75 and
1338 1107 247 75 communicates
1613 1107 80 75 with
1720 1107 56 75 the
1799 1107 87 75 venae
1913 1107 176 75 fcapulares
2120 1107 155 75 externae.

1243 1155 85 75 This
1346 1155 119 75 branch
1490 1155 73 75 may
1592 1155 40 75 be
1659 1155 114 75 named
1789 1155 81 75 vena
1877 1155 269 75 Jub-humeralis,
2171 1155 38 75 or
2226 1155 49 75 ar-

1243 1202 155 75 ticularis.

1289 1248 85 75 This
1392 1248 151 75 articular
1552 1248 73 75 vein
1640 1248 91 75 fends
1748 1248 94 75 down
1859 1248 67 75 two
1937 1248 154 75 principal
2107 1248 168 75 branches,

1246 1293 60 75 one
1323 1293 41 75 of
1383 1293 107 75 which
1507 1293 75 75 runs
1596 1293 95 75 along
1702 1293 54 75 the
1769 1293 96 75 infide
1877 1293 39 75 of
1928 1293 55 75 the
1996 1293 94 75 bone,
2108 1293 36 75 to
2155 1293 119 75 which,

1243 1339 63 75 and
1321 1339 34 75 to
1372 1339 55 75 the
1454 1339 201 75 periofteum,
1680 1339 25 75 it
1722 1339 88 75 gives
1833 1339 89 75 fmall
1938 1339 102 75 veins.
2088 1339 77 75 The
2181 1339 94 75 other

1243 1386 88 75 turns
1349 1386 153 75 forward,
1528 1386 123 75 toward
1668 1386 55 75 the
1750 1386 121 75 middle
1895 1386 39 75 of
1953 1386 56 75 the
2037 1386 68 75 arm
2130 1386 144 75 between

1242 1432 54 75 the
1314 1432 81 75 bone
1412 1432 63 75 and
1494 1432 56 75 the
1566 1432 120 75 biceps,
1712 1432 63 75 and
1791 1432 246 75 communicates
2055 1432 78 75 with
2149 1432 125 75 the.ce-

1239 1479 137 75 phalica.

1287 1524 113 75 Below
1416 1524 55 75 the
1487 1524 81 75 neck
1584 1524 41 75 of
1642 1524 56 75 the
1715 1524 35 75 os
1768 1524 137 75 humeri,
1931 1524 76 75 near
2026 1524 56 75 the
2098 1524 123 75 hollow
2237 1524 41 75 of

1240 1570 55 75 the
1313 1570 109 75 axilla,
1448 1570 62 75 and
1526 1570 118 75 behind
1671 1570 53 75 the
1745 1570 119 75 tendon
1893 1570 39 75 of
1952 1570 54 75 the
2022 1570 168 75 pe&oralis
2206 1570 66 75 ma-

1235 1616 67 75 jor,
1328 1616 55 75 the
1400 1616 127 75 bafilica
1553 1616 92 75 fends
1672 1616 56 75 out
1744 1616 20 75 a
1780 1616 213 75 confiderable
2009 1616 132 75 branch,
2166 1616 107 75 which

1240 1662 73 75 runs
1330 1662 94 75 down
1441 1662 42 75 on
1511 1662 56 75 the
1593 1662 64 75 fide
1688 1662 41 75 of
1748 1662 55 75 the
1820 1662 141 75 brachial
1980 1662 118 75 artery,
2125 1662 62 75 and
2203 1662 68 75 fur-

1239 1708 98 75 nifhes
1355 1708 53 75 the
1425 1708 232 75 neighbouring
1669 1708 131 75 mufcles
1813 1708 40 75 on
1863 1708 79 75 both
1959 1708 91 75 fides.
2099 1708 87 75 This
2199 1708 72 75 vein

1237 1755 27 75 iS
1281 1755 116 75 named
1409 1755 169 75 profunda
1598 1755 76 75 brae
1676 1755 59 75 hit.

1285 1802 222 75 Immediately
1530 1802 201 75 afterwards,
1756 1802 55 75 the
1837 1802 125 75 bafilica
1983 1802 150 75 detaches
2150 1802 65 75 two
2233 1802 38 75 or

1237 1848 90 75 three
1343 1848 91 75 fmall
1449 1848 100 75 veins,
1574 1848 106 75 which
1697 1848 59 75 run
1773 1848 95 75 down
1886 1848 78 75 very
1980 1848 119 75 clofely
2110 1848 113 75 joined
2235 1848 36 75 to

1237 1893 54 75 the
1309 1893 141 75 brachial
1468 1893 119 75 artery,
1611 1893 209 75 furrounding
1836 1893 26 75 it
1889 1893 33 75 at
1947 1893 152 75 different
2115 1893 153 75 diftances

1236 1940 42 75 by
1293 1940 44 75 fin
1341 1940 41 75 all
1399 1940 92 75 twigs
1510 1940 105 75 which
1629 1940 230 75 communicate
1875 1940 78 75 with
1970 1940 78 75 each
2065 1940 106 75 other.

1281 1987 108 75 Thefe
1405 1987 90 75 fmall
1513 1987 99 75 veins,
1638 1987 105 75 which
1761 1987 90 75 often
1868 1987 77 75 arife
1962 1987 84 75 from
2063 1987 55 75 the
2134 1987 134 75 profun-

1235 2032 40 75 da
1291 2032 153 75 fuperior,
1471 2032 231 75 communicate
1714 2032 79 75 with
1806 2032 54 75 the
1872 2032 125 75 bafilica
2013 2032 59 75 and
2092 2032 177 75 cephalica;

1235 2078 62 75 and
1311 2078 117 75 having
1444 2078 135 75 reached
1596 2078 54 75 the
1668 2078 67 75 fold
1754 2078 40 75 of
1811 2078 56 75 the
1884 2078 79 75 arm,
1989 2078 79 75 they
2084 2078 106 75 divide
2202 2078 65 75 like

1234 2125 56 75 the
1306 2125 127 75 artery;
1461 2125 61 75 and
1551 2125 55 75 the
1630 2125 84 75 fame
1737 2125 146 75 divifions
1906 2125 53 75 are
1983 2125 172 75 continued
2171 2125 96 75 along

1234 2171 55 75 the
1305 2171 106 75 whole
1426 2171 167 75 fore-arm.

1278 2218 203 75 Afterwards
1497 2218 56 75 the
1562 2218 124 75 bafilica
1694 2218 163 75 continues
1868 2218 42 75 its
1927 2218 110 75 courfe
2048 2218 80 75 alon'
2128 2218 14 75 r
2151 2218 54 75 the
2216 2218 48 75 in-

1232 2263 62 75 fide
1303 2263 41 75 of
1351 2263 54 75 the
1414 2263 36 75 os
1459 2263 138 75 humeri,
1607 2263 144 75 between
1759 2263 55 75 the
1823 2263 133 75 mufcles
1966 2263 61 75 and
2037 2263 224 75 integuments,

1231 2313 139 75 forming
1379 2313 94 75 many
1483 2313 281 75 communications
1780 2313 78 75 with
1867 2313 54 75 the
1935 2313 80 75 vena
2029 2313 158 75 profunda
2202 2313 63 75 and

1232 2356 172 75 cephalica,
1430 2356 63 75 and
1513 2356 166 75 fupplying
1697 2356 54 75 the
1768 2356 131 75 mufcles
1911 2356 63 75 and
1989 2356 225 75 integuments.

1281 2402 126 75 Having
1424 2402 135 75 reached
1580 2402 54 75 the
1651 2402 89 75 inner
1756 2402 147 75 condyle,
1922 2402 63 75 and
2000 2402 117 75 having
2133 2402 67 75 fent
2216 2402 53 75 off

1232 2449 175 75 obliquely,
1432 2449 32 75 in
1480 2449 56 75 the
1556 2449 69 75 fold
1650 2449 40 75 of
1706 2449 57 75 the
1786 2449 80 75 arm,
1892 2449 55 75 the
1963 2449 145 75 mediana
2125 2449 135 75 bafilica,

1231 2494 25 75 it
1273 2494 76 75 runs
1360 2494 96 75 along
1472 2494 55 75 the
1544 2494 85 75 ulna,
1655 2494 142 75 between
1810 2494 55 75 the
1875 2494 214 75 integuments
2102 2494 63 75 and
2177 2494 83 75 muf-

1231 2540 77 75 cles,
1333 2540 19 75 a
1367 2540 84 75 little
1468 2540 124 75 toward
1608 2540 55 75 the
1680 2540 133 75 outfide,
1839 2540 44 75 by
1899 2540 55 75 the
1977 2540 90 75 name
2084 2540 41 75 of
2134 2540 127 75 cubita-

1231 2586 41 75 lis
1289 2586 147 75 externa.

1278 2633 76 75 The
1370 2633 123 75 bafilica
1509 2633 117 75 having
1642 2633 31 75 at
1685 2633 109 75 length
1813 2633 136 75 reached
1969 2633 54 75 the
2039 2633 174 75 extremity
2225 2633 40 75 of

1232 2678 54 75 the
1311 2678 86 75 ulna,
1422 2678 92 75 fends
1542 2678 119 75 fevera.1
1686 2678 154 75 branches
1866 2678 34 75 to
1924 2678 55 75 the
2005 2678 124 75 convex
2145 2678 62 75 fide
2224 2678 40 75 of

1232 2724 55 75 the
1314 2724 133 75 carpus;
1473 2724 61 75 one
1561 2724 40 75 of
1620 2724 117 75 which,
1762 2724 114 75 named
1893 2724 196 75 Salvatella,
2114 2724 76 75 goes
2223 2724 36 75 to

1232 2770 70 75 that
1318 2770 63 75 fide
1397 2770 40 75 of
1455 2770 55 75 the
1534 2770 83 75 little
1633 2770 100 75 finger
1749 2770 79 75 next
1846 2770 53 75 the
1917 2770 69 75 ring
2002 2770 113 75 finger,
2139 2770 119 75 having

1230 2822 64 75 firfi
1311 2822 251 75 communicated
1580 2822 79 75 with
1682 2822 55 75 the
1759 2822 175 75 cephalica,
1959 2822 42 75 by
2018 2822 107 75 means
2143 2822 40 75 of
2202 2822 56 75 the

1230 2863 90 75 venal
1337 2863 111 75 areolae
1476 2863 204 75 confpicuous
1705 2863 40 75 on
1773 2863 55 75 the
1844 2863 81 75 back
1942 2863 40 75 of
2000 2863 54 75 the
2070 2863 98 75 hand.
2218 2863 39 75 In

1231 2909 53 75 the
1300 2909 95 75 other
1410 2909 114 75 fingers
1540 2909 65 75 this
1621 2909 70 75 vein
1708 2909 127 75 follows
1849 2909 109 75 nearly
1976 2909 55 75 the
2048 2909 83 75 fame
2147 2909 110 75 courfe

1229 2956 79 75 with
1323 2956 55 75 the
1394 2956 144 75 arteries.

1699 3021 16 75 3
1743 3021 26 75 P

2218 3017 37 75 In
