2443 3377
546 139 210 75 API

1112 139 18 75 (
1188 139 80 75 335
1328 139 19 75 )

1705 139 207 75 API

167 200 27 75 «•
219 200 54 75 the
290 200 74 75 wax
377 200 180 75 andlioney
570 200 70 75 into
657 200 19 75 a
691 200 104 75 room,
819 200 70 75 into
904 200 106 75 which
1027 200 102 75 admit
1144 200 60 75 but

166 249 26 75 «*
218 249 85 75 little
319 249 95 75 light,
439 249 72 75 that
526 249 27 75 it
569 249 75 75 may
659 249 119 75 appear
788 249 33 75 at
837 249 64 75 firft
917 249 34 75 to
968 249 55 75 the
1040 249 75 75 bees
1132 249 33 75 as
1177 249 32 75 if

167 295 25 75 «
217 295 25 75 it
265 295 66 75 was
355 295 66 75 late
443 295 35 75 in
499 295 57 75 the
579 295 146 75 evening.
773 295 128 75 Gently
915 295 104 75 invert
1045 295 54 75 the
1115 295 86 75 hive,

218 341 126 75 placing
366 341 26 75 it
419 341 144 75 between
587 341 56 75 the
669 341 119 75 frames
815 341 41 75 of
875 341 18 75 a
917 341 100 75 chair,
1045 341 39 75 or
1108 341 95 75 other

167 388 24 75 “
216 388 108 75 fteady
335 388 143 75 fupport,
497 388 62 75 and
574 388 97 75 cover
687 388 26 75 it
730 388 78 75 with
827 388 39 75 an
878 388 109 75 empty
1003 388 85 75 hive,
1106 388 96 75 keejj-

167 435 24 75 “
216 435 55 75 ing
287 435 72 75 that
375 435 63 75 fide
454 435 42 75 of
514 435 55 75 the
592 435 112 75 empty
714 435 74 75 hive
799 435 102 75 raifed
917 435 17 75 a
951 435 86 75 little
1052 435 106 75 which
1175 435 27 75 iS

167 481 24 75 “
216 481 80 75 next
312 481 56 75 the
390 481 151 75 window,
567 481 37 75 to
619 481 72 75 give
708 481 56 75 the
786 481 76 75 bees
883 481 153 75 fufficient
1060 481 84 75 light
1166 481 36 75 to

165 527 25 75 “
215 527 55 75 get
286 527 43 75 up
344 527 70 75 into
430 527 39 75 it.
517 527 116 75 While
651 527 63 75 you
730 527 79 75 hold
825 527 55 75 the
895 527 109 75 empty
1019 527 86 75 hive,
1124 527 77 75 ftea-

215 574 70 75 dily
301 574 174 75 Supported
488 574 45 75 on
550 574 57 75 the
621 574 81 75 edge
725 574 41 75 of
785 574 58 75 the
861 574 61 75 full
943 574 86 75 hive,
1055 574 148 75 between

165 618 24 75 <<
215 618 82 75 your
321 618 63 75 fide
408 618 63 75 and
495 618 82 75 your
601 618 60 75 left
684 618 80 75 arm,
789 618 81 75 keep
895 618 133 75 linking
1048 618 80 75 with
1145 618 56 75 the

164 665 27 75 “
214 665 97 75 other
326 665 87 75 hand
430 665 42 75 all
490 665 104 75 round
607 665 55 75 the
677 665 61 75 full
750 665 74 75 hive
840 665 84 75 from
941 665 56 75 top
1009 665 35 75 to
1060 665 139 75 bottom,

165 713 25 75 “
215 713 33 75 in
272 713 59 75 the
353 713 132 75 manner
507 713 41 75 of
566 713 128 75 beating
718 713 19 75 a
760 713 106 75 drum,
890 713 35 75 fo
950 713 70 75 that
1046 713 55 75 the
1126 713 74 75 bees

165 759 25 75 “
216 759 74 75 may
318 759 40 75 be
384 759 182 75 frightened
591 759 45 75 by
659 759 56 75 the
738 759 174 75 continued
935 759 86 75 noife
1044 759 85 75 from
1157 759 43 75 all

166 806 26 75 “
217 806 172 75 quarters;
415 806 62 75 and
494 806 77 75 they
589 806 67 75 v/ill
672 806 32 75 in
729 806 215 75 conference
961 806 111 75 mount
1089 806 59 75 out
1166 806 41 75 of

164 853 26 75 “
216 853 56 75 the
288 853 60 75 full
364 853 76 75 hive
457 853 69 75 into
545 853 55 75 the
617 853 112 75 empty
742 853 73 75 one.
864 853 127 75 Repeat
1009 853 55 75 the
1080 853 120 75 ftrokes

216 899 108 75 rather
346 899 98 75 quick
462 899 76 75 than
563 899 105 75 ftrong
693 899 104 75 round
821 899 56 75 the
900 899 85 75 hive,
1012 899 49 75 till
1079 899 40 75 all
1144 899 56 75 the

165 946 24 75 “
214 946 74 75 bees
305 946 53 75 are
373 946 58 75 got
445 946 59 75 out
526 946 41 75 of
585 946 38 75 it,
648 946 105 75 which
770 946 35 75 in
819 946 128 75 general
963 946 67 75 will
1053 946 40 75 be
1109 946 32 75 in
1166 946 33 75 a-

214 992 80 75 bout
309 992 62 75 five
387 992 149 75 minutes.
577 992 32 75 It
621 992 26 75 is
661 992 34 75 to
712 992 38 75 be
767 992 164 75 obferved,
949 992 71 75 that
1031 992 59 75 the
1105 992 95 75 fuller

164 1038 25 75 “
215 1038 56 75 the
286 1038 73 75 hive
375 1038 28 75 is
420 1038 39 75 of
478 1038 88 75 bees,
591 1038 55 75 the
662 1038 113 75 fooner
790 1038 79 75 they
884 1038 70 75 will
966 1038 82 75 have
1071 1038 60 75 left
1156 1038 40 75 it.

165 1085 24 75 “
214 1085 49 75 As
275 1085 77 75 foon
369 1085 34 75 as
421 1085 18 75 a
456 1085 188 75 number.of
662 1085 89 75 them
767 1085 81 75 have
860 1085 56 75 got
931 1085 71 75 into
1017 1085 56 75 the
1089 1085 110 75 empty

165 1132 24 75 “
213 1132 87 75 hive,
325 1132 26 75 it
374 1132 111 75 fhould
508 1132 40 75 be
573 1132 100 75 raifed
698 1132 19 75 a
739 1132 86 75 little
849 1132 84 75 from
958 1132 56 75 the
1038 1132 59 75 full
1124 1132 74 75 one,

216 1178 71 75 that
300 1178 54 75 the
366 1178 75 75 be:s
458 1178 73 75 may
548 1178 56 75 not
620 1178 149 75 continue
786 1178 36 75 to
837 1178 59 75 run
912 1178 84 75 from
1013 1178 56 75 the
1085 1178 61 75 one
1163 1178 36 75 to

214 1225 55 75 the
285 1225 106 75 other,
409 1225 58 75 but
484 1225 107 75 rather
607 1225 81 75 keep
700 1225 168 75 afcending
880 1225 83 75 upon
977 1225 60 75 one
1049 1225 147 75 another.

211 1271 24 75 “
262 1271 47 75 So
324 1271 77 75 foon
418 1271 34 75 as
470 1271 42 75 all
529 1271 55 75 rhe
597 1271 73 75 bees
684 1271 53 75 are
753 1271 57 75 out
826 1271 41 75 of
886 1271 55 75 the
959 1271 59 75 full
1030 1271 85 75 hive,
1142 1271 56 75 the

165 1318 22 75 “
213 1318 73 75 hive
302 1318 32 75 in
351 1318 105 75 which
474 1318 54 75 the
544 1318 75 75 bees
636 1318 54 75 are
702 1318 78 75 muft
798 1318 39 75 be
850 1318 112 75 placed
978 1318 42 75 on
1037 1318 55 75 the
1108 1318 91 75 (land

165 1346 25 49 M
213 1364 85 75 from
321 1364 107 75 which
452 1364 55 75 the
534 1364 93 75 other
652 1364 74 75 hive
755 1364 67 75 was
844 1364 108 75 taken,
988 1364 32 75 in
1044 1364 96 75 order
1164 1364 35 75 to

166 1410 23 75 “
215 1410 123 75 receive
354 1410 60 75 the
427 1410 108 75 abfcnt
550 1410 75 75 bees
642 1410 33 75 as
693 1410 78 75 they
787 1410 108 75 return
921 1410 84 75 from
1023 1410 54 75 the
1093 1410 104 75 fields.

213 1456 24 75 “
261 1456 37 75 If
317 1456 65 75 this
407 1456 26 75 is
459 1456 83 75 done
566 1456 88 75 early
678 1456 33 75 in
733 1456 55 75 the
814 1456 120 75 feafon,
971 1456 55 75 the
1049 1456 150 75 operator

166 1503 25 75 “
214 1503 112 75 Ihould
342 1503 146 75 examine
504 1503 56 75 the
576 1503 92 75 royal
683 1503 90 75 cells,
798 1503 71 75 that
887 1503 62 75 any
964 1503 41 75 of
1023 1503 88 75 them
1128 1503 70 75 that

166 1532 13 49 4
179 1550 10 75 ‘
214 1550 82 75 have
307 1550 107 75 young
430 1550 32 75 in
479 1550 87 75 them
577 1550 72 75 may
667 1550 39 75 be
718 1550 105 75 faved,
842 1550 35 75 as
890 1550 74 75 well
975 1550 32 75 as
1021 1550 54 75 the
1089 1550 108 75 combs

166 1596 24 75 “
214 1596 107 75 which
336 1596 81 75 have
433 1596 108 75 young
557 1596 74 75 bees
647 1596 32 75 in
695 1596 101 75 them,
821 1596 106 75 which
953 1596 112 75 fhovdd
1089 1596 42 75 on
1156 1596 42 75 no

165 1643 25 75 •*
215 1643 133 75 account
366 1643 39 75 be
421 1643 153 75 touched,
599 1643 139 75 though,
754 1643 43 75 by
812 1643 128 75 fparing
950 1643 100 75 them,
1077 1643 18 75 a
1110 1643 87 75 good

166 1690 23 75 •'
214 1690 76 75 deal-
303 1690 39 75 of
360 1690 107 75 honey
482 1690 113 75 Ihould
610 1690 40 75 be
666 1690 59 75 left
741 1690 131 75 behind.
919 1690 100 75 Then
1044 1690 73 75 take
1141 1690 58 75 out

166 1736 26 75 »*
215 1736 55 75 the
283 1736 94 75 other
393 1736 109 75 combs
518 1736 81 75 with
611 1736 19 75 a
645 1736 89 75 long,
757 1736 114 75 broad,
889 1736 63 75 and
963 1736 116 75 pliable
1095 1736 103 75 knife,

165 1782 24 75 “
213 1782 79 75 fuch
315 1782 34 75 as
374 1782 56 75 the
452 1782 218 75 apothecaries
696 1782 92 75 make
813 1782 52 75 ufe
890 1782 47 75 of.
985 1782 79 75 The
1088 1782 110 75 combs

166 1829 23 75 “
215 1829 113 75 fhould
353 1829 44 75 be
417 1829 57 75 cut
500 1829 84 75 from
612 1829 56 75 the
691 1829 79 75 fides
796 1829 65 75 and
883 1829 120 75 crown,
1046 1829 34 75 as
1107 1829 90 75 clean

165 1877 24 75 **
214 1877 34 75 as
271 1877 140 75 poffible,
437 1877 40 75 to
496 1877 71 75 fave
590 1877 57 75 the
676 1877 128 75 further
831 1877 113 75 labour
970 1877 41 75 of
1030 1877 55 75 the
1109 1877 88 75 bees,

165 1923 23 75 **
212 1923 75 75 who
314 1923 80 75 muft
413 1923 65 75 lick
501 1923 43 75 up
569 1923 56 75 the
648 1923 107 75 honey
770 1923 86 75 fpilt,
882 1923 63 75 and
969 1923 128 75 remove
1122 1923 73 75 eve-

162 1969 25 75 ^
214 1969 38 75 ry
267 1969 135 75 remains
419 1969 40 75 of
476 1969 73 75 wax
562 1969 10 75 ;
615 1969 62 75 and
693 1969 76 75 then
794 1969 57 75 the
874 1969 79 75 fides
978 1969 42 75 of
1038 1969 55 75 the
1121 1969 74 75 hive

163 2016 25 75 “
213 2016 111 75 fhould
348 2016 39 75 be
411 2016 131 75 fcraped
565 2016 79 75 with
670 2016 19 75 a
710 2016 212 75 tabk-fpoon,
947 2016 36 75 to
1005 2016 86 75 clear
1107 2016 90 75 away

214 2061 87 75 what
312 2061 66 75 was
395 2061 61 75 left
473 2061 41 75 by
530 2061 55 75 the
597 2061 101 75 knife.
748 2061 130 75 During
891 2061 55 75 the
961 2061 108 75 whole
1081 2061 40 75 of
1132 2061 65 75 this

164 2107 27 75 "
214 2107 179 75 operation,
417 2107 54 75 the
489 2107 73 75 hive
587 2107 111 75 fhould
721 2107 40 75 be
786 2107 113 75 placed
920 2107 141 75 inclined
1083 2107 36 75 to
1141 2107 56 75 the

215 2153 61 75 fide
293 2153 84 75 from
394 2153 105 75 which
518 2153 55 75 the
588 2153 113 75 combs
725 2153 52 75 are
800 2153 107 75 taken,
934 2153 70 75 that
1022 2153 53 75 the
1091 2153 107 75 honey

163 2200 26 75 “
213 2200 107 75 which
336 2200 27 75 is
379 2200 73 75 fpilt
468 2200 74 75 may
556 2200 58 75 not
629 2200 85 75 daub
730 2200 56 75 the
801 2200 176 75 remaining
992 2200 124 75 combs.
1164 2200 38 75 If

164 2247 24 75 “
212 2247 87 75 fome
321 2247 110 75 combs
454 2247 85 75 were
563 2247 214 75 unavoidably
797 2247 95 75 taken
915 2247 102 75 away,
1041 2247 35 75 in
1090 2247 106 75 which

164 2293 22 75 “
212 2293 91 75 there
319 2293 56 75 are
390 2293 109 75 young
514 2293 87 75 bees,
619 2293 56 75 the
691 2293 88 75 parts
794 2293 40 75 of
845 2293 56 75 the
918 2293 110 75 combs
1044 2293 32 75 in
1089 2293 108 75 which

214 2339 76 75 they
302 2339 54 75 are
372 2339 111 75 fhould
499 2339 40 75 be
557 2339 151 75 returned
718 2339 70 75 into
803 2339 56 75 the
875 2339 87 75 hive,
986 2339 62 75 and
1065 2339 132 75 fecured

162 2386 27 75 •*
212 2386 44 75 by
271 2386 107 75 flicks,
403 2386 32 75 in
447 2386 58 75 the
515 2386 66 75 befl
598 2386 131 75 manner
745 2386 140 75 poffible.
935 2386 97 75 Place
1048 2386 56 75 the
1119 2386 75 75 hive

212 2432 77 75 then
306 2432 51 75 for
378 2432 88 75 fome
486 2432 79 75 time
588 2432 142 75 upright,
757 2432 73 75 that
853 2432 63 75 any
934 2432 174 75 remaining
1135 2432 60 75 ho-

162 2479 12 75 *
174 2461 16 49 r
210 2479 161 75 ney'may
390 2479 93 75 drain
501 2479 69 75 out.
620 2479 36 75 If
675 2479 55 75 the
746 2479 110 75 combs
881 2479 53 75 are
955 2479 82 75 built
1061 2479 31 75 in
1109 2479 19 75 a
1144 2479 49 75 di-

161 2527 26 75 **
211 2527 119 75 redHon
355 2527 140 75 oppofite
520 2527 35 75 to
580 2527 55 75 the
656 2527 163 75 entrance,
849 2527 38 75 or
914 2527 32 75 at
974 2527 86 75 right
1086 2527 114 75 angles

161 2573 24 75 **
210 2573 78 75 with
307 2573 40 75 it,
371 2573 55 75 the
450 2573 109 75 combs
584 2573 105 75 which
713 2573 54 75 are
792 2573 56 75 the
875 2573 138 75 furtheft
1038 2573 84 75 from
1139 2573 56 75 the

160 2618 24 75 “
210 2618 148 75 entrance
374 2618 115 75 fhould
501 2618 40 75 be
564 2618 175 75 preferred,
764 2618 133 75 becaufe
921 2618 91 75 there
1036 2618 79 75 they
1139 2618 55 75 are

159 2665 27 75 “
209 2665 69 75 befl
292 2665 105 75 ftored
413 2665 79 75 with
503 2665 121 75 honey,
640 2665 62 75 and
717 2665 82 75 have
811 2665 56 75 the
878 2665 108 75 fewefl
998 2665 108 75 young
1118 2665 75 75 bees

160 2711 24 75 “
206 2711 33 75 in
257 2711 100 75 then*.

206 2759 24 75 “
256 2759 131 75 Having
410 2759 77 75 thus
509 2759 129 75 finifbed
662 2759 112 75 taking
802 2759 55 75 the
883 2759 75 75 wax
985 2759 61 75 and
1074 2759 129 75 honey,.

159 2805 25 75 “
209 2805 55 75 the
288 2805 79 75 next
392 2805 133 75 bufineft
550 2805 27 75 is
600 2805 36 75 to
661 2805 108 75 return
793 2805 56 75 the
872 2805 75 75 bees
971 2805 35 75 to
1029 2805 89 75 their
1137 2805 56 75 old

158 2851 24 75 “
207 2851 104 75 hive;
343 2851 63 75 and
433 2851 52 75 for
508 2851 64 75 this
603 2851 135 75 purpofe
765 2851 91 75 place
883 2851 19 75 a
924 2851 97 75 table,
1056 2851 138 75 covered

158 2895 24 75 “
207 2895 80 75 with
312 2895 19 75 a
353 2895 89 75 clean
464 2895 101 75 cloth,
590 2895 76 75 near
695 2895 56 75 the
780 2895 99 75 ftand,
910 2895 62 75 and
999 2895 110 75 giving
1136 2895 57 75 the

158 2943 24 75 “
206 2943 74 75 hive
295 2943 31 75 in
344 2943 105 75 which
462 2943 56 75 the
533 2943 74 75 bees
625 2943 54 75 are
695 2943 18 75 a
725 2943 120 75 fudden
862 2943 105 75 fhake,
986 2943 32 75 at
1035 2943 55 75 the
1107 2943 91 75 fame

157 2991 26 75 “
207 2991 81 75 time
298 2991 132 75 flriking
444 2991 28 75 it
482 2991 108 75 pretty
601 2991 151 75 forcibly,
777 2991 57 75 the
849 2991 75 75 bees
936 2991 66 75 will
1019 2991 41 75 be
1072 2991 119 75 fhaken

1255 202 25 75 “
1303 202 42 75 on
1364 202 55 75 the
1435 202 102 75 cloth.
1585 202 65 75 Put
1668 202 85 75 their
1770 202 73 75 own
1865 202 75 75 hive
1965 202 78 75 over
2066 202 88 75 them
2176 202 112 75 imme-

1254 244 23 75 “
1302 244 134 75 diately,
1461 244 102 75 raifed
1579 244 19 75 a
1613 244 85 75 little
1714 244 42 75 on
1772 244 61 75 one
1849 244 76 75 fide,
1951 244 71 75 that
2039 244 57 75 the
2117 244 74 75 bees
2214 244 75 75 may

1253 291 23 75 “
1301 291 57 75 the
1375 291 89 75 more
1479 291 96 75 eafily
1585 291 111 75 enter;
1724 291 63 75 and
1803 291 92 75 when
1913 291 42 75 all
1973 291 52 75 are
2037 291 143 75 entered,
2198 291 90 75 place

1251 337 23 75 “
1301 337 27 75 it
1344 337 45 75 on
1405 337 55 75 the
1475 337 91 75 ftand
1589 337 34 75 as
1641 337 125 75 before.
1816 337 39 75 If
1872 337 56 75 the
1951 337 74 75 hive
2051 337 33 75 in
2108 337 107 75 which
2232 337 55 75 the

1250 388 25 75 “
1301 388 73 75 bees
1392 388 66 75 are,
1484 388 39 75 be
1540 388 116 75 turned
1673 388 126 75 bottom
1816 388 193 75 uppermofl,
2034 388 64 75 and
2113 388 85 75 their
2213 388 74 75 own

1251 430 22 75 “
1299 430 73 75 hive
1383 430 41 75 be
1436 430 113 75 placed
1565 430 77 75 over
1653 430 39 75 it,
1710 430 58 75 the
1777 430 74 75 bees
1864 430 66 75 will
1946 430 217 75 immediately
2174 430 115 75 afcend

1250 483 25 75 “
1300 483 70 75 ioto
1393 483 38 75 it,
1457 483 168 75 efpecially
1642 483 32 75 if
1691 483 55 75 the
1769 483 102 75 lower
1892 483 75 75 hive
1991 483 27 75 is
2037 483 105 75 ftruck
2165 483 42 75 on
2230 483 56 75 the

1300 527 77 75 fides
1394 527 37 75 to
1446 527 99 75 alarm
1556 527 102 75 them.

1299 570 23 75 “
1347 570 78 75 The
1441 570 93 75 chief
1550 570 105 75 objedt
1673 570 40 75 of
1731 570 57 75 the
1803 570 75 75 bees
1895 570 119 75 during
2027 570 56 75 the
2098 570 108 75 fpring
2223 570 64 75 and

1251 616 24 75 “
1300 616 171 75 beginning
1483 616 40 75 of
1534 616 148 75 fummer,
1700 616 27 75 is
1744 616 56 75 the
1816 616 206 75 propagation
2039 616 41 75 of
2090 616 84 75 their
2192 616 92 75 kind.

1251 663 25 75 “
1302 663 118 75 Honey
1428 663 116 75 during
1553 663 70 75 that
1635 663 78 75 time
1728 663 26 75 is
1772 663 56 75 not
1845 663 155 75 colledted
2013 663 35 75 in
2064 663 76 75 fuch
2157 663 129 75 quanti-

1250 715 24 75 “
1301 715 59 75 ties
1385 715 33 75 as
1444 715 25 75 it
1496 715 26 75 is
1547 715 209 75 afterwards:
1791 715 64 75 and
1882 715 42 75 on
1947 715 66 75 this
2040 715 136 75 account
2203 715 27 75 it
2257 715 28 75 is

1250 756 24 75 “
1299 756 141 75 fcarcely
1457 756 104 75 worth
1577 756 96 75 while
1690 756 35 75 to
1750 756 58 75 rob
1832 756 20 75 a
1875 756 74 75 hive
1974 756 112 75 before
2110 756 55 75 the
2188 756 99 75 latter

1250 785 24 49 ,c
1298 803 63 75 end
1376 803 41 75 of
1435 803 105 75 June;
1568 803 60 75 nor
1643 803 27 75 is
1687 803 25 75 it
1736 803 64 75 fafe
1825 803 35 75 to
1883 803 44 75 do
1951 803 26 75 it
1994 803 83 75 after
2092 803 56 75 the
2164 803 123 75 middle

1248 851 25 75 “
1299 851 90 75 July,
1422 851 58 75 left
1504 851 91 75 rainy
1617 851 144 75 weather
1784 851 133 75 prevent
1942 851 84 75 their
2053 851 154 75 reftoring
2229 851 57 75 the

1249 897 25 75 “
1298 897 113 75 combs
1428 897 78 75 they
1521 897 81 75 have
1620 897 70 75 loft,
1715 897 63 75 and
1793 897 109 75 laying
1917 897 32 75 in
1973 897 18 75 a
2017 897 86 75 flock
2120 897 40 75 of
2178 897 109 75 honey

1249 949 24 75 “
1298 949 156 75 fuffkient
1470 949 52 75 for
1547 949 55 75 the
1624 949 126 75 winter,
1774 949 104 75 udefs
1901 949 90 75 there
2015 949 27 75 is
2068 949 19 75 a
2108 949 119 75 chance
2249 949 41 75 of

1249 990 24 75 “
1299 990 147 75 carrying
1463 990 87 75 them
1562 990 37 75 to
1615 990 19 75 a
1650 990 69 75 rich
1735 990 162 75 pafture.”

1295 1036 57 75 Mr
1368 1036 182 75 Wildman,
1575 1036 43 75 by
1634 1036 49 75 his
1701 1036 164 75 dexterity
1888 1036 32 75 in
1938 1036 55 75 the
2010 1036 222 75 management
2248 1036 42 75 of

1246 1083 86 75 bees,
1357 1083 57 75 has
1430 1083 101 75 lately
1553 1083 156 75 furprifed
1732 1083 57 75 the
1812 1083 104 75 whole
1939 1083 167 75 kingdom.
2155 1083 53 75 He
2226 1083 58 75 can

1247 1130 94 75 order
1358 1130 19 75 a
1393 1130 112 75 fwarm
1523 1130 37 75 to
1568 1130 85 75 light
1669 1130 107 75 where
1792 1130 41 75 he
1850 1130 132 75 pleafes,
2007 1130 110 75 almoft
2133 1130 151 75 inftanta-

1246 1176 148 75 neoufly;
1421 1176 41 75 he
1477 1176 59 75 can
1558 1176 95 75 order
1676 1176 88 75 them
1780 1176 35 75 to
1831 1176 93 75 fettle
1948 1176 41 75 on
2012 1176 53 75 his
2085 1176 95 75 head,
2205 1176 79 75 then

1246 1224 128 75 remove
1391 1224 89 75 them
1496 1224 35 75 to
1548 1224 50 75 his
1614 1224 84 75 hand
1712 1224 10 75 ;
1748 1224 171 75 command
1934 1224 88 75 them
2039 1224 35 75 to
2091 1224 112 75 depart
2220 1224 64 75 and

1246 1270 91 75 fettle
1362 1270 40 75 on
1428 1270 19 75 a
1470 1270 151 75 window,
1646 1270 99 75 table,
1772 1270 64 75 &£•.
1862 1270 33 75 at
1911 1270 154 75 pleafure.
2114 1270 69 75 We
2205 1270 79 75 fhall

1245 1317 124 75 fubjoin
1385 1317 49 75 his
1451 1317 133 75 method
1602 1317 40 75 of
1653 1317 197 75 performing
1865 1317 88 75 thefe
1975 1317 94 75 feats,
2095 1317 31 75 in
2143 1317 51 75 his
2211 1317 73 75 own

1247 1364 128 75 Words:
1404 1364 25 75 “
1448 1364 182 75 Spedlators
1649 1364 85 75 (fays
1750 1364 58 75 he)
1834 1364 132 75 wonder
1988 1364 95 75 much
2108 1364 33 75 at
2163 1364 55 75 my
2235 1364 51 75 at-

1248 1415 26 75 “
1296 1415 131 75 taching
1443 1415 75 75 bees
1535 1415 35 75 to
1586 1415 149 75 different
1751 1415 91 75 parts
1861 1415 41 75 of
1920 1415 55 75 my
1997 1415 101 75 body,
2123 1415 63 75 and
2208 1415 77 75 wifh

1248 1462 26 75 “
1297 1462 95 75 much
1416 1462 36 75 to
1468 1462 40 75 be
1524 1462 148 75 poffeffed
1690 1462 40 75 of
1748 1462 57 75 the
1817 1462 104 75 fecret
1943 1462 108 75 means
2076 1462 44 75 by
2142 1462 105 75 which
2264 1462 20 75 I

1248 1504 23 75 “
1297 1504 43 75 do
1352 1504 38 75 it.
1432 1504 17 75 I
1465 1504 82 75 have
1564 1504 154 75 unwarily
1730 1504 159 75 promifed
1904 1504 36 75 to
1956 1504 104 75 reveal
2077 1504 48 75 it;
2152 1504 63 75 and
2231 1504 52 75 am

1248 1550 23 75 “
1297 1550 162 75 therefore
1475 1550 100 75 under
1588 1550 19 75 a
1618 1550 146 75 neceflity
1776 1550 39 75 of
1827 1550 195 75 performing
2033 1550 71 75 that
2121 1550 135 75 promife
2268 1550 12 75 :

1248 1600 24 75 ‘‘
1297 1600 58 75 but
1372 1600 95 75 while
1483 1600 16 75 I
1522 1600 140 75 declare,
1686 1600 71 75 that
1773 1600 85 75 their
1873 1600 72 75 fear
1954 1600 63 75 and
2034 1600 56 75 the
2107 1600 102 75 queen
2227 1600 56 75 are

1247 1649 24 75 “
1297 1649 56 75 the
1375 1649 91 75 chief
1485 1649 110 75 agents
1612 1649 32 75 in
1669 1649 87 75 thefe
1773 1649 194 75 operations,
1993 1649 16 75 I
2027 1649 80 75 muft
2126 1649 84 75 warn
2227 1649 58 75 my

1248 1688 23 75 M
1301 1688 127 75 readers
1445 1688 71 75 that
1533 1688 90 75 there
1647 1688 27 75 is
1699 1688 39 75 an
1763 1688 50 75 art
1836 1688 161 75 neceffary
2017 1688 36 75 to
2078 1688 141 75 perform
2243 1688 39 75 it,

1251 1738 24 75 “
1301 1738 126 75 namely
1444 1738 147 75 practice,
1616 1738 106 75 which
1742 1738 17 75 I
1777 1738 117 75 cannot
1905 1738 122 75 convey
2042 1738 36 75 to
2093 1738 104 75 them,
2220 1738 64 75 and

1250 1789 24 75 “
1299 1789 105 75 which
1421 1789 77 75 they
1515 1789 116 75 cannot
1646 1789 141 75 fpeedily
1803 1789 122 75 attain;
1951 1789 56 75 yet
2023 1789 50 75 till
2095 1789 64 75 this
2183 1789 51 75 art
2256 1789 28 75 is

1249 1835 28 75 “
1298 1835 155 75 attained,
1478 1835 55 75 the
1549 1835 189 75 deftrudtion
1761 1835 41 75 of
1819 1835 97 75 many
1936 1835 91 75 hives
2052 1835 42 75 of
2111 1835 74 75 bees
2202 1835 82 75 muft

1248 1878 25 75 “
1298 1878 40 75 be
1354 1878 57 75 the
1427 1878 238 75 confequence;
1692 1878 34 75 as
1751 1878 97 75 every
1872 1878 61 75 one
1957 1878 67 75 will
2048 1878 66 75 find
2138 1878 45 75 on
2195 1878 90 75 their

1248 1925 23 75 “
1297 1925 64 75 firft
1373 1925 137 75 attempt
1526 1925 35 75 ;o
1578 1925 140 75 perform
1730 1925 40 75 it.

1294 1977 27 75 “
1343 1977 98 75 Long
1455 1977 190 75 experience
1665 1977 57 75 has
1747 1977 115 75 taught
1876 1977 64 75 me,
1965 1977 76 75 that
2053 1977 35 75 as
2104 1977 76 75 fopn
2205 1977 33 75 as
2262 1977 20 75 I

1246 2023 27 75 “
1295 2023 74 75 turn
1387 2023 40 75 up
1445 2023 18 75 a
1483 2023 95 75 hive,,
1594 2023 63 75 and
1673 2023 71 75 give
1760 2023 26 75 it
1802 2023 88 75 fomu
1903 2023 72 75 taps
1991 2023 41 75 on
2047 2023 56 75 the
2120 2023 77 75 fides
2214 2023 65 75 and

1246 2064 24 75 “
1294 2064 140 75 bottom,
1459 2064 56 75 the
1531 2064 103 75 queen
1651 2064 218 75 immediately
1884 2064 145 75 appears,
2057 2064 37 75 to
2108 2064 99 75 feupw
2225 2064 57 75 the

1247 2115 24 75 “
1296 2115 90 75 caufe
1403 2115 40 75 of
1462 2115 63 75 this
1543 2115 121 75 alarm;
1692 2115 58 75 but
1762 2115 75 75 foon
1855 2115 113 75 retires
1981 2115 90 75 again
2089 2115 193 75 amongjher

1246 2158 24 75 “
1295 2158 126 75 people.
1454 2158 104 75 Being
1571 2158 200 75 accuftomed
1783 2158 34 75 to
1829 2158 49 75 fee
1891 2158 59 75 her
1955 2158 40 75 Jp
2008 2158 102 75 often,
2124 2158 16 75 I
2159 2158 122 75 readily

1247 2204 23 75 “
1292 2204 148 75 perceive
1456 2204 58 75 her
1530 2204 113 75 at.firft
1659 2204 133 75 glance;
1819 2204 63 75 and
1897 2204 77 75 long
1997 2204 137 75 pradtice
2150 2204 58 75 has
2224 2204 56 75 en-

1247 2255 24 75 “
1296 2255 94 75 abled
1406 2255 51 75 me
1473 2255 36 75 to
1525 2255 154 75 feizeher
1695 2255 161 75 inftantly,
1880 2255 80 75 with
1978 2255 19 75 a
2013 2255 182 75 tendernefs
2208 2255 73 75 that

1247 2297 23 75 “
1296 2297 78 75 does
1386 2297 57 75 not
1459 2297 32 75 in
1511 2297 55 75 the
1583 2297 75 75 leaft
1675 2297 161 75 endanger
1851 2297 59 75 her
1925 2297 124 75 perfon.
2097 2297 86 75 This
2200 2297 26 75 is
2244 2297 42 75 tf

1246 2344 23 75 “
1295 2344 55 75 the
1361 2344 119 75 utmoft
1495 2344 216 75 importance;
1739 2344 52 75 for
1807 2344 55 75 the
1873 2344 76 75 leaft
1960 2344 107 75 injury
2078 2344 84 75 done
2175 2344 35 75 to
2221 2344 60 75 her

1247 2390 23 75 “
1296 2390 109 75 brings
1420 2390 183 75 immediate
1615 2390 187 75 deflrudlion
1820 2390 36 75 to
1877 2390 56 75 the
1955 2390 86 75 hive,
2066 2390 31 75 if
2117 2390 65 75 you
2197 2390 84 75 have

1246 2437 23 75 “
1296 2437 56 75 not
1369 2437 19 75 a
1411 2437 89 75 fpare
1517 2437 102 75 queen
1645 2437 34 75 to
1703 2437 57 75 put
1784 2437 32 75 in
1832 2437 59 75 her
1907 2437 101 75 place,
2034 2437 33 75 as
2085 2437 16 75 I
2118 2437 81 75 have
2222 2437 58 75 too

1246 2483 26 75 “
1295 2483 90 75 often
1401 2483 212 75 experienced
1637 2483 32 75 in
1694 2483 55 75 my
1772 2483 65 75 firft
1861 2483 165 75 attempts.
2074 2483 112 75 When
2208 2483 71 75 pof-

1245 2530 24 75 “
1294 2530 98 75 feffed
1408 2530 41 75 of
1466 2530 74 75 her,
1564 2530 16 75 I
1597 2530 70 75 can,
1693 2530 136 75 without
1848 2530 106 75 injury
1971 2530 35 75 to
2030 2530 85 75 her,,
2126 2530 39 75 or
2187 2530 93 75 exci-

1296 2577 69 75 ting
1389 2577 79 75 that
1487 2577 117 75 degree
1624 2577 41 75 of
1683 2577 190 75 refentment
1897 2577 71 75 that
1992 2577 75 75 may
2092 2577 103 75 tempt
2219 2577 60 75 her

1246 2629 23 75 “
1295 2629 36 75 to
1346 2629 80 75 fling
1443 2629 62 75 me,
1530 2629 55 75 flip
1597 2629 58 75 her
1670 2629 70 75 into
1755 2629 56 75 my
1822 2629 94 75 other
1928 2629 96 75 hand,
2051 2629 74 75 and,
2151 2629 138 75 return-

1245 2677 26 75 “
1295 2677 54 75 ing
1365 2677 56 75 the
1437 2677 74 75 hive
1527 2677 38 75 to
1579 2677 41 75 its
1637 2677 100 75 place,
1764 2677 79 75 hold
1858 2677 59 75 her
1933 2677 102 75 there,
2061 2677 50 75 till
2130 2677 55 75 the
2202 2677 75 75 bees

1247 2699 24 49 w
1296 2717 118 75 miffing
1426 2717 69 75 her,
1520 2717 57 75 are
1590 2717 42 75 all
1649 2717 42 75 on
1707 2717 98 75 wing,
1830 2717 60 75 and
1907 2717 33 75 in
1958 2717 55 75 the
2032 2717 114 75 utmoft
2163 2717 123 75 confu-

1246 2763 24 75 “
1294 2763 77 75 fion.
1421 2763 110 75 When
1549 2763 55 75 the
1620 2763 74 75 bees
1719 2763 55 75 are
1789 2763 74 75 thus
1880 2763 174 75 diflreffed,
2080 2763 17 75 I
2114 2763 89 75 place
2221 2763 56 75 the

1244 2810 24 75 “
1294 2810 103 75 queen
1408 2810 197 75 where-ever
1620 2810 23 75 I
1650 2810 110 75 would
1769 2810 80 75 have
1862 2810 55 75 the
1928 2810 75 75 bees
2015 2810 35 75 to
2062 2810 105 75 fettle.
2199 2810 79 75 The

1244 2857 23 75 “
1293 2857 141 75 moment
1451 2857 16 75 a
1484 2857 64 75 few
1563 2857 42 75 of
1622 2857 87 75 them
1724 2857 152 75 difeover.
1892 2857 83 75 her,,
1988 2857 77 75 they
2082 2857 70 75 give
2169 2857 111 75 notice

1294 2903 34 75 to
1345 2903 89 75 thofe
1450 2903 76 75 near
1543 2903 100 75 them,
1670 2903 64 75 and
1748 2903 38 75 th'
1786 2903 51 75 ofe
1853 2903 35 75 to
1912 2903 55 75 the
1985 2903 80 75 reft;
2092 2903 56 75 the
2163 2903 112 75 khow-

1244 2951 24 75 “
1292 2951 93 75 ledge
1401 2951 40 75 of
1453 2951 103 75 which
1574 2951 80 75 foon
1667 2951 146 75 becomes
1830 2951 34 75 fo
1880 2951 142 75 general,
2047 2951 71 75 that
2123 2951 38 75 in
2177 2951 18 75 a
2211 2951 65 75 few

1244 3003 23 75 “
1292 3003 139 75 minutes
1445 3003 78 75 they
1539 3003 43 75 all
1599 3003 113 75 colkd
1729 3003 188 75 themfelves
1929 3003 103 75 round
2044 3003 92 75 her;,
2143 3003 63 75 and
2221 3003 59 75 are

2185 3053 35 75 “•
2233 3053 49 75 &•
