2431 3327
480 137 55 75 iE
595 137 27 75 S
677 137 40 75 T

106 209 161 75 iERRA,
292 209 20 75 a
327 209 89 75 fmall
439 209 88 75 town
551 209 41 75 of
613 209 168 75 Portugal,
806 209 32 75 in
855 209 56 75 the
935 209 152 75 province
1103 209 42 75 of

154 251 237 75 Eftramadara,
417 251 137 75 fituated
568 251 86 75 upon
672 251 56 75 the
746 251 85 75 river
850 251 111 75 Zatas.

106 300 309 75 AERESCHOT,
444 300 19 75 a
482 300 88 75 town
586 300 41 75 of
638 300 56 75 the
712 300 114 75 Dutch
841 300 234 75 Netherlands,
1099 300 38 75 fi-

152 347 111 75 tuated
286 347 33 75 in
346 347 157 75 Brabant,
539 347 97 75 about
663 347 111 75 fifteen
801 347 90 75 miles
920 347 66 75 call
989 347 89 75 ward
1102 347 41 75 of

152 393 160 75 Mechlin.

104 440 317 75 iERUGINOUS,
446 440 34 75 in
500 440 222 75 ornithology,
748 440 56 75 the
828 440 105 75 trivial
950 440 91 75 name
1056 440 41 75 of
1118 440 20 75 a

151 487 118 75 fpecies
290 487 40 75 of
341 487 99 75 falco.
490 487 62 75 See
569 487 149 75 Falco.

104 531 268 75 ^Eruginous,
398 531 39 75 an
455 531 123 75 epithet
594 531 93 75 given
712 531 35 75 to
774 531 76 75 fuch
874 531 107 75 things
1006 531 54 75 are
1085 531 50 75 re-

150 580 118 75 femble
288 580 38 75 or
347 580 133 75 partake
505 580 41 75 of
564 580 55 75 the
644 580 111 75 nature
778 580 42 75 of
841 580 56 75 the
914 580 64 75 rult
998 580 43 75 of
1059 580 75 75 cop-

151 626 70 75 per.

104 673 200 75 iERUGO,
328 673 153 75 properly
502 673 132 75 fignifies
653 673 54 75 the
724 673 63 75 raft
802 673 41 75 of
854 673 129 75 copper,
1009 673 38 75 or
1063 673 71 75 ver-

151 719 129 75 degris;
299 719 59 75 but
374 719 26 75 is
418 719 126 75 applied
555 719 218 75 indifferently
784 719 41 75 t»
837 719 62 75 ruft
917 719 41 75 of
969 719 62 75 any
1043 719 89 75 kind.

103 766 187 75 AERUGO
305 766 98 75 falis,
429 766 20 75 a
467 766 79 75 kind
561 766 41 75 of
612 766 123 75 reddilh
752 766 90 75 fiimy
857 766 128 75 matter,
1010 766 123 75 fepara-

151 812 56 75 ted
234 812 85 75 from
345 812 164 75 Egyptian
533 812 159 75 natrum;
718 812 159 75 probably
899 812 19 75 a
941 812 141 75 mixture
1098 812 41 75 of

149 857 143 75 bitumen
309 857 63 75 and
388 857 18 75 a
421 857 58 75 red
497 857 105 75 earth.

103 906 383 75 .fE.RUSCAT@RES,
511 906 32 75 in
570 906 172 75 antiquity,
776 906 20 75 a
822 906 78 75 kind
927 906 41 75 of
989 906 145 75 ftrolhng

150 951 146 75 beggars,
322 951 56 75 not
393 951 108 75 unlike
526 951 134 75 gypfies,
685 951 75 75 who
786 951 90 75 drew
903 951 117 75 money
1047 951 86 75 from

151 998 56 75 the
231 998 169 75 credulous
416 998 43 75 by
476 998 270 75 fortune-telling,
772 998 65 75 <bc.
886 998 33 75 It
935 998 65 75 was
1025 998 66 75 alfo
1114 998 19 75 a

149 1042 237 75 denomination
403 1042 93 75 given
508 1042 36 75 to
555 1042 148 75 gripping
718 1042 160 75 exaclors,
904 1042 39 75 or
965 1042 166 75 colledors

151 1090 40 75 of
201 1090 56 75 the
273 1090 149 75 revenue.

104 1137 145 75 AERY,
274 1137 38 75 or
333 1137 119 75 Airy,
478 1137 117 75 among
613 1137 187 75 fportfmen.
850 1137 63 75 See
929 1137 120 75 Airy.

102 1184 85 75 iES,
212 1184 152 75 properly
383 1184 133 75 fignifies
532 1184 129 75 copper,
686 1184 39 75 or
748 1184 116 75 money
880 1184 114 75 coined
1009 1184 40 75 of
1061 1184 70 75 that

150 1229 110 75 metal.
310 1229 62 75 See
389 1229 166 75 Copper.

102 1277 64 75 Ais
174 1277 141 75 favum,
340 1277 119 75 yellow
477 1277 128 75 Copper,
632 1277 115 75 among
758 1277 56 75 the
837 1277 156 75 Romans,
1019 1277 40 75 an
1076 1277 55 75 ap-

150 1322 153 75 pellation
329 1322 94 75 given
450 1322 35 75 to
513 1322 56 75 the
592 1322 123 75 coarfer
735 1322 96 75 kinds
856 1322 40 75 of
917 1322 101 75 brafs.
1068 1322 64 75 See

151 1369 135 75 Brass.

102 1416 66 75 JEs
185 1416 196 75 caldarium,
405 1416 58 75 the
478 1416 92 75 name
584 1416 41 75 of
636 1416 18 75 a
663 1416 129 75 -certain
805 1416 126 75 regulus
944 1416 41 75 of
996 1416 135 75 antimo-

150 1462 55 75 ny,
231 1462 169 75 employed
415 1462 32 75 in
471 1462 171 75 preparing
653 1462 57 75 the
721 1462 62 75 fine
807 1462 74 75 blue
901 1462 112 75 colour
1029 1462 104 75 called

140 1508 119 75 f?nalt.

103 1554 65 75 Ms
184 1554 119 75 uftuvi,
328 1554 18 75 a
361 1554 200 75 preparation
584 1554 41 75 of
643 1554 128 75 copper,
796 1554 45 75 by
855 1554 153 75 expofing
1029 1554 102 75 plates

152 1599 37 75 of
201 1599 25 75 it
243 1599 30 75 in
291 1599 19 75 a
326 1599 239 75 reverberatory
582 1599 143 75 furnace,
750 1599 51 75 till
819 1599 80 75 they
921 1599 141 75 crumble
1083 1599 48 75 in-

152 1646 35 75 to
204 1646 19 75 a
238 1646 142 75 powder,
398 1646 104 75 which
519 1646 26 75 is
562 1646 103 75 called
682 1646 42 75 as
741 1646 116 75 ujhtm.
906 1646 32 75 It
954 1646 26 75 is
994 1646 75 75 ufed
1081 1646 51 75 for

150 1693 168 75 colouring
334 1693 93 75 glafs,
452 1693 108 75 eating
573 1693 53 75 off
637 1693 83 75 dead
739 1693 85 75 fielh,
850 1693 37 75 or
899 1693 154 75 cleanting
1064 1693 68 75 foul

154 1737 116 75 ulcers.

105 1784 222 75 fESALON,
351 1784 32 75 in
394 1784 218 75 ornithology,
630 1784 39 75 an
686 1784 140 75 obfolete
838 1784 90 75 name
941 1784 39 75 of
987 1784 18 75 a
1013 1784 117 75 fpecies

153 1829 39 75 of
203 1829 98 75 falco.
351 1829 62 75 See
429 1829 143 75 Falco.

104 1880 151 75 jESCH,
273 1880 31 75 in
321 1880 223 75 ichthyology,
562 1880 39 75 an
614 1880 140 75 obfolete
770 1880 90 75 name
877 1880 41 75 of
935 1880 18 75 a
964 1880 117 75 fpecies
1094 1880 41 75 of

151 1922 109 75 falmo.
311 1922 61 75 See
391 1922 72 75 Sal
471 1922 67 75 mo.

101 1970 394 75 AESCHYNOMENE,
521 1970 33 75 in
570 1970 131 75 botany,
728 1970 18 75 a
761 1970 99 75 genus
877 1970 40 75 of
927 1970 56 75 the
1005 1970 122 75 diadel-

148 2016 75 75 phia
238 2016 169 75 decandria
424 2016 90 75 dais.
570 2016 113 75 There
700 2016 52 75 are
769 2016 92 75 feven
878 2016 116 75 fpecies
1011 2016 41 75 of
1063 2016 64 75 this

150 2063 111 75 genus,
286 2063 82 75 none
384 2063 41 75 of
432 2063 103 75 which
549 2063 53 75 are
619 2063 121 75 natives
753 2063 40 75 of
799 2063 138 75 Britain.
986 2063 141 75 The’ca-

148 2109 49 75 lix
209 2109 39 75 of
255 2109 55 75 the
321 2109 238 75 asfchynomene
571 2109 26 75 is
610 2109 186 75 bilabiated,
811 2109 63 75 and
886 2109 54 75 the
951 2109 66 75 pod
1024 2109 103 75 joint-

148 2156 53 75 ed.
249 2156 33 75 It
297 2156 27 75 is
341 2156 64 75 alfo
419 2156 18 75 a
448 2156 164 75 fynonime
627 2156 41 75 of
678 2156 117 75 feveral
813 2156 117 75 fpecies
948 2156 40 75 of
1000 2156 55 75 the
1068 2156 58 75 mi-

148 2202 96 75 mofa,
270 2202 38 75 or
322 2202 143 75 fenfitive
481 2202 101 75 plant.
633 2202 61 75 See
710 2202 179 75 Mimosa.

100 2249 317 75 iESCULANUS,
442 2249 38 75 or
495 2249 129 75 jEres,
651 2249 32 75 in
695 2249 205 75 mythology,
925 2249 202 75 adeitywho

148 2295 139 75 prefided
304 2295 75 75 over
396 2295 55 75 the
466 2295 131 75 coinage
614 2295 40 75 of
666 2295 263 75 copper-money.

100 2343 342 75 AESCULAPIUS’/
450 2343 150 75 ferpent,
626 2343 37 75 or
680 2343 183 75 Coluber
878 2343 246 75 ZEsculapIi.

108 2388 6 75 ‘
148 2388 60 75 See
229 2388 197 75 Coluber.

100 2434 246 75 ifc.SCULUS,
371 2434 32 75 in
419 2434 132 75 botany,
578 2434 18 75 a
612 2434 98 75 genus
727 2434 40 75 of
779 2434 57 75 the
852 2434 189 75 heptandria
1056 2434 68 75 nio-

147 2480 140 75 nogynia
296 2480 90 75 clafs.
436 2480 112 75 There
566 2480 53 75 are
631 2480 78 75 only
720 2480 65 75 two
800 2480 120 75 fpecies
940 2480 40 75 of
991 2480 37 75 it,
1053 2480 71 75 viz.

146 2527 55 75 the
225 2527 169 75 cattanum,
420 2527 62 75 and
514 2527 54 75 the
597 2527 101 75 pavia,
723 2527 84 75 both-
822 2527 121 75 natives
960 2527 41 75 of
1018 2527 108 75 India.

145 2573 77 75 The
246 2573 85 75 calix
353 2573 41 75 of
413 2573 55 75 the
492 2573 131 75 asfculus
646 2573 29 75 is
697 2573 246 75 mondphyilous
968 2573 79 75 with
1064 2573 61 75 five

147 2619 86 75 teeth
245 2619 10 75 ;
283 2619 56 75 the
355 2619 120 75 corolla
490 2619 58 75 has
573 2619 60 75 five
651 2619 101 75 petals
769 2619 174 75 unequally
958 2619 167 75 coloured,

147 2666 61 75 and
225 2666 138 75 inferted
379 2666 69 75 into
468 2666 54 75 the
543 2666 99 75 calix.

97 2713 165 75 jESTIM
266 2713 119 75 ATIQ
399 2713 128 75 capitis,
541 2713 20 75 a
572 2713 83 75 term
666 2713 66 75 met
742 2713 79 75 with
835 2713 32 75 in
881 2713 54 75 old
946 2713 178 75 law-books

145 2758 51 75 for
221 2758 18 75 a
254 2758 62 75 fine
333 2758 159 75 anciently
507 2758 154 75 ordained
684 2758 35 75 to
746 2758 39 75 be
814 2758 74 75 paid
911 2758 51 75 for
984 2758 141 75 offences

145 2805 186 75 committed
342 2805 116 75 againft
472 2805 127 75 perfons
613 2805 40 75 of
660 2805 135 75 quality,
814 2805 169 75 according
995 2805 34 75 to
1042 2805 84 75 their

145 2851 117 75 feveral
278 2851 144 75 degrees.

98 2897 238 75 jESTIVAL,
360 2897 32 75 in
410 2897 18 75 a
447 2897 128 75 general
591 2897 96 75 fenfe,
713 2897 132 75 denotes
857 2897 177 75 fomething
1050 2897 75 75 cbn-

145 2944 112 75 ne&ed
270 2944 92 75 with,
381 2944 37 75 or
434 2944 169 75 belonging
618 2944 36 75 to
669 2944 150 75 fumraer.
869 2944 124 75 Hence,
1009 2944 116 75 ssffival

146 2989 76 75 fign,
246 2989 115 75 seftival
378 2989 134 75 fo’ftice,
538 2989 47 75 6c
585 2971 5 49 -
590 2989 13 75 .

1595 130 54 75 iE
1709 130 39 75 T
1807 130 43 75 H

1191 196 276 75 iESTUARIA,
1492 196 34 75 in
1553 196 197 75 geography,
1775 196 132 75 denotes
1939 196 39 75 an
2006 196 68 75 arm
2099 196 40 75 of
2165 196 58 75 the

1237 244 62 75 lea,
1325 244 106 75 which
1449 244 74 75 runs
1537 244 18 75 a
1570 244 87 75 good
1674 244 71 75 way
1761 244 113 75 within
1885 244 88 75 land.
2024 244 87 75 Such
2123 244 28 75 is
2166 244 58 75 the

1237 290 117 75 Briftol
1370 290 146 75 channel,
1542 290 63 75 and
1621 290 96 75 many
1732 290 42 75 of
1784 290 55 75 the
1857 290 96 75 friths
1969 290 42 75 of
2024 290 168 75 Scotland.

1188 337 303 75 tESTUARIES,
1517 337 32 75 in
1567 337 126 75 ancient
1710 337 106 75 baths,
1842 337 84 75 were
1953 337 100 75 fecret
2081 337 141 75 palfages

1236 383 85 75 from
1334 383 55 75 the
1406 383 228 75 hypocauftum
1650 383 68 75 into
1735 383 55 75 the
1804 383 180 75 chambers.
2019 383 62 75 See
2093 383 128 75 Bath,

1236 430 62 75 and
1314 430 317 75 Hypocaustum.

1187 477 256 75 .ESTUARY,
1468 477 115 75 among
1599 477 187 75 phyficians,
1812 477 19 75 a
1846 477 228 75 vapour-bath,
2101 477 40 75 or
2158 477 64 75 any

1235 523 94 75 other
1344 523 186 75 inftrument
1547 523 53 75 for
1616 523 177 75 conveying
1804 523 75 75 heat
1899 523 35 75 to
1953 523 55 75 the
2024 523 100 75 body.

1187 571 128 75 ETH,
1341 571 38 75 or
1402 571 104 75 Ath,
1533 571 18 75 a
1578 571 106 75 llrong
1707 571 92 75 little'
1816 571 88 75 town
1928 571 34 75 in
1990 571 60 75 the.
2070 571 150 75 Auftrian

1233 617 232 75 Netherlands,
1491 617 64 75 and
1580 617 151 75 province
1759 617 41 75 of
1817 617 170 75 Hainault,
2019 617 135 75 fituated
2178 617 44 75 on

1233 664 55 75 the
1305 664 84 75 river
1408 664 147 75 Dender,
1578 664 101 75 about
1694 664 124 75 twenty
1833 664 90 75 miles
1943 664 36 75 S.
1995 664 62 75 W.
2070 664 39 75 of
2120 664 102 75 Braf-

1232 710 72 75 fels.

1185 758 228 75 ETHALE,
1439 758 19 75 a
1475 758 82 75 term
1573 758 77 75 ufed
1669 758 45 75 by
1729 758 56 75 the
1802 758 141 75 ancients
1959 758 54 75 for
2028 758 56 75 the
2097 758 125 75 cadmia

1233 804 177 75 fornacum.
1462 804 61 75 See
1542 804 176 75 Cadmia.

1185 851 273 75 ETHALIES,
1477 851 19 75 a
1505 851 92 75 name
1609 851 93 75 given
1715 851 43 75 by
1769 851 56 75 the
1838 851 129 75 Greeks
1981 851 34 75 to
2028 851 55 75 the
2094 851 123 75 fedum.

1234 897 61 75 See
1313 897 151 75 Sedum.

1185 941 193 75 ETHER,
1404 941 56 75 the
1480 941 91 75 name
1589 941 40 75 of
1640 941 39 75 an
1696 941 177 75 imaginary
1892 941 91 75 fluid,
2008 941 155 75 fuppofed
2175 941 45 75 by

1232 990 116 75 feveral
1377 990 144 75 authors,
1547 990 80 75 both
1652 990 123 75 ancient
1798 990 63 75 and
1875 990 146 75 modern,
2049 990 34 75 to
2101 990 38 75 be
2161 990 58 75 the

1232 1036 90 75 caufe
1335 1036 40 75 of
1383 1036 140 75 gravity,
1548 1036 87 75 heat,
1661 1036 95 75 light,
1780 1036 158 75 mufcular
1953 1036 135 75 motion,
2114 1036 103 75 fenfa-

1231 1084 80 75 tion,
1336 1084 74 75 and,
1428 1084 33 75 in
1478 1084 18 75 a
1512 1084 103 75 word,
1633 1084 40 75 of
1684 1084 96 75 every
1796 1084 229 75 phasnomenon
2041 1084 33 75 in
2088 1084 128 75 nature.

1230 1130 212 75 Anaxagoras
1455 1130 193 75 maintained
1664 1130 70 75 that
1749 1130 101 75 aether
1866 1130 64 75 was
1947 1130 41 75 of
2001 1130 19 75 a
2034 1130 115 75 fimilar
2161 1130 55 75 na-

1231 1179 71 75 ture
1326 1179 79 75 with
1433 1179 78 75 fire;
1538 1179 149 75 Perrault
1709 1179 176 75 reprefents
1902 1179 27 75 it
1945 1179 34 75 as
2005 1179 89 75 7200
2122 1179 96 75 times

1231 1224 87 75 more
1346 1224 70 75 rare
1443 1224 78 75 than
1547 1224 66 75 air;
1641 1224 63 75 and
1719 1224 101 75 Hook
1835 1224 109 75 makes
1969 1224 26 75 it
2016 1224 89 75 more
2121 1224 102 75 dehfe

1230 1271 77 75 than
1318 1271 79 75 gold
1407 1271 99 75 itfelf.
1554 1271 169 75 Whoever
1738 1271 58 75 has
1813 1271 40 75 an
1869 1271 187 75 inclination
2073 1271 35 75 to
2119 1271 98 75 know

1231 1319 55 75 the
1301 1319 127 75 various
1444 1319 193 75 hypothefes
1654 1319 191 75 concerning
1861 1319 113 75 aether,
2001 1319 75 75 may
2092 1319 126 75 conudt

1232 1365 176 75 Shebbere,
1435 1365 158 75 I'errault,
1619 1365 127 75 Hook’s
1762 1365 205 75 pofthumous
1987 1365 121 75 works,
2135 1365 79 75 Aft.

1230 1412 108 75 Erucl.
1363 1412 91 75 Lipf.
1480 1412 102 75 1716,
1607 1412 207 75 Bernouilli’s
1830 1412 146 75 Cogitat.
1994 1412 223 75 degravitate

1231 1457 40 75 at
1273 1457 56 75 her
1331 1457 40 75 is,
1396 1457 62 75 &c.
1482 1457 66 75 &c^

1277 1503 119 75 Before
1407 1503 55 75 the
1474 1503 134 75 method
1618 1503 40 75 of
1666 1503 245 75 philofophifing
1923 1503 43 75 by
1976 1503 161 75 indudlion
2149 1503 69 75 was

1230 1551 129 75 known,
1377 1551 55 75 the
1444 1551 190 75 hypothefes
1651 1551 40 75 of
1701 1551 219 75 philolbphers
1938 1551 84 75 were
2033 1551 88 75 wild,
2139 1551 73 75 fan-

1231 1597 90 75 ciful,
1339 1597 186 75 ridiculous.
1572 1597 104 75 They
1688 1597 65 75 had
1764 1597 144 75 recouife
1925 1597 35 75 to
1976 1597 112 75 aether,
2105 1597 110 75 occult

1231 1643 160 75 qualities,
1417 1643 62 75 and
1495 1643 93 75 other
1604 1643 175 75 imaginary
1794 1643 122 75 cables,
1938 1643 32 75 in
1987 1643 96 75 order
2099 1643 34 75 to
2150 1643 62 75 ex-

1229 1690 85 75 plain
1342 1690 55 75 the
1424 1690 125 75 various
1571 1690 205 75 phaenomena
1800 1690 40 75 of
1865 1690 134 75 nature:
2039 1690 68 75 But
2129 1690 86 75 fihee

1230 1737 55 75 the
1297 1737 78 75 days
1387 1737 41 75 of
1434 1737 56 75 the
1500 1737 91 75 great
1602 1737 94 75 Lord
1707 1737 166 75 Verulam,
1888 1737 73 75 who
1972 1737 75 75 may
2058 1737 41 75 be
2110 1737 104 75 ftyled

1229 1783 55 75 the
1300 1783 111 75 parent
1422 1783 41 75 of
1473 1783 132 75 genuine
1617 1783 201 75 philofophy,
1836 1783 19 75 a
1871 1783 149 75 contrary
2032 1783 109 75 courfe
2152 1783 60 75 has

1228 1830 131 75 happily
1374 1830 79 75 been
1469 1830 163 75 followed.
1681 1830 54 75 He
1753 1830 175 75 convinced
1939 1830 56 75 the
2007 1830 115 75 world,
2140 1830 76 75 that

1229 1877 42 75 all
1298 1877 191 75 knowledge
1517 1877 80 75 muft
1620 1877 40 75 be
1684 1877 130 75 derived
1831 1877 84 75 from
1932 1877 198 75 experiment
2147 1877 65 75 and

1228 1923 221 75 obfervation;
1488 1923 62 75 and
1576 1923 73 75 that
1676 1923 97 75 every
1797 1923 136 75 attempt
1961 1923 35 75 to
2023 1923 186 75 inveftigate

1228 1971 105 75 caufes
1351 1971 44 75 by
1406 1971 62 75 any
1485 1971 92 75 other
1590 1971 107 75 means
1714 1971 81 75 muft
1811 1971 39 75 be
1860 1971 226 75 unfuccefsful.
2113 1971 97 75 Since

1227 2017 48 75 his
1289 2017 88 75 time,
1403 2017 55 75 the
1475 2017 64 75 belt
1555 2017 221 75 philofbphers
1792 2017 80 75 have
1885 2017 152 75 followed
2053 2017 55 75 the
2128 2017 83 75 trait

1217 2063 115 75 Vhich
1348 2063 41 75 he
1405 2063 133 75 pointed
1554 2063 69 75 out.
1649 2063 116 75 Boyle,
1783 2063 126 75 Locke,
1926 2063 154 75 Newton,
2093 2063 118 75 Hales,

1228 2110 61 75 and
1313 2110 19 75 a
1354 2110 63 75 few
1443 2110 122 75 others,
1590 2110 32 75 in
1650 2110 85 75 little
1763 2110 88 75 more
1868 2110 78 75 than
1972 2110 60 75 one
2060 2110 147 75 centujry,

1225 2157 80 75 have
1322 2157 167 75 improved
1507 2157 63 75 and
1586 2157 161 75 extended
1764 2157 121 75 fcience
1902 2157 49 75 far
1968 2157 128 75 beyond
2120 2157 88 75 what

1227 2204 54 75 the
1293 2204 221 75 accumulated
1528 2204 89 75 force
1629 2204 40 75 of
1680 2204 43 75 all
1739 2204 55 75 the
1810 2204 218 75 philofophers
2055 2204 81 75 fince
2152 2204 57 75 fhe

1226 2250 141 75 creation
1383 2250 66 75 had
1466 2250 81 75 been
1560 2250 69 75 able
1646 2250 35 75 to
1697 2250 167 75 effedluate
1880 2250 8 75 :
1911 2250 37 75 A
1966 2250 131 75 ftriking
2113 2250 103 75 pypof

1225 2297 80 75 both
1322 2297 41 75 of
1373 2297 55 75 the
1440 2297 253 75 comprehenfive
1710 2297 110 75 genius
1837 2297 40 75 of
1889 2297 123 75 Bacon,
2030 2297 62 75 and
2103 2297 40 75 of
2150 2297 55 75 the

1225 2343 131 75 folidity
1378 2343 41 75 of
1437 2343 50 75 his
1499 2343 73 75 plan
1589 2343 40 75 of
1640 2343 232 75 inveitigation.

1273 2389 30 75 It
1316 2389 79 75 muft
1407 2389 114 75 indeed
1537 2389 39 75 be
1589 2389 260 75 acknowledged,
1867 2389 71 75 that
1950 2389 91 75 there
2057 2389 28 75 is
2102 2389 18 75 a
2131 2389 74 75 pro-

1224 2436 120 75 penfity
1365 2436 32 75 in
1418 2436 55 75 the
1496 2436 117 75 human
1630 2436 101 75 mind,
1755 2436 120 75 which,
1900 2436 103 75 unlefs
2021 2436 26 75 it
2073 2436 39 75 be
2128 2436 75 75 pro-

1223 2483 90 75 perly
1329 2483 184 75 reftrained,'
1535 2483 58 75 has
1611 2483 18 75 a
1644 2483 100 75 direft
1760 2483 157 75 tendency
1933 2483 78 75 both
2025 2483 34 75 to
2072 2483 132 75 corrupt

1223 2530 132 75 fcience,
1368 2530 61 75 and
1442 2530 35 75 to
1489 2530 106 75 retard
1607 2530 59 75 our
1676 2530 144 75 progrefs
1836 2530 32 75 in
1886 2530 39 75 it.
1948 2530 72 75 Not
2032 2530 176 75 costented

1223 2575 77 75 with
1313 2575 55 75 the
1380 2575 213 75 examination
1606 2575 41 75 of
1653 2575 121 75 objeds
1787 2575 105 75 which
1905 2575 122 75 readily
2039 2575 57 75 fall
2108 2575 96 75 with-

1222 2623 32 75 in
1272 2623 55 75 the
1344 2623 109 75 fphere
1470 2623 40 75 of
1527 2623 59 75 cur
1602 2623 212 75 obfervatioh,
1840 2623 48 75 we
1907 2623 64 75 feel
1989 2623 19 75 a
2023 2623 107 75 ftrong
2146 2623 55 75 de-

1223 2670 56 75 fire
1296 2670 35 75 to
1348 2670 132 75 account
1497 2670 51 75 for
1563 2670 107 75 things
1695 2670 122 75 which,
1842 2670 85 75 from
1951 2670 84 75 their
2053 2670 77 75 very
2145 2670 57 75 na-

1224 2716 81 75 ture,
1330 2716 92 75 muft,
1448 2716 62 75 and
1525 2716 73 75 ever
1609 2716 81 75 will,
1706 2716 93 75 elude
1815 2716 61 75 our
1886 2716 197 75 riefearelies.
2108 2716 97 75 Even

1226 2762 52 75 Sir
1294 2762 86 75 Ifaac
1400 2762 142 75 Newton
1564 2762 132 75 himfelf
1718 2762 65 75 was
1807 2762 57 75 not
1883 2762 103 75 proof
1997 2762 117 75 againft
2137 2762 66 75 this

1223 2811 201 75 temptation.
1473 2811 31 75 It
1514 2811 67 75 was
1593 2811 57 75 not
1666 2811 125 75 enough
1803 2811 71 75 that
1884 2811 42 75 he
1941 2811 64 75 had
2017 2811 185 75 difeovered

1224 2856 55 75 the
1290 2856 110 75 nature
1416 2856 39 75 of
1465 2856 83 75 light
1560 2856 62 75 and
1633 2856 139 75 colours,
1798 2856 55 75 the
1874 2856 189 75 application
2076 2856 41 75 of
2127 2856 72 75 gra-

1223 2902 68 75 vity
1302 2902 34 75 to
1349 2902 54 75 the
1415 2902 137 75 motions
1566 2902 40 75 of
1616 2902 55 75 the
1683 2902 154 75 heavenly
1846 2902 123 75 bodies,
1984 2902 64 75 6c.
2066 2902 41 75 he
2119 2902 83 75 muft

1223 2949 41 75 go
1274 2949 139 75 further,
1428 2949 61 75 and
1503 2949 135 75 attempt
1650 2949 35 75 to
1698 2949 92 75 ailign
1802 2949 54 75 the
1869 2949 89 75 caufe
1970 2949 41 75 of
2016 2949 132 75 gravity,
2156 2949 43 75 it-

1222 2999 71 75 ielf.
1326 2999 79 75 But,
1416 2999 73 75 how
1503 2999 77 75 does
1596 2999 41 75 he
1652 2999 141 75 proceed
1802 2999 33 75 in
1839 2999 70 75 this
1922 2999 116 75 matter
2051 2999 11 75 ?
2082 2999 70 75 Not
2165 2999 34 75 in

2143 3047 57 75 the

1050 150 20 75 (

1241 150 18 75 )
