2428 3377
148 138 80 75 1^4

699 138 42 75 A
857 138 44 75 N
1017 138 42 75 A
1173 138 41 75 T

139 196 167 75 cartilages
322 196 53 75 are
393 196 55 75 not
463 196 140 75 allowed
614 196 36 75 to
667 196 122 75 change
800 196 90 75 place
912 196 50 75 far
974 196 10 75 ;
1009 196 98 75 while
1119 196 56 75 the

141 242 125 75 narrow
279 242 77 75 ends
369 242 38 75 of
419 242 56 75 the
487 242 180 75 cartilages,
684 242 169 75 becoming
866 242 110 75 almoft
993 242 182 75 ligaments,

141 289 52 75 are
210 289 88 75 fixed
314 289 32 75 at
363 289 56 75 the
435 289 151 75 infertion
602 289 41 75 of
661 289 56 75 the
733 289 107 75 ftrong
856 289 85 75 crofs
958 289 153 75 ligament
1127 289 48 75 in-

141 335 35 75 to
193 335 56 75 the
265 335 91 75 tibia,
374 335 62 75 and
451 335 83 75 feem
550 335 36 75 to
596 335 82 75 have
693 335 86 75 their
794 335 161 75 fubilance
971 335 112 75 united
1098 335 79 75 with

141 382 46 75 it;
205 382 162 75 therefore
384 382 19 75 a
420 382 134 75 circular
565 382 75 75 hole
652 382 26 75 is
695 382 62 75 left
768 382 146 75 between
930 382 77 75 each
1025 382 154 75 cartilage

142 428 63 75 and
222 428 55 75 the
293 428 167 75 ligament,
485 428 33 75 in
534 428 108 75 which
666 428 55 75 the
738 428 80 75 moft
842 428 181 75 prominent
1051 428 127 75 convex

140 474 73 75 part
228 474 40 75 of
286 474 79 75 each
383 474 136 75 condyle
535 474 40 75 of
594 474 56 75 the
666 474 193 75 thigh-bone
883 474 123 75 moves.
1101 474 78 75 The

142 523 248 75 circumference
406 523 39 75 of
464 523 88 75 thefe
569 523 130 75 ca.vities
717 523 27 75 is
762 523 103 75 rough
883 523 63 75 and
958 523 151 75 unequal,
1127 523 53 75 for

142 569 54 75 the
213 569 71 75 firm
301 569 186 75 connedion
504 569 40 75 of
563 569 55 75 the
635 569 169 75 ligaments
812 569 49 75 mf
880 569 56 75 the
950 569 97 75 joint.
1112 569 67 75 Im-

141 616 172 75 mediately
338 616 104 75 below
466 616 55 75 the
544 616 93 75 edge,
663 616 33 75 at
720 616 42 75 its
786 616 182 75 back-part,
993 616 66 75 two
1076 616 103 75 rough

143 662 113 75 flatted
279 662 248 75 protuberances
551 662 88 75 ftand
662 662 79 75 out:
768 662 76 75 Into
867 662 56 75 the
951 662 147 75 internal,
1124 662 56 75 the

142 709 120 75 tendon
285 709 40 75 of
345 709 56 75 the
425 709 314 75 femimembranofus
756 709 118 75 mufcle
886 709 27 75 is
930 709 137 75 inferred
1081 709 11 75 ;
1118 709 64 75 and

143 756 19 75 a
179 756 71 75 part
265 756 41 75 of
317 756 56 75 the
390 756 85 75 crofs
488 756 152 75 ligament
658 756 26 75 is
702 756 88 75 fixed
806 756 36 75 to
854 756 55 75 the
926 756 159 75 external.

143 801 55 75 On
214 801 55 75 the
286 801 123 75 outfide
425 801 39 75 of
486 801 64 75 this
575 801 57 75 lad
657 801 159 75 tubercle,
840 801 20 75 a
883 801 125 75 fmooth
1037 801 144 75 flightly-

142 849 164 75 hollowed
320 849 125 75 furface
457 849 26 75 is
495 849 128 75 formed
639 849 43 75 by
699 849 56 75 the
772 849 102 75 adion
890 849 41 75 of
941 849 56 75 the
1014 849 167 75 poplitaeus

139 896 136 75 .mufcle.

191 942 114 75 Below
320 942 56 75 the
393 942 158 75 fore-part
567 942 41 75 of
625 942 56 75 the
697 942 101 75 upper
820 942 64 75 end
907 942 40 75 of
967 942 55 75 the
1047 942 91 75 tibia,
1163 942 19 75 a

144 989 213 75 confiderable
371 989 102 75 rough
486 989 231 75 protuberance
730 989 89 75 rifes,
837 989 35 75 to
889 989 106 75 which
1008 989 55 75 the
1075 989 107 75 ItrOng

142 1036 171 75 tendinous
330 1036 151 75 ligament
499 1036 40 75 of
558 1036 55 75 the
629 1036 107 75 rotula
753 1036 27 75 is
797 1036 101 75 fixed.
994 1036 55 75 On
1061 1036 56 75 the
1134 1036 47 75 in-

141 1083 106 75 ternal
264 1083 63 75 fide
349 1083 40 75 of
409 1083 75 75 this,
510 1083 91 75 there
616 1083 28 75 is
669 1083 20 75 a
712 1083 114 75 broad,
852 1083 161 75 fcabrous,
1038 1083 144 75 fiightly-

144 1130 163 75 hollowed
322 1130 136 75 furface,
487 1130 35 75 to
538 1130 107 75 which
661 1130 56 75 the
734 1130 137 75 internal
886 1130 77 75 long
979 1130 150 75 ligament
1147 1130 41 75 of

145 1175 56 75 the
215 1175 97 75 joint,
337 1175 56 75 the
410 1175 201 75 aponeurofis
628 1175 40 75 of
678 1175 56 75 the
746 1175 102 75 vaftus
866 1175 155 75 internus,
1047 1175 62 75 and
1126 1175 57 75 the

146 1222 136 75 tendons
296 1222 39 75 of
354 1222 55 75 the
422 1222 238 75 feminervofus,
685 1222 141 75 gracilis,
852 1222 63 75 and
938 1222 164 75 fartorius,
1128 1222 54 75 are

146 1268 263 75 fixed.—Below
424 1268 56 75 the
497 1268 146 75 external
659 1268 81 75 edge
757 1268 39 75 of
815 1268 55 75 the
884 1268 99 75 upper
998 1268 63 75 end
1076 1268 41 75 of
1127 1268 57 75 the

144 1315 91 75 tibia,
260 1315 91 75 there
363 1315 26 75 is
407 1315 19 75 a
442 1315 136 75 circular
594 1315 55 75 flat
665 1315 137 75 furface,
821 1315 147 75 covered,
994 1315 32 75 in
1044 1315 19 75 a
1074 1315 110 75 recent

145 1361 134 75 fnbjed,
303 1361 80 75 with
400 1361 166 75 cartilage,
592 1361 52 75 for
656 1361 56 75 the
729 1361 200 75 articulation
943 1361 40 75 of
994 1361 55 75 the
1065 1361 116 75 fibula;

145 1409 315 75 •—between.which
478 1409 63 75 and
557 1409 55 75 the
624 1409 141 75 anterior
776 1409 100 75 knob,
894 1409 91 75 there
1001 1409 27 75 is
1046 1409 19 75 a
1081 1409 103 75 rough

146 1455 133 75 hollow,
305 1455 85 75 from
407 1455 104 75 which
530 1455 56 75 the
603 1455 118 75 tibialis
736 1455 138 75 anticus,
892 1455 63 75 and
969 1455 150 75 extenfor
1134 1455 46 75 di-

148 1502 139 75 gitorum
303 1502 127 75 longus,
449 1502 76 75 take
540 1502 85 75 their
636 1502 265 75 origin.—From
919 1502 54 75 the
985 1502 126 75 fmooth
1128 1502 57 75 flat

148 1549 134 75 furface,
308 1549 19 75 a
343 1549 90 75 ridge
450 1549 75 75 runs
550 1549 169 75 obliquely
734 1549 202 75 downwards
954 1549 62 75 and
1032 1549 151 75 inwards,

147 1595 36 75 to
207 1595 72 75 give
295 1595 60 75 rife
372 1595 34 75 to
423 1595 71 75 part
518 1595 41 75 of
577 1595 54 75 the
655 1595 124 75 folseus,
803 1595 120 75 tibialis
948 1595 149 75 pofticus,
1123 1595 63 75 and

149 1642 104 75 flexor
269 1642 174 75 digitorum
461 1642 124 75 longus,
611 1642 64 75 and
695 1642 151 75 infertion
862 1642 35 75 tp
914 1642 55 75 the
986 1642 199 75 aponeurofis

150 1688 41 75 of
201 1688 55 75 the
273 1688 313 75 femimembranofus
603 1688 107 75 which
726 1688 111 75 covers
854 1688 55 75 the
927 1688 178 75 poplitseus,
1123 1688 63 75 and

150 1733 35 75 to
201 1733 85 75 fome
299 1733 39 75 of
358 1733 55 75 the
430 1733 145 75 external
599 1733 96 75 fibres
711 1733 41 75 of
770 1733 64 75 this
851 1733 57 75 laft
924 1733 113 75 named
1054 1733 130 75 mufcle.

148 1781 97 75 —At
261 1781 55 75 the
332 1781 97 75 infide
445 1781 41 75 of
504 1781 64 75 this
588 1781 90 75 ridge
699 1781 38 75 an
758 1781 132 75 oblique
910 1781 85 75 plain
1012 1781 122 75 furface
1157 1781 27 75 is

148 1827 73 75 left,
247 1827 107 75 where
371 1827 55 75 the
442 1827 136 75 greateft
600 1827 72 75 part
695 1827 40 75 of
754 1827 54 75 the
834 1827 157 75 mufculus
1018 1827 166 75 poplitaeus

150 1873 26 75 is
193 1873 275 75 inferted.—The
486 1873 172 75 remaining
674 1873 89 75 body
778 1873 41 75 of
829 1873 56 75 the
901 1873 80 75 tibia
996 1873 26 75 is
1040 1873 143 75 triangu-

147 1920 231 75 gular.—The
406 1920 141 75 anterior
570 1920 92 75 angle
686 1920 26 75 is
736 1920 79 75 very
838 1920 102 75 (harp,
966 1920 63 75 and
1052 1920 28 75 is
1097 1920 87 75 com-

151 1967 110 75 monly
288 1967 105 75 called
420 1967 56 75 the
498 1967 97 75 fpine
622 1967 37 75 or
682 1967 95 75 Jhin.
834 1967 87 75 This
950 1967 91 75 ridge
1065 1967 30 75 is
1127 1967 58 75 not

148 2012 155 75 ftreight;
340 2012 59 75 but
427 2012 91 75 turns
543 2012 64 75 firft
631 2012 150 75 inwards,
814 2012 78 75 then
919 2012 178 75 outwards,
1123 2012 62 75 and

150 2059 92 75 laftly
258 2059 136 75 inwards
412 2059 231 75 again.—The
660 2059 83 75 plain
761 2059 135 75 internal
922 2059 63 75 fide
1009 2059 27 75 is
1059 2059 126 75 fmooth

147 2106 68 75 and
238 2106 107 75 equal,
370 2106 95 75 being
481 2106 84 75 little
582 2106 161 75 fubje&ed
766 2106 35 75 to
817 2106 56 75 the
898 2106 118 75 aftions
1040 2106 40 75 of
1102 2106 83 75 muf-

152 2153 64 75 cles
228 2153 11 75 ;
265 2153 59 75 but
336 2153 55 75 the
403 2153 144 75 external
562 2153 66 75 fide
644 2153 27 75 is
683 2153 163 75 hollowed
862 2153 101 75 above
983 2153 44 75 by
1043 2153 56 75 the
1110 2153 75 75 tibi-

153 2198 56 75 alis
223 2198 135 75 anticus,
384 2198 63 75 and
458 2198 104 75 below
573 2198 45 75 by
633 2198 56 75 the
706 2198 146 75 extenfor
867 2198 173 75 digitorum
1057 2198 128 75 longus,

154 2245 62 75 and
240 2245 151 75 extenfor
414 2245 124 75 pollicis
563 2245 253 75 longus.—The
841 2245 67 75 two
932 2245 108 75 angles
1068 2245 120 75 behind

154 2293 87 75 thefe
257 2293 78 75 fides
353 2293 53 75 are
430 2293 144 75 rounded
590 2293 44 75 by
651 2293 55 75 the
730 2293 102 75 adtion
848 2293 41 75 of
907 2293 56 75 the
980 2293 131 75 mufcles
1126 2293 60 75 ;—

154 2339 55 75 the
225 2339 154 75 pofterior
393 2339 64 75 fide
473 2339 258 75 comprehended
746 2339 145 75 between
915 2339 89 75 them
1027 2339 27 75 is
1077 2339 58 75 not
1151 2339 35 75 fo

154 2385 100 75 broad
270 2385 33 75 as
319 2385 91 75 thofe
434 2385 129 75 already
586 2385 196 75 mentioned,
808 2385 58 75 but
889 2385 28 75 is
942 2385 89 75 more
1056 2385 131 75 oblique

155 2431 61 75 and
228 2431 111 75 flatted
355 2431 45 75 by
415 2431 56 75 the
488 2431 102 75 aflion
607 2431 40 75 of
659 2431 56 75 the
730 2431 119 75 tibialis
861 2431 136 75 pofticus
1011 2431 61 75 and
1083 2431 104 75 flexor

153 2479 173 75 digitorum
342 2479 277 75 longus.—Some
642 2479 73 75 way
738 2479 100 75 above
862 2479 56 75 the
934 2479 121 75 middle
1071 2479 41 75 of
1130 2479 56 75 the

154 2525 94 75 bone,
281 2525 56 75 the
360 2525 138 75 internal
521 2525 92 75 angle
641 2525 198 75 terminates,
876 2525 63 75 and
965 2525 56 75 the
1048 2525 86 75 bone
1157 2525 28 75 is

154 2570 93 75 made
271 2570 103 75 round
398 2570 44 75 by
466 2570 55 75 the
547 2570 136 75 preflure
708 2570 40 75 of
766 2570 55 75 the
838 2570 158 75 mufculus
1013 2570 174 75 folxus.—

155 2617 89 75 Near
261 2617 35 75 to
312 2617 76 75 this,
414 2617 60 75 the.
486 2617 122 75 paflage
625 2617 40 75 of
683 2617 56 75 the
751 2617 179 75 medullary
945 2617 110 75 veflels
1071 2617 27 75 is
1114 2617 72 75 feen

154 2664 133 75 flanting
303 2664 165 75 obliquely
484 2664 217 75 downwards.

202 2711 75 75 The
293 2711 100 75 lower
409 2711 63 75 end
487 2711 41 75 of
546 2711 56 75 the
618 2711 79 75 tibia
712 2711 26 75 is
750 2711 93 75 made
866 2711 134 75 hollow,
1024 2711 59 75 but
1099 2711 35 75 fo
1151 2711 34 75 as

157 2757 19 75 a
194 2757 89 75 ftnall
308 2757 231 75 protuberance
555 2757 73 75 rifes
652 2757 33 75 in
702 2757 55 75 the
774 2757 260 75 middle.—The
1049 2757 135 75 internal

156 2803 62 75 fide
243 2803 40 75 of
301 2803 64 75 this
390 2803 118 75 cavity,
532 2803 107 75 which
663 2803 26 75 is
713 2803 140 75 fmooth,
878 2803 74 75 and,
976 2803 34 75 in
1035 2803 19 75 a
1077 2803 110 75 recent

155 2849 132 75 fubjedt,
312 2849 26 75 is
352 2849 137 75 covered
504 2849 79 75 with
600 2849 164 75 cartilage,
781 2849 26 75 is
821 2849 163 75 produced
999 2849 69 75 into
1080 2849 18 75 a
1110 2849 76 75 con-

157 2897 152 75 fiderable
324 2897 138 75 procefs,
487 2897 184 75 commonly
686 2897 115 75 named
822 2897 164 75 malleolus
1012 2897 150 75 internus
1172 2897 11 75 \

158 2942 56 75 the
230 2942 89 75 point
333 2942 42 75 of
394 2942 104 75 which
513 2942 27 75 is
556 2942 129 75 divided
701 2942 43 75 by
761 2942 19 75 a
795 2942 111 75 notch,
931 2942 62 75 and
1004 2942 85 75 from
1104 2942 27 75 it
1146 2942 39 75 li-

155 2988 145 75 gaments
317 2988 52 75 are
384 2988 67 75 fent
467 2988 57 75 out
546 2988 39 75 to
605 2988 55 75 the
682 2988 83 75 foot.
859 2988 77 75 The
952 2988 146 75 external
1120 2988 65 75 fide

1332 139 40 75 O
1490 139 50 75 M
1654 139 55 75 Y.

2112 139 97 75 Part
2228 139 30 75 I.

1225 200 41 75 of
1284 200 63 75 this
1364 200 64 75 end
1450 200 41 75 of
1508 200 56 75 the
1585 200 82 75 tibia
1690 200 57 75 has
1765 200 18 75 a
1799 200 102 75 rough
1919 200 156 75 irregular
2090 200 171 75 femilunar

1225 246 108 75 cavity
1348 246 127 75 formed
1490 246 33 75 in
1536 246 37 75 it,
1599 246 52 75 for
1662 246 160 75 receiving
1832 246 56 75 the
1904 246 101 75 lower
2014 246 63 75 end
2093 246 40 75 of
2152 246 56 75 the
2226 246 36 75 fi-

1227 293 87 75 bula.
1411 293 76 75 The
1504 293 152 75 pofterior
1672 293 62 75 fide
1746 293 57 75 has
1820 293 66 75 two
1898 293 113 75 lateral
2028 293 148 75 grooves,
2201 293 64 75 and

1228 339 19 75 a
1262 339 89 75 fmall
1369 339 118 75 middle
1504 339 241 75 protuberance.
1797 339 37 75 In
1852 339 54 75 the
1923 339 136 75 internal
2076 339 186 75 depreilion,

1230 387 55 75 the
1305 387 135 75 tendons
1461 387 39 75 of
1520 387 55 75 the
1592 387 157 75 mufculus
1766 387 117 75 tibialis
1909 387 147 75 pofticus,
2081 387 62 75 and
2161 387 104 75 flexor

1228 434 177 75 digitorum
1427 434 127 75 lohgus,
1580 434 53 75 are
1658 434 140 75 lodged;
1826 434 62 75 and
1904 434 32 75 in
1953 434 56 75 the
2023 434 160 75 external,
2209 434 56 75 the

1230 480 118 75 tendon
1365 480 40 75 of
1425 480 55 75 the
1496 480 103 75 flexor
1616 480 112 75 longus
1746 480 123 75 pollicis
1892 480 105 75 plays.
2094 480 98 75 From
2209 480 56 75 the

1230 526 119 75 middle
1376 526 244 75 protuberance,
1650 526 212 75 ligamentous
1886 526 124 75 ihsaths
2039 526 43 75 go
2108 526 71 75 out,
2213 526 53 75 for

1230 572 91 75 tying
1333 572 94 75 down
1445 572 86 75 thefe
1544 572 150 75 tendons.

1280 620 147 75 Fibula
1445 620 26 75 is
1488 620 55 75 the
1560 620 88 75 fmall
1662 620 76 75 long
1754 620 95 75 bone,
1873 620 114 75 placed
2002 620 43 75 on
2069 620 56 75 the
2142 620 122 75 outfide

1228 666 43 75 of
1290 666 55 75 the
1361 666 64 75 leg,
1450 666 141 75 oppofite
1607 666 37 75 to
1659 666 56 75 the
1739 666 148 75 external
1912 666 93 75 angle
2029 666 41 75 of
2090 666 55 75 the
2162 666 80 75 tibia
2253 666 11 75 ;

1232 712 54 75 the
1303 712 92 75 fhape
1411 712 41 75 of
1469 712 27 75 it
1512 712 27 75 is
1557 712 190 75 irregularly
1763 712 189 75 triangular.

1278 759 75 75 The
1366 759 83 75 head
1466 759 40 75 of
1525 759 56 75 the
1592 759 97 75 fibula
1706 759 55 75 has
1780 759 19 75 a
1813 759 176 75 fuperficial
2006 759 135 75 circular
2160 759 108 75 cavity

1232 805 126 75 formed
1369 805 43 75 on
1427 805 41 75 its
1485 805 108 75 infide,
1619 805 120 75 which,
1763 805 33 75 in
1813 805 19 75 a
1843 805 109 75 recent
1967 805 131 75 fubjed:,
2115 805 26 75 is
2155 805 111 75 cover-

1232 851 41 75 ed
1288 851 79 75 with
1384 851 19 75 a
1415 851 163 75 cartilage,
1605 851 57 75 but
1674 851 33 75 fo
1731 851 118 75 clofely
1868 851 173 75 connedted
2064 851 35 75 to
2116 851 55 75 the
2188 851 80 75 tibia

1232 897 42 75 by
1285 897 181 75 ligaments,
1492 897 33 75 as
1543 897 35 75 to
1595 897 95 75 allow
1706 897 78 75 only
1800 897 18 75 a
1834 897 88 75 fmall
1939 897 123 75 motion
2078 897 189 75 backwards

1232 944 63 75 and
1308 944 301 75 forwards.—This
1622 944 84 75 head
1722 944 26 75 is
1760 944 209 75 protuberant
1981 944 61 75 and
2054 944 103 75 rough
2169 944 41 75 on
2225 944 42 75 its

1232 992 132 75 outfide,
1382 992 107 75 where
1506 992 19 75 a
1540 992 108 75 ftrong
1663 992 102 75 round
1777 992 168 75 ligament,
1961 992 63 75 and
2041 992 54 75 the
2108 992 160 75 mufculus

1232 1038 119 75 biceps,
1377 1038 54 75 are
1443 1038 138 75 inferted
1593 1038 10 75 ;
1630 1038 74 75 and,
1730 1038 103 75 below
1850 1038 55 75 the
1921 1038 170 75 back-part
2106 1038 41 75 of
2165 1038 41 75 its
2218 1038 48 75 in-

1234 1085 100 75 ternal
1351 1085 76 75 fide,
1453 1085 19 75 a
1488 1085 143 75 tubercle
1648 1085 72 75 may
1737 1085 39 75 be
1800 1085 179 75 remarked,
2004 1085 72 75 that
2099 1085 87 75 gives
2209 1085 60 75 rile

1233 1131 36 75 to
1285 1131 56 75 the
1357 1131 107 75 ftrong
1480 1131 170 75 tendinous
1667 1131 72 75 part
1755 1131 40 75 of
1813 1131 56 75 the
1885 1131 111 75 folasus
2013 1131 129 75 mufcle.

1279 1178 78 75 The
1373 1178 88 75 body
1477 1178 41 75 of
1537 1178 64 75 this
1618 1178 83 75 bone
1713 1178 25 75 is
1757 1178 18 75 a
1790 1178 85 75 little
1888 1178 141 75 crooked
2045 1178 137 75 inwards
2205 1178 64 75 and

1233 1225 198 75 backwards,
1457 1225 105 75 which
1579 1225 100 75 figure
1695 1225 27 75 is
1739 1225 106 75 owing
1870 1225 35 75 to
1930 1225 55 75 the
2010 1225 119 75 adtions
2151 1225 41 75 of
2210 1225 57 75 the

1234 1271 131 75 mufcles
1377 1271 11 75 ;
1414 1271 58 75 but
1487 1271 28 75 is
1527 1271 60 75 (till
1605 1271 124 75 further
1745 1271 162 75 increafed
1917 1271 45 75 by
1978 1271 119 75 nurfes,
2114 1271 74 75 who
2201 1271 66 75 oft-

1233 1317 38 75 en
1289 1317 89 75 hold'
1378 1317 149 75 children
1544 1317 168 75 carelefsly
1728 1317 43 75 by
1787 1317 56 75 the
1864 1317 80 75 legs.
2040 1317 76 75 The
2132 1317 137 75 ftiarpeft

1233 1363 93 75 angle
1351 1363 41 75 of
1411 1363 55 75 the
1492 1363 97 75 fibula
1611 1363 27 75 is
1661 1363 170 75 forwards,
1857 1363 40 75 on
1921 1363 77 75 each
2016 1363 64 75 fide
2102 1363 41 75 of
2162 1363 106 75 which

1234 1410 54 75 the
1307 1410 81 75 bone
1403 1410 27 75 is
1449 1410 228 75 confiderably,
1703 1410 57 75 but
1775 1410 186 75 unequally,
1986 1410 162 75 deprefled
2157 1410 43 75 by
2211 1410 56 75 the

1233 1457 110 75 bellies
1361 1457 41 75 of
1421 1457 54 75 the
1493 1457 118 75 feveral
1630 1457 132 75 mufcles
1779 1457 71 75 that
1866 1457 60 75 rife
1943 1457 96 75 from,
2064 1457 38 75 or
2119 1457 47 75 aft
2183 1457 85 75 upon

1233 1503 46 75 it;
1306 1503 74 75 and,
1406 1503 32 75 in
1455 1503 55 75 old
1527 1503 126 75 people,
1677 1503 88 75 thefe
1777 1503 133 75 mufcles
1923 1503 91 75 make
2026 1503 123 75 diftinft
2165 1503 102 75 finuo-

1234 1550 81 75 fities
1339 1550 51 75 for
1405 1550 203 75 themfelves.
1705 1550 76 75 The
1797 1550 146 75 external
1959 1550 122 75 furface
2098 1550 40 75 of
2156 1550 56 75 the
2227 1550 39 75 fi-

1234 1596 75 75 bula
1332 1596 26 75 is
1383 1596 164 75 depreffed
1570 1596 167 75 obliquely
1759 1596 86 75 from
1868 1596 99 75 above
1989 1596 200 75 downwards
2206 1596 63 75 and

1235 1642 200 75 backwards,
1460 1642 42 75 by
1518 1642 55 75 the
1590 1642 66 75 two
1671 1642 150 75 peronsei.
1917 1642 48 75 Its
1986 1642 138 75 internal
2146 1642 123 75 furface

1235 1689 26 75 is
1278 1689 175 75 unequally
1468 1689 130 75 divided
1613 1689 68 75 into
1698 1689 66 75 two
1777 1689 124 75 narrow
1917 1689 212 75 longitudinal
2145 1689 122 75 planes,

1235 1735 43 75 by
1289 1735 40 75 an
1346 1735 131 75 oblique
1495 1735 88 75 ridge
1600 1735 162 75 extended
1778 1735 84 75 from
1876 1735 54 75 the
1945 1735 100 75 upper
2062 1735 71 75 part
2153 1735 40 75 of
2212 1735 57 75 the

1210 1781 8 75 '
1234 1781 140 75 anterior
1391 1781 104 75 angle,
1522 1781 34 75 to
1577 1781 71 75 join
1664 1781 79 75 with
1761 1781 55 75 the
1832 1781 100 75 lower
1954 1781 63 75 end
2038 1781 41 75 of
2097 1781 55 75 the
2168 1781 99 75 inter-

1235 1828 52 75 nal
1303 1828 106 75 angle.
1449 1828 57 75 To
1522 1828 64 75 this
1604 1828 90 75 ridge
1711 1828 55 75 the
1783 1828 153 75 ligament
1952 1828 159 75 ftretched
2122 1828 145 75 between

1234 1875 54 75 the
1306 1875 66 75 two
1389 1875 97 75 bones
1503 1875 40 75 of
1561 1875 55 75 the
1632 1875 53 75 leg
1707 1875 26 75 is
1755 1875 184 75 connefted.
2035 1875 75 75 The
2127 1875 141 75 anterior

1234 1922 40 75 of
1292 1922 56 75 the
1363 1922 66 75 two
1445 1922 109 75 planes
1577 1922 27 75 is
1620 1922 78 75 very
1713 1922 126 75 narrow
1855 1922 115 75 above,
1994 1922 108 75 where
2128 1922 55 75 the
2207 1922 60 75 ex-

1234 1967 105 75 tenfor
1355 1967 114 75 longus
1485 1967 187 75 digitorum,
1699 1967 62 75 and
1778 1967 149 75 extenfor
1939 1967 114 75 longus
2070 1967 135 75 pollicis,
2231 1967 20 75 a

1234 2013 60 75 rife
1310 2013 85 75 from
1410 2013 49 75 it;
1486 2013 58 75 but
1561 2013 25 75 is
1596 2013 136 75 broader
1744 2013 116 75 below,
1878 2013 107 75 where
1997 2013 25 75 it
2038 2013 57 75 has
2108 2013 55 75 the
2180 2013 86 75 print

1235 2060 38 75 of
1292 2060 56 75 the
1365 2060 101 75 nonus
1485 2060 258 75 Vefalii.—The
1761 2060 151 75 poftericr
1929 2060 91 75 plane
2035 2060 27 75 is
2085 2060 103 75 broad
2205 2060 63 75 and

1235 2107 131 75 hollow,
1393 2107 107 75 giving
1515 2107 105 75 origin
1635 2107 36 75 to
1694 2107 55 75 the
1774 2107 105 75 larger
1902 2107 88 75 (hare
2012 2107 39 75 of
2071 2107 55 75 the
2149 2107 118 75 tibialis

1235 2153 272 75 pofticus.—The
1523 2153 134 75 internal
1675 2153 92 75 angle
1790 2153 40 75 of
1849 2153 64 75 this
1938 2153 83 75 bone
2043 2153 58 75 has
2125 2153 20 75 a
2161 2153 105 75 tendi-

1235 2200 80 75 nous
1331 2200 183 75 membrane
1525 2200 87 75 fixed
1623 2200 36 75 to
1670 2200 39 75 it,
1728 2200 84 75 from
1824 2200 106 75 which
1940 2200 95 75 fibres
2047 2200 39 75 of
2098 2200 54 75 the
2164 2200 105 75 flexor

1235 2247 175 75 digitorum
1425 2247 119 75 longus
1557 2247 75 75 take
1655 2247 84 75 their
1755 2247 198 75 rife.—The
1977 2247 151 75 pofterior
2143 2247 124 75 furface

1235 2292 39 75 of
1294 2292 54 75 the
1364 2292 98 75 fibula
1486 2292 26 75 is
1537 2292 56 75 the
1614 2292 128 75 plaineft
1767 2292 63 75 and
1852 2292 182 75 fmootheft,
2059 2292 58 75 but
2133 2292 26 75 is
2176 2292 93 75 made

1236 2339 54 75 flat
1314 2339 101 75 above
1440 2339 44 75 by
1505 2339 55 75 the
1577 2339 124 75 folasus,
1727 2339 63 75 and
1810 2339 25 75 is
1853 2339 163 75 hollowed
2030 2339 105 75 below
2151 2339 45 75 by
2212 2339 56 75 the

1235 2386 103 75 flexor
1354 2386 125 75 pollicis
1496 2386 214 75 longus.—In
1722 2386 56 75 the
1795 2386 121 75 middle
1932 2386 40 75 of
1992 2386 63 75 this
2072 2386 123 75 furface
2212 2386 56 75 the

1236 2433 88 75 canal
1343 2433 51 75 for
1405 2433 56 75 the
1473 2433 176 75 medullary
1667 2433 108 75 veflels
1793 2433 73 75 may
1877 2433 39 75 be
1928 2433 72 75 feen
2011 2433 134 75 flanting
2156 2433 111 75 down-

1235 2480 116 75 wards.

1281 2526 77 75 The
1373 2526 101 75 lower
1490 2526 62 75 end
1564 2526 43 75 of
1619 2526 55 75 the
1691 2526 98 75 fibula
1805 2526 26 75 is
1849 2526 161 75 extended
2025 2526 69 75 into
2110 2526 19 75 a
2145 2526 121 75 fpongy

1236 2572 118 75 oblong
1369 2572 96 75 head,
1491 2572 42 75 on
1550 2572 55 75 the
1629 2572 96 75 infide
1748 2572 40 75 of
1806 2572 106 75 which
1934 2572 26 75 is
1983 2572 19 75 a
2024 2572 137 75 convex,
2187 2572 79 75 irre-

1235 2618 103 75 gular,
1363 2618 63 75 and
1442 2618 187 75 frequently
1655 2618 18 75 a
1696 2618 149 75 fcabrous
1869 2618 230 75 furface,,that
2124 2618 26 75 is
2169 2618 98 75 recei-

1235 2665 62 75 ved
1313 2665 43 75 by
1372 2665 55 75 the
1443 2665 146 75 external
1616 2665 121 75 hollow
1761 2665 39 75 of
1820 2665 55 75 the
1899 2665 90 75 tibia,
2016 2665 63 75 and
2103 2665 34 75 fo
2161 2665 107 75 firmly

1232 2712 110 75 joined
1354 2712 35 75 to
1399 2712 26 75 it
1438 2712 42 75 by
1493 2712 18 75 a
1522 2712 77 75 very
1611 2712 69 75 thin
1692 2712 221 75 intermediate
1925 2712 151 75 cartilage
2086 2712 63 75 and
2160 2712 107 75 ftrong

1234 2758 181 75 ligaments,
1441 2758 71 75 that
1532 2758 26 75 it
1573 2758 106 75 fcarce
1696 2758 58 75 can
1770 2758 269 75 move.—Below
2056 2758 76 75 this,
2157 2758 56 75 the
2229 2758 38 75 fi-

1235 2805 75 75 bula
1333 2805 26 75 is
1383 2805 161 75 ftretched
1570 2805 56 75 out
1651 2805 69 75 into
1745 2805 18 75 a
1790 2805 154 75 coronoid
1973 2805 136 75 procefs,
2141 2805 70 75 that
2239 2805 27 75 is

1234 2850 139 75 fmooth,
1393 2850 142 75 covered
1550 2850 80 75 with
1648 2850 149 75 cartilage
1821 2850 42 75 on
1887 2850 42 75 its
1951 2850 134 75 internal
2102 2850 76 75 fide,
2205 2850 63 75 and

1234 2898 27 75 is
1277 2898 92 75 there
1384 2898 190 75 contiguous
1591 2898 35 75 to
1638 2898 55 75 the
1709 2898 120 75 outfide
1845 2898 41 75 of
1905 2898 55 75 the
1977 2898 63 75 firft
2054 2898 81 75 bone
2152 2898 41 75 of
2210 2898 57 75 the

1235 2944 82 75 foot,
1342 2944 55 75 the
1422 2944 183 75 aftragalus,
1639 2944 35 75 to
1700 2944 108 75 fecure
1832 2944 57 75 the
1917 2944 214 75 articulation.
2180 2944 85 75 This

1233 2992 138 75 precefs,
1395 2992 116 75 named
1521 2992 165 75 malleolus
1703 2992 164 75 externus,
1885 2992 94 75 being
1995 2992 135 75 fituated
2143 2992 124 75 farther
2187 3031 80 75 back
