2428 3377
123 127 102 75 Fart
254 127 71 75 VI.

687 127 42 75 A
847 127 43 75 N
1008 127 44 75 A
1165 127 39 75 T

119 194 75 75 well
212 194 34 75 as
260 194 40 75 of
317 194 46 75 .all
392 194 56 75 the
471 194 95 75 other
592 194 98 75 bones
714 194 41 75 of
773 194 56 75 the
846 194 118 75 human
979 194 101 75 body,
1106 194 58 75 ex-

120 240 74 75 cept
210 240 56 75 the
279 240 101 75 teeth,
406 240 34 75 is.
456 240 139 75 covered
610 240 43 75 by
669 240 19 75 a
714 240 173 75 particular
911 240 193 75 membrane,
1130 240 41 75 of

120 286 106 75 which
243 286 71 75 that
330 286 129 75 portion
476 286 106 75 which
598 286 209 75 particularly
817 286 114 75 iavefts
951 286 55 75 the
1022 286 142 75 cranium

120 333 26 75 is
164 333 116 75 named
291 333 239 75 pericrdniunj,
557 333 63 75 and
646 333 71 75 that
733 333 107 75 which
862 333 115 75 invefts
994 333 56 75 the
1065 333 99 75 bones

121 380 42 75 of
182 380 56 75 the
256 380 69 75 face
342 380 26 75 is
382 380 110 75 fimply
504 380 126 75 termed
641 380 204 75 periojleum.

168 427 76 75 The
264 427 210 75 pericranium
490 427 27 75 is
534 427 92 75 made
643 427 43 75 up
702 427 41 75 of
756 427 66 75 two
847 427 124 75 laminae
993 427 118 75 clofely
1126 427 38 75 u-

121 474 90 75 nited
227 474 163 75 together.
438 474 77 75 The
528 474 136 75 internal
682 474 130 75 lamina,
837 474 106 75 which
955 474 57 75 has
1022 474 45 75 by
1078 474 87 75 fome

124 519 80 75 been
220 519 96 75 taken
332 519 53 75 for
399 519 19 75 a
428 519 173 75 particular
613 519 201 75 periofteum,
840 519 111 75 covers
964 519 199 75 immediate-

119 566 37 75 ly
172 566 44 75 all
231 566 55 75 the
304 566 86 75 bohy
406 566 86 75 parts
513 566 40 75 of
565 566 63 75 this
648 566 109 75 region
769 566 10 75 ;
807 566 63 75 and
886 566 55 75 the
959 566 146 75 external
1116 566 47 75 la-

121 613 85 75 mina
221 613 57 75 has
295 613 79 75 been
390 613 120 75 looked
525 613 86 75 upon
628 613 34 75 as
686 613 17 75 a
729 613 182 75 membrane
939 613 123 75 diftinfl:
1077 613 87 75 from

122 660 55 75 the
194 660 149 75 internal,
368 660 63 75 and
448 660 114 75 named
573 660 228 75 pericranium
824 660 219 75 particularly.

352 770 164 75 Sect.
547 770 66 75 -V.-
642 770 66 75 Of
727 770 67 75 the
826 770 107 75 Eye.

316 867 66 75 The
398 867 137 75 Globe
555 867 37 75 or
617 867 106 75 Ball
741 867 44 75 of
798 867 53 75 the
866 867 97 75 Eye.

168 947 86 75 The
272 947 96 75 globe
392 947 42 75 of
455 947 57 75 the
539 947 59 75 eye
623 947 26 75 is
677 947 93 75 made
792 947 43 75 up
862 947 40 75 of
913 947 118 75 feveral
1048 947 116 75 proper

122 994 101 75 parts,
248 994 85 75 fome
351 994 39 75 of
409 994 105 75 which
532 994 95 75 being
643 994 90 75 more
749 994 37 75 or
809 994 61 75 kfs
886 994 92 75 folid,
1004 994 159 75 reprefent

123 1042 19 75 a
159 1042 78 75 kind
252 1042 42 75 of
305 1042 75 75 Ihell
398 1042 127 75 formed
551 1042 62 75 by'
622 1042 57 75 the
695 1042 96 75 union
809 1042 39 75 of
868 1042 118 75 feveral
1005 1042 158 75 membra-

125 1087 80 75 nous
222 1087 95 75 ftrata
332 1087 104 75 called
452 1087 64 75 the.
524 1087 87 75 coats
628 1087 41 75 of
681 1087 55 75 the
753 1087 96 75 globe
864 1087 108 75 of,the
995 1087 79 75 eye;
1101 1087 63 75 and

125 1133 56 75 the
193 1133 94 75 other
298 1133 87 75 parts
401 1133 96 75 being
515 1133 90 75 more
621 1133 38 75 or
674 1133 60 75 lefs
751 1133 89 75 fluid,
867 1133 63 75 and
946 1133 168 75 contained
1130 1133 33 75 in

123 1180 172 75 particular
311 1180 224 75 membranous
553 1180 144 75 capfulse,
722 1180 39 75 or
776 1180 33 75 in
833 1180 56 75 the
915 1180 175 75 interflices
1106 1180 56 75 be-

121 1227 104 75 tween
241 1227 57 75 the
314 1227 102 75 coats,
441 1227 54 75 are
511 1227 125 75 termed
652 1227 55 75 the
730 1227 151 75 humours
899 1227 40 75 of
950 1227 55 75 the
1021 1227 94 75 globe
1126 1227 42 75 of

125 1273 57 75 the
194 1273 72 75 eye.
314 1273 109 75 Thefe
439 1273 102 75 capful
546 1273 24 75 a;
586 1273 55 75 are
658 1273 139 75 likewife
814 1273 125 75 termed
955 1273 101 75 coats.
1111 1273 14 75 *

170 1319 77 75 The
262 1319 89 75 coats
367 1319 40 75 of
426 1319 55 75 the
497 1319 96 75 globe
609 1319 41 75 of
669 1319 56 75 the
741 1319 59 75 eye
817 1319 53 75 are
886 1319 40 75 of
939 1319 91 75 three
1052 1319 108 75 kinds.

123 1366 99 75 Some
238 1366 85 75 form
347 1366 116 75 chiefly
484 1366 56 75 the
562 1366 76 75 fliell
661 1366 40 75 of
719 1366 55 75 the
791 1366 116 75 globe;
932 1366 86 75 fome
1035 1366 53 75 are
1105 1366 56 75 ad-

123 1412 148 75 ditional,
295 1412 95 75 being
397 1412 97 75 fixed
523 1412 76 75 only
616 1412 35 75 to
678 1412 20 75 a
724 1412 72 75 part
823 1412 41 75 of
885 1412 55 75 the
957 1412 115 75 globe;
1099 1412 63 75 and

124 1458 86 75 fome
238 1458 54 75 are
317 1458 153 75 capfular,
502 1458 107 75 which
636 1458 128 75 contain
788 1458 56 75 the
870 1458 166 75 humours.
1085 1458 77 75 The

125 1505 89 75 coats
231 1505 107 75 which
350 1505 85 75 form
447 1505 55 75 the
514 1505 76 75 fbell
603 1505 53 75 are
675 1505 91 75 three
778 1505 32 75 in
821 1505 145 75 number.
1013 1505 77 75 The
1102 1505 59 75 ex-

124 1551 104 75 ternal
251 1551 28 75 is
304 1551 125 75 termed
445 1551 113 75 tunica
561 1551 177 75 fclerotica
754 1551 38 75 or
805 1551 137 75 cornea;
969 1551 55 75 the
1042 1551 120 75 middle

124 1598 73 75 coat
213 1598 26 75 is
256 1598 114 75 named
386 1598 160 75 choroides
558 1598 10 75 ;
594 1598 62 75 and
673 1598 55 75 the
746 1598 88 75 third
849 1598 37 75 or
902 1598 187 75 innermofly
1110 1598 51 75 re-

124 1645 87 75 tina.
259 1645 77 75 The
360 1645 176 75 additional
550 1645 91 75 coats
669 1645 54 75 are
739 1645 85 75 two;
851 1645 61 75 one
936 1645 104 75 called
1055 1645 105 75 tendi-

123 1690 77 75 nofa
216 1690 37 75 or
279 1690 185 75 albuginea,
489 1690 106 75 which
624 1690 99 75 forms
751 1690 55 75 the
832 1690 98 75 white
957 1690 40 75 of
1007 1690 56 75 the
1078 1690 80 75 eye;

125 1737 63 75 and
211 1737 56 75 the
294 1737 106 75 other,
425 1737 208 75 conjunftiva
633 1769 12 49 fi
693 1737 78 75 The
797 1737 141 75 capfular
965 1737 113 75 tunics
1108 1737 54 75 are

125 1785 140 75 likewife
281 1785 79 75 two,
385 1785 56 75 the
457 1785 113 75 vitrea,
596 1785 63 75 and
674 1785 191 75 cryftdlina.

408 1879 67 75 The
491 1879 136 75 Coats
648 1879 43 75 of
704 1879 54 75 the
778 1879 98 75 Eye.

169 1958 87 75 The
275 1958 80 75 mod
366 1958 160 75 external,
551 1958 147 75 thicked,
716 1958 62 75 and
794 1958 151 75 ftrongefl
960 1958 74 75 coat
1045 1958 41 75 of
1103 1958 57 75 the

125 2005 58 75 eye
203 2005 27 75 is
248 2005 56 75 the
328 2005 166 75 fclerotica
517 2005 37 75 or
579 2005 128 75 cornea,
731 2005 65 75 and
818 2005 27 75 it
860 2005 113 75 inveds
991 2005 42 75 all
1050 2005 56 75 the
1122 2005 37 75 o-

122 2050 74 75 ther
212 2050 87 75 parts
316 2050 40 75 of
368 2050 103 75 which
485 2050 55 75 the
556 2050 95 75 globe
662 2050 27 75 is
706 2050 181 75 compofed.
937 2050 33 75 It
984 2050 27 75 is
1028 2050 130 75 divided

121 2097 69 75 into
217 2097 67 75 two
310 2097 162 75 portions,
492 2097 61 75 one
580 2097 103 75 called
711 2097 114 75 cornea
853 2097 108 75 opaca,
987 2097 56 75 the
1065 2097 93 75 other

123 2143 116 75 cornea
254 2143 122 75 lucida,
402 2143 105 75 which
522 2143 28 75 is
567 2143 77 75 only
656 2143 19 75 a
685 2143 89 75 fmall
790 2143 142 75 fegrhent
948 2143 41 75 of
999 2143 19 75 a
1033 2143 124 75 fphere,

123 2189 140 75 fituated
279 2189 187 75 anteriorly.

170 2237 78 75 The
264 2237 116 75 cornea
400 2237 100 75 opaca
514 2237 27 75 is
557 2237 93 75 made
673 2237 43 75 up
744 2237 42 75 of
796 2237 118 75 feveral
930 2237 97 75 drata
1042 2237 115 75 clofely

123 2282 174 75 connected
313 2282 161 75 together,
499 2282 63 75 and
582 2282 96 75 is.of
699 2282 40 75 an
766 2282 81 75 hard
869 2282 143 75 compact
1027 2282 129 75 texture

122 2328 191 75 refembling
327 2328 198 75 parchment.
573 2328 115 75 About
710 2328 55 75 the
787 2328 123 75 middle
935 2328 42 75 of
997 2328 41 75 its
1055 2328 101 75 pode-

123 2375 67 75 rior
206 2375 126 75 convex
348 2375 140 75 portion,
506 2375 107 75 where
625 2375 25 75 it
670 2375 128 75 fudains
825 2375 57 75 the
898 2375 87 75 optic
1000 2375 107 75 nerve,
1132 2375 27 75 it

123 2422 26 75 is
166 2422 33 75 in
222 2422 19 75 a
263 2422 131 75 manner
415 2422 197 75 perforated,
638 2422 63 75 and
723 2422 126 75 thicker
871 2422 78 75 than
972 2422 63 75 any
1049 2422 108 75 where

123 2468 75 75 elfe.

447 2468 8 75 _
523 2468 16 75 ;

170 2515 77 75 The
263 2515 115 75 cornea
392 2515 109 75 lucida
523 2515 26 75 is
578 2515 91 75 made
695 2515 44 75 tip
765 2515 34 75 in
816 2515 55 75 the
894 2515 65 75 like
975 2515 130 75 manner
1121 2515 42 75 of

122 2561 120 75 feveral
259 2561 96 75 drata
371 2561 37 75 or
421 2561 122 75 lamina;
562 2561 116 75 clofely
694 2561 123 75 united,
842 2561 63 75 and
922 2561 130 75 appears
1069 2561 34 75 to
1115 2561 41 75 be

122 2607 21 75 a
158 2607 217 75 continuation
391 2607 41 75 of
442 2607 55 75 tl^e
509 2607 124 75 opaque
645 2607 128 75 portion
784 2607 37 75 or
830 2607 176 75 fclerotica,
1031 2607 125 75 though

120 2654 43 75 of
181 2654 18 75 a
213 2654 152 75 different
380 2654 142 75 texture.

169 2700 85 75 This
271 2700 127 75 portion
414 2700 27 75 is
458 2700 177 75 fomething
662 2700 88 75 more
767 2700 125 75 convex
915 2700 79 75 than
1010 2700 56 75 the
1083 2700 71 75 cor-

122 2747 59 75 nea
197 2747 109 75 opaca,
332 2747 35 75 fo
394 2747 71 75 that
493 2747 24 75 if
541 2747 174 75 reprefents
739 2747 55 75 the
816 2747 139 75 fegment
977 2747 42 75 of
1031 2747 18 75 a
1064 2747 90 75 fmall

122 2793 111 75 fphece
250 2793 104 75 added
370 2793 35 75 to
421 2793 55 75 the
492 2793 140 75 fegment
649 2793 39 75 of
699 2793 19 75 a
734 2793 136 75 greater.

169 2839 77 75 The
261 2839 115 75 cornea
392 2839 106 75 lucida
521 2839 27 75 is
569 2839 183 75 perforated
767 2839 44 75 by
828 2839 18 75 a
862 2839 89 75 great
968 2839 134 75 number
1118 2839 42 75 of

122 2886 238 75 imperceptible
370 2886 104 75 pores,
490 2886 139 75 through
639 2886 104 75 which
756 2886 18 75 a
786 2886 77 75 very
874 2886 61 75 fine
948 2886 76 75 fluid
1037 2886 25 75 is
1076 2886 76 75 con-

122 2930 134 75 tinurdly
272 2930 197 75 difcharged,
495 2930 103 75 which
610 2930 75 75 foon
703 2930 186 75 afterwards
906 2930 198 75 evaporates.

168 2979 77 75 The
261 2979 116 75 fecond
392 2979 72 75 coat
481 2979 40 75 of
542 2979 55 75 the
623 2979 97 75 globe
742 2979 40 75 of
799 2979 56 75 the
877 2979 58 75 eye
952 2979 26 75 is
1001 2979 56 75 the
1073 2979 95 75 cho-^

215 3027 101 75 Vol.
343 3027 29 75 I.
419 3027 72 75 No.
521 3027 54 75 13.

1012 3027 18 75 3

1323 127 38 75 O
1479 127 49 75 M
1642 127 51 75 Y.

2168 127 83 75 *3?

1217 193 121 75 roides,
1356 193 105 75 which
1480 193 26 75 is
1531 193 41 75 of
1583 193 19 75 a
1623 193 139 75 blackidi
1779 193 125 75 colour.,
1927 193 89 75 more
2032 193 38 75 or
2086 193 59 75 lefs
2162 193 91 75 incli-

1212 240 64 75 ned
1291 240 35 75 to
1342 240 70 75 red,
1438 240 64 75 and
1512 240 152 75 Adheres,
1689 240 43 75 by
1748 240 108 75 means
1874 240 41 75 of
1927 240 18 75 a
1961 240 90 75 great
2067 240 134 75 number
2217 240 41 75 of

1210 286 89 75 fmall
1323 286 123 75 veflels,
1473 286 34 75 to
1532 286 55 75 die
1612 286 115 75 cornea
1755 286 112 75 opaca,
1902 286 85 75 from
2020 286 55 75 the
2099 286 152 75 infertion

1212 333 39 75 of
1271 333 55 75 the
1343 333 88 75 optic
1447 333 107 75 nerve,
1573 333 43 75 all
1633 333 56 75 the
1706 333 71 75 way
1794 333 35 75 to
1854 333 56 75 the
1933 333 97 75 union
2048 333 40 75 of
2107 333 55 75 the
2185 333 66 75 two

1212 380 135 75 cornese,
1372 380 107 75 where
1496 380 26 75 it
1539 380 104 75 leaves
1660 380 56 75 the
1734 380 248 75 circumference
2010 380 41 75 cf
2069 380 55 75 the
2140 380 110 75 globe,

1212 427 60 75 and
1289 427 101 75 forms
1407 427 19 75 a
1453 427 183 75 perforated
1658 427 137 75 feptum,
1820 427 45 75 by
1881 427 106 75 which
2004 427 55 75 the
2076 427 88 75 fmall
2183 427 67 75 feg-

1212 473 88 75 ment
1326 473 40 75 of
1384 473 56 75 the
1468 473 94 75 globe
1579 473 26 75 is
1622 473 167 75 feparated
1804 473 85 75 from
1905 473 55 75 the
1977 473 137 75 greater.
2163 473 86 75 This

1211 520 127 75 portion
1354 520 76 75 goes
1448 520 183 75 commonly
1646 520 45 75 by
1715 520 55 75 the
1797 520 173 75 particular
1986 520 91 75 name
2094 520 40 75 of
2150 520 99 75 uvea,

1211 566 105 75 which
1333 566 64 75 was
1415 566 156 75 formerly
1586 566 94 75 given
1697 566 36 75 to
1744 566 56 75 the
1811 566 105 75 whole
1934 566 117 75 fecond
2066 566 94 75 coat;
2187 566 64 75 and

1210 613 33 75 as
1260 613 25 75 it
1301 613 28 75 is
1346 613 41 75 of
1397 613 152 75 different
1561 613 126 75 colours
1704 613 33 75 in
1749 613 120 75 fevefal
1881 613 149 75 fubjefts,
2055 613 26 75 it
2096 613 60 75 has
2168 613 80 75 like-

1209 660 74 75 wife
1299 660 57 75 got
1372 660 56 75 the
1440 660 91 75 name
1548 660 40 75 of
1606 660 75 75 iris.

1255 708 76 75 The
1348 708 139 75 anterior
1503 708 125 75 portion
1647 708 37 75 or
1700 708 185 75 perforated
1900 708 122 75 feptum
2041 708 41 75 of
2098 708 56 75 the
2171 708 77 75 cho-

1211 753 105 75 roides
1332 753 58 75 has
1407 753 56 75 the
1480 753 91 75 name
1583 753 41 75 of
1643 753 94 75 uvea,
1762 753 63 75 and
1841 753 55 75 the
1912 753 76 75 hole
2004 753 76 75 near
2104 753 54 75 the
2174 753 76 75 cen-.

1209 801 50 75 tre
1271 801 41 75 of
1322 801 64 75 this
1401 801 123 75 feptum
1547 801 28 75 is
1603 801 256 75 called/a/zV/ar.
1907 801 78 75 The
2001 801 140 75 anterior
2156 801 10 75 1
2171 801 77 75 amir

1209 846 41 75 na
1266 846 40 75 of
1317 846 56 75 the
1398 846 83 75 fame
1509 846 123 75 feptum
1658 846 27 75 is
1709 846 126 75 termed
1850 846 75 75 iris,
1952 846 63 75 and
2031 846 56 75 the
2104 846 145 75 radiated

1208 893 91 75 plicae
1326 893 41 75 of
1386 893 55 75 the
1473 893 154 75 pofterior
1655 893 129 75 lamina,
1805 893 154 75 procejfus
1987 893 146 75 ciliares.
2182 893 65 75 Be-

1208 940 104 75 tween
1328 940 57 75 the
1401 940 66 75 two
1484 940 122 75 laminae
1624 940 39 75 of
1674 940 56 75 the
1745 940 93 75 uvea,
1857 940 48 75 we
1922 940 67 75 find
2000 940 67 75 two
2083 940 78 75 very
2177 940 70 75 thin

1210 987 107 75 planes
1335 987 41 75 of
1385 987 96 75 fibres
1498 987 106 75 which
1633 987 115 75 appear
1775 987 36 75 to
1827 987 40 75 be
1883 987 108 75 flefliy,
2016 987 57 75 the
2101 987 94 75 fibres
2212 987 41 75 cf

1210 1033 59 75 one
1286 1033 92 75 plane
1402 1033 96 75 being
1522 1033 172 75 orbicular,
1720 1033 63 75 and
1797 1033 90 75 lying
1910 1033 104 75 round
2032 1033 56 75 the
2112 1033 135 75 circum,

1209 1082 128 75 ference
1353 1082 39 75 of
1403 1082 56 75 the
1482 1082 133 75 pupilla,
1641 1082 63 75 and
1720 1082 91 75 diofe
1838 1082 40 75 of
1896 1082 55 75 the
1975 1082 95 75 other
2086 1082 93 75 being
2195 1082 51 75 ra-

1209 1128 121 75 diated,
1354 1128 63 75 one
1433 1128 176 75 extremity
1625 1128 40 75 of
1683 1128 106 75 which
1804 1128 27 75 is
1848 1128 89 75 fixed
1957 1128 36 75 to
2010 1128 55 75 the
2088 1128 160 75 orbicular

1209 1173 104 75 plane,
1338 1173 57 75 the
1411 1173 95 75 other
1522 1173 35 75 to
1581 1173 55 75 the
1652 1173 91 75 great
1760 1173 80 75 edge
1856 1173 41 75 of
1915 1173 63 75 the,
1987 1173 92 75 uvea.

1255 1221 76 75 The
1346 1221 90 75 plice
1461 1221 36 75 or
1513 1221 159 75 proceflus
1699 1221 124 75 ciliarts
1847 1221 53 75 are
1917 1221 89 75 fmall
2023 1221 146 75 radiated
2185 1221 63 75 and

1208 1268 180 75 prominent
1403 1268 215 75 duplicatures
1646 1268 40 75 of
1703 1268 56 75 the
1786 1268 154 75 pofterior
1954 1268 117 75 lamina
2087 1268 40 75 of
2138 1268 55 75 the
2210 1268 36 75 u-

1208 1313 71 75 vea,
1304 1313 63 75 and
1382 1313 85 75 their
1479 1313 247 75 circumference
1738 1313 136 75 anfwers
1886 1313 107 75 partly
2004 1313 36 75 to
2052 1313 72 75 that
2140 1313 40 75 of
2190 1313 56 75 the

1209 1361 100 75 white
1335 1361 71 75 ring
1433 1361 40 75 of
1492 1361 55 75 the
1575 1361 145 75 external
1744 1361 131 75 lamina.
1923 1361 100 75 They
2050 1361 54 75 are
2126 1361 120 75 oblong

1209 1405 70 75 thin
1305 1405 125 75 plates;
1456 1405 85 75 their
1567 1405 153 75 pofterior
1746 1405 212 75 extremities,
1983 1405 38 75 or
2048 1405 90 75 thofe
2166 1405 80 75 next

1209 1452 56 75 the
1292 1452 183 75 choroides,
1499 1452 95 75 being
1608 1452 80 75 very
1713 1452 63 75 fine
1792 1452 63 75 and
1870 1452 152 75 pointed;
2048 1452 59 75 the
2121 1452 123 75 others,

1206 1499 39 75 or
1262 1499 97 75 thofe.
1369 1499 80 75 next
1462 1499 53 75 the
1531 1499 132 75 pupilla,
1687 1499 114 75 broad,
1826 1499 193 75 prominent,
2044 1499 65 75 and
2128 1499 117 75 ending

1208 1545 32 75 in
1256 1545 92 75 acute
1360 1545 122 75 angles.

1254 1594 77 75 The
1347 1594 91 75 fpace
1465 1594 146 75 between
1627 1594 55 75 the
1706 1594 117 75 cornea
1838 1594 107 75 lucida
1971 1594 64 75 and
2060 1594 83 75 uvea
2165 1594 78 75 con-

1208 1640 82 75 tains
1307 1640 56 75 the
1378 1640 136 75 greateft
1529 1640 72 75 part
1616 1640 42 75 of
1675 1640 55 75 the
1748 1640 141 75 aqueous
1901 1640 149 75 humour,
2077 1640 62 75 and
2154 1640 89 75 com-

1209 1687 173 75 municates
1399 1687 43 75 by
1458 1687 192 75 the.pupilla
1660 1687 79 75 with
1757 1687 18 75 a
1791 1687 77 75 very
1879 1687 126 75 narrow
2020 1687 89 75 fpace
2127 1687 118 75 behind

1209 1732 55 75 the
1280 1732 91 75 uvea,
1396 1732 39 75 or
1461 1732 145 75 between
1633 1732 71 75 that
1731 1732 62 75 and
1822 1732 55 75 the
1894 1732 191 75 cryftalline.
2132 1732 111 75 Thefe

1207 1779 66 75 two
1288 1779 107 75 fpaces
1413 1779 79 75 have
1508 1779 80 75 been
1604 1779 123 75 termed
1749 1779 55 75 the
1821 1779 66 75 two
1903 1779 165 75 chambers
2085 1779 40 75 of
2136 1779 56 75 the
2207 1779 35 75 a-

1208 1827 122 75 queous
1349 1827 151 75 humour,
1526 1827 60 75 one
1602 1827 153 75 anterior,
1779 1827 54 75 the
1849 1827 95 75 other
1960 1827 164 75 pofterior.
2148 1827 12 75 '

1252 1874 77 75 The
1342 1874 88 75 third
1442 1874 73 75 coat
1526 1874 40 75 of
1582 1874 56 75 the
1650 1874 59 75 eye
1720 1874 28 75 is
1764 1874 40 75 of
1814 1874 20 75 a
1849 1874 79 75 very
1943 1874 149 75 different
2110 1874 131 75 texture

1207 1920 83 75 from
1302 1920 72 75 that
1390 1920 41 75 of
1441 1920 56 75 the
1516 1920 93 75 other
1625 1920 65 75 two
1707 1920 101 75 coats.
1857 1920 34 75 It
1907 1920 26 75 is
1950 1920 124 75 whited
2085 1920 75 75 foft,
2179 1920 61 75 and

1206 1966 123 75 tender,
1355 1966 63 75 and
1445 1966 32 75 in
1506 1966 18 75 a
1548 1966 130 75 manner
1702 1966 190 75 medullary,
1917 1966 38 75 or
1978 1966 65 75 like
2067 1966 19 75 a
2110 1966 79 75 kind
2205 1966 41 75 of

1206 2013 83 75 pafte
1304 2013 111 75 fpread
1432 2013 84 75 upon
1533 2013 19 75 a
1579 2013 61 75 fine
1657 2013 148 75 reticular
1821 2013 83 75 web.
1953 2013 33 75 It
2002 2013 130 75 appears
2150 2013 34 75 to
2201 2013 40 75 bq

1207 2060 125 75 thicker
1347 2060 79 75 than
1440 2060 8 75 -
1455 2060 55 75 the
1538 2060 182 75 choroides,
1746 2060 63 75 and
1824 2060 128 75 reaches
1969 2060 83 75 from
2071 2060 55 75 the
2142 2060 96 75 infer-

1205 2108 67 75 tion
1295 2108 40 75 of
1355 2108 55 75 the
1427 2108 86 75 optic
1529 2108 108 75 nerve,
1662 2108 35 75 to
1722 2108 55 75 the
1792 2108 198 75 extremities
2005 2108 41 75 of
2057 2108 55 75 the
2128 2108 112 75 ciliary

1205 2152 93 75 radii,
1323 2152 95 75 being
1433 2152 131 75 equally
1589 2152 88 75 fixed
1704 2152 35 75 to
1766 2152 56 75 the
1847 2152 168 75 choroides
2031 2152 141 75 through
2196 2152 41 75 its

1205 2199 104 75 whole
1325 2199 125 75 extent.
1499 2199 49 75 At
1564 2199 55 75 the
1634 2199 90 75 place
1740 2199 105 75 which
1862 2199 135 75 anfwers
2012 2199 36 75 to
2065 2199 55 75 the
2139 2199 98 75 infer-

1204 2246 67 75 tion
1288 2246 41 75 of
1346 2246 56 75 the
1419 2246 88 75 optic
1534 2246 107 75 nerve,
1663 2246 53 75 we
1742 2246 131 75 obferve
1900 2246 19 75 a
1945 2246 88 75 fmall
2050 2246 185 75 depreflion,

1204 2293 32 75 in
1253 2293 105 75 which
1374 2293 57 75 lies
1453 2293 19 75 a
1487 2293 65 75 fort
1569 2293 41 75 of
1627 2293 178 75 medullary
1819 2293 115 75 button
1950 2293 203 75 terminating
2168 2293 32 75 in
2217 2293 21 75 a

1204 2339 112 75 point;
1348 2339 62 75 and
1437 2339 85 75 from
1549 2339 64 75 this
1640 2339 170 75 depreflion
1837 2339 225 75 blood-veflels
2094 2339 42 75 go
2164 2339 70 75 out,

1204 2386 105 75 which
1337 2386 54 75 are
1408 2386 142 75 ramified
1573 2386 42 75 on
1632 2386 42 75 all
1690 2386 78 75 fides
1786 2386 138 75 through
1940 2386 56 75 the
2023 2386 160 75 fubftancc
2198 2386 41 75 of

1204 2433 56 75 the
1275 2433 114 75 retina.

1252 2526 66 75 The
1333 2526 196 75 Humours
1550 2526 44 75 of
1608 2526 52 75 the
1684 2526 82 75 Eye
1784 2526 71 75 arid
1870 2526 86 75 their
1980 2526 204 75 Cafsula;.

1250 2604 77 75 The
1342 2604 141 75 vitreous
1499 2604 135 75 humour
1652 2604 26 75 is
1695 2604 18 75 a
1740 2604 85 75 clear
1847 2604 60 75 and
1929 2604 81 75 very
2025 2604 103 75 liquid
2143 2604 86 75 gela-

1202 2651 105 75 tinous
1320 2651 88 75 fluid,
1427 2651 169 75 contained
1607 2651 31 75 in
1652 2651 18 75 a
1681 2651 61 75 fine
1753 2651 196 75 tranfparsnt
1966 2651 135 75 capfula,
2126 2651 105 75 called

1202 2697 114 75 tunica
1327 2697 121 75 vitrea,
1467 2697 147 75 together
1621 2697 80 75 with
1718 2697 104 75 which
1835 2697 26 75 it
1877 2697 99 75 forms
1994 2697 18 75 a
2028 2697 79 75 mate
2120 2697 111 75 nearly

1203 2743 39 75 of
1245 2743 54 75 the
1309 2743 185 75 confiftence
1504 2743 41 75 of
1553 2743 54 75 the
1616 2743 96 75 white
1721 2743 40 75 of
1766 2743 39 75 an
1822 2743 73 75 egg.
1931 2743 32 75 It
1980 2743 61 75 fills
2054 2743 56 75 the
2122 2743 106 75 greats

1201 2791 44 75 eft
1256 2791 71 75 part
1338 2791 40 75 of
1396 2791 56 75 the
1468 2791 94 75 globe
1578 2791 41 75 of
1636 2791 55 75 the
1706 2791 71 75 eye,
1802 2791 71 75 that
1899 2791 40 75 is,
1964 2791 109 75 almoft
2098 2791 43 75 all
2157 2791 79 75 that,

1199 2837 91 75 fpace
1301 2837 106 75 which
1422 2837 132 75 anfwers
1571 2837 34 75 to
1622 2837 55 75 the
1693 2837 112 75 extent
1820 2837 41 75 of
1867 2837 55 75 the
1938 2837 114 75 retina,
2077 2837 115 75 except
2210 2837 19 75 a

1199 2884 88 75 fmall
1299 2884 126 75 portion
1436 2884 119 75 behind
1567 2884 55 75 the
1633 2884 92 75 tivea,
1737 2884 108 75 where
1856 2884 27 75 it
1895 2884 99 75 forms
2008 2884 19 75 a
2045 2884 125 75 fpflula,
2195 2884 32 75 in

1199 2930 105 75 which
1321 2930 54 75 the
1391 2930 177 75 cryftalline
1584 2930 25 75 is
1627 2930 130 75 lodged.

1243 2979 77 75 The
1334 2979 108 75 tunica
1455 2979 150 75 vitrea^is
1628 2979 170 75 compofed
1813 2979 179 75 exteriorly
2001 2979 41 75 pf
2055 2979 65 75 twp
2136 2979 91 75 lami-

1624 3025 21 75 4
1668 3025 36 75 D

2182 3025 46 75 nx
