2493 3387
708 165 498 75 ASTRO

161 230 86 75 from
271 230 47 75 it;
345 230 63 75 and
429 230 163 75 whatever
614 230 90 75 place
731 230 42 75 he
798 230 100 75 pafles
922 230 168 75 vertically
1113 230 78 75 over

163 276 94 75 when
280 276 32 75 in
330 276 56 75 the
408 276 149 75 equator,
581 276 61 75 one
658 276 90 75 day’s
773 276 179 75 revolution
975 276 67 75 will
1064 276 129 75 remove

163 323 66 75 him
249 323 68 75 36^
332 323 132 75 degrees
491 323 85 75 from
592 323 39 75 it.
682 323 46 75 So
742 323 71 75 that
830 323 55 75 the
908 323 56 75 fun
987 323 138 75 changes
1142 323 51 75 his

163 368 193 75 declination
378 368 98 75 every
490 368 64 75 day
577 368 33 75 in
625 368 112 75 Venus
762 368 99 75 about
887 368 38 75 14
948 368 132 75 degrees
1104 368 89 75 more

162 415 34 75 at
219 415 19 75 a
260 415 92 75 mean
367 415 81 75 rate,
474 415 77 75 than
567 415 42 75 he
625 415 77 75 does
724 415 33 75 in
775 415 19 75 a
809 415 132 75 quarter
956 415 40 75 of
1016 415 18 75 a
1050 415 75 75 year
1147 415 43 75 on

161 461 61 75 our
237 461 104 75 earth.
389 461 85 75 This
495 461 132 75 appears
649 461 36 75 to
709 461 41 75 be
772 461 246 75 providentially
1039 461 151 75 ordered,

160 508 53 75 for
242 508 187 75 preventing
452 508 56 75 the
532 508 57 75 too
613 508 92 75 great
728 508 106 75 efFe&s
858 508 41 75 of
916 508 54 75 the
994 508 84 75 fun’s
1100 508 89 75 heat,

164 555 121 75 (which
306 555 28 75 is
349 555 96 75 twice
467 555 34 75 as
517 555 91 75 great
624 555 42 75 on
682 555 111 75 Venus
816 555 34 75 as
874 555 41 75 on
932 555 55 75 the
1009 555 122 75 earth),
1155 555 34 75 fo

161 602 71 75 that
247 602 42 75 he
305 602 116 75 cannot
437 602 84 75 fnine
537 602 274 75 perpendicularly
834 602 42 75 on
898 602 53 75 the
974 602 84 75 fame
1082 602 105 75 places

161 648 51 75 for
229 648 65 75 two
311 648 79 75 days
411 648 174 75 together;
611 648 64 75 and
698 648 44 75 by
766 648 71 75 that
861 648 107 75 means
993 648 54 75 the
1070 648 118 75 heated

163 694 106 75 places
281 694 80 75 have
375 694 78 75 time
469 694 36 75 to
520 694 85 75 cool.

208 741 35 75 If
263 741 56 75 the
334 741 194 75 inhabitants
545 741 97 75 about
658 741 56 75 the
738 741 94 75 north
857 741 73 75 pole
953 741 40 75 of
1011 741 112 75 Venus
1140 741 47 75 fix

164 787 85 75 their
264 787 94 75 fouth
374 787 38 75 or
427 787 152 75 meridian
595 787 65 75 line
675 787 140 75 through
827 787 71 75 that
909 787 71 75 part
992 787 39 75 of
1042 787 56 75 the
1110 787 76 75 hea-

160 834 77 75 vens
253 834 107 75 where
376 834 55 75 the
445 834 56 75 fun
519 834 105 75 comes
640 834 36 75 to
687 834 50 75 his
752 834 135 75 greateft
898 834 122 75 height,
1038 834 38 75 or
1087 834 98 75 north

158 880 208 75 declination,
390 880 62 75 and
476 880 61 75 call
561 880 90 75 thofe
674 880 56 75 the
753 880 63 75 eaft
839 880 62 75 and
925 880 75 75 weft
1022 880 107 75 points
1151 880 40 75 of

160 927 84 75 their
259 927 149 75 horizon,
433 927 105 75 which
557 927 52 75 are
633 927 46 75 90
703 927 132 75 degrees
860 927 41 75 on
925 927 79 75 each
1021 927 65 75 fide
1100 927 86 75 from

159 973 71 75 that
247 973 89 75 point
352 973 107 75 where
475 973 54 75 the
545 973 138 75 horizon
698 973 27 75 is
742 973 54 75 cut
813 973 43 75 by
872 973 55 75 the
943 973 153 75 meridian
1108 973 77 75 line,

157 1020 88 75 thefe
272 1020 195 75 inhabitants
494 1020 66 75 will
587 1020 83 75 have
701 1020 56 75 the
789 1020 167 75 following
987 1020 199 75 remarkable

159 1066 120 75 things.

203 1113 77 75 The
296 1113 57 75 fun
368 1113 68 75 will
452 1113 60 75 rife
529 1113 69 75 22^
619 1113 132 75 degrees
766 1113 97 75 north
879 1113 40 75 of
938 1113 56 75 the
1010 1113 82 75 eaft;
1122 1113 64 75 and

157 1158 97 75 going
270 1158 42 75 on
334 1158 90 75 na-j-
438 1158 146 75 degrees,
608 1158 34 75 as
658 1158 162 75 meafured
836 1158 41 75 on
893 1158 55 75 the
965 1158 92 75 plane
1073 1158 40 75 of
1130 1158 56 75 the

157 1204 149 75 horizon,
342 1204 41 75 he
407 1204 66 75 will
497 1204 85 75 crofs
607 1204 56 75 the
687 1204 152 75 meridian
865 1204 34 75 at
921 1204 40 75 an
989 1204 137 75 altitude
1150 1204 41 75 of

162 1252 53 75 12-|
215 1252 12 75 -
242 1252 132 75 degrees
391 1252 10 75 ;
424 1252 76 75 then
516 1252 128 75 making
666 1252 40 75 an
723 1252 101 75 entire
847 1252 181 75 revolution
1047 1252 138 75 without

156 1297 128 75 fetting,
309 1297 41 75 he
367 1297 66 75 will
449 1297 84 75 crofs
550 1297 26 75 it
599 1297 90 75 again
707 1297 33 75 at
763 1297 37 75 an
825 1297 135 75 altitude
982 1297 40 75 of
1041 1297 71 75 484
1127 1297 56 75 de-

157 1344 91 75 grees
261 1344 10 75 ;
298 1344 32 75 at
347 1344 55 75 the
418 1344 79 75 next
513 1344 179 75 revolution
708 1344 42 75 he
766 1344 66 75 will
856 1344 85 75 crofs
957 1344 56 75 the
1028 1344 156 75 meridian

156 1390 38 75 as'
207 1390 40 75 he
259 1390 106 75 comes
381 1390 35 75 to
432 1390 50 75 his
494 1390 135 75 greateft
644 1390 112 75 height
771 1390 63 75 and
849 1390 207 75 declination,
1079 1390 33 75 at
1128 1390 56 75 the

157 1435 134 75 altitude
303 1435 40 75 of
363 1435 40 75 75
417 1435 153 75 degrees;
597 1435 95 75 being
708 1435 75 75 then
795 1435 78 75 only
894 1435 38 75 15
951 1435 130 75 degrees
1098 1435 85 75 from

158 1481 56 75 the
228 1481 125 75 zenith,
378 1481 38 75 or
432 1481 70 75 that
518 1481 90 75 point
619 1481 40 75 of
670 1481 54 75 the
735 1481 137 75 heavens
884 1481 107 75 which
1007 1481 26 75 is
1050 1481 135 75 direttly

159 1526 76 75 over
247 1526 103 75 head;
378 1526 63 75 and
456 1526 114 75 thence
588 1526 41 75 he
649 1526 67 75 will
732 1526 135 75 defeend
883 1526 31 75 in
932 1526 54 75 the
1008 1526 65 75 like
1089 1526 94 75 fpiral

159 1573 141 75 manner,
325 1573 132 75 crofling
471 1573 56 75 the
543 1573 153 75 meridian
713 1573 64 75 firft
790 1573 31 75 at
840 1573 54 75 the
909 1573 135 75 altitude
1055 1573 41 75 of
1115 1573 69 75 484

158 1620 154 75 degrees;
339 1620 79 75 next
434 1620 33 75 at
483 1620 55 75 the
555 1620 134 75 altitude
706 1620 41 75 of
770 1620 66 75 ist
858 1620 152 75 degrees;
1037 1620 63 75 and
1125 1620 58 75 go-

156 1667 55 75 ing
223 1667 42 75 on
276 1667 114 75 thence
404 1667 87 75 1124
506 1667 144 75 degrees,
668 1667 41 75 he
721 1667 65 75 will
803 1667 46 75 let
861 1667 69 75 22^
941 1667 132 75 degrees
1086 1667 97 75 north

157 1712 41 75 of
216 1712 56 75 the
289 1712 95 75 weft;
411 1712 34 75 fo
468 1712 83 75 that,
577 1712 84 75 after
684 1712 118 75 having
825 1712 81 75 been
923 1712 47 75 4^
985 1712 195 75 revolutions

157 1761 102 75 above
274 1761 56 75 the
345 1761 150 75 horizon,
519 1761 42 75 he
576 1761 151 75 defeends
750 1761 104 75 below
868 1761 29 75 it
919 1761 35 75 to
979 1761 126 75 exhibit
1128 1761 56 75 the

157 1806 65 75 like
234 1806 209 75 appearances
460 1806 33 75 at
509 1806 55 75 the
580 1806 92 75 fouth
685 1806 85 75 pole.

205 1852 47 75 At
268 1852 76 75 each
362 1852 83 75 pole,
467 1852 58 75 the
548 1852 55 75 fun
627 1852 165 75 continues
815 1852 74 75 half
907 1852 18 75 a
946 1852 77 75 year
1045 1852 137 75 without

157 1898 115 75 fetting
287 1898 33 75 in
336 1898 147 75 fummer,
509 1898 62 75 and
590 1898 33 75 as
643 1898 77 75 long
737 1898 136 75 without
889 1898 93 75 rifing
993 1898 32 75 in
1042 1898 135 75 winter;

156 1945 227 75 confequently
398 1945 55 75 the
475 1945 90 75 polar
588 1945 193 75 inhabitants
806 1945 41 75 of
865 1945 110 75 Venus
999 1945 80 75 have
1103 1945 78 75 only

155 1991 61 75 one
237 1991 69 75 day
317 1991 61 75 and
395 1991 60 75 one
473 1991 89 75 night
579 1991 34 75 in
635 1991 55 75 the
705 1991 90 75 year,
820 1991 33 75 as
869 1991 28 75 it
919 1991 26 75 is
963 1991 33 75 at
1011 1991 55 75 the
1090 1991 88 75 poles

154 2038 42 75 of
215 2038 59 75 our
289 2038 103 75 earth.
442 2038 66 75 But
525 2038 55 75 the
602 2038 172 75 difference
798 2038 142 75 between
966 2038 56 75 the
1046 2038 75 75 heat
1143 2038 42 75 of

156 2083 135 75 fummer
313 2083 63 75 and
399 2083 74 75 cold
496 2083 41 75 of
560 2083 126 75 winter,
719 2083 37 75 or
780 2083 40 75 of
838 2083 149 75 mid-day
1008 2083 63 75 and
1096 2083 81 75 mid-

156 2128 104 75 night,
284 2128 42 75 on
345 2128 125 75 Venus,
495 2128 26 75 is
549 2128 95 75 much
668 2128 126 75 greater
815 2128 79 75 than
918 2128 43 75 on
984 2128 55 75 the
1060 2128 115 75 earth;

156 2175 132 75 becaufe
301 2175 33 75 in
350 2175 124 75 Venus,
499 2175 34 75 as
549 2175 55 75 the
619 2175 56 75 fun
693 2175 26 75 is
735 2175 52 75 for
805 2175 73 75 half
897 2175 19 75 a
931 2175 76 75 year
1028 2175 152 75 together

154 2221 103 75 above
278 2221 56 75 the
351 2221 133 75 horizon
497 2221 40 75 of
555 2221 78 75 each
650 2221 72 75 pole
739 2221 32 75 in
787 2221 41 75 its
839 2221 88 75 turn,
951 2221 86 75 fohe
1053 2221 26 75 is
1097 2221 82 75 fora

155 2267 212 75 confiderable
383 2267 70 75 part
468 2267 41 75 of
528 2267 69 75 that
613 2267 78 75 time
713 2267 75 75 near
812 2267 55 75 the
883 2267 129 75 zenith;
1039 2267 62 75 and
1117 2267 58 75 du-

154 2314 71 75 ring
241 2314 55 75 the
312 2314 94 75 other
422 2314 74 75 half
514 2314 41 75 of
572 2314 55 75 the
643 2314 77 75 year
742 2314 120 75 always
885 2314 104 75 below
1011 2314 56 75 the
1089 2314 87 75 hori-

152 2360 77 75 zon,
255 2360 63 75 and
333 2360 52 75 for
398 2360 20 75 a
433 2360 91 75 great
535 2360 70 75 part
622 2360 42 75 of
673 2360 72 75 that
760 2360 77 75 time
852 2360 35 75 at
901 2360 76 75 leaft
992 2360 41 75 70
1045 2360 132 75 degrees

151 2407 88 75 from
257 2407 37 75 it.
343 2407 172 75 Whereas,
540 2407 32 75 at
590 2407 55 75 the
661 2407 90 75 poles
767 2407 40 75 of
818 2407 59 75 our
893 2407 102 75 earth,
1021 2407 155 75 although

154 2453 56 75 the
226 2453 56 75 fun
306 2453 27 75 is
357 2453 52 75 for
432 2453 76 75 half
524 2453 20 75 a
566 2453 77 75 year
665 2453 150 75 together
838 2453 100 75 above
954 2453 55 75 the
1025 2453 150 75 horizon,

155 2498 54 75 yet
235 2498 41 75 he
303 2498 95 75 never
424 2498 128 75 afeends
581 2498 112 75 above,
733 2498 59 75 nor
820 2498 151 75 defeends
1003 2498 105 75 below
1135 2498 39 75 it,

155 2546 88 75 more
268 2546 77 75 than
371 2546 68 75 234
462 2546 144 75 degrees.
660 2546 111 75 When
794 2546 54 75 the
872 2546 55 75 fun
951 2546 27 75 is
1001 2546 32 75 in
1061 2546 56 75 the
1141 2546 34 75 e-

154 2592 202 75 equinodtial,
381 2592 36 75 or
434 2592 32 75 in
492 2592 69 75 that
578 2592 94 75 circle
688 2592 104 75 which
809 2592 122 75 divides
948 2592 55 75 the
1023 2592 152 75 northern

154 2638 73 75 half
244 2638 41 75 of
302 2638 55 75 the
373 2638 136 75 heavens
526 2638 82 75 from
629 2638 55 75 the
707 2638 162 75 fouthern,
893 2638 41 75 he
958 2638 28 75 is
1007 2638 72 75 feen
1096 2638 78 75 with

153 2685 61 75 one
241 2685 75 75 half
338 2685 40 75 of
404 2685 50 75 his
479 2685 67 75 dilk
569 2685 100 75 above
693 2685 55 75 the
770 2685 137 75 horizon
930 2685 39 75 of
995 2685 55 75 the
1078 2685 96 75 north

153 2731 86 75 pole,
279 2731 64 75 and
369 2731 55 75 the
451 2731 95 75 other
571 2731 72 75 half
673 2731 100 75 above
803 2731 56 75 the
889 2731 137 75 horizon
1054 2731 40 75 of
1119 2731 56 75 the

151 2778 94 75 fouth
269 2778 93 75 pole;
403 2778 34 75 fo
460 2778 72 75 that
554 2778 49 75 his
631 2778 107 75 centre
768 2778 26 75 is
825 2778 32 75 in
886 2778 56 75 the
970 2778 136 75 horizon
1138 2778 41 75 of

153 2824 78 75 both
248 2824 110 75 poles:
386 2824 61 75 and
470 2824 77 75 then
564 2824 188 75 defeending
774 2824 104 75 below
901 2824 55 75 the
979 2824 137 75 horizon
1139 2824 41 75 of

154 2870 72 75 one,
266 2870 42 75 he
335 2870 128 75 afeends
491 2870 166 75 gradually
684 2870 101 75 above
812 2870 70 75 that
914 2870 41 75 of
980 2870 56 75 the
1066 2870 106 75 other.

153 2916 126 75 Hence,
301 2916 39 75 in
352 2916 18 75 a
385 2916 88 75 year,
497 2916 78 75 each
592 2916 74 75 pole
679 2916 58 75 has
754 2916 61 75 one
825 2916 118 75 fpring,
959 2916 61 75 one
1035 2916 137 75 harveft,

154 2963 18 75 a
188 2963 135 75 fummer
346 2963 34 75 as
395 2963 76 75 long
488 2963 33 75 as
538 2963 85 75 them
641 2963 91 75 both,
758 2963 62 75 and
843 2963 19 75 a
886 2963 114 75 winter
1023 2963 94 75 equal
1139 2963 33 75 in

152 3009 110 75 length
279 3009 34 75 to
329 3009 55 75 the
401 3009 93 75 other
511 3009 90 75 three
617 3009 134 75 feafons.

200 3057 97 75 Vol.
321 3057 32 75 I.
399 3057 73 75 No.
500 3057 55 75 19.

1286 145 43 49 N
1408 163 40 75 O
1526 145 51 49 M

2184 163 87 75 437

1288 225 47 75 At
1351 225 55 75 the
1422 225 91 75 polar
1535 225 112 75 circles
1670 225 42 75 of
1729 225 125 75 Venus,
1879 225 55 75 the
1958 225 124 75 fealbns
2104 225 54 75 are
2174 225 97 75 much

1243 273 55 75 the
1315 273 83 75 fame
1411 273 33 75 as
1457 273 31 75 at
1501 273 56 75 the
1573 273 148 75 equator,
1738 273 132 75 becaufe
1887 273 91 75 there
1993 273 54 75 are
2065 273 76 75 only
2162 273 38 75 15
2214 273 57 75 de-

1240 319 90 75 grees
1341 319 143 75 betwixt
1506 319 110 75 them;
1643 319 76 75 only
1736 319 56 75 the
1808 319 129 75 winters
1962 319 53 75 are
2037 319 59 75 not
2121 319 89 75 quite
2234 319 36 75 fo

1239 365 89 75 long,
1353 365 60 75 nor
1436 365 56 75 the
1515 365 153 75 fummers
1695 365 34 75 fo
1752 365 107 75 ftiort;
1883 365 61 75 but
1967 365 57 75 the
2047 365 75 75 four
2145 365 123 75 feafons

1241 412 89 75 come
1346 412 93 75 twice
1456 412 102 75 round
1574 412 97 75 every
1686 412 89 75 year.

1287 459 49 75 At
1351 459 142 75 Venus’s
1509 459 133 75 tropics,
1659 459 56 75 the
1730 459 58 75 fun
1804 459 165 75 continues
1981 459 50 75 for
2044 459 99 75 about
2158 459 110 75 fifteen

1240 505 40 75 of
1297 505 61 75 our
1373 505 105 75 weeks
1500 505 148 75 together
1672 505 139 75 without
1834 505 117 75 fetting
1974 505 32 75 in
2031 505 149 75 fummer,
2205 505 61 75 and

1238 551 35 75 as
1285 551 76 75 long
1377 551 139 75 without
1530 551 95 75 rifing
1640 551 32 75 in
1689 551 128 75 winter.
1856 551 123 75 Whilft
1990 551 42 75 he
2048 551 27 75 is
2088 551 88 75 more
2189 551 78 75 than

1243 598 38 75 ly
1299 598 133 75 degrees
1448 598 86 75 from
1550 598 55 75 the
1617 598 150 75 equator,
1792 598 41 75 he
1850 598 124 75 neither
1991 598 76 75 rifes
2088 598 35 75 to
2146 598 55 75 the
2217 598 50 75 in-

1237 645 160 75 habitants
1415 645 40 75 of
1472 645 55 75 the
1544 645 60 75 one
1620 645 116 75 tropic,
1760 645 60 75 nor
1835 645 62 75 fets
1914 645 36 75 to
1974 645 90 75 thofe
2088 645 41 75 of
2149 645 55 75 the
2228 645 36 75 o-

1237 690 95 75 ther;
1364 690 155 75 whereas,
1550 690 34 75 at
1606 690 59 75 our
1689 690 170 75 terreftrial
1883 690 133 75 tropics,
2039 690 43 75 he
2105 690 76 75 rifes
2204 690 62 75 and

1237 737 61 75 fets
1315 737 97 75 every
1427 737 64 75 day
1507 737 40 75 of
1565 737 56 75 the
1638 737 88 75 year.

1284 783 48 75 At
1348 783 141 75 Venus’s
1504 783 132 75 tropics,
1661 783 54 75 the
1728 783 122 75 feafons
1867 783 54 75 are
1945 783 94 75 much
2058 783 54 75 the
2131 783 88 75 fame,
2231 783 33 75 as

1236 830 31 75 at
1284 830 57 75 her
1358 830 109 75 poles;
1494 830 77 75 only
1587 830 55 75 the
1658 830 151 75 fummers
1834 830 53 75 are
1912 830 18 75 a
1952 830 85 75 little
2051 830 126 75 longer,
2201 830 65 75 and

1236 877 55 75 the
1308 877 129 75 winters
1450 877 19 75 a
1485 877 84 75 little
1585 877 135 75 ftiorter.

1272 922 59 75 'At
1354 922 58 75 her
1428 922 148 75 equator,
1602 922 55 75 the
1681 922 79 75 days
1788 922 63 75 and
1874 922 106 75 nights
2007 922 54 75 are
2086 922 119 75 always
2228 922 40 75 of

1234 970 55 75 the
1301 970 83 75 fame
1400 970 125 75 length,
1542 970 64 75 and
1620 970 55 75 yet
1691 970 56 75 the
1762 970 126 75 diurnal
1903 970 62 75 and
1977 970 161 75 nodhirnal
2151 970 115 75 arches

1235 1016 54 75 are
1305 1016 78 75 very
1404 1016 163 75 different,
1587 1016 169 75 efpecially
1780 1016 92 75 when
1890 1016 55 75 the
1968 1016 84 75 fun’s
2069 1016 195 75 declination

1235 1062 25 75 is
1279 1062 96 75 about
1391 1062 57 75 the
1463 1062 157 75 greateft;
1647 1062 53 75 for
1715 1062 77 75 then
1807 1062 50 75 his
1875 1062 152 75 meridian
2041 1062 134 75 altitude
2191 1062 75 75 may

1235 1110 178 75 fometimes
1432 1110 37 75 be
1491 1110 94 75 twice
1602 1110 33 75 as
1660 1110 90 75 great
1773 1110 33 75 as
1829 1110 50 75 his
1903 1110 160 75 midnight
2078 1110 183 75 deprefliop,

1235 1155 62 75 and
1313 1155 33 75 at
1362 1155 93 75 other
1471 1155 93 75 times
1582 1155 54 75 the
1653 1155 134 75 reverfe.
1837 1155 112 75 When
1972 1155 56 75 the
2043 1155 57 75 fun
2115 1155 26 75 is
2164 1155 31 75 at
2212 1155 50 75 his

1234 1202 133 75 greateft
1383 1202 207 75 declination,
1615 1202 103 75 either
1734 1202 96 75 north
1847 1202 38 75 or
1907 1202 107 75 fouth,
2039 1202 49 75 his
2112 1202 72 75 rays
2209 1202 53 75 are

1234 1248 33 75 as
1284 1248 129 75 oblique
1431 1248 33 75 at
1476 1248 138 75 Venus’s
1631 1248 148 75 equator,
1805 1248 33 75 as
1854 1248 79 75 they
1949 1248 53 75 are
2015 1248 33 75 at
2065 1248 138 75 London
2220 1248 43 75 on

1234 1295 55 75 the
1312 1295 131 75 fhorteft
1459 1295 63 75 day
1538 1295 40 75 of
1597 1295 126 75 winter.
1771 1295 197 75 Therefore,
1993 1295 32 75 at
2046 1295 59 75 her
2126 1295 138 75 equator

1234 1342 89 75 there
1340 1342 53 75 are
1417 1342 66 75 two
1508 1342 142 75 winters,
1676 1342 65 75 two
1764 1342 165 75 fummers,
1954 1342 66 75 two
2043 1342 133 75 fprings,
2200 1342 63 75 and

1234 1389 65 75 two
1316 1389 148 75 autumns
1480 1389 97 75 every
1592 1389 89 75 year.
1729 1389 67 75 But
1812 1389 130 75 becaufe
1959 1389 55 75 the
2039 1389 55 75 fun
2111 1389 81 75 ftays
2209 1389 54 75 for

1234 1435 83 75 fome
1333 1435 78 75 time
1427 1435 76 75 near
1523 1435 54 75 the
1602 1435 132 75 tropics,
1759 1435 63 75 and
1846 1435 96 75 paffes
1966 1435 35 75 fo
2028 1435 134 75 quickly
2184 1435 78 75 over

1235 1481 53 75 the
1311 1481 148 75 equator,
1484 1481 98 75 every
1605 1481 113 75 winter
1734 1481 91 75 there
1849 1481 64 75 will
1936 1481 39 75 be
1992 1481 109 75 almoft
2118 1481 93 75 twice
2227 1481 34 75 as

1236 1526 76 75 long
1328 1526 34 75 as
1379 1526 156 75 fummer;
1562 1526 55 75 the
1633 1526 74 75 four
1718 1526 122 75 feafons
1853 1526 164 75 returning
2034 1526 92 75 twice
2142 1526 32 75 in
2192 1526 71 75 that

1236 1574 89 75 time,
1351 1574 104 75 which
1473 1574 123 75 confifts
1613 1574 76 75 only
1705 1574 41 75 of
1765 1574 46 75 94
1826 1574 92 75 days.

1279 1621 111 75 Thofe
1405 1621 88 75 parts
1510 1621 39 75 of
1560 1621 112 75 Venus
1690 1621 104 75 which
1807 1621 41 75 lie
1865 1621 144 75 between
2021 1621 56 75 the
2093 1621 89 75 poles
2199 1621 63 75 and

1232 1666 134 75 tropics,
1389 1666 63 75 and
1470 1666 141 75 between
1629 1666 55 75 the
1707 1666 121 75 tropics
1850 1666 63 75 and
1935 1666 90 75 polar
2048 1666 125 75 circles,
2196 1666 84 75 and'

1231 1713 65 75 alfo
1312 1713 144 75 between
1474 1713 55 75 the
1545 1713 91 75 polar
1653 1713 112 75 circles
1781 1713 63 75 and
1856 1713 149 75 equator,
2023 1713 133 75 partake
2173 1713 89 75 more

1232 1758 37 75 or
1293 1758 60 75 lefs
1378 1758 39 75 of
1436 1758 55 75 the
1520 1758 197 75 phenomena
1738 1758 41 75 of
1797 1758 87 75 thefe
1909 1758 111 75 circles
2045 1758 34 75 as
2101 1758 78 75 they
2206 1758 54 75 are

1231 1805 88 75 more
1336 1805 37 75 or
1389 1805 59 75 lefs
1466 1805 115 75 diftant
1597 1805 81 75 from
1697 1805 102 75 them.

1279 1853 97 75 From
1388 1853 56 75 the
1461 1853 97 75 quick
1575 1853 120 75 change
1707 1853 40 75 of
1758 1853 56 75 the
1829 1853 84 75 fun’s
1930 1853 193 75 deefirjation
2137 1853 26 75 it
2178 1853 81 75 hap-

1230 1898 90 75 pens,
1345 1898 72 75 that
1432 1898 31 75 if
1480 1898 42 75 he
1539 1898 75 75 rifes
1630 1898 63 75 due
1710 1898 63 75 eaft
1797 1898 41 75 on
1863 1898 62 75 any
1948 1898 63 75 day
2011 1930 19 49 r
2049 1898 41 75 he
2111 1898 66 75 will
2201 1898 58 75 not

1229 1944 46 75 fet
1292 1944 62 75 due
1377 1944 75 75 weft
1468 1944 40 75 on
1525 1944 70 75 that
1617 1944 75 75 day,
1718 1944 33 75 as
1777 1944 78 75 with
1879 1944 59 75 us;
1965 1944 52 75 for
2040 1944 31 75 if
2089 1944 56 75 the
2168 1944 90 75 place

1230 1992 106 75 where
1352 1992 41 75 he
1409 1992 76 75 rifes
1502 1992 63 75 due
1581 1992 62 75 eaft
1655 1992 38 75 be
1710 1992 42 75 on
1769 1992 55 75 the
1840 1992 148 75 equator,
2011 1992 42 75 he
2071 1992 64 75 will
2152 1992 47 75 fet
2215 1992 44 75 on

1229 2038 71 75 that
1324 2038 63 75 day
1411 2038 110 75 almoft
1544 2038 290 75 weft-north-weft,
1860 2038 38 75 or
1920 2038 98 75 about
2038 2038 224 75 184-degrees,

1228 2084 94 75 north
1339 2084 41 75 of
1398 2084 55 75 the
1475 2084 86 75 weft.
1612 2084 67 75 But
1702 2084 32 75 if
1751 2084 55 75 the
1830 2084 90 75 place
1944 2084 39 75 be
2005 2084 31 75 in
2055 2084 42 75 45
2122 2084 134 75 degrees

1228 2129 95 75 north
1346 2129 147 75 latitude,
1519 2129 75 75 then
1612 2129 41 75 on
1670 2129 55 75 the
1749 2129 63 75 day
1835 2129 70 75 that
1931 2129 57 75 the
2010 2129 57 75 fun
2092 2129 75 75 rifes
2193 2129 64 75 due

1229 2176 62 75 eaft
1307 2176 41 75 he
1365 2176 65 75 will
1448 2176 46 75 fet
1510 2176 188 75 north-weft
1719 2176 45 75 by
1783 2176 86 75 weft,
1894 2176 38 75 or
1950 2176 40 75 33
2009 2176 133 75 degrees
2159 2176 95 75 north

1229 2222 39 75 of
1287 2222 54 75 the
1357 2222 87 75 weft,
1469 2222 63 75 and
1553 2222 34 75 in
1604 2222 43 75 62
1674 2222 132 75 degrees
1832 2222 97 75 north
1945 2222 147 75 latitude.
2141 2222 114 75 When

1228 2269 40 75 he
1284 2269 75 75 rifes
1375 2269 32 75 in
1431 2269 54 75 the
1503 2269 73 75 eaft,
1602 2269 41 75 he
1666 2269 62 75 fets
1754 2269 56 75 not
1831 2269 32 75 in
1884 2269 72 75 that
1979 2269 192 75 revolution,
2198 2269 58 75 but

1224 2313 63 75 juft
1302 2313 134 75 touches
1453 2313 56 75 the
1525 2313 137 75 horizon
1687 2313 42 75 10
1753 2313 132 75 degrees
1911 2313 33 75 to
1969 2313 55 75 the
2049 2313 74 75 weft
2140 2313 39 75 of
2199 2313 56 75 the

1229 2361 94 75 north
1340 2361 102 75 point,
1465 2361 64 75 and
1552 2361 128 75 afeends
1698 2361 104 75 again,
1826 2361 185 75 continuing
2027 2361 52 75 for
2097 2361 44 75 34
2162 2361 91 75 revo-

1226 2407 118 75 lutions
1363 2407 101 75 above
1486 2407 55 75 the
1565 2407 135 75 horizon
1723 2407 138 75 without
1882 2407 127 75 fetting.
2057 2407 196 75 Therefore,

1228 2453 41 75 no
1285 2453 88 75 place
1388 2453 59 75 has
1463 2453 55 75 the
1530 2453 154 75 forenoon
1701 2453 64 75 and
1780 2453 166 75 afternoon
1964 2453 40 75 of
2023 2453 55 75 the
2091 2453 82 75 fame
2189 2453 65 75 day

1227 2499 129 75 equally
1373 2499 88 75 long,
1479 2499 101 75 unlelj
1598 2499 26 75 it
1639 2499 40 75 be
1695 2499 32 75 in
1744 2499 55 75 the
1815 2499 146 75 equator,
1980 2499 37 75 or
2027 2499 33 75 at
2077 2499 55 75 the
2149 2499 103 75 poles.

1273 2546 76 75 The
1361 2546 84 75 fun’s
1462 2546 133 75 altitude
1612 2546 33 75 at
1661 2546 96 75 noon,
1775 2546 36 75 or
1828 2546 32 75 at
1874 2546 62 75 any
1947 2546 93 75 other
2053 2546 75 75 time
2145 2546 40 75 of
2195 2546 57 75 the

1225 2593 76 75 day,
1326 2593 63 75 and
1403 2593 49 75 his
1476 2593 174 75 amplitude
1671 2593 33 75 at
1720 2593 96 75 rifing
1834 2593 62 75 and
1911 2593 128 75 letting,
2061 2593 98 75 being
2174 2593 79 75 very

1225 2638 149 75 different
1391 2638 33 75 at
1440 2638 103 75 places
1560 2638 43 75 on
1626 2638 56 75 the
1704 2638 84 75 fame
1812 2638 130 75 parallel
1966 2638 48 75 of
2023 2638 149 75 latitude,
2197 2638 52 75 ac-

1226 2685 131 75 cording
1386 2685 34 75 to
1445 2685 53 75 the
1520 2685 150 75 different
1686 2685 179 75 longitudes
1887 2685 41 75 of
1945 2685 89 75 thofe
2051 2685 118 75 places,
2194 2685 57 75 the

1225 2733 164 75 longitude
1406 2733 65 75 will
1490 2733 40 75 be
1546 2733 110 75 almoft
1672 2733 34 75 as
1723 2733 94 75 eafily
1833 2733 101 75 found
1953 2733 42 75 on
2011 2733 111 75 Venus
2143 2733 32 75 as
2194 2733 55 75 the

1225 2779 135 75 latitude
1375 2779 27 75 is
1415 2779 99 75 found
1526 2779 41 75 on
1580 2779 53 75 the
1649 2779 91 75 earth
1753 2779 10 75 ;
1790 2779 105 75 which
1911 2779 27 75 is
1956 2779 39 75 an
2007 2779 177 75 advantage
2201 2779 48 75 we

1226 2826 56 75 can
1299 2826 95 75 never
1416 2826 108 75 enjoy,
1551 2826 129 75 becaufe
1698 2826 54 75 the
1774 2826 87 75 daily
1884 2826 120 75 change
2029 2826 41 75 of
2089 2826 55 75 the
2163 2826 84 75 fun’s

1223 2873 192 75 declination
1431 2873 27 75 is
1476 2873 41 75 by
1534 2873 96 75 much
1644 2873 56 75 too
1716 2873 90 75 fmall
1821 2873 52 75 for
1889 2873 71 75 that
1984 2873 173 75 important
2173 2873 75 75 pur-

1224 2919 86 75 pofe.

1272 2965 53 75 On
1341 2965 64 75 this
1422 2965 118 75 planet,
1564 2965 108 75 where
1689 2965 55 75 the
1760 2965 68 75 fun.
1841 2965 114 75 crofles
1977 2965 54 75 the
2056 2965 134 75 equator
2214 2965 34 75 in

1224 3013 60 75 any
1301 3013 87 75 year,
1404 3013 44 75 he
1459 3013 66 75 will
1541 3013 80 75 have
1640 3013 21 75 9
1677 3013 132 75 degrees
1825 3013 43 75 of
1876 3013 191 75 declination
2079 3013 85 75 from
2176 3013 74 75 that

1688 3061 17 75 5
1734 3061 23 75 S

2158 3061 90 75 place

1148 3071 18 75 3
