2396 3377
1462 154 36 75 R

1644 153 52 75 A.

134 231 95 75 Case
254 231 71 75 ^11,
373 231 47 75 To
442 231 69 75 add
532 231 180 75 quantities
736 231 73 75 that
832 231 60 75 are
914 231 121 75 unlike.

72 296 123 75 Rule.
259 296 58 75 Set
341 296 89 75 them
453 296 42 75 all
520 296 97 75 down
645 296 64 75 one.
733 296 84 75 after
841 296 146 75 another,
1019 296 80 75 with

118 342 83 75 their
217 342 80 75 figns
312 342 63 75 and
390 342 196 75 coefficients
603 342 157 75 prefixed.

71 411 81 75 Exa
158 411 113 75 MPLE.
318 411 57 75 To
402 411 55 75 '+
473 411 56 75 2*

735 411 6 75 I
786 411 39 75 +
853 411 17 75 3
890 411 14 75 <

323 457 82 75 Add
419 457 38 75 +
475 457 52 75 35

785 457 48 75 —
853 457 21 75 4
891 457 17 75 *

238 549 81 75 Sum
337 549 19 75 2
374 549 22 75 «
418 549 39 75 +
474 549 19 75 3
506 549 19 75 £

203 687 165 75 Chap.
398 687 49 75 II.
508 687 67 75 Of
607 687 355 75 Subtraction.

113 780 188 75 General
324 780 125 75 Rule.
507 780 25 75 “
550 780 135 75 Change
701 780 56 75 the
775 780 80 75 figns
868 780 42 75 of
924 780 55 75 the
994 780 101 75 quan-

116 825 62 75 tity
201 825 36 75 to
261 825 40 75 be
324 825 181 75 fubtrafted
527 825 70 75 into
624 825 85 75 their
732 825 152 75 contrary
906 825 95 75 figns,
1032 825 64 75 and

116 871 75 75 then
214 871 64 75 add
303 871 27 75 it
352 871 35 75 fo
411 871 144 75 changed
576 871 35 75 to
634 871 55 75 the
713 871 148 75 quantity
880 871 86 75 from
989 871 107 75 which

115 918 26 75 it
156 918 66 75 was
238 918 36 75 to
289 918 40 75 be
344 918 192 75 fubtrafted,
563 918 60 75 (by
638 918 55 75 the
706 918 84 75 rules
806 918 42 75 of
861 918 55 75 the
928 918 56 75 laft
996 918 98 75 chap-

115 963 64 75 ter)
194 963 9 75 :
230 963 56 75 the
300 963 70 75 fum
393 963 112 75 arifing
527 963 45 75 by
587 963 66 75 this
677 963 144 75 addition
836 963 26 75 is
884 963 56 75 the
957 963 136 75 remain-

114 1009 95 75 der.”
258 1009 78 75 For,
361 1009 36 75 to
420 1009 138 75 fubtraft
574 1009 64 75 any
654 1009 160 75 quantity,
838 1009 105 75 either
963 1009 135 75 pofitive

62 1055 38 75 or
115 1055 159 75 negative,
299 1055 27 75 is
338 1055 56 75 the
409 1055 85 75 fame
508 1055 36 75 as
560 1055 36 75 to
608 1055 65 75 add
688 1055 55 75 the
755 1055 141 75 oppofite
906 1055 91 75 kind.

62 1125 152 75 Examp.
272 1125 99 75 From
387 1125 39 75 +
444 1125 58 75 54

808 1125 60 75 8a
883 1125 48 75 —
960 1125 18 75 q
996 1125 19 75 b

222 1172 149 75 Subtraft
388 1172 182 75 -j-ga.

810 1172 203 75 3a+45

848 1263 20 75 a
878 1263 48 75 —
941 1263 37 75 11
995 1263 18 75 b

113 1263 173 75 Remaind.
314 1263 18 75 $
350 1263 22 75 a
382 1263 79 75 —^
474 1263 36 75 a,
535 1263 38 75 or
588 1263 19 75 2
621 1263 27 75 «.

810 1263 17 75 S

108 1327 32 75 It
155 1327 27 75 is
199 1327 139 75 evident,
363 1327 72 75 that
450 1327 35 75 to
500 1327 139 75 fubtraft
660 1327 38 75 or
722 1327 76 75 take
822 1327 92 75 away
934 1327 20 75 a
977 1327 111 75 decre-

60 1374 87 75 ment
163 1374 26 75 is
208 1374 54 75 the
285 1374 82 75 fame
391 1374 33 75 as
441 1374 118 75 adding
582 1374 39 75 an
638 1374 95 75 equal
749 1374 186 75 increment.
985 1374 37 75 If
1041 1374 48 75 we

60 1420 73 75 take
158 1420 91 75 away
262 1420 49 75 —
327 1420 18 75 b
368 1420 86 75 from
475 1420 21 75 a
512 1420 49 75 —
576 1420 31 75 b,
633 1420 91 75 there
747 1420 135 75 remains
906 1420 43 75 a;
976 1420 63 75 and
1061 1420 33 75 if

59 1467 48 75 we
124 1467 64 75 add
204 1467 38 75 +
258 1467 18 75 b
292 1467 35 75 fo
343 1467 23 75 a
381 1467 48 75 —
442 1467 34 75 b,
500 1467 56 75 the
570 1467 69 75 fum
651 1467 29 75 is
698 1467 139 75 like^ife
853 1467 34 75 a.
936 1467 39 75 In
991 1467 96 75 gene-

59 1512 59 75 ral,
143 1512 56 75 the
214 1512 194 75 fubtraftion
424 1512 40 75 of
482 1512 20 75 a
517 1512 145 75 negative
680 1512 150 75 quantity
851 1512 28 75 is
903 1512 185 75 equivalent

59 1559 34 75 to
109 1559 118 75 adding
242 1559 41 75 its
300 1559 130 75 pofitive
446 1559 105 75 value.

138 1695 163 75 Chap.
330 1695 68 75 III.
457 1695 66 75 O/^
542 1695 464 75 Multiplication.

102 1788 42 75 In
162 1788 350 75 Mutiplicatiojn,
530 1788 56 75 the
596 1788 127 75 general
736 1788 69 75 rule
818 1788 52 75 for
882 1788 55 75 the
949 1788 81 75 figns
1043 1788 40 75 is.

55 1833 92 75 That
162 1833 95 75 when
272 1833 54 75 the
336 1833 95 75 figns
449 1833 44 75 of
506 1833 54 75 the
572 1833 131 75 fatlors
718 1833 62 75 are
795 1833 75 75 like,
897 1833 40 75 (i.
954 1833 31 75 e.
1003 1833 81 75 both

56 1880 49 75 -F,
124 1880 38 75 or
178 1880 78 75 both
271 1880 78 75 —),
375 1880 52 75 the
431 1880 79 75 fign
521 1880 43 75 of
570 1880 53 75 the
633 1880 136 75 product
785 1880 29 75 is
831 1880 56 75 4-;
915 1880 58 75 but
988 1880 95 75 when

54 1925 53 75 the
116 1925 96 75 figns
227 1925 45 75 of
283 1925 54 75 the
350 1925 132 75 faftors
498 1925 59 75 are
573 1925 120 75 unlike,
718 1925 53 75 the
781 1925 81 75 fgn
878 1925 43 75 of
934 1925 53 75 the
1003 1925 77 75 pro-

53 1970 74 75 dud
144 1970 30 75 is
189 1970 59 75 —.

51 2041 95 75 Case
172 2041 30 75 I.
250 2041 112 75 When
387 2041 62 75 any
471 2041 132 75 pofitive
628 2041 161 75 quantity,
814 2041 38 75 4-
867 2041 33 75 a,
926 2041 27 75 is
970 2041 108 75 multi-

252 2088 87 75 plied
355 2088 46 75 by,
414 2088 62 75 any
492 2088 130 75 pofitive
634 2088 145 75 number,
797 2088 25 75 ft
822 2070 12 49 -
847 2088 34 75 n,
899 2088 55 75 the
970 2088 107 75 mean-

252 2133 40 75 is.
316 2133 92 75 That
424 2133 38 75 4-
476 2133 22 75 a
514 2133 27 75 is
554 2133 35 75 to
605 2133 39 75 be
660 2133 95 75 taken
772 2133 33 75 as
822 2133 95 75 many
933 2133 91 75 times
1042 2133 34 75 as

252 2180 90 75 there
364 2180 54 75 are
435 2180 84 75 units
540 2180 32 75 in
588 2180 44 75 n;
658 2180 64 75 and
742 2180 56 75 the
813 2180 135 75 produft
964 2180 28 75 is
1008 2180 66 75 evi-

252 2226 112 75 dently
376 2226 21 75 n
414 2226 33 75 a.

49 2294 93 75 Case
168 2294 48 75 II.
250 2294 111 75 When
375 2294 48 75 —
438 2294 20 75 a
473 2294 26 75 is
523 2294 181 75 multiplied
726 2294 44 75 by
794 2294 35 75 «,
855 2294 76 75 then
945 2294 48 75 —
1008 2294 21 75 a
1046 2294 27 75 is

249 2341 34 75 to
305 2341 40 75 be
362 2341 96 75 taken
481 2341 33 75 as
536 2341 91 75 often
650 2341 33 75 as
701 2341 91 75 there
816 2341 55 75 are
886 2341 86 75 units
988 2341 31 75 in
1035 2341 36 75 n,

249 2388 62 75 and
325 2388 57 75 the
396 2388 133 75 produft
545 2388 80 75 muft
640 2388 42 75 be
696 2388 49 75 —
759 2388 22 75 »
797 2388 35 75 a.

46 2455 93 75 Case
157 2455 67 75 III.
245 2455 253 75 Multiplication
513 2455 45 75 by
574 2455 19 75 a
608 2455 130 75 pofitive
758 2455 132 75 number
912 2455 123 75 implies
1051 2455 20 75 a

247 2503 149 75 repeated
420 2503 161 75 addition:
617 2503 66 75 But
708 2503 245 75 multiplication
980 2503 44 75 by
1050 2503 20 75 a

245 2549 146 75 negative
406 2549 123 75 implies
547 2549 18 75 a
582 2549 149 75 repeated
745 2549 204 75 fubtraftion.
990 2549 78 75 And

244 2595 92 75 whep
353 2595 38 75 4-
407 2595 21 75 a
451 2595 29 75 is
504 2595 36 75 to
564 2595 41 75 be
629 2595 177 75 multiplied
829 2595 44 75 by
887 2595 49 75 —
952 2595 34 75 »,
1012 2595 55 75 the

245 2640 145 75 meaning
407 2640 40 75 is,
471 2640 92 75 That
579 2640 38 75 4“
633 2640 21 75 «
672 2640 27 75 is
723 2640 34 75 to
773 2640 40 75 be
829 2640 180 75 fubtrafted
1032 2640 33 75 as

244 2686 90 75 often
357 2686 34 75 as
414 2686 92 75 there
522 2686 54 75 are
594 2686 84 75 units
694 2686 32 75 in
743 2686 44 75 «:
811 2686 183 75 Therefore
1010 2686 56 75 the

244 2733 133 75 produft
388 2733 27 75 is
427 2733 157 75 negative,
607 2733 96 75 being
716 2707 4 104 ■
720 2733 44 75 —
775 2733 22 75 n
812 2733 35 75 a.

42 2799 93 75 Case
155 2799 63 75 IV.
242 2799 111 75 When
368 2799 48 75 —
431 2799 21 75 a
468 2799 28 75 is
513 2799 36 75 to
559 2799 42 75 be
618 2799 178 75 multiplied
811 2799 44 75 by
870 2799 92 75 —n,
988 2799 77 75 then

146 2847 13 75 -
239 2821 6 104 ■
245 2847 43 75 —
303 2847 21 75 a
344 2847 27 75 is
395 2847 36 75 to
447 2847 40 75 be
501 2847 181 75 fubtrafted
697 2847 34 75 as
748 2847 89 75 often
854 2847 33 75 as
904 2847 90 75 there
1010 2847 54 75 are

243 2893 82 75 units
337 2893 32 75 in
386 2893 22 75 n
419 2893 10 75 ;
454 2893 59 75 but
528 2893 63 75 (by
602 2893 93 75 chap.
709 2893 65 75 II.)
789 2893 35 75 to
836 2893 137 75 fubtraft
983 2893 48 75 —
1042 2893 21 75 a

241 2938 27 75 is
284 2938 182 75 equivalent
482 2938 34 75 to
529 2938 116 75 adding
657 2938 38 75 4*
709 2938 34 75 a,
769 2938 228 75 confequemly
1008 2938 56 75 the

241 2985 132 75 produft
388 2985 28 75 is
432 2985 39 75 -J-
485 2985 22 75 «
522 2985 35 75 4.

85 3035 97 75 Vox.
201 3035 30 75 I.
256 3035 125 75 No.'4.

948 3035 18 75 3

1199 223 76 75 Th.e
1291 223 59 75 lid
1366 223 64 75 and
1444 223 90 75 IVth
1550 223 98 75 Cafes
1665 223 73 75 may
1749 223 39 75 be
1804 223 177 75 illuftrafed
1996 223 31 75 in
2045 223 56 75 the
2116 223 65 75 fol-

1150 268 119 75 lowing
1284 268 141 75 manner.

1197 315 52 75 By
1273 315 56 75 the
1352 315 194 75 definitions,
1571 315 38 75 -\-
1624 315 22 75 a
1660 315 49 75 —■
1729 315 23 75 a
1772 315 37 75 ~
1824 315 44 75 o;
1895 315 161 75 therefore
2080 315 32 75 if
2129 315 51 75 we

1150 366 148 75 multiply
1310 366 38 75 ^*
1363 366 21 75 a
1399 366 48 75 —■
1462 366 20 75 a
1499 366 45 75 by
1559 366 35 75 «,
1618 366 56 75 the
1691 366 133 75 produft:
1846 366 81 75 muft
1941 366 120 75 vaniffi,
2083 366 40 75 or
2138 366 42 75 be

1149 408 35 75 o,
1209 408 131 75 becaufe
1356 408 55 75 the
1423 408 103 75 faftor
1540 408 22 75 a
1573 408 49 75 —
1636 408 22 75 a
1674 408 27 75 is
1718 408 36 75 o.
1801 408 78 75 The
1895 408 64 75 firft
1974 408 83 75 term
2071 408 41 75 of
2122 408 57 75 the

1149 453 133 75 produft
1306 453 27 75 is
1404 453 21 75 11
1447 453 21 75 a
1495 453 60 75 (by
1574 453 82 75 Cafe
1680 453 46 75 I.)
1775 453 185 75 Therefore
1984 453 56 75 the
2063 453 117 75 fecond

1148 499 83 75 term
1258 499 45 75 of
1317 499 55 75 the
1399 499 133 75 produft
1554 499 81 75 rauft
1658 499 41 75 be
1724 499 48 75 —
1789 499 22 75 n
1835 499 33 75 a,
1901 499 106 75 which
2035 499 143 75 deftroys

1149 546 38 75 4-
1196 546 22 75 /?
1233 546 22 75 a
1267 546 11 75 ;
1304 546 35 75 fo
1355 546 71 75 that
1441 546 60 75 the’
1512 546 106 75 whole
1634 546 134 75 produft:
1783 546 80 75 muft
1879 546 40 75 be
1935 546 38 75 4*
1989 546 22 75 «
2027 546 19 75 «
2062 546 49 75 —
2126 546 22 75 «
2157 546 22 75 a

1147 593 36 75 —
1198 593 36 75 o.
1281 593 186 75 Therefore
1481 593 49 75 —
1545 593 20 75 a
1582 593 180 75 multiplied
1782 593 44 75 by
1843 593 38 75 4"
1897 593 22 75 «
1936 593 88 75 gives
2039 593 48 75 —
2104 593 21 75 n
2140 593 35 75 a.

1196 638 38 75 In
1261 638 65 75 like
1354 638 142 75 manner,
1520 638 32 75 if
1570 638 49 75 we
1642 638 150 75 multiply
1869 638 22 75 a
1912 638 49 75 —
1976 638 22 75 a
2019 638 107 75 by—
2141 638 36 75 n,

1148 684 56 75 the
1219 684 65 75 firft
1295 684 83 75 term
1389 684 41 75 of
1441 684 55 75 the
1512 684 135 75 produft
1655 684 98 75 being
1762 684 49 75 —
1822 684 22 75 n
1859 684 36 75 a,
1919 684 55 75 the
1984 684 98 75 latter
2093 684 85 75 term

1147 730 41 75 of
1205 730 56 75 the
1285 730 135 75 produft
1444 730 80 75 muft
1547 730 41 75 be
1604 730 38 75 4"
1659 730 21 75 »
1696 730 44 75 ^;
1766 730 132 75 becaufe
1921 730 57 75 the
2002 730 67 75 two
2085 730 91 75 toge-

1147 776 72 75 ther
1234 776 220 75 muftdeftroy
1468 776 80 75 each
1560 776 106 75 other,
1684 776 38 75 or
1738 776 84 75 their
1838 776 131 75 amount
1984 776 43 75 be
2041 776 36 75 o,
2094 776 83 75 fince
2177 758 13 49 :

1145 823 61 75 one
1230 823 40 75 of
1288 823 56 75 the
1360 823 118 75 faftors
1496 823 81 75 (viz.
1595 823 21 75 a
1630 823 51 75 •—
1693 823 38 75 d)
1756 823 26 75 is
1805 823 36 75 o.
1890 823 183 75 Therefore
2088 823 50 75 —
2154 823 23 75 a

1146 871 182 75 multiplied
1344 871 44 75 by
1401 871 48 75 —
1465 871 35 75 n,
1525 871 81 75 muft
1622 871 71 75 give
1709 871 39 75 +
1764 871 22 75 «
1802 871 34 75 a.

1191 916 39 75 In
1254 916 65 75 this
1344 916 128 75 general
1494 916 155 75 doftrine,
1674 916 60 75 the
1749 916 235 75 multiplicator
2005 916 27 75 is
2056 916 119 75 always

1144 963 181 75 confidered
1351 963 33 75 as
1410 963 19 75 a
1451 963 145 75 number.
1645 963 33 75 A
1701 963 148 75 quantity
1865 963 41 75 of
1924 963 64 75 any
2007 963 79 75 kind
2101 963 74 75 may
2175 945 16 49 1

1143 1009 40 75 be
1199 1009 180 75 multiplied
1394 1009 45 75 by
1454 1009 19 75 a
1489 1009 145 75 number.

1190 1055 37 75 If
1246 1055 56 75 the
1325 1055 172 75 quantities
1522 1055 35 75 to
1581 1055 40 75 be
1644 1055 181 75 multiplied
1845 1055 54 75 are
1910 1055 121 75 fmple
2046 1055 126 75 quanti-

1142 1102 73 75 ties,
1241 1102 26 75 “
1292 1102 66 75 find
1373 1102 56 75 the
1445 1102 66 75 fign
1526 1102 41 75 of
1578 1102 55 75 the
1649 1102 137 75 produft
1801 1102 45 75 by
1860 1102 57 75 the
1931 1102 60 75 laft
2007 1102 90 75 rule;
2123 1102 48 75 af-

1143 1149 24 75 “
1193 1149 50 75 ter
1266 1149 26 75 it
1309 1149 89 75 place
1421 1149 57 75 the
1502 1149 134 75 produft
1657 1149 41 75 of
1715 1149 56 75 the
1788 1149 206 75 coefficients,
2019 1149 63 75 and
2096 1149 77 75 then

1142 1193 25 75 “
1188 1193 51 75 Tet
1254 1193 97 75 down
1366 1193 45 75 all
1433 1193 55 75 the
1509 1193 113 75 letters
1647 1193 84 75 after
1754 1193 61 75 one
1840 1193 134 75 another
1996 1193 35 75 as
2054 1193 33 75 in
2110 1193 63 75 one

1142 1241 24 75 “
1192 1241 131 75 word.”

1140 1328 152 75 Examp.
1341 1328 104 75 Mult.
1535 1328 23 75 a
1624 1328 8 75 I
1674 1328 48 75 —-
1739 1328 18 75 2
1775 1328 22 75 «

1366 1381 52 75 By
1468 1381 39 75 4-
1533 1381 19 75 *
1625 1381 8 75 I
1682 1381 39 75 +
1742 1381 20 75 4
1779 1381 19 75 *

2043 1331 52 75 6x

2044 1408 16 49 5
2060 1376 33 75 a

1342 1466 100 75 Prod.
1471 1466 39 75 +
1525 1466 46 75 ab

1340 1535 104 75 Mult.
1531 1535 20 75 g
1570 1535 20 75 x

1365 1583 53 75 By
1468 1583 49 75 —
1535 1583 21 75 4
1571 1583 23 75 a

1787 1544 37 75 4-
1873 1544 47 75 3*

1786 1584 47 75 —
1873 1584 47 75 so

1339 1674 100 75 Prod.
1468 1674 93 75 4-32
1579 1674 54 75 ax

1779 1674 240 75 —lyaa^t

1179 1751 57 75 To
1252 1751 151 75 multiply
1411 1751 177 75 compound
1599 1751 184 75 quantities,
1800 1751 62 75 you
1876 1751 80 75 muft
1973 1751 25 75 “
2015 1751 151 75 multiply
2183 1751 5 75 ‘

1135 1798 23 75 “
1184 1798 97 75 every
1298 1798 71 75 part
1385 1798 40 75 of
1443 1798 55 75 the
1515 1798 221 75 multiplicand
1751 1798 43 75 by
1811 1798 42 75 all
1869 1798 56 75 the
1941 1798 87 75 parts
2051 1798 40 75 of
2108 1798 56 75 the

1134 1849 24 75 “
1182 1849 187 75 multiplier,
1395 1849 95 75 taken
1506 1849 60 75 one
1588 1849 83 75 after
1693 1849 146 75 another,
1864 1849 63 75 and
1952 1849 75 75 then
2050 1849 114 75 colleft
2183 1849 8 75 ’

1133 1891 23 75 “
1182 1891 43 75 all
1241 1891 56 75 the
1313 1891 150 75 produfts
1485 1891 68 75 into
1570 1891 60 75 one
1646 1891 87 75 fum:
1759 1891 93 75 That
1868 1891 67 75 fum
1949 1891 79 75 ffiall
2043 1891 41 75 be
2107 1891 55 75 the
2178 1891 9 75 .

1131 1939 24 75 “
1180 1939 134 75 produft
1328 1939 190 75 required.”

1128 2016 152 75 Examp.
1328 2016 103 75 Mult,
1455 2016 111 75 ab

1355 2062 53 75 By
1457 2062 22 75 a
1494 2062 38 75 +
1547 2062 19 75 b

1265 2177 95 75 Prod,
1349 2205 218 75 '•{"is
1578 2202 118 75 b-trbb

1725 2157 103 75 ^8aa

1820 2018 10 75 i
1845 2018 49 75 —
1922 2018 19 75 3
1952 2018 19 75 5

1820 2075 7 75 '
1852 2075 39 75 +
1925 2075 48 75 S*

1840 2158 48 75 —
1900 2158 39 75 12
1948 2158 23 75 a
1979 2158 20 75 b

1848 2204 37 75 4-
1898 2204 98 75 xoab
2002 2204 30 75 —
2062 2208 95 75 \Sbb

1264 2294 80 75 Sum
1418 2294 23 75 a
1452 2294 22 75 a
1537 2294 17 75 2
1562 2294 22 75 a
1590 2294 57 75 b-\-
1655 2294 44 75 bb
1761 2294 19 75 8
1791 2294 20 75 a
1820 2294 20 75 a
1850 2294 48 75 —
1918 2294 19 75 2
1948 2294 21 75 a

1324 2360 102 75 Mult,
1444 2360 22 75 a
1481 2360 22 75 a
1523 2360 40 75 +
1583 2360 22 75 a
1622 2360 19 75 b
1657 2360 71 75 -\-b
1744 2360 19 75 b

1353 2407 53 75 By
1479 2407 21 75 a
1515 2407 48 75 —
1580 2407 19 75 b

1319 2522 101 75 Prod.
1436 2549 26 75 \
1560 2549 110 75 —aa

1682 2503 17 75 b
1711 2503 121 75 -^abb

1682 2552 150 75 b-abb
1839 2552 50 75 —
1896 2552 73 75 bbb

1161 2716 154 75 Produfts
1343 2716 70 75 that
1435 2716 79 75 arife
1541 2716 84 75 from
1648 2716 56 75 the
1731 2716 245 75 multiplication
2001 2716 41 75 of
2063 2716 78 75 two,

1114 2762 102 75 three,
1242 2762 37 75 dr
1303 2762 87 75 more
1416 2762 185 75 quantities,
1627 2762 34 75 as
1682 2762 22 75 a
1727 2762 18 75 b
1761 2762 30 75 c,
1816 2762 53 75 are
1893 2762 66 75 faid
1982 2762 37 75 to
2043 2762 38 75 be
2106 2762 40 75 of

1113 2808 78 75 two,
1217 2808 102 75 three,
1344 2808 38 75 Or
1409 2808 88 75 more
1523 2808 209 75 dimenfions;
1764 2808 64 75 and
1853 2808 90 75 thofe
1967 2808 173 75 quantities

1112 2855 54 75 are
1181 2855 104 75 called
1297 2855 130 75 faftars
1443 2855 37 75 or
1492 2855 96 75 roots.

1161 2902 35 75 If
1215 2902 42 75 all
1281 2902 55 75 the
1360 2902 117 75 faftors
1502 2902 53 75 are
1578 2902 109 75 equal,
1711 2902 78 75 then
1811 2902 87 75 thefe
1920 2902 149 75 produfts
2085 2902 54 75 are

1112 2948 103 75 called
1238 2948 129 75 powers
1379 2948 13 75 ;
1426 2948 35 75 as
1488 2948 22 75 a
1525 2948 33 75 a,
1593 2948 37 75 or
1655 2948 23 75 a
1693 2948 23 75 a
1731 2948 34 75 a,
1805 2948 54 75 are
1885 2948 123 75 powers
2035 2948 41 75 of
2101 2948 36 75 a.

1110 2999 131 75 Powers
1267 2999 54 75 are
1347 2999 165 75 exprelfed
1521 2973 4 104 ■
1537 2999 179 75 fometimes
1741 2999 44 75 by
1810 2999 126 75 placing
1958 2999 100 75 above
2081 2999 56 75 the

1622 3047 35 75 X

2049 3047 85 75 root,

950 3050 16 75 3
