2466 3327
524 117 40 75 A
623 117 35 75 C
716 117 37 75 R

1101 117 18 75 (
1183 117 45 75 21

152 179 323 75 ACRIFQLIUM,
501 179 32 75 in
546 179 132 75 botany,
705 179 18 75 a
739 179 90 75 iharp
846 179 37 75 or
896 179 123 75 prickly
1030 179 77 75 leaf.

153 228 273 75 ACRIMONY,
468 228 69 75 that
565 228 125 75 quality
718 228 34 75 in
779 228 111 75 bodies
918 228 105 75 which
1053 228 130 75 renders

203 274 90 75 them,
308 274 88 75 acrid
407 274 36 75 to
459 274 55 75 the
526 274 91 75 tafte.

153 320 284 75 ACRIVIOLA,
462 320 31 75 in
519 320 132 75 botany,
678 320 18 75 a
720 320 161 75 fynonime
906 320 40 75 of
966 320 18 75 a
1006 320 117 75 fpecies
1149 320 40 75 of

200 366 187 75 tropssolum
404 366 36 75 or
457 366 114 75 Indian
588 366 94 75 crefs.
733 366 62 75 See
810 366 273 75 Tropjeolum.

153 412 342 75 ACROAMATIC,
521 412 37 75 or
583 412 224 75 Acroatic,
832 412 32 75 in
887 412 140 75 general,
1052 412 132 75 denotes

202 458 17 75 a
248 458 92 75 thing
362 458 145 75 fuMime,
540 458 172 75 profound,
746 458 37 75 or
807 458 147 75 abftrufe.
1004 458 180 75 Ariftotle’s

200 505 133 75 ledlures
350 505 35 75 to
402 505 50 75 his
472 505 157 75 favourite
646 505 147 75 difciples
811 505 61 75 and
894 505 144 75 intimate
1063 505 120 75 friends

200 550 79 75 bore
305 550 62 75 this
393 550 250 75 denomination,
669 550 31 75 in
723 550 177 75 oppofition
921 550 35 75 to
973 550 49 75 his
1040 550 145 75 exoteric

200 597 149 75 lectures,
363 597 6 75 •
381 597 38 75 or
443 597 98 75 thofe-
556 597 261 75 accommodated
839 597 34 75 to
896 597 19 75 a
938 597 134 75 popular
1096 597 88 75 audi-

204 645 88 75 ence.

156 685 330 75 ACRQBATICA,
512 685 38 75 or
562 685 308 75 Acrobaticum,
896 685 31 75 in
945 685 140 75 Grecian
1103 685 81 75 anti-

204 736 104 75 quity,
333 736 39 75 an
389 736 275 75 enginowhereby
681 736 55 75 the
748 736 112 75 people
877 736 83 75 were
977 736 102 75 raifed
1091 736 92 75 aloft,

201 781 71 75 that
296 781 77 75 they
394 781 102 75 might
518 781 51 75 fee
582 781 148 75 .further,
757 781 37 75 or
818 781 79 75 with
920 781 125 75 greater
1067 781 118 75 advan-

202 828 84 75 tage.
336 828 31 75 It
383 828 64 75 was
464 828 95 75 much
575 828 56 75 the
647 828 84 75 fame
755 828 78 75 v/ith
858 828 56 75 the
936 828 189 75 fcanforium
1148 828 41 75 of

202 873 55 75 the
274 873 128 75 Latins.

154 919 415 75 ACROCHIRISMUS,
594 919 34 75 in
645 919 142 75 Grecian
811 919 171 75 antiquity,
1009 919 18 75 a
1047 919 80 75 kind
1148 919 42 75 of

203 965 171 75 gynjnaftic
390 965 151 75 exercife,
566 965 184 75 performed
773 965 79 75 with
877 965 55 75 the
949 965 75 75 lifts,
1049 965 136 75 without

203 1010 115 75 doling
335 1010 32 75 at
383 1010 54 75 all.

155 1057 390 75 ACROCHORDON,
571 1057 19 75 a
605 1057 121 75 painful
743 1057 92 75 wart,
860 1057 108 75 which
979 1057 28 75 is
1019 1057 79 75 very
1110 1057 74 75 pro-

204 1103 121 75 minent
342 1103 63 75 and
420 1103 189 75 pendulous.

154 1154 335 75 ACROCQRION,
515 1154 32 75 in
566 1154 131 75 botany,
723 1154 39 75 an
787 1154 141 75 obfglete
953 1154 91 75 name
1067 1154 41 75 of
1129 1154 57 75 the

207 1195 125 75 crocus.
383 1195 61 75 See
461 1195 172 75 Crocus.

156 1246 306 75 ACRQMATIC,
488 1246 38 75 or
549 1246 287 75 Achromatic,
861 1246 34 75 in
917 1246 116 75 optics,
1060 1246 18 75 a
1103 1246 83 75 term

204 1288 126 75 applied
340 1288 35 75 to
391 1288 20 75 a
424 1288 173 75 particular
605 1288 79 75 kind
699 1288 40 75 of
758 1288 173 75 telefcope,
955 1288 56 75 the
1024 1288 78 75 meft
1114 1288 71 75 per-

204 1334 113 75 fe(ftof
335 1334 56 75 the
408 1334 169 75 refrading
598 1334 89 75 kind.
739 1334 60 75 See
816 1334 147 75 Optics
982 1334 64 75 and
1060 1334 125 75 Tele-

207 1379 125 75 scope.

157 1430 276 75 ACROMION,
457 1430 33 75 in
514 1430 161 75 anatomy,
701 1430 56 75 the
776 1430 101 75 upper
896 1430 72 75 part
991 1430 40 75 of
1049 1430 55 75 the
1120 1430 66 75 fca-

207 1472 85 75 pula.
343 1472 61 75 See
421 1472 211 75 Anatomy,
659 1472 77 75 Part
752 1472 29 75 I.

158 1518 676 75 ACROMONOGRAMMATICUM,
860 1518 31 75 in
914 1518 126 75 poetry,
1066 1518 19 75 a
1109 1518 79 75 kind

205 1564 39 75 of
263 1564 104 75 poem,,
392 1564 138 75 wherein
547 1564 96 75 every
659 1564 188 75 ftthfet^uent
870 1564 87 75 verfe
982 1564 112 75 begins,
1108 1564 79 75 with

206 1609 54 75 the
283 1609 94 75 letter
403 1609 184 75 wherewith
611 1609 55 75 the
689 1609 217 75 immediately
930 1609 170 75 preceding
1127 1609 60 75 one

208 1656 201 75 terminated.

160 1701 182 75 ACRON,
368 1701 19 75 a
397 1701 153 75 territory
565 1701 42 75 on
622 1701 56 75 the
694 1701 77 75 gold
787 1701 83 75 coaft
885 1701 41 75 of
944 1701 129 75 Guinea
1088 1701 33 75 in
1138 1701 49 75 A-

210 1744 91 75 frica,
338 1744 171 75 bordering
536 1744 42 75 on
607 1744 53 75 th.e
693 1744 184 75 Fantynean
905 1744 147 75 country.
1110 1744 77 75 The

211 1790 113 75 Dutch
339 1790 81 75 have
436 1790 19 75 a
475 1790 68 75 fort
562 1790 88 75 here,
676 1790 104 75 called
795 1790 77 75 Fort
890 1790 68 75 Pat
960 1790 101 75 knee.
1109 1790 77 75 The

210 1837 191 75 inhabitants
417 1837 95 75 apply
527 1837 186 75 themfelves
729 1837 188 75 principally
936 1837 35 75 to
992 1837 192 75 hulbandry.

206 1884 99 75 They
321 1884 52 75 are
390 1884 19 75 a
425 1884 77 75 very
525 1884 147 75 ignorant
694 1884 124 75 people,
844 1884 62 75 and
929 1884 41 75 go
995 1884 105 75 naked
1122 1884 63 75 like

208 1928 55 75 the
280 1928 59 75 reft
355 1928 40 75 of
417 1928 54 75 the
488 1928 146 75 negroes.

161 1976 179 75 ACRON,
366 1976 116 75 among
503 1976 124 75 ancient
644 1976 163 75 botanifts,
832 1976 133 75 fignifies
990 1976 55 75 the
1068 1976 58 75 top
1150 1976 37 75 or

208 2021 109 75 flower
328 2021 40 75 of
387 2021 101 75 plants
505 2021 41 75 of
564 2021 56 75 the
636 2021 104 75 thiftle
756 2021 89 75 kind.

161 2071 298 75 ACRONICAL,
484 2071 283 75 Achronycal,
793 2071 37 75 or
853 2071 275 75 Achronical,
1153 2071 33 75 in

207 2114 190 75 aftronomy,
423 2114 26 75 is
467 2114 18 75 a
500 2114 82 75 term
606 2114 127 75 applied
756 2114 35 75 to
815 2114 55 75 the
895 2114 95 75 riling
1010 2114 41 75 of
1070 2114 18 75 a
1111 2114 74 75 ftar,

207 2162 92 75 when
315 2162 56 75 the
387 2162 55 75 fun
458 2162 27 75 is
502 2162 46 75 fet
563 2162 32 75 in
612 2162 55 75 the
685 2162 153 75 evening;
864 2162 58 75 but
940 2162 59 75 has
1014 2162 80 75 been
1110 2162 74 75 pro-

206 2206 185 75 mifcuqufly
403 2206 76 75 ufed
497 2206 35 75 to
547 2206 128 75 exprefs
694 2206 19 75 a
732 2206 89 75 ftar’s
844 2206 93 75 rifing
954 2206 33 75 at
1008 2206 116 75 funfet,
1149 2206 38 75 or

207 2251 115 75 fetting
335 2251 31 75 at
383 2251 129 75 funrife.

161 2300 283 75 ACROSPIP^E,
470 2300 19 75 a
504 2300 111 75 vulgar
631 2300 81 75 term
724 2300 52 75 for
787 2300 87 75 What
885 2300 56 75 the
957 2300 150 75 botanifts
1124 2300 61 75 call

210 2345 55 75 the
275 2345 118 75 plume.
445 2345 61 75 See
522 2345 307 75 Agriculture,
860 2345 54 75 Of
927 2345 194 75 vegetation.

161 2392 321 75 AQROSPIRED,
507 2392 33 75 in
555 2392 234 75 mait-making,
813 2392 27 75 is
865 2392 55 75 the
940 2392 117 75 grain’s
1080 2392 105 75 Ihoot-

210 2436 52 75 ing
279 2436 78 75 both
373 2436 33 75 at
423 2436 54 75 the
489 2436 73 75 root
574 2436 63 75 and
647 2436 93 75 blade
751 2436 75 75 end.
876 2436 61 75 See
948 2436 134 75 Malt.

163 2484 256 75 ACROSTIC,
444 2484 277 75 Acrosticum,
746 2484 32 75 in
803 2484 125 75 poetry,
959 2484 19 75 a
1004 2484 93 75 poem
1123 2484 62 75 dif-

210 2529 96 75 pofed
322 2529 32 75 in
370 2529 75 75 fuch
462 2529 19 75 a
496 2529 142 75 manner,
663 2529 70 75 that
756 2529 54 75 the
825 2529 103 75 initial
944 2529 111 75 letters
1072 2529 41 75 of
1130 2529 55 75 the

210 2575 102 75 verfes
329 2575 91 75 make
436 2575 84 75 fome
531 2575 140 75 perfon’s
689 2575 101 75 name,
816 2575 85 75 title,
926 2575 115 75 motto,
1067 2575 65 75 <bc.

164 2623 333 75 ACROSTICUM,
522 2623 32 75 in
570 2623 131 75 botany,
726 2623 19 75 a
759 2623 98 75 genus
881 2623 40 75 of
938 2623 55 75 the
1017 2623 168 75 cryptoga-

211 2668 63 75 mia
296 2668 110 75 Alices,
432 2668 39 75 of
489 2668 106 75 which
617 2668 90 75 there
732 2668 53 75 are
810 2668 42 75 qo
874 2668 129 75 fpecies,
1028 2668 58 75 but
1109 2668 78 75 only

210 2714 91 75 three
313 2714 40 75 of
371 2714 87 75 them
475 2714 53 75 are
540 2714 119 75 natives
676 2714 40 75 of
733 2714 139 75 Britain,
898 2714 68 75 viz.
992 2714 55 75 the
1064 2714 122 75 fepten-

211 2760 146 75 trionale,
382 2760 37 75 or
435 2760 124 75 horned
574 2760 91 75 fern;
692 2760 54 75 the
774 2760 128 75 ilvenfe,
928 2760 37 75 or
985 2760 92 75 hairy
1093 2760 71 75 fern
1173 2760 14 75 y

213 2805 61 75 and
286 2805 54 75 the
351 2805 201 75 thelypteris,
569 2805 38 75 or
617 2805 100 75 marlh
729 2805 83 75 fern.

167 2854 366 75 ACROSTOLIUM,
558 2854 32 75 in
619 2854 124 75 ancient
766 2854 91 75 naval
885 2854 220 75 archite&ure,
1131 2854 55 75 the

214 2897 140 75 extreme
371 2897 69 75 part
455 2897 40 75 cf
514 2897 55 75 the
590 2897 166 75 ornament
778 2897 77 75 ufed
878 2897 42 75 on
943 2897 54 75 the
1023 2897 103 75 prows
1153 2897 39 75 of

214 2942 83 75 theft
321 2942 94 75 Imps,
439 2942 105 75 which
567 2942 75 75 was"
656 2942 180 75 fometimes
858 2942 33 75 in
915 2942 54 75 the
992 2942 92 75 lhape
1111 2942 39 75 of
1169 2942 19 75 a

262 2989 95 75 Vol.
375 2989 29 75 I.
447 2989 72 75 No.
542 2989 31 75 i.

1026 2989 18 75 3

1293 109 27 75 )'

1660 109 231 75 ACT

1278 173 144 75 buckler,
1445 173 134 75 helmet,
1606 173 127 75 animal,
1761 173 87 75 ire.;
1876 173 56 75 but
1959 173 89 75 more
2077 173 184 75 frequently

1279 219 146 75 circular,
1450 219 37 75 or
1503 219 104 75 Ipiral.
1658 219 31 75 It
1714 219 65 75 was
1804 219 86 75 ufuai
1919 219 32 75 to
1976 219 68 75 tear
2067 219 87 75 diem
2176 219 86 75 from

1278 267 55 75 the
1349 267 103 75 prows
1470 267 41 75 of
1529 267 193 75 vanquifaed
1737 267 121 75 veflels,
1884 267 62 75 and
1968 267 48 75 fix
2039 267 90 75 them
2153 267 36 75 to
2206 267 55 75 the

1279 312 206 75 conquerors,
1511 312 33 75 as
1562 312 19 75 a
1597 312 96 75 lignal
1709 312 40 75 of
1769 312 133 75 viflory.

1231 358 398 75 ACROTELEUTIC,
1656 358 114 75 among
1783 358 185 75 ecclellaftic
1984 358 138 75 writers,
2147 358 38 75 an
2204 358 55 75 ap-

1278 405 152 75 pellation
1441 405 92 75 given
1545 405 35 75 to
1590 405 62 75 any
1664 405 93 75 thing
1769 405 105 75 added
1884 405 35 75 to
1930 405 56 75 the
1996 405 62 75 end
2069 405 40 75 of
2119 405 20 75 a
2149 405 111 75 pfalm,

1279 452 32 75 as
1328 452 55 75 the
1400 452 118 75 Gloria
1533 452 75 75 Pan
1613 452 11 75 i
1640 452 37 75 or
1693 452 178 75 doxology.

1231 499 264 75 ACRQTERI,
1527 499 19 75 a
1569 499 86 75 town
1679 499 32 75 in
1734 499 55 75 the
1812 499 99 75 illand
1934 499 41 75 of
1995 499 163 75 Santorin,
2189 499 73 75 that

1277 546 58 75 lieB
1363 546 33 75 in
1424 546 56 75 the
1506 546 53 75 fea
1585 546 41 75 of
1654 546 138 75 Candia,
1830 546 58 75 25.
1919 546 57 75 26.
2006 546 45 75 E.
2078 546 90 75 long.
2200 546 59 75 3d.

1281 592 57 75 25.
1363 592 9 75 I
1395 592 25 75 t.

1230 636 299 75 ACROTERIA,
1554 636 31 75 in
1598 636 221 75 architedure,
1845 636 89 75 fmall
1946 636 166 75 pedeftals,
2136 636 127 75 ufually

1278 682 136 75 without
1429 682 101 75 bafes,
1555 682 160 75 anciently
1732 682 112 75 placed
1860 682 33 75 at
1915 682 56 75 the
1990 682 120 75 middle
2127 682 63 75 and
2205 682 57 75 the

1279 729 64 75 two
1360 729 159 75 extremes
1532 729 40 75 of
1582 729 176 75 pediments
1775 729 39 75 or
1829 729 231 75 frontifpieces,
2085 729 125 75 fervirg
2226 729 36 75 to

1277 775 131 75 fupport
1423 775 56 75 the
1495 775 127 75 ftatues,

1764 775 32 75 It
1820 775 65 75 alfo
1909 775 133 75 fignifies
2065 775 55 75 the
2145 775 116 75 figures

1278 821 111 75 placed
1407 821 32 75 as
1457 821 181 75 ornaments
1654 821 42 75 on
1713 821 56 75 the
1785 821 73 75 tops
1874 821 41 75 of
1934 821 168 75 churches,
2128 821 62 75 and
2206 821 55 75 the

1278 868 89 75 Iharp
1384 868 160 75 pinnacles
1568 868 71 75 that
1663 868 90 75 {land
1775 868 35 75 in
1824 868 111 75 ranges
1958 868 99 75 about
2076 868 57 75 flat
2155 868 106 75 build-

1279 915 70 75 ings
1366 915 79 75 with
1462 915 73 75 rails
1549 915 63 75 and
1622 915 179 75 ballufters.

1325 961 133 75 Among
1471 961 125 75 ancient
1612 961 186 75 phyficians,
1821 961 28 75 it
1861 961 141 75 fignified
2017 961 55 75 the
2084 961 107 75 larger
2202 961 59 75 ex-

1279 1006 154 75 tremities
1457 1006 40 75 of
1516 1006 55 75 the
1593 1006 98 75 body,
1717 1006 33 75 as
1772 1006 55 75 the
1844 1006 94 75 head,
1963 1006 114 75 hands,
2104 1006 62 75 and
2182 1006 77 75 feet.

1280 1055 31 75 It
1327 1055 57 75 has
1402 1055 64 75 alfo
1489 1055 80 75 been
1585 1055 76 75 ufed
1682 1055 53 75 for
1758 1055 55 75 the
1830 1055 61 75 tips
1908 1055 40 75 of
1967 1055 54 75 the
2044 1055 128 75 fingers,
2199 1055 64 75 and

1279 1100 177 75 fometimes
1474 1100 52 75 for
1542 1100 56 75 the
1613 1100 178 75 eminences
1807 1100 38 75 or
1861 1100 120 75 procefl'
1981 1100 33 75 es
2031 1100 40 75 of
2090 1100 111 75 bones.

1231 1146 325 75 ACRITHYMIA,
1592 1146 33 75 in
1656 1146 142 75 furgery,
1833 1146 20 75 a
1875 1146 88 75 large
1991 1146 129 75 tumour
2143 1146 117 75 relent-

1279 1192 87 75 bling
1390 1192 19 75 a
1432 1192 91 75 wart,
1557 1192 126 75 though
1706 1192 179 75 fometimes
1913 1192 56 75 flat
1996 1192 64 75 and
2082 1192 176 75 deprefied.

1281 1238 61 75 See
1360 1238 199 75 Surgery,
1585 1238 84 75 title,
1694 1238 52 75 Of.
1761 1238 160 75 tumours.

1232 1286 172 75 ACSOR,
1429 1286 20 75 a
1464 1286 88 75 town
1568 1286 32 75 in
1616 1286 56 75 the
1689 1286 83 75 river
1791 1286 77 75 Nile
1884 1286 33 75 in
1932 1286 124 75 Egypt,
2081 1286 110 75 filmed
2208 1286 53 75 for

1280 1331 40 75 its
1337 1331 131 75 earthen
1485 1331 96 75 ware.

1233 1378 138 75 ACSU,
1397 1378 19 75 a
1438 1378 89 75 town
1550 1378 33 75 in
1606 1378 120 75 Afiatic
1741 1378 156 75 Tartary,
1923 1378 135 75 fituated
2073 1378 33 75 in
2123 1378 58 75 40.
2202 1378 56 75 30.

1281 1423 123 75 N.lat.

1233 1471 112 75 ACT,
1370 1471 32 75 in
1426 1471 139 75 general,
1590 1471 132 75 denotes
1746 1471 56 75 the
1818 1471 148 75 exertion
1982 1471 41 75 of
2040 1471 130 75 power;
2197 1471 64 75 and

1281 1515 109 75 differs
1408 1515 85 75 from
1504 1515 120 75 power,
1650 1515 33 75 as
1700 1515 56 75 the
1771 1515 93 75 efFedt
1879 1515 84 75 from
1973 1515 57 75 the
2047 1515 103 75 caufe.

1234 1562 98 75 Act,
1364 1562 115 75 among
1500 1562 147 75 lawyers,
1679 1562 26 75 is
1728 1562 40 75 an
1791 1562 185 75 inftrument
1999 1562 33 75 in
2056 1562 129 75 writing
2208 1562 53 75 for

1281 1608 160 75 declaring
1465 1608 38 75 or
1524 1608 167 75 juftifying
1716 1608 55 75 the
1796 1608 90 75 truth
1913 1608 41 75 of
1978 1608 61 75 any
2067 1608 105 75 thing.
2220 1608 40 75 In

1281 1654 106 75 Which
1398 1654 96 75 fenfe,
1520 1654 141 75 records,
1687 1654 141 75 decrees,
1845 1654 173 75 fentences,
2035 1654 136 75 reports,
2190 1654 70 75 cer-

1280 1700 146 75 tificates,
1453 1700 64 75 <bc.
1542 1700 53 75 are
1612 1700 103 75 called
1731 1700 92 75 Atts.

1233 1745 120 75 Acts,
1378 1745 64 75 alfo
1465 1745 117 75 denote
1605 1745 55 75 the
1684 1745 225 75 deliberations
1934 1745 62 75 and
2019 1745 188 75 refolutions
2224 1745 42 75 cf

1279 1791 38 75 an
1334 1791 160 75 aflembly,
1518 1791 117 75 fenate,
1660 1791 39 75 or
1713 1791 222 75 convocation,
1960 1791 46 75 as,
2031 1791 80 75 Adis
2128 1791 43 75 of
2186 1791 73 75 par-

1280 1839 140 75 liament,
1446 1839 66 75 he.

1232 1884 85 75 Act
1336 1884 43 75 of
1381 1884 110 75 faith,
1517 1884 80 75 auta
1614 1884 42 75 da
1670 1884 55 75 fe,
1750 1884 33 75 in
1808 1884 55 75 the
1879 1884 131 75 Romifh
2030 1884 135 75 church,
2189 1884 27 75 is
2241 1884 19 75 a

1278 1931 66 75 fort
1361 1931 40 75 of
1416 1931 57 75 jail
1497 1931 153 75 delivery,
1675 1931 53 75 for
1752 1931 55 75 the
1831 1931 196 75 punifhment
2047 1931 40 75 of
2104 1931 152 75 heretics,

1279 1977 61 75 and
1356 1977 55 75 the
1423 1977 177 75 abfolution
1617 1977 40 75 of
1675 1977 90 75 thofe
1782 1977 73 75 who
1872 1977 53 75 are
1945 1977 101 75 found
2061 1977 35 75 to
2113 1977 38 75 be
2167 1977 91 75 inno-

1280 2023 84 75 cent.
1412 2023 77 75 The
1516 2023 132 75 culprits
1676 2023 52 75 are
1755 2023 64 75 firft
1844 2023 54 75 led
1927 2023 35 75 to
1986 2023 133 75 church,
2153 2023 106 75 wheris

1280 2070 83 75 their
1378 2070 157 75 fentence,
1560 2070 103 75 either
1679 2070 40 75 of
1737 2070 244 75 condemnation
2006 2070 37 75 or
2068 2070 190 75 abfolution,

1280 2117 24 75 is
1317 2117 216 75 pronounced,
1558 2117 63 75 and
1636 2117 55 75 the
1707 2117 103 75 guilty
1826 2117 52 75 are
1885 2117 169 75 delivered
2063 2117 77 75 over
2156 2117 35 75 to
2203 2117 57 75 the

1279 2163 119 75 fecular
1415 2163 120 75 power,
1560 2163 79 75 with
1661 2163 39 75 an
1722 2163 120 75 earneft
1862 2163 196 75 interceflion
2080 2163 65 75 for.
2156 2163 104 75 them,

1279 2209 72 75 that
1374 2209 42 75 no
1441 2209 99 75 blood
1562 2209 74 75 may
1658 2209 39 75 be
1721 2209 88 75 fhefl.
1857 2209 67 75 But
1949 2209 30 75 if
1998 2209 78 75 they
2096 2209 106 75 perfift
2224 2209 35 75 in

1279 2255 83 75 their
1377 2255 154 75 fuppofed
1545 2255 122 75 errors,
1693 2255 78 75 they
1787 2255 53 75 are
1856 2255 96 75 burnt
1974 2255 94 75 alive.
2119 2255 62 75 See
2198 2255 59 75 In-

1282 2302 221 75 quisition.

1762 2302 4 75 ,

2244 2302 14 75 x

1232 2349 120 75 Acts,
1377 2349 33 75 in
1425 2349 154 75 dramatic
1595 2349 125 75 poetry,
1747 2349 52 75 are
1816 2349 54 75 the
1886 2349 87 75 parts
1991 2349 37 75 or
2043 2349 149 75 divifions
2208 2349 49 75 in-

1279 2394 35 75 to
1335 2394 105 75 which
1465 2394 156 75 tragedies
1646 2394 63 75 and
1733 2394 157 75 comedies
1916 2394 53 75 are
1992 2394 163 75 generally
2170 2394 86 75 fplit.

1280 2441 168 75 Dramatic
1464 2441 220 75 compolitions
1700 2441 122 75 ufually
1830 2441 108 75 confift
1950 2441 39 75 of
2001 2441 59 75 five
2073 2441 77 75 adts.
2190 2441 69 75 But

1279 2487 64 75 this
1366 2487 129 75 divifion
1519 2487 28 75 is
1571 2487 56 75 not
1651 2487 174 75 eflentially
1848 2487 170 75 neceffary,
2043 2487 57 75 but
2122 2487 74 75 may
2217 2487 41 75 be

1279 2534 110 75 varied
1403 2534 169 75 according
1588 2534 35 75 to
1638 2534 55 75 the
1708 2534 137 75 humour
1861 2534 40 75 of
1920 2534 56 75 the
1996 2534 128 75 author,
2149 2534 37 75 or
2202 2534 55 75 the

1281 2581 110 75 nature
1406 2581 41 75 of
1464 2581 55 75 the
1535 2581 134 75 fubjedt.
1719 2581 62 75 See
1796 2581 161 75 Drama.

1234 2628 85 75 Act
1338 2628 42 75 of
1387 2628 113 75 grace.
1551 2628 61 75 See
1628 2628 152 75 Grace.

1234 2672 191 75 ACTiEA,
1448 2672 33 75 in
1497 2672 131 75 botany,
1654 2672 18 75 a
1688 2672 97 75 gepus
1802 2672 40 75 of
1859 2672 56 75 the
1937 2672 187 75 polyandria
2145 2672 111 75 mono-

1282 2719 93 75 gynia
1390 2719 91 75 clafs.
1528 2719 113 75 There
1667 2719 56 75 are
1746 2719 90 75 three
1860 2719 117 75 fpecies
2003 2719 40 75 of
2062 2719 64 75 this
2154 2719 101 75 plant,

1282 2766 69 75 viz.
1374 2766 56 75 the
1454 2766 93 75 adftea
1573 2766 130 75 fpicata,
1733 2766 38 75 or
1794 2766 231 75 bone-berries,
2057 2766 105 75 which
2186 2766 26 75 is
2238 2766 19 75 a

1281 2813 103 75 native
1401 2813 39 75 of
1458 2813 146 75 Britain;
1630 2813 55 75 the
1700 2813 170 75 racemofa,
1895 2813 107 75 which
2016 2813 27 75 is
2061 2813 19 75 a
2094 2813 104 75 native
2221 2813 41 75 of

1281 2860 171 75 America;
1478 2860 62 75 and
1555 2860 55 75 the
1627 2860 193 75 cimicifuga,
1837 2860 104 75 which
1958 2860 27 75 is
1997 2860 19 75 a
2030 2860 106 75 native
2153 2860 40 75 of
2204 2860 51 75 Si-

1280 2905 100 75 beria.

1233 2954 188 75 ACTIAN
1442 2954 124 75 games,
1601 2954 34 75 In
1661 2954 127 75 Roman
1817 2954 172 75 antiquity,
2025 2954 84 75 were
2137 2954 119 75 folemn

1750 3000 26 75 F

2151 3000 106 75 games
