2428 3377
95 136 79 75 228

661 136 42 75 A
819 136 43 75 N
976 136 44 75 A
1133 136 37 75 T

93 203 63 75 and
184 203 53 75 the
266 203 198 75 glandulous.
484 203 182 75 membrane
693 203 40 75 oF
756 203 57 75 the
840 203 154 75 pofterior
1023 203 105 75 nares,

95 249 140 75 through
252 249 55 75 the
320 249 143 75 foramen
483 249 325 75 fpheno-palatinum.

142 296 31 75 It
197 296 26 75 is
248 296 189 75 diitributed
461 296 170 75 interiorly
655 296 63 75 and
742 296 150 75 laterally
917 296 37 75 to
971 296 55 75 the
1044 296 88 75 parts

94 341 169 75 contained
285 341 32 75 in
342 341 54 75 the
418 341 97 75 orbit,
543 341 63 75 and
634 341 151 75 detaches
813 341 20 75 a
860 341 88 75 fmall
972 341 161 75 fubaltern

96 388 119 75 branch
232 388 139 75 through
395 388 56 75 the
467 388 177 75 extremity
667 388 41 75 of
730 388 57 75 the
815 388 144 75 fuperior
975 388 157 75 orbitary,

96 436 37 75 or
149 436 185 75 fphenoidal
357 436 116 75 liiTure,
498 436 105 75 which
632 436 106 75 enters
764 436 56 75 the
845 436 155 75 cranium,
1028 436 63 75 and
1107 436 27 75 is

96 482 26 75 1'
122 482 65 75 pent
203 482 85 75 upon
300 482 55 75 the
371 482 81 75 dura
469 482 114 75 mater.

146 528 33 75 It
199 528 91 75 fends
307 528 52 75 off
378 528 64 75 like
444 528 74 75 wife
540 528 137 75 another
693 528 158 75 fubaltern
869 528 134 75 branch,
1028 528 107 75 which

96 576 101 75 paffes
213 576 141 75 through
370 576 62 75 the.
451 576 153 75 potlerior
628 576 138 75 opening
791 576 40 75 of
851 576 56 75 the
924 576 144 75 orbitary
1084 576 53 75 ca-

98 623 66 75 nal,
189 623 62 75 and
277 623 118 75 having
421 623 165 75 furnifbed
609 623 55 75 the
690 623 175 75 maxillary
891 623 79 75 Gnus
996 623 64 75 and
1083 623 55 75 the

101 667 100 75 teeth,
227 667 77 75 goes
323 667 56 75 out
393 667 42 75 by
451 667 56 75 the
522 667 134 75 inferior
671 667 146 75 orbitary
833 667 87 75 hole,
946 667 64 75 and
1025 667 42 75 on
1084 667 55 75 the

100 714 101 75 cheek
213 714 247 75 communicates
473 714 79 75 with
570 714 55 75 the
642 714 131 75 angular
790 714 119 75 artery.

148 762 77 75 Tlie
240 762 118 75 fecond
373 762 120 75 branch
509 762 75 75 runs
601 762 142 75 through
760 762 55 75 the
832 762 91 75 canal
942 762 40 75 of
994 762 54 75 the
1059 762 80 75 low-

101 808 36 75 er
155 808 79 75 jaw,
260 808 62 75 and
348 808 96 75 being
464 808 192 75 diftributed
682 808 36 75 to
744 808 57 75 the
826 808 115 75 alveoli
958 808 63 75 and
1038 808 101 75 teeth,

102 856 77 75 goes
195 856 58 75 out
269 856 34 75 at
319 856 55 75 the
385 856 74 75 hole
476 856 77 75 near
569 856 56 75 the
641 856 86 75 chin,
753 856 64 75 and
834 856 81 75 lofes
935 856 91 75 itfelf
1036 856 33 75 in
1086 856 55 75 the

107 900 236 75 neighbouring
360 900 146 75 mufcles.

150 947 78 75 The
244 947 88 75 third
354 947 119 75 branch
491 947 75 75 runs
575 947 44 75 iap
629 947 144 75 between
786 947 55 75 the
858 947 133 75 internal
1005 947 64 75 and
1085 947 58 75 ex-

103 994 104 75 ternal
221 994 153 75 carotids,
399 994 98 75 paffes
514 994 139 75 through
672 994 55 75 the
743 994 143 75 foramen
902 994 118 75 fpinale
1036 994 41 75 of
1088 994 56 75 the

103 1040 186 75 fphenpidal
305 1040 94 75 bone,
425 1040 62 75 and
505 1040 27 75 is
549 1040 189 75 diitributed
754 1040 35 75 to
812 1040 55 75 the
883 1040 81 75 dura
982 1040 102 75 mater
1100 1040 44 75 by

103 1086 121 75 feveral
241 1086 240 75 ramifications.

153 1134 77 75 The
246 1134 85 75 lixth
356 1134 140 75 anterior
523 1134 38 75 or
587 1134 136 75 internal
740 1134 133 75 branch,
899 1134 107 75 which
1022 1134 27 75 is
1066 1134 79 75 very

107 1180 105 75 fmall,
235 1180 29 75 is
280 1180 90 75 fpent
381 1180 41 75 on
433 1180 56 75 the
506 1180 157 75 mufculus
680 1180 157 75 maffeter.

155 1226 77 75 The
248 1226 65 75 lirlt
324 1226 145 75 external
489 1226 38 75 or
544 1226 151 75 pollerior
714 1226 121 75 branch
859 1226 26 75 is
897 1226 115 75 named
1029 1226 117 75 arteria

107 1273 192 75 occipitalis.
348 1273 33 75 It
393 1273 96 75 paffes
507 1273 168 75 obliquely
692 1273 109 75 before
825 1273 55 75 the
896 1273 138 75 internal
1047 1273 97 75 jugu-

109 1320 49 75 lar
170 1320 84 75 vein,
272 1320 63 75 and
346 1320 117 75 having
475 1320 93 75 twigs
581 1320 35 75 to
633 1320 55 75 the
700 1320 158 75 mufculas
871 1320 274 75 ftylo-hyoidseus,

110 1366 230 75 ftylo-gloffus,
367 1366 61 75 and
441 1366 199 75 digaltricus,
664 1366 27 75 it
711 1366 75 75 runs
806 1366 145 75 between
963 1366 56 75 the
1032 1366 115 75 Ityloid

111 1415 63 75 and
195 1415 133 75 maftoid
348 1415 188 75 apophyfes,
562 1415 96 75 along
681 1415 56 75 the
765 1415 133 75 maftoid
925 1415 133 75 groove,
1085 1415 62 75 and

112 1460 76 75 goes
206 1460 35 75 to
257 1460 57 75 the
329 1460 133 75 mufcles
479 1460 63 75 and
558 1460 215 75 integuments
797 1460 106 75 which
920 1460 95 75 cover
1038 1460 56 75 the
1110 1460 35 75 os

110 1506 158 75 occipitis,
293 1506 130 75 turning
438 1506 120 75 feveral
575 1506 92 75 times
690 1506 33 75 in
741 1506 39 75 an
795 1506 188 75 undulating
1004 1506 143 75 manner,

113 1555 35 75 as
165 1555 27 75 it
208 1555 130 75 afcends
355 1555 200 75 backwards.

159 1600 78 75 The
254 1600 117 75 fecond
385 1600 146 75 external
556 1600 119 75 branch
701 1600 126 75 fpreads
844 1600 90 75 itfelf
944 1600 42 75 on
1003 1600 56 75 the
1075 1600 73 75 out-

113 1645 91 75 ward
220 1645 66 75 ear,
311 1645 44 75 by
372 1645 18 75 a
405 1645 90 75 great
513 1645 95 75 many
629 1645 89 75 fmall
736 1645 93 75 twigs
847 1645 42 75 on
904 1645 79 75 each
1000 1645 76 75 fide,
1101 1645 47 75 fe-

114 1693 89 75 veral
227 1693 40 75 of
288 1693 103 75 which
420 1693 58 75 run
501 1693 133 75 inward,
661 1693 61 75 and
744 1693 119 75 furnilh
887 1693 55 75 the
967 1693 181 75 cartilages,

114 1738 124 75 meatus
263 1738 190 75 auditorius,
478 1738 66 75 Ikin
572 1738 40 75 of
633 1738 55 75 the
711 1738 198 75 tympanum,
935 1738 64 75 and
1014 1738 135 75 internal

113 1787 70 75 ear.

163 1832 76 75 The
262 1832 98 75 trunk
375 1832 42 75 of
435 1832 56 75 the
515 1832 147 75 external
687 1832 123 75 carotid
834 1832 129 75 afcends
979 1832 172 75 afterward

116 1880 102 75 above
234 1880 56 75 the
306 1880 150 75 zygoma,
479 1880 118 75 paffing
612 1880 143 75 between
772 1880 56 75 the
845 1880 92 75 angle
957 1880 40 75 of
1004 1880 55 75 the
1070 1880 79 75 low-

116 1926 38 75 er
166 1926 67 75 jaw
246 1926 60 75 and
324 1926 126 75 parotid
466 1926 109 75 gland,
601 1926 61 75 and
674 1926 100 75 forms
787 1926 55 75 the
857 1926 156 75 temporal
1029 1926 120 75 artery,

118 1971 107 75 which
252 1971 127 75 divides
404 1971 69 75 into
501 1971 39 75 an
567 1971 151 75 anterior,
751 1971 132 75 middle,
909 1971 63 75 and
998 1971 154 75 pollerior

121 2018 135 75 branch.

165 2064 78 75 The
260 2064 139 75 anterior
419 2064 120 75 branch
566 2064 40 75 of
624 2064 56 75 the
704 2064 156 75 temporal
884 2064 107 75 artery
1015 2064 76 75 goes
1116 2064 35 75 to

121 2112 57 75 the
204 2112 156 75 mufculus
386 2112 158 75 frontalis,
577 2112 245 75 communicates
856 2112 78 75 with
956 2112 55 75 the
1036 2112 117 75 arteria

122 2157 172 75 angularis,
319 2157 61 75 and
402 2157 180 75 fometimes
605 2157 88 75 gives
713 2157 52 75 off
784 2157 19 75 a
825 2157 79 75 very
922 2157 90 75 fmall
1032 2157 120 75 artery,

123 2204 107 75 which
245 2204 120 75 pierces
389 2204 55 75 the
466 2204 136 75 internal
626 2204 165 75 apophyfis
814 2204 41 75 of
871 2204 55 75 the
950 2204 37 75 os
1004 2204 89 75 mate
1111 2204 42 75 all

124 2252 56 75 the
196 2252 72 75 way
279 2252 35 75 to
330 2252 55 75 the
401 2252 98 75 orbit.
546 2252 77 75 The
639 2252 121 75 middle
776 2252 119 75 branch
913 2252 76 75 goes
1001 2252 106 75 partly
1119 2252 35 75 to

125 2298 55 75 the
192 2298 157 75 mufculus
366 2298 159 75 frontalis,
543 2298 105 75 partly
659 2298 35 75 to
706 2298 55 75 the
772 2298 190 75 occipitalis.
1009 2298 77 75 The
1097 2298 58 75 po-

127 2343 110 75 llerior
249 2343 120 75 branch
382 2343 75 75 goes
470 2343 35 75 to
517 2343 55 75 the
584 2343 139 75 occiput,
743 2343 64 75 and
816 2343 247 75 communicates
1075 2343 80 75 with

125 2391 56 75 the
198 2391 117 75 arteria
338 2391 189 75 occipitalis.
574 2391 59 75 All
657 2391 88 75 thefe
763 2391 155 75 branches
933 2391 140 75 likewife
1089 2391 67 75 fur-

128 2437 67 75 nilh
212 2437 57 75 the
284 2437 226 75 integuments.
601 2437 14 75 /

173 2483 77 75 The
262 2483 136 75 internal
414 2483 125 75 carotid
556 2483 120 75 artery,
693 2483 125 75 leaving
836 2483 56 75 the
904 2483 128 75 general
1048 2483 110 75 trunk,

128 2530 27 75 is
172 2530 33 75 at
222 2530 63 75 firll
301 2530 19 75 a
335 2530 83 75 little
433 2530 199 75 incurvated,
657 2530 170 75 appearing
844 2530 33 75 as
889 2530 31 75 if
924 2530 102 75 either
1037 2530 26 75 it
1074 2530 85 75 were

127 2577 58 75 the
202 2577 76 75 only
293 2577 121 75 branch
430 2577 39 75 of
488 2577 70 75 that
574 2577 109 75 trunk,
707 2577 38 75 or
767 2577 18 75 a
801 2577 118 75 branch
938 2577 39 75 of
996 2577 55 75 the
1063 2577 97 75 trunk

130 2623 41 75 of
189 2623 56 75 the
261 2623 145 75 external
423 2623 134 75 carotid.

178 2669 32 75 It
225 2669 28 75 is
270 2669 133 75 fituated
427 2669 17 75 a
462 2669 86 75 little
571 2669 89 75 more
684 2669 173 75 backward
876 2669 77 75 than
972 2669 57 75 the
1045 2669 116 75 carotis

132 2715 146 75 externa,
303 2715 65 75 and
377 2715 164 75 generally
552 2715 74 75 runs
640 2715 52 75 up,
718 2715 137 75 without
866 2715 63 75 any
940 2715 220 75 ramification,

131 2762 35 75 as
182 2762 78 75 high
277 2762 33 75 as
327 2762 55 75 the
398 2762 99 75 lower
513 2762 108 75 orifice
637 2762 41 75 of
684 2762 56 75 the
752 2762 91 75 great
859 2762 90 75 canal
965 2762 39 75 of
1011 2762 56 75 the
1084 2762 76 75 apo-

133 2808 101 75 phyfis
253 2808 124 75 petrofa
401 2808 40 75 of
454 2808 55 75 the
532 2808 38 75 os
594 2808 166 75 temporis.
807 2808 34 75 It
852 2808 106 75 enters
974 2808 63 75 this
1054 2808 108 75 orifice

133 2854 135 75 direftly
282 2854 84 75 from
378 2854 105 75 below
499 2854 143 75 upward.

182 2898 49 75 At
246 2898 54 75 the
317 2898 61 75 end
401 2898 40 75 of
459 2898 64 75 this
549 2898 88 75 canal
661 2898 26 75 it
710 2898 28 75 is
761 2898 92 75 again
875 2898 186 75 incurvated
1076 2898 86 75 from

135 2946 105 75 below
257 2946 142 75 upward,
425 2946 62 75 and
509 2946 105 75 enters
630 2946 56 75 the
702 2946 141 75 cranium
865 2946 142 75 through
1030 2946 18 75 a
1064 2946 98 75 notch

135 2994 42 75 of
195 2994 54 75 the
264 2994 184 75 fphenoidal
459 2994 95 75 bone.
598 2994 102 75 Then
710 2994 27 75 it
748 2994 100 75 bends
864 2994 85 75 from
960 2994 119 75 behind
1094 2994 68 75 for-

1292 135 40 75 O
1450 135 49 75 M
1610 135 58 75 Y.

2028 135 101 75 Part
2157 135 64 75 lit.

1181 204 101 75 v/ard,
1309 204 62 75 and
1387 204 108 75 makes
1512 204 19 75 a
1553 204 89 75 third
1665 204 92 75 angle
1781 204 41 75 on
1847 204 56 75 the
1928 204 63 75 fide
2015 204 41 75 of
2075 204 55 75 the
2146 204 76 75 fella

1182 252 213 75 fphenoidalis
1408 252 9 75 ;
1445 252 63 75 and
1525 252 89 75 again
1633 252 20 75 a
1667 252 126 75 fourth,
1819 252 101 75 under
1936 252 55 75 the
2008 252 121 75 clinoid
2145 252 76 75 apo-

1184 299 104 75 phyfis
1305 299 41 75 of
1367 299 71 75 that
1454 299 90 75 fella.

1232 345 47 75 As
1304 345 26 75 it
1347 345 104 75 leaves
1469 345 57 75 the
1550 345 86 75 bony
1660 345 88 75 canal
1766 345 35 75 to
1817 345 91 75 enter
1935 345 55 75 the
2016 345 154 75 cranium,
2194 345 27 75 it

1185 392 92 75 fends
1294 392 50 75 off
1365 392 20 75 a
1400 392 119 75 branch
1537 392 140 75 through
1696 392 54 75 the
1767 392 185 75 fphenoidal
1978 392 104 75 fiffure
2106 392 36 75 to
2165 392 57 75 the

1186 438 85 75 orbit
1293 438 63 75 and
1371 438 71 75 eye,
1468 438 63 75 and
1550 438 77 75 foon
1645 438 187 75 afterwards
1849 438 136 75 another
2001 438 144 75 through
2165 438 57 75 the

1186 484 146 75 foramen
1348 484 155 75 opticum.

1233 530 205 75 Afterwards
1455 530 54 75 the
1526 530 136 75 internal
1679 530 126 75 carotid
1815 530 74 75 runs
1907 530 102 75 under
2021 530 55 75 the
2090 530 79 75 bafis
2186 530 41 75 of

1186 578 57 75 the
1256 578 103 75 brain,
1384 578 35 75 to
1437 578 54 75 the
1503 578 63 75 fide
1578 578 40 75 of
1626 578 54 75 the
1690 578 248 75 infundibulum,
1964 578 106 75 where
2082 578 26 75 it
2119 578 28 75 is
2159 578 32 75 at
2203 578 20 75 a

1188 623 89 75 fmall
1293 623 137 75 dillance
1442 623 84 75 from
1544 623 55 75 the
1611 623 135 75 internal
1763 623 125 75 carotid
1903 623 40 75 of
1962 623 56 75 the
2034 623 93 75 other
2145 623 75 75 fide,

1189 670 64 75 and
1261 670 92 75 there
1370 670 24 75 it
1407 670 182 75 commonly
1602 670 123 75 divides
1738 670 68 75 into
1816 670 65 75 two
1889 670 155 75 principal
2053 670 168 75 branches,

1190 717 60 75 one
1263 717 152 75 anterior,
1440 717 63 75 and
1519 717 60 75 one
1596 717 166 75 pofterior.

1236 763 77 75 The
1338 763 140 75 anterior
1502 763 120 75 Branch
1651 763 74 75 runs
1750 763 142 75 forward
1915 763 103 75 under
2039 763 56 75 the
2120 763 102 75 brain,

1190 809 64 75 firft
1271 809 178 75 feparating
1464 809 85 75 from
1565 809 72 75 that
1655 809 42 75 on
1721 809 56 75 the
1793 809 96 75 other
1903 809 76 75 fide,
2004 809 77 75 then
2097 809 127 75 coming

1191 856 111 75 nearer
1314 856 104 75 again,
1443 856 25 75 it
1481 856 104 75 unites
1597 856 79 75 with
1691 856 27 75 it
1736 856 44 75 by
1796 856 39 75 an
1853 856 209 75 anaftomofis,
2080 856 40 75 or
2134 856 88 75 com-

1191 901 206 75 munication,
1414 901 35 75 in
1463 901 55 75 the
1533 901 156 75 interllice
1706 901 142 75 between
1861 901 56 75 the
1927 901 158 75 olfadtory
2097 901 124 75 nerves.

1192 948 203 75 Afterwards
1420 948 117 75 having
1561 948 68 75 fent
1653 948 52 75 off
1723 948 86 75 fome
1834 948 89 75 fmall
1947 948 145 75 arteries,
2117 948 107 75 which

1194 995 193 75 accompany
1403 995 87 75 thefe
1507 995 124 75 nerves,
1656 995 26 75 it
1697 995 105 75 leaves
1819 995 41 75 its
1877 995 121 75 fellow,
2023 995 64 75 and
2101 995 123 75 divides

1194 1042 67 75 into
1276 1042 65 75 two
1360 1042 36 75 or
1413 1042 106 75 three.

1242 1088 76 75 The
1335 1088 63 75 firll
1415 1088 39 75 of
1474 1088 87 75 thefe
1584 1088 155 75 branches
1764 1088 76 75 goes
1865 1088 36 75 to
1917 1088 55 75 the
1988 1088 140 75 anterior
2150 1088 75 75 lobe

1194 1134 39 75 of
1252 1134 57 75 the
1331 1134 112 75 brain;
1470 1134 57 75 the
1549 1134 129 75 fecond,
1704 1134 106 75 which
1833 1134 26 75 is
1884 1134 180 75 fometimes
2092 1134 131 75 double,

1194 1180 26 75 is
1236 1180 146 75 inverted
1394 1180 41 75 on
1452 1180 56 75 the
1524 1180 115 75 corpus
1655 1180 164 75 callofum,
1837 1180 35 75 to
1885 1180 105 75 which
2001 1180 26 75 it
2039 1180 88 75 gives
2138 1180 87 75 fome

1195 1226 235 75 ramifications,
1456 1226 33 75 as
1506 1226 64 75 alfo
1587 1226 34 75 to
1638 1226 56 75 the
1710 1226 71 75 falx
1797 1226 40 75 of
1855 1226 56 75 the
1926 1226 82 75 dura
2019 1226 113 75 mater,
2161 1226 64 75 and

1196 1273 119 75 middle
1339 1273 74 75 lobe
1437 1273 39 75 of
1495 1273 55 75 the
1574 1273 104 75 brain.
1725 1273 78 75 The
1827 1273 87 75 third
1939 1273 75 75 goes
2031 1273 36 75 to
2094 1273 56 75 the
2166 1273 57 75 po-

1194 1319 115 75 fterior
1326 1319 74 75 lobe
1416 1319 39 75 of
1474 1319 56 75 the
1546 1319 104 75 brain.

1241 1366 76 75 The
1342 1366 150 75 pofterior
1517 1366 120 75 branch
1667 1366 247 75 communicates
1938 1366 65 75 firft
2020 1366 40 75 of
2078 1366 44 75 all
2145 1366 78 75 with

1195 1413 55 75 the
1266 1413 160 75 vertebral
1444 1413 107 75 artery
1573 1413 40 75 of
1632 1413 56 75 the
1712 1413 83 75 fame
1819 1413 74 75 fide,
1918 1413 63 75 and
2003 1413 77 75 then
2101 1413 123 75 divides

1198 1458 68 75 into
1276 1458 119 75 feveral
1412 1458 91 75 rami,
1529 1458 106 75 which
1653 1458 57 75 run
1727 1458 144 75 between
1898 1458 57 75 the
1971 1458 175 75 fuperncial
2161 1458 63 75 cir-

1199 1504 233 75 cumvolutions
1450 1504 40 75 of
1501 1504 56 75 the
1574 1504 102 75 brain,
1710 1504 61 75 and
1788 1504 53 75 are
1853 1504 141 75 ramified
2005 1504 33 75 in
2054 1504 96 75 many
2160 1504 65 75 di

1197 1551 104 75 ferent
1316 1551 169 75 directions
1502 1551 55 75 on.'
1566 1551 63 75 and
1653 1551 143 75 between
1821 1551 88 75 thefe
1931 1551 293 75 circumvolutions,

1199 1598 42 75 all
1258 1598 55 75 the
1327 1598 69 75 way
1408 1598 36 75 to
1460 1598 55 75 the
1531 1598 126 75 bottom
1673 1598 40 75 of
1732 1598 54 75 the
1797 1598 90 75 fulci.

1247 1645 56 75 All
1320 1645 87 75 thefe
1424 1645 225 75 ramifications
1668 1645 52 75 are
1744 1645 135 75 covered
1896 1645 46 75 by
1956 1645 56 75 the
2036 1645 52 75 pia
2109 1645 114 75 mater,

1197 1691 32 75 in
1242 1691 55 75 the
1313 1691 200 75 duplicature
1525 1691 40 75 of
1577 1691 104 75 which
1695 1691 78 75 they
1784 1691 53 75 are
1849 1691 200 75 diftributed,
2067 1691 62 75 and
2141 1691 84 75 form

1201 1737 152 75 capillary
1372 1737 148 75 reticular
1535 1737 146 75 textures
1697 1737 31 75 in
1745 1737 90 75 great
1851 1737 149 75 numbers
2013 1737 9 75 ;
2049 1737 63 75 and
2127 1737 99 75 after-

1200 1783 103 75 wards
1322 1783 52 75 are
1385 1783 59 75 loft
1460 1783 33 75 in
1510 1783 55 75 the
1576 1783 90 75 inner
1678 1783 159 75 fubftance
1852 1783 41 75 of
1910 1783 57 75 the
1982 1783 103 75 brain.

1246 1830 76 75 The
1344 1830 249 75 Subclavian
1613 1830 129 75 arteries
1767 1830 53 75 are
1848 1830 67 75 two
1938 1830 32 75 in
1995 1830 145 75 number,
2166 1830 61 75 one

1199 1876 98 75 right,
1314 1876 56 75 the
1386 1876 94 75 other
1495 1876 81 75 left;
1595 1876 62 75 and
1673 1876 79 75 they
1763 1876 79 75 arife
1857 1876 86 75 from
1960 1876 56 75 the
2032 1876 75 75 arch
2119 1876 40 75 of
2171 1876 56 75 the

1201 1922 102 75 aorta,
1328 1922 42 75 on
1388 1922 78 75 each
1483 1922 62 75 fide
1561 1922 41 75 of
1620 1922 55 75 the
1691 1922 62 75 left
1767 1922 137 75 carotid,
1929 1922 105 75 which
2046 1922 183 75 commonly

1199 1968 58 75 lies
1273 1968 31 75 in
1322 1968 55 75 the
1394 1968 120 75 middle
1536 1968 142 75 between
1695 1968 86 75 them
1796 1968 10 75 ;
1833 1968 59 75 but
1916 1968 93 75 when
2034 1968 78 75 both
2137 1968 90 75 caro-

1200 2014 65 75 tids
1290 2014 41 75 go
1356 2014 57 75 out
1437 2014 189 75 feparately,
1651 2014 78 75 they
1749 2014 81 75 both
1852 2014 41 75 lie
1915 2014 144 75 between
2075 2014 56 75 the
2154 2014 73 75 fub-

1204 2059 121 75 clavte.

1249 2107 76 75 The
1342 2107 86 75 right
1448 2107 180 75 fubclavian
1651 2107 28 75 is
1703 2107 106 75 larger
1832 2107 33 75 at
1889 2107 56 75 the
1965 2107 173 75 begioning
2153 2107 78 75 than

1203 2154 55 75 the
1274 2154 74 75 left,
1372 2154 94 75 when
1482 2154 26 75 it
1530 2154 158 75 produces
1712 2154 55 75 the
1793 2154 86 75 right
1895 2154 146 75 carotid;
2067 2154 42 75 its
2128 2154 103 75 origin

1204 2201 25 75 is
1245 2201 140 75 likewife
1404 2201 89 75 more
1509 2201 140 75 anterior
1665 2201 61 75 and
1746 2201 125 75 higher,
1897 2201 131 75 becaufe
2044 2201 40 75 of
2103 2201 54 75 the
2173 2201 58 75 ob-

1204 2246 118 75 liquity
1338 2246 40 75 of
1396 2246 55 75 the
1467 2246 76 75 arch
1561 2246 40 75 of
1619 2246 55 75 the
1694 2246 102 75 aorta.
1846 2246 89 75 Both
1951 2246 41 75 of
2009 2246 87 75 them
2113 2246 53 75 are
2182 2246 49 75 di*

1205 2293 153 75 ftributed
1379 2293 96 75 much
1496 2293 33 75 in
1553 2293 57 75 the
1633 2293 83 75 fame
1740 2293 141 75 manner,
1906 2293 62 75 and
1992 2293 162 75 therefore
2177 2293 56 75 the

1206 2339 190 75 defeription
1414 2339 39 75 of
1471 2339 61 75 one
1554 2339 73 75 may
1641 2339 139 75 likewife
1804 2339 38 75 be
1858 2339 128 75 applied
2002 2339 36 75 to
2054 2339 56 75 the
2127 2339 105 75 other.

1253 2386 77 75 The
1353 2386 87 75 right
1463 2386 192 75 fubclavian,
1680 2386 55 75 the
1761 2386 120 75 longeft
1904 2386 41 75 of
1963 2386 56 75 the
2043 2386 77 75 two,
2145 2386 88 75 gives

1210 2435 58 75 off,
1293 2435 65 75 firft
1374 2435 40 75 of
1434 2435 54 75 all,
1513 2435 89 75 fmall
1619 2435 130 75 arteries
1773 2435 35 75 to
1825 2435 54 75 the
1902 2435 230 75 mediaftinum,
2159 2435 73 75 thy-

1209 2481 81 75 mus,
1315 2481 224 75 pericardium,
1564 2481 106 75 afpera
1687 2481 127 75 arteria,
1841 2481 63 75 &c.
1930 2481 104 75 which
2052 2481 52 75 are
2120 2481 115 75 named

1210 2525 235 75 mediaftinum,
1471 2525 154 75 thymic*,
1645 2525 208 75 pericardia,
1879 2525 60 75 and
1957 2525 189 75 tracheales.

1258 2570 186 75 Afterward
1470 2570 64 75 this
1559 2570 88 75 right
1674 2570 191 75 fubclavian,
1891 2570 33 75 at
1947 2570 108 75 about?
2069 2570 20 75 a
2108 2570 126 75 fingers

1209 2618 137 75 breadth
1362 2618 84 75 from
1462 2618 41 75 its
1519 2618 116 75 origin,
1660 2618 88 75 often
1768 2618 156 75 produces
1943 2618 55 75 the
2014 2618 145 75 common
2183 2618 52 75 ca-

1211 2666 86 75 rotid
1312 2666 40 75 of
1369 2666 56 75 the
1440 2666 83 75 fame
1539 2666 85 75 fide;
1650 2666 63 75 and
1736 2666 34 75 at
1794 2666 19 75 a
1836 2666 89 75 fmall
1949 2666 127 75 fingers
2100 2666 136 75 breadth

1210 2713 84 75 from
1317 2713 55 75 the
1393 2713 137 75 carotid,
1554 2713 27 75 it
1603 2713 87 75 gives
1707 2713 52 75 off
1778 2713 181 75 commonly
1974 2713 90 75 three
2080 2713 157 75 confider-

1212 2758 70 75 able
1308 2758 167 75 branches,
1506 2758 71 75 viz.
1602 2758 55 75 the
1684 2758 185 75 mammaria
1894 2758 134 75 interna,
2061 2758 175 75 cervicalis,

1212 2805 63 75 and
1304 2805 202 75 vertebralis,
1542 2805 61 75 and
1632 2805 178 75 fometimes
1838 2805 39 75 an
1908 2805 178 75 intercoftal
2117 2805 119 75 artery,

1209 2852 108 75 which
1334 2852 76 75 goes
1427 2852 34 75 to
1472 2852 56 75 the
1544 2852 63 75 firft
1619 2852 78 75 ribs,
1722 2852 105 75 called
1842 2852 212 75 intercojlalis
2070 2852 166 75 fuperior.

1258 2898 77 75 The
1351 2898 117 75 arteria
1482 2898 141 75 thymica
1634 2898 246 75 communicates
1891 2898 80 75 with
1987 2898 55 75 the
2058 2898 182 75 mammaria

1211 2945 136 75 interna,
1372 2945 63 75 and
1456 2945 178 75 fometimes
1658 2945 94 75 arifes
1778 2945 84 75 from
1886 2945 54 75 the
1964 2945 139 75 anterior
2120 2945 118 75 middle

1211 2992 72 75 part
1298 2992 41 75 of
1357 2992 56 75 the
1429 2992 149 75 common
1592 2992 98 75 trunk
1705 2992 40 75 of
1756 2992 55 75 the
1826 2992 181 75 fubclavian
2023 2992 63 75 and
2102 2992 134 75 carotid.

1211 2997 18 49 r

2161 3015 76 75 TIp
