2428 3377
78 160 101 75 Part
197 160 30 75 I.

621 160 41 75 A
780 160 42 75 N
939 160 38 75 A
1099 160 39 75 T

123 221 77 75 The
218 221 203 75 Sternum,
440 221 37 75 or
489 221 209 75 breaft-bone,
717 221 25 75 is
765 221 54 75 the
836 221 100 75 broad
953 221 55 75 flat
1025 221 82 75 bone

75 268 38 75 or
137 268 65 75 pile
220 268 42 75 of
280 268 110 75 bones,
416 268 33 75 at
473 268 56 75 the
552 268 159 75 fore-part
739 268 41 75 of
803 268 55 75 the
886 268 218 75 thorax.—In

75 314 106 75 adults
198 314 40 75 of
258 314 19 75 a
292 314 119 75 middle
432 314 70 75 age,
528 314 26 75 it
578 314 26 75 is
628 314 168 75 compofed
820 314 42 75 of
878 314 90 75 three
993 314 110 75 bones,

75 360 106 75 which
198 360 93 75 eafily
307 360 140 75 feparate
464 360 83 75 after
563 360 55 75 the
635 360 166 75 cartilages
815 360 185 75 conne&ing
1016 360 88 75 them

75 407 53 75 are
152 407 180 75 deftroyed.
396 407 200 75 Frequently
622 407 55 75 the
705 407 66 75 two
799 407 100 75 lower
925 407 97 75 bones
1051 407 54 75 are

74 453 101 75 found
190 453 180 75 intimately
385 453 131 75 united;
543 453 63 75 and
627 453 78 75 very
722 453 89 75 often
840 453 30 75 in
894 453 56 75 old
977 453 125 75 people,

74 499 55 75 the
145 499 137 75 fternum
298 499 27 75 is
341 499 20 75 a
377 499 173 75 continued
578 499 86 75 bony
686 499 159 75 fubftance
861 499 84 75 from
963 499 59 75 one
1040 499 63 75 end

74 546 34 75 to
125 546 54 75 the
195 546 116 75 other;
346 546 123 75 though
498 546 48 75 we
574 546 61 75 ftill
660 546 131 75 obferve
819 546 77 75 two,
922 546 180 75 fometimes

74 592 104 75 three,
196 592 172 75 tranfverfe
377 592 78 75 lines
472 592 42 75 on
530 592 41 75 its
588 592 144 75 furface;
753 592 105 75 which
876 592 53 75 are
946 592 105 75 marks
1069 592 41 75 of

73 639 55 75 the
145 639 120 75 former
281 639 161 75 divisions.

120 683 111 75 When
243 683 49 75 we
308 683 141 75 coufider
464 683 56 75 the
536 683 136 75 fternum
689 683 33 75 as
740 683 61 75 one
818 683 94 75 bone,
930 683 49 75 we
995 683 66 75 find
1077 683 26 75 it

73 731 146 75 broadelt
246 731 63 75 and
325 731 136 75 thickeft
476 731 114 75 above,
616 731 62 75 and
695 731 167 75 becoming
878 731 126 75 fmaller
1021 731 32 75 as
1076 731 26 75 it

73 777 164 75 defcends.
285 777 76 75 The
378 777 134 75 internal
524 777 124 75 furface
664 777 40 75 of
711 777 63 75 this
786 777 88 75 bone
890 777 26 75 is
930 777 172 75 fomewhat

72 823 163 75 hollowed
250 823 52 75 for
317 823 163 75 enlarging
497 823 54 75 the
568 823 138 75 thorax;
733 823 57 75 but
803 823 55 75 the
870 823 174 75 convexity
1059 823 42 75 on

72 870 55 75 the
144 870 145 75 external
313 870 122 75 furface
452 870 25 75 is
495 870 57 75 not
579 870 35 75 fo
642 870 219 75 confpicuous,
886 870 131 75 becaufe
1045 870 56 75 the

72 917 78 75 fides
167 917 53 75 are
236 917 134 75 preffecL
380 917 162 75 outwards
559 917 44 75 by
625 917 56 75 the
704 917 70 75 true
798 917 66 75 ribs
877 917 9 75 ;
914 917 55 75 the
998 917 105 75 round

70 964 100 75 heads
189 964 40 75 of
246 964 105 75 whofe
368 964 167 75 cartilages
552 964 52 75 are
620 964 147 75 received
781 964 71 75 into
866 964 93 75 feven
976 964 126 75 fmooth

72 1009 75 75 pits,
172 1009 126 75 formed
313 1009 31 75 in
363 1009 78 75 each
461 1009 63 75 fide
547 1009 41 75 of
609 1009 54 75 the
681 1009 149 75 fternum,
856 1009 64 75 and
942 1009 54 75 are
1024 1009 77 75 kept

71 1053 70 75 firm
159 1053 90 75 there
265 1053 44 75 by
324 1053 107 75 ftrong
454 1053 181 75 ligaments,
660 1053 120 75 which,
804 1053 43 75 on
872 1053 54 75 the
954 1053 148 75 external

71 1102 134 75 furface,
222 1102 80 75 have
318 1102 19 75 a
352 1102 172 75 particular
540 1102 145 75 radiated
701 1102 268 75 texture.—The
986 1102 62 75 pits
1069 1102 47 75 at,

72 1149 55 75 the
144 1149 99 75 upper
259 1149 71 75 part
346 1149 41 75 of
399 1149 55 75 the
469 1149 137 75 fternum
625 1149 52 75 are
694 1149 32 75 at
743 1149 55 75 the
814 1149 135 75 greateft
965 1149 137 75 d:ftance

70 1195 59 75 one
144 1195 87 75 from
248 1195 147 75 another,
421 1195 74 75 and,
522 1195 33 75 as
574 1195 77 75 they
667 1195 148 75 defeend,
834 1195 53 75 are
909 1195 132 75 nearer;
1068 1195 34 75 fo

72 1240 73 75 that
161 1240 56 75 the
233 1240 65 75 two
316 1240 106 75 lowed
441 1240 53 75 are
510 1240 203 75 contiguous.

116 1288 76 75 The
207 1288 65 75 firft
288 1288 39 75 of
346 1288 54 75 the
412 1288 91 75 three
519 1288 99 75 bones
630 1288 71 75 that
717 1288 145 75 compofe
878 1288 55 75 the
951 1288 148 75 fternum,

70 1334 42 75 all
124 1334 107 75 agree,
256 1334 26 75 is
305 1334 173 75 fomewhat
502 1334 40 75 of
560 1334 55 75 the
632 1334 101 75 figure
756 1334 39 75 of
816 1334 18 75 a
850 1334 104 75 heart,
980 1334 33 75 as
1030 1334 26 75 it
1074 1334 27 75 is

70 1380 181 75 commonly
263 1380 129 75 painted
403 1380 10 75 ;
440 1380 76 75 only
532 1380 26 75 it
574 1380 77 75 does
677 1380 55 75 not
745 1380 166 75 terminate
928 1380 32 75 in
978 1380 18 75 a
1012 1380 90 75 fharp

70 1426 73 75 pcin
143 1408 14 49 r
157 1426 15 75 .
268 1426 84 75 This
377 1426 25 75 is
427 1426 54 75 the
505 1426 178 75 uppermoft
715 1426 134 75 thickeft
877 1426 71 75 part
975 1426 41 75 of
1046 1426 55 75 the

70 1473 150 75 lienutm.

116 1518 74 75 The
208 1518 99 75 upper
322 1518 121 75 middle
459 1518 70 75 part
546 1518 39 75 of
605 1518 63 75 this
694 1518 65 75 firft
781 1518 94 75 bone,
900 1518 107 75 where
1031 1518 25 75 it
1074 1518 26 75 is

68 1565 145 75 thickeft,
239 1565 26 75 is
284 1565 176 75 hollowed,
485 1565 36 75 to
542 1565 93 75 make
651 1565 89 75 place
757 1565 51 75 for
825 1565 55 75 the
897 1565 131 75 trachea
1051 1565 51 75 ar-

66 1611 102 75 teria;
195 1611 124 75 though
346 1611 63 75 this
436 1611 106 75 cavity
565 1611 26 75 is
617 1611 186 75 principally
829 1611 125 75 formed
978 1611 43 75 by
1045 1611 56 75 the

67 1658 83 75 bone
166 1658 95 75 being
278 1658 101 75 raifed
395 1658 42 75 on
452 1658 79 75 each
555 1658 63 75 fide
640 1658 40 75 of
698 1658 38 75 it,
762 1658 105 75 partly
891 1658 44 75 by
958 1658 55 75 the
1036 1658 64 75 cla-

67 1704 98 75 vicles
181 1704 157 75 thrufting
353 1704 25 75 it
394 1704 150 75 inwards,
570 1704 62 75 and
647 1704 107 75 partly
770 1704 120 75 by-the
914 1704 185 75 fterno-ma-

67 1750 112 75 ftoidei
195 1750 132 75 mufcles
345 1750 122 75 pulling
483 1750 25 75 it
524 1750 161 75 upwards.
781 1750 55 75 On
853 1750 55 75 the
925 1750 122 75 cutfide
1066 1750 42 75 of

68 1796 78 75 each
162 1796 156 75 tubercle,
345 1796 90 75 there
450 1796 27 75 is
495 1796 39 75 an
558 1796 119 75 oblong
699 1796 117 75 cavity,
842 1796 83 75 that,
950 1796 31 75 in
1005 1796 94 75 view-

66 1842 54 75 ing
136 1842 26 75 it
178 1842 209 75 tranfverfely
397 1842 84 75 from
493 1842 111 75 before
616 1842 199 75 backwards,
840 1842 129 75 appears
983 1842 18 75 a
1016 1842 85 75 little

68 1888 144 75 convex:
240 1888 75 75 Into
326 1888 86 75 thefc
425 1888 99 75 glente
537 1888 54 75 the
604 1888 77 75 ends
698 1888 40 75 of
757 1888 55 75 the
824 1888 146 75 clavicles
984 1888 53 75 are
1050 1888 49 75 re-

66 1935 211 75 ceived.—In
298 1935 54 75 the
375 1935 64 75 fide
455 1935 39 75 of
514 1935 54 75 the
585 1935 102 75 under
702 1935 63 75 end
781 1935 41 75 of
839 1935 66 75 this
922 1935 64 75 firft
1003 1935 95 75 bone,

66 1982 55 75 the
148 1982 74 75 half
241 1982 40 75 of
299 1982 57 75 the
379 1982 47 75 pit
450 1982 53 75 for
527 1982 56 75 the
607 1982 114 75 fecond
738 1982 48 75 rib
803 1982 43 75 on
873 1982 77 75 each
979 1982 64 75 fide
1070 1982 26 75 is

66 2027 137 75 formed.
298 2027 77 75 The
391 2027 99 75 upper
502 2027 71 75 part
589 2027 40 75 of
648 2027 55 75 the
723 2027 122 75 furface
861 2027 119 75 behind
999 2027 27 75 is
1044 2027 53 75 co-

65 2074 97 75 vered
188 2074 80 75 with
295 2074 18 75 a
339 2074 106 75 ftrong
470 2074 166 75 ligament,
668 2074 104 75 which
801 2074 124 75 fecures
954 2074 54 75 the
1033 2074 64 75 cla-

65 2120 112 75 vicles.

112 2167 76 75 The
204 2167 118 75 fecond
338 2167 37 75 or
393 2167 117 75 middle
534 2167 130 75 divifion
692 2167 41 75 of
751 2167 65 75 this
839 2167 94 75 bone,
959 2167 26 75 is
1003 2167 95 75 much

67 2212 125 75 longer,
216 2212 175 75 narrower,
417 2212 63 75 and
503 2212 129 75 thinner
655 2212 77 75 than
755 2212 54 75 the
833 2212 84 75 fiift;
944 2212 69 75 but,
1040 2212 57 75 ex-

69 2258 125 75 cepting
226 2258 72 75 that
322 2258 26 75 it
370 2258 27 75 is
426 2258 18 75 a
465 2258 84 75 little
571 2258 163 75 narrower
758 2258 100 75 above
881 2258 75 75 than
979 2258 116 75 below,

64 2304 28 75 it
108 2304 25 75 is
151 2304 111 75 nearly
285 2304 94 75 equal
404 2304 43 75 all
470 2304 78 75 over
570 2304 33 75 in
629 2304 40 75 its
689 2304 187 75 dimenfions
902 2304 41 75 of
961 2304 136 75 breadth

66 2352 37 75 or
119 2352 173 75 thicknefs.
384 2352 42 75 In
443 2352 56 75 the
515 2352 78 75 fides
610 2352 41 75 of
661 2352 25 75 it
710 2352 53 75 are
780 2352 157 75 complete
960 2352 62 75 pits
1046 2352 52 75 for

63 2397 55 75 the
142 2397 100 75 third,
268 2397 123 75 fourth,
415 2397 87 75 fifth,
528 2397 63 75 and
607 2397 83 75 fixth
708 2397 78 75 ribs,
812 2397 61 75 and
902 2397 39 75 an
969 2397 75 75 half
1062 2397 41 75 of

63 2444 54 75 the
134 2444 62 75 pits
211 2444 53 75 for
280 2444 55 75 the
348 2444 115 75 fecond
475 2444 62 75 and
547 2444 143 75 feventh.

110 2489 75 75 Tire
206 2489 87 75 third
310 2489 84 75 bone
410 2489 27 75 is
454 2489 94 75 much
565 2489 59 75 lefs
640 2489 78 75 than
742 2489 55 75 the
813 2489 95 75 other
929 2489 80 75 two,
1034 2489 63 75 and

64 2536 55 75 has
136 2536 77 75 only
236 2536 61 75 one
313 2536 72 75 half
404 2536 40 75 of
463 2536 54 75 the
534 2536 48 75 pit
598 2536 51 75 for
673 2536 54 75 the
752 2536 129 75 feventh
906 2536 47 75 rib
971 2536 126 75 formed

64 2581 30 75 in
111 2581 46 75 it;
184 2581 178 75 wherefore
378 2581 27 75 it
421 2581 104 75 might
540 2581 46 75 be
602 2581 161 75 reckoned
779 2581 77 75 only
877 2581 38 75 an
934 2581 161 75 appendix

64 2627 39 75 of
120 2627 56 75 the
192 2627 149 75 fternum.
437 2627 39 75 In
498 2627 109 75 young
630 2627 134 75 fubjeds
781 2627 25 75 it
819 2627 25 75 is
863 2627 118 75 always
999 2627 96 75 carti-

63 2672 156 75 laginous,
245 2672 62 75 and
325 2672 24 75 is
377 2672 104 75 better
498 2672 116 75 known
630 2672 43 75 by
695 2672 55 75 the
767 2672 91 75 name
875 2672 40 75 of
934 2672 162 75 cartilage

65 2718 27 75 y'
92 2718 143 75 tpboides,
253 2718 36 75 or
306 2718 191 75 enfiforntis,
513 2718 79 75 than
609 2718 61 75 any
686 2718 115 75 other;
826 2718 125 75 though
968 2718 54 75 the
1040 2718 54 75 an-

64 2764 99 75 cients
186 2764 90 75 often
300 2764 104 75 called
420 2764 54 75 the
497 2764 105 75 whole
617 2764 149 75 Jlernum
782 2764 312 75 e>:ftforme.—This

63 2810 89 75 third
167 2810 82 75 bone
266 2810 25 75 is
309 2810 121 75 feldom
455 2810 40 75 of
515 2810 54 75 the
592 2810 83 75 fame
699 2810 110 75 figure,
836 2810 196 75 magnitude,
1058 2810 38 75 or

63 2855 146 75 fituation
227 2855 31 75 in
276 2855 62 75 any
352 2855 66 75 two
435 2855 155 75 fubjeds;
617 2855 52 75 for
688 2855 179 75 fometimes
890 2855 26 75 it
933 2855 27 75 is
978 2855 17 75 a
1010 2855 85 75 plain

62 2901 174 75 triangular
254 2901 95 75 bone,
375 2901 78 75 with
472 2901 59 75 one
543 2901 41 75 of
601 2901 57 75 the
678 2901 107 75 angles
802 2901 117 75 below,
945 2901 62 75 and
1024 2901 69 75 per-

64 2947 185 75 pendicular
264 2947 35 75 to
316 2947 55 75 the
386 2947 123 75 middle
525 2947 40 75 of
583 2947 56 75 the
656 2947 99 75 upper
770 2947 76 75 fide,
872 2947 44 75 by
938 2947 105 75 which
1069 2947 26 75 it

63 2999 26 75 U
107 2999 173 75 conneded
293 2999 33 75 to
343 2999 54 75 the
414 2999 118 75 fcccnd
545 2999 148 75 bone.—■
693 2999 80 75 —In
786 2999 94 75 other
895 2999 125 75 people,
1038 2999 56 75 the

1258 154 39 75 O
1415 154 48 75 M
1580 154 52 75 Y.

2111 154 74 75 175

1154 214 89 75 point
1259 214 26 75 is
1303 214 115 75 turned
1435 214 33 75 to
1482 214 60 75 one
1554 214 76 75 fide,
1647 214 39 75 or
1696 214 165 75 obliquely
1871 214 157 75 forwards
2041 214 38 75 or
2090 214 97 75 back-

1154 262 365 75 wards.—Frequently
1534 262 25 75 it
1576 262 26 75 is
1620 262 43 75 all
1679 262 110 75 nearly
1805 262 40 75 of
1864 262 39 75 an
1923 262 95 75 equal
2035 262 150 75 breadth,

1153 307 61 75 and
1230 307 32 75 in
1278 307 119 75 feveral
1414 307 133 75 fubjeds
1561 307 26 75 it
1603 307 27 75 is
1643 307 200 75 bifurcated;
1863 307 131 75 whence
2010 307 85 75 Come
2112 307 73 75 wri-

1153 354 63 75 ters
1239 354 73 75 give
1335 354 27 75 it
1385 354 56 75 the
1457 354 91 75 name
1570 354 41 75 of
1618 354 165 75 furcella,
1809 354 37 75 or
1859 354 144 75 furcula
2021 354 161 75 inferior-,

1154 399 36 75 or
1206 399 64 75 elfe
1286 399 27 75 it
1329 399 26 75 is
1380 399 159 75 unoflified
1562 399 31 75 in
1618 399 55 75 the
1696 399 133 75 middle.
1926 399 38 75 In
1980 399 56 75 the
2052 399 134 75 greateft

1152 447 132 75 number
1301 447 41 75 of
1359 447 105 75 adults
1481 447 26 75 it
1524 447 26 75 is
1574 447 129 75 oflified,
1728 447 63 75 and
1814 447 110 75 tipped
1948 447 79 75 with
2050 447 18 75 a
2090 447 95 75 carti-

1151 493 70 75 lage
1232 493 10 75 ;
1268 493 32 75 in
1317 493 97 75 fome,
1432 493 59 75 one
1507 493 74 75 half
1599 493 42 75 of
1658 493 26 75 it
1698 493 27 75 is
1744 493 246 75 cartilaginous;
2017 493 63 75 and
2098 493 34 75 in
2149 493 35 75 o-

1150 539 101 75 thers,
1267 539 27 75 it
1307 539 26 75 is
1351 539 42 75 all
1411 539 32 75 in
1461 539 17 75 a
1491 539 224 75 cartilaginous
1731 539 316 75 ftate.—Generally
2066 539 119 75 feveral

1151 586 130 75 oblique
1298 586 179 75 ligaments,
1503 586 88 75 fixed
1607 586 33 75 at
1656 586 61 75 one
1740 586 64 75 end
1827 586 35 75 to
1887 586 55 75 the
1964 586 169 75 cartilages
2149 586 41 75 of

1152 632 55 75 the
1224 632 79 75 ribs,
1329 632 64 75 and
1405 632 41 75 by
1459 632 54 75 the
1526 632 93 75 other
1636 632 35 75 to
1683 632 55 75 the
1755 632 93 75 outer
1863 632 123 75 furface
2003 632 40 75 of
2062 632 55 75 the
2134 632 51 75 xi-

1151 679 210 75 phoid-bone,
1387 679 132 75 conned
1535 679 26 75 it
1573 679 106 75 firmly
1694 679 35 75 to
1746 679 89 75 thofe
1847 679 184 75 cartilages.

1197 726 76 75 The
1290 726 68 75 ufes
1374 726 41 75 of
1433 726 55 75 the
1511 726 136 75 fternum
1664 726 66 75 are,
1756 726 34 75 to
1808 726 105 75 afford
1928 726 105 75 origin
2050 726 63 75 and
2135 726 49 75 in-

1150 772 117 75 fertion
1300 772 35 75 to
1358 772 118 75 feveral
1500 772 153 75 mufcles;
1680 772 36 75 to
1738 772 113 75 fuftain
1875 772 56 75 the
1955 772 230 75 mediaftinnm,

1150 818 34 75 to
1201 818 119 75 defend
1336 818 55 75 the
1408 818 78 75 vital
1511 818 128 75 organs,
1665 818 55 75 the
1745 818 93 75 heart
1863 818 62 75 and
1940 818 106 75 lungs,
2072 818 34 75 at
2129 818 55 75 the

1149 863 179 75 fore-part;
1355 863 75 75 and,
1456 863 102 75 laftly,
1584 863 42 75 by
1643 863 123 75 ferving
1779 863 33 75 as
1825 863 18 75 a
1860 863 165 75 moveable
2041 863 141 75 fulcrum

1148 912 40 75 of
1207 912 55 75 the
1276 912 77 75 ribs,
1379 912 36 75 to
1431 912 76 75 aifift
1520 912 218 75 confiderably
1755 912 33 75 in
1805 912 199 75 refpiration.

1149 1015 69 75 OF
1254 1015 118 75 THE
1410 1015 298 75 SUPERIOR
1744 1015 438 75 EXTREMITIES.

1196 1095 107 75 Each
1324 1095 142 75 fuperior
1481 1095 176 75 extremity
1671 1095 27 75 is
1716 1095 130 75 divided
1862 1095 69 75 into
1947 1095 56 75 the
2009 1095 173 75 Jhoulder,

1148 1142 86 75 arm,
1250 1142 184 75 fore-arm,
1460 1142 64 75 and
1539 1142 100 75 hand.

1195 1189 76 75 The
1290 1189 210 75 Shoulder
1520 1189 123 75 confifts
1664 1189 40 75 of
1721 1189 56 75 the
1796 1189 138 75 clavicle
1950 1189 63 75 and
2026 1189 141 75 fcapulci

1197 1235 244 75 Clavicula,
1459 1235 37 75 or
1512 1235 206 75 collar-bone,
1735 1235 27 75 is
1775 1235 56 75 the
1844 1235 75 75 long
1932 1235 139 75 crooked
2085 1235 96 75 bone,

1149 1281 31 75 in
1198 1281 99 75 figure
1314 1281 64 75 like
1394 1281 66 75 like
1477 1281 39 75 an
1533 1281 94 75 Italic
1641 1281 36 75 /,
1703 1281 111 75 placed
1836 1281 110 75 almoft
1965 1281 219 75 horizontally

1149 1328 143 75 between
1316 1328 55 75 the
1388 1328 99 75 upper
1499 1328 112 75 lateral
1627 1328 73 75 part
1716 1328 41 75 of
1774 1328 56 75 the
1846 1328 149 75 fternum,
2022 1328 62 75 and
2095 1328 88 75 what

1148 1374 25 75 is
1187 1374 183 75 commonly
1386 1374 102 75 called
1505 1374 55 75 the
1577 1374 55 75 top
1649 1374 40 75 of
1707 1374 56 75 the
1783 1374 161 75 ftioulder,
1969 1374 118 75 which,
2113 1374 33 75 as
2164 1374 19 75 a

1149 1421 96 75 ckvis
1257 1421 37 75 or
1311 1421 104 75 beam,
1440 1421 26 75 it
1483 1421 91 75 bears
1593 1421 52 75 off
1663 1421 84 75 from
1763 1421 56 75 the
1837 1421 96 75 trunk
1949 1421 41 75 of
2007 1421 56 75 the
2081 1421 103 75 body.

1194 1467 76 75 The
1294 1467 143 75 clavicle,
1464 1467 33 75 as
1515 1467 73 75 well
1612 1467 32 75 as
1670 1467 93 75 other
1787 1467 77 75 long
1888 1467 104 75 round
2016 1467 111 75 bones,
2153 1467 27 75 is

1148 1514 104 75 larger
1268 1514 32 75 at
1316 1514 41 75 its
1371 1514 65 75 two
1454 1514 76 75 ends
1547 1514 78 75 than
1641 1514 32 75 in
1690 1514 54 75 the
1757 1514 133 75 middle.
1938 1514 78 75 The
2028 1514 62 75 end
2101 1514 82 75 next

1148 1560 35 75 to
1198 1560 56 75 the
1271 1560 136 75 fternum
1423 1560 27 75 is
1468 1560 197 75 triangular:
1688 1560 77 75 The
1782 1560 90 75 angle
1889 1560 118 75 behind
2032 1560 26 75 is
2083 1560 97 75 confi-

1146 1606 133 75 derably
1302 1606 175 75 produced,
1503 1606 35 75 to
1563 1606 85 75 form
1673 1606 18 75 a
1707 1606 89 75 ftiarp
1814 1606 104 75 ridge,
1943 1606 36 75 to
1996 1606 106 75 which
2126 1606 55 75 thS

1147 1654 172 75 tranfverfe
1335 1654 152 75 ligament
1502 1654 163 75 extended
1680 1654 85 75 from
1781 1654 60 75 one
1852 1654 8 75 '
1860 1654 133 75 clavicle
2012 1654 35 75 to
2072 1654 55 75 the
2144 1654 34 75 o-

1148 1699 72 75 ther
1241 1699 26 75 is
1291 1699 224 75 fixed.—The
1540 1699 62 75 fide
1626 1699 139 75 oppofite
1793 1699 35 75 to
1859 1699 63 75 this
1950 1699 27 75 is
2004 1699 176 75 fomewhat

1147 1745 281 75 rounded.—The
1445 1745 119 75 middle
1581 1745 41 75 of
1641 1745 66 75 this
1721 1745 211 75 protuberant
1954 1745 63 75 end
2040 1745 27 75 is
2085 1745 33 75 as
2135 1745 44 75 ir-

1148 1793 160 75 regularly
1324 1793 176 75 hollowed,
1526 1793 33 75 as
1578 1793 55 75 the
1650 1793 106 75 cavity
1771 1793 32 75 in
1821 1793 55 75 the
1892 1793 137 75 fternum
2054 1793 51 75 for
2129 1793 51 75 re-

1147 1838 123 75 ceiving
1285 1838 26 75 it
1328 1838 27 75 is
1371 1838 124 75 raifed;
1521 1838 71 75 but,
1615 1838 32 75 in
1664 1838 19 75 a
1701 1838 107 75 recent
1828 1838 132 75 fubjeff,
1986 1838 55 75 the
2057 1838 124 75 irregu-

1146 1885 47 75 lar
1210 1885 191 75 concavities
1418 1885 39 75 of
1476 1885 80 75 both
1580 1885 53 75 are
1650 1885 142 75 fupplied
1808 1885 43 75 by
1867 1885 17 75 a
1902 1885 165 75 moveable
2081 1885 99 75 carti-

1144 1931 84 75 lage,
1253 1931 106 75 which
1383 1931 28 75 is
1439 1931 57 75 not
1520 1931 85 75 only-
1622 1931 95 75 much
1742 1931 90 75 more
1860 1931 118 75 elofely
2006 1931 174 75 conneded

1145 1977 97 75 every
1264 1977 120 75 where,
1410 1977 41 75 by
1469 1977 179 75 ligaments,
1674 1977 36 75 to
1726 1977 55 75 the
1798 1977 248 75 circumference
2063 1977 40 75 of
2122 1977 56 75 the

1145 2024 215 75 articulation,
1386 2024 79 75 than
1492 2024 90 75 thofe
1610 2024 40 75 of
1670 2024 54 75 the
1750 2024 101 75 lower
1868 2024 66 75 jaw
1962 2024 74 75 are;
2073 2024 57 75 but
2152 2024 26 75 it

1145 2070 104 75 grows
1270 2070 35 75 to
1322 2070 54 75 the
1394 2070 65 75 two
1474 2070 99 75 bones
1599 2070 32 75 at
1647 2070 79 75 both
1742 2070 42 75 its
1801 2070 134 75 internal
1953 2070 63 75 and
2031 2070 147 75 externrd

1144 2118 77 75 ends
1238 2118 9 75 ;
1271 2118 41 75 its
1337 2118 160 75 fubftance
1522 2118 33 75 at
1579 2118 54 75 the
1655 2118 137 75 internal
1817 2118 62 75 end
1900 2118 95 75 being
2017 2118 76 75 foft,
2120 2118 58 75 but

1144 2163 77 75 very
1238 2163 118 75 ftrong,
1382 2163 62 75 and
1460 2163 188 75 refembling
1660 2163 54 75 the
1731 2163 243 75 intervertebral
1992 2163 183 75 cartilages.

1191 2210 96 75 From
1297 2210 62 75 this
1376 2210 134 75 internal
1528 2210 63 75 end
1606 2210 54 75 the
1673 2210 143 75 clavicle,
1835 2210 51 75 for
1898 2210 97 75 about
2008 2210 65 75 two
2086 2210 90 75 fifths

1143 2256 40 75 of
1201 2256 40 75 its
1258 2256 124 75 length,
1408 2256 25 75 is
1461 2256 124 75 bended
1611 2256 166 75 obliquely
1799 2256 156 75 forwards
1979 2256 61 75 and
2063 2256 111 75 down-

1143 2303 116 75 wards.
1309 2303 55 75 On
1385 2303 55 75 the
1456 2303 100 75 upper
1574 2303 63 75 and
1652 2303 156 75 fore-part
1826 2303 40 75 of
1884 2303 64 75 this
1965 2303 168 75 curvature
2158 2303 18 75 a

1143 2349 87 75 fmall
1248 2349 89 75 ridge
1354 2349 25 75 is
1397 2349 84 75 feen,
1506 2349 80 75 with
1603 2349 18 75 a
1638 2349 83 75 plain
1739 2349 102 75 rough
1858 2349 123 75 furface
1997 2349 111 75 before
2125 2349 47 75 it;

1143 2396 130 75 whence
1289 2396 56 75 the
1362 2396 156 75 mufculus
1543 2396 276 75 fterno-hyoideus
1845 2396 61 75 and
1929 2396 245 75 fterno-maftoi-

1141 2441 77 75 deus
1235 2441 81 75 have
1332 2441 31 75 in
1378 2441 69 75 part
1464 2441 82 75 their
1564 2441 254 75 origin.—Near
1830 2441 55 75 the
1901 2441 101 75 lower
2025 2441 104 75 angle,
2156 2441 19 75 a

1142 2488 87 75 fmall
1243 2488 83 75 plain
1342 2488 123 75 furface
1481 2488 27 75 is
1524 2488 90 75 often
1627 2488 34 75 to
1673 2488 39 75 be
1724 2488 169 75 remarked'
1893 2488 11 75 ,
1923 2488 107 75 where
2042 2488 54 75 the
2109 2488 65 75 firft:

1142 2534 48 75 rib
1207 2534 62 75 and
1286 2534 163 75 this-bone
1462 2534 51 75 are
1532 2534 200 75 contiguous,
1759 2534 62 75 and
1837 2534 52 75 are
1907 2534 171 75 connedcd
2086 2534 53 75 -by
2155 2534 18 75 a

1142 2579 69 75 firm
1229 2579 162 75 ligament.
1486 2579 99 75 From
1602 2579 65 75 this
1684 2579 19 75 a
1719 2579 102 75 rough
1838 2579 86 75 plain
1939 2579 122 75 furface
2073 2579 27 75 is
2113 2579 56 75 ex-

1140 2626 119 75 tended
1275 2626 175 75 outwards,
1475 2626 107 75 where
1599 2626 56 75 the
1670 2626 137 75 pedoral
1823 2626 118 75 mufcle
1961 2626 58 75 has
2043 2626 71 75 part
2137 2626 41 75 of

1141 2672 40 75 its
1209 2672 116 75 origin.
1419 2672 143 75 Behind,
1588 2672 55 75 the
1668 2672 81 75 bone
1765 2672 27 75 is
1810 2672 91 75 made
1917 2672 56 75 fiat
1990 2672 62 75 and
2069 2672 102 75 rough

1141 2719 42 75 by
1210 2719 55 75 the
1289 2719 148 75 infertion
1462 2719 41 75 of
1521 2719 55 75 the
1604 2719 105 75 larger
1735 2719 87 75 (hare
1850 2719 40 75 of
1908 2719 55 75 the
1990 2719 181 75 fubclaviari

1141 2765 129 75 mufcle.
1376 2765 113 75 After
1520 2765 55 75 the
1608 2765 130 75 clavicle
1765 2765 111 75 begins
1908 2765 35 75 to
1974 2765 39 75 be
2043 2765 129 75 bended

1141 2811 197 75 backwards,
1355 2811 26 75 it
1397 2811 26 75 is
1437 2811 113 75 round,
1569 2811 56 75 but
1641 2811 75 75 foon
1730 2811 81 75 after
1828 2811 145 75 becomes
1990 2811 101 75 broad
2107 2811 64 75 and

1141 2857 90 75 thin;
1259 2857 211 75 whichfhape
1494 2857 26 75 it
1537 2857 116 75 retains
1677 2857 35 75 to
1728 2857 42 75 its
1787 2857 144 75 external
1948 2857 74 75 end.
2118 2857 49 75 A-

1139 2904 76 75 long
1231 2904 55 75 the
1302 2904 144 75 external
1460 2904 178 75 concavity,
1665 2904 17 75 a
1699 2904 102 75 rough
1814 2904 145 75 finuofity
1976 2904 86 75 runs,
2083 2904 86 75 from

1141 2950 104 75 which
1273 2950 85 75 fome
1386 2950 70 75 part
1481 2950 40 75 of
1541 2950 54 75 the
1620 2950 121 75 deltoid
1770 2950 118 75 mufcle
1912 2950 89 75 takes
2025 2950 42 75 its
2086 2950 79 75 rife:

1138 3005 11 75 ‘
1214 3005 172 75 -Gppofite
1409 3005 34 75 to
1465 3005 77 75 this,
1568 3005 41 75 on
1634 3005 54 75 the
1713 3005 124 75 convex
1860 3005 94 75 edge,
1980 3005 17 75 a
2008 3005 159 75 -fcabrous
