2397 3387
595 156 270 75 BOO
939 156 815 75 K-KEEPING.

2160 169 79 75 593

134 236 42 75 all
200 236 75 75 may
298 236 41 75 be
360 236 167 75 prefumed
551 236 99 75 right.
697 236 113 75 There
834 236 27 75 is
879 236 69 75 not,
972 236 129 75 indeed,
1126 236 38 75 an

134 283 143 75 abfolute
294 283 158 75 certainty
469 283 31 75 in
517 283 55 75 the
597 283 89 75 cafe:
714 283 63 75 for,
802 283 31 75 if
852 283 64 75 you
940 283 136 75 imagine
1101 283 65 75 two

133 328 148 75 midakes
299 328 198 75 committed,
522 328 103 75 either
637 328 80 75 both
733 328 35 75 in
782 328 56 75 the
861 328 127 75 articles
1005 328 41 75 of
1065 328 103 75 Profit

134 375 63 75 and
213 375 97 75 Lofs,
335 375 37 75 or
389 375 80 75 both
485 375 33 75 in
536 375 56 75 the
608 375 128 75 articles
761 375 41 75 of
822 375 151 75 Balance,
999 375 37 75 or
1052 375 61 75 one
1136 375 32 75 in

133 421 56 75 the
206 421 132 75 former,
364 421 62 75 and
451 421 55 75 the
530 421 95 75 other
649 421 33 75 in
706 421 56 75 the
786 421 108 75 latter,
919 421 80 75 both
1017 421 151 75 excefles,

134 467 38 75 or
188 467 80 75 both
284 467 133 75 defeats,
442 467 108 75 equal,
575 467 64 75 and
654 467 42 75 on
712 467 141 75 oppofite
868 467 91 75 fides,
985 467 26 75 it
1033 467 28 75 is
1084 467 85 75 plain

134 513 64 75 this
217 513 109 75 would
349 513 56 75 not
430 513 125 75 impede
580 513 56 75 the
660 513 142 75 equality
818 513 41 75 of
877 513 55 75 the
958 513 54 75 Dr
1036 513 62 75 and
1121 513 48 75 Cr

134 560 79 75 fides
229 560 41 75 of
289 560 56 75 the
362 560 315 75 Balance-accompt.
727 560 66 75 But
810 560 76 75 then
904 560 64 75 this
990 560 26 75 is
1034 560 34 75 fo
1080 560 90 75 great

136 606 18 75 a
171 606 132 75 chance,
327 606 71 75 that
416 606 25 75 it
460 606 27 75 is
504 606 91 75 more
613 606 77 75 than
710 606 153 75 probable
879 606 75 75 fuch
967 606 19 75 a
1002 606 92 75 thing
1110 606 58 75 can

135 653 97 75 never
248 653 136 75 happen,
410 653 63 75 and
489 653 70 75 pafs
577 653 68 75 too,
671 653 137 75 without
825 653 94 75 being
935 653 197 75 difcovered.

184 699 129 75 Having
329 699 141 75 brought
485 699 55 75 the
556 699 66 75 two
633 699 81 75 ijdes
730 699 40 75 of
789 699 56 75 the
867 699 303 75 Balance-accompt

137 745 35 75 to
189 745 38 75 an
252 745 156 75 equality,
434 745 106 75 which
566 745 26 75 is
619 745 54 75 the
698 745 58 75 teft
780 745 41 75 of
840 745 96 75 every
960 745 92 75 thing
1074 745 96 75 being

137 791 99 75 right,
254 791 137 75 proceed
404 791 35 75 to
451 791 83 75 clofe
546 791 55 75 the
613 791 322 75 Ledger-accompts,
953 791 88 75 thus.
1073 791 96 75 Firft,

137 837 35 75 to
190 837 54 75 the
261 837 102 75 Profit
381 837 61 75 and
459 837 82 75 Lofs
559 837 157 75 c^compt,
742 837 137 75 transfer
904 837 56 75 the
985 837 126 75 articles
1130 837 40 75 on

138 885 55 75 the
221 885 103 75 Profit
348 885 62 75 and
434 885 82 75 Lofs
544 885 97 75 meet.
690 885 107 75 Next,
832 885 34 75 at
887 885 55 75 the
966 885 63 75 end
1052 885 40 75 of
1114 885 55 75 the

137 931 144 75 Ledger,
305 931 84 75 ereft
406 931 39 75 an
462 931 161 75 Accompt
638 931 41 75 of
698 931 152 75 Balance,
876 931 69 75 into
961 931 105 75 which
1083 931 86 75 tran-

136 977 101 75 fcribe
262 977 55 75 the
341 977 141 75 Balance
506 977 98 75 iheet.
653 977 98 75 After
776 977 120 75 which,
921 977 110 75 return
1056 977 35 75 to
1116 977 54 75 the

138 1023 172 75 beginning
327 1023 39 75 of
386 1023 54 75 the
463 1023 144 75 Ledger,
632 1023 62 75 and
717 1023 109 75 giving
848 1023 55 75 the
926 1023 246 75 Cafh-ac«ompt

139 1068 102 75 credit
257 1068 43 75 by
317 1068 159 75 Balance,,
495 1068 51 75 for
573 1068 81 75 your
677 1068 99 75 ready
801 1068 127 75 mtfney,
953 1068 88 75 draw
1067 1068 18 75 a
1108 1068 64 75 line

140 1114 83 75 crofs
240 1114 56 75 the
312 1114 276 75 money-columns
605 1114 47 75 on-
663 1114 78 75 each
753 1114 76 75 fide,
856 1114 32 75 at
905 1114 55 75 the
977 1114 71 75 foot
1064 1114 40 75 of
1110 1114 61 75 the

141 1161 145 75 accompt
297 1161 10 75 ;
335 1161 104 75 below
457 1161 105 75 which
580 1161 46 75 fet
643 1161 94 75 down
760 1161 55 75 the
838 1161 82 75 total
944 1161 97 75 fums,
1066 1161 106 75 which

140 1207 67 75 will
225 1207 39 75 be
280 1207 73 75 now
369 1207 108 75 equal.
525 1207 145 75 Proheed
686 1207 32 75 in
735 1207 65 75 like
816 1207 130 75 manner
962 1207 79 75 with
1059 1207 42 75 all
1118 1207 55 75 the

139 1253 168 75 following
328 1253 173 75 accompts,
528 1253 209 75 transferring
761 1253 35 75 to
819 1253 79 75 each
922 1253 57 75 the
1003 1253 170 75 refpe&ive

138 1300 128 75 articles
282 1300 72 75 that
370 1300 116 75 belong
502 1300 35 75 to
553 1300 100 75 them,
672 1300 85 75 from
773 1300 55 75 the
845 1300 65 75 two
922 1300 99 75 (beets
1034 1300 39 75 of
1086 1300 87 75 loofe

139 1346 107 75 paper,
273 1346 151 75 inferting
439 1346 56 75 the
513 1346 156 75 referring
685 1346 115 75 figures
813 1346 33 75 in
863 1346 54 75 the
934 1346 237 75 folio.-column,

141 1391 60 75 and
219 1391 129 75 writing
363 1391 56 75 the
436 1391 80 75 total
533 1391 82 75 fums
634 1391 41 75 on
698 1391 55 75 the
769 1391 71 75 foot
864 1391 40 75 of
924 1391 54 75 the
1003 1391 167 75 accompt;

140 1437 45 75 by
197 1437 106 75 which
320 1437 108 75 means
445 1437 41 75 all
504 1437 54 75 the
575 1437 161 75 accompts
749 1437 35 75 in.
794 1437 54 75 the
861 1437 130 75 Ledger
1003 1437 64 75 will
1082 1437 90 75 come

143 1484 34 75 to
201 1484 41 75 be
258 1484 153 75 balanced
427 1484 61 75 and
505 1484 126 75 doled;
657 1484 70 75 that
744 1484 39 75 is,
809 1484 119 75 evened
950 1484 62 75 and
1028 1484 141 75 finifhed.

190 1530 66 75 But
271 1530 77 75 here
359 1530 27 75 it
404 1530 64 75 will
485 1530 39 75 be
542 1530 114 75 proper
672 1530 35 75 to
723 1530 145 75 obferve,
891 1530 71 75 that
978 1530 191 75 merchants,

1213 232 31 75 in
1260 232 169 75 balancing
1445 232 84 75 their
1544 232 144 75 Ledger,
1712 232 44 75 do
1782 232 56 75 not
1859 232 43 75 all
1925 232 42 75 go
1990 232 56 75 the
2068 232 83 75 fame
2173 232 73 75 tvay

1214 278 34 75 to
1265 278 103 75 work.
1418 278 66 75 For
1496 278 98 75 fome,
1619 278 119 75 inftead
1757 278 39 75 of
1814 278 192 75 proceeding
2024 278 170 75 according
2209 278 36 75 to

1216 324 55 75 the
1296 324 101 75 above
1422 324 181 75 dire&ions,
1629 324 83 75 dole
1732 324 84 75 their
1836 324 321 75 Ledger-accompts,
2184 324 62 75 and

1216 371 67 75 poll
1300 371 55 75 the
1381 371 117 75 doling
1522 371 116 75 entries
1663 371 36 75 to
1722 371 56 75 the
1802 371 176 75 Accompts
2001 371 39 75 of
2059 371 103 75 Profit
2184 371 63 75 and

1217 417 96 75 Lofs,
1338 417 62 75 and
1416 417 153 75 Balance,
1596 417 41 75 all
1655 417 33 75 at
1712 417 56 75 the
1792 417 83 75 fame
1891 417 91 75 time.
2030 417 78 75 And
2123 417 26 75 it
2165 417 82 75 mull

1217 463 41 75 be
1273 463 128 75 owned,
1427 463 71 75 that
1514 463 64 75 this
1595 463 85 75 way,
1706 463 152 75 pradifed
1874 463 78 75 with
1974 463 84 75 care,
2083 463 67 75 will
2172 463 75 75 well

1218 509 124 75 enough
1360 509 119 75 anfwer
1495 509 55 75 the
1567 509 155 75 purpofe;
1748 509 58 75 but
1822 509 36 75 to
1878 509 68 75 poll
1971 509 55 75 the
2050 509 117 75 clofing
2191 509 55 75 en-

1218 557 76 75 tries
1310 557 31 75 in
1361 557 55 75 the
1432 557 64 75 firlt
1519 557 101 75 place,
1646 557 62 75 and
1732 557 75 75 then
1833 557 35 75 to
1892 557 83 75 clofe
1998 557 56 75 the
2071 557 175 75 accompts,

1218 603 97 75 feems
1333 603 34 75 to
1383 603 39 75 be
1439 603 55 75 the
1505 603 88 75 furer
1608 603 62 75 and
1687 603 104 75 better
1803 603 145 75 method.

1263 649 77 75 The
1356 649 132 75 Ledger
1503 649 95 75 being
1614 649 73 75 now
1711 649 120 75 clofed,
1855 649 56 75 the
1936 649 80 75 next
2039 649 91 75 thing
2149 649 35 75 to
2205 649 43 75 be

1217 696 82 75 done
1316 696 38 75 is,
1380 696 37 75 to
1433 696 92 75 begin
1543 696 19 75 a
1577 696 70 75 new
1658 696 47 75 fet
1721 696 39 75 of
1772 696 101 75 books
1885 696 10 75 ;
1921 696 32 75 in
1970 696 95 75 order
2082 696 35 75 to
2129 696 118 75 which,

1220 742 17 75 a
1253 742 70 75 new
1338 742 169 75 inventory
1524 742 78 75 mull
1624 742 40 75 be
1688 742 129 75 fetched
1841 742 84 75 from
1948 742 81 75 your
2053 742 55 75 old
2132 742 115 75 books,

1220 788 32 75 as
1265 788 56 75 the
1337 788 189 75 foundation
1538 788 40 75 of
1590 788 81 75 your
1687 788 108 75 future
1807 788 90 75 trade
1909 788 31 75 in
1958 788 55 75 the
2029 788 83 75 new.
2149 788 99 75 Now,

1219 834 25 75 it
1261 834 27 75 is
1305 834 97 75 plain,
1429 834 32 75 at
1477 834 64 75 firll
1557 834 93 75 view,
1677 834 70 75 that
1770 834 55 75 the
1842 834 120 75 feveral
1986 834 125 75 articles
2130 834 40 75 on
2194 834 57 75 the

1219 880 54 75 Dr
1299 880 64 75 fide
1387 880 40 75 of
1445 880 56 75 the
1528 880 315 75 Balance-acconapt,
1876 880 96 75 being
1996 880 55 75 the
2079 880 173 75 particular

1218 927 91 75 items
1327 927 41 75 of
1378 927 81 75 your
1475 927 120 75 effeds,
1613 927 64 75 and
1691 927 93 75 debts
1801 927 62 75 due
1879 927 35 75 to
1931 927 76 75 you,
2032 927 146 75 makeup
2195 927 57 75 the

1219 973 62 75 firll
1293 973 72 75 part
1381 973 40 75 of
1433 973 55 75 the
1505 973 196 75 Inventory;
1727 973 62 75 and
1805 973 55 75 the
1872 973 118 75 feveral
2004 973 124 75 articles
2141 973 41 75 on
2195 973 57 75 the

1221 1020 46 75 Cr
1284 1020 75 75 fide,
1384 1020 117 75 except
1518 1020 54 75 the
1588 1020 69 75 lall,
1683 1020 95 75 being
1794 1020 54 75 the
1865 1020 93 75 debts
1982 1020 61 75 due
2069 1020 43 75 by
2136 1020 63 75 you
2216 1020 36 75 to

1221 1066 121 75 others,
1367 1066 93 75 make
1476 1066 42 75 up
1540 1066 55 75 the
1612 1066 113 75 fecond
1750 1066 70 75 part
1837 1066 40 75 of
1896 1066 46 75 it:
1969 1066 62 75 and
2047 1066 205 75 accordingly

1221 1113 31 75 in
1270 1113 82 75 your
1374 1113 70 75 new
1461 1113 147 75 Journal,
1634 1113 57 75 the
1712 1113 119 75 feveral
1850 1113 186 75 particulars
2057 1113 42 75 on
2121 1113 56 75 the
2198 1113 53 75 Dr

1221 1159 63 75 fide
1300 1159 80 75 mull
1403 1159 42 75 all
1463 1159 40 75 of
1521 1159 88 75 them
1625 1159 41 75 be
1681 1159 92 75 made
1799 1159 70 75 Drs
1893 1159 34 75 to
1944 1159 108 75 Stock,
2077 1159 62 75 and
2156 1159 94 75 Stock

1222 1205 53 75 Dr
1290 1205 35 75 to
1342 1205 55 75 the
1410 1205 117 75 feveral
1544 1205 189 75 particulars
1748 1205 42 75 on
1804 1205 55 75 the
1876 1205 48 75 Cr
1940 1205 86 75 fide;
2053 1205 62 75 and
2133 1205 116 75 Stock-

1222 1252 145 75 accompt
1383 1252 32 75 in
1433 1252 81 75 your
1530 1252 85 75 New
1632 1252 130 75 Ledger
1778 1252 66 75 will
1861 1252 89 75 Hand
1964 1252 74 75 thus
2051 1252 10 75 :

1315 1346 95 75 Stock
1431 1346 65 75 Dr,

1364 1390 44 75 To
1426 1390 104 75 Jacob
1548 1390 84 75 Ruff'
1632 1390 31 75 d,

1364 1438 45 75 To
1426 1438 49 75 H.
1494 1438 41 75 V.
1554 1438 97 75 Bcek,

1503 1483 61 75 &c.

1781 1347 122 75 Contra
1921 1347 58 75 Cr,

1826 1391 45 75 By
1889 1391 99 75 Cajh,

1828 1438 46 75 By
1894 1438 120 75 Indian
2032 1438 118 75 chints.

1954 1485 49 75 See

189 1931 100 75 Vol.
313 1931 30 75 T.
392 1931 70 75 No.
481 1931 59 75 25.

1031 1941 17 75 3

2001 1930 46 75 W
2065 1930 31 75 A
2114 1930 22 75 S
2152 1930 36 75 T
2203 1930 46 75 E-
