2397 3387
619 161 35 75 B
742 161 35 75 L
863 161 35 75 E
985 161 42 75 A
1117 161 34 75 C

92 225 87 75 table
197 225 99 75 acids,
314 225 106 75 which
433 225 79 75 have
524 225 43 75 no
578 225 125 75 further
720 225 221 75 fermentation
959 225 35 75 to
1010 225 116 75 under*

90 270 55 75 go,
178 270 38 75 or
248 270 115 75 among
391 270 55 75 the
470 270 131 75 mineral
627 270 100 75 acids.
774 270 78 75 The
881 270 120 75 former
1029 270 53 75 are
1108 270 18 75 a

88 318 91 75 large
195 318 91 75 clafs,
312 318 61 75 and
391 318 124 75 contain
532 318 112 75 within
659 318 188 75 themfelves
865 318 94 75 many
975 318 151 75 different

90 364 139 75 fpecies;
255 364 75 75 fuch
348 364 33 75 as
399 364 59 75 th&
471 364 71 75 acid
550 364 85 75 juice
650 364 40 75 of
702 364 118 75 feveral
837 364 116 75 plants,
978 364 145 75 vinegars

88 411 94 75 made
199 411 42 75 of
251 411 177 75 fermented
444 411 136 75 liquors,
598 411 62 75 and
671 411 71 75 acid
752 411 88 75 falts,
862 411 101 75 called
980 411 143 75 tartan.

89 457 67 75 But
173 457 91 75 there
283 457 27 75 is
334 457 61 75 one
412 457 157 75 objedion
586 457 118 75 agaiijft
723 457 88 75 thefe
826 457 166 75 vegetable
1008 457 87 75 acids
1110 457 9 75 :

88 503 100 75 They
210 503 42 75 all
280 503 140 75 contain,
447 503 96 75 along
558 503 78 75 with
654 503 55 75 the
725 503 82 75 acid,
833 503 18 75 a
867 503 89 75 great
974 503 150 75 quantity

89 550 41 75 of
140 550 67 75 oily
223 550 163 75 particles,
410 550 106 75 which
533 550 109 75 would
656 550 58 75 not
738 550 57 75 fail
820 550 35 75 to
879 550 159 75 difcolour
1065 550 57 75 the

87 596 103 75 cloth.
239 596 141 75 Befides,
405 596 55 75 the
476 596 137 75 demand
636 596 40 75 of
697 596 56 75 the
780 596 206 75 bleachfields
1014 596 108 75 would

89 644 80 75 raife
193 644 85 75 their
293 644 87 75 price
400 644 57 75 too
477 644 91 75 high.

134 689 77 75 The
227 689 132 75 mineral
388 689 87 75 acids
501 689 82 75 have
609 689 126 75 neither
757 689 40 75 of
818 689 90 75 thefe
931 689 189 75 objedions.

84 736 102 75 They
201 736 53 75 are
271 736 210 75 exceedingly
497 736 110 75 cheap,
634 736 61 75 and
719 736 126 75 contain
873 736 42 75 no
943 736 57 75 oil.
1051 736 25 75 “
1101 736 17 75 I

87 781 66 75 will
169 781 104 75 freely
288 781 85 75 own,
398 781 68 75 fays
484 781 53 75 Dr
552 781 120 75 Home,
699 781 70 75 that
797 781 35 75 at
855 781 65 75 firft
945 781 16 75 I
985 781 65 75 had
1077 781 43 75 no

85 828 92 75 great
189 828 128 75 opinion
334 828 41 75 of
388 828 119 75 fuccefs
524 828 84 75 from
626 828 55 75 the
697 828 146 75 mineral,
869 828 84 75 from
971 828 66 75 two
1049 828 69 75 rea-

85 876 72 75 fons
171 876 11 75 ;
208 876 83 75 their
307 876 85 75 want
407 876 42 75 of
462 876 43 75 all
519 876 241 75 fermentation,
778 876 106 75 which
900 876 17 75 I
934 876 77 75 then
1027 876 92 75 look-

84 922 42 75 ed
152 922 41 75 on
221 922 33 75 as
282 922 160 75 neceflary
460 922 11 75 ;
512 922 65 75 and
599 922 84 75 their
707 922 145 75 extreme
879 922 239 75 eo^rofivenefs.

85 969 66 75 But
175 969 55 75 the
258 969 189 75 experience
474 969 41 75 of
536 969 67 75 two
626 969 152 75 different
802 969 165 75 fummers,
992 969 32 75 in
1051 969 67 75 two

82 1014 151 75 different
249 1014 217 75 bleachfields,
492 1014 57 75 has
567 1014 174 75 convinced
765 1014 63 75 me,
854 1014 71 75 that
952 1014 79 75 they
1052 1014 66 75 will

83 1061 121 75 anfwer
220 1061 43 75 all
278 1061 57 75 the
350 1061 150 75 purpofes
517 1061 40 75 of
567 1061 57 75 the
640 1061 79 75 milk
735 1061 62 75 and
813 1061 78 75 bran
907 1061 87 75 fours
1006 1061 11 75 ;
1043 1061 74 75 nay,

83 1108 32 75 in
132 1108 119 75 feveral
269 1108 146 75 refpeds,
441 1108 39 75 be
497 1108 95 75 much
604 1108 179 75 preferable
800 1108 35 75 to
851 1108 102 75 them.
1003 1108 17 75 I
1037 1108 81 75 have

84 1154 70 75 feen
170 1154 98 75 many
283 1154 104 75 pieces
400 1154 40 75 of
452 1154 61 75 fine
530 1154 101 75 cloth,
656 1154 107 75 which
779 1154 65 75 had
861 1154 42 75 no
920 1154 93 75 other
1030 1154 88 75 fours

84 1201 59 75 but
154 1201 91 75 thofe
256 1201 41 75 of
302 1201 122 75 vitriol,
443 1201 63 75 and
522 1201 84 75 weje
624 1201 32 75 as
674 1201 99 75 white
785 1201 61 75 and
859 1201 107 75 flrong
982 1201 33 75 as
1027 1201 91 75 thofe

82 1247 155 75 bleached
252 1247 33 75 in
301 1247 56 75 the
372 1247 147 75 common
535 1247 85 75 way.
668 1247 17 75 I
713 1247 81 75 have
822 1247 55 75 cut
893 1247 119 75 feveral
1030 1247 86 75 webs

82 1294 139 75 through
239 1294 56 75 the
310 1294 134 75 middle,
469 1294 62 75 and
558 1294 156 75 bleached
743 1294 60 75 one
826 1294 75 75 half
925 1294 77 75 with
1024 1294 92 75 milk,

82 1341 63 75 and
161 1341 55 75 the
233 1341 92 75 Other
350 1341 80 75 with
458 1341 130 75 vitriol;
614 1341 80 75 gave
716 1341 79 75 both
812 1341 55 75 the
884 1341 83 75 fame
983 1341 136 75 number

82 1387 40 75 of
134 1387 193 75 operations,
352 1387 63 75 and
427 1387 54 75 the
498 1387 96 75 latter
618 1387 85 75 were
719 1387 33 75 as
770 1387 97 75 white
881 1387 63 75 and
960 1387 106 75 ftrong
1083 1387 34 75 as

83 1433 56 75 the
156 1433 158 75 former.”

131 1479 77 75 The
223 1479 133 75 method
369 1479 33 75 in
420 1479 105 75 which
540 1479 26 75 it
582 1479 57 75 has
655 1479 80 75 been
752 1479 143 75 hitherto
907 1479 77 75 ufed
999 1479 26 75 is
1038 1479 78 75 this.

83 1525 77 75 The
176 1525 185 75 proportion
378 1525 41 75 of
429 1525 56 75 the
501 1525 42 75 oil
569 1525 41 75 of
633 1525 105 75 vitriol
763 1525 35 75 to
822 1525 55 75 the
901 1525 111 75 water,
1038 1525 80 75 with

84 1572 105 75 which
212 1572 25 75 it
262 1572 27 75 is
306 1572 137 75 diluted,
470 1572 26 75 is
521 1572 75 75 naif
606 1572 39 75 an
662 1572 113 75 ounce,
802 1572 38 75 or
863 1572 33 75 at
920 1572 79 75 mofl
1026 1572 91 75 three

83 1619 159 75 quarters,
268 1619 35 75 to
320 1619 18 75 a
354 1619 106 75 gallon
478 1619 40 75 of
529 1619 112 75 water.
691 1619 48 75 As
769 1619 55 75 the
850 1619 184 75 milk-fours
1063 1619 53 75 are

83 1666 186 75 diminifhed
285 1666 31 75 in
342 1666 155 75 ftrength,
522 1666 34 75 fo
573 1666 102 75 ought
692 1666 55 75 the
763 1666 227 75 vjtriol-fours.
1038 1666 78 75 The

83 1713 106 75 whole
205 1713 149 75 quantity
371 1713 39 75 of
423 1713 56 75 the
496 1713 45 75 oil
558 1713 39 75 of
616 1713 108 75 vitriol
751 1713 35 75 to
809 1713 40 75 be
872 1713 89 75 ufed,
987 1713 73 75 may
1077 1713 40 75 be

83 1758 64 75 firft
166 1758 112 75 mixed
293 1758 78 75 with
389 1758 19 75 a
424 1758 88 75 fmall
529 1758 149 75 quantity
695 1758 40 75 of
747 1758 111 75 water,
876 1758 77 75 then
965 1758 104 75 added
1081 1758 35 75 to

83 1805 56 75 the
155 1805 105 75 whole
277 1805 150 75 quantity
450 1805 41 75 of
510 1805 113 75 watbr,
648 1805 63 75 and
734 1805 74 75 well
826 1805 110 75 mixed
953 1805 160 75 together.

82 1853 77 75 The
175 1853 99 75 water
290 1853 111 75 ftiould
417 1853 39 75 be
473 1853 193 75 milk-warm
685 1853 9 75 ;
730 1853 44 75 by
798 1853 106 75 which
927 1853 108 75 means
1059 1853 56 75 the

82 1899 70 75 acid
166 1899 151 75 particles
334 1899 66 75 will
416 1899 165 75 penetrate
596 1899 139 75 further,
761 1899 62 75 and
843 1899 130 75 operate
989 1899 125 75 fooner.

80 1945 77 75 The
174 1945 87 75 cloth
278 1945 111 75 fhould
408 1945 76 75 then
506 1945 39 75 be
560 1945 57 75 put
634 1945 61 75 dry
710 1945 69 75 into
797 1945 55 75 the
868 1945 119 75 liquor.

129 1991 30 75 It
176 1991 26 75 is
220 1991 164 75 obferved,
411 1991 70 75 that
506 1991 63 75 this
597 1991 74 75 four
687 1991 157 75 performs
861 1991 41 75 its
927 1991 68 75 talk
1018 1991 96 75 much

80 2039 112 75 fooner
208 2039 77 75 than
309 2039 89 75 thofe
426 2039 41 75 of
489 2039 79 75 milk
597 2039 60 75 and
683 2039 98 75 bran;
809 2039 33 75 fo
866 2039 71 75 that
953 2039 58 75 Mr
1028 2039 87 75 John

81 2084 161 75 Chryftie,
268 2084 32 75 in
317 2084 128 75 making
462 2084 54 75 the
533 2084 87 75 trial,
647 2084 75 75 ufed
738 2084 35 75 to
789 2084 52 75 lay
858 2084 56 75 the
930 2084 185 75 milk-fours

81 2130 212 75 twenty-four
308 2130 99 75 hours
424 2130 110 75 before
550 2130 55 75 the
628 2130 121 75 vitriol.
810 2130 78 75 Five
918 2130 99 75 hours
1049 2130 66 75 will

82 2174 43 75 do
142 2174 34 75 as
193 2174 94 75 much
306 2174 75 75 with
401 2174 64 75 this
481 2174 85 75 four,
592 2174 33 75 as
642 2174 60 75 five
718 2174 79 75 days
810 2174 77 75 with
901 2174 54 75 the
969 2174 147 75 common

82 2221 78 75 fort.
209 2221 67 75 But
293 2221 55 75 the
364 2221 88 75 cloth
470 2221 57 75 can
544 2221 123 75 receive
693 2221 43 75 no
759 2221 91 75 harm
875 2221 32 75 in
925 2221 149 75 allowing
1090 2221 25 75 it

82 2268 35 75 to
134 2268 120 75 remain
271 2268 51 75 for
337 2268 85 75 fome
443 2268 78 75 days
538 2268 30 75 in
591 2268 55 75 the
663 2268 72 75 four
749 2268 11 75 ;
787 2268 56 75 but
862 2268 121 75 rather,
1001 2268 40 75 on
1059 2268 56 75 the

82 2315 163 75 contrary,
271 2315 37 75 an
326 2315 115 75 advant
453 2315 59 75 age.
562 2315 77 75 The
655 2315 88 75 cloth
768 2315 27 75 is
819 2315 77 75 then
921 2315 96 75 taken
1044 2315 69 75 out,

81 2362 73 75 well
171 2362 116 75 rinfed,
313 2362 61 75 and
399 2362 209 75 mill-walhed
624 2362 32 75 in
674 2362 55 75 the
751 2362 151 75 ordinary
919 2362 83 75 way.

127 2408 78 75 The
220 2408 120 75 liquor,
365 2408 95 75 while
483 2408 54 75 the
554 2408 87 75 cloth
658 2408 58 75 lies
742 2408 32 75 in
803 2408 63 75 this
887 2408 84 75 four,
997 2408 27 75 is
1052 2408 60 75 lefs

82 2454 70 75 acid
169 2454 56 75 the
242 2454 116 75 fecond
369 2454 61 75 day
446 2454 77 75 than
540 2454 55 75 the
611 2454 75 75 firft,
711 2454 61 75 lefs
788 2454 56 75 the
861 2454 86 75 third
964 2454 75 75 than
1058 2454 55 75 the

81 2500 128 75 fecond,
234 2500 63 75 and
309 2500 34 75 fo
359 2500 179 75 diminilhes
554 2500 44 75 by
613 2500 144 75 degrees.
791 2500 49 75 At
851 2500 64 75 fixft
931 2500 26 75 it
974 2500 26 75 is
1013 2500 98 75 clear,

81 2547 58 75 but
163 2547 42 75 oy
221 2547 131 75 degrees
370 2547 18 75 a
404 2547 229 75 mucilaginous
653 2547 160 75 fubftance
839 2547 27 75 is
895 2547 153 75 obferved
1076 2547 36 75 to

81 2593 77 75 float
175 2593 31 75 in
231 2593 37 75 it,
294 2593 92 75 when
404 2593 55 75 put
475 2593 69 75 into
561 2593 17 75 a
594 2593 94 75 glafs.
736 2593 85 75 This
838 2593 136 75 foulnefs
991 2593 120 75 increa-

80 2640 47 75 fes
145 2640 96 75 every
257 2640 76 75 day.
381 2640 85 75 This
484 2640 170 75 fubftance,
673 2640 165 75 extracted
854 2640 42 75 by
908 2640 56 75 the
981 2640 83 75 acid,
1082 2640 27 75 is

82 2687 54 75 the
154 2687 82 75 fame
260 2687 77 75 with
360 2687 86 75 what
470 2687 26 75 is
521 2687 163 75 extracted
709 2687 43 75 by
774 2687 56 75 the
858 2687 135 75 alkaline
1020 2687 88 75 falts,

80 2733 62 75 and
159 2733 106 75 blunts
283 2733 56 75 the
355 2733 119 75 acidity
488 2733 42 75 of
541 2733 55 75 the
612 2733 131 75 former,
770 2733 33 75 as
820 2733 24 75 it
857 2733 76 75 does
951 2733 54 75 the
1022 2733 87 75 alka-

81 2780 143 75 lefcency
241 2780 40 75 of
301 2780 54 75 the
379 2780 109 75 latter.
537 2780 111 75 Hence
672 2780 55 75 the
754 2780 110 75 liquor
889 2780 81 75 lofes
994 2780 45 75 by
1054 2780 56 75 de-

80 2824 90 75 grees
188 2824 41 75 its
246 2824 130 75 acidity.
427 2824 66 75 But
510 2824 32 75 as
560 2824 56 75 the
632 2824 70 75 acid
729 2824 74 75 falts
831 2824 43 75 do
902 2824 55 75 not
973 2824 88 75 unite
1078 2824 34 75 fo

80 2873 129 75 equally
226 2873 78 75 with
323 2873 66 75 oily
406 2873 172 75 fubftances
596 2873 33 75 as
646 2873 55 75 the
718 2873 134 75 alkaline
864 2873 56 75 do,
938 2873 55 75 the
1005 2873 107 75 liquor

81 2918 27 75 is
125 2918 56 75 not
198 2918 34 75 fo
258 2918 174 75 uniformly
448 2918 108 75 tinged
573 2918 31 75 in
621 2918 55 75 the
693 2918 120 75 former
838 2918 32 75 as
894 2918 30 75 in
943 2918 54 75 the
1014 2918 96 75 latter

80 2965 82 75 cafe,
188 2965 61 75 and
276 2965 56 75 the
355 2965 131 75 mucous
514 2965 160 75 fubftance
701 2965 138 75 prefents
866 2965 96 75 itfelf
978 2965 133 75 floating

80 3013 32 75 in
129 3013 38 75 it.
175 3060 101 75 Vpl.
302 3060 31 75 I.
382 3060 71 75 No.
474 3060 55 75 24.

1239 159 41 75 H
1368 159 17 75 I
1472 159 42 75 N
1602 159 53 75 G.

2118 159 84 75 569

1221 221 32 75 It
1269 221 26 75 is
1313 221 165 75 obferved,
1496 221 85 75 that,
1605 221 32 75 in
1662 221 55 75 the
1734 221 62 75 firft
1815 221 138 75 fouring,
1978 221 107 75 which
2103 221 25 75 is
2146 221 54 75 the

1171 268 163 75 ftrongeft,
1359 268 56 75 the
1432 268 119 75 liquor,
1576 268 106 75 which
1700 268 64 75 was
1777 268 18 75 a
1806 268 107 75 pretty
1936 268 106 75 ftrong
2059 268 69 75 acid
2144 268 56 75 be-

1170 316 70 75 fore
1258 316 54 75 the
1334 316 89 75 cloth
1448 316 64 75 was
1540 316 57 75 put
1615 316 45 75 in,
1686 316 218 75 immediately
1931 316 187 75 afterwards
2147 316 54 75 be-

1169 362 105 75 comes
1294 362 89 75 quite
1400 362 115 75 vapid;
1542 362 18 75 a
1584 362 100 75 proof
1700 362 75 75 how
1792 362 77 75 very
1894 362 75 75 foon
1993 362 27 75 it
2043 362 158 75 performs

1168 409 40 75 its
1226 409 80 75 talk.
1355 409 65 75 But
1438 409 31 75 in
1487 409 55 75 the
1566 409 166 75 following
1757 409 194 75 operations,
1976 409 33 75 as
2038 409 55 75 the
2116 409 85 75 linen

1169 454 153 75 advances
1340 454 31 75 in
1389 454 179 75 whitenefs,
1594 454 56 75 the
1668 454 120 75 acidity
1803 454 164 75 continues
1993 454 94 75 much
2107 454 93 75 long-

1167 501 35 75 er
1217 501 10 75 ;
1238 533 5 49 i
1254 501 33 75 fo
1304 501 70 75 that
1390 501 33 75 in
1441 501 55 75 the
1519 501 56 75 laft
1591 501 181 75 operations
1801 501 55 75 the
1883 501 108 75 liquor
2015 501 80 75 lofes
2124 501 77 75 very

1167 548 85 75 little
1280 548 40 75 of
1342 548 42 75 its
1409 548 131 75 acidity.
1589 548 84 75 This
1700 548 140 75 happens
1868 548 157 75 although
2053 548 56 75 the
2136 548 65 75 firft

1168 593 167 75 buckings,
1352 593 84 75 after
1448 593 54 75 the
1516 593 63 75 firft
1592 593 155 75 fourings,
1765 593 53 75 are
1830 593 160 75 increafed
2001 593 32 75 in
2046 593 153 75 ftrength,

1168 641 101 75 while,
1277 641 55 75 the
1349 641 88 75 fours
1455 641 53 75 are
1523 641 202 75 diminilhed.
1764 641 114 75 There
1895 641 52 75 are
1964 641 66 75 two
2046 641 107 75 caufes
2166 641 35 75 to

1166 687 105 75 which
1288 687 64 75 this
1369 687 25 75 is
1411 687 118 75 owing.
1578 687 78 75 The
1679 687 130 75 texture
1834 687 40 75 of
1896 687 56 75 the
1979 687 89 75 cloth
2084 687 27 75 is
2128 687 75 75 now

1165 734 34 75 fo
1216 734 137 75 opened,
1378 734 70 75 that
1465 734 155 75 although
1646 734 56 75 the
1726 734 68 75 lyes
1821 734 53 75 are
1898 734 119 75 ftrong,
2042 734 55 75 the
2114 734 87 75 alka-

1167 781 64 75 line
1247 781 76 75 falts
1340 781 61 75 and
1421 781 168 75 abforbent
1605 781 91 75 earth
1711 781 52 75 are
1782 781 94 75 eafily
1892 781 122 75 walhed
2033 781 77 75 out;
2138 781 65 75 and

1165 828 54 75 the
1236 828 66 75 oily
1318 828 148 75 particles
1484 828 65 75 are,
1567 828 32 75 in
1616 828 18 75 a
1651 828 91 75 great
1759 828 151 75 meafure,
1929 828 149 75 removed
2096 828 105 75 whicfl

1165 874 76 75 help
1258 874 35 75 to
1310 874 90 75 blunt
1417 874 56 75 the
1490 874 119 75 acidity
1625 874 40 75 of
1676 874 54 75 the
1747 874 120 75 liquor.

1210 921 87 75 Two
1313 921 175 75 objedions
1516 921 54 75 are
1597 921 94 75 made
1714 921 118 75 againft
1849 921 55 75 the
1934 921 53 75 ufe
2014 921 42 75 of
2077 921 124 75 vitriol-

1164 967 102 75 fours.
1315 967 74 75 One
1416 967 41 75 is,
1482 967 71 75 that
1569 967 56 75 the
1641 967 125 75 procefs
1783 967 41 75 of
1834 967 128 75 fouring
1979 967 80 75 with
2077 967 78 75 milk
2171 967 28 75 is

1165 1015 182 75 performed
1372 1015 43 75 by
1432 1015 18 75 a
1465 1015 247 75 fermentation;
1737 1015 76 75 and,
1839 1015 33 75 as
1894 1015 94 75 there
2015 1015 26 75 is
2066 1015 41 75 no
2135 1015 65 75 fer-

1164 1060 173 75 mentation
1354 1060 32 75 in
1403 1060 56 75 the
1476 1060 226 75 vitriol-fours,
1727 1060 78 75 they
1816 1060 118 75 cannot
1949 1060 89 75 ferve
2055 1060 53 75 the
2126 1060 74 75 pur-

1164 1107 73 75 pofe
1253 1107 35 75 fo
1304 1107 94 75 well:
1416 1107 77 75 The
1509 1107 106 75 other,
1633 1107 72 75 that
1722 1107 77 75 they
1815 1107 74 75 may
1905 1107 76 75 hurt
1998 1107 54 75 the
2070 1107 129 75 texture

1164 1153 39 75 of
1215 1153 55 75 the
1287 1153 101 75 cloth.
1421 1153 77 75 The
1515 1153 120 75 anfwer
1649 1153 36 75 to
1701 1153 55 75 the
1771 1153 121 75 former
1904 1153 157 75 objedion
2079 1153 26 75 is
2121 1153 81 75 very

1162 1200 107 75 Ihort;
1296 1200 70 75 that
1393 1200 56 75 the
1465 1200 215 75 vitriol-fours
1698 1200 129 75 operate
1842 1200 204 75 fuccefsfully
2062 1200 139 75 without

1164 1246 18 75 a
1203 1246 238 75 fermentation,
1467 1246 33 75 as
1524 1246 189 75 experience
1737 1246 99 75 ftiews
1850 1246 11 75 ;
1888 1246 63 75 and
1975 1246 165 75 therefore
2166 1246 34 75 in

1163 1294 88 75 them
1268 1294 18 75 a
1302 1294 225 75 fermentation
1547 1294 26 75 is
1591 1294 57 75 not
1667 1294 172 75 neceflary.

1211 1341 48 75 As
1276 1341 35 75 to
1329 1341 55 75 the
1400 1341 97 75 latter
1513 1341 173 75 objedion,
1712 1341 70 75 that
1800 1341 43 75 oil
1861 1341 40 75 of
1918 1341 121 75 vitriol,
2069 1341 94 75 being
2181 1341 20 75 a

1163 1387 78 75 very
1258 1387 155 75 corrofive
1431 1387 101 75 body,
1558 1387 73 75 may
1647 1387 77 75 hurt
1740 1387 56 75 the
1824 1387 88 75 cloth
1928 1387 10 75 ;
1967 1387 70 75 that
2054 1387 67 75 will
2145 1387 55 75 va-

1165 1433 63 75 nifh
1247 1433 151 75 likewife,
1423 1433 93 75 when
1533 1433 24 75 it
1575 1433 26 75 is
1618 1433 183 75 confidered
1817 1433 76 75 how
1904 1433 94 75 much
2018 1433 55 75 the
2089 1433 110 75 vitriol

1163 1479 26 75 is
1207 1479 124 75 diluted
1347 1479 79 75 with
1439 1479 111 75 water,
1575 1479 72 75 that
1667 1479 55 75 the
1738 1479 106 75 liquor
1857 1479 26 75 is
1900 1479 56 75 not
1968 1479 141 75 ftronger
2121 1479 78 75 than

1164 1526 142 75 vinegar,
1333 1526 60 75 and
1412 1526 69 75 that
1497 1526 25 75 it
1546 1526 74 75 may
1636 1526 40 75 be
1695 1526 100 75 fafely
1812 1526 95 75 taken
1924 1526 67 75 into
2009 1526 54 75 the
2079 1526 120 75 human

1162 1573 99 75 body.

1211 1619 92 75 That
1325 1619 27 75 it
1379 1619 74 75 may
1468 1619 41 75 be
1527 1619 74 75 ufed
1615 1619 77 75 with
1712 1619 112 75 fafety,
1851 1619 93 75 much
1962 1619 142 75 ftronger
2122 1619 76 75 than

1162 1666 86 75 what
1277 1666 27 75 is
1329 1666 160 75 neceflary
1504 1666 34 75 in
1565 1666 57 75 the
1643 1666 202 75 bleachfield,
1871 1666 130 75 appears
2032 1666 82 75 from
2142 1666 58 75 the

1161 1714 167 75 following
1344 1714 200 75 experiment
1561 1714 78 75 with
1657 1714 114 75 regard
1797 1714 34 75 to
1848 1714 55 75 the
1927 1714 152 75 ftamping
2099 1714 41 75 of
2159 1714 38 75 li-

1162 1759 73 75 nen.
1284 1759 99 75 After
1399 1759 55 75 the
1473 1759 85 75 linen
1586 1759 28 75 is
1638 1759 108 75 boiled
1769 1759 33 75 in
1819 1759 18 75 a
1854 1759 52 75 lye
1932 1759 42 75 of
1997 1759 97 75 allies,
2120 1759 26 75 it
2169 1759 29 75 is

1161 1807 155 75 bleached
1333 1807 51 75 for
1401 1807 85 75 fome
1503 1807 89 75 time.
1641 1807 99 75 After
1752 1807 77 75 this,
1855 1807 35 75 in
1901 1807 95 75 order
2012 1807 35 75 to
2064 1807 91 75 make
2172 1807 26 75 it

1162 1854 122 75 receive
1307 1854 56 75 the
1380 1854 123 75 colour,
1530 1854 25 75 it
1580 1854 26 75 is
1634 1854 125 75 fteeped
1776 1854 31 75 in
1825 1854 19 75 a
1860 1854 72 75 four
1957 1854 40 75 of
2019 1854 100 75 water
2136 1854 63 75 and

1161 1899 43 75 oil
1221 1899 40 75 of
1274 1899 118 75 vitriol,
1418 1899 98 75 about
1533 1899 109 75 fifteen
1659 1899 91 75 times
1767 1899 144 75 ftronger
1927 1899 75 75 than
2020 1899 69 75 that
2104 1899 95 75 made

1161 1947 53 75 life
1230 1947 41 75 of
1281 1947 32 75 in
1330 1947 55 75 the
1413 1947 211 75 bleachfield;
1651 1947 65 75 for,
1742 1947 34 75 to
1797 1947 65 75 100
1884 1947 123 75 gallons
2036 1947 40 75 of
2097 1947 101 75 water

1162 1994 52 75 are
1235 1994 105 75 added
1364 1994 67 75 two
1455 1994 62 75 and
1533 1994 19 75 a
1568 1994 74 75 half
1665 1994 39 75 of
1726 1994 43 75 oil
1797 1994 41 75 of
1858 1994 122 75 vitriol.
2029 1994 75 75 Into
2132 1994 65 75 this

1163 2040 149 75 quantity
1336 2040 42 75 of
1398 2040 122 75 liquor,
1546 2040 92 75 made
1654 2040 35 75 fo
1706 2040 97 75 warm
1821 2040 33 75 as
1871 2040 56 75 the
1942 2040 89 75 hand
2053 2040 57 75 can
2132 2040 65 75 juft

1162 2086 38 75 be
1217 2086 75 75 held
1310 2086 31 75 in
1354 2086 38 75 it,
1417 2086 27 75 is
1461 2086 57 75 put
1535 2086 91 75 feven
1638 2086 104 75 pieces
1757 2086 41 75 of
1810 2086 43 75 28
1867 2086 94 75 yards
1979 2086 91 75 each.
2118 2086 78 75 The

1162 2132 85 75 linen
1265 2132 133 75 remains
1415 2132 32 75 in
1464 2132 26 75 it
1507 2132 98 75 about
1621 2132 66 75 two
1703 2132 111 75 hours,
1840 2132 62 75 and
1927 2132 105 75 comes
2059 2132 57 75 out
2145 2132 50 75 re-

1163 2178 165 75 markably
1345 2178 126 75 whiter.
1520 2178 77 75 The
1623 2178 61 75 fine
1711 2178 88 75 cloth
1824 2178 90 75 often
1931 2178 176 75 undergoes
2131 2178 65 75 this

1163 2225 162 75 operation
1344 2225 107 75 twice.
1500 2225 75 75 Nor
1590 2225 27 75 is
1634 2225 92 75 there
1754 2225 62 75 any
1842 2225 120 75 danger
1978 2225 30 75 if
2026 2225 56 75 the
2099 2225 44 75 oil
2161 2225 41 75 of

1161 2272 108 75 vitriol
1285 2272 26 75 is
1328 2272 72 75 well
1418 2272 110 75 mixed
1545 2272 78 75 with
1639 2272 57 75 the
1718 2272 111 75 water.
1863 2272 66 75 But
1946 2272 31 75 if
1988 2272 55 75 the
2058 2272 66 75 two
2141 2272 55 75 are

1161 2318 56 75 not
1234 2318 73 75 well
1324 2318 108 75 mixed
1454 2318 161 75 together,
1642 2318 59 75 and
1720 2318 55 75 the
1799 2318 44 75 oil
1867 2318 40 75 of
1926 2318 107 75 vitriol
2059 2318 136 75 remains

1161 2365 31 75 in
1210 2365 85 75 fome
1311 2365 88 75 parts
1416 2365 180 75 undiluted,
1622 2365 55 75 the
1690 2365 87 75 cloth
1794 2365 26 75 is
1839 2365 157 75 corroded
2008 2365 69 75 into
2091 2365 102 75 holes.

1208 2410 75 75 Let'
1296 2410 36 75 us
1351 2410 71 75 now
1445 2410 74 75 take
1537 2410 18 75 a
1569 2410 82 75 view
1667 2410 41 75 of
1727 2410 55 75 the
1803 2410 191 75 advantages
2018 2410 102 75 which
2139 2410 56 75 the

1161 2457 213 75 vitriol-fours
1391 2457 79 75 muft
1487 2457 79 75 have
1582 2457 78 75 over
1677 2457 55 75 the
1749 2457 90 75 milk.
1887 2457 77 75 The
1980 2457 96 75 latter
2088 2457 26 75 is
2133 2457 59 75 full

1161 2504 39 75 of
1211 2504 67 75 oily
1294 2504 162 75 particles,
1473 2504 85 75 fome
1575 2504 40 75 of
1626 2504 104 75 which
1743 2504 80 75 muft
1840 2504 38 75 be
1894 2504 59 75 left
1966 2504 31 75 in
2011 2504 53 75 the
2077 2504 88 75 cloth
2178 2504 9 75 :

1144 2550 81 75 'But
1242 2550 55 75 the
1315 2550 68 75 cafe
1399 2550 27 75 is
1450 2550 99 75 worfe
1567 2550 90 75 when
1676 2550 54 75 the
1746 2550 85 75 fcum
1858 2550 36 75 is-
1915 2550 135 75 allowed
2067 2550 35 75 to
2119 2550 71 75 pre-

1159 2597 128 75 cipitate
1304 2597 83 75 upon
1405 2597 55 75 the
1477 2597 102 75 cloth.
1628 2597 75 75 The
1721 2597 119 75 former
1863 2597 26 75 is
1907 2597 95 75 liable
2015 2597 35 75 to
2065 2597 126 75 neither

1160 2645 38 75 of
1214 2645 86 75 thele
1317 2645 188 75 objections.

1203 2691 76 75 The
1296 2691 145 75 common
1458 2691 87 75 fours
1558 2691 106 75 haften
1676 2691 78 75 very
1765 2691 58 75 fall
1839 2691 37 75 to
1891 2691 184 75 corruption
2090 2691 10 75 ;
2128 2691 61 75 and

1156 2737 39 75 if,
1213 2737 83 75 from
1310 2737 84 75 want
1406 2737 40 75 of
1453 2737 114 75 proper
1579 2737 84 75 care,
1677 2737 78 75 they
1767 2737 74 75 ever
1857 2737 101 75 arrive
1971 2737 30 75 at
2015 2737 70 75 that
2097 2737 91 75 ftate,

1158 2784 78 75 muft
1252 2784 132 75 damage
1401 2784 53 75 the
1470 2784 87 75 ck>th
1575 2784 78 75 very
1673 2784 103 75 much.
1829 2784 48 75 As
1903 2784 53 75 the
1974 2784 77 75 milk
2068 2784 26 75 is
2111 2784 78 75 kept

1158 2830 73 75 very
1250 2830 87 75 long,
1362 2830 25 75 it
1404 2830 26 75 is
1448 2830 88 75 often
1565 2830 169 75 corrupted
1753 2830 110 75 before
1890 2830 26 75 it
1941 2830 25 75 is
1984 2830 73 75 ufied
2074 2830 9 75 ;
2110 2830 74 75 and,

1158 2878 135 75 without
1310 2878 102 75 aCting
1430 2878 33 75 as
1484 2878 18 75 a
1515 2878 88 75 four,
1629 2878 56 75 has
1699 2878 41 75 all
1755 2878 57 75 the
1830 2878 60 75 bad
1904 2878 106 75 effeCts
2029 2878 38 75 of
2079 2878 108 75 putre-

1157 2925 129 75 faCtion.
1334 2925 76 75 The
1426 2925 214 75 vitriol-fours
1666 2925 53 75 are
1742 2925 57 75 not
1826 2925 119 75 fubjeCt
1969 2925 34 75 to
2027 2925 161 75 putrefac-

1158 2971 80 75 tion.

1204 3020 75 75 The
1296 3020 78 75 milk
1391 3020 88 75 takes
1496 3020 60 75 five
1572 3020 78 75 days
1669 3020 34 75 to
1726 3020 140 75 perform
1883 3020 40 75 its
1942 3020 79 75 talk,
2046 3020 58 75 but
2133 3020 55 75 the

1616 3070 18 75 7
1658 3070 32 75 E
1784 3070 8 75 •

2067 3070 123 75 vitriol-

1048 3077 20 75 3
