2396 3377
496 157 40 75 A
589 157 54 75 M
696 157 41 75 B

1085 157 20 75 (
1168 157 76 75 132
1306 157 19 75 )

1632 157 42 75 A
1733 157 48 75 M
1843 157 35 75 6

172 218 177 75 AbyfTinia,
374 218 38 75 ov
428 218 117 75 higher
560 218 169 75 Ethiopia,
754 218 136 75 fituated
907 218 41 75 on
966 218 56 75 the
1039 218 63 75 fide
1130 218 41 75 of

174 268 18 75 a
210 268 84 75 lake,
320 268 57 75 out
401 268 39 75 of
463 268 108 75 which
591 268 56 75 the
675 268 84 75 river
784 268 78 75 Nile
890 268 114 75 ifl’ues-;
1033 268 41 75 35
1074 250 21 49 0
1119 268 46 75 E.

172 313 91 75 long,
290 313 64 75 and
373 313 61 75 13°
453 313 38 75 S.
508 313 60 75 lat.

128 358 345 75 AMBARVALIA,
496 358 34 75 in
551 358 174 75 antiquity,
750 358 20 75 a
792 358 170 75 ceremony
978 358 117 75 among
1110 358 57 75 the

175 405 157 75 Romans,
358 405 107 75 when,
491 405 32 75 in
551 405 95 75 order
669 405 35 75 to
732 405 135 75 procure
896 405 85 75 from
1006 405 55 75 the
1086 405 80 75 godg

176 453 39 75 an
238 453 105 75 happy
359 453 138 75 harveft,
530 453 80 75 they
634 453 176 75 conduced
833 453 56 75 the
911 453 123 75 victims
1063 453 104 75 thrice

177 499 103 75 round
296 499 55 75 the
368 499 186 75 corn-fields
577 499 33 75 in
636 499 182 75 proceflion,
848 499 112 75 before
992 499 176 75 facrificing

175 547 102 75 them.
328 547 219 75 Ambarvalia
564 547 84 75 were
668 547 103 75 either
793 547 41 75 of
851 547 19 75 a
893 547 122 75 private
1039 547 37 75 or
1109 547 57 75 pu-

174 593 65 75 blic
256 593 112 75 nature
380 593 9 75 :
417 593 56 75 the
489 593 124 75 private
630 593 83 75 were
727 593 185 75 performed
923 593 44 75 by
984 593 55 75 the
1055 593 115 75 mafter

177 640 40 75 of
235 640 19 75 a
271 640 132 75 family;
431 640 63 75 and
518 640 56 75 the
598 640 107 75 public
718 640 44 75 by
778 640 55 75 the
852 640 108 75 prielts
978 640 75 75 who
1068 640 101 75 offici-

176 686 77 75 ated
280 686 33 75 at
339 686 55 75 the
418 686 183 75 folemnity,
627 686 105 75 called
745 686 135 75 fratres
898 686 145 75 arvales.
1091 686 78 75 The

177 731 116 75 prayer
308 731 164 75 preferred
488 731 42 75 on
547 731 64 75 this
624 731 154 75 occafion,
791 731 55 75 the
859 731 142 75 formula
1012 731 40 75 of
1062 731 107 75 which

177 780 50 75 we
250 780 81 75 have
348 780 34 75 in
406 780 98 75 Cato,
529 780 41 75 de
588 780 51 75 Re
655 780 95 75 Ruft.
767 780 71 75 cap.
857 780 91 75 cxlii.
974 780 63 75 was
1066 780 105 75 called

179 825 133 75 carmen
328 825 201 75 ambarvale.

226 871 49 75 At
302 871 88 75 thefe
414 871 92 75 fealls
530 871 79 75 they
624 871 163 75 facrificed
809 871 35 75 to
872 871 101 75 Ceres
998 871 19 75 a
1045 871 77 75 fow,
1151 871 19 75 a

178 918 105 75 Iheep,
309 918 63 75 and
404 918 19 75 a
445 918 81 75 bull,
552 918 38 75 or
617 918 116 75 heifer,
758 918 139 75 whence,
918 918 78 75 they
1012 918 75 75 take
1114 918 56 75 the

180 963 93 75 name
289 963 298 75 oifuovetauriiia'.

227 1011 77 75 The
331 1011 134 75 method
489 1011 41 75 of
549 1011 195 75 celebrating
774 1011 101 75 them,
902 1011 66 75 was
992 1011 36 75 to
1051 1011 74 75 lead
1151 1011 20 75 a

180 1058 107 75 viclim
311 1058 106 75 round
440 1058 55 75 the
523 1058 104 75 fields,
653 1058 96 75 while
765 1058 56 75 the
843 1058 142 75 peafants
1004 1058 165 75 accompa-

180 1103 75 75 nied
270 1103 39 75 it,
334 1103 64 75 and
413 1103 62 75 one
487 1103 45 75 .of
555 1103 84 75 their
655 1103 147 75 number,
831 1103 150 75 crowned
998 1103 78 75 with
1093 1103 76 75 oak,

181 1151 144 75 hymned
341 1151 89 75 forth
446 1151 56 75 the
518 1151 116 75 praifes
652 1151 40 75 of
712 1151 114 75 Ceres,
852 1151 34 75 in
909 1151 104 75 verfes
1041 1151 129 75 compo-

182 1199 56 75 fed
255 1199 41 75 on
313 1199 147 75 purpofe.

229 1244 86 75 This
332 1244 121 75 feftival
465 1244 65 75 was
548 1244 183 75 celebrated
742 1244 93 75 twice
852 1244 124 75 a-year,
989 1244 33 75 at
1037 1244 56 75 the
1109 1244 64 75 end

181 1290 42 75 of
235 1290 154 75 January,
415 1290 172 75 according
603 1290 35 75 to
654 1290 97 75 fome,
774 1290 38 75 or
825 1290 34 75 in
877 1290 108 75 April,
1003 1290 170 75 according

182 1339 36 75 to
237 1339 128 75 others;
392 1339 64 75 and
482 1339 52 75 for
549 1339 57 75 the
629 1339 118 75 fecond
769 1339 76 75 time
869 1339 32 75 in
918 1339 59 75 the
1001 1339 113 75 month
1137 1339 41 75 of

186 1385 90 75 July.

136 1430 336 75 AMBARVALIS,
498 1430 32 75 in
546 1430 133 75 botany,
705 1430 39 75 an
769 1430 141 75 obfolete
937 1430 92 75 name
1056 1430 40 75 of
1117 1430 57 75 the

185 1480 168 75 polygala.
405 1480 61 75 See
483 1480 227 75 Polygala.

136 1524 153 75 AMBE,
314 1524 32 75 in
378 1524 143 75 furgery,
554 1524 39 75 an
625 1524 186 75 inftrument
842 1524 53 75 for
927 1524 152 75 reducing
1111 1524 62 75 dif-

185 1570 127 75 located
327 1570 113 75 bones.

138 1618 62 75 Am
207 1618 57 75 be,
289 1618 32 75 in
342 1618 162 75 anatomy,
530 1618 18 75 a
576 1618 83 75 term
687 1618 51 75 for
766 1618 56 75 the
853 1618 175 75 fuperficial
1052 1618 123 75 jutting

186 1663 57 75 out
259 1663 40 75 of
311 1663 18 75 a
344 1663 95 75 bone.

137 1709 187 75 AMBER,
340 1709 197 75 fuccinitm,'
556 1709 37 75 or
610 1709 166 75 elettrum,
800 1709 32 75 in
849 1709 274 75 natural-hiflory,
1156 1709 20 75 a

186 1755 82 75 hard
284 1755 194 75 bituminous
497 1755 211 75 inflammable
726 1755 176 75 fubftance,
932 1755 123 75 brittle,
1072 1755 101 75 fome-

184 1802 90 75 what
295 1802 210 75 tranfparent,
530 1802 163 75 generally
709 1802 40 75 of
760 1802 19 75 a
794 1802 161 75 yellowilh
972 1802 122 75 colour,
1112 1802 63 75 and

186 1848 94 75 when
303 1848 99 75 warm
422 1848 90 75 fends
536 1848 92 75 forth
645 1848 18 75 a
679 1848 144 75 fragrant
840 1848 194 75 bituminous
1055 1848 116 75 odour.

186 1895 125 75 Amber
338 1895 27 75 is
381 1895 139 75 likewife
536 1895 155 75 endowed
707 1895 78 75 with
807 1895 39 75 an
863 1895 155 75 electrical
1046 1895 124 75 virtue;

187 1942 94 75 when
298 1942 134 75 rubbed,
457 1942 171 75 it'attracts
645 1942 108 75 draws
771 1942 37 75 or
832 1942 94 75 other
941 1942 83 75 light
1047 1942 125 75 bodies.

183 1988 82 75 The
281 1988 77 75 tafte
381 1988 41 75 of
439 1988 108 75 amber
573 1988 27 75 is
618 1988 100 75 acrid,
742 1988 207 75 bituminous,
983 1988 63 75 and
1071 1988 101 75 fome-

188 2034 87 75 what
300 2034 182 75 adringent.
532 2034 32 75 It
591 2034 77 75 does
689 2034 56 75 not
770 2034 169 75 effervefce
966 2034 78 75 with
1072 2034 100 75 acids,

189 2080 63 75 and
279 2080 27 75 is
331 2080 121 75 foluble
480 2080 32 75 in
536 2080 90 75 fpirit
648 2080 41 75 of
718 2080 82 75 wine
833 2080 62 75 and
927 2080 139 75 effential
1099 2080 73 75 oils.

188 2127 110 75 When
316 2127 160 75 fubjedted
493 2127 34 75 to
544 2127 18 75 a
583 2127 155 75 chemical
755 2127 143 75 analyfis,
915 2127 25 75 it
956 2127 64 75 firfl
1038 2127 101 75 yields
1156 2127 19 75 a

188 2173 130 75 fubacid
335 2173 111 75 water,
466 2173 187 75 afterwards
664 2173 24 75 .a
703 2173 117 75 yellow
835 2173 82 75 fetid
934 2173 56 75 oil,
1004 2173 63 75 and
1084 2173 17 75 a
1116 2173 57 75 vo-

190 2220 89 75 latile
311 2220 84 75 fait;
420 2220 89 75 w-hat
531 2220 133 75 remains
693 2220 32 75 in
757 2220 55 75 the
840 2220 114 75 retort,
979 2220 27 75 is
1032 2220 18 75 a
1066 2220 106 75 black,

190 2266 95 75 light,
309 2266 116 75 friable
448 2266 129 75 matter,
603 2266 188 75 refembling
810 2266 55 75 the
893 2266 140 75 bitumen
1050 2266 124 75 Judai-

189 2313 84 75 cum.

237 2357 124 75 Amber
374 2357 29 75 is
421 2357 116 75 chiefly
552 2357 103 75 found
682 2357 31 75 in
740 2357 131 75 Pruflia,
896 2357 64 75 and
975 2357 31 75 in
1023 2357 56 75 the
1096 2357 78 75 Bal-

190 2405 45 75 tic
251 2405 62 75 fea,
334 2405 80 75 near
434 2405 56 75 the
506 2405 90 75 ffiore
614 2405 38 75 of
666 2405 151 75 Sudavia,
841 2405 107 75 where
969 2405 27 75 it
1019 2405 27 75 is
1071 2405 103 75 found

186 2450 179 75 fwimming
381 2450 41 75 on
439 2450 56 75 the
509 2450 124 75 furface
645 2450 41 75 of
697 2450 55 75 the
769 2450 111 75 water,
906 2450 62 75 and
984 2450 27 75 is
1028 2450 96 75 taken
1139 2450 33 75 in

189 2497 84 75 nets.
322 2497 32 75 It
370 2497 27 75 is
414 2497 155 75 edeemed
584 2497 19 75 a
618 2497 157 75 pov/erful
798 2497 156 75 medicine
976 2497 32 75 in
1037 2497 137 75 hyderic

190 2543 63 75 and
268 2543 261 75 hypochondriac
545 2543 338 75 cafes.—Naturalids
898 2543 56 75 are
972 2543 96 75 much
1092 2543 81 75 divi-

188 2590 67 75 ded
270 2590 98 75 about
384 2590 55 75 the
455 2590 103 75 origin
580 2590 41 75 of
644 2590 107 75 amber
767 2590 9 75 :
802 2590 98 75 Some
917 2590 206 75 maintaining
1146 2590 28 75 it

191 2636 36 75 to
253 2636 40 75 be
317 2636 40 75 an
384 2636 116 75 animal
525 2636 172 75 fubdance,
735 2636 124 75 others,
873 2636 18 75 a
921 2636 138 75 refinous
1088 2636 86 75 juice

187 2682 124 75 oozing
325 2682 86 75 from
426 2682 127 75 poplars
570 2682 62 75 and
647 2682 53 75 firs
725 2682 76 75 near
815 2682 55 75 the
886 2682 105 75 flrore,
1015 2682 62 75 and
1100 2682 74 75 run-

192 2728 77 75 ning
284 2728 69 75 into
369 2728 55 75 the
440 2728 62 75 fea.
553 2728 66 75 But
636 2728 26 75 it
683 2728 57 75 has
757 2728 100 75 lately
873 2728 79 75 been
968 2728 102 75 found
1086 2728 34 75 to
1136 2728 40 75 be

193 2774 18 75 a
228 2774 70 75 true
314 2774 142 75 bitumen
471 2774 10 75 ;
508 2774 55 75 the
586 2774 88 75 veins
698 2774 40 75 of
755 2774 106 75 which
878 2774 84 75 were
978 2774 197 75 difcovered,

193 2821 43 75 by
248 2821 54 75 the
323 2821 168 75 Pruflians,
519 2821 32 75 in
579 2821 55 75 the
650 2821 120 75 bowels
790 2821 40 75 of
849 2821 56 75 the
928 2821 104 75 earth,
1060 2821 33 75 in
1121 2821 56 75 the

191 2865 102 75 marffi
310 2865 76 75 near
400 2865 144 75 Eudrin.

147 2912 153 75 Amber,
324 2912 32 75 in
385 2912 197 75 geography,
608 2912 18 75 a
641 2912 96 75 river,
763 2912 107 75 which
894 2912 93 75 rifing
1010 2912 32 75 in
1066 2912 56 75 the
1140 2912 37 75 S.

192 2958 60 75 W.
277 2958 78 75 part,
371 2958 40 75 of
432 2958 150 75 Bavaris,
608 2958 74 75 runs
710 2958 47 75 N.
783 2958 44 75 E.
857 2958 44 75 by
925 2958 164 75 Lanfperg
1115 2958 62 75 and

188 3004 153 75 Dachan,
367 3004 63 75 and
445 3004 74 75 falls
537 3004 68 75 into
617 3004 83 75 ifer,
718 3004 117 75 aiittk
853 3004 100 75 above
970 3004 178 75 Landfhut.

1215 217 185 75 Amberg,
1426 217 18 75 a
1461 217 142 75 fortified
1619 217 88 75 town
1724 217 39 75 of
1786 217 151 75 Bavaria,
1963 217 138 75 fituated
2125 217 41 75 on
2195 217 55 75 the

1263 262 86 75 river
1364 262 60 75 Ils,
1450 262 97 75 about
1567 262 43 75 30
1627 262 90 75 miles
1739 262 54 75 "N.
1819 262 41 75 of
1882 262 167 75 Ratidron,
2073 262 34 75 in
2128 262 39 75 12
2167 244 22 49 0
2204 262 45 75 E.

1263 309 88 75 long,
1378 309 61 75 and
1458 309 43 75 49
1501 291 20 49 0
1539 309 39 75 25
1578 291 16 49 /
1611 309 48 75 N.
1676 309 79 75 lat.,

1217 358 384 75 AMBERGREASE,
1627 358 38 75 or
1692 358 280 75 Ambergrise,
1996 358 34 75 in
2053 358 124 75 natural
2201 358 54 75 hi-

1263 402 99 75 dory,
1387 402 26 75 is
1434 402 19 75 a
1469 402 94 75 folid,
1581 402 138 75 opaque,
1740 402 234 75 affi-coloured,
1998 402 61 75 fat,
2077 402 175 75 inflamma-

1264 449 51 75 ble
1350 449 175 75 fubdance,
1564 449 186 75 variegated
1779 449 66 75 like
1883 449 133 75 marble,
2049 449 205 75 remarkably

1264 495 93 75 light,
1377 495 123 75 rugged
1516 495 64 75 and
1595 495 123 75 uneven
1733 495 33 75 in
1783 495 41 75 its
1841 495 134 75 furface,
2002 495 64 75 and
2076 495 57 75 has
2151 495 18 75 a
2185 495 66 75 fra-

1264 542 93 75 grant
1375 542 106 75 odour
1497 542 94 75 when
1607 542 129 75 heated.
1785 542 32 75 It
1833 542 78 75 does
1928 542 55 75 not
1996 542 168 75 effervefce
2174 542 80 75 with

1265 589 106 75 acids;
1397 589 95 75 melts
1509 589 104 75 freely
1629 589 77 75 over
1723 589 18 75 a
1756 589 70 75 fire,
1855 589 68 75 into
1941 589 18 75 a
1977 589 77 75 kind
2076 589 42 75 of
2135 589 119 75 yellow

1265 635 93 75 rofin,
1384 635 60 75 and
1457 635 27 75 is
1502 635 116 75 hardly
1635 635 120 75 foluble
1766 635 33 75 in
1816 635 89 75 fpirit
1921 635 41 75 of
1968 635 96 75 wine.
2113 635 140 75 Amber-

1265 683 81 75 grife
1370 683 28 75 is
1415 683 125 75 greatly
1556 683 77 75 ufed
1659 683 44 75 by
1718 683 178 75 perfumers
1921 683 42 75 on
1991 683 136 75 account
2152 683 41 75 of
2210 683 43 75 its

1263 729 98 75 fweet
1376 729 102 75 fmell.
1527 729 40 75 In
1582 729 155 75 medicine
1758 729 27 75 it
1801 729 27 75 is
1852 729 78 75 ufed
1945 729 53 75 for
2012 729 135 75 nervous
2165 729 87 75 com-

1266 776 127 75 plaints.
1456 776 32 75 It
1515 776 26 75 is
1566 776 102 75 found
1690 776 33 75 in
1746 776 90 75 great
1854 776 172 75 quantities
2058 776 33 75 in
2115 776 55 75 the
2198 776 56 75 In-

1265 822 74 75 dian
1363 822 110 75 ocean,
1487 822 79 75 near
1586 822 55 75 the
1657 822 155 75 Molucca
1827 822 83 75 dies,
1935 822 33 75 as
1988 822 66 75 alfo
2069 822 75 75 near
2160 822 93 75 Afri-

1265 867 49 75 ca,
1332 867 64 75 and
1407 867 178 75 fometimes
1602 867 76 75 near
1694 867 56 75 the
1767 867 153 75 northern
1932 867 87 75 parts
2037 867 39 75 of
2088 867 164 75 England,

1266 915 169 75 Scotland,
1460 915 63 75 and
1547 915 158 75 Norway.
1752 915 113 75 There
1887 915 57 75 has
1977 915 80 75 been
2076 915 97 75 many
2189 915 64 75 dif-

1265 962 104 75 ferent
1385 962 190 75 hypothefes
1586 962 192 75 concerning
1788 962 55 75 the
1855 962 103 75 origin
1970 962 41 75 of
2022 962 230 75 ambergreafe,

1266 1008 60 75 but
1342 1008 55 75 the
1414 1008 79 75 mod
1508 1008 153 75 probable
1678 1008 26 75 is
1721 1008 72 75 that
1804 1008 106 75 which
1922 1008 145 75 fuppofes
2083 1008 26 75 it
2126 1008 34 75 to
2177 1008 40 75 be
2234 1008 20 75 a

1267 1055 97 75 foffile
1381 1055 154 75 bitumen,
1560 1055 38 75 or
1613 1055 156 75 naphtha,
1794 1055 154 75 exfuding
1964 1055 57 75 out
2043 1055 42 75 of
2096 1055 55 75 the
2164 1055 89 75 bow-

1268 1102 44 75 els
1330 1102 40 75 of
1387 1102 56 75 the
1460 1102 104 75 earth,
1589 1102 33 75 in
1647 1102 19 75 a
1681 1102 79 75 fluid
1787 1102 96 75 form,
1909 1102 65 75 and
2003 1102 151 75 diddling
2184 1102 71 75 into

1267 1148 55 75 the
1338 1148 63 75 fea,
1426 1148 107 75 where
1552 1148 26 75 it
1594 1148 149 75 hardens,
1769 1148 63 75 and
1847 1148 93 75 floats
1957 1148 41 75 on
2016 1148 54 75 the
2092 1148 136 75 furface.

1219 1194 277 75 AMBERING,
1522 1194 18 75 a
1556 1194 82 75 term
1666 1194 76 75 ufed
1765 1194 45 75 by
1824 1194 88 75 fome
1935 1194 124 75 wiiters
2076 1194 52 75 for
2144 1194 109 75 giving

1267 1240 54 75 the
1337 1240 87 75 fcent
1441 1240 41 75 of
1494 1240 109 75 amber
1619 1240 36 75 to
1671 1240 61 75 any
1749 1240 105 75 thing.

1220 1287 171 75 AMBER
1404 1287 35 75 F,
1465 1287 17 75 a
1498 1287 67 75 city
1581 1287 40 75 of
1639 1287 134 75 France,
1799 1287 31 75 in
1856 1287 55 75 the
1939 1287 100 75 lower
2065 1287 186 75 Auvergne,

1267 1334 196 75 remarkable
1487 1334 51 75 for
1571 1334 42 75 its
1641 1334 233 75 manufa&ures
1901 1334 33 75 in
1958 1334 98 75 paper
2076 1334 63 75 and
2166 1334 85 75 cam-

1268 1379 96 75 blets.

1220 1427 375 75 AMBETTUWAY,
1619 1427 32 75 in
1669 1427 131 75 botany,
1827 1427 19 75 a
1870 1427 175 75 barbarous
2063 1427 90 75 name
2171 1427 41 75 of
2232 1427 22 75 a

1269 1472 79 75 tree,
1374 1472 56 75 the
1457 1472 105 75 leaves
1591 1472 41 75 of
1650 1472 117 75 which,
1793 1472 93 75 when
1902 1472 108 75 boiled
2026 1472 32 75 in
2076 1472 93 75 wine,
2199 1472 54 75 are

1268 1519 67 75 faid
1350 1519 35 75 to
1402 1519 105 75 create
1524 1519 39 75 an
1588 1519 150 75 appetite,
1764 1519 63 75 and
1849 1519 27 75 is
1901 1519 75 75 u&d
1998 1519 44 75 by
2057 1519 55 75 the
2139 1519 115 75 people

1268 1565 31 75 in
1316 1565 130 75 Guinea
1470 1565 80 75 with
1567 1565 70 75 that
1654 1565 171 75 intention.

1221 1613 213 75 AMBIAM,
1461 1613 19 75 a
1510 1613 154 75 kingdom
1686 1613 40 75 of
1752 1613 166 75 Ethiopia,
1943 1613 132 75 fituated
2106 1613 146 75 betweeri

1269 1658 54 75 the
1345 1658 91 75 Nile,
1461 1658 62 75 and
1550 1658 19 75 a
1593 1658 85 75 river
1708 1658 107 75 which
1846 1658 75 75 rifes
1953 1658 56 75 out
2032 1658 41 75 of
2092 1658 55 75 the
2179 1658 74 75 lake

1269 1704 126 75 Zaffan.

1220 1751 343 75 AMBIDEXTER,
1582 1751 18 75 a
1631 1751 112 75 perfon
1770 1751 74 75 who
1867 1751 57 75 can
1952 1751 53 75 ufe
2038 1751 79 75 both
2149 1751 102 75 hands

1267 1797 78 75 with
1362 1797 54 75 the
1432 1797 83 75 fame
1530 1797 129 75 facility
1683 1797 61 75 and
1760 1797 52 75 for
1829 1797 54 75 the
1894 1797 89 75 fame
2004 1797 150 75 purpofes
2180 1797 76 75 that

1268 1843 54 75 the
1338 1843 178 75 generality
1527 1843 41 75 of
1588 1843 113 75 people
1726 1843 42 75 do
1784 1843 84 75 their
1885 1843 86 75 right
1987 1843 114 75 hands.

1221 1890 274 75 AMBIEGN/E
1513 1890 82 75 over,
1620 1890 32 75 in
1669 1890 55 75 the
1747 1890 138 75 heathen
1901 1890 167 75 lacrifices,
2087 1890 39 75 an
2143 1890 108 75 appel-

1266 1934 100 75 lation
1392 1934 93 75 given
1515 1934 34 75 to
1577 1934 75 75 fuch
1675 1934 83 75 ewes
1784 1934 46 75 as,
1854 1934 119 75 having
1994 1934 140 75 brought
2161 1934 90 75 forth

1267 1981 105 75 twins,
1399 1981 83 75 were
1505 1981 162 75 facrificed
1689 1981 150 75 together
1854 1981 78 75 with
1949 1981 84 75 their
2048 1981 67 75 two
2132 1981 116 75 lambs,

1268 2027 59 75 one
1343 2027 41 75 on
1406 2027 77 75 each
1507 2027 76 75 fide.
1630 2027 68 75 We
1720 2027 66 75 find
1813 2027 87 75 them
1925 2027 184 75 mentioned
2135 2027 115 75 among

1268 2074 93 75 other
1376 2074 153 75 facrifices
1546 2074 35 75 to
1597 2074 112 75 Juno.-

1221 2121 240 75 AMBIENT,
1487 2121 18 75 a
1527 2121 82 75 term
1643 2121 77 75 ufed
1746 2121 51 75 for
1825 2121 73 75 fuch
1932 2121 125 75 bodies,
2083 2121 169 75 efpecially

1268 2168 106 75 fluids,
1400 2168 33 75 as
1450 2168 182 75 encompafs
1652 2168 110 75 others
1779 2168 41 75 on
1838 2168 40 75 all
1896 2168 98 75 fides:
2021 2168 88 75 thus,
2127 2168 55 75 the
2204 2168 49 75 air

1268 2213 27 75 is
1311 2213 186 75 frequently
1518 2213 104 75 called
1637 2213 40 75 an
1694 2213 139 75 ambient
1849 2213 90 75 fluid,
1956 2213 130 75 becaufe
2101 2213 27 75 it
2143 2213 27 75 is
2187 2213 64 75 dif-

1267 2261 91 75 fufed
1373 2261 102 75 round
1489 2261 55 75 the
1564 2261 104 75 earth.

1221 2307 269 75 AMBIERLE,
1524 2307 19 75 a
1571 2307 70 75 city
1671 2307 41 75 of
1730 2307 135 75 France,
1889 2307 91 75 three
2006 2307 127 75 leagues
2163 2307 87 75 from

1268 2354 168 75 Rouanne,
1462 2354 63 75 and
1544 2354 39 75 15
1602 2354 85 75 from
1703 2354 127 75 Lyons,
1855 2354 42 75 on
1913 2354 55 75 the
1981 2354 136 75 borders
2133 2354 39 75 of
2195 2354 56 75 the

1267 2400 175 75 Lionnois,

1219 2448 296 75 AMBIGENAL
1530 2448 175 75 hyperbola,
1733 2448 21 75 a
1780 2448 91 75 name
1894 2448 93 75 given
2011 2448 44 75 by
2083 2448 55 75 Sir
2162 2448 89 75 Ifaac

1266 2493 142 75 Newton
1424 2493 35 75 to
1481 2493 60 75 one
1557 2493 40 75 of
1616 2493 55 75 the
1686 2493 96 75 triple
1797 2493 192 75 hyperbolas
2006 2493 39 75 of
2064 2493 55 75 the
2135 2493 116 75 fecond

1268 2539 107 75 order,
1399 2539 118 75 having
1543 2539 61 75 one
1631 2539 40 75 of
1696 2539 43 75 its
1770 2539 121 75 infinite
1917 2539 68 75 legs
2010 2539 112 75 falling
2137 2539 114 75 within

1269 2587 38 75 an
1330 2587 92 75 angle
1449 2587 126 75 formed
1598 2587 43 75 by
1657 2587 59 75 the
1742 2587 216 75 aflymptytes,
1987 2587 61 75 and
2075 2587 56 75 the
2157 2587 94 75 other

1267 2631 150 75 without.

1226 2678 290 75 AMBIGUITY,
1541 2678 33 75 in
1602 2678 141 75 rhetoric
1771 2678 62 75 and
1854 2678 172 75 grammar,
2051 2678 19 75 a
2085 2678 104 75 defied!
2214 2678 42 75 of

1266 2725 169 75 language,
1459 2725 152 75 whereby
1642 2725 108 75 words
1777 2725 53 75 are
1860 2725 157 75 rendered
2049 2725 200 75 ambiguous;

1271 2771 61 75 See
1348 2771 55 75 the
1420 2771 79 75 next
1516 2771 122 75 article.

1222 2817 307 75 AMBIGUOUS,
1553 2817 19 75 a
1587 2817 82 75 term
1681 2817 127 75 applied
1822 2817 35 75 to
1874 2817 21 75 a
1914 2817 92 75 word
2025 2817 36 75 or
2077 2817 174 75 expreflion

1271 2863 104 75 which
1392 2863 124 75 maybe
1527 2863 96 75 taken
1634 2863 32 75 in
1681 2863 151 75 different
1844 2863 117 75 fenfts.

1224 2910 273 75 AMBILLON,
1522 2910 19 75 a
1551 2910 116 75 village
1683 2910 39 75 of
1740 2910 135 75 France,
1900 2910 33 75 in
1945 2910 181 75 Touraine,
2143 2910 108 75 where

1272 2956 90 75 there
1378 2956 26 75 is
1422 2956 19 75 a
1455 2956 91 75 great
1562 2956 119 75 quarry
1691 2956 52 75 for
1759 2956 200 75 mill-ftones.

1225 3003 172 75 AMBIT,
1420 3003 32 75 in
1469 3003 177 75 geometry,
1675 3003 27 75 is
1718 3003 56 75 the
1790 3003 84 75 fame
1893 3003 80 75 with
1996 3003 87 75 what
2098 3003 27 75 is
2143 3003 107 75 ether-
