2406 3327
1207 117 35 75 L
1318 117 39 75 T
1434 117 45 75 U
1557 117 37 75 R
1669 117 48 75 E.

2126 130 81 75 -Si

517 115 42 75 A
638 115 40 75 G
756 115 37 75 R
870 115 17 75 I
966 115 35 75 C
1082 115 44 75 U

104 165 4 49 1
151 183 78 75 The
250 183 172 75 fandy-fsll
446 183 107 75 which
579 183 28 75 is
624 183 172 75 compofed
812 183 40 75 of
866 183 93 75 flinty
974 183 162 75 particles,

102 232 7 75 '
109 232 90 75 eafily
222 232 141 75 receives-
381 232 63 75 and
460 232 160 75 tranfmits
639 232 119 75 water;
786 232 63 75 and
865 232 228 75 confequently
1108 232 27 75 is

103 277 61 75 hot
180 277 127 75 capable
324 277 40 75 of
373 277 185 75 containing
574 277 19 75 a
605 277 154 75 fufficient
776 277 149 75 quantity
940 277 52 75 for
1008 277 127 75 promo-

105 322 69 75 ting
189 322 56 75 the
261 322 127 75 growth
411 322 40 75 of
470 322 125 75 plants:
622 322 49 75 Its
694 322 147 75 particles
865 322 43 75 do
931 322 57 75 not
1004 322 130 75 adhere,

105 369 64 75 and
183 369 28 75 is
228 369 162 75 therefore
406 369 116 75 unable
539 369 37 75 to
599 369 131 75 fupport
754 369 103 75 plants
881 369 71 75 that
975 369 81 75 have
1072 369 64 75 few

103 415 92 75 roots
213 415 63 75 and
292 415 89 75 grow
396 415 92 75 high.
537 415 141 75 Belides,
694 415 29 75 it
733 415 26 75 is
775 415 188 75 firfjeptible
979 415 41 75 of
1030 415 105 75 great-

105 461 36 75 er
157 461 76 75 heat
249 461 84 75 from
349 461 57 75 the
422 461 56 75 fun
494 461 78 75 than
590 461 62 75 any
668 461 94 75 othgr
778 461 70 75 foil,
874 461 104 75 which
990 461 27 75 is
1030 461 53 75 apt
1100 461 35 75 to

106 506 98 75 pare!*!
220 506 55 75 the
298 506 118 75 plants.
464 506 50 75 As
531 506 65 75 this
619 506 60 75 foil
701 506 143 75 contains
867 506 41 75 no
930 506 58 75 oil,
1013 506 26 75 it
1054 506 81 75 mult

106 554 41 75 be
163 554 78 75 very
262 554 156 75 defective
440 554 33 75 in
494 554 166 75 vegetable
678 554 100 75 food;
805 554 74 75 and,
905 554 34 75 as
963 554 26 75 it
1012 554 58 75 has
1093 554 43 75 no

107 599 170 75 abforbent
289 599 137 75 quality,
450 599 26 75 it
489 599 65 75 will
567 599 121 75 receive
705 599 58 75 but
780 599 18 75 a
817 599 90 75 fmall
921 599 113 75 fupply
1050 599 86 75 from

107 646 55 75 the
180 646 59 75 air.

155 691 97 75 From
264 691 55 75 the
335 691 148 75 qualities
500 691 41 75 of
558 691 64 75 this
639 691 69 75 foil,
735 691 54 75 the
806 691 146 75 manures
965 691 78 75 moll
1060 691 74 75 pro-

102 710 5 104 ■
107 736 56 75 per
176 736 52 75 for
243 736 26 75 it
281 736 53 75 are
350 736 95 75 eafily
460 736 196 75 difeovered.
670 736 6 75 =
697 736 86 75 Clay
794 736 65 75 will
872 736 91 75 make
974 736 27 75 it
1012 736 120 75 firmer,

105 783 64 75 and
185 783 110 75 enable
312 783 25 75 it
354 783 35 75 to
406 783 100 75 retain
523 783 55 75 the
595 783 120 75 water;
742 783 58 75 but
823 783 71 75 clay
911 783 143 75 contains
1079 783 54 75 lit-

104 830 46 75 tle
166 830 164 75 vegetable
347 830 91 75 food.
488 830 100 75 Dung
612 830 66 75 will
704 830 112 75 fupply
839 830 26 75 it
887 830 80 75 with
984 830 54 75 the
1056 830 79 75 food

105 875 41 75 of
164 875 126 75 plants;
316 875 58 75 but
390 875 67 75 will
473 875 56 75 not
541 875 114 75 render
671 875 26 75 it
713 875 84 75 firm,
823 875 38 75 or
877 875 92 75 make
985 875 27 75 it
1031 875 101 75 retain

104 921 112 75 water,
265 921 91 75 Mofs
373 921 65 75 will
462 921 75 75 help
553 921 26 75 it
595 921 35 75 to
647 921 102 75 retain
764 921 112 75 water,
899 921 66 75 and
979 921 118 75 fupply
1107 921 26 75 it

105 968 81 75 with
200 968 166 75 vegetable
390 968 100 75 food;
516 968 58 75 but
596 968 68 75 will
688 968 56 75 not
769 968 92 75 make
884 968 27 75 it
933 968 118 75 firmer.
1099 968 34 75 A

100 1014 145 75 mixture
269 1014 40 75 of
327 1014 72 75 clay
423 1014 62 75 and
508 1014 98 75 dung,
631 1014 39 75 or
689 1014 40 75 of
747 1014 72 75 clay
836 1014 61 75 and
913 1014 106 75 mofs,.
1034 1014 97 75 feems

102 1060 166 75 therefore
275 1060 40 75 to
331 1060 39 75 be
382 1060 56 75 the
454 1060 79 75 moft
546 1060 114 75 proper
672 1060 128 75 manure
817 1060 52 75 for
885 1060 63 75 this
965 1060 71 75 foil.

149 1107 79 75 The
257 1107 149 75 qualities
432 1107 40 75 of
496 1107 19 75 a
536 1107 97 75 fandy
657 1107 57 75 foi,l
746 1107 170 75 compofed
942 1107 41 75 of
1009 1107 122 75 broken

100 1152 111 75 fliclls,
242 1152 190 75 are-nearly
459 1152 55 75 the
536 1152 84 75 fame
644 1152 80 75 with
750 1152 92 75 thofe
865 1152 41 75 of
930 1152 57 75 the
1011 1152 120 75 former

103 1198 92 75 kind.
242 1198 77 75 The
342 1198 77 75 only
442 1198 188 75 differences
652 1198 69 75 are,
746 1198 70 75 that
835 1198 26 75 it
882 1198 150 75 ferments
1049 1198 81 75 with

102 1245 113 75 acids,-
238 1245 144 75 contains
408 1245 56 75 oil,
496 1245 63 75 and
582 1245 27 75 is
634 1245 129 75 capable
789 1245 40 75 of
846 1245 106 75 being'
962 1245 167 75 diflblved.

103 1291 113 75 Hence
232 1291 65 75 this
313 1291 57 75 foil
387 1291 79 75 mud
489 1291 81 75 have
587 1291 22 75 h
623 1291 105 75 larger
744 1291 148 75 quantity
907 1291 41 75 of
965 1291 166 75 vegetable

101 1337 94 75 food,
220 1337 64 75 and
308 1337 80 75 muft
411 1337 66 75 alfo
504 1337 122 75 receive
650 1337 18 75 a
692 1337 125 75 greater
839 1337 113 75 fupply
968 1337 84 75 from
1074 1337 56 75 the

104 1377 18 49 a
122 1395 151 75 ir.-~.Aj
273 1377 129 49 n^xture
418 1395 40 75 ^
467 1395 167 75 dung-and
649 1395 83 75 clay,
757 1395 37 75 or
811 1395 41 75 of
869 1395 81 75 mofs
968 1395 62 75 and
1047 1395 82 75 clay,

104 1430 25 75 is
145 1430 140 75 likewHe
308 1430 56 75 the
380 1430 79 75 mod
474 1430 116 75 proper
612 1430 130 75 manure
758 1430 53 75 for
832 1430 62 75 this
911 1430 78 75 foil:
1022 1430 69 75 But
1106 1430 31 75 if

105 1475 61 75 any
181 1475 161 75 fubdance
366 1475 96 75 could
477 1475 40 75 be
533 1475 102 75 found
649 1475 72 75 that
737 1475 95 75 could
855 1475 117 75 reduce
988 1475 55 75 the
1060 1475 70 75 par-

102 1521 98 75 ticles
220 1521 41 75 of
279 1521 56 75 the
361 1521 93 75 fliells
478 1521 35 75 to
538 1521 18 75 a
577 1521 77 75 date
676 1521 41 75 of
734 1521 223 75 puprefaftion,
982 1521 25 75 it
1023 1521 109 75 would

101 1567 41 75 be
158 1567 177 75 preferable
351 1567 35 75 to
406 1567 61 75 any
482 1567 93 75 thing
590 1567 144 75 hitherto
751 1567 118 75 known
885 1567 51 75 for
952 1567 180 75 improving

107 1613 18 75 a
142 1613 56 75 foil
215 1613 39 75 of
273 1613 62 75 this
352 1613 91 75 kind.

410 1737 64 75 Of
494 1737 65 75 the
582 1737 114 75 Moffy
724 1737 92 75 Soil.

150 1823 106 75 Moss
284 1823 190 75 principally
498 1823 123 75 confids
650 1823 102 75 either
784 1823 41 75 of
836 1823 68 75 Jive
928 1823 39 75 or
995 1823 32 75 at
1051 1823 77 75 lead

102 1869 214 75 uncorrupted
326 1869 193 75 vegetables.
568 1869 32 75 It
616 1869 79 75 mud
711 1869 161 75 therefore
889 1869 81 75 have
985 1869 60 75 fait
1066 1869 62 75 and

102 1914 42 75 oil
161 1914 31 75 in
210 1914 40 75 its
274 1914 218 75 compofition.
542 1914 31 75 It
600 1914 77 75 does
703 1914 56 75 not
783 1914 94 75 eafily
898 1914 141 75 putrefy,
1064 1914 63 75 and

102 1961 145 75 prevents
271 1961 94 75 other
387 1961 110 75 bodies
514 1961 84 75 from
620 1961 195 75 putrefying.
864 1961 31 75 It
920 1961 103 75 fwells
1046 1961 80 75 with

102 2006 99 75 water
216 2006 64 75 like
297 2006 19 75 a
332 2006 129 75 fpunge,
487 2006 61 75 and
560 2006 77 75 does
650 2006 57 75 not
723 2006 93 75 eafily
827 2006 72 75 part
914 2006 80 75 with
1006 2006 38 75 it.

148 2052 56 75 To
222 2052 115 75 render
353 2052 55 75 the
424 2052 99 75 mofly
537 2052 58 75 foil
611 2052 36 75 fit
664 2052 51 75 for
732 2052 180 75 nourifhing
926 2052 118 75 plants,
1069 2052 56 75 the

99 2099 180 75 -vegetables
295 2099 33 75 in
340 2099 29 75 it
381 2099 79 75 mull
471 2099 39 75 be
522 2099 139 75 reduced
674 2099 37 75 to
727 2099 19 75 a
761 2099 76 75 date
849 2099 40 75 of
895 2099 229 75 putrefa&icn.

101 2145 84 75 This
202 2145 66 75 will
285 2145 54 75 not
363 2145 77 75 only
466 2145 113 75 fupply
604 2145 25 75 it
656 2145 80 75 with
761 2145 164 75 vegetable
951 2145 91 75 food,
1067 2145 58 75 but

98 2190 140 75 Jikewife
255 2190 114 75 render
396 2190 26 75 it
446 2190 118 75 firmer,
590 2190 62 75 and
678 2190 92 75 make
787 2190 25 75 it
828 2190 88 75 more
943 2190 95 75 eafily
1053 2190 71 75 part

100 2236 78 75 with
195 2236 110 75 water.
353 2236 112 75 Hence
481 2236 88 75 thole
586 2236 129 75 manure'
715 2236 16 75 s
748 2236 105 75 which
877 2236 138 75 ferment
1042 2236 81 75 mod

99 2282 154 75 violently
268 2282 77 75 with
364 2282 97 75 acids,
488 2282 32 75 as
538 2282 55 75 the
610 2282 72 75 clay
697 2282 62 75 and
774 2282 86 75 done
888 2282 127 75 marles,
1040 2282 82 75 feem

100 2328 34 75 to
151 2328 38 75 be
205 2328 55 75 the
276 2328 79 75 mod
371 2328 114 75 proper
512 2328 51 75 for
591 2328 63 75 this
681 2328 71 75 foil.
800 2328 108 75 Thefe
924 2328 115 75 marles
1055 2328 67 75 will

98 2374 56 75 not
181 2374 77 75 only
285 2374 76 75 raife
389 2374 18 75 a
430 2374 122 75 violent
577 2374 236 75 fermentation,
846 2374 57 75 but
930 2374 46 75 fill
1000 2374 44 75 up
1066 2374 55 75 the

99 2421 104 75 pores,
229 2421 63 75 and
307 2421 91 75 make
415 2421 55 75 the
481 2421 57 75 foil
556 2421 88 75 more
655 2421 94 75 folid.
797 2421 110 75 When
925 2421 55 75 the
996 2421 81 75 mofs
1094 2421 27 75 is

98 2467 93 75 deep,
217 2467 37 75 or
273 2467 55 75 has
347 2467 56 75 not
419 2467 19 75 a
453 2467 80 75 folid
549 2467 138 75 bottom,
712 2467 74 75 lime
807 2467 24 75 is
861 2467 171 75 improper,
1065 2467 55 75 be-

99 2513 89 75 caufe
213 2513 24 75 it
262 2513 65 75 will
350 2513 76 75 foon
454 2513 163 75 penetrate
645 2513 127 75 beyond
799 2513 55 75 the
882 2513 95 75 reach
1004 2513 40 75 of
1066 2513 54 75 the

98 2559 138 75 plough-;
262 2559 70 75 but,
357 2559 31 75 if
401 2559 27 75 it
444 2559 56 75 has
526 2559 18 75 a
562 2559 82 75 folid
660 2559 137 75 bottom,
820 2559 76 75 lime
919 2559 66 75 will
1003 2559 118 75 anfwer

97 2605 79 75 very
194 2605 86 75 well.

146 2651 30 75 It
193 2651 27 75 is
239 2651 158 75 improper
420 2651 37 75 to
478 2651 66 75 fow
559 2651 84 75 upon
667 2651 64 75 this
756 2651 56 75 foil
835 2651 50 75 till
912 2651 54 75 the
983 2651 137 75 fermen-

98 2697 100 75 tation
222 2697 101 75 raifed
344 2697 44 75 by
410 2697 55 75 the
492 2697 130 75 manure
638 2697 26 75 is
679 2697 193 75 completely
895 2697 148 75 finilhed;
1068 2697 55 75 for

97 2744 54 75 the
175 2744 140 75 violence
332 2744 40 75 of
389 2744 56 75 the
472 2744 225 75 fermentation
719 2744 177 75 fometimes
920 2744 121 75 throws
1065 2744 55 75 the

97 2789 100 75 feeds,
223 2789 16 75 a
243 2789 39 75 (id
305 2789 77 75 even
399 2789 54 75 the
469 2789 102 75 roots,
595 2789 58 75 out
671 2789 40 75 of
722 2789 54 75 the
792 2789 138 75 ground.

145 2835 161 75 Frequent
322 2835 188 75 ploughings
535 2835 92 75 make
653 2835 57 75 the
738 2835 98 75 moffy
863 2835 57 75 foil
948 2835 59 75 run
1023 2835 96 75 much

96 2879 68 75 into
180 2879 125 75 weeds;
333 2879 62 75 and
417 2879 84 75 from
525 2879 63 75 this
605 2879 234 75 circumdance,
863 2879 56 75 the
934 2879 135 75 praciice
1085 2879 41 75 of

97 2927 172 75 ploughing
285 2927 26 75 it
327 2927 59 75 but
399 2927 121 75 feidom
536 2927 26 75 is
579 2927 101 75 found
695 2927 34 75 to
746 2927 120 75 anfwer
882 2927 119 75 better.

1185 242 130 75 Sect.
1342 242 69 75 IV.
1462 242 67 75 Of
1553 242 95 75 the
1668 242 339 75 Impediments
2031 242 65 75 to
2120 242 89 75 Ve-

1560 300 268 75 getation.

1225 377 5 104 ■
1230 403 32 75 i.
1282 403 193 75 Weeds,
1495 403 44 75 as
1555 403 53 75 an
1627 403 243 75 Impediment
1888 403 37 75 to
1945 403 229 75 Vegetation.

1229 480 133 75 Every
1380 480 164 75 vegetable
1560 480 71 75 that
1642 480 105 75 grows
1763 480 32 75 in
1812 480 117 75 afield,
1955 480 150 75 different
2121 480 86 75 from

1183 525 55 75 the
1254 525 170 75 particular
1440 525 88 75 plant
1543 525 71 75 that
1629 525 26 75 is
1672 525 151 75 intended
1834 525 35 75 to
1880 525 40 75 be
1932 525 185 75 cultivated,
2134 525 75 75 may

1183 571 39 75 be
1239 571 103 75 called
1358 571 18 75 a
1391 571 102 75 vjeed.

1230 619 122 75 Weeds
1367 619 102 75 injure
1487 619 54 75 the
1553 619 104 75 plants
1670 619 48 75 we
1734 619 98 75 defire
1848 619 35 75 to
1899 619 163 75 cultivate,
2080 619 44 75 by
2131 619 76 75 rob-

1181 664 76 75 bing
1269 664 88 75 them
1373 664 40 75 of
1423 664 71 75 part
1501 664 39 75 of
1550 664 85 75 their
1650 664 225 75 nourifhment,
1888 664 64 75 and
1967 664 44 75 by
2021 664 188 75 preventing

1182 711 55 75 the
1253 711 165 75 fpreading
1435 711 40 75 of
1497 711 84 75 their
1598 711 101 75 roots.
1749 711 96 75 Some
1861 711 118 75 weeds,
2003 711 32 75 as
2053 711 153 75 quicken-

1180 757 55 75 ing
1259 757 97 75 grafs,
1383 757 120 75 extend
1524 757 63 75 and
1613 757 189 75 interweave
1822 757 85 75 their
1921 757 88 75 roots
2026 757 31 75 in
2080 757 77 75 fuch
2188 757 20 75 a

1181 803 130 75 manner
1327 803 72 75 that
1414 803 26 75 it
1456 803 26 75 is
1498 803 136 75 difficult
1651 803 34 75 to
1703 803 153 75 pulverife
1869 803 58 75 the
1944 803 57 75 foil
2023 803 43 75 by
2082 803 124 75 tillage.

1181 849 33 75 It
1229 849 27 75 is
1274 849 162 75 therefore
1447 849 40 75 of
1498 849 92 75 great
1601 849 196 75 importance
1813 849 34 75 to
1864 849 55 75 the
1929 849 117 75 farmer
2063 849 35 75 to
2109 849 98 75 know

1179 897 77 75 how
1271 897 106 75 weeds
1393 897 74 75 may
1482 897 40 75 be
1538 897 183 75 dedroyed.
1768 897 123 75 Weeds
1914 897 53 75 are
1983 897 162 75 generally
2156 897 49 75 di-

1181 942 96 75 vided
1302 942 70 75 into
1398 942 91 75 three
1514 942 119 75 claffes,
1652 942 69 75 viz.
1746 942 90 75 thofe
1853 942 72 75 that
1941 942 53 75 are
2011 942 196 75 propagated

1182 988 43 75 by
1244 988 56 75 the
1318 988 73 75 feed
1405 988 11 75 ;
1439 988 90 75 thofe
1552 988 70 75 that
1641 988 55 75 are
1720 988 196 75 propagated
1942 988 44 75 by
2008 988 56 75 the
2091 988 112 75 roots;

1181 1035 61 75 and
1257 1035 123 75 ffirubs.

1179 1134 59 75 Of
1271 1134 207 75 deflroying
1509 1134 130 75 Weeds
1669 1134 92 75 that
1803 1134 67 75 are
1892 1134 247 75 propagated
2160 1134 44 75 by

1642 1191 110 75 Seed.

1224 1269 147 75 Weeds
1400 1269 54 75 are
1480 1269 79 75 very
1573 1269 151 75 different
1745 1269 33 75 in
1794 1269 85 75 their
1900 1269 141 75 natures.
2091 1269 113 75 Some,

1177 1313 32 75 if
1218 1313 175 75 prevented
1408 1313 84 75 from
1508 1313 263 75 vegetating,-die
1787 1313 32 75 in
1836 1313 20 75 a
1870 1313 64 75 few
1951 1313 91 75 years
2058 1313 45 75 by
2113 1313 93 75 lying

1178 1360 91 75 moid
1291 1360 32 75 in
1349 1360 55 75 the
1428 1360 91 75 earth
1532 1360 11 75 ;
1569 1360 109 75 others
1701 1360 67 75 will
1792 1360 42 75 lie
1858 1360 96 75 many
1969 1360 91 75 years
2082 1360 34 75 in
2137 1360 68 75 this

1178 1405 157 75 fituation,
1352 1405 137 75 without
1509 1405 101 75 lofing
1624 1405 55 75 the
1695 1405 108 75 power
1818 1405 42 75 of
1872 1405 196 75 vegetating.

1225 1451 78 75 The
1326 1451 64 75 fird
1406 1451 79 75 kind
1499 1451 74 75 may
1588 1451 40 75 be
1643 1451 181 75 dedroyed,
1848 1451 45 75 by
1908 1451 128 75 turning
2054 1451 56 75 the
2125 1451 79 75 land

1178 1496 133 75 infeded
1332 1496 79 75 with
1429 1496 87 75 them
1531 1496 69 75 into
1615 1496 87 75 graft
1710 1496 69 75 Jor
1794 1496 60 75 five
1871 1496 37 75 or
1930 1496 48 75 fix
1998 1496 115 75 years;
2140 1496 64 75 and

1178 1543 80 75 both
1276 1543 94 75 kinds
1386 1543 74 75 may
1476 1543 39 75 be
1531 1543 115 75 rooted
1661 1543 58 75 out
1734 1543 44 75 by
1794 1543 150 75 allowing
1955 1543 88 75 them
2059 1543 36 75 to
2107 1543 95 75 vege-

1178 1588 78 75 tate,
1274 1588 63 75 and
1352 1588 76 75 then
1444 1588 123 75 tearing
1588 1588 43 75 up
1648 1588 55 75 the
1730 1588 108 75 young
1864 1588 104 75 plants
1989 1588 112 75 before
2124 1588 79 75 they

1179 1634 93 75 begin
1289 1634 34 75 to
1339 1634 122 75 flower.

1226 1679 37 75 In
1282 1679 94 75 order
1394 1679 35 75 to
1448 1679 145 75 promote
1609 1679 56 75 the
1680 1679 180 75 vegetation
1877 1679 40 75 of
1936 1679 55 75 the
2007 1679 106 75 weeds
2130 1679 72 75 that

1178 1727 52 75 are
1246 1727 153 75 intended
1415 1727 34 75 to
1473 1727 39 75 be
1528 1727 181 75 dedroyed,
1730 1727 55 75 the
1805 1727 76 75 land
1897 1727 100 75 ought
2019 1727 35 75 to
2070 1727 40 75 be
2126 1727 75 75 well

1177 1774 178 75 ploughed;
1381 1774 29 75 if
1430 1774 19 75 a
1462 1774 88 75 little
1563 1774 99 75 dung,
1675 1774 38 75 or
1723 1774 93 75 other
1832 1774 144 75 manure,
1997 1774 41 75 be
2060 1774 139 75 applied,

1176 1820 55 75 the
1247 1820 76 75 crop
1339 1820 51 75 of"
1402 1820 104 75 weeds
1522 1820 66 75 will
1616 1820 39 75 be
1679 1820 172 75 increafed,
1876 1820 62 75 and
1959 1820 85 75 their
2059 1820 141 75 dedruc-

1150 1865 8 75 .
1174 1865 70 75 tion
1261 1865 66 75 will
1345 1865 40 75 be
1406 1865 156 75 rendered
1577 1865 89 75 more
1682 1865 139 75 general.

1223 1912 128 75 Several
1369 1912 118 75 weeds,
1501 1912 33 75 as
1550 1912 56 75 the
1622 1912 119 75 thidle,
1752 1912 182 75 dandelion,
1944 1912 175 75 rag-weed,
2133 1912 65 75 ire.

1152 1958 4 75 .
1174 1958 53 75 are
1242 1958 162 75 furniffied
1419 1958 83 75 with
1515 1958 19 75 a
1548 1958 79 75 kind
1648 1958 40 75 of
1705 1958 107 75 down,
1840 1958 42 75 by
1899 1958 104 75 which
2026 1958 79 75 they
2120 1958 79 75 float

1173 2003 32 75 in
1220 2003 56 75 the
1293 2003 58 75 air,
1365 2003 62 75 and
1442 2003 189 75 are:carried
1647 2003 36 75 to
1703 2003 90 75 great
1806 2003 152 75 didances
1974 2003 45 75 by
2031 2003 55 75 the
2097 2003 102 75 wind.

1173 2052 146 75 Farmers
1346 2052 113 75 ffiould
1485 2052 39 75 be
1548 2052 34 75 as
1610 2052 121 75 careful
1756 2052 35 75 to
1808 2052 72 75 root
1899 2052 57 75 out
1972 2052 43 75 all
2040 2052 106 75 weeds
2163 2052 42 75 of

1172 2095 63 75 this
1252 2095 79 75 kind
1346 2095 85 75 from
1443 2095 56 75 the
1515 2095 90 75 roots
1623 2095 40 75 of
1672 2095 131 75 hedges,
1820 2095 100 75 banks
1937 2095 40 75 of
1993 2095 120 75 fences,
2131 2095 66 75 <bc.

1172 2142 33 75 as
1221 2142 86 75 from
1323 2142 84 75 their
1423 2142 107 75 arable
1546 2142 96 75 land;
1667 2142 54 75 for
1743 2142 153 75 although
1916 2142 79 75 they
2015 2142 75 75 may
2116 2142 83 75 have

1171 2187 55 75 the
1242 2187 193 75 appearance
1451 2187 41 75 of
1510 2187 93 75 being
1614 2187 180 75 inoffendve
1810 2187 33 75 in
1859 2187 71 75 that
1946 2187 160 75 fituation,
2118 2187 80 75 they

1171 2234 53 75 are
1252 2234 199 75 trarffported
1478 2234 86 75 from
1580 2234 113 75 thence
1713 2234 33 75 in
1773 2234 90 75 great
1885 2234 172 75 quantities
2081 2234 44 75 by
2141 2234 56 75 the

1171 2280 85 75 wind
1272 2280 68 75 into
1357 2280 55 75 the
1429 2280 145 75 adjacent
1590 2280 103 75 fields.

1216 2326 111 75 There
1344 2326 26 75 is
1388 2326 133 75 another
1533 2326 90 75 great
1638 2326 110 75 fource
1765 2326 40 75 of
1815 2326 117 75 weeds,
1967 2326 57 75 but
2040 2326 56 75 too
2113 2326 85 75 little

1171 2371 154 75 attended
1347 2371 36 75 to
1410 2371 42 75 by
1476 2371 146 75 farmers.
1671 2371 32 75 It
1726 2371 29 75 is
1781 2371 18 75 a
1822 2371 128 75 general
1979 2371 148 75 practice,
2161 2371 36 75 to

1169 2417 106 75 throw
1289 2417 55 75 the
1361 2417 87 75 feeds
1465 2417 70 75 that
1552 2417 52 75 are
1621 2417 165 75 feparated
1802 2417 85 75 from
1903 2417 56 75 the
1974 2417 77 75 corn
2068 2417 31 75 in
2116 2417 80 75 win-

1168 2462 129 75 nowing
1320 2462 84 75 upon
1425 2462 54 75 the
1503 2462 180 75 dung-hill;
1710 2462 62 75 and
1788 2462 42 75 by
1848 2462 63 75 this
1928 2462 107 75 means
2052 2462 78 75 they
2142 2462 60 75 are-

1170 2510 124 75 carried
1305 2510 57 75 out
1374 2510 79 75 with
1470 2510 54 75 the
1536 2510 100 75 dung,
1655 2510 62 75 and
1729 2510 90 75 again
1835 2510 87 75 fown
1933 2510 85 75 upon
2035 2510 55 75 the
2105 2510 89 75 land.

1171 2610 57 75 Of
1245 2610 206 75 deflroying
1487 2610 129 75 Weeds
1656 2610 93 75 that
1778 2610 70 75 are
1874 2610 246 75 propagated
2149 2610 46 75 by

1584 2666 64 75 the
1670 2666 106 75 Rost.

1215 2742 135 75 There
1369 2742 53 75 are
1439 2742 95 75 many
1549 2742 149 75 different
1714 2742 94 75 kinds
1826 2742 40 75 of
1877 2742 105 75 weeds
1997 2742 198 75 propagated

1168 2787 42 75 by
1225 2787 55 75 the
1296 2787 99 75 roots.
1448 2787 96 75 Some
1561 2787 40 75 of
1618 2787 89 75 them
1729 2787 92 75 infed
1840 2787 76 75 land
1942 2787 71 75 that
2035 2787 27 75 is
2085 2787 34 75 in
2139 2787 54 75 til-

1167 2833 83 75 lage,
1265 2833 62 75 and
1342 2833 110 75 others
1470 2833 75 75 land
1562 2833 71 75 that
1648 2833 27 75 is
1691 2833 32 75 in
1740 2833 99 75 graft.

1214 2880 110 75 Thole
1346 2880 69 75 that
1431 2880 91 75 infefi:
1541 2880 77 75 land
1638 2880 32 75 in
1687 2880 109 75 tillage
1812 2880 74 75 may
1901 2880 39 75 be
1956 2880 168 75 deftroyed
2150 2880 45 75 by

1169 2928 127 75 turning
1318 2928 27 75 it
1366 2928 69 75 into
1460 2928 85 75 graft
1563 2928 52 75 for
1639 2928 85 75 fome
1744 2928 108 75 years.
1898 2928 88 75 This
2000 2928 26 75 is
2043 2928 55 75 the
2115 2928 80 75 moff

1324 2972 7 75 /

2048 2972 147 75 effectual
