2428 3377
104 143 19 75 2
132 143 55 75 $6

102 208 26 75 is
145 208 57 75 the
217 208 184 75 membrana
417 208 140 75 adipofa,
583 208 37 75 or
645 208 114 75 corpus
784 208 176 75 adipofum.
1008 208 85 75 This
1110 208 27 75 is

102 255 69 75 not,
196 255 163 75 however,
384 255 19 75 a
421 255 96 75 Tingle
540 255 197 75 membrane,
762 255 94 75 but'a
871 255 164 75 congeries
1060 255 39 75 of
1121 255 18 75 a

102 302 91 75 great
210 302 132 75 number
358 302 39 75 of
416 302 221 75 membranous
660 302 138 75 laminae,
819 302 112 75 joined
947 302 192 75 irregularly

103 348 36 75 to
151 348 78 75 each
246 348 94 75 other
357 348 33 75 at
401 348 150 75 different
572 348 166 75 diltances,
762 348 34 75 fo
813 348 34 75 as
867 348 36 75 to
926 348 84 75 form
1028 348 110 75 nume-

102 396 78 75 rous
191 396 172 75 interftices
380 396 40 75 of
431 396 149 75 different
592 396 181 75 capacities,
791 396 105 75 which
909 396 231 75 communicate

102 443 82 75 with
200 443 78 75 each
294 443 107 75 other.
441 443 110 75 Thefe
566 443 175 75 interftices
757 443 81 75 have
850 443 80 75 been
947 443 115 75 named
1077 443 61 75 cel-

101 489 91 75 lulx,
219 489 63 75 and
298 489 56 75 the
370 489 162 75 fubftance
547 489 92 75 made
656 489 43 75 up
723 489 40 75 of
781 489 101 75 them,
908 489 55 75 the
987 489 154 75 cellulous

94 537 186 75 fubfiance.

151 585 76 75 The
253 585 157 75 thicknefs
442 585 40 75 of
510 585 55 75 the
593 585 184 75 membrana
802 585 128 75 adipofa
953 585 26 75 is
1005 585 57 75 not
1085 585 55 75 the

102 629 86 75 fame
213 629 41 75 all
278 629 77 75 over
377 629 56 75 the
457 629 99 75 body,
583 629 62 75 and
660 629 141 75 depends
818 629 42 75 on
877 629 54 75 the
948 629 134 75 number
1105 629 40 75 of

103 676 125 75 laminae
252 676 41 75 of
317 676 106 75 which
448 676 26 75 it
491 676 28 75 is
534 676 92 75 made
643 676 55 75 up.
747 676 33 75 It
797 676 134 75 adheres
947 676 78 75 very
1042 676 98 75 clofe-

103 722 36 75 ly
155 722 36 75 to
207 722 55 75 the
278 722 78 75 Ikin,
381 722 74 75 runs
479 722 32 75 in
535 722 144 75 between
704 722 55 75 the
783 722 135 75 mufcles
940 722 33 75 in
999 722 139 75 general,

103 769 64 75 and
183 769 145 75 between
345 769 84 75 their
448 769 118 75 feveral
583 769 95 75 fibres
700 769 40 75 in-
757 769 184 75 particular,
967 769 62 75 and
1052 769 87 75 com-

103 815 177 75 municates
296 815 79 75 with
388 815 55 75 the
455 815 182 75 membrane
648 815 107 75 which
767 815 79 75 lines
861 815 54 75 the
927 815 95 75 infide
1034 815 40 75 of
1085 815 55 75 the

104 862 120 75 thorax
240 862 62 75 and
319 862 170 75 abdomen.

151 909 77 75 The
244 909 151 75 ftrufture
411 909 27 75 is
454 909 235 75 demonftrated
705 909 97 75 every
824 909 64 75 day
906 909 45 75 by
973 909 166 75 butchers,

103 956 34 75 in
154 956 141 75 blowing
318 956 41 75 up
383 956 85 75 their
483 956 97 75 meat,
605 956 91 75 when
714 956 105 75 newly
838 956 120 75 killed;
984 956 32 75 in
1041 956 98 75 doing

103 1002 120 75 which,
248 1002 77 75 they
348 1002 57 75 not
430 1002 76 75 only
531 1002 86 75 fwell
641 1002 54 75 the
718 1002 183 75 membrana
918 1002 138 75 adipofa,
1080 1002 60 75 but

103 1049 58 75 the
178 1049 46 75 air
239 1049 166 75 infinuates
422 1049 90 75 itfelf
531 1049 141 75 likewife
688 1049 33 75 in
747 1049 55 75 the
828 1049 172 75 interftices
1025 1049 39 75 of
1084 1049 55 75 the

104 1095 147 75 mufcles,
277 1095 61 75 and
355 1095 181 75 penetrates
553 1095 78 75 even
648 1095 35 75 to
702 1095 55 75 the
773 1095 130 75 vifcera,
928 1095 175 75 producing
1121 1095 18 75 a

104 1141 78 75 kind
199 1141 39 75 of
257 1141 146 75 artificial
419 1141 213 75 emphyfema.

151 1189 109 75 Thefe
287 1189 130 75 cellular
440 1189 174 75 interftices
638 1189 54 75 are
714 1189 34 75 fo
772 1189 95 75 many
892 1189 84 75 little
998 1189 77 75 bags
1099 1189 38 75 or

105 1234 150 75 fatchels,
280 1234 87 75 filled
385 1234 78 75 with
480 1234 39 75 an
542 1234 153 75 undtuous
719 1234 38 75 or
773 1234 67 75 oily
861 1234 101 75 juice,
987 1234 89 75 more
1101 1234 37 75 or

104 1281 60 75 lefs
181 1281 119 75 liquid,
322 1281 107 75 which
446 1281 27 75 is
490 1281 104 75 called
608 1281 76 75 fat.

153 1328 85 75 This
260 1328 160 75 fubftance
443 1328 155 75 increafes
620 1328 31 75 in
678 1328 148 75 quantity
842 1328 31 75 in
893 1328 55 75 the
970 1328 101 75 body,
1095 1328 45 75 by

106 1375 63 75 reft
186 1375 62 75 and
264 1375 85 75 good
364 1375 121 75 living;
511 1375 63 75 and
591 1375 40 75 on
648 1375 56 75 the
722 1375 161 75 contrary,
901 1375 180 75 diminilhes
1097 1375 43 75 by

105 1421 84 75 hard
204 1421 112 75 labour
334 1421 62 75 and
407 1421 18 75 a
437 1421 88 75 fpare
537 1421 81 75 diet.

152 1468 77 75 The
246 1468 217 75 proportional
485 1468 189 75 differences
696 1468 32 75 in
753 1468 55 75 the
833 1468 160 75 thicknefs
1017 1468 40 75 of
1076 1468 64 75 this

105 1515 184 75 membrana
305 1515 139 75 adipofa,
469 1515 53 75 are
538 1515 209 75 determined,
766 1515 62 75 and
846 1515 71 75 may
929 1515 41 75 be
986 1515 155 75 obferved

105 1561 37 75 to
166 1561 39 75 be
222 1561 127 75 regular
372 1561 33 75 in
430 1561 85 75 fome
540 1561 87 75 parts
651 1561 39 75 of
708 1561 56 75 the
779 1561 101 75 body,
906 1561 107 75 where
1036 1561 105 75 either

107 1606 120 75 beauty
242 1606 37 75 or
296 1606 53 75 ufe
366 1606 149 75 required
530 1606 39 75 it.

153 1654 95 75 Thus
265 1654 48 75 we
330 1654 65 75 find
412 1654 25 75 it
454 1654 33 75 in
504 1654 90 75 great
621 1654 187 75 quantities,
833 1654 108 75 where
964 1654 56 75 the
1042 1654 98 75 inter-

108 1700 92 75 ftices
216 1700 41 75 of
276 1700 55 75 the
351 1700 132 75 mufcles
499 1700 109 75 would
627 1700 167 75 otherwife
810 1700 81 75 have
908 1700 59 75 left
984 1700 156 75 difagree-

105 1746 73 75 able
194 1746 121 75 hollow
331 1746 38 75 or
384 1746 76 75 void
489 1746 130 75 places;
641 1746 59 75 but
724 1746 95 75 being
843 1746 99 75 filled,
968 1746 62 75 and
1057 1746 34 75 as
1114 1746 27 75 it

106 1767 4 104 ■
110 1793 82 75 were
207 1793 126 75 padded
349 1793 78 75 with
451 1793 59 75 fat,
536 1793 55 75 the
616 1793 67 75 ikin
706 1793 27 75 is
758 1793 114 75 raifed,
897 1793 62 75 and
976 1793 38 75 an
1032 1793 107 75 agree-

108 1839 71 75 able
196 1839 85 75 form
297 1839 93 75 given
406 1839 35 75 to
458 1839 56 75 the
530 1839 85 75 part.

155 1885 38 75 In
209 1885 86 75 fome
311 1885 88 75 parts
416 1885 40 75 of
474 1885 56 75 the
546 1885 87 75 body
644 1885 56 75 the
717 1885 47 75 fat
775 1885 103 75 ferves
896 1885 51 75 for
964 1885 17 75 a
998 1885 139 75 cufhion,

106 1931 121 75 pillow,
251 1931 39 75 or
305 1931 146 75 mattrefs
463 1931 9 75 ;
500 1931 33 75 as
550 1931 42 75 on
603 1931 56 75 the
671 1931 165 75 buttocks,
853 1931 107 75 where
976 1931 55 75 the
1048 1931 90 75 lami-

109 1979 48 75 nae
175 1979 61 75 and
254 1979 76 75 cells
347 1979 53 75 are
416 1979 79 75 very
506 1979 182 75 numerous.

154 2024 76 75 The
247 2024 48 75 fat
310 2024 27 75 is
353 2024 138 75 likewife
507 2024 41 75 of
559 2024 89 75 great
661 2024 53 75 ufe
730 2024 36 75 to
778 2024 55 75 the
851 2024 144 75 mufcles,
1023 2024 31 75 in
1067 2024 72 75 pre-

109 2070 126 75 ferving
251 2070 55 75 the
329 2070 171 75 flexibility
523 2070 157 75 neceffary
696 2070 52 75 for
764 2070 84 75 their
865 2070 132 75 aftions,
1022 2070 64 75 and
1108 2070 32 75 in

108 2117 187 75 preventing
310 2117 38 75 or
365 2117 149 75 leffening
525 2117 83 75 their
626 2117 122 75 mutual
760 2117 156 75 fridtions.

421 2220 134 75 THE
604 2220 223 75 NAILS.

156 2300 86 75 The
261 2300 160 75 fubftance
444 2300 41 75 of
503 2300 54 75 the
574 2300 80 75 nails
677 2300 27 75 is
721 2300 64 75 like
809 2300 70 75 that
901 2300 40 75 of
959 2300 94 75 horn,
1079 2300 62 75 and

110 2347 77 75 they
204 2347 52 75 are
268 2347 168 75 compofed
453 2347 40 75 of
511 2347 118 75 feveral
642 2347 108 75 planes
767 2347 40 75 of
820 2347 211 75 longitudinal
1047 2347 95 75 fibres

109 2393 158 75 foddered
281 2393 162 75 together.
489 2393 109 75 Thefe
611 2393 96 75 ftrata
722 2393 111 75 end'at
849 2393 55 75 the
921 2393 175 75 extremity
1109 2393 39 75 of

111 2440 77 75 each
205 2440 111 75 finger,
341 2440 62 75 and
420 2440 53 75 are
486 2440 42 75 all
544 2440 111 75 nearly
672 2440 39 75 of
722 2440 39 75 an
779 2440 94 75 equal
890 2440 171 75 thicknefs,
1086 2440 58 75 but

110 2487 41 75 of
161 2487 149 75 different
322 2487 140 75 lengths.

157 2534 76 75 The
249 2534 146 75 external
419 2534 92 75 plane
536 2534 37 75 or
590 2534 129 75 ftratum
734 2534 29 75 is
779 2534 55 75 the
850 2534 133 75 longeft,
1008 2534 63 75 and
1088 2534 54 75 the

112 2581 61 75 reft
188 2581 145 75 decreaie
347 2581 176 75 gradually,
549 2581 56 75 the
621 2581 169 75 innermoft
806 2581 94 75 being
917 2581 56 75 the
989 2581 151 75 ftiorteft;

110 2628 35 75 fo
157 2628 69 75 that
238 2628 55 75 the
309 2628 63 75 nail
389 2628 153 75 increafes
558 2628 33 75 in
607 2628 160 75 thicknefs
785 2628 82 75 from
884 2628 41 75 its
945 2628 97 75 union
1063 2628 79 75 with

111 2674 55 75 the
177 2674 181 75 epidermis,
385 2674 106 75 where
507 2674 26 75 it
544 2674 26 75 is
588 2674 148 75 thinneft,
762 2674 36 75 to
814 2674 55 75 the
885 2674 63 75 end
963 2674 41 75 of
1014 2674 57 75 the
1082 2674 59 75 fin?

112 2719 68 75 ger,
206 2719 106 75 where
328 2719 26 75 it
370 2719 27 75 is
413 2719 147 75 thickeft.

159 2765 76 75 The
251 2765 177 75 graduated
444 2765 197 75 extremities
658 2765 37 75 or
707 2765 89 75 roots
814 2765 39 75 of
873 2765 42 75 all
928 2765 55 75 the
996 2765 94 75 fibres
1107 2765 40 75 of

111 2811 107 75 which
235 2811 87 75 thefe
335 2811 108 75 planes
455 2811 119 75 confift,
600 2811 52 75 are
664 2811 163 75 hollowed
842 2811 48 75 for
910 2811 55 75 the
982 2811 161 75 reception

109 2859 43 75 of
163 2859 55 75 the
235 2859 82 75 fame
333 2859 133 75 number
482 2859 40 75 of
536 2859 79 75 very
626 2859 88 75 fmall
727 2859 130 75 oblique
873 2859 137 75 papillse,
1036 2859 105 75 which

112 2904 53 75 are
182 2904 232 75 continuations
427 2904 39 75 of
484 2904 56 75 the
557 2904 70 75 true
645 2904 79 75 Ikin,
749 2904 104 75 which
870 2904 117 75 having
1006 2904 137 75 reached

111 2950 38 75 to
164 2950 56 75 the
238 2950 70 75 root
325 2950 40 75 of
375 2950 57 75 the
448 2950 78 75 nail,
551 2950 100 75 forms
668 2950 19 75 a
702 2950 168 75 femilunar
886 2950 82 75 fold,
989 2950 36 75 in
1039 2950 103 75 which

113 2996 69 75 that
199 2996 72 75 root
287 2996 27 75 is
330 2996 130 75 lodged.

2019 145 101 75 Part
2147 145 72 75 VI.

1234 218 99 75 After
1348 218 64 75 this
1429 218 168 75 femilunar
1609 218 84 75 fold,
1717 218 56 75 the
1785 218 67 75 Ikin
1868 218 27 75 is
1912 218 172 75 continued
2100 218 41 75 on
2164 218 55 75 the

1187 264 105 75 whole
1309 264 89 75 inner
1413 264 124 75 furface
1549 264 39 75 of
1607 264 56 75 the
1674 264 76 75 nail.
1798 264 78 75 The
1892 264 70 75 fold
1978 264 39 75 of
2035 264 56 75 the
2107 264 65 75 Ikin
2192 264 28 75 is

1187 311 224 75 accompanied
1436 311 43 75 by
1503 311 55 75 the
1582 311 181 75 epidermis,
1788 311 36 75 to
1849 311 54 75 the
1928 311 74 75 root
2026 311 40 75 of
2085 311 54 75 the
2157 311 62 75 nail

1189 357 191 75 exteriorly,
1404 357 35 75 to
1457 357 105 75 which
1575 357 26 75 it
1618 357 134 75 adheres
1762 357 78 75 very
1852 357 130 75 clofely.

1234 404 112 75 Three
1363 404 86 75 parts
1463 404 53 75 are
1533 404 163 75 generally
1712 404 221 75 diftinguilhed
1949 404 33 75 in
1999 404 54 75 the
2070 404 77 75 nail,
2164 404 56 75 the

1189 451 85 75 root,
1300 451 99 75 body,
1425 451 61 75 and
1503 451 186 75 extremity.
1736 451 77 75 The
1837 451 74 75 root
1934 451 26 75 is
1984 451 99 75 white
2109 451 62 75 and
2187 451 32 75 in

1187 497 85 75 form
1289 497 39 75 of
1347 497 19 75 a
1377 497 161 75 crefcent;
1566 497 62 75 and
1640 497 54 75 the
1711 497 134 75 greateft
1861 497 70 75 part
1948 497 41 75 of
2006 497 27 75 it
2048 497 27 75 is
2092 497 58 75 hid
2160 497 60 75 un-

1190 543 57 75 der
1263 543 56 75 the
1335 543 168 75 femilunar
1519 543 71 75 fold
1602 543 129 75 already
1742 543 194 75 mentioned.

1234 590 77 75 The
1328 590 140 75 crefcent
1484 590 62 75 and
1562 590 55 75 the
1634 590 71 75 fold
1720 590 42 75 lie
1778 590 32 75 in
1827 590 149 75 contrary
1994 590 170 75 direftions
2182 590 36 75 to

1187 636 78 75 each
1288 636 107 75 other.
1442 636 77 75 The
1536 636 86 75 body
1639 636 40 75 of
1697 636 55 75 the
1769 636 63 75 nail
1855 636 26 75 is
1905 636 159 75 naturally
2087 636 130 75 arched,

1189 683 211 75 tranfparent,
1425 683 62 75 and
1502 683 131 75 appears
1657 683 41 75 of
1717 683 55 75 the
1788 683 112 75 colour
1916 683 40 75 of
1974 683 57 75 the
2047 683 170 75 cutaneous

1187 729 125 75 papillae
1337 729 104 75 which
1465 729 42 75 lie
1524 729 100 75 under
1641 729 37 75 it.

1233 776 76 75 The
1325 776 152 75 principal
1495 776 54 75 ufe
1561 776 40 75 of
1619 776 56 75 the
1692 776 79 75 nails
1787 776 27 75 is
1827 776 35 75 to
1876 776 179 75 ftrengthen
2068 776 56 75 the
2140 776 78 75 ends

1186 822 40 75 of
1245 822 55 75 the
1317 822 116 75 fingers
1448 822 64 75 and
1534 822 83 75 toes,
1642 822 62 75 and
1730 822 34 75 to
1780 822 115 75 hinder
1911 822 88 75 them
2023 822 86 75 from
2125 822 95 75 being

1186 868 143 75 inverted
1346 868 140 75 towards
1510 868 56 75 the
1589 868 125 75 convex
1737 868 64 75 fide
1826 868 39 75 of
1884 868 55 75 the
1962 868 87 75 hand
2072 868 38 75 or
2132 868 84 75 foot,

1186 914 93 75 when
1295 914 48 75 we
1359 914 118 75 handle
1493 914 36 75 or
1542 914 84 75 prefs
1643 914 85 75 upon
1743 914 63 75 any
1818 914 92 75 thing
1925 914 94 75 hard.

1494 1017 133 75 THE
1676 1017 224 75 HAIRS.

1235 1098 85 75 The
1339 1098 86 75 hairs
1441 1098 117 75 belong
1575 1098 33 75 as
1624 1098 97 75 much
1738 1098 35 75 to
1789 1098 55 75 the
1868 1098 213 75 integuments
2105 1098 33 75 as
2163 1098 56 75 the

1185 1143 93 75 nails.
1327 1143 99 75 They
1438 1143 54 75 are
1509 1143 19 75 a
1544 1143 78 75 kind
1638 1143 40 75 of
1697 1143 90 75 reeds
1806 1143 37 75 or
1860 1143 118 75 rulhes,
2003 1143 55 75 the
2075 1143 88 75 roots
2179 1143 38 75 or

1184 1189 93 75 bulbs
1294 1189 40 75 of
1353 1189 105 75 which
1476 1189 40 75 lie
1533 1189 126 75 toward
1674 1189 72 75 that
1761 1189 63 75 fide
1840 1189 41 75 of
1899 1189 56 75 the
1975 1189 67 75 Ikin
2066 1189 105 75 which
2187 1189 28 75 is

1185 1235 78 75 next
1280 1235 55 75 the
1352 1235 182 75 membrana
1544 1235 141 75 adipofa.
1733 1235 77 75 The
1829 1235 96 75 trunk
1941 1235 37 75 or
1994 1235 171 75 beginning
2181 1235 41 75 of

1185 1281 54 75 the
1255 1281 77 75 Item
1348 1281 176 75 perforates
1542 1281 55 75 the
1612 1281 80 75 Ikin,
1718 1281 63 75 and
1796 1281 55 75 the
1864 1281 59 75 reft
1940 1281 40 75 of
1998 1281 55 75 the
2070 1281 75 75 Item
2159 1281 55 75 ad-

1184 1328 114 75 vances
1310 1328 127 75 beyond
1454 1328 55 75 the
1530 1328 92 75 outer
1637 1328 124 75 furface
1777 1328 40 75 of
1835 1328 55 75 the
1906 1328 80 75 Ikin,
2011 1328 34 75 to
2062 1328 19 75 a
2096 1328 120 75 certain

1185 1375 148 75 diftance,
1359 1375 107 75 which
1482 1375 27 75 is
1525 1375 79 75 very
1619 1375 128 75 various
1764 1375 33 75 in
1820 1375 56 75 the
1899 1375 150 75 different
2072 1375 86 75 parts
2181 1375 41 75 of

1185 1420 54 75 the
1255 1420 101 75 body.

1233 1467 110 75 When
1360 1467 55 75 the
1431 1467 150 75 different
1604 1467 86 75 hairs
1719 1467 53 75 are
1800 1467 169 75 examined
1991 1467 44 75 by
2058 1467 18 75 a
2100 1467 116 75 micro-

1185 1513 105 75 fcope,
1316 1513 47 75 we
1380 1513 67 75 find
1469 1513 55 75 the
1549 1513 88 75 roots
1663 1513 88 75 more
1775 1513 38 75 or
1835 1513 61 75 lefs
1912 1513 85 75 oval,
2023 1513 56 75 the
2101 1513 116 75 largeft

1186 1559 175 75 extremity
1385 1559 95 75 being
1504 1559 102 75 either
1630 1559 117 75 turned
1770 1559 137 75 toward,
1932 1559 38 75 or
1993 1559 89 75 fixed
2105 1559 32 75 in
2160 1559 56 75 the

1187 1606 114 75 corpus
1314 1606 176 75 adipofum.

1231 1652 86 75 This
1328 1652 73 75 oval
1414 1652 72 75 root
1497 1652 27 75 is
1536 1652 137 75 covered
1684 1652 43 75 by
1737 1652 19 75 a
1766 1652 124 75 whitilh
1902 1652 106 75 ftrong
2020 1652 193 75 membrane,

1185 1698 32 75 in
1234 1698 85 75 fome
1336 1698 139 75 meafure
1492 1698 127 75 elaftic;
1646 1698 63 75 and
1727 1698 26 75 it
1768 1698 27 75 is
1811 1698 173 75 conneifted
2000 1698 102 75 either
2113 1698 34 75 to
2159 1698 56 75 the

1185 1744 79 75 Hein,
1289 1744 35 75 to
1349 1744 55 75 the
1427 1744 115 75 corpus
1567 1744 175 75 adipofum,
1768 1744 37 75 or
1832 1744 36 75 to
1895 1744 93 75 both,
2013 1744 44 75 by
2085 1744 18 75 a
2125 1744 91 75 great

1185 1791 134 75 number
1334 1791 40 75 of
1393 1791 78 75 very
1486 1791 62 75 fine
1563 1791 109 75 veflels
1690 1791 62 75 and
1768 1791 135 75 nervous
1916 1791 170 75 filaments.

1232 1836 131 75 Within
1391 1836 55 75 the
1474 1836 85 75 root,
1584 1836 49 75 we
1657 1836 131 75 obferve
1810 1836 20 75 a
1856 1836 78 75 kind
1961 1836 39 75 of
2020 1836 85 75 glue,
2131 1836 85 75 fome

1184 1882 77 75 very
1284 1882 63 75 fine
1370 1882 156 75 filaments
1550 1882 41 75 of
1609 1882 105 75 which
1739 1882 139 75 advance
1902 1882 123 75 toward
2048 1882 56 75 the
2125 1882 90 75 fmall

1184 1927 185 75 extremity,
1394 1927 108 75 where
1518 1927 79 75 they
1612 1927 88 75 unite
1724 1927 63 75 and
1809 1927 84 75 form
1918 1927 55 75 the
1995 1927 88 75 ftem,
2108 1927 107 75 which

1183 1974 96 75 paffes
1296 1974 140 75 through
1452 1974 63 75 this
1533 1974 87 75 final!
1638 1974 175 75 extremity
1829 1974 36 75 to
1888 1974 55 75 the
1959 1974 78 75 Ikin.
2086 1974 49 75 As
2158 1974 58 75 the

1184 2020 76 75 ftem
1287 2020 97 75 paffes
1409 2020 140 75 through
1577 2020 55 75 the
1657 2020 85 75 root,
1774 2020 56 75 the
1858 2020 92 75 outer
1978 2020 181 75 membrane
2174 2020 7 75 '
2181 2002 13 49 ;
2194 2020 19 75 s

1184 2066 169 75 elongated
1376 2066 32 75 in
1431 2066 83 75 form
1539 2066 41 75 of
1598 2066 19 75 a
1640 2066 89 75 tube,
1753 2066 107 75 which
1884 2066 116 75 clofely
2016 2066 114 75 invefts
2155 2066 58 75 the

1186 2113 90 75 ftem,
1302 2113 63 75 and
1379 2113 27 75 is
1423 2113 136 75 entirely
1575 2113 109 75 united
1702 2113 34 75 to
1748 2113 38 75 it.

1231 2160 77 75 The
1334 2160 77 75 ftem
1438 2160 117 75 having
1582 2160 137 75 reached
1746 2160 56 75 the
1835 2160 122 75 furface
1984 2160 40 75 of
2052 2160 56 75 the
2135 2160 79 75 Ikin,

1185 2206 119 75 pierces
1322 2206 55 75 the
1392 2206 128 75 bottom
1536 2206 39 75 of
1595 2206 18 75 a
1628 2206 90 75 fmall
1734 2206 113 75 foflula
1870 2206 145 75 between
2037 2206 56 75 the
2114 2206 101 75 papil-

1185 2253 50 75 lae,
1261 2253 37 75 or
1314 2253 180 75 fometimes
1510 2253 19 75 a
1545 2253 171 75 particular
1732 2253 129 75 papilla,
1886 2253 64 75 and
1965 2253 91 75 there
2072 2253 25 75 it
2114 2253 100 75 meets

1187 2299 53 75 the
1255 2299 181 75 epidermis,
1461 2299 105 75 which
1589 2299 98 75 feems
1703 2299 36 75 to
1754 2299 41 75 be
1810 2299 146 75 inverted
1972 2299 102 75 round
2089 2299 39 75 it,
2153 2299 63 75 and

1187 2346 34 75 to
1246 2346 87 75 unite
1359 2346 80 75 with
1464 2346 27 75 it
1514 2346 149 75 entirely.
1712 2346 33 75 A
1768 2346 65 75 fort
1857 2346 40 75 of
1921 2346 154 75 umftuous
2100 2346 116 75 matter

1187 2391 163 75 tranfudes
1373 2391 141 75 through
1537 2391 55 75 the
1609 2391 78 75 fides
1710 2391 39 75 of
1769 2391 55 75 the
1840 2391 124 75 foffula,
1993 2391 105 75 which
2115 2391 27 75 is
2159 2391 55 75 be-

1188 2439 118 75 llowed
1321 2439 41 75 on
1379 2439 56 75 the
1448 2439 91 75 ftem,
1565 2439 62 75 and
1640 2439 215 75 accompanies
1870 2439 39 75 it,
1934 2439 89 75 more
2038 2439 37 75 or
2091 2439 74 75 iefs,
2182 2439 33 75 as

1188 2486 26 75 it
1229 2486 76 75 runs
1321 2486 58 75 out
1394 2486 85 75 from
1495 2486 54 75 the
1560 2486 80 75 Ikin,
1663 2486 34 75 in
1714 2486 84 75 form
1814 2486 40 75 of
1873 2486 39 75 an
1928 2486 83 75 hair.

1360 2611 133 75 Sect.
1524 2611 47 75 II.
1630 2611 65 75 Of
1712 2611 66 75 the
1798 2611 248 75 Abdomen.

1232 2705 85 75 The
1337 2705 170 75 Abdomen
1523 2705 111 75 begins
1651 2705 218 75 immediately
1893 2705 101 75 under
2010 2705 54 75 the
2085 2705 128 75 thorax,

1188 2752 62 75 and
1261 2752 183 75 terminates
1461 2752 32 75 at
1510 2752 56 75 the
1583 2752 124 75 bottom
1725 2752 40 75 of
1784 2752 54 75 the
1855 2752 98 75 pelvis
1965 2752 40 75 of
2017 2752 55 75 the
2088 2752 64 75 offa
2166 2752 48 75 in-

1187 2797 173 75 nominata.
1408 2797 51 75 Its
1491 2797 259 75 circumference,
1774 2797 38 75 or
1839 2797 93 75 outer
1963 2797 134 75 furface,
2121 2797 26 75 is
2167 2797 48 75 di-

1187 2845 95 75 vided
1298 2845 69 75 into
1384 2845 138 75 regions,
1548 2845 39 75 of
1607 2845 106 75 which
1740 2845 90 75 there
1859 2845 53 75 are
1939 2845 91 75 three
2062 2845 153 75 anterior,

1188 2891 69 75 viz.
1282 2891 56 75 the
1354 2891 163 75 epigaftric
1542 2891 37 75 or
1602 2891 140 75 fuperior
1770 2891 124 75 region,
1918 2891 55 75 the
1996 2891 159 75 umbilical
2179 2891 39 75 or

1188 2937 120 75 middle
1336 2937 121 75 region,
1493 2937 62 75 and
1584 2937 54 75 the
1673 2937 200 75 hypogaftric
1900 2937 38 75 or
1964 2937 99 75 lower
2091 2937 123 75 region.

1187 2985 112 75 There
1314 2985 27 75 is
1353 2985 59 75 but
1428 2985 59 75 one
1504 2985 153 75 pofterior
1673 2985 122 75 region,
1820 2985 115 75 named
1946 2985 88 75 regio
2050 2985 167 75 lumbaris.

667 146 1002 75 ANATOMY.
