2493 3387
698 146 491 75 ASTRO

128 217 150 75 ground;
303 217 63 75 and
391 217 93 75 there
511 217 55 75 the
593 217 96 75 moon
717 217 75 75 rifes
820 217 99 75 about
947 217 44 75 48
1020 217 137 75 minutes

128 263 82 75 later
228 263 97 75 every
340 263 65 75 day
419 263 38 75 or
480 263 92 75 night
594 263 77 75 than
692 263 42 75 on
757 263 57 75 the
836 263 134 75 former.
1019 263 48 75 At
1082 263 77 75 con-

128 309 153 75 fiderable
297 309 153 75 didances
473 309 86 75 from
575 309 55 75 the
646 309 148 75 equator,
826 309 108 75 where
949 309 55 75 the
1020 309 141 75 weather

127 355 65 75 and
203 355 122 75 feafons
342 355 53 75 are
407 355 88 75 more
511 355 179 75 uncertain,
716 355 55 75 the
786 355 163 75 autumnal
970 355 61 75 full
1048 355 112 75 moons

128 402 61 75 rife
205 402 79 75 very
299 402 76 75 foon
391 402 83 75 after
490 402 119 75 fun-fet
626 402 51 75 for
692 402 120 75 feveral
832 402 149 75 evenings
998 402 160 75 together.

129 449 50 75 At
206 449 56 75 the
289 449 92 75 polar
397 449 124 75 circles,
547 449 108 75 where
677 449 56 75 the
749 449 80 75 mild
854 449 108 75 feafon
988 449 27 75 is
1032 449 40 75 of
1082 449 79 75 very

130 494 86 75 Ihort
231 494 161 75 duration,
417 494 55 75 the
489 494 163 75 autumnal
680 494 59 75 full
768 494 95 75 moon
881 494 74 75 rifes
984 494 32 75 at
1041 494 120 75 fun-fet

131 541 84 75 from
231 541 56 75 the
302 541 65 75 firft
394 541 36 75 to
448 541 56 75 the
531 541 89 75 third
642 541 142 75 quarter.
833 541 78 75 And
927 541 33 75 at
975 541 57 75 the
1058 541 101 75 poles,

130 588 107 75 where
253 588 56 75 the
324 588 56 75 fun
404 588 27 75 is
449 588 53 75 for
524 588 75 75 half
618 588 20 75 a
660 588 76 75 year
752 588 122 75 abfent,
899 588 55 75 the
971 588 113 75 winter
1100 588 59 75 full

129 635 113 75 moons
259 635 84 75 fliine
370 635 177 75 conftantly
562 635 138 75 without
728 635 115 75 fetting
866 635 85 75 from
973 635 55 75 the
1044 635 65 75 firft
1124 635 35 75 to

131 681 57 75 the
203 681 90 75 third
309 681 143 75 quarter.

178 726 32 75 It
226 726 27 75 is
270 726 77 75 foon
367 726 67 75 faid
449 726 70 75 that
536 726 42 75 all
595 726 89 75 thefe
704 726 199 75 phenomena
926 726 53 75 are
1003 726 106 75 owing
1125 726 36 75 to

130 773 57 75 the
202 773 152 75 different
376 773 108 75 angles
507 773 94 75 made
625 773 44 75 by
691 773 56 75 the
770 773 137 75 horizon
923 773 63 75 and
1009 773 152 75 different

131 819 87 75 parts
231 819 39 75 of
282 819 54 75 the
353 819 123 75 moon’s
492 819 111 75 orbit;
630 819 63 75 and
704 819 70 75 that
791 819 55 75 the
862 819 96 75 moon
970 819 58 75 can
1044 819 41 75 be
1100 819 62 75 full

131 865 58 75 but
206 865 79 75 once
301 865 37 75 or
362 865 94 75 twice
477 865 33 75 in
527 865 18 75 a
571 865 77 75 year
663 865 32 75 in
720 865 90 75 thofe
835 865 85 75 parts
937 865 41 75 of
996 865 58 75 her
1077 865 86 75 orbit

133 911 105 75 which
261 911 58 75 rife
347 911 77 75 with
449 911 55 75 the
529 911 75 75 leaft
630 911 121 75 angles.
800 911 66 75 But
890 911 35 75 to
948 911 128 75 explain
1100 911 64 75 this

135 958 121 75 fubjedt
272 958 204 75 intelligibly,
500 958 49 75 we
560 958 80 75 muft
652 958 97 75 dwell
765 958 95 75 much
876 958 113 75 longer
1004 958 85 75 upon
1101 958 39 75 it.

177 1004 77 75 The
270 1004 93 75 plane
381 1004 40 75 of
442 1004 56 75 the
526 1004 192 75 equinoctial
734 1004 27 75 is
788 1004 253 75 perpendicular
1059 1004 34 75 to
1110 1004 56 75 the

133 1050 119 75 earth’s
277 1050 71 75 axis
363 1050 10 75 :
408 1050 63 75 and
494 1050 176 75 therefore,
695 1050 34 75 as
753 1050 56 75 the
832 1050 92 75 earth
947 1050 90 75 turns
1063 1050 104 75 round

132 1097 42 75 its
191 1097 84 75 axis,
300 1097 42 75 all
370 1097 87 75 parts
473 1097 40 75 of
536 1097 55 75 the
608 1097 191 75 equinodtial
823 1097 92 75 make
943 1097 96 75 equal
1055 1097 109 75 angles

133 1143 80 75 with
231 1143 55 75 the
300 1143 138 75 horizon
451 1143 78 75 both
547 1143 32 75 at
594 1143 94 75 riling
702 1143 62 75 and
775 1143 116 75 fetting
905 1143 10 75 ;
941 1143 35 75 fo
987 1143 71 75 that
1071 1143 95 75 equal

133 1189 144 75 portions
293 1189 41 75 of
344 1189 26 75 it
386 1189 118 75 always
521 1189 59 75 rife
597 1189 37 75 or
658 1189 47 75 fet
721 1189 32 75 in
770 1189 94 75 equal
890 1189 105 75 times.
1044 1189 122 75 Confe-

134 1235 147 75 quently,
305 1235 32 75 if
348 1235 55 75 the
419 1235 124 75 moon’s
560 1235 122 75 motion
698 1235 84 75 were
811 1235 147 75 equable,
984 1235 63 75 and
1063 1235 31 75 in
1111 1235 56 75 the

135 1282 205 75 equinodlial,
365 1282 34 75 at
410 1282 55 75 the
484 1282 66 75 rate
566 1282 41 75 of
623 1282 38 75 12
676 1282 133 75 degrees
826 1282 85 75 from
927 1282 56 75 the
999 1282 55 75 fun
1071 1282 97 75 every

135 1329 74 75 day,
236 1329 33 75 as
286 1329 25 75 it
329 1329 27 75 is
372 1329 32 75 in
420 1329 59 75 her
495 1329 97 75 orbit,
617 1329 52 75 fire
692 1329 109 75 would
816 1329 61 75 rife
893 1329 62 75 and
981 1329 47 75 fet
1046 1329 42 75 48
1108 1329 60 75 mi-

135 1375 91 75 nutes
242 1375 82 75 later
340 1375 98 75 every
453 1375 64 75 day
532 1375 78 75 than
627 1375 42 75 on
685 1375 56 75 the
758 1375 171 75 preceding
943 1375 10 75 :
980 1375 53 75 for
1053 1375 39 75 12
1111 1375 56 75 de-

136 1421 90 75 grees
244 1421 36 75 of
295 1421 55 75 the
367 1421 189 75 equinoctial
575 1421 60 75 rife
652 1421 38 75 or
706 1421 46 75 fet
771 1421 33 75 in
825 1421 43 75 48
887 1421 136 75 minutes
1040 1421 40 75 of
1092 1421 98 75 time,

137 1468 32 75 in
188 1468 42 75 all
247 1468 164 75 latitudes.

184 1514 68 75 But
279 1514 55 75 the
361 1514 123 75 moon’s
512 1514 123 75 motion
662 1514 27 75 is
717 1514 34 75 fb
768 1514 111 75 nearly
894 1514 33 75 in
955 1514 56 75 the
1027 1514 140 75 ecliptic,

138 1560 71 75 that
232 1560 49 75 we
308 1560 75 75 may
399 1560 141 75 confider
565 1560 59 75 her
647 1560 32 75 at
707 1560 125 75 prefent
856 1560 34 75 as
918 1560 130 75 moving
1072 1560 32 75 in
1129 1560 38 75 it.

138 1608 87 75 Now
241 1608 56 75 the
323 1608 152 75 different
503 1608 87 75 parts
608 1608 41 75 of
670 1608 56 75 the
753 1608 141 75 ecliptic,
920 1608 40 75 on
978 1608 135 75 account
1133 1608 41 75 of

137 1654 42 75 its
205 1654 160 75 obliquity
389 1654 35 75 to
449 1654 57 75 the
530 1654 119 75 earth’s
673 1654 83 75 axis,
794 1654 93 75 make
914 1654 79 75 very
1019 1654 152 75 different

140 1700 107 75 angles
260 1700 78 75 with
363 1700 55 75 the
434 1700 138 75 horizon
584 1700 34 75 as
630 1700 79 75 they
721 1700 58 75 rife
795 1700 37 75 or
849 1700 58 75 fet.
955 1700 112 75 Thofe
1083 1700 87 75 parts

140 1745 38 75 or
195 1745 80 75 figns
292 1745 106 75 which
415 1745 60 75 rife
492 1745 77 75 with
586 1745 55 75 the
664 1745 134 75 fmalleft
816 1745 106 75 angles
945 1745 48 75 fet
1007 1745 91 75 .with
1116 1745 55 75 the

139 1791 146 75 greateft,
311 1791 62 75 and
389 1791 70 75 vice
475 1791 105 75 verfa.
629 1791 39 75 In
680 1791 95 75 equal
792 1791 104 75 times,
921 1791 169 75 whenever
1106 1791 63 75 this

141 1838 92 75 angle
249 1838 26 75 is
292 1838 86 75 leaft,
404 1838 19 75 a
438 1838 126 75 greater
580 1838 127 75 portion
724 1838 42 75 of
783 1838 55 75 the
853 1838 130 75 ecliptic
998 1838 76 75 rifes
1093 1838 78 75 than

138 1884 93 75 when
248 1884 55 75 the
315 1884 92 75 angle
423 1884 27 75 is
466 1884 126 75 larger;
619 1884 34 75 as
665 1884 74 75 may
750 1884 40 75 be
801 1884 72 75 feen
889 1884 45 75 by
945 1884 158 75 elevating
1114 1884 56 75 the

139 1931 72 75 pole
227 1931 40 75 of
290 1931 18 75 a
334 1931 95 75 globe
445 1931 36 75 to
508 1931 62 75 any
586 1931 213 75 confiderable
826 1931 149 75 latitude,
1001 1931 62 75 and
1091 1931 77 75 then

139 1977 128 75 turning
283 1977 25 75 it
324 1977 103 75 round
443 1977 42 75 its
502 1977 70 75 axis
588 1977 32 75 in
644 1977 56 75 the
716 1977 148 75 horizon.
914 1977 254 75 Confequently,

139 2024 93 75 when
247 2024 56 75 the
314 2024 96 75 moon
422 2024 27 75 is
466 2024 32 75 in
515 2024 90 75 thofe
621 2024 82 75 figns
716 2024 105 75 which
834 2024 59 75 rjfe
907 2024 37 75 or
960 2024 46 75 fet
1022 2024 78 75 with
1113 2024 57 75 the

140 2071 134 75 fmalleft
290 2071 119 75 angles,
436 2071 51 75 fhe
512 2071 75 75 rifes
603 2071 39 75 or
659 2071 61 75 fets
737 2071 80 75 with
835 2071 54 75 the
904 2071 76 75 leaft
996 2071 174 75 difference

140 2116 41 75 of
192 2116 75 75 time
281 2116 10 75 ;
327 2116 62 75 and
413 2116 79 75 with
508 2116 56 75 the
588 2116 134 75 greateft
742 2116 172 75 difference
930 2116 32 75 in
982 2116 89 75 thofe
1088 2116 81 75 figns

141 2163 106 75 which
265 2163 58 75 rife
340 2163 37 75 or
392 2163 46 75 fet
453 2163 77 75 with
548 2163 55 75 the
620 2163 135 75 greateft
771 2163 123 75 angles.

187 2209 78 75 But,
291 2209 131 75 becaufe
439 2209 42 75 all
493 2209 75 75 who
580 2209 150 75 readuhis
743 2209 127 75 treatife
882 2209 73 75 may
966 2209 57 75 not
1038 2209 41 75 be
1096 2209 74 75 pro-

138 2256 97 75 vided
251 2256 79 75 with
346 2256 124 75 globes,
495 2256 124 75 though
646 2256 31 75 in
696 2256 63 75 this
776 2256 68 75 cafe
871 2256 26 75 it
917 2256 27 75 is
969 2256 148 75 requifite
1133 2256 35 75 to

139 2302 96 75 know
249 2302 75 75 how
340 2302 35 75 to
391 2302 52 75 ufe
459 2302 102 75 them,
586 2302 50 75 we
660 2302 75 75 fhall
762 2302 165 75 fubftitute
943 2302 56 75 the
1018 2302 100 75 figure
1135 2302 41 75 of

139 2349 19 75 a
170 2349 115 75 globe;
313 2349 109 75 (Plate
433 2349 132 75 XLIV.
579 2349 56 75 fig.
650 2349 50 75 2.)
714 2349 32 75 in
759 2349 104 75 which
877 2349 90 75 FUP
978 2349 26 75 is
1016 2349 56 75 the
1085 2349 83 75 axis,

142 2396 117 75 25TR
282 2396 56 75 the
359 2396 105 75 tropic
483 2396 40 75 of
542 2396 138 75 Cancer,
716 2396 95 75 LTrs
840 2396 54 75 the
919 2396 103 75 tropic
1045 2396 41 75 of
1105 2396 66 75 Ca-

139 2442 140 75 pricorn,
322 2442 155 75 2LEUrs
506 2442 56 75 the
586 2442 127 75 ecliptic
736 2442 153 75 touching
917 2442 80 75 both
1023 2442 55 75 the
1103 2442 68 75 tro-

139 2488 81 75 pics,
243 2488 105 75 which
361 2488 54 75 are
432 2488 44 75 47
488 2488 132 75 degrees
632 2488 84 75 from
728 2488 78 75 each
823 2488 105 75 other,
954 2488 62 75 and
1035 2488 63 75 AB
1117 2488 54 75 the

140 2534 150 75 horizon.
338 2534 76 75 The
426 2534 149 75 equator,
600 2534 94 75 being
711 2534 31 75 in
755 2534 54 75 the
821 2534 119 75 middle
955 2534 143 75 between
1115 2534 55 75 the

140 2581 133 75 tropics,
309 2581 26 75 is
363 2581 55 75 cut
445 2581 43 75 by
503 2581 56 75 the
586 2581 129 75 ecliptic
742 2581 32 75 in
802 2581 67 75 two
886 2581 139 75 oppofite
1049 2581 120 75 points,

141 2626 106 75 which
264 2626 53 75 are
334 2626 55 75 the
406 2626 184 75 beginnings
607 2626 39 75 of
666 2626 41 75 T
725 2626 95 75 Aries
838 2626 62 75 and
918 2626 47 75 ^
984 2626 113 75 Libra.
1136 2626 39 75 K

140 2674 28 75 is
190 2674 56 75 the
274 2674 195 75 hour-circle
492 2674 79 75 with
594 2674 42 75 its
658 2674 111 75 index,
795 2674 29 75 F
843 2674 55 75 the
922 2674 95 75 north
1046 2674 73 75 pole
1136 2674 41 75 of

140 2720 57 75 the
213 2720 95 75 globe
324 2720 144 75 elevated
484 2720 36 75 to
537 2720 18 75 a
571 2720 211 75 confiderable
805 2720 148 75 latitude,
978 2720 130 75 fuppofe
1126 2720 45 75 40

141 2766 132 75 degrees
294 2766 100 75 above
419 2766 55 75 the
501 2766 149 75 horizon,
684 2766 61 75 and
769 2766 31 75 P
826 2766 56 75 the
904 2766 93 75 fouth
1026 2766 72 75 pole
1114 2766 56 75 de-

140 2811 121 75 preffed
278 2811 33 75 as
328 2811 93 75 much
438 2811 105 75 below
558 2811 39 75 it.
646 2811 140 75 Becaufe
802 2811 41 75 of
861 2811 56 75 the
941 2811 131 75 oblique
1090 2811 80 75 pofi-

142 2857 66 75 tion
225 2857 40 75 of
277 2857 54 75 the
348 2857 110 75 fphere
485 2857 33 75 in
546 2857 62 75 this
633 2857 150 75 latitude,
821 2857 54 75 the
898 2857 128 75 ecliptic
1040 2857 58 75 has
1115 2857 56 75 the

141 2903 78 75 high
246 2903 157 75 elevation
433 2903 88 75 N^L
558 2903 100 75 above
686 2903 56 75 the
773 2903 149 75 horizon,
959 2903 128 75 making
1113 2903 57 75 the

140 2950 92 75 angle
249 2950 127 75 NUS£>
399 2950 41 75 of
460 2950 68 75 73-!.
551 2950 131 75 degrees
705 2950 78 75 with
809 2950 26 75 it
859 2950 93 75 when
979 2950 41 75 05
1044 2950 123 75 Cancer

140 2997 26 75 is
184 2997 39 75 on
241 2997 55 75 the
313 2997 165 75 meridian,
504 2997 32 75 at
553 2997 104 75 which
686 2997 77 75 time
845 2997 103 75 Libra
965 2997 74 75 rifes
1063 2997 33 75 in
1113 2997 56 75 the

187 3043 99 75 Vol.
311 3043 30 75 I.
390 3043 79 75 No.,
489 3043 56 75 20.

1100 3043 17 75 3

1266 144 44 75 N
1387 144 41 75 O
1504 144 50 75 M
1628 144 52 75 Y.

2155 144 85 75 469

1212 212 73 75 eaft.
1334 212 67 75 But
1418 212 46 75 let
1479 212 56 75 the
1561 212 95 75 globe
1682 212 42 75 be
1741 212 114 75 turned
1883 212 73 75 half
1977 212 104 75 round
2097 212 41 75 its
2156 212 84 75 axis’

1210 258 50 75 till
1293 258 35 75 rs
1355 258 179 75 Capricorn
1561 258 106 75 comes
1694 258 37 75 to
1754 258 55 75 the
1826 258 152 75 meridian
2006 258 61 75 and
2085 240 6 49 <
2091 258 27 75 Y
2118 240 8 49 )
2143 258 96 75 Aries

1210 305 74 75 rifes
1301 305 33 75 in
1346 305 54 75 the
1417 305 75 75 eaft,
1518 305 63 75 and
1597 305 77 75 then
1699 305 56 75 the
1774 305 128 75 ecliptic
1917 305 65 75 will
2005 305 83 75 have
2105 305 54 75 the
2175 305 65 75 low

1209 351 158 75 elevation
1386 351 68 75 NL
1470 351 101 75 above
1592 351 55 75 the
1671 351 149 75 horizon,
1846 351 128 75 making
1998 351 77 75 only
2091 351 39 75 an
2148 351 92 75 angle

1211 398 104 75 NUL
1331 398 40 75 of
1395 398 68 75 26!
1479 398 132 75 degrees
1627 398 78 75 with
1724 398 50 75 it;
1805 398 104 75 which
1926 398 26 75 is
1971 398 43 75 47
2032 398 132 75 degrees
2180 398 61 75 lefs

1211 443 76 75 than
1300 443 54 75 the
1370 443 121 75 former
1507 443 105 75 angle,
1636 443 95 75 equal
1747 443 35 75 to
1798 443 56 75 the
1870 443 137 75 diftance
2024 443 143 75 between
2186 443 57 75 the

1210 490 132 75 tropics.

1260 536 37 75 In
1315 536 153 75 northern
1483 536 165 75 latitudes,
1673 536 56 75 the
1744 536 135 75 fmalleft
1898 536 93 75 angle
2006 536 93 75 made
2125 536 45 75 by
2185 536 57 75 the

1212 583 127 75 ecliptic
1357 583 63 75 and
1433 583 139 75 horizon
1596 583 27 75 is
1643 583 94 75 when
1752 583 97 75 Aries
1873 583 89 75 rifes,
1988 583 33 75 at
2044 583 105 75 which
2166 583 78 75 time

1213 630 101 75 Libra
1329 630 62 75 fets
1407 630 11 75 ;
1445 630 55 75 the
1517 630 135 75 greateft
1668 630 92 75 when
1773 630 103 75 Libra
1887 630 88 75 rifes,
2003 630 33 75 at
2047 630 106 75 which
2165 630 76 75 time

1212 676 97 75 Aries
1325 676 75 75 fets.
1449 676 100 75 From
1565 676 55 75 the
1648 676 93 75 riling
1763 676 39 75 of
1825 676 97 75 Aries
1946 676 35 75 to
2008 676 56 75 the
2092 676 93 75 rifing
2208 676 41 75 of

1212 723 116 75 Libra,
1359 723 173 75 (which,is
1558 723 117 75 ttvelve
1697 723 143 75 fydereal
1856 723 131 75 hours),
2015 723 56 75 the
2087 723 91 75 angle
2194 723 49 75 in-

1213 769 144 75 creafes;
1385 769 64 75 and
1474 769 84 75 from
1575 769 56 75 the
1659 769 94 75 rifing
1768 769 40 75 of
1830 769 103 75 Libra
1960 769 36 75 to
2019 769 56 75 the
2098 769 94 75 rifing
2208 769 42 75 of

1213 816 109 75 Aries,
1347 816 26 75 it
1389 816 162 75 decreafes
1571 816 33 75 in
1628 816 55 75 the
1699 816 84 75 fame
1798 816 199 75 proportion.
2045 816 53 75 By
2114 816 63 75 this
2194 816 51 75 ar-

1214 862 75 75 ticle
1306 862 63 75 and
1384 862 55 75 the
1455 862 183 75 preceding,
1664 862 25 75 it
1706 862 131 75 appears
1857 862 71 75 that
1948 862 55 75 the
2026 862 127 75 ecliptic
2170 862 75 75 rifes

1215 908 102 75 fafteft
1333 908 98 75 about
1449 908 107 75 Aries,
1581 908 63 75 and
1660 908 119 75 floweft
1795 908 98 75 about
1908 908 115 75 Libra.

1262 955 53 75 On
1333 955 55 75 the
1412 955 133 75 parallel
1567 955 41 75 of
1630 955 153 75 London,
1809 955 33 75 as
1859 955 96 75 much
1977 955 40 75 of
2038 955 57 75 the
2119 955 128 75 ecliptic

1196 1001 9 75 '
1215 1001 75 75 rifes
1307 1001 98 75 about
1420 1001 108 75 Pifces
1548 1001 62 75 and
1628 1001 96 75 Aries
1749 1001 32 75 in
1805 1001 67 75 two
1896 1001 99 75 heturs
2020 1001 33 75 as
2079 1001 55 75 the
2150 1001 97 75 moon

1216 1048 75 75 goes
1308 1048 141 75 through
1465 1048 32 75 in
1516 1048 49 75 fix
1579 1048 103 75 days;
1709 1048 63 75 and
1783 1048 161 75 therefore
1961 1048 103 75 whilft
2079 1048 56 75 the
2152 1048 96 75 moon

1217 1095 27 75 is
1260 1095 33 75 irt
1311 1095 88 75 thefe
1415 1095 93 75 figns,
1533 1095 51 75 fhe
1600 1095 112 75 differs
1739 1095 58 75 but
1813 1095 66 75 two
1906 1095 97 75 hours
2031 1095 32 75 in
2088 1095 92 75 rifing
2196 1095 54 75 for

1216 1141 47 75 fix
1278 1141 79 75 days
1374 1141 148 75 together
1535 1141 11 75 ;
1572 1141 71 75 that
1659 1141 40 75 is,
1725 1141 98 75 about
1841 1141 45 75 20
1902 1141 135 75 minutes
2054 1141 81 75 later
2151 1141 98 75 every

1215 1186 64 75 day
1295 1186 37 75 or
1359 1186 91 75 night
1475 1186 79 75 than
1580 1186 43 75 on
1646 1186 56 75 the
1729 1186 185 75 preceding,
1939 1186 34 75 at
2000 1186 18 75 a
2046 1186 90 75 mean
2165 1186 81 75 rate.

1217 1234 67 75 But
1295 1234 32 75 in
1348 1234 42 75 14
1407 1234 77 75 days
1499 1234 200 75 afterwards,
1723 1234 56 75 the
1791 1234 95 75 moon
1899 1234 107 75 comes
2018 1234 36 75 to
2065 1234 104 75 Virgo
2186 1234 64 75 and

1216 1281 115 75 Libra,
1355 1281 105 75 which
1478 1281 53 75 are
1548 1281 55 75 the
1620 1281 139 75 oppofite
1774 1281 82 75 figns
1873 1281 35 75 to
1928 1281 105 75 Pifces
2051 1281 62 75 and
2127 1281 97 75 Aries
2236 1281 10 75 ;

1218 1327 62 75 and
1292 1327 77 75 then
1388 1327 52 75 fhe
1459 1327 110 75 differs
1587 1327 111 75 almoft
1719 1327 72 75 four
1807 1327 92 75 times
1916 1327 33 75 as
1966 1327 95 75 much
2078 1327 32 75 in
2127 1327 94 75 rifing
2236 1327 11 75 ;

1217 1374 138 75 namely,
1380 1374 60 75 one
1456 1374 82 75 hour
1564 1374 64 75 and
1655 1374 97 75 about
1775 1374 108 75 fifteen
1900 1374 136 75 minutes
2052 1374 81 75 later
2152 1374 99 75 every

1218 1419 64 75 day
1305 1419 38 75 or
1370 1419 92 75 night
1486 1419 77 75 than
1591 1419 55 75 the
1673 1419 133 75 former,
1840 1419 102 75 whilft
1969 1419 52 75 fhe
2048 1419 27 75 is
2103 1419 31 75 in
2162 1419 88 75 thefe

1218 1467 92 75 figns.

1265 1514 58 75 All
1339 1514 88 75 thefe
1444 1514 106 75 things
1568 1514 67 75 will
1651 1514 41 75 be
1719 1514 92 75 made
1834 1514 83 75 plain
1945 1514 45 75 by
2011 1514 127 75 putting
2160 1514 91 75 fmall

1198 1560 6 75 '
1218 1560 129 75 patches
1364 1560 41 75 on
1422 1560 56 75 the
1494 1560 128 75 ecliptic
1639 1560 42 75 of
1697 1560 18 75 a
1731 1560 108 75 globe,
1865 1560 33 75 as
1923 1560 49 75 far
1992 1560 85 75 from
2097 1560 60 75 one
2174 1560 77 75 ano-

1219 1606 72 75 ther
1313 1606 34 75 as
1363 1606 55 75 the
1434 1606 97 75 moon
1548 1606 108 75 moves
1680 1606 85 75 from
1782 1606 61 75 any
1865 1606 93 75 point
1974 1606 39 75 of
2035 1606 56 75 the
2115 1606 137 75 celeftial

1219 1653 127 75 ecliptic
1373 1653 31 75 in
1424 1653 45 75 24
1493 1653 111 75 hours,
1628 1653 106 75 which
1760 1653 33 75 at
1821 1653 19 75 a
1855 1653 91 75 mean
1969 1653 69 75 rate
2065 1653 27 75 is
2114 1653 138 75 13!-de-

1219 1699 90 75 grees
1324 1699 10 75 ;
1361 1699 63 75 and
1438 1699 77 75 then
1532 1699 32 75 in
1581 1699 129 75 turning
1725 1699 57 75 the
1798 1699 93 75 globe
1909 1699 114 75 round,
2049 1699 130 75 obferve
2196 1699 57 75 the

1219 1745 93 75 rifing
1328 1745 62 75 and
1416 1745 117 75 fetting
1556 1745 40 75 of
1619 1745 54 75 the
1691 1745 129 75 patches
1838 1745 32 75 in
1897 1745 56 75 the
1968 1745 150 75 horizon,
2144 1745 33 75 as
2194 1745 57 75 the

1219 1792 98 75 index
1332 1792 106 75 points
1461 1792 58 75 out
1541 1792 56 75 the
1613 1792 150 75 different
1789 1792 94 75 times
1911 1792 32 75 in
1966 1792 55 75 the
2041 1792 209 75 hour-circle.

1220 1840 33 75 A
1276 1840 64 75 few
1363 1840 41 75 of
1423 1840 87 75 thefe
1534 1840 130 75 patches
1684 1840 53 75 are
1762 1840 203 75 reprefented
1981 1840 44 75 by
2040 1840 74 75 dots
2140 1840 32 75 at
2189 1840 23 75 o
2234 1840 12 75 1

1221 1888 18 75 2
1261 1888 32 75 3,
1312 1888 64 75 6v.
1403 1888 42 75 on
1473 1888 55 75 the
1551 1888 141 75 ecliptic,
1725 1888 106 75 which
1855 1888 56 75 has
1936 1888 55 75 the
2018 1888 132 75 pofitiop
2165 1888 95 75 LUI

1218 1932 93 75 when
1324 1932 95 75 Aries
1431 1932 76 75 rifes
1518 1932 33 75 in
1563 1932 56 75 the
1632 1932 84 75 eaft;
1743 1932 63 75 and
1822 1932 43 75 by
1878 1932 53 75 the
1943 1932 75 75 dots
2029 1932 140 75 0123,
2184 1932 66 75 &c.

1219 1979 93 75 when
1329 1979 103 75 Libra
1448 1979 74 75 rifes
1539 1979 31 75 in
1589 1979 54 75 the
1660 1979 83 75 eaft;
1770 1979 34 75 at
1821 1979 106 75 which
1943 1979 77 75 time
2046 1979 55 75 the
2124 1979 129 75 ecliptic

1219 2025 56 75 has
1292 2025 56 75 the
1373 2025 132 75 pofition
1529 2025 101 75 EUrs
1644 2025 11 75 \
1689 2025 129 75 making
1835 2025 38 75 an
1891 2025 91 75 angle
1999 2025 40 75 of
2059 2025 43 75 62
2120 2025 132 75 degrees

1218 2072 79 75 with
1314 2072 55 75 the
1385 2072 136 75 horizon
1544 2072 32 75 in
1594 2072 55 75 the
1673 2072 97 75 latter
1785 2072 82 75 cafe,
1894 2072 60 75 and
1983 2072 39 75 an
2038 2072 93 75 angle
2146 2072 41 75 of
2210 2072 43 75 no

1218 2118 89 75 more
1322 2118 78 75 than
1421 2118 38 75 15
1485 2118 131 75 degrees
1640 2118 79 75 with
1747 2118 26 75 it
1789 2118 31 75 in
1837 2118 56 75 the
1917 2118 144 75 former;
2089 2118 164 75 fuppofing

1218 2164 55 75 the
1289 2164 97 75 globe
1403 2164 140 75 redfified
1560 2164 34 75 to
1611 2164 55 75 the
1685 2164 137 75 latitude
1835 2164 39 75 of
1885 2164 152 75 London.

1266 2211 129 75 Having
1413 2211 139 75 redtified
1574 2211 56 75 the
1654 2211 108 75 globe,
1787 2211 74 75 turn
1884 2211 26 75 it
1926 2211 80 75 until
2024 2211 56 75 the
2106 2211 96 75 patch
2219 2211 34 75 at

1220 2258 34 75 o,
1280 2258 97 75 about
1393 2258 55 75 the
1465 2258 170 75 beginning
1652 2258 39 75 of
1718 2258 32 75 X
1771 2258 106 75 Pifces
1902 2258 32 75 in
1951 2258 55 75 the
2022 2258 74 75 half
2119 2258 88 75 LUI
2217 2258 41 75 of

1219 2304 55 75 the
1291 2304 140 75 ecliptic,
1457 2304 106 75 comes
1590 2304 36 75 to
1653 2304 56 75 the
1726 2304 119 75 eaftern
1861 2304 70 75 .fide
1947 2304 38 75 of
2009 2304 55 75 the
2087 2304 136 75 horizon
2238 2304 12 75 ;

1219 2350 61 75 and
1297 2350 77 75 then
1390 2350 137 75 keeping
1543 2350 55 75 the
1615 2350 65 75 ball
1703 2350 122 75 fteady,
1850 2350 47 75 fet
1922 2350 54 75 the
1999 2350 198 75 hour-index
2216 2350 35 75 to

1218 2396 82 75 XII,
1326 2396 131 75 becaufe
1474 2396 71 75 that
1562 2396 83 75 hour
1661 2396 74 75 may
1751 2396 134 75 perhaps
1910 2396 40 75 be
1974 2396 90 75 more
2087 2396 98 75 eafily
2200 2396 51 75 re-

1220 2443 182 75 membered
1418 2443 77 75 than
1513 2443 62 75 any
1591 2443 104 75 other.
1745 2443 99 75 Then
1860 2443 74 75 turn
1957 2443 56 75 the
2036 2443 94 75 globe
2148 2443 103 75 round

1219 2489 175 75 weftward,
1419 2489 63 75 and
1500 2489 32 75 in
1549 2489 69 75 that
1635 2489 88 75 time,
1749 2489 130 75 fuppofe
1896 2489 54 75 the
1966 2489 97 75 patch
2080 2489 23 75 o
2119 2489 35 75 to
2170 2489 83 75 have

1218 2536 117 75 moved
1351 2536 113 75 thence
1481 2536 35 75 to
1538 2536 29 75 1,
1590 2536 66 75 13^-
1671 2536 145 75 degrees,
1841 2536 103 75 whilft
1965 2536 56 75 the
2044 2536 91 75 earth
2160 2536 92 75 turns

1219 2582 79 75 once
1314 2582 105 75 round
1447 2582 42 75 its
1506 2582 83 75 axis,
1615 2582 62 75 and
1692 2582 64 75 you
1776 2582 67 75 will
1867 2582 50 75 fee
1944 2582 70 75 that
2036 2582 12 75 1
2071 2582 73 75 rifes
2174 2582 78 75 only

1219 2628 97 75 about
1334 2628 44 75 20
1396 2628 136 75 minutes
1559 2628 81 75 later
1667 2628 77 75 than
1762 2628 22 75 o
1812 2628 57 75 did
1896 2628 41 75 on
1965 2628 56 75 the
2045 2628 64 75 day
2126 2628 123 75 before.

1219 2675 95 75 Turn
1330 2675 54 75 the
1401 2675 94 75 globe
1513 2675 100 75 round
1626 2675 103 75 again,
1755 2675 63 75 and
1829 2675 31 75 in
1874 2675 68 75 that
1955 2675 77 75 time
2048 2675 130 75 fuppofe
2194 2675 57 75 the

1218 2722 83 75 fame
1318 2722 95 75 patch
1430 2722 35 75 to
1481 2722 80 75 have
1578 2722 116 75 moved
1711 2722 84 75 from
1816 2722 13 75 1
1850 2722 35 75 to
1903 2722 18 75 2
1940 2722 9 75 ;
1976 2722 63 75 and
2066 2722 26 75 it
2108 2722 66 75 will
2190 2722 61 75 rife

1219 2767 77 75 only
1313 2767 44 75 20
1373 2767 137 75 minutes
1526 2767 81 75 later
1624 2767 43 75 by
1683 2767 55 75 the
1753 2767 200 75 hour-index
1970 2767 76 75 than
2064 2767 25 75 it
2107 2767 55 75 did
2179 2767 32 75 at
2234 2767 12 75 1

1220 2814 40 75 on
1277 2814 56 75 the
1350 2814 63 75 day
1429 2814 38 75 or
1483 2814 73 75 turn
1569 2814 128 75 before.
1746 2814 48 75 At
1807 2814 55 75 the
1873 2814 62 75 end
1946 2814 42 75 of
1999 2814 55 75 the
2065 2814 79 75 next
2162 2814 87 75 turn,

1218 2861 131 75 fuppofe
1366 2861 55 75 the
1438 2861 94 75 patch
1548 2861 35 75 to
1599 2861 81 75 have
1696 2861 82 75 gone
1794 2861 84 75 from
1896 2861 18 75 2
1935 2861 34 75 to
1989 2861 16 75 3
2025 2861 33 75 at
2076 2861 44 75 U,
2147 2861 61 75 and
2224 2861 27 75 it

1218 2906 65 75 will
1304 2906 57 75 rife
1380 2906 46 75 20
1448 2906 135 75 minutes
1607 2906 83 75 later
1712 2906 76 75 than
1813 2906 25 75 it
1854 2906 55 75 did
1928 2906 31 75 at
1979 2906 31 75 2.
2062 2906 77 75 And
2161 2906 88 75 foon

1218 2953 51 75 for
1292 2953 47 75 fix
1355 2953 104 75 turns,
1484 2953 33 75 in
1543 2953 108 75 which
1680 2953 77 75 time
1784 2953 92 75 there
1903 2953 68 75 will
1997 2953 104 75 fcarce
2128 2953 40 75 be
2184 2953 67 75 two

1217 3004 97 75 hours
1330 3004 175 75 difference
1521 3004 8 75 :
1557 3004 60 75 nor
1633 3004 108 75 would
1757 3004 91 75 there
1863 3004 80 75 have
1968 3004 78 75 been
2064 3004 33 75 fo
2112 3004 94 75 much
2224 3004 31 75 if

1637 3049 20 75 6
1684 3049 30 75 C

2194 3049 57 75 the
