2477 3395
490 193 36 75 B
584 193 36 75 R
678 193 17 75 I

1078 193 20 75 (
1156 193 12 75 t

171 260 60 75 ene
263 260 36 75 or
329 260 90 75 more
447 260 123 75 arches,
596 260 81 75 built
705 260 76 75 over
808 260 19 75 a
857 260 98 75 river,
992 260 102 75 canal,
1120 260 39 75 or

171 306 56 75 the
250 306 76 75 like,
357 306 52 75 for
436 306 56 75 the
519 306 213 75 conveniency
759 306 41 75 of
818 306 130 75 croffing
975 306 56 75 the
1058 306 96 75 fame.

218 352 136 75 Bridges
371 352 53 75 are
451 352 19 75 a
491 352 68 75 fort
580 352 41 75 of
631 352 127 75 edifices
774 352 79 75 very
873 352 137 75 difficult
1026 352 36 75 to
1077 352 79 75 exe-

172 399 85 75 cute,
282 399 41 75 on
340 399 134 75 account
490 399 41 75 of
551 399 56 75 the
628 399 243 75 inconvenience
887 399 40 75 of
937 399 108 75 laying
1062 399 93 75 foun-

170 446 138 75 dations,
334 446 61 75 and
422 446 128 75 walling
576 446 101 75 under
703 446 112 75 water.
862 446 76 75 The
963 446 87 75 parts
1078 446 40 75 of
1138 446 18 75 a

169 492 113 75 bridge
309 492 53 75 are
389 492 55 75 the
472 492 96 75 piers,
593 492 56 75 the
665 492 110 75 arches
790 492 11 75 ;
825 492 57 75 the
909 492 181 75 pavement,
1117 492 38 75 or

169 538 71 75 way
264 538 76 75 ever
367 538 52 75 for
446 538 98 75 cattle
568 538 62 75 and
654 538 178 75 carriages;
859 538 55 75 the
939 538 158 75 foot-way
1114 538 41 75 on

169 585 77 75 each
277 585 73 75 Tides
377 585 52 75 for
455 585 71 75 foot
554 585 198 75 paffengej-s;
779 585 54 75 the
862 585 58 75 rail
948 585 38 75 or
1011 585 142 75 parapet,

169 631 103 75 which
289 631 133 75 inclofes
449 631 56 75 the
532 631 124 75 whole;
684 631 61 75 and
761 631 55 75 the
832 631 161 75 hutments
1011 631 38 75 or
1076 631 78 75 ends

168 679 40 75 of
219 679 56 75 the
291 679 112 75 bridge
420 679 41 75 on
478 679 55 75 the
550 679 95 75 bank.

214 723 75 75 The
307 723 177 75 conditions
512 723 151 75 required
679 723 31 75 in
728 723 18 75 a
761 723 114 75 bridge
892 723 65 75 are,
983 723 72 75 that
1071 723 25 75 it
1113 723 41 75 be

168 770 249 75 well-defigned,
442 770 232 75 commodious,
698 770 145 75 durable,
869 770 62 75 and
946 770 137 75 fuitably
1095 770 58 75 de-

167 817 143 75 corated.
357 817 77 75 The
450 817 83 75 piers
558 817 40 75 of
622 817 229 75 ftone-bridges
876 817 111 75 ffiould
1003 817 41 75 be
1059 817 97 75 equal

168 863 31 75 in
216 863 145 75 number,
386 863 71 75 that
473 863 91 75 there
581 863 74 75 may
670 863 39 75 be
726 863 60 75 one
803 863 76 75 arch
896 863 33 75 in
945 863 56 75 the
1017 863 135 75 middle,

166 910 105 75 where
287 910 183 75 commonly
485 910 55 75 the
557 910 128 75 current
701 910 25 75 is
744 910 172 75 ftrongeft;
942 910 86 75 their
1043 910 109 75 thick-

165 956 67 75 nefs
249 956 26 75 is
292 956 56 75 not
377 956 34 75 to
434 956 41 75 be
502 956 60 75 lefs
580 956 76 75 than
679 956 19 75 a
713 956 85 75 fixth
814 956 72 75 part
903 956 39 75 of
954 956 55 75 the
1025 956 73 75 fpan
1116 956 41 75 of

163 1003 55 75 the
235 1003 89 75 arch,
349 1003 59 75 nor
424 1003 88 75 more
529 1003 77 75 than
628 1003 20 75 a
664 1003 132 75 fourth;
822 1003 79 75 they
916 1003 54 75 are
987 1003 164 75 common-

161 1049 35 75 ly
211 1049 144 75 guarded
370 1049 32 75 in
417 1049 56 75 the
485 1049 88 75 front
584 1049 79 75 with
675 1049 131 75 angular
821 1049 159 75 fterlings,
1004 1049 36 75 to
1052 1049 99 75 break

163 1095 56 75 the
231 1095 91 75 force
337 1095 39 75 of
388 1095 55 75 the
460 1095 149 75 current:
636 1095 57 75 the
709 1095 149 75 ftrongeft
871 1095 111 75 arches
995 1095 52 75 are
1060 1095 90 75 thofe

162 1141 107 75 whofe
281 1141 102 75 fweep
395 1141 26 75 is
435 1141 19 75 a
469 1141 106 75 whole
587 1141 210 75 femicircle;.
806 1141 33 75 as
852 1141 55 75 the
919 1141 84 75 piers
1016 1141 39 75 of
1062 1141 88 75 brid-

163 1188 55 75 ges
231 1188 117 75 always
361 1188 143 75 diminiffi
516 1188 56 75 the
584 1188 63 75 bed
659 1188 41 75 of
706 1188 19 75 a
734 1188 96 75 river,
847 1188 32 75 in
889 1188 68 75 cafe
969 1188 40 75 of
1015 1188 134 75 inunda-

162 1234 96 75 tions,
284 1234 55 75 the
355 1234 64 75 bed
435 1234 79 75 niuft
531 1234 39 75 be
587 1234 79 75 funk
681 1234 38 75 or
734 1234 163 75 hollowed
913 1234 31 75 in
962 1234 186 75 proportion

161 1280 35 75 to
208 1280 55 75 the
287 1280 91 75 fpace
399 1280 96 75 taken
512 1280 42 75 up
571 1280 43 75 by
630 1280 55 75 the
699 1280 86 75 piers
804 1280 49 75 (as
869 1280 57 75 the
943 1280 115 75 waters
1073 1280 75 75 gain

160 1326 32 75 in
208 1326 98 75 depth
325 1326 88 75 what
440 1326 78 75 they
533 1326 66 75 lofe
627 1326 32 75 in
687 1326 151 75 breadth)
857 1326 105 75 which
979 1326 169 75 otherwife

158 1374 143 75 conduce
317 1374 35 75 to
369 1374 82 75 waffi
468 1374 90 75 away
570 1374 56 75 the
638 1374 189 75 foundation
844 1374 62 75 and
918 1374 160 75 endanger
1090 1374 57 75 the

159 1419 104 75 piers:
289 1419 56 75 To
373 1419 133 75 prevent
531 1419 78 75 this,
633 1419 79 75 they
735 1419 181 75 fometimes
932 1419 142 75 diminiffi
1093 1419 56 75 the

159 1464 142 75 current,
325 1464 103 75 either
454 1464 44 75 by
524 1464 207 75 lengthening
746 1464 43 75 its
817 1464 122 75 eburfe,
964 1464 38 75 or
1018 1464 44 75 by
1078 1464 68 75 ma-

159 1510 77 75 king
252 1510 26 75 it
295 1510 88 75 more
398 1510 163 75 winding;
588 1510 37 75 or
641 1510 43 75 by
695 1510 145 75 flopping
856 1510 56 75 the
927 1510 127 75 bottom
1068 1510 78 75 with

159 1558 84 75 rows
275 1558 42 75 of
332 1558 127 75 planks,
484 1558 115 75 ftakes,
633 1558 38 75 or
702 1558 93 75 piles,
822 1558 104 75 which
959 1558 100 75 break
1091 1558 55 75 the

159 1603 140 75 current.
349 1603 32 75 It
408 1603 27 75 is
463 1603 66 75 alfo
556 1603 149 75 required
732 1603 70 75 that
830 1603 57 75 thq
908 1603 187 75 foundation
1112 1603 41 75 of

157 1649 128 75 bridges
302 1649 40 75 be
369 1649 67 75 laid
463 1649 33 75 at
518 1649 71 75 that
616 1649 105 75 feafon
738 1649 40 75 of
795 1649 57 75 the
867 1649 89 75 year,
980 1649 93 75 when
1090 1649 55 75 the

157 1697 116 75 waters
291 1697 53 75 are
359 1697 130 75 loweft;
516 1697 61 75 and
606 1697 30 75 if
658 1697 56 75 the
729 1697 125 75 ground
870 1697 39 75 be
927 1697 111 75 rocky,
1064 1697 82 75 hard

158 1743 122 75 gravel,
305 1743 37 75 or
374 1743 103 75 ftony,
501 1743 56 75 the
588 1743 64 75 firft
683 1743 102 75 ftones
813 1743 41 75 of
872 1743 55 75 the
955 1743 189 75 fohndation

158 1789 74 75 may
247 1789 40 75 be
298 1789 64 75 laid
375 1789 40 75 on
429 1789 55 75 the
496 1789 143 75 furface;
666 1789 57 75 but
739 1789 30 75 if
781 1789 56 75 the
852 1789 57 75 foil
922 1789 39 75 be
976 1789 65 75 foft
1054 1789 88 75 fand,

157 1835 26 75 it
199 1835 68 75 will
281 1835 40 75 be
337 1835 158 75 neceflary
510 1835 36 75 to
557 1835 61 75 dig
644 1835 51 75 till
711 1835 64 75 you
791 1835 90 75 come
898 1835 35 75 to
949 1835 19 75 a
984 1835 71 75 firm
1071 1835 73 75 bot-

156 1882 82 75 tom.

205 1929 129 75 Among
351 1929 55 75 the
422 1929 127 75 bridges
567 1929 40 75 of
617 1929 173 75 antiquity,
815 1929 71 75 that
902 1929 82 75 built
996 1929 44 75 by
1055 1929 87 75 Tfa-

152 1975 56 75 jan
223 1975 76 75 over
316 1975 55 75 the
388 1975 139 75 Danube
543 1975 27 75 is
587 1975 135 75 allowed
739 1975 35 75 to
798 1975 39 75 be
854 1975 55 75 the
925 1975 79 75 moft
1020 1975 122 75 magni-

154 2022 94 75 ficent
258 2022 10 75 ;
295 2022 26 75 it
337 2022 65 75 was
419 2022 169 75 compofed
603 2022 41 75 of
659 2022 122 75 twenty
797 2022 124 75 arches,
946 2022 41 75 of
998 2022 38 75 an
1059 2022 82 75 hun-

152 2068 81 75 dred
249 2068 63 75 and
338 2068 73 75 fifty
439 2068 66 75 feet
527 2068 32 75 in
575 2068 125 75 height,
725 2068 63 75 and
803 2068 85 75 their
904 2068 137 75 opening
1056 2068 86 75 from

154 2112 60 75 one
231 2112 67 75 pier
325 2112 36 75 to
389 2112 134 75 another
550 2112 64 75 was
642 2112 40 75 an
709 2112 149 75 hundred
874 2112 61 75 and
951 2112 85 75 fixty
1051 2112 86 75 feet:

154 2158 76 75 The
247 2158 82 75 piers
346 2158 40 75 of
398 2158 64 75 this
478 2158 62 75 fine
563 2158 113 75 bridge
692 2158 53 75 are
761 2158 62 75 ftill
839 2158 36 75 to
890 2158 40 75 be
948 2158 70 75 feen
1035 2158 32 75 in
1084 2158 57 75 the

155 2205 151 75 Danube,
331 2205 95 75 being
452 2205 125 75 erefted
592 2205 144 75 between
753 2205 112 75 Servia
880 2205 62 75 and
957 2205 171 75 Moldavia'
1128 2205 11 75 ,

155 2251 18 75 a
188 2251 85 75 little
289 2251 99 75 above
405 2251 181 75 Nicopolis.

201 2297 129 75 Among
346 2297 133 75 modern
496 2297 140 75 bridges,
653 2297 72 75 that
740 2297 40 75 of
798 2297 234 75 Weftminfter,
1057 2297 84 75 built

153 2343 77 75 over
255 2343 54 75 the
326 2343 84 75 river
432 2343 157 75 Thames,
614 2343 72 75 may
702 2343 41 75 be
760 2343 175 75 accounted
952 2343 61 75 pne
1028 2343 40 75 of
1083 2343 56 75 the

153 2390 87 75 fineft
257 2390 31 75 in
304 2390 55 75 the
375 2390 123 75 world:
525 2390 32 75 It
573 2390 28 75 is
617 2390 179 75 forty-four
812 2390 66 75 feet
894 2390 96 75 wide,
1016 2390 18 75 a
1050 2390 86 75 com-

152 2436 146 75 modious
327 2436 159 75 foot-way
512 2436 94 75 being
634 2436 135 75 allowed
797 2436 52 75 for
875 2436 190 75 paftengers,
1096 2436 42 75 on

152 2482 76 75 each
246 2482 73 75 fide,
345 2482 40 75 of
397 2482 98 75 about
515 2482 92 75 feven
625 2482 65 75 feet
706 2482 114 75 broad,
846 2482 101 75 raifed
964 2482 101 75 above
1081 2482 56 75 the

152 2529 79 75 ro^d
257 2529 135 75 allowed
419 2529 52 75 for
498 2529 170 75 carriages,
703 2529 63 75 and
800 2529 103 75 paved
929 2529 80 75 with
1036 2529 103 75 broad

151 2575 223 75 moor-ftones,
398 2575 95 75 while
509 2575 55 75 the
580 2575 91 75 fpace
686 2575 61 75 left
762 2575 145 75 between
923 2575 88 75 them
1027 2575 27 75 is
1071 2575 65 75 fuf-

150 2621 106 75 ficient
273 2621 35 75 to
323 2621 8 75 '
331 2621 103 75 admit
462 2621 90 75 three
580 2621 157 75 carriages
756 2621 63 75 and
834 2621 67 75 two
917 2621 108 75 horfes
1041 2621 36 75 to
1092 2621 50 75 go.

150 2667 149 75 a-breaft,
324 2667 136 75 without
477 2667 61 75 any
554 2667 131 75 danger.
734 2667 49 75 Its
799 2667 112 75 extent
928 2667 84 75 from
1028 2667 112 75 wharf

149 2714 35 75 to
201 2714 109 75 wharf
321 2714 26 75 is
377 2714 88 75 1220
490 2714 37 75 Or
546 2714 86 75 1222
652 2714 78 75 feet,
755 2714 96 75 being
866 2714 59 75 full
942 2714 92 75 three
1049 2714 81 75 hun-

147 2760 80 75 dred
243 2760 66 75 feet
325 2760 111 75 longer
463 2760 77 75 than
568 2760 260 75 London-bride.
877 2760 77 75 The
976 2760 68 75 free
1068 2760 64 75 wa-

147 2806 137 75 ter-way
300 2806 101 75 under
416 2806 54 75 the
493 2806 110 75 arches
632 2806 39 75 of
694 2806 63 75 this
775 2806 110 75 bridge
901 2806 27 75 is
945 2806 88 75 eight
1049 2806 83 75 hun-

147 2853 80 75 dred
251 2853 60 75 and
340 2853 127 75 feventy
496 2853 77 75 feet,
599 2853 95 75 being
725 2853 73 75 four
825 2853 92 75 times
935 2853 33 75 as
985 2853 93 75 much
1097 2853 35 75 as

147 2900 55 75 the
218 2900 67 75 free
302 2900 186 75 water-way
509 2900 61 75 left
586 2900 143 75 between
746 2900 56 75 the
818 2900 143 75 fteflings
989 2900 40 75 of
1040 2900 75 75 Lon

144 2947 213 75 don-bridge:
383 2947 85 75 This
494 2947 192 75 difpofkion,
699 2947 161 75 ^together
888 2947 79 75 with
983 2947 56 75 the
1056 2947 84 75 gen-'

145 2993 113 75 tlenefs
284 2993 39 75 of
347 2993 55 75 the
430 2993 124 75 ftream,
580 2993 52 75 are
660 2993 57 75 the
741 2993 92 75 chief
854 2993 126 75 reafons
998 2993 75 75 why
1089 2993 41 75 no

143 3040 128 75 fenfible
299 3040 57 75 fall
383 3040 40 75 of
443 3040 99 75 water
568 3040 58 75 can
652 3040 74 75 ever
742 3040 80 75 flop,
847 3040 38 75 or
909 3040 33 75 in
970 3040 57 75 the
1054 3040 77 75 leaft

190 3087 97 75 Vol.
305 3087 33 75 I.
375 3087 126 75 Numb.
520 3087 58 75 29.

965 3087 18 75 3

1220 200 19 75 7
1297 200 19 75 )

1646 200 36 75 B
1742 200 37 75 R
1835 200 19 75 I

1251 251 160 75 endanger
1438 251 55 75 the
1521 251 134 75 fmalleft
1683 251 92 75 boats
1799 251 32 75 in
1856 251 85 75 their
1955 251 124 75 paflage
2096 251 140 75 through

1251 298 56 75 the
1323 298 124 75 arches.

1296 345 32 75 It
1355 345 127 75 confifts
1506 345 41 75 of
1569 345 140 75 thirteen
1737 345 88 75 large
1850 345 62 75 and
1929 345 65 75 two
2011 345 89 75 fmall
2113 345 123 75 arches,

1248 391 150 75 together
1414 391 78 75 with
1509 391 149 75 fourteen
1674 391 222 75 intermediate
1912 391 95 75 piers.

1295 438 91 75 Each
1413 438 70 75 pier
1510 438 185 75 terminates
1723 438 78 75 with
1828 438 17 75 a
1861 438 112 75 faliant
1991 438 86 75 right
2095 438 92 75 angle
2205 438 32 75 a-

1248 485 98 75 gainft
1356 485 103 75 either
1475 485 133 75 ftream:
1637 485 55 75 the
1708 485 66 75 two
1790 485 121 75 middle
1928 485 83 75 piers
2028 485 53 75 are
2098 485 75 75 each
2189 485 47 75 fe-

1248 532 136 75 venteen
1420 532 67 75 feet
1515 532 31 75 in
1581 532 160 75 thicknefs
1776 532 33 75 at
1841 532 56 75 the
1924 532 161 75 fntinging
2116 532 42 75 of
2184 532 57 75 the

1246 578 125 75 arches,
1396 578 61 75 and
1471 578 129 75 contain
1614 578 91 75 three
1723 578 156 75 thoufand
1889 578 93 75 cubic
2006 578 77 75 feet,
2109 578 38 75 or
2163 578 76 75 near

1248 624 65 75 two
1329 624 146 75 hundred
1493 624 72 75 tons
1592 624 42 75 of
1656 624 81 75 folid
1760 624 109 75 ftone;
1896 624 62 75 and
1981 624 56 75 the
2053 624 110 75 others
2179 624 56 75 de~

1247 671 104 75 creafe
1368 671 32 75 in
1413 671 101 75 width
1532 671 131 75 equally
1681 671 43 75 on
1744 671 78 75 each
1839 671 64 75 fide
1920 671 44 75 by
1980 671 60 75 one
2058 671 81 75 foot.

1292 719 58 75 All
1367 719 55 75 the
1439 719 113 75 arches
1568 719 40 75 of
1619 719 64 75 this
1695 719 112 75 bridge
1827 719 54 75 are
1897 719 233 75 femicircular;
2157 719 79 75 they

1244 763 42 75 all
1303 763 105 75 fpring
1424 763 85 75 from
1527 763 98 75 about
1642 763 66 75 two
1725 763 65 75 feet
1807 763 100 75 above
1930 763 179 75 low-water
2125 763 109 75 mark;

1246 811 54 75 the
1318 811 119 75 middle
1465 811 76 75 arch
1565 811 26 75 is
1619 811 193 75 feventy-fix
1836 811 65 75 feet
1926 811 95 75 wide,
2047 811 61 75 and
2126 811 55 75 the
2197 811 36 75 o-

1245 858 88 75 thers
1349 858 148 75 decreafe
1513 858 32 75 in
1571 858 136 75 breadth
1723 858 130 75 equally
1868 858 43 75 on
1926 858 78 75 each
2020 858 64 75 fide
2101 858 43 75 by
2159 858 75 75 four

1243 903 78 75 feet.

1289 950 85 75 This
1390 950 112 75 bridge
1530 950 25 75 is
1568 950 82 75 built
1673 950 40 75 of
1732 950 55 75 the
1803 950 66 75 beft
1885 950 161 75 materials
2062 950 9 75 ;
2098 950 62 75 and
2175 950 57 75 the

1243 997 62 75 fize
1322 997 63 75 and
1400 997 180 75 difpofition
1604 997 42 75 of
1667 997 89 75 thefe
1782 997 159 75 materials
1970 997 54 75 are
2046 997 88 75 fuch,
2160 997 72 75 that

1242 1044 90 75 there
1349 1044 27 75 is
1393 1044 42 75 no
1452 1044 76 75 falfe
1545 1044 141 75 bearing,
1713 1044 36 75 or
1761 1044 34 75 fo
1812 1044 94 75 much
1923 1044 32 75 as
1973 1044 18 75 a
2006 1044 77 75 falfe
2095 1044 86 75 joint
2196 1044 34 75 in

1241 1091 56 75 the
1315 1091 103 75 whole
1433 1091 152 75 ftruflure
1600 1091 10 75 ;
1637 1091 119 75 befides
1774 1091 83 75 that,
1883 1091 26 75 it
1931 1091 25 75 is
1974 1091 81 75 built
2071 1091 30 75 in
2120 1091 19 75 a
2155 1091 75 75 neat

1242 1137 62 75 and
1321 1137 125 75 elegant
1462 1137 91 75 tafte,
1578 1137 62 75 and
1669 1137 79 75 with
1771 1137 75 75 fuch
1870 1137 170 75 fimplicity
2055 1137 63 75 and
2133 1137 96 75 gran-

1241 1183 90 75 deur,
1357 1183 84 75 that,
1466 1183 145 75 whether
1637 1183 124 75 viewed
1788 1183 84 75 from
1897 1183 56 75 the
1981 1183 112 75 water,
2125 1183 39 75 or
2184 1183 46 75 by

1241 1230 56 75 the
1312 1230 177 75 paffengers
1505 1230 73 75 who
1598 1230 84 75 walk
1698 1230 78 75 over
1791 1230 39 75 it,
1854 1230 26 75 it
1892 1230 62 75 fills
1971 1230 55 75 the
2042 1230 87 75 mind
2148 1230 77 75 with

1240 1276 38 75 an
1306 1276 168 75 agreeable
1501 1276 154 75 furprize.
1703 1276 78 75 The
1808 1276 260 75 femioftangular
2097 1276 130 75 towers,

1241 1323 105 75 which
1364 1323 84 75 form
1471 1323 56 75 the
1551 1323 130 75 recefles
1698 1323 40 75 of
1756 1323 55 75 the
1828 1323 172 75 foot-way,
2025 1323 56 75 the
2097 1323 130 75 manner

1239 1369 40 75 of
1289 1369 125 75 placing
1430 1369 55 75 the
1501 1369 115 75 lamps,
1641 1369 63 75 and
1720 1369 54 75 the
1786 1369 113 75 height
1915 1369 40 75 of
1967 1369 54 75 the
2038 1369 189 75 baluftrade,

1240 1416 52 75 are
1318 1416 32 75 at
1378 1416 79 75 once
1484 1416 56 75 the
1569 1416 79 75 moft
1677 1416 169 75 beautiful,
1871 1416 75 75 and,
1972 1416 32 75 in
2019 1416 97 75 every
2133 1416 94 75 other

1238 1462 131 75 refpedt,
1394 1462 56 75 the
1467 1462 65 75 beft
1548 1462 178 75 contrived.

1285 1508 66 75 But
1370 1508 56 75 the
1443 1508 79 75 moft
1534 1508 136 75 Angular
1686 1508 113 75 bridge
1815 1508 31 75 in
1864 1508 132 75 Europe
2014 1508 26 75 is
2058 1508 70 75 that
2140 1508 84 75 built

1238 1554 77 75 over
1336 1554 56 75 the
1415 1554 85 75 river
1526 1554 94 75 Tave
1643 1554 32 75 in
1700 1554 294 75 Glamorganffiire.
2044 1554 32 75 It
2100 1554 126 75 confifts

1238 1602 39 75 of
1295 1602 61 75 one
1383 1602 212 75 ftupenduous
1624 1602 89 75 arch,
1746 1602 56 75 the
1827 1602 156 75 diameter
2005 1602 41 75 of
2066 1602 104 75 which
2197 1602 28 75 is

1243 1648 62 75 175
1331 1648 78 75 feet,
1435 1648 55 75 the
1518 1648 103 75 chord
1651 1648 78 75 140,
1755 1648 54 75 the
1833 1648 136 75 altitude
1999 1648 56 75 37,
2080 1648 64 75 and
2171 1648 55 75 the

1237 1695 180 75 abutments
1458 1695 57 75 32.
1564 1695 85 75 This
1673 1695 203 75 magnificent
1902 1695 76 75 arch
2002 1695 64 75 was
2083 1695 81 75 built
2181 1695 43 75 by

1235 1741 149 75 William
1411 1741 156 75 Edward,
1596 1741 19 75 a
1639 1741 81 75 poor
1738 1741 271 75 coUntry-malbn,
2027 1741 31 75 in
2075 1741 55 75 the
2148 1741 76 75 year

1241 1789 101 75 1756.

1282 1834 136 75 Bridges
1447 1834 53 75 are
1527 1834 102 75 either
1651 1834 83 75 built
1759 1834 41 75 of
1820 1834 88 75 ftone
1926 1834 38 75 or
1989 1834 129 75 timber,
2143 1834 34 75 as
2193 1834 28 75 is

1233 1880 125 75 judged
1374 1880 79 75 moft
1469 1880 201 75 convenient.

1190 1927 141 75 5re-B
1339 1927 141 75 ridges
1499 1927 110 75 confift
1624 1927 40 75 of
1686 1927 97 75 piers,
1806 1927 127 75 arches,
1957 1927 63 75 and
2042 1927 176 75 hutments,

1233 1973 93 75 made
1348 1973 40 75 of
1405 1973 95 75 hewn
1516 1973 101 75 ftone,
1641 1973 181 75 foraetimes
1846 1973 66 75 alfo
1930 1973 194 75 intermixed
2141 1973 93 75 with,

1234 2020 119 75 bricks.

1186 2067 324 75 IVooden-BRittGES
1540 2067 53 75 are
1619 2067 170 75 compofed
1816 2067 42 75 of
1886 2067 108 75 beams
2023 2067 63 75 and
2112 2067 104 75 joifts,

1232 2111 171 75 fupported
1435 2111 46 75 by
1513 2111 190 75 punchions,
1739 2111 72 75 well
1840 2111 151 75 cramped
2022 2111 62 75 and
2110 2111 111 75 bound

1232 2157 160 75 together.

1185 2204 320 75 RuJhen-BRiDGES
1531 2204 53 75 are
1608 2204 93 75 made
1728 2204 41 75 of
1789 2204 90 75 great
1895 2204 134 75 bundles
2046 2204 41 75 of
2098 2204 118 75 ruffies,

1232 2249 108 75 bound
1358 2249 58 75 faft
1443 2249 161 75 together,
1630 2249 76 75 over
1720 2249 107 75 which
1845 2249 110 75 planks
1983 2249 54 75 are
2052 2249 78 75 laid,
2156 2249 63 75 and

1228 2296 164 75 fattened:
1418 2296 89 75 thefe
1534 2296 53 75 are
1611 2296 57 75 put
1691 2296 78 75 Over
1794 2296 123 75 marffiy
1934 2296 119 75 places,
2078 2296 36 75 to
2130 2296 89 75 ferve

1231 2341 52 75 for
1301 2341 19 75 a
1335 2341 132 75 croffihg
1481 2341 137 75 ground.

1185 2389 148 75 Pendent
1351 2389 36 75 or
1409 2389 352 75 hanging-Bridges,
1786 2389 104 75 called
1907 2389 64 75 alfo
1987 2389 229 75 philofophical

1230 2435 140 75 bridges,
1393 2435 53 75 are
1474 2435 89 75 thofe
1591 2435 57 75 not
1671 2435 172 75 fupported
1870 2435 43 75 by
1940 2435 83 75 ports
2040 2435 37 75 or
2092 2435 122 75 pillars,

1230 2481 56 75 but
1302 2481 87 75 hung
1405 2481 32 75 at
1453 2481 88 75 large
1556 2481 34 75 in
1616 2481 54 75 the
1687 2481 60 75 air,
1771 2481 154 75 fuftained
1936 2481 77 75 only
2028 2481 33 75 at
2074 2481 54 75 the
2145 2481 68 75 two

1230 2528 76 75 ends
1324 2528 37 75 or
1377 2528 178 75 hutments.

1184 2574 157 75 Dr^w-B
1349 2574 134 75 ridge,
1507 2574 61 75 one
1583 2574 72 75 that
1669 2574 27 75 is
1713 2574 141 75 faftened
1870 2574 78 75 with
1965 2574 110 75 hinges
2092 2574 33 75 at
2151 2574 62 75 one

1229 2620 62 75 end
1314 2620 89 75 only,
1428 2620 34 75 fo
1489 2620 70 75 that
1584 2620 56 75 the
1667 2620 94 75 other
1788 2620 73 75 may
1886 2620 40 75 be
1948 2620 110 75 drawn
2086 2620 63 75 up;
2177 2620 34 75 in

1228 2667 105 75 which
1351 2667 79 75 cafe,
1456 2667 56 75 the
1538 2667 112 75 bridge
1676 2667 105 75 ftands
1806 2667 143 75 upright,
1974 2667 36 75 to
2025 2667 115 75 hinder
2154 2667 57 75 the

1226 2714 123 75 paffage
1366 2714 39 75 of
1417 2714 18 75 a
1450 2714 89 75 ditch
1556 2714 37 75 or
1609 2714 99 75 moat.

1179 2761 115 75 Flying
1321 2761 36 75 or
1375 2761 141 75 floating
1543 2761 167 75 Bridge,
1739 2761 28 75 is
1795 2761 162 75 generally
1983 2761 93 75 made
2092 2761 40 75 of
2144 2761 65 75 two

1224 2805 90 75 fmall
1331 2805 139 75 bridges,
1494 2805 66 75 laid
1577 2805 59 75 ene
1653 2805 77 75 over
1752 2805 58 75 the
1837 2805 94 75 other
1946 2805 32 75 in
1995 2805 74 75 fuch
2087 2805 17 75 a
2120 2805 90 75 mar*

1226 2852 68 75 ner,
1320 2852 71 75 that
1418 2852 56 75 the
1502 2852 179 75 uppermoft
1705 2852 151 75 ftretches
1879 2852 62 75 and
1966 2852 77 75 runs
2071 2852 67 75 out,
2165 2852 44 75 by

1226 2899 73 75 help
1326 2899 40 75 of
1387 2899 119 75 certain
1525 2899 108 75 cords,
1656 2899 136 75 running
1808 2899 141 75 through
1966 2899 112 75 pullies
2096 2899 113 75 placed

1225 2947 94 75 along
1334 2947 55 75 the
1405 2947 78 75 fides
1499 2947 41 75 of
1560 2947 55 75 the
1626 2947 102 75 under
1740 2947 124 75 bridge,
1890 2947 104 75 which
2012 2947 74 75 puffi
2103 2947 26 75 it
2141 2947 66 75 for-

1224 2993 115 75 wards,
1365 2993 50 75 till
1433 2993 56 75 the
1515 2993 63 75 end
1595 2993 41 75 of
1651 2993 27 75 it
1689 2993 87 75 joins
1793 2993 56 75 the
1866 2993 89 75 place
1971 2993 26 75 it
2012 2993 27 75 is
2055 2993 155 75 intended

1223 3040 35 75 to
1275 3040 39 75 be
1330 3040 88 75 fixed
1434 3040 55 75 on.

1679 3087 21 75 8
1726 3087 17 75 I

2033 3087 179 75 Bridges
