2493 3387
698 206 42 75 A
815 206 27 75 S
917 206 38 75 T
1030 206 37 75 R
1145 206 39 75 O

135 267 56 75 the
218 267 85 75 fame
327 267 113 75 nature
463 267 79 75 with
570 267 192 75 buriearth,
786 267 64 75 and
875 267 140 75 deftined
1031 267 52 75 for
1106 267 56 75 the

134 311 67 75 like
216 311 163 75 purpofes.
428 311 65 75 For
520 311 79 75 they
615 311 52 75 are
682 311 82 75 folid
779 311 124 75 opaque
921 311 121 75 globes,
1068 311 93 75 capa-

134 358 53 75 ble
203 358 40 75 of
253 358 185 75 fupporting
454 358 132 75 animals
604 358 61 75 and
681 358 178 75 vegetable.
909 358 97 75 Some
1022 358 40 75 of
1072 358 87 75 them

134 404 54 75 are
210 404 117 75 larger,
352 404 85 75 fome
452 404 73 75 lefs,
555 404 63 75 and
633 404 84 75 fome
734 404 95 75 much
845 404 96 75 about
965 404 55 75 the
1047 404 61 75 fize
1124 404 41 75 of

136 450 59 75 our
210 450 106 75 earth.
363 450 98 75 They
487 450 43 75 all
556 450 151 75 circulate
734 450 104 75 round
864 450 57 75 the
948 450 68 75 fun,
1042 450 32 75 as
1103 450 55 75 the

134 496 90 75 earth
239 496 91 75 does,
347 496 32 75 in
392 496 18 75 a
421 496 121 75 fhorter
554 496 37 75 or
602 496 112 75 longer
730 496 88 75 time,
836 496 171 75 according
1022 496 35 75 to
1074 496 84 75 their

133 541 169 75 refpebtive
318 541 152 75 diftances
487 541 84 75 from
584 541 87 75 him;
699 541 61 75 and
775 541 93 75 have,
885 541 106 75 where
1007 541 26 75 it
1050 541 108 75 would

133 589 57 75 not
206 589 38 75 be
266 589 233 75 inconvenient,
524 589 125 75 regular
665 589 124 75 returns
798 589 48 75 mf
857 589 134 75 fummer
1007 589 61 75 and
1081 589 75 75 win-

132 634 62 75 ter,
220 634 106 75 fpring
350 634 62 75 and
439 634 143 75 autumn.
630 634 195 75 They,have
842 634 132 75 warmer
990 634 62 75 and
1069 634 87 75 cold-

132 680 36 75 er
184 680 164 75 climates,,
365 680 106 75 as.the
486 680 128 75 various
630 680 202 75 productions
857 680 40 75 of
918 680 60 75 our
999 680 90 75 earth
1108 680 48 75 re-

132 728 93 75 quire
236 728 9 75 :
273 728 89 75 And,
386 728 33 75 in
434 728 76 75 fuch
527 728 34 75 as
578 728 103 75 afford
693 728 19 75 a
723 728 168 75 pollibiJity
906 728 41 75 of
960 728 196 75 difcovering

132 773 40 75 it,
197 773 49 75 we
270 773 131 75 obferve
425 773 19 75 a
467 773 126 75 regular
616 773 124 75 motion
764 773 102 75 round
889 773 84 75 their
997 773 78 75 axes
1091 773 65 75 like

132 819 72 75 that
231 819 40 75 of
298 819 59 75 our
383 819 104 75 earth,
513 819 124 75 caufing
654 819 39 75 an
717 819 155 75 alternate
896 819 109 75 return
1029 819 40 75 of
1091 819 64 75 day

132 865 64 75 and
217 865 116 75 night;
360 865 105 75 which
481 865 25 75 is
525 865 157 75 neceifary
704 865 52 75 for
772 865 125 75 labour,
922 865 73 75 reft,
1022 865 61 75 and
1100 865 53 75 ve-

132 911 154 75 getation,
312 911 62 75 and
405 911 70 75 that
502 911 43 75 all
571 911 87 75 parts
685 911 40 75 of
746 911 86 75 their
856 911 143 75 furfaces
1016 911 74 75 may
1116 911 39 75 be

131 957 140 75 expofed
287 957 35 75 to
339 957 56 75 the
411 957 72 75 rays
500 957 40 75 of
551 957 57 75 the
623 957 68 75 fun.

177 1004 86 75 Such
281 1004 40 75 of
332 1004 55 75 the
402 1004 123 75 planets
542 1004 33 75 as
592 1004 55 75 are
662 1004 131 75 fartheft
810 1004 85 75 from
916 1004 56 75 the
999 1004 69 75 fun,
1093 1004 63 75 and

128 1050 161 75 therefore
316 1050 97 75 enjoy
439 1050 75 75 leaft
541 1050 40 75 of
592 1050 49 75 his
657 1050 95 75 light,
777 1050 81 75 have
885 1050 71 75 that
983 1050 174 75 deficiency

127 1096 93 75 made
233 1096 46 75 up
293 1096 43 75 by
353 1096 119 75 feveral
488 1096 125 75 moons,
637 1096 105 75 which
764 1096 176 75 conflantly
963 1096 195 75 accompany

127 1141 63 75 and
208 1141 127 75 revolve
348 1141 97 75 about
461 1141 100 75 them,
587 1141 34 75 as
638 1141 59 75 our
714 1141 93 75 moon
825 1141 143 75 revolves
985 1141 98 75 about
1098 1141 56 75 the

126 1188 107 75 earth.
291 1188 77 75 The
396 1188 145 75 remoteft
568 1188 109 75 planet
701 1188 73 75 has,
798 1188 77 75 over
898 1188 64 75 and
989 1188 113 75 above,
1136 1188 19 75 a

127 1234 101 75 broad
245 1234 70 75 ring
331 1234 226 75 encompafling
573 1234 51 75 it;
650 1234 106 75 which
781 1234 65 75 like
863 1234 18 75 a
896 1234 88 75 lucid
1011 1234 83 75 zone
1121 1234 32 75 in

127 1280 55 75 the
199 1280 135 75 heavens
353 1280 120 75 refleds
490 1280 55 75 the
557 1280 83 75 fun’s
657 1280 83 75 light
755 1280 79 75 very
850 1280 160 75 copioufly
1026 1280 40 75 on
1085 1280 70 75 that

127 1327 127 75 planet;
281 1327 33 75 fo
331 1327 70 75 that
425 1327 32 75 if
478 1327 56 75 the
561 1327 138 75 remoter
727 1327 123 75 planets
877 1327 82 75 have
987 1327 55 75 the
1067 1327 84 75 fun’s

126 1372 85 75 light
238 1372 116 75 fainter
380 1372 44 75 by
446 1372 63 75 day
536 1372 78 75 than
636 1372 68 75 we,'
729 1372 79 75 they
833 1372 82 75 have
942 1372 39 75 an
1009 1372 144 75 addition

125 1418 94 75 made
240 1418 36 75 to
291 1418 26 75 it
333 1418 147 75 morning
496 1418 62 75 and
574 1418 133 75 evening
723 1418 43 75 by
782 1418 60 75 one
859 1418 36 75 or
912 1418 88 75 more
1017 1418 40 75 of
1068 1418 85 75 their

127 1462 125 75 moons,
270 1462 60 75 and
349 1462 17 75 a
383 1462 125 75 greater
524 1462 147 75 quantity
688 1462 40 75 of
738 1462 82 75 light
836 1462 32 75 in
885 1462 54 75 the
952 1462 198 75 night-time.

174 1509 54 75 On
244 1509 56 75 the
315 1509 121 75 furface
453 1509 40 75 of
514 1509 56 75 the
586 1509 108 75 moon,
719 1509 133 75 becaufe
879 1509 26 75 it
932 1509 27 75 is
987 1509 111 75 nearer
1115 1509 36 75 us

126 1555 76 75 than
220 1555 61 75 any
298 1555 94 75 other
408 1555 40 75 of
459 1555 55 75 the
532 1555 135 75 celeftial
683 1555 111 75 bodies
812 1555 64 75 are,
901 1555 49 75 we
975 1555 142 75 difcover
1134 1555 18 75 a

124 1601 113 75 nearer
252 1601 212 75 refemblance
480 1601 39 75 of
530 1601 59 75 our
604 1601 104 75 earth.
758 1601 78 75 For,
861 1601 44 75 by
928 1601 55 75 the
999 1601 154 75 alfiftance

125 1648 41 75 of
184 1648 184 75 telefcopes,
393 1648 49 75 we
464 1648 132 75 obferve
620 1648 55 75 the
699 1648 95 75 moon
819 1648 34 75 to
870 1648 38 75 be
924 1648 62 75 full
1012 1648 40 75 of
1073 1648 78 75 high

124 1694 191 75 mountains,
340 1694 88 75 large
444 1694 134 75 valleys,
611 1694 62 75 and
689 1694 80 75 deep
797 1694 143 75 cavities.
988 1694 109 75 Thefe
1113 1694 37 75 fi-

124 1739 164 75 milarities
305 1739 87 75 leave
409 1739 36 75 us
462 1739 41 75 no
528 1739 90 75 room
646 1739 35 75 to
707 1739 114 75 doubt,
845 1739 58 75 but
934 1739 71 75 that
1029 1739 41 75 all
1095 1739 55 75 the

123 1785 123 75 planets
263 1785 61 75 and
341 1785 111 75 moons
468 1785 32 75 in
518 1785 54 75 the
588 1785 112 75 fyftem
727 1785 53 75 are
795 1785 149 75 defigned
959 1785 33 75 as
1009 1785 141 75 commo-

122 1832 92 75 dious
232 1832 193 75 habitations
442 1832 52 75 for
510 1832 159 75 creatures
686 1832 125 75 endued
827 1832 78 75 with
921 1832 168 75 capacities
1113 1832 42 75 of

122 1878 152 75 knowing
290 1878 61 75 and
368 1878 132 75 adoring
516 1878 84 75 their
616 1878 174 75 beneficent
809 1878 151 75 Creator.

169 1924 95 75 Since
282 1924 54 75 the
349 1924 86 75 fixed
452 1924 75 75 ftars
544 1924 53 75 are
613 1924 182 75 prodigious
811 1924 128 75 fpheres
956 1924 41 75 of
1007 1924 57 75 fire
1080 1924 67 75 like

120 1970 58 75 our
194 1970 68 75 fun,
287 1970 62 75 and
366 1970 31 75 at
414 1970 235 75 inconceivable
665 1970 152 75 diftances
830 1970 83 75 from
933 1970 60 75 one
1013 1970 135 75 another

122 2015 34 75 as
172 2015 73 75 well
262 2015 33 75 as
312 2015 84 75 from
413 2015 54 75 us,
488 2015 25 75 it
529 2015 26 75 is
573 2015 179 75 reafonable
769 2015 35 75 to
829 2015 153 75 conclude
1000 2015 77 75 they
1093 2015 54 75 are

120 2061 93 75 made
229 2061 51 75 for
295 2061 55 75 the
366 2061 82 75 fame
466 2061 147 75 purpofes
631 2061 70 75 that
718 2061 55 75 the
789 2061 55 75 fun
866 2061 27 75 is
908 2061 10 75 ;
945 2061 77 75 each
1040 2061 34 75 to
1092 2061 53 75 be-

121 2106 76 75 llow
215 2106 93 75 light,
333 2106 86 75 heat,
446 2106 62 75 and
519 2106 194 75 vegetation,
739 2106 41 75 on
798 2106 18 75 a
832 2106 118 75 certain
964 2106 132 75 number
1112 2106 41 75 of

121 2152 164 75 Inhabited
301 2152 147 75 planets,,
460 2152 77 75 kept
553 2152 43 75 by
611 2152 193 75 gravitation
826 2152 111 75 within
964 2152 55 75 the
1035 2152 112 75 fphere

123 2198 41 75 of
173 2198 42 75 its
234 2198 151 75 activity..

207 2332 137 75 Chap.
377 2332 48 75 II.
484 2332 65 75 Of
572 2332 66 75 the
670 2332 155 75 Solar
860 2332 199 75 System.

166 2426 85 75 The
270 2426 122 75 planets
410 2426 59 75 and
486 2426 119 75 comets
622 2426 104 75 which
743 2426 93 75 move
853 2426 101 75 round
971 2426 54 75 the
1037 2426 55 75 fun
1109 2426 34 75 as

120 2471 84 75 their
220 2471 120 75 centre,
358 2471 166 75 conflitute
541 2471 55 75 the
614 2471 92 75 Solar
724 2471 135 75 Syftem.
892 2471 110 75 Thofe
1021 2471 120 75 planets

119 2518 107 75 which
245 2518 53 75 are
314 2518 75 75 near
406 2518 55 75 the
477 2518 54 75 fun
549 2518 56 75 not
622 2518 75 75 only
708 2518 87 75 finifh
808 2518 83 75 their
904 2518 129 75 circuits
1049 2518 91 75 foon-

120 2563 45 75 er,
192 2563 56 75 but
276 2563 65 75 like
344 2563 72 75 wife
440 2563 91 75 move
555 2563 93 75 fafler
669 2563 32 75 in
726 2563 84 75 their
835 2563 167 75 refpeCtive
1026 2563 114 75 orbits,

119 2609 77 75 than
212 2609 90 75 thofe
326 2609 105 75 which
459 2609 53 75 are
536 2609 87 75 more
645 2609 120 75 remote
789 2609 84 75 from
901 2609 80 75 him.
1036 2609 105 75 Their

121 2656 137 75 motinns
276 2656 52 75 are
345 2656 42 75 all
409 2656 181 75 performed
611 2656 83 75 from
716 2656 73 75 well
817 2656 34 75 to
877 2656 76 75 eafl,
978 2656 31 75 in
1039 2656 100 75 orbits

118 2702 109 75 nearly
254 2702 148 75 circular.
457 2702 104 75 Their
592 2702 118 75 names,
741 2702 165 75 difiances,
940 2702 105 75 bulks,
1079 2702 62 75 and

119 2748 175 75 periodical
309 2748 206 75 revolutions,
541 2748 53 75 are
611 2748 32 75 as
660 2748 124 75 follow.

165 2794 85 75 The
266 2794 76 75 Sun
441 2794 38 75 an
493 2794 147 75 immenfe
656 2794 95 75 globe
767 2794 41 75 of
818 2794 67 75 fire,
902 2794 27 75 is
943 2794 110 75 placed
1065 2794 75 75 near

118 2840 56 75 the
192 2840 143 75 common
353 2840 119 75 centre,
497 2840 40 75 or
551 2840 105 75 rather
672 2840 32 75 in
722 2840 54 75 the
791 2840 99 75 lower
906 2840 101 75 focus,
1033 2840 40 75 of
1083 2840 55 75 the

119 2886 102 75 orbits
236 2886 40 75 o.f
287 2886 41 75 all
342 2886 53 75 the
411 2886 120 75 planets
549 2886 61 75 and
626 2886 140 75 comets;
793 2886 62 75 and
866 2886 87 75 turns
972 2886 102 75 round
1088 2886 50 75 his

119 2931 69 75 axis
206 2931 29 75 in
261 2931 41 75 25
329 2931 79 75 days
425 2931 20 75 6
464 2931 108 75 hours,
598 2931 32 75 as
648 2931 25 75 is
691 2931 126 75 evident
835 2931 41 75 by
893 2931 55 75 the
964 2931 126 75 motion
1102 2931 41 75 of

118 2978 84 75 fpots
218 2978 71 75 feen
305 2978 108 75 on-his
432 2978 133 75 furface.
613 2978 60 75 His
690 2978 153 75 diameter
866 2978 27 75 is
916 2978 169 75 computed
1102 2978 35 75 to

118 3025 38 75 be
171 3025 151 75 763,000
335 3025 112 75 miles;
471 3025 74 75 and,
570 3025 43 75 by
623 3025 55 75 the
690 3025 125 75 various
831 3025 182 75 attractions
1030 3025 41 75 of
1081 3025 55 75 the

1265 205 43 75 N
1386 205 40 75 O
1504 205 49 75 M
1632 205 53 75 Y.

2157 205 79 75 435

1213 266 247 75 circumvolving
1475 266 136 75 planets,
1636 266 43 75 he
1706 266 27 75 is
1762 266 139 75 agitated
1918 266 44 75 by
1979 266 18 75 a
2012 266 89 75 fmall
2118 266 123 75 motion

1211 312 102 75 round
1330 312 55 75 the
1402 312 107 75 centre
1526 312 41 75 of
1577 312 127 75 gravity
1725 312 41 75 of
1782 312 55 75 the
1854 312 124 75 fyftem.
2027 312 58 75 All
2103 312 55 75 the
2171 312 67 75 pla-

1209 357 83 75 nets,
1317 357 33 75 as
1366 357 71 75 feen
1464 357 84 75 from
1572 357 80 75 him,
1677 357 93 75 move
1797 357 56 75 the
1879 357 83 75 fame
1980 357 83 75 way,
2095 357 64 75 and
2186 357 53 75 ac-

1210 402 132 75 cording
1367 402 34 75 to
1422 402 58 75 the
1507 402 95 75 order
1629 402 41 75 of
1692 402 81 75 figns
1799 402 32 75 in
1856 402 55 75 the
1939 402 176 75 graduated
2141 402 97 75 circle

1211 456 6 75 '
1217 456 25 75 V
1242 438 9 49 5
1280 456 32 75 V
1340 456 44 75 U
1415 456 67 75 -2c>

1618 456 93 75 Plate
1738 456 79 75 XL.
1843 456 56 75 fig.
1928 456 32 75 2.
1991 456 105 75 which
2129 456 107 75 repre-

1208 495 82 75 fents
1322 495 55 75 the
1406 495 90 75 great
1523 495 129 75 ecliptic
1683 495 32 75 in
1741 495 55 75 the
1816 495 158 75 heavens:
2001 495 79 75 But,
2106 495 33 75 as
2164 495 73 75 feen

1209 541 82 75 from
1308 541 62 75 any
1386 541 62 75 one
1464 541 120 75 planet,
1620 541 58 75 the
1702 541 60 75 refi
1785 541 117 75 appear
1929 541 180 75 fometimes
2132 541 35 75 to
2196 541 43 75 go

1207 589 182 75 backward,
1413 589 179 75 fometimes
1618 589 152 75 forward,
1795 589 62 75 and
1884 589 179 75 fometimes
2089 589 36 75 to
2149 589 90 75 Hand

1207 635 82 75 ftiil;
1316 635 57 75 not
1389 635 34 75 in
1450 635 111 75 circles
1589 635 58 75 nor
1675 635 135 75 ellipfes,
1836 635 57 75 but
1920 635 32 75 in
1979 635 117 75 looped
2123 635 113 75 curves

1206 680 103 75 which
1327 680 96 75 never
1440 680 108 75 return
1566 680 69 75 into
1651 680 202 75 themfelves.
1902 680 76 75 The
1995 680 121 75 comets
2145 680 91 75 come

1205 725 84 75 from
1307 725 42 75 all
1365 725 88 75 parts
1469 725 41 75 of
1521 725 54 75 the
1590 725 151 75 heavens,
1765 725 63 75 and
1843 725 94 75 move
1963 725 34 75 in
2025 725 42 75 all
2091 725 82 75 forts
2201 725 41 75 of

1205 773 183 75 directions.

1250 819 77 75 The
1343 819 70 75 axis
1430 819 40 75 of
1481 819 19 75 a
1514 819 108 75 planet
1647 819 27 75 is
1698 819 18 75 a
1739 819 65 75 line
1828 819 172 75 conceived
2016 819 35 75 to
2067 819 40 75 be
2124 819 111 75 drawn

1204 866 140 75 through
1367 866 41 75 its
1433 866 120 75 centre,
1578 866 98 75 about
1698 866 105 75 which
1822 866 25 75 it
1864 866 145 75 revolves
2026 866 33 75 as
2076 866 41 75 on
2135 866 18 75 a
2169 866 66 75 real

1206 910 86 75 axis.
1338 910 77 75 The
1431 910 200 75 extremities
1648 910 41 75 of
1698 910 65 75 this
1786 910 77 75 line,
1888 910 206 75 terminating
2119 910 33 75 in
2178 910 58 75 op-

1204 958 99 75 pofite
1319 958 106 75 points
1441 958 41 75 of
1497 958 55 75 the
1564 958 135 75 planet’s
1715 958 136 75 furface,
1877 958 53 75 are
1954 958 103 75 called
2076 958 42 75 its
2132 958 102 75 poles.

1204 1003 92 75 That
1307 1003 105 75 which
1430 1003 104 75 points
1552 1003 137 75 towards
1707 1003 55 75 the
1777 1003 154 75 northern
1948 1003 70 75 part
2034 1003 42 75 of
2086 1003 56 75 the
2159 1003 75 75 hea-

1205 1049 89 75 vens,
1319 1049 27 75 is
1364 1049 99 75 called
1483 1049 55 75 the
1556 1049 96 75 north
1666 1049 93 75 pole;
1787 1049 62 75 and
1874 1049 56 75 the
1958 1049 106 75 other,
2089 1049 147 75 pointing

1206 1095 138 75 towards
1362 1095 54 75 the
1436 1095 149 75 fouthern
1602 1095 84 75 part,
1711 1095 26 75 is
1760 1095 107 75 called
1887 1095 55 75 the
1956 1095 99 75 fouth
2065 1095 85 75 pole.
2199 1095 34 75 A

1205 1140 83 75 bowl
1307 1140 134 75 whirled
1456 1140 86 75 from
1566 1140 89 75 one’s
1680 1140 85 75 hand
1787 1140 70 75 into
1880 1140 56 75 the
1964 1140 81 75 open
2072 1140 47 75 air
2143 1140 90 75 turns

1205 1187 104 75 round
1323 1187 76 75 fuch
1420 1187 18 75 a
1454 1187 64 75 line
1535 1187 112 75 within
1667 1187 97 75 itlelf,
1782 1187 102 75 whilft
1900 1187 26 75 it
1943 1187 109 75 moves
2069 1187 139 75 forward
2221 1187 11 75 ;

1204 1232 62 75 and
1282 1232 75 75 fuch
1374 1232 54 75 are
1446 1232 56 75 ths
1517 1232 80 75 lines
1625 1232 48 75 we
1690 1232 103 75 mean,
1819 1232 94 75 when
1940 1232 48 75 we
2015 1232 95 75 fpeak
2127 1232 40 75 of
2178 1232 55 75 the

1203 1279 78 75 axes
1298 1279 40 75 of
1347 1279 55 75 the
1424 1279 157 75 heavenly
1597 1279 124 75 bodies.

1250 1325 66 75 Let
1328 1325 36 75 us
1376 1325 130 75 fuppofe
1519 1325 54 75 the
1591 1325 117 75 earth’s
1726 1325 85 75 orbit
1826 1325 36 75 to
1877 1325 40 75 be
1934 1325 18 75 a
1969 1325 83 75 thin,
2077 1325 91 75 even,
2183 1325 50 75 fo-

1201 1370 47 75 lid
1264 1370 91 75 plane
1370 1370 10 75 ;
1407 1370 124 75 cutting
1548 1370 56 75 the
1621 1370 55 75 fun
1693 1370 141 75 through
1862 1370 56 75 the
1946 1370 121 75 centre,
2093 1370 63 75 and
2173 1370 59 75 ex-

1202 1418 117 75 tended
1336 1418 57 75 out
1420 1418 35 75 as
1474 1418 51 75 far
1542 1418 33 75 as
1600 1418 55 75 the
1679 1418 99 75 ftarry
1799 1418 150 75 heavens,
1975 1418 105 75 where
2103 1418 35 75 -it
2165 1418 68 75 will

1202 1463 89 75 mark
1308 1463 55 75 the
1379 1463 89 75 great
1488 1463 95 75 circle
1600 1463 104 75 called
1720 1463 56 75 the
1792 1463 141 75 ecliptic.
1966 1463 85 75 This
2069 1463 96 75 circle
2182 1463 50 75 we

1201 1510 129 75 fuppofe
1353 1510 35 75 to
1407 1510 38 75 be
1461 1510 129 75 divided
1608 1510 69 75 into
1698 1510 39 75 12
1762 1510 93 75 equal
1878 1510 100 75 parts,
2004 1510 104 75 called
2110 1510 119 75 figns-,

1202 1558 77 75 each
1297 1558 64 75 fign
1377 1558 68 75 into
1464 1558 44 75 30
1532 1558 93 75 equal
1650 1558 100 75 parts,
1775 1558 103 75 called
1898 1558 149 75 degrees-,
2074 1558 77 75 each
2174 1558 57 75 de-

1201 1602 75 75 gree
1292 1602 68 75 into
1380 1602 45 75 60
1441 1602 95 75 equal
1553 1602 98 75 parts,
1678 1602 102 75 called
1798 1602 163 75 minutes-,
1988 1602 62 75 and
2062 1602 97 75 every
2170 1602 60 75 rni-

1201 1648 75 75 nute
1291 1648 69 75 into
1376 1648 46 75 60
1439 1648 93 75 equal
1548 1648 101 75 parts,
1674 1648 103 75 called
1781 1648 136 75 feconds
1933 1648 13 75 :
1972 1648 46 75 So
2041 1648 71 75 that
2140 1648 18 75 a
2180 1648 48 75 ie-

1200 1694 84 75 cond
1307 1694 26 75 is
1359 1694 55 75 the
1439 1694 82 75 60th
1537 1694 80 75 .part
1635 1694 40 75 of
1687 1694 18 75 a
1721 1694 140 75 minute;
1893 1694 18 75 a
1927 1694 120 75 minute
2075 1694 54 75 the
2147 1694 84 75 60th

1200 1740 69 75 part
1286 1740 40 75 of
1344 1740 17 75 a
1380 1740 136 75 degree;
1542 1740 63 75 and
1622 1740 18 75 a
1659 1740 116 75 degree
1794 1740 55 75 the
1871 1740 104 75 360th
1993 1740 70 75 part
2076 1740 44 75 of
2131 1740 19 75 a
2166 1740 60 75 cir-

1199 1786 60 75 cle,
1284 1786 38 75 or
1339 1786 81 75 30th
1437 1786 72 75 part
1525 1786 40 75 of
1578 1786 17 75 a
1611 1786 75 75 fign.
1736 1786 76 75 The
1828 1786 108 75 planes
1953 1786 41 75 of
2004 1786 55 75 the
2075 1786 101 75 orbits
2193 1786 42 75 of

1198 1832 42 75 all
1257 1832 54 75 the
1328 1832 94 75 other
1437 1832 123 75 planets
1577 1832 61 75 like
1642 1832 74 75 wife
1732 1832 54 75 cut
1801 1832 55 75 the
1872 1832 55 75 fun
1945 1832 31 75 in
1997 1832 130 75 halves;
2155 1832 70 75 bur,

1198 1880 162 75 extended
1376 1880 34 75 to
1427 1880 54 75 th?
1494 1880 149 75 heavens,
1669 1880 82 75 form
1769 1880 112 75 circles
1898 1880 150 75 different
2066 1880 83 75 from
2167 1880 61 75 one

1198 1925 145 75 another,
1370 1925 62 75 and
1455 1925 85 75 from
1563 1925 55 75 the
1641 1925 147 75 ecliptic;
1814 1925 61 75 one
1892 1925 75 75 half
1979 1925 40 75 of
2029 1925 77 75 each
2132 1925 95 75 being

1196 1971 41 75 on
1261 1971 55 75 the
1333 1971 96 75 north
1446 1971 74 75 fide,
1546 1971 61 75 and
1625 1971 54 75 the
1699 1971 94 75 other
1809 1971 41 75 on
1872 1971 56 75 the
1944 1971 92 75 fouth
2055 1971 62 75 fide
2134 1971 40 75 of
2185 1971 40 75 it"

1195 2019 240 75 Confequently
1452 2019 56 75 the
1527 2019 86 75 orbit
1629 2019 41 75 of
1680 2019 77 75 each
1774 2019 107 75 planet
1897 2019 113 75 croffes
2027 2019 54 75 the
2098 2019 129 75 ecliptic

1195 2066 33 75 in
1254 2066 66 75 two
1347 2066 140 75 oppofite
1510 2066 118 75 points,
1670 2066 103 75 which
1798 2066 54 75 are
1876 2066 103 75 called
2003 2066 56 75 the
2090 2066 135 75 planet’s

1196 2109 105 75 nodes.
1350 2109 111 75 Thefe
1475 2109 98 75 nodes
1590 2109 54 75 are
1660 2109 43 75 all
1719 2109 32 75 in
1768 2109 150 75 different
1942 2109 89 75 parts
2056 2109 41 75 of
2113 2109 56 75 the
2190 2109 35 75 e-

1196 2156 126 75 chptic;
1350 2156 62 75 and
1428 2156 173 75 therefore,
1627 2156 30 75 if
1680 2156 56 75 the
1760 2156 165 75 planetary
1941 2156 105 75 tracks
2063 2156 162 75 remained

1194 2202 106 75 vifible
1323 2202 33 75 in
1381 2202 55 75 the
1452 2202 151 75 heavens,
1627 2202 77 75 they
1728 2202 106 75 would
1858 2202 32 75 in
1915 2202 84 75 fome
2015 2202 141 75 meafure
2171 2202 52 75 re-

1195 2248 116 75 ferable
1339 2248 53 75 the
1409 2248 149 75 different
1575 2248 68 75 ruts
1668 2248 42 75 of
1722 2248 268 75 waggon-wheels
2008 2248 130 75 crofiing
2161 2248 62 75 one

1196 2294 132 75 another
1343 2294 33 75 in
1399 2294 149 75 different
1573 2294 99 75 parts,
1698 2294 59 75 but
1775 2294 97 75 never
1894 2294 96 75 going
2006 2294 51 75 far
2072 2294 145 75 afunder.

1193 2341 90 75 That
1307 2341 95 75 node,
1427 2341 38 75 or
1487 2341 198 75 interfeflion
1712 2341 39 75 of
1771 2341 55 75 the
1853 2341 86 75 orbit
1963 2341 40 75 of
2024 2341 63 75 any
2113 2341 108 75 planet

1194 2386 79 75 with
1297 2386 55 75 the
1376 2386 126 75 earth’s,
1520 2386 99 75 orbit,
1640 2386 84 75 from
1748 2386 104 75 which
1881 2386 55 75 the
1957 2386 107 75 planet
2090 2386 129 75 afcends

1192 2434 184 75 northward
1404 2434 100 75 above
1532 2434 55 75 the
1610 2434 137 75 ecliptic,
1788 2434 27 75 is
1839 2434 102 75 called
1968 2434 54 75 the
2044 2434 175 75 ajcendine

1192 2479 77 75 node
1285 2479 41 75 of
1343 2479 55 75 the
1414 2479 107 75 planet
1529 2479 11 75 ;
1567 2479 59 75 and
1646 2479 54 75 the
1716 2479 106 75 other,
1847 2479 104 75 which
1968 2479 27 75 is
2008 2479 135 75 diredly
2159 2479 58 75 op-

1191 2525 98 75 pofite
1312 2525 137 75 thereto,
1474 2525 28 75 is
1524 2525 102 75 called
1648 2525 41 75 its
1712 2525 188 75 defending
1922 2525 89 75 node.
2068 2525 149 75 Saturn’s

1190 2572 169 75 afctndipg
1372 2572 81 75 node
1468 2572 27 75 is
1514 2572 32 75 in
1568 2572 40 75 21
1629 2572 75 75 deg.
1727 2572 37 75 13
1780 2572 77 75 min.
1875 2572 42 75 of
1928 2572 125 75 Cancer
2079 2572 59 75 05-,
2156 2572 60 75 Ju-

1189 2618 90 75 piter'
1279 2618 17 75 s
1313 2618 30 75 in
1369 2618 18 75 7
1412 2618 75 75 deg.
1513 2618 45 75 29
1580 2618 76 75 min.
1681 2618 41 75 of
1743 2618 54 75 the
1821 2618 83 75 fame
1934 2618 77 75 fign,
2037 2618 120 75 Mars’s
2182 2618 33 75 in

1194 2666 39 75 17
1250 2666 67 75 deg.
1347 2666 39 75 17
1405 2666 76 75 min.
1505 2666 40 75 of
1555 2666 144 75 Taurus,
1787 2666 139 75 Venus’s
1943 2666 31 75 in
2002 2666 37 75 13
2059 2666 72 75 deg.
2168 2698 45 49 59

1188 2710 76 75 min.
1290 2710 40 75 of
1341 2710 131 75 Gemini
1491 2710 55 75 n,
1571 2710 62 75 and
1656 2710 181 75 Mercury’s
1855 2710 32 75 in
1908 2710 12 75 I
1931 2710 19 75 4
1962 2710 72 75 deg.
2074 2710 40 75 43
2135 2742 29 49 m
2164 2710 12 75 i
2176 2742 37 49 n-

1188 2756 33 75 of
1237 2756 145 75 Taurus.
1429 2756 86 75 Here
1541 2756 46 75 we
1604 2756 141 75 confider
1761 2756 56 75 the
1839 2756 120 75 earth’s
1983 2756 85 75 orbit
2093 2756 37 75 as
2156 2756 55 75 the

1187 2804 157 75 fiandard,
1370 2804 62 75 and
1455 2804 55 75 the
1533 2804 101 75 orbits
1650 2804 37 75 of
1702 2804 41 75 all
1761 2804 55 75 the
1833 2804 93 75 other
1947 2804 123 75 planets
2096 2804 34 75 as
2153 2804 58 75 ob-

1184 2849 87 75 lique
1287 2849 34 75 to
1337 2849 39 75 it.

1234 2898 107 75 When
1358 2898 49 75 we
1423 2898 149 75 fpeak.of
1584 2898 54 75 the
1655 2898 122 75 planets
1794 2898 112 75 orbits,
1928 2898 43 75 all
1984 2898 69 75 that
2065 2898 26 75 is
2104 2898 107 75 meant

1186 2942 25 75 is
1229 2942 86 75 their
1331 2942 91 75 paths
1440 2942 138 75 through
1603 2942 158 75 the.open
1786 2942 61 75 and
1872 2942 178 75 unrefifting
2072 2942 89 75 fjhice
2177 2942 34 75 in

1187 2990 103 75 which
1318 2990 77 75 they
1422 2990 103 75 move,
1552 2990 60 75 and
1641 2990 53 75 are
1720 2990 76 75 kept
1825 2990 44 75 in,
1896 2990 41 75 by
1962 2990 55 75 the
2042 2990 166 75 attrae.ive

1183 3039 106 75 power
1306 3039 40 75 of
1357 3039 54 75 the
1435 3039 69 75 fun,
1530 3039 62 75 and
1608 3039 55 75 the
1678 3039 164 75 projedile
1863 3039 89 75 force
1969 3039 164 75 impreffed
2150 3039 60 75 up-
