2518 3387
249 150 84 75 493

808 150 498 75 ASTRO

252 217 73 75 true
340 217 122 75 motion
480 217 40 75 of
539 217 55 75 the
606 217 96 75 moon
715 217 97 75 about
828 217 56 75 the
900 217 104 75 earth,
1028 217 38 75 or
1083 217 40 75 of
1135 217 61 75 any
1212 217 68 75 pla-

254 262 56 75 net
326 262 97 75 about
438 262 55 75 the
510 262 68 75 fun,
604 262 44 75 by
664 262 128 75 making
814 262 56 75 the
885 262 152 75 elliptical
1053 262 100 75 plates
1170 262 40 75 of
1227 262 56 75 the

255 309 83 75 fame
354 309 251 75 ex<*fntricities,
629 309 31 75 in
683 309 187 75 proportion
895 309 35 75 to
954 309 55 75 the
1032 309 121 75 radius,
1178 309 34 75 as
1228 309 57 75 the

255 356 103 75 orbits
375 356 40 75 of
433 356 55 75 the
508 356 123 75 planets
643 356 65 75 are,
734 356 105 75 vvhofe
857 356 137 75 motions
1006 356 77 75 they
1101 356 182 75 reprefent;

255 402 63 75 and
333 402 35 75 fo
383 402 84 75 their
477 402 155 75 ‘different
647 402 168 75 equations
832 402 31 75 in
875 402 150 75 different
1041 402 88 75 parts
1150 402 39 75 of
1201 402 84 75 their

255 449 103 75 orbits
378 449 73 75 may
472 449 41 75 be
529 449 93 75 made
638 449 83 75 plain
739 449 35 75 to
796 449 92 75 fight,
914 449 61 75 and
998 449 121 75 clearer
1141 449 87 75 ideas
1251 449 35 75 of

256 495 90 75 thefe
367 495 138 75 motions
528 495 61 75 and
612 495 167 75 equations
804 495 154 75 acquired
982 495 32 75 in
1032 495 80 75 balf
1131 495 39 75 an
1190 495 95 75 hour,

257 542 78 75 than
351 542 97 75 could
463 542 39 75 be
518 542 115 75 gained
649 542 84 75 from
751 542 130 75 reading
896 542 74 75 half
989 542 19 75 a
1019 542 62 75 day
1099 542 98 75 about
1211 542 76 75 fuch

256 589 140 75 motions
414 589 62 75 and
492 589 180 75 equations.

304 636 78 75 The
396 636 204 75 Improved
618 636 221 75 Celestial
859 636 153 75 Globe,
1032 636 109 75 (Plate
1153 636 132 75 XLIV.

255 683 57 75 fig.
332 683 66 75 2.).
447 683 53 75 On
518 683 55 75 the
590 683 94 75 north
703 683 71 75 pole
791 683 39 75 of
842 683 55 75 the
909 683 82 75 axis,
1009 683 100 75 above
1121 683 56 75 the
1189 683 96 75 hour-

256 728 110 75 circle,
392 728 26 75 is
435 728 87 75 fixed
540 728 38 75 an
595 728 76 75 arch
697 728 119 75 MKH
836 728 39 75 of
897 728 69 75 234
989 728 153 75 degrees;
1170 728 60 75 and
1255 728 32 75 at

256 774 56 75 the
329 774 61 75 end
407 774 39 75 H
461 774 25 75 is
504 774 87 75 fixed
603 774 38 75 an
665 774 130 75 upright
812 774 52 75 pin
882 774 80 75 HG,
988 774 105 75 which
1113 774 103 75 Itands
1236 774 50 75 di-

256 822 101 75 redlly
380 822 77 75 over
474 822 54 75 the
545 822 95 75 north
657 822 72 75 pole
746 822 40 75 of
806 822 54 75 the
877 822 138 75 ecliptic,
1042 822 61 75 and
1120 822 166 75 perpendi-

257 868 88 75 cular
363 868 34 75 to
415 868 70 75 that
502 868 70 75 part
589 868 39 75 of
648 868 54 75 the
718 868 122 75 furface
863 868 40 75 of
921 868 56 75 the
993 868 108 75 globe.
1151 868 55 75 On
1222 868 66 75 this

256 915 54 75 pin
327 915 53 75 are
395 915 67 75 two
478 915 164 75 moveable
659 915 113 75 collets
794 915 33 75 at
845 915 35 75 D
897 915 63 75 and
981 915 48 75 H,
1055 915 35 75 to
1113 915 105 75 which
1235 915 53 75 are

257 962 88 75 fixed
363 962 54 75 the
434 962 200 75 quadrantile
650 962 93 75 wires
761 962 43 75 N
823 962 62 75 and
910 962 39 75 0,
972 962 118 75 having
1113 962 67 75 two
1205 962 83 75 little

257 1008 82 75 balls
353 1008 41 75 on
410 1008 85 75 their
511 1008 78 75 ends
607 1008 51 75 for
674 1008 56 75 the
741 1008 55 75 fun
809 1008 61 75 and
884 1008 108 75 moon,
1010 1008 34 75 as
1055 1008 32 75 in
1106 1008 56 75 the
1174 1008 113 75 figure.

257 1055 77 75 The
352 1055 97 75 collet
474 1055 35 75 D
532 1055 26 75 is
584 1055 87 75 fixed
693 1055 35 75 to
744 1055 55 75 the
816 1055 134 75 circular
973 1055 85 75 plate
1076 1055 37 75 F,
1140 1055 148 75 whereon

255 1102 58 75 the
332 1102 68 75 294
416 1102 78 75 days
508 1102 40 75 of
565 1102 56 75 the
638 1102 124 75 moon’s
779 1102 58 75 age
853 1102 54 75 are
922 1102 171 75 engraven,
1117 1102 172 75 beginning

258 1148 61 75 -juft
336 1148 100 75 under
452 1148 55 75 the
524 1148 84 75 fun’s
629 1148 77 75 wire
728 1148 59 75 TV;
814 1148 60 75 and
893 1148 32 75 as
943 1148 63 75 this
1029 1148 76 75 wire
1129 1148 26 75 is
1172 1148 115 75 moved

257 1196 103 75 round
378 1196 54 75 the
445 1196 105 75 globe,
568 1196 56 75 the
641 1196 86 75 plate
740 1196 27 75 F
780 1196 89 75 turns
886 1196 103 75 round
1005 1196 79 75 wiih
1101 1196 38 75 it.
1178 1196 109 75 Thefe

255 1241 94 75 •wires
367 1241 53 75 are
436 1241 95 75 eafily
546 1241 129 75 turned,
691 1241 31 75 if
735 1241 53 75 the
805 1241 98 75 ferew
915 1241 29 75 G
962 1241 38 75 be
1012 1241 187 75 flackened;
1225 1241 63 75 and

255 1287 25 75 w
288 1287 62 75 hen
366 1287 78 75 they
463 1287 52 75 are
533 1287 46 75 fet
591 1287 35 75 to
642 1287 85 75 their
740 1287 114 75 proper
870 1287 118 75 places,
1006 1287 56 75 the
1074 1287 96 75 ferew
1183 1287 103 75 ferves

255 1334 39 75 to
310 1334 46 75 fix
373 1334 87 75 them
477 1334 91 75 there
584 1334 33 75 fo
640 1334 33 75 as
690 1334 31 75 in
743 1334 128 75 turning
888 1334 54 75 the
966 1334 64 75 ball
1050 1334 39 75 of
1108 1334 55 75 the
1179 1334 107 75 globe,

255 1382 58 75 the
330 1382 91 75 wires
439 1382 78 75 with
534 1382 55 75 the
605 1382 56 75 fun
678 1382 62 75 and
756 1382 95 75 moon
868 1382 41 75 go
933 1382 103 75 round
1053 1382 77 75 with
1150 1382 48 75 it;
1226 1382 62 75 and

255 1428 91 75 thefe
369 1428 66 75 two
451 1428 84 75 little
551 1428 81 75 balls
649 1428 59 75 rife
724 1428 63 75 and
803 1428 46 75 fet
866 1428 32 75 at
924 1428 54 75 the
995 1428 83 75 fame
1095 1428 105 75 times,
1226 1428 62 75 and

256 1475 43 75 «n
318 1475 54 75 the
389 1475 83 75 fame
489 1475 105 75 points
611 1475 40 75 of
670 1475 55 75 the
742 1475 150 75 horizon,
918 1475 51 75 for
985 1475 55 75 the
1052 1475 64 75 day
1128 1475 35 75 to
1180 1475 107 75 which

255 1521 81 75 they
348 1521 53 75 are
410 1521 153 75 reftified,
587 1521 34 75 as
638 1521 55 75 the
708 1521 57 75 fun
782 1521 61 75 and
860 1521 95 75 moon
972 1521 43 75 do
1026 1521 32 75 in
1070 1521 55 75 the
1136 1521 150 75 heavens.

306 1567 139 75 Becaufe
457 1567 57 75 the
530 1567 96 75 moon
643 1567 96 75 keeps
755 1567 57 75 not
828 1567 59 75 her
898 1567 109 75 courfe
1025 1567 32 75 in
1075 1567 56 75 the
1148 1567 139 75 ecliptic,

259 1614 51 75 (as
327 1614 56 75 the
399 1614 56 75 fun
480 1614 134 75 appears
632 1614 35 75 to
690 1614 74 75 do),
790 1614 57 75 but
863 1614 58 75 has
943 1614 18 75 a
972 1614 194 75 declination
1183 1614 40 75 of
1244 1614 45 75 5-3-

258 1661 133 75 degrees
400 1661 41 75 on
451 1661 76 75 each
540 1661 62 75 fide
615 1661 84 75 from
711 1661 26 75 it
749 1661 137 75 in.every
898 1661 156 75 lunation,
1067 1661 60 75 her
1138 1661 65 75 ball
1216 1661 73 75 may

259 1708 40 75 be
311 1708 137 75 ferewed
462 1708 33 75 as
507 1708 95 75 many
613 1708 133 75 degrees
758 1708 35 75 to
805 1708 103 75 either
921 1708 63 75 fide
996 1708 40 75 of
1048 1708 55 75 the
1115 1708 126 75 ecliptic
1254 1708 33 75 as

258 1754 58 75 her
332 1754 136 75 latitude
484 1754 37 75 or
537 1754 193 75 declination
746 1754 85 75 from
844 1754 54 75 the
911 1754 125 75 ecliptic
1049 1754 145 75 amounts
1208 1754 34 75 to
1255 1754 33 75 at

257 1800 64 75 any
332 1800 93 75 given
442 1800 77 75 time
531 1800 9 75 ;
565 1800 62 75 and
645 1800 50 75 for
712 1800 64 75 this
793 1800 134 75 purpofe
941 1800 39 75 S,
995 1800 94 75 Plate
1100 1800 63 75 LT.
1181 1800 55 75 fig.
1252 1800 35 75 2.

260 1846 62 75 (by
335 1846 130 75 mijlake
477 1846 135 75 omitted
621 1846 32 75 to
665 1846 35 75 be
713 1846 138 75 inferted
864 1846 36 75 in
913 1846 51 75 the
970 1846 117 75 proper
1097 1846 93 75 plate
1194 1846 23 75 J
1231 1846 26 75 is
1270 1846 18 75 a

257 1892 96 75 final!
361 1892 87 75 piece
460 1892 39 75 of
506 1892 195 75 pafteboard,
720 1892 38 75 of
770 1892 105 75 which
889 1892 55 75 the
957 1892 118 75 curved
1087 1892 80 75 edge
1180 1892 32 75 at
1224 1892 24 75 5
1261 1892 26 75 is

258 1941 37 75 to
312 1941 40 75 be
367 1941 47 75 fet
438 1941 84 75 upon
547 1941 55 75 the
622 1941 94 75 globe
734 1941 31 75 at
790 1941 86 75 right
893 1941 107 75 angles
1017 1941 35 75 to
1069 1941 54 75 the
1147 1941 139 75 ecliptic,

259 1986 64 75 and
336 1986 54 75 the
402 1986 80 75 dark
502 1986 63 75 line
577 1986 77 75 over
666 1986 25 75 S
708 1986 36 75 to
759 1986 89 75 Hand
859 1986 130 75 upright
1000 1986 86 75 upon
1102 1986 38 75 it.
1190 1986 98 75 From

259 2033 66 75 this
343 2033 76 75 line,
444 2033 41 75 on
502 2033 56 75 the
574 2033 125 75 convex
715 2033 93 75 edge,
833 2033 54 75 are
898 2033 109 75 drawn
1025 2033 56 75 the
1096 2033 44 75 5y
1155 2033 133 75 degrees

259 2081 42 75 of
320 2081 54 75 the
392 2081 123 75 moon’s
531 2081 135 75 latitude
679 2081 39 75 on
731 2081 81 75 both
829 2081 78 75 fides
925 2081 40 75 of
984 2081 55 75 the
1052 2081 147 75 ecliptic;
1226 2081 63 75 and

258 2125 95 75 when
370 2125 65 75 this
451 2125 87 75 piece
552 2125 26 75 is
596 2125 46 75 fet
657 2125 130 75 upright
799 2125 41 75 on
856 2125 55 75 the
928 2125 107 75 globe,
1051 2125 42 75 its
1109 2125 179 75 graduated

258 2173 81 75 edge
355 2173 130 75 reaches
503 2173 35 75 to
554 2173 55 75 the
625 2173 95 75 moon
737 2173 40 75 on
790 2173 56 75 the
857 2173 77 75 wire
951 2173 39 75 0,
1008 2173 43 75 by
1064 2173 102 75 which
1180 2173 108 75 means

259 2219 53 75 fhe
323 2219 26 75 is
361 2219 94 75 eafil-y
465 2219 143 75 adjufted
619 2219 35 75 to
666 2219 57 75 her
735 2219 136 75 latitude
883 2219 101 75 found
995 2219 44 75 by
1051 2219 37 75 an
1099 2219 189 75 ephemeris.

307 2264 76 75 The
398 2264 136 75 horizon
559 2264 26 75 is
602 2264 173 75 fupported
792 2264 45 75 by
853 2264 65 75 two
935 2264 213 75 femicircular
1163 2264 124 75 arches,

259 2309 133 75 becaufe
408 2309 108 75 pillars
535 2309 107 75 would
660 2309 65 75 (top
742 2309 54 75 the
812 2309 147 75 progrefs
973 2309 42 75 of
1027 2309 56 75 the
1099 2309 83 75 balls
1195 2309 94 75 when

261 2358 78 75 they
351 2358 42 75 go
409 2358 103 75 below
524 2358 55 75 the
595 2358 136 75 horizon
748 2358 31 75 in
798 2358 38 75 an
853 2358 130 75 oblique
1000 2358 123 75 fphere.

310 2404 45 75 To
371 2404 116 75 reftify
505 2404 63 75 this
578 2404 105 75 globe.
724 2404 136 75 Elevate
877 2404 54 75 the
948 2404 72 75 pole
1032 2404 34 75 to
1083 2404 55 75 the
1154 2404 136 75 latitude

261 2453 41 75 of
313 2453 54 75 the
383 2453 110 75 place;
511 2453 77 75 then
598 2453 92 75 bring
705 2453 56 75 the
773 2453 85 75 fun’s
869 2453 89 75 place
974 2453 32 75 in
1023 2453 54 75 the
1094 2453 126 75 ecliptic
1236 2453 52 75 for

260 2499 57 75 the
333 2499 92 75 given
442 2499 63 75 day
521 2499 35 75 to
572 2499 56 75 the
650 2499 110 75 brafen
777 2499 171 75 meridian,,
970 2499 62 75 and
1056 2499 47 75 fet
1118 2499 55 75 the
1189 2499 99 75 hour-

260 2543 99 75 index
376 2543 35 75 to
428 2543 70 75 XII
523 2543 33 75 at
583 2543 97 75 noon,
707 2543 71 75 that
800 2543 27 75 is
844 2543 34 75 to
894 2543 57 75 the
969 2543 98 75 upper
1088 2543 70 75 XII
1175 2543 43 75 on
1233 2543 56 75 the

261 2589 218 75 hour-circle;
505 2589 135 75 keeping
663 2589 55 75 the
734 2589 94 75 globe
843 2589 34 75 in
893 2589 70 75 that
981 2589 161 75 fituation,
1166 2589 123 75 flacken

261 2640 56 75 the
334 2640 98 75 ferew
448 2640 43 75 G,
517 2640 62 75 and
594 2640 46 75 fet
664 2640 55 75 the
741 2640 55 75 fun
813 2640 134 75 diredtly
971 2640 78 75 over
1064 2640 51 75 his
1134 2640 89 75 place
1247 2640 41 75 on

261 2686 56 75 the
342 2686 174 75 meridian;
542 2686 105 75 which
672 2686 97 75 done,
794 2686 49 75 fet
863 2686 54 75 the
941 2686 124 75 moon’s
1094 2686 76 75 wire
1186 2686 102 75 under

261 2732 57 75 the
334 2732 132 75 number
493 2732 70 75 that
580 2732 156 75 expreffes
761 2732 58 75 her
836 2732 57 75 age
918 2732 52 75 for
986 2732 71 75 that
1073 2732 64 75 day
1161 2732 42 75 on
1230 2732 56 75 the

261 2777 86 75 plate
364 2777 38 75 F;
428 2777 62 75 and
511 2777 50 75 fhe
586 2777 66 75 will
675 2777 77 75 then
776 2777 88 75 ftand
888 2777 76 75 over
990 2777 59 75 her
1071 2777 89 75 place
1184 2777 31 75 in
1232 2777 55 75 the

263 2823 139 75 ecliptic,
428 2823 61 75 and
512 2823 82 75 fhew
621 2823 86 75 what
724 2823 215 75 conflellatian
956 2823 51 75 fne
1024 2823 26 75 is
1066 2823 43 75 in.
1160 2823 124 75 Laftly,

260 2870 97 75 ftflen
382 2870 55 75 the
459 2870 99 75 ferew
579 2870 45 75 G,
648 2870 62 75 and
737 2870 110 75 laying
871 2870 54 75 the
942 2870 128 75 curved,
1077 2870 80 75 edge
1171 2870 42 75 of
1230 2870 57 75 the

261 2915 186 75 pafteboard
475 2915 25 75 S
524 2915 79 75 over
624 2915 55 75 the
703 2915 127 75 ecliptic
847 2915 101 75 below
974 2915 55 75 the
1052 2915 108 75 moon,
1186 2915 100 75 adjuft

260 2965 56 75 the
333 2965 95 75 moon
448 2965 37 75 to
499 2965 59 75 her
573 2965 137 75 latitude
726 2965 78 75 over
819 2965 54 75 the
890 2965 176 75 graduated
1081 2965 81 75 edge
1178 2965 40 75 of
1229 2965 56 75 the

260 3009 206 75 pal’ceboard;
493 3009 61 75 and
566 3009 59 75 the
636 3009 94 75 globe
743 3009 65 75 will
825 3009 39 75 be
881 3009 151 75 redlified.

1365 141 43 75 N
1488 141 40 75 O
1606 141 50 75 M
1751 141 53 75 Y.

1379 215 130 75 Having
1525 215 75 75 thus
1613 215 139 75 redtified
1768 215 56 75 the
1840 215 107 75 globe,
1965 215 73 75 turn
2055 215 25 75 it
2092 215 114 75 round,
2225 215 63 75 and
2303 215 56 75 ob-

1333 261 87 75 ferve
1436 261 41 75 on
1494 261 87 75 what
1607 261 106 75 points
1731 261 39 75 of
1781 261 56 75 the
1864 261 136 75 horizon
2018 261 55 75 the
2095 261 56 75 fun
2177 261 62 75 and
2266 261 96 75 moon

1333 306 81 75 balls
1433 306 59 75 rife
1510 306 62 75 and
1588 306 58 75 fet,
1672 306 51 75 for
1739 306 89 75 thefe
1845 306 94 75 agree
1961 306 78 75 with
2057 306 54 75 the
2128 306 105 75 points
2249 306 40 75 of
2307 306 57 75 the

1334 354 139 75 compafs
1498 354 41 75 on
1567 354 105 75 which
1689 354 55 75 the
1768 354 56 75 fun
1841 354 62 75 and
1919 354 95 75 moon
2032 354 57 75 rife
2106 354 63 75 and
2185 354 45 75 fet
2258 354 31 75 in
2307 354 58 75 the

1334 399 135 75 heavens
1487 399 41 75 on
1538 399 55 75 the
1610 399 93 75 given
1719 399 83 75 day;
1829 399 62 75 and
1907 399 56 75 the
1979 399 198 75 hour-index
2193 399 97 75 fhews
2307 399 57 75 the

1334 446 91 75 times
1440 446 38 75 of
1491 446 84 75 their
1591 446 94 75 rifing
1702 446 61 75 and
1779 446 116 75 fetting
1907 446 10 75 ;
1937 446 63 75 and
2015 446 139 75 likewife
2167 446 55 75 the
2240 446 74 75 time
2328 446 39 75 of

1334 492 55 75 the
1406 492 124 75 moon’s
1548 492 114 75 pafling
1678 492 76 75 over
1770 492 55 75 the
1842 492 166 75 meridian.

1380 539 85 75 This
1482 539 107 75 fimple
1606 539 169 75 apparatus
1798 539 100 75 fhews
1914 539 40 75 all
1973 539 55 75 the
2044 539 146 75 varieties
2207 539 70 75 that
2304 539 59 75 can

1335 584 122 75 happen
1482 584 31 75 in
1531 584 55 75 the
1613 584 92 75 rifing
1733 584 61 75 and
1817 584 115 75 fetting
1954 584 40 75 of
2014 584 56 75 the
2085 584 56 75 fun
2166 584 62 75 and
2244 584 118 75 moon;

1334 631 61 75 and
1411 631 108 75 makes
1536 631 55 75 the
1608 631 269 75 fore-mentioned
1893 631 195 75 phenomena
2101 631 39 75 of
2151 631 55 75 the
2223 631 137 75 harveft-

1334 677 94 75 moon
1446 677 85 75 plain
1553 677 35 75 to
1604 677 56 75 the
1676 677 72 75 eye.
1797 677 32 75 It
1844 677 25 75 is
1889 677 65 75 alfo
1969 677 79 75 very
2064 677 102 75 ufeful
2182 677 32 75 in
2232 677 133 75 reading

1334 725 133 75 ledtures
1485 725 41 75 on
1548 725 56 75 the
1624 725 123 75 globes,
1771 725 132 75 becaufe
1922 725 18 75 a
1956 725 89 75 large
2069 725 155 75 company
2239 725 58 75 can
2313 725 55 75 fee

1334 771 64 75 this
1413 771 56 75 fun
1482 771 61 75 and
1560 771 97 75 moon
1673 771 41 75 go
1733 771 115 75 round,
1874 771 94 75 rifing
1979 771 101 75 above
2096 771 63 75 and
2175 771 116 75 fetting
2307 771 55 75 be-

1332 816 64 75 low
1412 816 55 75 the
1483 816 136 75 horizon
1636 816 34 75 at
1685 816 149 75 different
1850 816 106 75 times,
1981 816 170 75 according
2174 816 35 75 to
2226 816 54 75 the
2297 816 67 75 fea-

1332 863 72 75 fons
1421 863 41 75 of
1472 863 55 75 the
1544 863 96 75 year;
1668 863 61 75 and
1747 863 128 75 making
1897 863 85 75 their
1997 863 142 75 appulfes
2162 863 36 75 to
2213 863 154 75 different

1334 910 89 75 filled
1440 910 89 75 ftars.
1578 910 67 75 But
1661 910 31 75 in
1719 910 56 75 the
1792 910 87 75 ufual
1895 910 84 75 way,
2004 910 108 75 where
2137 910 90 75 there
2243 910 27 75 is
2287 910 77 75 only

1334 956 54 75 the
1405 956 105 75 places
1522 956 40 75 of
1572 956 56 75 the
1644 956 55 75 fun
1716 956 62 75 and
1790 956 94 75 moon
1901 956 30 75 in
1948 956 56 75 the
2020 956 129 75 ecliptic
2165 956 35 75 to
2215 956 80 75 keep
2309 956 55 75 the

1335 1002 58 75 eye
1420 1002 98 75 upon,
1543 1002 79 75 they
1637 1002 53 75 are
1717 1002 94 75 eafily
1834 1002 60 75 loft
1922 1002 82 75 fight
2027 1002 48 75 of,
2099 1002 104 75 unlefs
2229 1002 78 75 they
2323 1002 43 75 be

1336 1050 135 75 covered
1488 1050 79 75 with
1583 1050 142 75 patches.

1381 1096 76 75 The
1473 1096 237 75 Planetary
1730 1096 147 75 Globe,
1897 1096 108 75 (Plate
2017 1096 132 75 XLIX.
2168 1096 55 75 fig.
2241 1096 46 75 1.)
2322 1096 40 75 In

1335 1142 63 75 this
1431 1142 156 75 machine,
1628 1142 18 75 a
1673 1142 170 75 terreftrial
1866 1142 95 75 globe
1994 1142 26 75 is
2048 1142 90 75 fixed
2159 1142 41 75 on
2225 1142 41 75 its
2291 1142 74 75 axis

1335 1188 142 75 Handing
1504 1188 131 75 upright
1651 1188 42 75 on
1710 1188 54 75 the
1781 1188 136 75 pedeftal
1933 1188 29 75 C
1971 1188 37 75 D
2020 1188 43 75 E,
2088 1188 41 75 on
2145 1188 106 75 which
2279 1188 27 75 is
2324 1188 40 75 an

1335 1235 206 75 hour-circle,
1566 1235 117 75 having
1710 1235 41 75 its
1769 1235 97 75 index
1883 1235 88 75 fixed
1998 1235 41 75 on
2069 1235 55 75 the
2148 1235 83 75 axis,
2257 1235 106 75 which

1335 1281 90 75 turns
1441 1281 172 75 fomewhat
1630 1281 118 75 tightly
1764 1281 33 75 in
1813 1281 56 75 the
1885 1281 150 75 pedeftal,
2059 1281 33 75 fo
2109 1281 71 75 that
2197 1281 55 75 the
2268 1281 96 75 globe

1336 1326 71 75 may
1419 1326 56 75 not
1492 1326 40 75 be
1557 1326 94 75 liable
1669 1326 33 75 to
1719 1326 114 75 fhake;
1859 1326 37 75 to
1912 1326 131 75 prevent
2060 1326 117 75 which,
2196 1326 55 75 the
2268 1326 95 75 pede-

1336 1373 54 75 ftal
1408 1373 26 75 is
1457 1373 97 75 about
1578 1373 66 75 two
1666 1373 108 75 inches
1797 1373 103 75 thick,
1924 1373 62 75 and
2001 1373 56 75 the
2080 1373 69 75 axis
2167 1373 76 75 gois
2272 1373 90 75 quite

1336 1421 140 75 through
1499 1421 39 75 it,
1563 1421 130 75 bearing
1709 1421 42 75 on
1769 1421 17 75 a
1802 1421 159 75 fhoulder.
2000 1421 85 75 The
2112 1421 95 75 globe
2234 1421 26 75 is
2278 1421 87 75 hung

1335 1467 32 75 in
1384 1467 18 75 a
1418 1467 176 75 graduated
1609 1467 121 75 brazen
1745 1467 167 75 meridian,
1937 1467 93 75 much
2047 1467 32 75 in
2096 1467 55 75 the
2167 1467 87 75 ufual
2270 1467 92 75 way;

1337 1513 62 75 and
1416 1513 55 75 the
1484 1513 69 75 thin
1573 1513 86 75 plate
1676 1513 49 75 N,
1744 1513 81 75 NE,
1844 1513 29 75 E
1890 1513 27 75 is
1935 1513 19 75 a
1970 1513 163 75 moveable
2144 1513 135 75 horizon
2292 1513 74 75 gra-

1337 1561 118 75 duated
1483 1561 104 75 round
1602 1561 55 75 the
1680 1561 94 75 outer
1791 1561 93 75 edge,
1909 1561 51 75 for
1976 1561 137 75 fhewing
2135 1561 56 75 the
2218 1561 148 75 bearings

1337 1607 61 75 and
1426 1607 190 75 amplitudes
1644 1607 40 75 of
1706 1607 55 75 the
1789 1607 68 75 fun,
1882 1607 107 75 moon,
2015 1607 62 75 and
2103 1607 136 75 planets.
2288 1607 78 75 The

1336 1654 110 75 brafen
1462 1654 154 75 meridian
1633 1654 25 75 is
1676 1654 141 75 grooved
1833 1654 102 75 round
1947 1654 55 75 the
2020 1654 92 75 outer
2127 1654 98 75 edge;
2253 1654 62 75 and
2331 1654 32 75 in

1337 1700 64 75 this
1419 1700 119 75 groove
1555 1700 27 75 is
1598 1700 19 75 a
1637 1700 122 75 flender
1775 1700 188 75 femi-circle
1979 1700 39 75 of
2040 1700 98 75 brafs,
2162 1700 56 75 the
2234 1700 78 75 ends
2328 1700 42 75 of

1336 1747 105 75 which
1459 1747 53 75 are
1528 1747 87 75 fixed
1631 1747 35 75 to
1683 1747 55 75 the
1755 1747 55 75 the
1826 1747 136 75 horizon
1978 1747 32 75 in
2026 1747 42 75 its
2085 1747 95 75 north
2193 1747 62 75 and
2269 1747 96 75 fouth

1336 1793 105 75 points
1454 1793 8 75 :
1490 1793 64 75 this
1571 1793 189 75 femi-circle
1775 1793 92 75 Aides
1883 1793 33 75 in
1944 1793 55 75 the
2015 1793 118 75 groove
2148 1793 34 75 as
2199 1793 55 75 the
2276 1793 89 75 hori-

1337 1839 61 75 zon
1415 1839 27 75 is
1459 1839 116 75 moved
1588 1839 32 75 in
1639 1839 166 75 rectifying
1821 1839 26 75 it
1862 1839 53 75 for
1930 1839 150 75 different
2096 1839 163 75 latitudes.
2307 1839 58 75 To

1336 1885 57 75 the
1405 1885 120 75 middle
1537 1885 40 75 of
1588 1885 64 75 this
1668 1885 188 75 femi-circle
1871 1885 28 75 is
1911 1885 89 75 fixed
2016 1885 18 75 a
2045 1885 66 75 pin,
2129 1885 105 75 which
2247 1885 118 75 always

1336 1932 97 75 keeps
1450 1932 32 75 in
1509 1932 55 75 the
1581 1932 109 75 zenith
1714 1932 40 75 of
1765 1932 54 75 the
1836 1932 149 75 horizon,
2010 1932 63 75 and
2089 1932 42 75 on
2147 1932 64 75 this
2235 1932 53 75 pin
2306 1932 56 75 the

1337 1978 158 75 quadrant
1511 1978 40 75 of
1562 1978 134 75 altitude
1709 1978 19 75 q
1744 1978 90 75 turns
1846 1978 10 75 ;
1882 1978 55 75 the
1953 1978 100 75 lower
2069 1978 61 75 end
2145 1978 42 75 of
2196 1978 118 75 which,
2331 1978 35 75 in

1337 2025 42 75 all
1397 2025 160 75 pofitions,
1582 2025 132 75 touches
1742 2025 55 75 the
1820 2025 135 75 horizon
1972 2025 34 75 as
2022 2025 26 75 it
2065 2025 26 75 is
2119 2025 116 75 moved
2261 2025 105 75 round

1337 2071 56 75 the
1421 2071 94 75 fame.
1564 2071 85 75 This
1678 2071 160 75 quadrant
1853 2071 26 75 is
1907 2071 130 75 divided
2063 2071 70 75 into
2161 2071 45 75 90
2232 2071 136 75 degrees

1338 2118 84 75 from
1430 2118 56 75 the
1503 2118 135 75 horizon
1651 2118 34 75 to
1698 2118 54 75 the
1765 2118 142 75 zenithal
1919 2118 53 75 pin
1989 2118 41 75 on
2041 2118 103 75 which
2156 2118 26 75 it
2198 2118 25 75 is
2237 2118 128 75 turned,

1337 2164 33 75 at
1388 2164 57 75 90.
1492 2164 77 75 The
1585 2164 89 75 great
1693 2164 55 75 flat
1766 2164 96 75 circle
1878 2164 37 75 or
1931 2164 86 75 plate
2030 2164 63 75 AB
2110 2164 26 75 is
2153 2164 221 75 the„ecliptic,.

1338 2211 41 75 on
1402 2211 54 75 the
1474 2211 91 75 outer
1581 2211 81 75 edge
1677 2211 40 75 of
1726 2211 106 75 which
1845 2211 54 75 the
1911 2211 80 75 figns
2013 2211 62 75 and
2086 2211 132 75 degrees
2231 2211 52 75 are
2300 2211 65 75 laid

1339 2257 114 75 down;
1481 2257 60 75 and
1569 2257 96 75 every
1687 2257 74 75 fifth
1777 2257 115 75 degree
1908 2257 27 75 is
1952 2257 109 75 drawn
2077 2257 140 75 through
2234 2257 54 75 the
2305 2257 66 75 reft

1339 2303 39 75 of
1389 2303 55 75 the
1459 2303 123 75 furface
1598 2303 38 75 of
1660 2303 63 75 this
1740 2303 84 75 plate
1841 2303 139 75 towards
1996 2303 41 75 its
2061 2303 119 75 center.
2230 2303 54 75 On
2301 2303 63 75 this

1338 2351 86 75 plate
1441 2351 51 75 are
1519 2351 92 75 feven
1640 2351 148 75 grooves,
1813 2351 36 75 to
1865 2351 106 75 which
1987 2351 91 75 feven
2094 2351 84 75 little
2202 2351 81 75 balls
2310 2351 54 75 are

1339 2398 142 75 adyufted
1508 2398 43 75 by
1567 2398 112 75 Aiding
1695 2398 105 75 wires,
1825 2398 34 75 fo
1876 2398 70 75 that
1968 2398 78 75 they
2069 2398 54 75 are
2138 2398 95 75 eafily
2249 2398 115 75 moved

1338 2444 33 75 in
1398 2444 55 75 the
1470 2444 148 75 grooves,
1642 2444 137 75 without
1795 2444 119 75 danger
1930 2444 40 75 of
1992 2444 131 75 ftarting
2139 2444 100 75 them.
2287 2444 77 75 The

1339 2490 63 75 ball
1424 2490 80 75 next
1531 2490 56 75 the
1615 2490 169 75 terreftrial
1811 2490 94 75 globe
1928 2490 28 75 is
1979 2490 56 75 the
2062 2490 107 75 moon,
2203 2490 56 75 the
2285 2490 79 75 next

1338 2535 135 75 without
1500 2535 27 75 it
1550 2535 27 75 is
1596 2535 170 75 Mercury,
1790 2535 57 75 the
1877 2535 82 75 next
1981 2535 125 75 Venus,
2130 2535 56 75 the
2202 2535 80 75 next
2309 2535 56 75 the

1334 2583 69 75 fun,
1428 2583 77 75 then
1521 2583 107 75 Mars,
1653 2583 77 75 then
1753 2583 138 75 Jupiter,
1916 2583 63 75 and
1983 2583 103 75 daftly
2110 2583 132 75 Saturn.
2275 2583 86 75 This

1337 2628 98 75 plate,
1453 2628 37 75 or
1506 2628 140 75 ecliptic,
1673 2628 27 75 is
1717 2628 171 75 fupported
1904 2628 42 75 by
1962 2628 73 75 four
2051 2628 106 75 ftrong
2172 2628 106 75 wires,
2306 2628 57 75 ha-

1336 2674 74 75 ving
1427 2674 83 75 their
1525 2674 100 75 lower
1641 2674 78 75 ends
1746 2674 88 75 fixed
1858 2674 67 75 into
1950 2674 55 75 the
2021 2674 151 75 pedeftal,
2197 2674 32 75 at
2246 2674 28 75 C
2313 2674 50 75 Z>,

1337 2722 43 75 E,
1405 2722 55 75 the
1477 2722 110 75 fourth
1605 2722 94 75 being
1726 2722 59 75 hid
1800 2722 43 75 by
1865 2722 55 75 the
1936 2722 108 75 globe.
2091 2722 78 75 The
2192 2722 126 75 ecliptic
2335 2722 27 75 is

1337 2768 138 75 inclined
1504 2768 69 75 23-r
1598 2768 130 75 degrees
1756 2768 36 75 to
1808 2768 55 75 the
1887 2768 149 75 pedeftal,
2062 2768 63 75 and
2159 2768 27 75 is
2204 2768 159 75 therefore

1337 2814 149 75 properly
1501 2814 137 75 inclined
1665 2814 35 75 to
1721 2814 55 75 the
1793 2814 70 75 axis
1879 2814 42 75 of
1932 2814 54 75 the
2014 2814 94 75 globe
2132 2814 104 75 which
2257 2814 105 75 Hands

1337 2860 129 75 upright
1482 2860 41 75 on
1540 2860 54 75 the
1612 2860 149 75 pedeftal.

1386 2907 45 75 To
1448 2907 19 75 r
1469 2907 91 75 edify
1578 2907 64 75 this
1659 2907 70 75 mat
1731 2907 85 75 bine.
1854 2907 58 75 Set
1929 2907 56 75 the
2000 2907 69 75 fun,
2087 2907 61 75 and
2165 2907 41 75 all
2224 2907 54 75 the
2294 2907 67 75 pla-

1336 2951 113 75 netary
1456 2951 93 75 balls,
1559 2951 34 75 to
1601 2951 82 75 their
1695 2951 180 75 geocentric
1881 2951 104 75 places
1993 2951 31 75 in
2037 2951 190 75 the-ecliptic
2242 2951 120 75 forany

1336 3002 92 75 given
1444 3002 88 75 time,
1550 3002 43 75 by
1610 3002 39 75 an
1665 3002 197 75 ephemeris;
1890 3002 75 75 then
1980 3002 48 75 fet
2043 3002 55 75 the
2113 3002 97 75 north
2226 3002 88 75 point
2326 3002 42 75 of

2305 3039 67 75 the..
