2381 3327
438 125 40 75 A
535 125 18 75 I
609 125 34 75 Z

1016 125 96 75 (7

113 195 56 75 the
194 195 111 75 mduth
334 195 40 75 of
396 195 17 75 a
438 195 86 75 river
551 195 40 75 of
614 195 54 75 the
684 195 84 75 fame
785 195 102 75 name,
914 195 106 75 which
1037 195 63 75 dif-

114 239 132 75 charges
274 239 91 75 itfelf
385 239 69 75 into
482 239 55 75 the
565 239 78 75 frith
673 239 40 75 of
733 239 120 75 Clyde.
902 239 80 75 Aire
1000 239 26 75 is
1043 239 57 75 the

113 287 90 75 chief
214 287 86 75 town
317 287 41 75 of
371 287 55 75 the
444 287 132 75 county,
601 287 64 75 and
687 287 79 75 very
790 287 137 75 ancient.
984 287 114 75 About

113 334 19 75 a
147 334 75 75 mile
250 334 95 75 north
374 334 85 75 from
483 334 56 75 the
564 334 100 75 town,
689 334 91 75 there
800 334 27 75 is
846 334 18 75 a
881 334 216 75 lazar-houfe,

113 377 182 75 commonly
318 377 104 75 called
438 377 54 75 tke
509 377 100 75 King'
609 377 18 75 s
644 377 122 75 chapel,
791 377 106 75 which
913 377 90 75 King
1025 377 71 75 Ro-

111 425 71 75 bert
201 425 41 75 de
259 425 107 75 Bruce
381 425 47 75 fet
446 425 90 75 apart
552 425 52 75 for
620 425 56 75 the
692 425 217 75 maintenance
926 425 40 75 of
978 425 119 75 lepers.

63 472 116 75 Aire,
204 472 27 75 is
258 472 64 75 alfo
347 472 55 75 the
425 472 92 75 name
543 472 40 75 of
602 472 69 75 two
694 472 102 75 towns
822 472 40 75 of
881 472 135 75 France,
1041 472 56 75 the

111 518 61 75 one
188 518 135 75 fituated
339 518 32 75 in
387 518 55 75 the
459 518 149 75 province
624 518 41 75 of
683 518 164 75 Gafcony,
877 518 97 75 about
996 518 100 75 fixty-

111 564 62 75 five
189 564 90 75 miles
301 564 37 75 S.
355 564 40 75 of
406 564 218 75 Bourdeaux;
649 564 64 75 and
728 564 55 75 the
800 564 94 75 other
916 564 33 75 in
965 564 127 75 Artois,

114 609 101 75 about
230 609 181 75 thirty-five
428 609 89 75 miles
536 609 38 75 Si
591 609 45 75 E.
662 609 39 75 of
721 609 122 75 Calais.

62 655 278 75 AIRESHIRE,
371 655 20 75 a
417 655 121 75 county
564 655 41 75 of
628 655 167 75 Scotland,
829 655 55 75 the
912 655 116 75 capital
1056 655 41 75 of

111 701 105 75 which
244 701 26 75 is
295 701 55 75 the
378 701 88 75 town
483 701 40 75 of
539 701 94 75 Aire.
682 701 33 75 It
730 701 59 75 lies
805 701 153 75 eaftward
980 701 41 75 of
1038 701 56 75 the

111 748 80 75 frith
211 748 41 75 of
263 748 120 75 Clyde.

62 794 192 75 AIRING,
279 794 19 75 a
313 794 82 75 term
412 794 175 75 peculiarly
602 794 77 75 ufed
690 794 52 75 for
753 794 57 75 the
826 794 174 75 exertifing
1016 794 76 75 hor-

109 841 46 75 fes
172 841 33 75 in
222 841 54 75 the
293 841 81 75 open
392 841 59 75 air.

61 888 170 75 AIRON<
255 888 20 75 a
291 888 83 75 river
390 888 41 75 of
445 888 122 75 France
584 888 33 75 in
634 888 55 75 the
705 888 188 75 Nivernois.

65 934 203 75 AIRONO,
295 934 19 75 a
330 934 87 75 town
434 934 42 75 of
486 934 99 75 Italy,
610 934 32 75 in
659 934 57 75 the
732 934 123 75 dutchy
871 934 42 75 of
926 934 119 75 Milan.

64 980 169 75 AIROU,
252 980 19 75 a
283 980 83 75 river
376 980 41 75 of
428 980 123 75 France
564 980 31 75 in
607 980 55 75 the
674 980 151 75 province
836 980 41 75 of
887 980 204 75 Normandy.

63 1029 130 75 AIRY,
219 1029 37 75 or
273 1029 125 75 Aery,
424 1029 115 75 among
555 1029 185 75 fportfmen,
766 1029 19 75 a
807 1029 83 75 term
917 1029 176 75 exprefling

112 1072 55 75 the
183 1072 66 75 nefl
265 1072 40 75 of
316 1072 18 75 a
351 1072 94 75 hawk
462 1072 37 75 or
516 1072 103 75 eagle.

61 1119 105 75 Airy
192 1119 172 75 triplicity,
390 1119 114 75 among
532 1119 201 75 afhologers,
758 1119 132 75 denotes
919 1119 55 75 the
1002 1119 90 75 three

106 1164 95 75 figns,
226 1164 129 75 gemini,
380 1164 94 75 libra,
501 1164 64 75 and
580 1164 163 75 aquarius.

59 1210 123 75 AISE,
208 1210 33 75 in
258 1210 196 75 geography.
505 1210 62 75 See
584 1210 144 75 AisuE.

58 1257 325 75 AISIAMENTA,
401 1257 33 75 in
449 1257 75 75 law,
542 1257 56 75 the
610 1257 85 75 fame
713 1257 81 75 with
807 1257 170 75 eafement.
1029 1257 62 75 See

107 1302 228 75 Easement.

60 1348 159 75 AISNE,
244 1348 38 75 or
298 1348 114 75 Aise,
439 1348 18 75 a
469 1348 84 75 river
569 1348 41 75 of
622 1348 123 75 France
762 1348 104 75 which
884 1348 74 75 rifes
976 1348 42 75 on
1034 1348 56 75 the

108 1395 150 75 frontiers
287 1395 40 75 of
341 1395 152 75 Lorrain,
518 1395 74 75 near
612 1395 192 75 -Clermont,
830 1395 63 75 and
919 1395 75 75 falls
1021 1395 69 75 into

107 1441 56 75 the
180 1441 102 75 Oyfe,
309 1441 18 75 a
343 1441 85 75 little
448 1441 105 75 below
570 1441 142 75 SoifcnS.

59 1487 231 75 AITOCZU,
315 1487 19 75 a
349 1487 212 75 confiderable
577 1487 84 75 river
676 1487 40 75 of
728 1487 111 75 Leffer
853 1487 90 75 Afia,
968 1487 144 75 which,,

107 1534 112 75 arifing
235 1534 31 75 in
284 1534 55 75 the
367 1534 164 75 mountain
545 1534 145 75 Taurus,
715 1534 74 75 falls
816 1534 70 75 into
913 1534 57 75 the
994 1534 95 75 fouth

107 1580 71 75 part
195 1580 40 75 of
246 1580 55 75 the
318 1580 135 75 Euxine
464 1580 63 75 fea.

58 1626 174 75 AJUGA,
258 1626 32 75 in
306 1626 134 75 botany,
466 1626 19 75 a
500 1626 98 75 genus
621 1626 41 75 of
676 1626 56 75 the
756 1626 182 75 dklyriamia
953 1626 135 75 gymno-

104 1670 135 75 fpermia
254 1670 92 75 clafs.
392 1670 114 75 There
533 1670 54 75 are
614 1670 78 75 foun
713 1670 117 75 fpecies
846 1670 41 75 of
908 1670 55 75 the
981 1670 106 75 ajuga,

106 1716 40 75 of
170 1716 104 75 wnich
299 1716 55 75 the
381 1716 128 75 reptans
535 1716 39 75 or
600 1716 106 75 bugle,
732 1716 62 75 and
810 1716 55 75 the
881 1716 203 75 pyramidaiis

106 1761 37 75 or
158 1761 164 75 mountain
339 1761 109 75 bugle,
474 1761 53 75 are
544 1761 121 75 natives
683 1761 40 75 of
734 1761 137 75 Britain.

61 1808 324 75 AJURU-ca/inga,
411 1808 32 75 in
463 1808 218 75 ornithology,
706 1808 56 75 the
779 1808 113 75 Indian
908 1808 92 75 name
1016 1808 41 75 of
1067 1808 19 75 a

105 1853 116 75 fpecies
238 1853 41 75 of
288 1853 55 75 the
363 1853 147 75 pfittacus
526 1853 39 75 or
580 1853 122 75 parrot.
752 1853 62 75 See
830 1853 242 75 PsittacuS.

57 1900 267 75 AjvRU-curat/,
348 1900 33 75 in
401 1900 219 75 ornithology,
645 1900 55 75 the
715 1900 115 75 Indian
849 1900 91 75 name
965 1900 40 75 of
1019 1900 66 75 two

104 1946 116 75 fpecies
237 1946 41 75 of
290 1946 151 75 Brafilian
453 1946 138 75 parrots,
608 1946 191 75 beautifully
810 1946 184 75 variegated
1005 1946 79 75 with

104 1993 84 75 blue,
214 1993 108 75 green,
348 1993 69 75 red,
443 1993 129 75 yellow,
598 1993 62 75 and
676 1993 107 75 black.

55 2039 246 75 AjURU-para,
327 2039 135 75 another
473 2039 110 75 parrot
599 2039 189 75 refembling
803 2039 56 75 the
875 2039 208 75 ajuru-catin-

104 2085 52 75 ga,
180 2085 58 75 but
256 2085 137 75 fmaller.

55 2132 244 75 AJUTAGE,
324 2132 39 75 or
385 2132 228 75 Adjutage,
639 2132 18 75 a
681 2132 78 75 kind
782 2132 40 75 of
841 2132 76 75 tube
939 2132 93 75 fitted
1048 2132 35 75 to

104 2178 55 75 the
175 2178 113 75 mouth
310 2178 40 75 of
361 2178 56 75 the
436 2178 95 75 velfel
548 2178 139 75 through
704 2178 105 75 which
825 2178 56 75 the
898 2178 100 75 water
1014 2178 41 75 of
1066 2178 18 75 a

103 2223 145 75 fountain
263 2223 27 75 is
307 2223 35 75 to
365 2223 39 75 be
427 2223 127 75 played.
609 2223 57 75 To
682 2223 54 75 the
753 2223 151 75 different
920 2223 85 75 form
1022 2223 63 75 and

100 2270 152 75 ftrudture
279 2270 40 75 of
341 2270 156 75 ajutages,
522 2270 26 75 is
572 2270 106 75 owing
707 2270 55 75 the
786 2270 91 75 great
896 2270 125 75 variety
1047 2270 41 75 of

101 2316 175 75 fountains.
325 2316 61 75 See
403 2316 222 75 Fountain.

54 2363 97 75 AIX,
176 2363 32 75 in
221 2363 195 75 geography,
441 2363 55 75 the
513 2363 90 75 name
621 2363 39 75 of
671 2363 118 75 feveral
806 2363 117 75 places,
949 2363 70 75 viz.
1044 2363 42 75 of

104 2408 16 75 a
138 2408 87 75 large
242 2408 66 75 city
323 2408 40 75 of
375 2408 134 75 France,
534 2408 55 75 the
613 2408 115 75 capital
744 2408 40 75 of
794 2408 183 75 Provence;
1002 2408 41 75 of
1062 2408 19 75 a

104 2454 89 75 fmall
214 2454 86 75 town
316 2454 41 75 of
369 2454 119 75 Savoy,
513 2454 96 75 about
626 2454 89 75 eight
731 2454 90 75 miles
836 2454 48 75 N.
902 2454 40 75 of
958 2454 121 75 Cham-

102 2500 96 75 berry
209 2500 23 75 ;
245 2500 41 75 of
298 2500 38 75 an
353 2500 97 75 ifland
469 2500 41 75 on
527 2500 55 75 the
599 2500 83 75 coafi
696 2500 42 75 of
755 2500 164 75 Gafcony,
937 2500 142 75 between

100 2546 69 75 that
182 2546 39 75 of
232 2546 123 75 Oleron
379 2546 62 75 and
457 2546 56 75 the
525 2546 196 75 main-land;
748 2546 61 75 and
826 2546 39 75 of
878 2546 17 75 a
913 2546 117 75 village
1042 2546 41 75 of

101 2592 219 75 Champagne,
345 2592 133 75 fituated
494 2592 32 75 in
542 2592 55 75 the
613 2592 176 75 generality
800 2592 39 75 of
850 2592 156 75 Chalons.

52 2638 459 75 A1X-LA-CHAPELLE,
536 2638 168 75 otherwife
731 2638 103 75 called
859 2638 105 75 Kach,
990 2638 84 75 Ach,

99 2684 62 75 and
178 2684 35 75 A
215 2684 66 75 ken,
300 2684 38 75 an
355 2684 143 75 imperial
519 2684 65 75 city
596 2684 39 75 of
642 2684 179 75 Germany,
838 2684 32 75 in
883 2684 56 75 the
954 2684 123 75 dutchy

98 2730 41 75 of
148 2730 132 75 Juliers.
328 2730 32 75 It
376 2730 26 75 is
420 2730 87 75 large
523 2730 62 75 and
601 2730 154 75 populous
768 2730 10 75 ;
804 2730 95 75 being
914 2730 95 75 much
1024 2730 51 75 re-

96 2779 107 75 forffed
227 2779 35 75 to
286 2779 43 75 by
350 2779 188 75 foreigners,
564 2779 33 75 as
622 2779 72 75 well
719 2779 33 75 as
770 2779 42 75 by
828 2779 56 75 the
900 2779 174 75 Germans,

98 2822 40 75 on
157 2822 135 75 account
309 2822 40 75 of
358 2822 42 75 its
415 2822 59 75 hot
490 2822 106 75 baths.

52 2869 207 75 AIZOON,.
275 2869 33 75 in
324 2869 132 75 botany,
480 2869 20 75 a
515 2869 98 75 genus
631 2869 40 75 of
680 2869 56 75 the
752 2869 178 75 icofandria
943 2869 131 75 pentan-

99 2914 70 75 dria
182 2914 92 75 clafs.
333 2914 76 75 The
437 2914 60 75 cup
522 2914 26 75 is
575 2914 130 75 divided
721 2914 68 75 into
805 2914 61 75 five
884 2914 84 75 parts
981 2914 10 75 ;
1018 2914 56 75 the

99 2960 123 75 flowers
239 2960 123 75 confifts
381 2960 40 75 of
434 2960 61 75 one
511 2960 68 75 leaf
592 2960 11 75 ;
629 2960 54 75 the
701 2960 121 75 Capfule
839 2960 36 75 or
891 2960 183 75 feed-veflei

145 3011 147 75 Vol.T.
316 3011 73 75 No.
406 3011 34 75 4.

1006 3011 18 75 3

1124 133 19 75 3
1205 133 20 75 )

1573 133 234 75 ALA

1192 187 57 75 has
1267 187 61 75 five
1343 187 78 75 cells
1433 187 11 75 ;
1472 187 61 75 and
1551 187 55 75 the
1622 187 188 75 flower-cup
1839 187 75 75 reds
1938 187 42 75 on
1996 187 56 75 the
2068 187 57 75 top
2141 187 40 75 of

1193 232 54 75 the
1263 232 93 75 fruit.
1387 232 114 75 There
1516 232 54 75 are
1590 232 91 75 three
1701 232 118 75 fpecies
1836 232 40 75 of
1887 232 55 75 the
1959 232 127 75 aizoon,
2104 232 70 75 viz.

1168 278 7 75 -
1193 278 55 75 the
1274 278 189 75 canarienfe,
1489 278 56 75 the
1560 278 208 75 hifpanicum,
1795 278 63 75 and
1873 278 55 75 the
1947 278 227 75 paniculatum,

1191 323 106 75 which
1312 323 57 75 laft
1384 323 26 75 is
1429 323 18 75 a
1463 323 106 75 native
1585 323 41 75 of
1638 323 127 75 Africa.
1798 323 85 75 This
1899 323 89 75 plant
2005 323 170 75 refembles

1191 371 55 75 the
1261 371 109 75 fedum
1392 371 39 75 or
1450 371 198 75 houfe-leek.

1142 418 219 75 AKISSAR,
1395 418 38 75 or
1452 418 238 75 Ak-hissar,
1723 418 19 75 a
1765 418 89 75 town
1882 418 40 75 of
1945 418 111 75 Leffer
2083 418 89 75 Afia,

1189 463 135 75 fituated
1339 463 83 75 upon
1439 463 56 75 the
1512 463 84 75 river
1612 463 154 75 Hermus.

1141 510 187 75 AKOND,
1353 510 33 75 in
1405 510 55 75 the
1476 510 127 75 Perfian
1627 510 119 75 affairs,
1772 510 56 75 the
1845 510 92 75 chief
1943 510 103 75 judge
2071 510 32 75 in
2129 510 43 75 all

1188 556 83 75 cafes
1289 556 40 75 of
1340 556 157 75 contracts
1515 556 63 75 and
1594 556 94 75 other
1703 556 74 75 civil
1794 556 122 75 affairs.
1951 556 54 75 He
2022 556 27 75 is
2066 556 36 75 at
2117 556 57 75 the

1186 603 84 75 head
1285 603 40 75 of
1336 603 55 75 the
1408 603 148 75 lawyers,
1582 603 63 75 and
1660 603 57 75 has
1736 603 48 75 his
1799 603 145 75 deputies
1960 603 32 75 in
2005 603 43 75 all
2064 603 109 75 courts

1188 650 39 75 of
1238 650 55 75 the
1309 650 167 75 kingdom.

1139 695 271 75 AKROCZIM,
1436 695 19 75 a
1471 695 87 75 town
1576 695 40 75 of
1636 695 137 75 Poland,
1798 695 80 75 with
1895 695 20 75 a
1932 695 93 75 oaftle
2042 695 40 75 of
2094 695 77 75 con-

1186 742 153 75 fiderable
1363 742 153 75 ftrength,
1542 742 135 75 fituated
1698 742 32 75 in
1754 742 55 75 the
1834 742 179 75 Palatinate
2030 742 40 75 of
2080 742 91 75 Maf-

1183 788 98 75 fovia.

1138 835 249 75 AKSTADT,
1420 835 33 75 in
1477 835 197 75 geograghy.
1735 835 64 75 See
1826 835 55 75 the
1905 835 112 75 article
2045 835 122 75 Aich-

1191 881 113 75 STAT.

1138 929 79 75 AL,
1243 929 39 75 an
1298 929 123 75 Arabic
1436 929 132 75 particle
1585 929 145 75 prefixed
1752 929 35 75 to
1811 929 118 75 words,
1953 929 64 75 and
2039 929 130 75 fignify-

1186 974 55 75 ing
1267 974 96 75 much
1393 974 54 75 the
1473 974 85 75 fame
1586 974 79 75 with
1694 974 55 75 the
1776 974 133 75 Englifli
1934 974 132 75 particle
2091 974 76 75 the:

1185 1021 94 75 Thus
1294 1021 78 75 they
1387 1021 67 75 fay,
1480 1021 169 75 alkermes,
1675 1021 145 75 alkoran,
1840 1021 64 75 Ac.
1974 1021 30 75 e.
2030 1021 55 75 the
2096 1021 74 75 ker-

1185 1067 80 75 mes,
1289 1067 56 75 the
1361 1067 112 75 koran,
1499 1067 65 75 <bc.

1137 1113 71 75 An,
1234 1113 38 75 or
1287 1113 100 75 Ann,
1412 1113 19 75 a
1456 1113 111 75 Saxon
1594 1113 82 75 term
1701 1113 185 75 frequently
1902 1113 144 75 prefixed
2061 1113 34 75 to
2113 1113 55 75 the

1184 1160 107 75 names
1318 1160 40 75 of
1381 1160 118 75 places,
1523 1160 153 75 denoting
1703 1160 85 75 their
1816 1160 173 75 antiquity,
2016 1160 33 75 as
2079 1160 87 75 Aid-

1184 1205 158 75 borough,
1368 1205 156 75 Aldgate,
1551 1205 64 75 <bc.

1137 1253 113 75 ALA,
1275 1253 19 75 a
1313 1253 98 75 Latin
1428 1253 82 75 term
1526 1253 150 75 properly
1691 1253 167 75 fignifying
1874 1253 19 75 a
1909 1253 103 75 wing;
2038 1253 85 75 from
2149 1253 18 75 a

1184 1298 212 75 refemblance
1413 1298 35 75 to
1464 1298 106 75 which
1586 1298 119 75 feveral
1721 1298 94 75 other
1827 1298 105 75 things
1945 1298 53 75 are
2011 1298 103 75 called
2124 1298 44 75 by

1186 1345 55 75 the
1258 1345 82 75 fame
1356 1345 91 75 name
1463 1345 8 75 :
1497 1345 110 75 Thus,

1137 1392 98 75 Ala,
1253 1392 31 75 in
1301 1392 131 75 botany,
1449 1392 27 75 is
1493 1392 76 75 ufed
1584 1392 32 75 in
1634 1392 151 75 different
1798 1392 123 75 fenfes;
1940 1392 179 75 fometimes
2140 1392 27 75 it

1185 1436 131 75 denotes
1333 1436 55 75 the
1404 1436 122 75 hollow
1550 1436 143 75 between
1714 1436 55 75 the
1794 1436 80 75 ftalk
1889 1436 41 75 of
1948 1436 19 75 a
1991 1436 88 75 plant
2104 1436 63 75 and

1186 1483 55 75 the
1256 1483 104 75 leaves
1378 1483 10 75 ;
1413 1483 179 75 fometimes
1615 1483 26 75 it
1664 1483 27 75 is
1719 1483 126 75 applied
1862 1483 34 75 to
1913 1483 56 75 the
1998 1483 65 75 two
2086 1483 79 75 fide-

1185 1530 101 75 petals
1310 1530 41 75 of
1368 1530 55 75 the
1440 1530 252 75 papilionaceous
1709 1530 125 75 flowers
1846 1530 10 75 ;
1882 1530 111 75 others
2010 1530 54 75 ufe
2075 1530 27 75 it
2115 1530 52 75 for

1187 1576 54 75 the
1263 1576 122 75 flender
1410 1576 278 75 membranaceous
1713 1576 186 75 expanfions
1924 1576 103 75 found
2049 1576 32 75 in
2110 1576 56 75 the

1185 1622 90 75 Items
1292 1622 41 75 of
1343 1622 115 75 plants,
1483 1622 114 75 thence
1617 1622 225 75 denominated
1856 1622 236 75 alatedJlalks.

1138 1668 97 75 Ala.,
1252 1668 33 75 in
1301 1668 130 75 botany,
1449 1668 40 75 an
1501 1668 141 75 obfolete
1659 1668 91 75 name
1766 1668 41 75 of
1818 1668 55 75 the
1888 1668 172 75 helenium.
2102 1668 64 75 See

1184 1714 226 75 Helenium.

1136 1762 124 75 ALM,
1286 1762 32 75 in
1341 1762 161 75 anatomy,
1527 1762 20 75 a
1573 1762 82 75 term
1672 1762 127 75 applied
1820 1762 36 75 to
1873 1762 55 75 the
1944 1762 89 75 lobes
2050 1762 41 75 of
2108 1762 55 75 the

1184 1807 90 75 liver,
1300 1807 56 75 the
1372 1807 167 75 cartilages
1557 1807 40 75 of
1608 1807 55 75 the
1680 1807 120 75 noftril,
1827 1807 64 75 &c.

1135 1854 108 75 Alje,
1269 1854 33 75 in
1327 1854 55 75 the
1408 1854 126 75 Roman
1554 1854 50 75 art
1630 1854 41 75 of
1690 1854 79 75 war,
1794 1854 85 75 were
1904 1854 56 75 the
1975 1854 66 75 two
2061 1854 101 75 wings

1182 1900 36 75 or
1233 1900 144 75 extreme
1393 1900 86 75 parts
1497 1900 40 75 of
1555 1900 55 75 the
1626 1900 91 75 army
1739 1900 111 75 drawn
1878 1900 46 75 up
1943 1900 33 75 in
2003 1900 97 75 order
2126 1900 42 75 of

1183 1947 113 75 battle.

1134 1993 179 75 ALABA,
1329 1993 33 75 in
1375 1993 194 75 geography,
1587 1993 56 75 the
1655 1993 90 75 name
1757 1993 41 75 of
1810 1993 18 75 a
1844 1993 154 75 kingdom
2015 1993 41 75 of
2068 1993 92 75 Afri-

1181 2039 49 75 ca,
1255 2039 181 75 dependent
1459 2039 42 75 on
1529 2039 56 75 the
1608 2039 119 75 empire
1749 2039 41 75 of
1809 2039 173 75 Abyffinia,
2008 2039 38 75 or
2062 2039 97 75 Ethi-

1181 2085 83 75 opia,
1290 2085 56 75 the
1362 2085 114 75 capital
1494 2085 40 75 of
1544 2085 104 75 which
1666 2085 26 75 is
1705 2085 103 75 called
1824 2085 43 75 by
1887 2085 55 75 the
1954 2085 84 75 fame
2053 2085 105 75 name.

1134 2133 306 75 ALABASTER,
1458 2133 32 75 in
1507 2133 123 75 natural
1645 2133 132 75 hiftory,
1796 2133 19 75 a
1830 2133 99 75 genus
1945 2133 40 75 of
1997 2133 94 75 foflils
2108 2133 50 75 re-

1179 2178 152 75 fembling
1355 2178 132 75 marble,
1521 2178 105 75 which
1653 2178 53 75 are
1734 2178 120 75 bright,
1879 2178 121 75 brittle,
2026 2178 63 75 and
2114 2178 44 75 do

1180 2224 55 75 not
1258 2224 71 75 give
1346 2224 57 75 fire
1418 2224 77 75 with
1513 2224 98 75 fleel;
1637 2224 78 75 they
1731 2224 137 75 ferment
1883 2224 79 75 with
1979 2224 98 75 acids,
2095 2224 63 75 and

1178 2271 121 75 readily
1315 2271 119 75 calcine
1450 2271 79 75 with
1545 2271 89 75 heat.
1680 2271 113 75 There
1810 2271 53 75 are
1879 2271 91 75 three
1987 2271 117 75 fpecies
2120 2271 42 75 of

1178 2317 171 75 alabafter;
1396 2317 30 75 1.
1450 2317 77 75 The
1549 2317 200 75 fnow-white
1773 2317 121 75 fhining
1921 2317 164 75 alabafter,
2118 2317 38 75 or

1178 2363 164 75 lygdinum
1355 2363 40 75 of
1409 2363 58 75 the
1482 2363 151 75 ancients,
1651 2363 26 75 is
1694 2363 102 75 found
1811 2363 31 75 in
1858 2363 131 75 Taurus
2006 2363 32 75 in
2050 2363 105 75 pieces

1177 2410 87 75 large
1292 2410 126 75 enough
1446 2410 35 75 to
1508 2410 92 75 make
1627 2410 114 75 difhes,
1767 2410 38 75 or
1829 2410 55 75 the
1908 2410 77 75 like.
2035 2410 31 75 It
2084 2410 70 75 cuts

1177 2456 78 75 very
1270 2456 115 75 freely,
1411 2456 63 75 and
1489 2456 26 75 is
1533 2456 130 75 capable
1679 2456 40 75 of
1738 2456 19 75 a
1778 2456 60 75 fine
1855 2456 112 75 polilh.
2018 2456 34 75 2.
2076 2456 78 75 The

1177 2501 159 75 yellowilh
1354 2501 161 75 alabafter,
1540 2501 38 75 or
1590 2501 165 75 phengites
1772 2501 41 75 of
1824 2501 107 75 Pliny,
1956 2501 27 75 is
2003 2501 101 75 found
2119 2501 33 75 in

1175 2548 139 75 Greece,
1340 2548 61 75 and
1416 2548 26 75 is
1470 2548 40 75 of
1533 2548 18 75 a
1576 2548 64 75 foft
1655 2548 86 75 loofe
1768 2548 81 75 open
1876 2548 141 75 texture,
2043 2548 110 75 pretty

1175 2596 113 75 heavy,
1307 2596 61 75 and
1380 2596 109 75 nearly
1500 2596 40 75 of
1550 2596 56 75 the
1618 2596 110 75 colour
1741 2596 40 75 of
1791 2596 117 75 honey.
1936 2596 85 75 This
2033 2596 118 75 fpecies

1173 2640 57 75 has
1247 2640 137 75 likewife
1406 2640 80 75 been
1509 2640 103 75 found
1626 2640 32 75 in
1675 2640 178 75 Germany,
1880 2640 134 75 France,
2040 2640 60 75 and
2118 2640 34 75 in

1174 2688 194 75 Derbyfhire
1387 2688 33 75 in
1437 2688 162 75 England.
1649 2688 34 75 3.
1708 2688 208 75 Variegated,
1934 2688 130 75 yellow,
2088 2688 64 75 and

1174 2733 122 75 reddifti
1322 2733 163 75 alabafter.
1533 2733 86 75 This
1641 2733 117 75 fpecies
1786 2733 27 75 is
1837 2733 57 75 the
1917 2733 147 75 common
2086 2733 78 75 ala-*

1172 2779 100 75 bafter
1289 2779 40 75 of
1345 2779 56 75 the
1417 2779 153 75 ancients,
1597 2779 62 75 and
1686 2779 26 75 is
1739 2779 34 75 fo
1797 2779 63 75 foft
1876 2779 71 75 that
1971 2779 26 75 it
2020 2779 74 75 may
2109 2779 48 75 be'

1171 2826 56 75 cut
1247 2826 77 75 with
1343 2826 17 75 a
1375 2826 108 75 knife:
1511 2826 32 75 It
1559 2826 27 75 is
1603 2826 200 75 remarkably
1820 2826 120 75 bright,
1965 2826 62 75 and
2039 2826 111 75 almoft

1173 2873 214 75 tranfparent;
1415 2873 115 75 admits
1558 2873 40 75 of
1616 2873 21 75 a
1659 2873 62 75 fine
1744 2873 111 75 polifli,
1881 2873 63 75 and
1965 2873 125 75 confifts
2114 2873 41 75 of

1171 2920 88 75 large
1275 2920 130 75 angular
1425 2920 108 75 fparry
1549 2920 211 75 concretions.
1809 2920 32 75 It
1864 2920 27 75 is
1915 2920 56 75 not
1995 2920 100 75 proof
2114 2920 44 75 a-

1170 2967 98 75 gainft:
1279 2967 120 75 water;
1413 2967 26 75 it
1448 2967 152 75 ferments
1612 2967 156 75 violently
1776 2967 77 75 with
1866 2967 207 75 aqua-fortis,
2086 2967 63 75 and

1641 3016 36 75 T

2051 3016 98 75 burns
