2423 3387
651 156 494 75 ASTRO

91 222 126 75 curious
234 222 144 75 machine
395 222 98 75 fhews
510 222 56 75 the
588 222 123 75 motion
728 222 39 75 of
787 222 18 75 a
821 222 104 75 comet
947 222 36 75 or
1005 222 118 75 excen-

92 270 62 75 tric
170 270 87 75 body
273 270 128 75 moving
426 270 103 75 round
546 270 54 75 the
624 270 68 75 fun,
718 270 178 75 defcribing
922 270 94 75 equal
1034 270 89 75 areas

93 317 31 75 in
141 317 95 75 equal
253 317 105 75 times,
384 317 63 75 and
465 317 73 75 may
559 317 39 75 be
614 317 41 75 fo’
666 317 164 75 contrived
847 317 33 75 as
898 317 35 75 to
949 317 85 75 Ihew"
1047 317 77 75 fuch

93 362 18 75 a
127 362 121 75 motion
266 362 51 75 for
334 362 61 75 any
412 362 115 75 degree
540 362 40 75 df
598 362 223 75 excentricity.
870 362 32 75 It
920 362 63 75 was
999 362 124 75 invent-

94 409 41 75 ed
150 409 43 75 by
206 409 55 75 the
276 409 65 75 late
354 409 52 75 Dr
418 409 220 75 Defaguliers.

139 454 76 75 The
224 454 79 75 dark
311 454 151 75 elliptical
472 454 119 75 groove
598 454 102 75 round
708 454 55 75 the
772 454 110 75 letters
890 454 234 75 abcdefghiklrn

92 501 27 75 is
133 501 54 75 the
204 501 83 75 orbit
304 501 41 75 of
363 501 55 75 the
435 501 105 75 comet
557 501 44 75 T:
629 501 64 75 this
710 501 104 75 comet
830 501 26 75 is
880 501 124 75 carried
1021 501 103 75 round

92 546 33 75 in
142 546 55 75 the
214 546 118 75 groove
355 546 170 75 according
542 546 35 75 to
602 546 54 75 the
681 546 95 75 order
799 546 39 75 of
856 546 125 75 letters,
1008 546 42 75 by
1067 546 56 75 the

93 593 77 75 wire
186 593 42 75 W
239 593 88 75 fixed
342 593 33 75 in
391 593 55 75 the
462 593 56 75 fun
539 593 25 75 S'
564 593 9 75 ,
599 593 61 75 and
688 593 90 75 Hides
803 593 41 75 on
869 593 54 75 the
948 593 76 75 wire
1048 593 32 75 as
1098 593 26 75 it

92 638 193 75 approaches
309 638 113 75 nearer
444 638 48 75 to,
518 638 37 75 or
581 638 127 75 recedes
731 638 124 75 farther
879 638 84 75 from
980 638 56 75 the
1052 638 70 75 fun,

93 685 95 75 being
204 685 120 75 neareft
340 685 40 75 of
398 685 43 75 all
458 685 32 75 in
513 685 57 75 the
594 685 174 75 perihelion
791 685 33 75 a,
851 685 61 75 and
936 685 131 75 fartheft
1090 685 32 75 in

94 732 55 75 the
166 732 146 75 aphelion
324 732 38 75 g.
410 732 77 75 The
503 732 100 75 areas,
622 732 80 75 aSb,
721 732 73 75 bSc,
813 732 76 75 cSd,
907 732 62 75 &c.
996 732 37 75 or
1045 732 78 75 con-

97 779 84 75 tents
199 779 39 75 of
257 779 88 75 thefe
368 779 117 75 feveral
502 779 163 75 triangles,
690 779 53 75 are
761 779 41 75 all
819 779 117 75 equal;
963 779 61 75 and
1041 779 31 75 in
1089 779 33 75 e-

94 824 79 75 very
195 824 74 75 turn
286 824 38 75 of
343 824 57 75 the
416 824 104 75 winch
545 824 53 75 N,
622 824 56 75 the
694 824 105 75 comet
815 824 30 75 T
855 824 28 75 is
907 824 122 75 carried
1046 824 78 75 over

95 871 60 75 one
172 871 39 75 of
231 871 87 75 thefe
334 871 109 75 areas;
471 871 239 75 confequently,
736 871 32 75 in
785 871 33 75 as
842 871 94 75 much
954 871 77 75 time
1048 871 33 75 as
1098 871 26 75 it

92 917 108 75 moves
218 917 84 75 from
317 917 35 75 /
359 917 36 75 to
418 917 34 75 g,
478 917 37 75 or
532 917 83 75 from
628 917 23 75 g
665 917 34 75 to
712 917 31 75 b,
769 917 27 75 it
815 917 110 75 moves
937 917 85 75 from
1039 917 32 75 m
1087 917 34 75 to

92 963 33 75 a,
152 963 38 75 or
206 963 84 75 from
306 963 21 75 «
344 963 35 75 to
396 963 40 75 £;
464 963 61 75 and
541 963 34 75 fo
591 963 40 75 of
650 963 56 75 the
723 963 71 75 reft,
820 963 96 75 being
931 963 143 75 quickeft
1090 963 40 75 of

92 1010 41 75 all
147 1010 33 75 at
196 1010 33 75 a,
256 1010 61 75 and
334 1010 118 75 flowed
470 1010 31 75 at
519 1010 37 75 g.
607 1010 94 75 Thus
719 1010 55 75 the
786 1010 132 75 comet’s
935 1010 140 75 velocity
1092 1010 33 75 in

92 1057 40 75 its
149 1057 85 75 orbit
258 1057 196 75 continually
477 1057 161 75 decreafes
663 1057 85 75 from
772 1057 56 75 the
852 1057 178 75 perihelion
1051 1057 21 75 a
1090 1057 35 75 to

94 1102 54 75 the
165 1102 146 75 aphelion
322 1102 49 75 g;
398 1102 62 75 and
471 1102 153 75 increafes
636 1102 33 75 in
681 1102 55 75 the
747 1102 84 75 fame
843 1102 185 75 proportion
1039 1102 86 75 from

89 1149 77 75 gto
186 1149 34 75 a.

140 1195 75 75 The
242 1195 121 75 elliptic
387 1195 85 75 orbit
501 1195 26 75 is
551 1195 130 75 divided
705 1195 69 75 into
804 1195 39 75 12
862 1195 94 75 equal
982 1195 87 75 parts
1086 1195 39 75 or

94 1241 94 75 figns,
213 1241 78 75 with
309 1241 84 75 their
411 1241 169 75 refpedtive
597 1241 145 75 degrees,
768 1241 62 75 and
846 1241 34 75 fo
903 1241 26 75 is
947 1241 55 75 the
1026 1241 98 75 circle

94 1288 164 75 nopqrstu,
285 1288 102 75 which
404 1288 175 75 reprefents
597 1288 19 75 a
627 1288 91 75 great
734 1288 95 75 circle
846 1288 32 75 in
901 1288 56 75 the
973 1288 149 75 heavens,

92 1335 62 75 and
170 1335 35 75 to
222 1335 104 75 which
344 1335 54 75 the
416 1335 131 75 comet’s
564 1335 123 75 motion
711 1335 26 75 is
763 1335 142 75 referred
932 1335 41 75 by
991 1335 18 75 a
1034 1335 88 75 fmall

92 1381 86 75 knob
195 1381 40 75 on
260 1381 55 75 the
340 1381 89 75 point
454 1381 39 75 of
510 1381 57 75 the
591 1381 77 75 wire
691 1381 49 75 W.
791 1381 121 75 Whilft
937 1381 56 75 the
1018 1381 105 75 comet

94 1427 108 75 moves
219 1427 84 75 from
318 1427 34 75 f
367 1427 34 75 to
412 1427 25 75 g
454 1427 32 75 in
502 1427 41 75 its
560 1427 98 75 orbit,
683 1427 27 75 it
726 1427 131 75 appears
882 1427 35 75 to
940 1427 92 75 move
1048 1427 77 75 only

94 1473 97 75 about
208 1473 59 75 five
280 1473 176 75 degrees,in
473 1473 64 75 this
555 1473 108 75 circle,
688 1473 33 75 as
738 1473 26 75 is
781 1473 104 75 (hewn
901 1473 43 75 by
961 1473 55 75 the
1033 1473 91 75 fmall

93 1520 86 75 knob
202 1520 42 75 on
262 1520 54 75 the
332 1520 62 75 end
410 1520 40 75 of
468 1520 55 75 the
543 1520 77 75 ware
635 1520 58 75 W\
721 1520 57 75 but
794 1520 32 75 in
843 1520 35 75 as
895 1520 85 75 ftiort
996 1520 76 75 time
1089 1520 33 75 as

93 1566 55 75 the
165 1566 104 75 comet
293 1566 107 75 moves
425 1566 86 75 from
539 1566 31 75 m
593 1566 35 75 to
653 1566 33 75 a,
712 1566 37 75 or
774 1566 84 75 from
875 1566 21 75 a
914 1566 36 75 to
966 1566 30 75 b,
1019 1566 61 75 and
1098 1566 24 75 it

93 1613 131 75 appears
241 1613 35 75 to
299 1613 142 75 defcribe
458 1613 55 75 the
529 1613 88 75 large
633 1613 91 75 fpace
741 1613 37 75 tn
795 1613 37 75 or
856 1613 41 75 no
918 1613 33 75 in
975 1613 55 75 the
1046 1613 75 75 hea-

92 1659 87 75 vens,
206 1659 103 75 either
325 1659 40 75 of
385 1659 237 75 whichv,fpaces
646 1659 144 75 contains
821 1659 63 75 120
916 1659 145 75 degrees,
1086 1659 37 75 or

93 1705 73 75 four
183 1705 93 75 figns.
324 1705 104 75 Were
453 1705 55 75 the
528 1705 214 75 excentricity
765 1705 40 75 of
824 1705 42 75 its
883 1705 85 75 orbit
984 1705 138 75 greater,

96 1751 57 75 the
171 1751 125 75 greater
321 1751 61 75 ftill
404 1751 108 75 would
537 1751 39 75 be
598 1751 55 75 the
672 1751 174 75 difference
869 1751 40 75 of
928 1751 42 75 its
988 1751 134 75 motion,

98 1796 63 75 and
180 1796 70 75 vice
264 1796 106 75 verfa.

141 1845 426 75 ABCDEFGHIKLMA
583 1845 26 75 is
627 1845 18 75 a
662 1845 135 75 circular
812 1845 85 75 orbit
915 1845 51 75 for
986 1845 136 75 (hewing

92 1891 55 75 the
164 1891 136 75 equable
316 1891 123 75 motion
457 1891 39 75 of
516 1891 30 75 a.
558 1891 85 75 body
661 1891 103 75 round
791 1891 55 75 the
868 1891 55 75 fun
942 1891 37 75 S,
1005 1891 116 75 defcri-

90 1936 76 75 bing
188 1936 93 75 equal
309 1936 87 75 areas
423 1936 103 75 ASB,
558 1936 96 75 BSC,
679 1936 61 75 See.
765 1936 32 75 in
820 1936 92 75 equal
933 1936 93 75 times
1043 1936 78 75 with

90 1984 90 75 thofe
204 1984 41 75 of
263 1984 56 75 the
342 1984 89 75 body
455 1984 30 75 T
502 1984 31 75 in
557 1984 42 75 its
613 1984 161 75 jelliptical
799 1984 84 75 orbit
908 1984 101 75 above
1034 1984 87 75 men-

91 2030 108 75 tioned
210 2030 10 75 ;
254 2030 58 75 but
336 2030 78 75 with
439 2030 64 75 this
527 2030 185 75 difference,
738 2030 70 75 that
826 2030 55 75 the
897 2030 135 75 circular
1052 2030 68 75 mo-

90 2075 68 75 tion
178 2075 157 75 deferibes
355 2075 55 75 the
430 2075 93 75 equal
545 2075 69 75 arcs
635 2075 77 75 AB,
744 2075 68 75 BC,
836 2075 61 75 See.
915 2075 32 75 in
964 2075 56 75 the
1036 2075 85 75 fame

92 2120 92 75 equal
202 2120 93 75 times
313 2120 69 75 that
405 2120 56 75 the
479 2120 152 75 elliptical
653 2120 123 75 motion
798 2120 156 75 deferibes
973 2120 54 75 the
1044 2120 76 75 une-

91 2166 77 75 qual
185 2166 83 75 arcs,
294 2166 52 75 ab,
372 2166 48 75 be,
446 2166 61 75 Sec.

139 2213 99 75 Now,
257 2213 129 75 fuppofe
401 2213 55 75 the
467 2213 65 75 two
544 2213 109 75 bodies
670 2213 30 75 T
711 2213 64 75 and
794 2213 13 75 1
824 2213 40 75 to
876 2213 75 75 ftart
967 2213 84 75 from
1064 2213 56 75 the

90 2259 104 75 points
212 2259 21 75 a
256 2259 62 75 and
337 2259 34 75 A
385 2259 32 75 at
434 2259 56 75 the
513 2259 83 75 fame
613 2259 160 75 moment'
773 2259 38 75 of
829 2259 88 75 time,
943 2259 75 75 and,
1040 2259 78 75 each

88 2306 119 75 having
222 2306 81 75 gone
322 2306 103 75 round
448 2306 40 75 its
506 2306 167 75 refpe&ive
690 2306 96 75 orbit,
812 2306 35 75 to
868 2306 102 75 arrive
982 2306 33 75 at
1031 2306 87 75 thefe

89 2352 105 75 points
207 2352 91 75 again
316 2352 32 75 at
366 2352 54 75 the
436 2352 81 75 fame
541 2352 125 75 inftant,
691 2352 55 75 the
763 2352 88 75 body
865 2352 30 75 T
907 2352 64 75 will
995 2352 39 75 be
1051 2352 66 75 for-

89 2398 124 75 warder
228 2398 31 75 in
277 2398 42 75 its
337 2398 86 75 orbit
440 2398 76 75 than
532 2398 56 75 the
612 2398 87 75 body
721 2398 11 75 1
754 2398 41 75 all
821 2398 56 75 the
900 2398 71 75 way
995 2398 84 75 from
1096 2398 20 75 a

89 2444 35 75 to
135 2444 37 75 g,
197 2444 62 75 and
275 2444 85 75 from
378 2444 36 75 A
426 2444 35 75 to
478 2444 52 75 G;
557 2444 56 75 but
636 2444 12 75 1
669 2444 66 75 will
753 2444 39 75 be
810 2444 177 75 forwarder
1002 2444 78 75 than
1092 2444 31 75 T

88 2491 140 75 through
253 2491 40 75 all
312 2491 55 75 the
383 2491 95 75 other
493 2491 73 75 half
584 2491 42 75 of
645 2491 55 75 the
717 2491 106 75 orbit;
851 2491 62 75 and
934 2491 55 75 the
1004 2491 112 75 differ-

87 2537 77 75 ence
181 2537 25 75 is
224 2537 93 75 equal
332 2537 35 75 to
384 2537 54 75 the
455 2537 150 75 equation
627 2537 39 75 of
685 2537 54 75 the
757 2537 88 75 body
860 2537 30 75 T
900 2537 33 75 in
950 2537 41 75 its
1015 2537 98 75 orbit.

86 2583 49 75 At
152 2583 54 75 the
223 2583 105 75 points
340 2583 21 75 a
365 2583 42 75 A,
435 2583 60 75 and
506 2583 71 75 gG,
603 2583 69 75 that
685 2583 38 75 is,
748 2583 32 75 in
794 2583 54 75 the
865 2583 174 75 perihelion
1052 2583 64 75 and

87 2629 159 75 aphelion,
273 2629 78 75 they
370 2629 64 75 will
453 2629 38 75 be
507 2629 115 75 eqqal;
650 2629 61 75 and
727 2629 76 75 then
821 2629 54 75 the
891 2629 151 75 equation
1058 2629 55 75 va-

87 2676 113 75 nifties.
235 2676 85 75 This
334 2676 96 75 (hews
444 2676 74 75 why
529 2676 54 75 the
596 2676 151 75 equation
760 2676 40 75 of
811 2676 16 75 a
846 2676 84 75 body
941 2676 128 75 moving
1082 2676 33 75 in

86 2722 38 75 an
140 2722 119 75 elliptic
270 2722 98 75 orbit,
387 2722 141 75 i^idded
542 2722 33 75 to
591 2722 56 75 the
663 2722 90 75 mean
766 2722 37 75 or
814 2722 152 75 fuppofed
979 2722 135 75 circular

85 2769 121 75 motion
221 2769 82 75 from
318 2769 53 75 the
385 2769 173 75 perihelion
570 2769 36 75 to
617 2769 54 75 the
684 2769 160 75 aphelion,
862 2769 62 75 and
936 2769 177 75 fubtrafted

84 2815 86 75 from
194 2815 54 75 the
274 2815 147 75 aphelion
446 2815 35 75 to
505 2815 55 75 the
584 2815 186 75 perihelion,
795 2815 41 75 in’
849 2815 110 75 bodies
985 2815 126 75 moving

86 2861 101 75 round
203 2861 56 75 the
276 2861 67 75 fun,
369 2861 37 75 or
422 2861 82 75 from
521 2861 56 75 the
602 2861 126 75 perigee
752 2861 36 75 to
811 2861 55 75 the
892 2861 131 75 apogee,
1049 2861 64 75 and

83 2906 84 75 from
193 2906 201 75 the*apogee
418 2906 35 75 to
478 2906 55 75 the
555 2906 126 75 perigee
704 2906 33 75 in
762 2906 205 75 the,moon’s
990 2906 122 75 motion

86 2953 103 75 round
205 2953 56 75 the
272 2953 104 75 earth.

132 3001 99 75 Von.
256 3001 29 75 I.
335 3001 70 75 No.
433 3001 55 75 21.

1224 153 44 75 N
1346 153 41 75 O
1463 153 49 75 M
1587 153 54 75 Y.

2035 153 15 75 ;
2120 153 92 75 49*

1218 219 85 75 This
1325 219 121 75 motion
1463 219 26 75 is
1513 219 184 75 performed
1713 219 31 75 in
1761 219 55 75 the
1834 219 164 75 following
2015 219 130 75 manner
2161 219 50 75 byr

1171 266 54 75 the
1237 266 157 75 machine,
1415 266 108 75 (Plate
1540 266 168 75 XLVIII.
1727 266 54 75 fig.
1800 266 65 75 3.).
1909 266 94 75 ABC
2017 266 26 75 is
2060 266 19 75 a
2095 266 110 75 wood-

1171 312 37 75 en
1225 312 71 75 bar,
1324 312 48 75 (in
1389 312 55 75 the
1469 312 67 75 box
1560 312 182 75 containing
1759 312 56 75 the
1838 312 243 75 wheel-wof^|,'
2104 312 101 75 above

1171 358 104 75 which
1293 358 53 75 are
1358 358 56 75 the
1430 358 119 75 wheels
1567 358 36 75 D
1620 358 64 75 and
1699 358 44 75 E,
1768 358 62 75 and
1847 358 105 75 below
1967 358 25 75 it
2011 358 55 75 the
2082 358 123 75 elliptic

1172 405 100 75 plates
1285 405 55 75 FF
1355 405 63 75 and
1434 405 62 75 GG
1508 405 11 75 ;
1544 405 78 75 each
1640 405 85 75 plate
1749 405 94 75 being
1859 405 86 75 fixed
1961 405 42 75 cfa
2020 405 39 75 an
2083 405 70 75 axis
2170 405 34 75 in

1171 451 60 75 one
1248 451 40 75 of
1306 451 42 75 its
1365 451 136 75 focufes,
1525 451 34 75 at
1575 451 30 75 E
1623 451 61 75 and
1701 451 56 75 K;
1783 451 62 75 and
1863 451 54 75 the
1934 451 101 75 wheel
2052 451 29 75 E
2099 451 26 75 is
2141 451 63 75 fix-

1172 497 39 75 ed
1229 497 41 75 on
1287 497 56 75 the
1367 497 82 75 fame
1475 497 69 75 axis
1568 497 80 75 with
1671 497 56 75 the
1752 497 84 75 plate
1862 497 65 75 FF.
1976 497 43 75 Ti'
2019 497 194 75 .^Toffdates,

1171 544 80 75 have
1268 544 135 75 grooves
1416 544 103 75 round
1536 544 83 75 their
1635 544 96 75 edges
1749 544 151 75 precifely
1916 544 41 75 of
1975 544 94 75 equal
2083 544 139 75 diaihev

1171 590 65 75 ters
1253 590 35 75 to
1305 590 61 75 one
1383 590 146 75 another,
1555 590 63 75 and
1634 590 31 75 in
1682 590 88 75 thefe
1794 590 135 75 grooves
1953 590 28 75 is
2005 590 56 75 the
2067 590 137 75 teat-gut

1171 636 97 75 ftring
1285 636 59 75 gg,
1363 636 46 75 gg
1426 636 131 75 croffing
1580 636 144 75 between
1747 636 55 75 the
1827 636 100 75 plates
1950 636 33 75 at
1999 636 32 75 b.
2081 636 54 75 On
2154 636 47 75 ll,

1171 683 54 75 the
1243 683 69 75 axis
1329 683 40 75 of
1388 683 55 75 the
1459 683 116 75 handle
1592 683 37 75 or
1651 683 106 75 winch
1775 683 85 75 Win
1882 683 56 75 fig.
1959 683 32 75 2.
2017 683 27 75 is
2067 683 39 75 an
2123 683 59 75 end
2194 683 8 75 •

1170 729 59 75 lefs
1246 729 97 75 ferew
1366 729 32 75 ip
1420 729 55 75 fig.
1504 729 32 75 3.
1561 729 144 75 working
1728 729 32 75 in
1785 729 55 75 the
1865 729 118 75 wheels
2008 729 36 75 D
2070 729 62 75 and
2157 729 43 75 E,

1171 776 105 75 whofe
1292 776 149 75 numbers
1458 776 39 75 of
1509 776 86 75 teeth
1609 776 94 75 being
1719 776 107 75 equal,
1853 776 62 75 and
1927 776 109 75 (hould
2055 776 38 75 be
2106 776 96 75 equal

1171 822 35 75 to
1223 822 54 75 the
1294 822 133 75 number
1443 822 40 75 of
1500 822 80 75 lines
1597 822 60 75 aS,
1683 822 57 75 bS,
1766 822 56 75 cS,
1847 822 60 75 Sec.
1933 822 31 75 in
1982 822 55 75 fig.
2065 822 31 75 2.
2123 822 79 75 they

1172 868 73 75 turn
1257 868 103 75 round
1377 868 84 75 their
1477 868 76 75 axes
1570 868 32 75 in
1614 868 94 75 equal
1730 868 95 75 times
1840 868 34 75 to
1891 868 60 75 one
1968 868 145 75 another,
2139 868 65 75 and

1172 914 33 75 to
1230 914 56 75 the
1310 914 122 75 motion
1455 914 41 75 of
1514 914 56 75 the
1594 914 122 75 elliptic
1740 914 113 75 plates.
1903 914 76 75 For,
2005 914 58 75 the
2084 914 119 75 wheels

1174 961 34 75 D
1222 961 60 75 and
1301 961 29 75 E
1342 961 117 75 having
1475 961 95 75 equal
1581 961 148 75 numbers
1742 961 40 75 of
1793 961 101 75 teeth,
1912 961 55 75 the
1981 961 84 75 plate
2077 961 55 75 FF
2146 961 54 75 be-

1172 1007 54 75 ing
1248 1007 88 75 fixed
1352 1007 41 75 on
1411 1007 55 75 the
1490 1007 84 75 fame
1598 1007 70 75 axis
1693 1007 78 75 with
1794 1007 55 75 the
1872 1007 102 75 wheel
1991 1007 30 75 £■
2021 1007 13 75 ,
2059 1007 66 75 and
2145 1007 58 75 the

1173 1055 84 75 plate
1274 1055 55 75 FF
1344 1055 128 75 turning
1488 1055 55 75 the
1560 1055 129 75 equally
1706 1055 53 75 big
1776 1055 86 75 plate
1885 1055 63 75 GG
1974 1055 42 75 by
2032 1055 19 75 a
2076 1055 126 75 cat-gut

1173 1101 95 75 ftring
1280 1101 104 75 round
1400 1101 86 75 them
1504 1101 92 75 both,
1614 1101 77 75 they
1708 1101 80 75 muft
1801 1101 40 75 all
1855 1101 41 75 go
1909 1101 102 75 round
2024 1101 84 75 their
2121 1101 82 75 axes

1172 1147 31 75 in
1221 1147 34 75 as
1272 1147 94 75 many
1382 1147 89 75 turns
1489 1147 40 75 of
1540 1147 55 75 the
1610 1147 118 75 handle
1740 1147 44 75 N
1795 1147 33 75 as
1844 1147 103 75 either
1963 1147 41 75 of
2015 1147 56 75 the
2083 1147 118 75 wheels

1172 1194 56 75 has
1245 1194 101 75 teedi.

1220 1239 31 75 It
1268 1239 25 75 is
1310 1239 72 75 eafy
1399 1239 34 75 to
1450 1239 61 75 fee,
1538 1239 71 75 that
1626 1239 54 75 the
1696 1239 62 75 end
1775 1239 19 75 b
1818 1239 41 75 of
1877 1239 55 75 the
1948 1239 151 75 elliptical
2115 1239 92 75 plate

1172 1287 55 75 FF
1241 1287 93 75 being
1351 1287 123 75 farther
1486 1287 83 75 from
1587 1287 40 75 its
1646 1287 68 75 axis
1732 1287 30 75 E
1780 1287 76 75 than
1873 1287 56 75 the
1945 1287 139 75 oppofite
2103 1287 62 75 end
2187 1287 22 75 l

1172 1334 39 75 is,
1238 1334 79 75 muft
1341 1334 141 75 defcribe
1499 1334 19 75 a
1541 1334 96 75 circle
1661 1334 34 75 fo
1711 1334 166 75 much-the
1899 1334 105 75 larger
2021 1334 31 75 in
2069 1334 136 75 propor-

1170 1380 83 75 tion,
1279 1380 63 75 and
1353 1380 161 75 therefore
1530 1380 92 75 move
1640 1380 140 75 through
1798 1380 34 75 fo
1848 1380 94 75 much
1959 1380 88 75 more
2064 1380 88 75 (pace
2169 1380 37 75 in

1172 1426 54 75 the
1242 1426 83 75 fame
1348 1426 77 75 time
1436 1426 10 75 ;
1474 1426 62 75 and
1553 1426 50 75 for
1619 1426 70 75 that
1714 1426 108 75 reafon
1840 1426 56 75 the
1919 1426 64 75 end
1999 1426 18 75 b
2035 1426 107 75 moves
2166 1426 36 75 fo

1170 1473 95 75 much
1281 1473 94 75 fafter
1398 1473 76 75 than
1491 1473 55 75 the
1563 1473 62 75 end
1654 1473 25 75 l,
1704 1473 154 75 although
1883 1473 25 75 it
1932 1473 75 75 goes
2029 1473 41 75 no
2086 1473 114 75 fooner

1173 1520 102 75 round
1290 1520 56 75 the
1363 1520 107 75 centre
1486 1520 44 75 E.
1579 1520 67 75 But
1663 1520 76 75 then
1757 1520 55 75 the
1829 1520 242 75 quick-moving
2095 1520 62 75 end
2180 1520 24 75 k

1172 1567 39 75 of
1223 1567 56 75 the
1296 1567 85 75 plate
1397 1567 56 75 FF
1465 1567 87 75 leads
1570 1567 97 75 about
1685 1567 54 75 the
1751 1567 86 75 (hort
1849 1567 62 75 end
1926 1567 60 75 bK
1998 1567 39 75 of
2050 1567 52 75 the
2115 1567 87 75 plate

1172 1612 61 75 GG
1255 1612 79 75 with
1352 1612 55 75 the
1424 1612 82 75 fame
1522 1612 164 75 velocity^;
1711 1612 63 75 and
1793 1612 55 75 the
1864 1612 221 75 flow-moving
2101 1612 60 75 end
2184 1612 22 75 I

1172 1658 39 75 of
1231 1658 54 75 the
1302 1658 85 75 plate
1405 1658 55 75 FF
1474 1658 126 75 coming
1617 1658 72 75 half
1707 1658 103 75 round
1828 1658 32 75 as
1884 1658 35 75 to
1946 1658 43 75 B,
2016 1658 78 75 muft
2121 1658 79 75 then

1171 1706 72 75 lead
1255 1706 56 75 the
1326 1706 77 75 long
1415 1706 62 75 end
1493 1706 18 75 k
1527 1706 41 75 of
1586 1706 55 75 the
1657 1706 85 75 plate
1760 1706 63 75 GG
1846 1706 33 75 as
1896 1706 108 75 (lowly
2021 1706 117 75 about:
2166 1706 35 75 fb

1172 1752 71 75 that
1259 1752 54 75 the
1330 1752 150 75 elliptical
1494 1752 85 75 plate
1596 1752 55 75 FF
1664 1752 61 75 and
1742 1752 41 75 its
1797 1752 70 75 axis
1880 1752 30 75 E
1922 1752 92 75 move
2026 1752 176 75 uniformly

1172 1799 61 75 and
1249 1799 131 75 equally
1405 1799 96 75 quick
1525 1799 31 75 in
1582 1799 96 75 every
1702 1799 72 75 part
1799 1799 40 75 of
1857 1799 42 75 its
1918 1799 198 75 revolution;
2143 1799 58 75 but

1172 1845 54 75 the
1250 1845 150 75 elliptical
1418 1845 86 75 plate
1528 1845 76 75 GG,
1630 1845 151 75 together
1797 1845 77 75 with
1897 1845 41 75 its
1955 1845 70 75 axis
2047 1845 46 75 K,
2119 1845 82 75 muft:

1172 1892 92 75 move
1281 1892 77 75 very
1375 1892 170 75 unequally
1557 1892 32 75 in
1609 1892 150 75 different
1776 1892 86 75 parts
1880 1892 39 75 of
1937 1892 42 75 its
1997 1892 202 75 revolution;

1172 1940 253 75 the-difference
1450 1940 93 75 being
1565 1940 115 75 always
1705 1940 156 75 inverfely
1878 1940 32 75 as
1934 1940 54 75 the
2004 1940 137 75 diftance
2164 1940 42 75 of

1172 1985 61 75 any
1249 1985 90 75 point
1355 1985 42 75 of
1415 1985 55 75 the
1486 1985 247 75 circumference
1757 1985 42 75 of
1816 1985 62 75 GG
1903 1985 85 75 from
2012 1985 41 75 its
2071 1985 69 75 axis
2165 1985 35 75 at

1173 2032 52 75 K:
1253 2032 37 75 or
1305 2032 32 75 in
1355 2032 94 75 other
1464 2032 119 75 words,
1608 2032 35 75 to
1660 2032 135 75 inftance
1812 2032 32 75 in
1869 2032 65 75 two
1951 2032 116 75 points,
2093 2032 31 75 if
2143 2032 57 75 the

1172 2078 136 75 diftance
1325 2078 52 75 Kk
1394 2078 39 75 be
1450 2078 84 75 four,
1560 2078 72 75 five,
1659 2078 35 75 or
1707 2078 46 75 fix
1769 2078 91 75 times
1877 2078 33 75 as
1923 2078 89 75 great
2030 2078 32 75 as
2080 2078 53 75 the
2147 2078 53 75 di-

1171 2125 102 75 ftance
1298 2125 65 75 Kb,
1389 2125 54 75 the
1460 2125 89 75 point
1566 2125 18 75 h
1608 2125 65 75 will
1697 2125 93 75 move
1813 2125 32 75 in
1871 2125 68 75 that
1960 2125 133 75 pofition
2111 2125 86 75 four,

1170 2170 71 75 five,
1268 2170 37 75 or
1320 2170 48 75 fix
1390 2170 93 75 times
1509 2170 33 75 as
1567 2170 58 75 faft
1649 2170 34 75 as
1699 2170 56 75 the
1771 2170 89 75 point
1877 2170 17 75 k
1912 2170 89 75 does,
2026 2170 93 75 when
2143 2170 56 75 the

1170 2218 83 75 plate
1270 2218 62 75 GG
1348 2218 57 75 has
1422 2218 81 75 gone
1519 2218 76 75 half
1613 2218 102 75 round
1728 2218 9 75 ;
1763 2218 62 75 and
1841 2218 34 75 fo
1891 2218 40 75 on
1950 2218 50 75 for
2025 2218 62 75 any
2103 2218 95 75 other

1169 2262 212 75 excentricity
1404 2262 37 75 or
1465 2262 172 75 difference
1662 2262 40 75 of
1720 2262 54 75 the
1799 2262 152 75 diftances
1972 2262 51 75 Kk
2041 2262 63 75 and
2127 2262 66 75 Kh.

1168 2310 75 75 The
1260 2310 92 75 tooth
1372 2310 24 75 /
1407 2310 41 75 on
1465 2310 55 75 the
1544 2310 85 75 plate
1655 2310 56 75 FF
1731 2310 73 75 falls
1829 2310 32 75 in
1886 2310 143 75 between
2054 2310 55 75 the
2127 2310 66 75 two

1169 2356 86 75 teeth
1273 2356 33 75 at
1323 2356 15 75 k
1356 2356 42 75 on
1415 2356 54 75 the
1488 2356 85 75 plate
1590 2356 75 75 GG,
1691 2356 42 75 by
1750 2356 103 75 which
1873 2356 106 75 means
1996 2356 55 75 the
2069 2356 126 75 revolu-

1168 2403 67 75 tion
1258 2403 40 75 of
1318 2403 55 75 the
1390 2403 96 75 latter
1501 2403 27 75 is
1553 2403 34 75 fo
1611 2403 143 75 adjufted
1777 2403 34 75 to
1834 2403 71 75 that
1928 2403 42 75 of
1987 2403 55 75 the
2059 2403 134 75 former,

1168 2448 70 75 that
1256 2448 84 75 .they
1356 2448 58 75 can
1430 2448 95 75 never
1541 2448 78 75 vary
1634 2448 85 75 from
1735 2448 60 75 one
1810 2448 147 75 another.

1215 2494 54 75 On
1285 2494 55 75 the
1357 2494 56 75 top
1430 2494 114 75 of-the
1561 2494 69 75 axis
1655 2494 39 75 of
1712 2494 57 75 the
1792 2494 276 75 equally-moving
2090 2494 105 75 wheel

1168 2540 35 75 D
1220 2540 32 75 in
1270 2540 54 75 fig.
1345 2540 31 75 3.
1403 2540 25 75 is
1447 2540 55 75 the
1518 2540 55 75 fun
1590 2540 26 75 S
1633 2540 31 75 in
1679 2540 64 75 ’fig.
1764 2540 55 75 2.;
1847 2540 104 75 which
1976 2540 67 75 fun,
2070 2540 43 75 by
2136 2540 56 75 the

1167 2587 77 75 wire
1272 2587 87 75 fixed
1387 2587 34 75 to
1452 2587 36 75 it,
1526 2587 116 75 carries
1670 2587 55 75 the
1754 2587 64 75 ball
1848 2587 13 75 1
1889 2587 103 75 round
2014 2587 56 75 the
2096 2587 96 75 circle

1167 2634 142 75 ABCD,
1334 2634 62 75 Sec.
1421 2634 78 75 with
1516 2634 39 75 an
1579 2634 135 75 equable
1737 2634 135 75 motion,
1898 2634 170 75 according
2084 2634 35 75 to
2136 2634 57 75 the

1165 2680 94 75 order
1276 2680 40 75 of
1335 2680 54 75 the
1404 2680 132 75 letters:
1564 2680 60 75 and
1642 2680 39 75 on
1695 2680 54 75 the
1762 2680 55 75 top
1834 2680 106 75 of'th|
1953 2680 70 75 axis
2036 2680 37 75 K
2086 2680 41 75 of
2137 2680 56 75 the

1166 2728 316 75 unequally-moving
1501 2728 112 75 ellipfis
1637 2728 76 75 GG,
1737 2728 32 75 in
1790 2728 55 75 fig.
1867 2728 32 75 3.
1925 2728 26 75 is
1972 2728 53 75 the
2042 2728 55 75 fun
2115 2728 26 75 S
2157 2728 34 75 in

1165 2774 53 75 fig.
1235 2774 32 75 2.
1294 2774 145 75 carrying
1456 2774 54 75 the
1534 2774 63 75 ball
1614 2774 30 75 T
1655 2774 182 75 unequabiy
1854 2774 101 75 round
1979 2774 30 75 in
2027 2774 55 75 the
2099 2774 92 75 ellip-

1164 2819 75 75 tical
1262 2819 118 75 groove
1403 2819 92 75 abed.
1519 2819 61 75 Sec.
1630 2819 50 75 N.
1703 2819 43 75 B.
1782 2819 86 75 This
1892 2819 152 75 elliptical
2071 2819 120 75 groove

1165 2865 78 75 muft
1260 2865 39 75 be
1323 2865 152 75 precifely
1490 2865 93 75 equal
1601 2865 61 75 and
1685 2865 114 75 fimilar
1824 2865 35 75 to
1885 2865 54 75 the
1965 2865 94 75 verge
2076 2865 45 75 of
2136 2865 56 75 the

1163 2912 85 75 plate
1261 2912 74 75 GG,
1360 2912 104 75 which
1481 2912 26 75 is
1524 2912 64 75 alfo
1605 2912 93 75 equal
1717 2912 34 75 tq
1767 2912 69 75 that
1853 2912 40 75 of
1911 2912 65 75 FF.

1210 2960 36 75 In
1271 2960 64 75 this
1359 2960 130 75 manner
1512 2960 160 75 machines
1697 2960 72 75 may
1794 2960 39 75 be
1857 2960 92 75 made
1974 2960 34 75 to
2033 2960 82 75 (hew
2132 2960 56 75 the

1612 3010 22 75 6
1656 3010 34 75 K

2120 3010 71 75 true

1043 3017 19 75 a
