2423 3387
672 129 989 75 ASTRONOMY.

166 205 39 75 In
221 205 101 75 fixing
337 205 55 75 the
407 205 77 75 year
506 205 43 75 of
565 205 56 75 the
644 205 140 75 creation
808 205 35 75 to
867 205 57 75 the
942 205 104 75 706th
1063 205 78 75 year

121 250 39 75 of
171 250 54 75 the
242 250 106 75 Julian
368 250 121 75 period,
514 250 103 75 which
641 250 64 75 was
721 250 56 75 the
795 250 128 75 4007th
939 250 76 75 year
1030 250 111 75 before

120 297 55 75 the
190 297 77 75 year
294 297 40 75 of
357 297 135 75 Chrift’s
519 297 101 75 birth,
644 297 49 75 we
709 297 80 75 have
806 297 151 75 followed
974 297 57 75 Mr
1056 297 86 75 Bed-

120 343 74 75 ford
213 343 32 75 in
272 343 49 75 his
340 343 152 75 fcripture
516 343 210 75 chronology,
748 343 128 75 printed
897 343 44 75 A.
961 343 47 75 D.
1042 343 100 75 1730,

120 389 63 75 and
199 389 58 75 Mr
272 389 158 75 Kennedy
453 389 31 75 in
502 389 18 75 a
535 389 91 75 work
652 389 41 75 of
713 389 56 75 the
795 389 83 75 fame
905 389 89 75 kind,
1019 389 127 75 printed

120 437 46 75 A.
185 437 48 75 D.
256 437 200 75 1762.—Mr
471 437 147 75 Bedford
629 437 89 75 takes
734 437 26 75 it
776 437 76 75 only
867 437 52 75 for
924 437 139 75 granted
1075 437 71 75 that

121 482 55 75 the
192 482 104 75 world
311 482 64 75 was
391 482 128 75 created
535 482 33 75 at
585 482 54 75 the
655 482 77 75 time
748 482 40 75 of
810 482 55 75 the
882 482 161 75 autumnal
1060 482 90 75 equi-

121 529 67 75 nox
202 529 9 75 :
238 529 68 75 But
322 529 58 75 Mr
395 529 159 75 Kennedy
582 529 132 75 affirms,
738 529 71 75 that
833 529 55 75 the
915 529 66 75 faid
1008 529 146 75 equinox

132 2299 35 75 G
186 2299 28 75 h
230 2299 27 75 a
272 2299 36 75 P.
351 2299 108 75 XIX.
529 2299 36 75 A
591 2299 117 75 Defer
710 2299 39 75 if
751 2299 77 75 tion
856 2299 40 75 of,
933 2299 67 75 the.
1028 2299 124 75 Afro-

186 2354 160 75 nomical
373 2354 227 75 Machinery
624 2354 163 75 ferving
818 2354 37 75 to
886 2354 157 75 explain
1073 2354 85 75 and

187 2411 189 75 illufrate
394 2411 65 75 the
475 2411 198 75 foregoing
691 2411 99 75 part
809 2411 47 75 of
875 2411 81 75 this
976 2411 179 75 Treatife.

178 2488 84 75 The
278 2488 177 75 Orrery,
475 2488 107 75 (Plate
593 2488 150 75 XLVII.
761 2488 55 75 fig.
832 2488 51 75 4.)
916 2488 85 75 This
1011 2488 149 75 machine

131 2537 98 75 fhews
245 2537 55 75 the
316 2537 137 75 motions
477 2537 39 75 of
535 2537 55 75 the
612 2537 68 75 fun.
704 2537 168 75 Mercury,
898 2537 124 75 Venus,
1048 2537 104 75 earth,

131 2581 61 75 and
209 2581 115 75 moon;
352 2581 61 75 and
430 2581 205 75 occafionally
653 2581 54 75 the
723 2581 142 75 fuperior
886 2581 135 75 planets,
1046 2581 106 75 Mars,

130 2626 137 75 Jupiter,
293 2626 64 75 and
374 2626 130 75 Saturn,
528 2626 74 75 may
619 2626 40 75 be
673 2626 57 75 put
746 2626 62 75 on;
835 2626 152 75 Jupiter’s
1011 2626 72 75 four
1106 2626 46 75 fa-

130 2673 119 75 tellites
267 2673 52 75 are
335 2673 115 75 moved
472 2673 103 75 round
598 2673 64 75 him
680 2673 31 75 in
727 2673 83 75 their
827 2673 113 75 proper
965 2673 91 75 times
1078 2673 43 75 by
1137 2673 19 75 a

129 2720 90 75 fmall
235 2720 125 75 winch;
387 2720 61 75 and
466 2720 118 75 Saturn
599 2720 58 75 has
682 2720 48 75 his
754 2720 60 75 five
839 2720 162 75 fateilites,
1026 2720 61 75 and
1103 2720 50 75 his

130 2765 71 75 ring
217 2765 103 75 which
338 2765 96 75 keeps
452 2765 40 75 its
509 2765 188 75 parailelifm
709 2765 104 75 round
827 2765 55 75 the
898 2765 55 75 fun
965 2765 9 75 ;
1003 2765 61 75 and
1082 2765 40 75 by
1135 2765 19 75 a

129 2812 86 75 lamp
230 2812 58 75 put
305 2812 31 75 in
351 2812 56 75 the
421 2812 83 75 fun’s
521 2812 100 75 place,
638 2812 56 75 the
709 2812 71 75 ring
796 2812 98 75 {hews
911 2812 42 75 all
965 2812 41 75 its
1022 2812 126 75 various

130 2858 110 75 phafes
258 2858 129 75 already
402 2858 177 75 deferibed.

177 2905 37 75 In
232 2905 53 75 the
308 2905 118 75 centre,
452 2905 70 75 No.
551 2905 30 75 1.
607 2905 174 75 reprefents
810 2905 54 75 the
889 2905 68 75 fun,
983 2905 171 75 fupported

129 2952 43 75 by
188 2952 42 75 its
246 2952 83 75 axis,
353 2952 152 75 inclining
521 2952 110 75 almoft
656 2952 19 75 8
694 2952 130 75 degrees
841 2952 84 75 from
945 2952 55 75 the
1025 2952 69 75 axis
1118 2952 41 75 of

2140 138 88 75 495-

1188 203 64 75 was
1270 203 33 75 at
1319 203 55 75 the
1390 203 85 75 noon
1491 203 40 75 of
1541 203 56 75 the
1613 203 112 75 fourth
1742 203 63 75 day
1827 203 41 75 of
1886 203 56 75 the
1959 203 263 75 creation-week,

1189 249 61 75 and
1266 249 71 75 that
1353 249 55 75 the
1420 249 96 75 moon
1532 249 67 75 was
1616 249 76 75 then
1715 249 41 75 24
1773 249 98 75 hours
1887 249 67 75 pad
1970 249 59 75 her
2045 249 176 75 oppofition

1191 296 34 75 to
1244 296 56 75 the
1325 296 67 75 fun.
1399 296 37 75 —
1443 296 37 75 If
1498 296 111 75 Mofes
1625 296 64 75 had
1705 296 70 75 told
1791 296 37 75 us
1845 296 55 75 the
1917 296 82 75 fame
2023 296 121 75 things,
2173 296 49 75 we

1191 342 111 75 Ihould
1318 342 81 75 have
1414 342 65 75 had
1495 342 154 75 fufficient
1665 342 80 75 data
1762 342 52 75 for
1829 342 102 75 fixing
1952 342 54 75 the
2029 342 64 75 tera
2109 342 40 75 of
2168 342 56 75 the

1193 388 164 75 creation:
1383 388 79 75 But,
1487 388 34 75 as
1537 388 41 75 he
1589 388 58 75 has
1664 388 80 75 been
1761 388 91 75 filent
1867 388 42 75 on
1927 388 86 75 thefe
2029 388 118 75 points,
2172 388 52 75 we

1194 435 79 75 muft
1284 435 140 75 cohfider
1440 435 57 75 the
1513 435 64 75 bed
1594 435 151 75 accounts
1764 435 41 75 of
1815 435 228 75 chronologers
2059 435 34 75 as
2109 435 102 75 entire

1198 482 34 75 ly
1248 482 219 75 hypothetical
1484 482 64 75 and
1563 482 177 75 uncertain.

1202 2270 55 75 the
1274 2270 139 75 ecliptic,
1439 2270 63 75 and
1517 2270 130 75 turning
1664 2270 102 75 round
1782 2270 31 75 in
1833 2270 68 75 25^
1917 2270 80 75 days
2016 2270 41 75 on
2082 2270 41 75 its
2147 2270 83 75 axis,

1202 2316 40 75 of
1260 2316 105 75 which
1391 2316 55 75 the
1470 2316 96 75 north
1591 2316 72 75 pole
1679 2316 130 75 inclines
1826 2316 125 75 toward
1968 2316 54 75 the
2040 2316 56 75 8th
2115 2316 117 75 degree

1202 2361 39 75 6f
1257 2361 107 75 Pifces
1380 2361 32 75 in
1430 2361 55 75 the
1501 2361 90 75 great
1614 2361 140 75 ecliptic,
1783 2361 87 75 (No.
1895 2361 84 75 11.),
2005 2361 148 75 whereon
2176 2361 56 75 the

1204 2410 126 75 months
1348 2410 62 75 and
1425 2410 80 75 days
1521 2410 52 75 are
1590 2410 157 75 engraven
1764 2410 77 75 over
1850 2410 57 75 the
1922 2410 80 75 figns
2020 2410 60 75 and
2097 2410 133 75 degrees

1204 2454 32 75 in
1260 2454 104 75 which
1390 2454 55 75 the
1468 2454 56 75 fun
1549 2454 406 75 appears,.as-feen-from
1979 2454 56 75 the
2057 2454 104 75 earth,
2187 2454 43 75 on

1204 2501 54 75 the
1274 2501 149 75 different
1438 2501 78 75 days
1533 2501 41 75 of
1591 2501 55 75 the
1662 2501 89 75 year.

1247 2548 76 75 The
1346 2548 119 75 neared
1490 2548 105 75 planet
1619 2548 86 75 (No.
1726 2548 51 75 2.)
1802 2548 36 75 to
1861 2548 56 75 the
1941 2548 100 75 funis
2058 2548 168 75 Mercury,

1201 2600 107 75 which
1322 2600 76 75 goes
1411 2600 102 75 round
1526 2600 66 75 him
1609 2600 33 75 in
1659 2600 43 75 87
1720 2600 79 75 days
1818 2600 41 75 23
1878 2600 111 75 hours,
2013 2600 35 75 or
2068 2600 95 75 87^
2177 2600 50 75 di-

1201 2640 89 75 urnal
1306 2640 157 75 rotations
1479 2640 40 75 of
1538 2640 57 75 the
1617 2640 111 75 earth;
1755 2640 58 75 but
1836 2640 56 75 has
1917 2640 42 75 no
1984 2640 119 75 motion
2125 2640 102 75 round

1203 2688 41 75 its
1261 2688 70 75 axis
1348 2688 33 75 in
1398 2688 54 75 the
1469 2688 157 75 machine,
1651 2688 131 75 becaufe
1799 2688 55 75 the
1878 2688 77 75 time
1977 2688 41 75 of
2036 2688 40 75 its
2102 2688 124 75 diurnal

1203 2734 121 75 motion
1340 2734 32 75 in
1389 2734 55 75 the
1455 2734 137 75 heavens
1608 2734 26 75 is
1652 2734 56 75 not
1725 2734 115 75 known
1856 2734 35 75 to
1908 2734 49 75 us.

1250 2781 74 75 The
1340 2781 78 75 next
1434 2781 107 75 planet
1556 2781 32 75 in
1612 2781 95 75 order
1729 2781 28 75 is
1772 2781 124 75 Venus,
1923 2781 87 75 (No.
2030 2781 64 75 3.),
2121 2781 105 75 which

1200 2842 155 75 performs
1371 2842 60 75 her
1447 2842 113 75 annual
1578 2842 164 75 courfe-in
1769 2842 67 75 224
1861 2842 78 75 days
1961 2842 39 75 17
2025 2842 110 75 hours,
2162 2842 64 75 and

1201 2874 90 75 turns
1308 2874 102 75 round
1425 2874 57 75 her
1494 2874 70 75 axis
1580 2874 33 75 in
1627 2874 44 75 24
1688 2874 78 75 days
1780 2874 19 75 8
1816 2874 112 75 hours,
1953 2874 36 75 or
2002 2874 31 75 in
2052 2874 70 75 244-
2136 2874 86 75 diur-

1202 2919 50 75 nal
1270 2919 153 75 rotations
1441 2919 40 75 of
1485 2919 62 75 the
1562 2919 104 75 earth.
1714 2919 71 75 Her
1797 2919 69 75 axis
1883 2919 129 75 inclines
2032 2919 42 75 75
2092 2919 131 75 degrees

1202 2969 83 75 from
1301 2969 55 75 the
1372 2969 70 75 axis
1458 2969 41 75 of
1511 2969 54 75 the
1582 2969 137 75 icliptic,
1746 2969 62 75 and
1823 2969 58 75 her
1896 2969 97 75 north
2008 2969 73 75 pole
2092 2969 130 75 inclines

2084 3037 158 75 towards'

1750 3217 38 75 t
