<?xml version="1.0" encoding="UTF-8"?>
<alto xmlns="http://www.loc.gov/standards/alto/v3/alto.xsd"><Description><MeasurementUnit>pixel</MeasurementUnit><sourceImageInformation><fileName>./data/pdfs/c_188936619/i_144133901/188082693.23.pdf</fileName></sourceImageInformation><OCRProcessing ID="IdOcr"><ocrProcessingStep><processingDateTime>Fri Jul 12 10:38:38 2019
</processingDateTime><processingSoftware><softwareCreator>CONTRIBUTORS</softwareCreator><softwareName>pdfalto</softwareName><softwareVersion>0.1</softwareVersion></processingSoftware></ocrProcessingStep></OCRProcessing></Description><Styles><TextStyle ID="font0" FONTFAMILY="times" FONTSIZE="10.000" FONTTYPE="serif" FONTWIDTH="proportional" FONTCOLOR="#WWWWWW" FONTSTYLE=""/></Styles><Layout><Page ID="Page674" PHYSICAL_IMG_NR="674" WIDTH="2397" HEIGHT="3387"><PrintSpace><TextLine WIDTH="1026" HEIGHT="75" ID="p674_t1" HPOS="754" VPOS="156"><String ID="p674_w1" CONTENT="BLEACHING." HPOS="754" VPOS="156" WIDTH="1026" HEIGHT="75" STYLEREFS="font0"/></TextLine><TextLine WIDTH="85" HEIGHT="75" ID="p674_t2" HPOS="203" VPOS="153"><String ID="p674_w2" CONTENT="5&lt;j&lt;$" HPOS="203" VPOS="153" WIDTH="85" HEIGHT="75" STYLEREFS="font0"/></TextLine><TextLine WIDTH="1040" HEIGHT="75" ID="p674_t3" HPOS="204" VPOS="226"><String ID="p674_w3" CONTENT="vegetables" HPOS="204" VPOS="226" WIDTH="182" HEIGHT="75" STYLEREFS="font0"/><SP WIDTH="25" VPOS="226" HPOS="386"/><String ID="p674_w4" CONTENT="are" HPOS="411" VPOS="226" WIDTH="55" HEIGHT="75" STYLEREFS="font0"/><SP WIDTH="28" VPOS="226" HPOS="466"/><String ID="p674_w5" CONTENT="immediately" HPOS="494" VPOS="226" WIDTH="218" HEIGHT="75" STYLEREFS="font0"/><SP WIDTH="25" VPOS="226" HPOS="712"/><String ID="p674_w6" CONTENT="put" HPOS="737" VPOS="226" WIDTH="57" HEIGHT="75" STYLEREFS="font0"/><SP WIDTH="27" VPOS="226" HPOS="794"/><String ID="p674_w7" CONTENT="into" HPOS="821" VPOS="226" WIDTH="69" HEIGHT="75" STYLEREFS="font0"/><SP WIDTH="28" VPOS="226" HPOS="890"/><String ID="p674_w8" CONTENT="boiling" HPOS="918" VPOS="226" WIDTH="122" HEIGHT="75" STYLEREFS="font0"/><SP WIDTH="28" VPOS="226" HPOS="1040"/><String ID="p674_w9" CONTENT="water" HPOS="1068" VPOS="226" WIDTH="100" HEIGHT="75" STYLEREFS="font0"/><SP WIDTH="32" VPOS="226" HPOS="1168"/><String ID="p674_w10" CONTENT="by" HPOS="1200" VPOS="226" WIDTH="44" HEIGHT="75" STYLEREFS="font0"/></TextLine><TextLine WIDTH="1038" HEIGHT="75" ID="p674_t4" HPOS="205" VPOS="273"><String ID="p674_w11" CONTENT="cooks," HPOS="205" VPOS="273" WIDTH="114" HEIGHT="75" STYLEREFS="font0"/><SP WIDTH="26" VPOS="273" HPOS="319"/><String ID="p674_w12" CONTENT="that" HPOS="345" VPOS="273" WIDTH="71" HEIGHT="75" STYLEREFS="font0"/><SP WIDTH="17" VPOS="273" HPOS="416"/><String ID="p674_w13" CONTENT="thefe" HPOS="433" VPOS="273" WIDTH="88" HEIGHT="75" STYLEREFS="font0"/><SP WIDTH="17" VPOS="273" HPOS="521"/><String ID="p674_w14" CONTENT="fubftances" HPOS="538" VPOS="273" WIDTH="176" HEIGHT="75" STYLEREFS="font0"/><SP WIDTH="19" VPOS="273" HPOS="714"/><String ID="p674_w15" CONTENT="may" HPOS="733" VPOS="273" WIDTH="72" HEIGHT="75" STYLEREFS="font0"/><SP WIDTH="12" VPOS="273" HPOS="805"/><String ID="p674_w16" CONTENT="preferve" HPOS="817" VPOS="273" WIDTH="144" HEIGHT="75" STYLEREFS="font0"/><SP WIDTH="16" VPOS="273" HPOS="961"/><String ID="p674_w17" CONTENT="their" HPOS="977" VPOS="273" WIDTH="85" HEIGHT="75" STYLEREFS="font0"/><SP WIDTH="16" VPOS="273" HPOS="1062"/><String ID="p674_w18" CONTENT="green" HPOS="1078" VPOS="273" WIDTH="98" HEIGHT="75" STYLEREFS="font0"/><SP WIDTH="13" VPOS="273" HPOS="1176"/><String ID="p674_w19" CONTENT="co-" HPOS="1189" VPOS="273" WIDTH="54" HEIGHT="75" STYLEREFS="font0"/></TextLine><TextLine WIDTH="1040" HEIGHT="75" ID="p674_t5" HPOS="203" VPOS="319"><String ID="p674_w20" CONTENT="lour," HPOS="203" VPOS="319" WIDTH="85" HEIGHT="75" STYLEREFS="font0"/><SP WIDTH="25" VPOS="319" HPOS="288"/><String ID="p674_w21" CONTENT="which" HPOS="313" VPOS="319" WIDTH="106" HEIGHT="75" STYLEREFS="font0"/><SP WIDTH="19" VPOS="319" HPOS="419"/><String ID="p674_w22" CONTENT="is" HPOS="438" VPOS="319" WIDTH="25" HEIGHT="75" STYLEREFS="font0"/><SP WIDTH="18" VPOS="319" HPOS="463"/><String ID="p674_w23" CONTENT="only" HPOS="481" VPOS="319" WIDTH="77" HEIGHT="75" STYLEREFS="font0"/><SP WIDTH="23" VPOS="319" HPOS="558"/><String ID="p674_w24" CONTENT="to" HPOS="581" VPOS="319" WIDTH="35" HEIGHT="75" STYLEREFS="font0"/><SP WIDTH="19" VPOS="319" HPOS="616"/><String ID="p674_w25" CONTENT="be" HPOS="635" VPOS="319" WIDTH="39" HEIGHT="75" STYLEREFS="font0"/><SP WIDTH="16" VPOS="319" HPOS="674"/><String ID="p674_w26" CONTENT="done" HPOS="690" VPOS="319" WIDTH="84" HEIGHT="75" STYLEREFS="font0"/><SP WIDTH="23" VPOS="319" HPOS="774"/><String ID="p674_w27" CONTENT="by" HPOS="797" VPOS="319" WIDTH="44" HEIGHT="75" STYLEREFS="font0"/><SP WIDTH="17" VPOS="319" HPOS="841"/><String ID="p674_w28" CONTENT="hindering" HPOS="858" VPOS="319" WIDTH="169" HEIGHT="75" STYLEREFS="font0"/><SP WIDTH="25" VPOS="319" HPOS="1027"/><String ID="p674_w29" CONTENT="them" HPOS="1052" VPOS="319" WIDTH="87" HEIGHT="75" STYLEREFS="font0"/><SP WIDTH="19" VPOS="319" HPOS="1139"/><String ID="p674_w30" CONTENT="from" HPOS="1158" VPOS="319" WIDTH="85" HEIGHT="75" STYLEREFS="font0"/></TextLine><TextLine WIDTH="1039" HEIGHT="75" ID="p674_t6" HPOS="203" VPOS="366"><String ID="p674_w31" CONTENT="turning" HPOS="203" VPOS="366" WIDTH="131" HEIGHT="75" STYLEREFS="font0"/><SP WIDTH="16" VPOS="366" HPOS="334"/><String ID="p674_w32" CONTENT="too" HPOS="350" VPOS="366" WIDTH="57" HEIGHT="75" STYLEREFS="font0"/><SP WIDTH="23" VPOS="366" HPOS="407"/><String ID="p674_w33" CONTENT="foft." HPOS="430" VPOS="366" WIDTH="77" HEIGHT="75" STYLEREFS="font0"/><SP WIDTH="50" VPOS="366" HPOS="507"/><String ID="p674_w34" CONTENT="Boiling" HPOS="557" VPOS="366" WIDTH="131" HEIGHT="75" STYLEREFS="font0"/><SP WIDTH="16" VPOS="366" HPOS="688"/><String ID="p674_w35" CONTENT="water" HPOS="704" VPOS="366" WIDTH="98" HEIGHT="75" STYLEREFS="font0"/><SP WIDTH="27" VPOS="366" HPOS="802"/><String ID="p674_w36" CONTENT="has" HPOS="829" VPOS="366" WIDTH="57" HEIGHT="75" STYLEREFS="font0"/><SP WIDTH="18" VPOS="366" HPOS="886"/><String ID="p674_w37" CONTENT="the" HPOS="904" VPOS="366" WIDTH="55" HEIGHT="75" STYLEREFS="font0"/><SP WIDTH="24" VPOS="366" HPOS="959"/><String ID="p674_w38" CONTENT="fame" HPOS="983" VPOS="366" WIDTH="84" HEIGHT="75" STYLEREFS="font0"/><SP WIDTH="22" VPOS="366" HPOS="1067"/><String ID="p674_w39" CONTENT="effeft" HPOS="1089" VPOS="366" WIDTH="94" HEIGHT="75" STYLEREFS="font0"/><SP WIDTH="17" VPOS="366" HPOS="1183"/><String ID="p674_w40" CONTENT="on" HPOS="1200" VPOS="366" WIDTH="42" HEIGHT="75" STYLEREFS="font0"/></TextLine><TextLine WIDTH="1034" HEIGHT="75" ID="p674_t7" HPOS="204" VPOS="413"><String ID="p674_w41" CONTENT="animal" HPOS="204" VPOS="413" WIDTH="116" HEIGHT="75" STYLEREFS="font0"/><SP WIDTH="17" VPOS="413" HPOS="320"/><String ID="p674_w42" CONTENT="fubflances;" HPOS="337" VPOS="413" WIDTH="198" HEIGHT="75" STYLEREFS="font0"/><SP WIDTH="29" VPOS="413" HPOS="535"/><String ID="p674_w43" CONTENT="for" HPOS="564" VPOS="413" WIDTH="51" HEIGHT="75" STYLEREFS="font0"/><SP WIDTH="11" VPOS="413" HPOS="615"/><String ID="p674_w44" CONTENT="if" HPOS="626" VPOS="413" WIDTH="31" HEIGHT="75" STYLEREFS="font0"/><SP WIDTH="12" VPOS="413" HPOS="657"/><String ID="p674_w45" CONTENT="fait" HPOS="669" VPOS="413" WIDTH="59" HEIGHT="75" STYLEREFS="font0"/><SP WIDTH="17" VPOS="413" HPOS="728"/><String ID="p674_w46" CONTENT="beef" HPOS="745" VPOS="413" WIDTH="78" HEIGHT="75" STYLEREFS="font0"/><SP WIDTH="18" VPOS="413" HPOS="823"/><String ID="p674_w47" CONTENT="is" HPOS="841" VPOS="413" WIDTH="27" HEIGHT="75" STYLEREFS="font0"/><SP WIDTH="17" VPOS="413" HPOS="868"/><String ID="p674_w48" CONTENT="put" HPOS="885" VPOS="413" WIDTH="57" HEIGHT="75" STYLEREFS="font0"/><SP WIDTH="16" VPOS="413" HPOS="942"/><String ID="p674_w49" CONTENT="into" HPOS="958" VPOS="413" WIDTH="68" HEIGHT="75" STYLEREFS="font0"/><SP WIDTH="17" VPOS="413" HPOS="1026"/><String ID="p674_w50" CONTENT="it," HPOS="1043" VPOS="413" WIDTH="37" HEIGHT="75" STYLEREFS="font0"/><SP WIDTH="27" VPOS="413" HPOS="1080"/><String ID="p674_w51" CONTENT="the" HPOS="1107" VPOS="413" WIDTH="55" HEIGHT="75" STYLEREFS="font0"/><SP WIDTH="13" VPOS="413" HPOS="1162"/><String ID="p674_w52" CONTENT="wa-" HPOS="1175" VPOS="413" WIDTH="63" HEIGHT="75" STYLEREFS="font0"/></TextLine><TextLine WIDTH="1043" HEIGHT="75" ID="p674_t8" HPOS="203" VPOS="460"><String ID="p674_w53" CONTENT="ter" HPOS="203" VPOS="460" WIDTH="51" HEIGHT="75" STYLEREFS="font0"/><SP WIDTH="15" VPOS="460" HPOS="254"/><String ID="p674_w54" CONTENT="is" HPOS="269" VPOS="460" WIDTH="26" HEIGHT="75" STYLEREFS="font0"/><SP WIDTH="18" VPOS="460" HPOS="295"/><String ID="p674_w55" CONTENT="kept" HPOS="313" VPOS="460" WIDTH="76" HEIGHT="75" STYLEREFS="font0"/><SP WIDTH="19" VPOS="460" HPOS="389"/><String ID="p674_w56" CONTENT="from" HPOS="408" VPOS="460" WIDTH="83" HEIGHT="75" STYLEREFS="font0"/><SP WIDTH="24" VPOS="460" HPOS="491"/><String ID="p674_w57" CONTENT="getting" HPOS="515" VPOS="460" WIDTH="125" HEIGHT="75" STYLEREFS="font0"/><SP WIDTH="18" VPOS="460" HPOS="640"/><String ID="p674_w58" CONTENT="at" HPOS="658" VPOS="460" WIDTH="31" HEIGHT="75" STYLEREFS="font0"/><SP WIDTH="18" VPOS="460" HPOS="689"/><String ID="p674_w59" CONTENT="the" HPOS="707" VPOS="460" WIDTH="55" HEIGHT="75" STYLEREFS="font0"/><SP WIDTH="16" VPOS="460" HPOS="762"/><String ID="p674_w60" CONTENT="falls," HPOS="778" VPOS="460" WIDTH="87" HEIGHT="75" STYLEREFS="font0"/><SP WIDTH="27" VPOS="460" HPOS="865"/><String ID="p674_w61" CONTENT="from" HPOS="892" VPOS="460" WIDTH="85" HEIGHT="75" STYLEREFS="font0"/><SP WIDTH="17" VPOS="460" HPOS="977"/><String ID="p674_w62" CONTENT="the" HPOS="994" VPOS="460" WIDTH="56" HEIGHT="75" STYLEREFS="font0"/><SP WIDTH="16" VPOS="460" HPOS="1050"/><String ID="p674_w63" CONTENT="outfide" HPOS="1066" VPOS="460" WIDTH="122" HEIGHT="75" STYLEREFS="font0"/><SP WIDTH="18" VPOS="460" HPOS="1188"/><String ID="p674_w64" CONTENT="of" HPOS="1206" VPOS="460" WIDTH="40" HEIGHT="75" STYLEREFS="font0"/></TextLine><TextLine WIDTH="456" HEIGHT="75" ID="p674_t9" HPOS="204" VPOS="507"><String ID="p674_w65" CONTENT="the" HPOS="204" VPOS="507" WIDTH="56" HEIGHT="75" STYLEREFS="font0"/><SP WIDTH="17" VPOS="507" HPOS="260"/><String ID="p674_w66" CONTENT="beef" HPOS="277" VPOS="507" WIDTH="83" HEIGHT="75" STYLEREFS="font0"/><SP WIDTH="15" VPOS="507" HPOS="360"/><String ID="p674_w67" CONTENT="being" HPOS="375" VPOS="507" WIDTH="94" HEIGHT="75" STYLEREFS="font0"/><SP WIDTH="16" VPOS="507" HPOS="469"/><String ID="p674_w68" CONTENT="hardened." HPOS="485" VPOS="507" WIDTH="175" HEIGHT="75" STYLEREFS="font0"/></TextLine><TextLine WIDTH="988" HEIGHT="75" ID="p674_t10" HPOS="251" VPOS="554"><String ID="p674_w69" CONTENT="But" HPOS="251" VPOS="554" WIDTH="66" HEIGHT="75" STYLEREFS="font0"/><SP WIDTH="17" VPOS="554" HPOS="317"/><String ID="p674_w70" CONTENT="when" HPOS="334" VPOS="554" WIDTH="93" HEIGHT="75" STYLEREFS="font0"/><SP WIDTH="14" VPOS="554" HPOS="427"/><String ID="p674_w71" CONTENT="we" HPOS="441" VPOS="554" WIDTH="47" HEIGHT="75" STYLEREFS="font0"/><SP WIDTH="17" VPOS="554" HPOS="488"/><String ID="p674_w72" CONTENT="confider," HPOS="505" VPOS="554" WIDTH="153" HEIGHT="75" STYLEREFS="font0"/><SP WIDTH="26" VPOS="554" HPOS="658"/><String ID="p674_w73" CONTENT="how" HPOS="684" VPOS="554" WIDTH="75" HEIGHT="75" STYLEREFS="font0"/><SP WIDTH="16" VPOS="554" HPOS="759"/><String ID="p674_w74" CONTENT="much" HPOS="775" VPOS="554" WIDTH="96" HEIGHT="75" STYLEREFS="font0"/><SP WIDTH="17" VPOS="554" HPOS="871"/><String ID="p674_w75" CONTENT="of" HPOS="888" VPOS="554" WIDTH="40" HEIGHT="75" STYLEREFS="font0"/><SP WIDTH="12" VPOS="554" HPOS="928"/><String ID="p674_w76" CONTENT="an" HPOS="940" VPOS="554" WIDTH="38" HEIGHT="75" STYLEREFS="font0"/><SP WIDTH="18" VPOS="554" HPOS="978"/><String ID="p674_w77" CONTENT="oily" HPOS="996" VPOS="554" WIDTH="66" HEIGHT="75" STYLEREFS="font0"/><SP WIDTH="16" VPOS="554" HPOS="1062"/><String ID="p674_w78" CONTENT="fubftance" HPOS="1078" VPOS="554" WIDTH="161" HEIGHT="75" STYLEREFS="font0"/></TextLine><TextLine WIDTH="1038" HEIGHT="75" ID="p674_t11" HPOS="202" VPOS="602"><String ID="p674_w79" CONTENT="there" HPOS="202" VPOS="602" WIDTH="93" HEIGHT="75" STYLEREFS="font0"/><SP WIDTH="17" VPOS="602" HPOS="295"/><String ID="p674_w80" CONTENT="is" HPOS="312" VPOS="602" WIDTH="26" HEIGHT="75" STYLEREFS="font0"/><SP WIDTH="28" VPOS="602" HPOS="338"/><String ID="p674_w81" CONTENT="in" HPOS="366" VPOS="602" WIDTH="32" HEIGHT="75" STYLEREFS="font0"/><SP WIDTH="17" VPOS="602" HPOS="398"/><String ID="p674_w82" CONTENT="the" HPOS="415" VPOS="602" WIDTH="56" HEIGHT="75" STYLEREFS="font0"/><SP WIDTH="23" VPOS="602" HPOS="471"/><String ID="p674_w83" CONTENT="cloth," HPOS="494" VPOS="602" WIDTH="101" HEIGHT="75" STYLEREFS="font0"/><SP WIDTH="26" VPOS="602" HPOS="595"/><String ID="p674_w84" CONTENT="efpecially" HPOS="621" VPOS="602" WIDTH="169" HEIGHT="75" STYLEREFS="font0"/><SP WIDTH="25" VPOS="602" HPOS="790"/><String ID="p674_w85" CONTENT="at" HPOS="815" VPOS="602" WIDTH="32" HEIGHT="75" STYLEREFS="font0"/><SP WIDTH="25" VPOS="602" HPOS="847"/><String ID="p674_w86" CONTENT="firft," HPOS="872" VPOS="602" WIDTH="76" HEIGHT="75" STYLEREFS="font0"/><SP WIDTH="26" VPOS="602" HPOS="948"/><String ID="p674_w87" CONTENT="which" HPOS="974" VPOS="602" WIDTH="107" HEIGHT="75" STYLEREFS="font0"/><SP WIDTH="23" VPOS="602" HPOS="1081"/><String ID="p674_w88" CONTENT="will" HPOS="1104" VPOS="602" WIDTH="68" HEIGHT="75" STYLEREFS="font0"/><SP WIDTH="16" VPOS="602" HPOS="1172"/><String ID="p674_w89" CONTENT="for" HPOS="1188" VPOS="602" WIDTH="52" HEIGHT="75" STYLEREFS="font0"/></TextLine><TextLine WIDTH="1041" HEIGHT="75" ID="p674_t12" HPOS="204" VPOS="649"><String ID="p674_w90" CONTENT="fome" HPOS="204" VPOS="649" WIDTH="86" HEIGHT="75" STYLEREFS="font0"/><SP WIDTH="28" VPOS="649" HPOS="290"/><String ID="p674_w91" CONTENT="time" HPOS="318" VPOS="649" WIDTH="77" HEIGHT="75" STYLEREFS="font0"/><SP WIDTH="18" VPOS="649" HPOS="395"/><String ID="p674_w92" CONTENT="keep" HPOS="413" VPOS="649" WIDTH="81" HEIGHT="75" STYLEREFS="font0"/><SP WIDTH="16" VPOS="649" HPOS="494"/><String ID="p674_w93" CONTENT="off" HPOS="510" VPOS="649" WIDTH="53" HEIGHT="75" STYLEREFS="font0"/><SP WIDTH="22" VPOS="649" HPOS="563"/><String ID="p674_w94" CONTENT="the" HPOS="585" VPOS="649" WIDTH="56" HEIGHT="75" STYLEREFS="font0"/><SP WIDTH="16" VPOS="649" HPOS="641"/><String ID="p674_w95" CONTENT="water," HPOS="657" VPOS="649" WIDTH="114" HEIGHT="75" STYLEREFS="font0"/><SP WIDTH="26" VPOS="649" HPOS="771"/><String ID="p674_w96" CONTENT="and" HPOS="797" VPOS="649" WIDTH="63" HEIGHT="75" STYLEREFS="font0"/><SP WIDTH="15" VPOS="649" HPOS="860"/><String ID="p674_w97" CONTENT="how" HPOS="875" VPOS="649" WIDTH="75" HEIGHT="75" STYLEREFS="font0"/><SP WIDTH="16" VPOS="649" HPOS="950"/><String ID="p674_w98" CONTENT="the" HPOS="966" VPOS="649" WIDTH="57" HEIGHT="75" STYLEREFS="font0"/><SP WIDTH="27" VPOS="649" HPOS="1023"/><String ID="p674_w99" CONTENT="twilling" HPOS="1050" VPOS="649" WIDTH="138" HEIGHT="75" STYLEREFS="font0"/><SP WIDTH="16" VPOS="649" HPOS="1188"/><String ID="p674_w100" CONTENT="of" HPOS="1204" VPOS="649" WIDTH="41" HEIGHT="75" STYLEREFS="font0"/></TextLine><TextLine WIDTH="1037" HEIGHT="75" ID="p674_t13" HPOS="202" VPOS="695"><String ID="p674_w101" CONTENT="the" HPOS="202" VPOS="695" WIDTH="57" HEIGHT="75" STYLEREFS="font0"/><SP WIDTH="25" VPOS="695" HPOS="259"/><String ID="p674_w102" CONTENT="threads," HPOS="284" VPOS="695" WIDTH="144" HEIGHT="75" STYLEREFS="font0"/><SP WIDTH="25" VPOS="695" HPOS="428"/><String ID="p674_w103" CONTENT="and" HPOS="453" VPOS="695" WIDTH="62" HEIGHT="75" STYLEREFS="font0"/><SP WIDTH="17" VPOS="695" HPOS="515"/><String ID="p674_w104" CONTENT="clofenefs" HPOS="532" VPOS="695" WIDTH="154" HEIGHT="75" STYLEREFS="font0"/><SP WIDTH="20" VPOS="695" HPOS="686"/><String ID="p674_w105" CONTENT="of" HPOS="706" VPOS="695" WIDTH="41" HEIGHT="75" STYLEREFS="font0"/><SP WIDTH="21" VPOS="695" HPOS="747"/><String ID="p674_w106" CONTENT="the" HPOS="768" VPOS="695" WIDTH="57" HEIGHT="75" STYLEREFS="font0"/><SP WIDTH="29" VPOS="695" HPOS="825"/><String ID="p674_w107" CONTENT="texture," HPOS="854" VPOS="695" WIDTH="143" HEIGHT="75" STYLEREFS="font0"/><SP WIDTH="30" VPOS="695" HPOS="997"/><String ID="p674_w108" CONTENT="hinders" HPOS="1027" VPOS="695" WIDTH="130" HEIGHT="75" STYLEREFS="font0"/><SP WIDTH="26" VPOS="695" HPOS="1157"/><String ID="p674_w109" CONTENT="the" HPOS="1183" VPOS="695" WIDTH="56" HEIGHT="75" STYLEREFS="font0"/></TextLine><TextLine WIDTH="1037" HEIGHT="75" ID="p674_t14" HPOS="201" VPOS="744"><String ID="p674_w110" CONTENT="water" HPOS="201" VPOS="744" WIDTH="102" HEIGHT="75" STYLEREFS="font0"/><SP WIDTH="15" VPOS="744" HPOS="303"/><String ID="p674_w111" CONTENT="from" HPOS="318" VPOS="744" WIDTH="86" HEIGHT="75" STYLEREFS="font0"/><SP WIDTH="12" VPOS="744" HPOS="404"/><String ID="p674_w112" CONTENT="penetrating," HPOS="416" VPOS="744" WIDTH="212" HEIGHT="75" STYLEREFS="font0"/><SP WIDTH="27" VPOS="744" HPOS="628"/><String ID="p674_w113" CONTENT="we" HPOS="655" VPOS="744" WIDTH="47" HEIGHT="75" STYLEREFS="font0"/><SP WIDTH="16" VPOS="744" HPOS="702"/><String ID="p674_w114" CONTENT="lhall" HPOS="718" VPOS="744" WIDTH="75" HEIGHT="75" STYLEREFS="font0"/><SP WIDTH="18" VPOS="744" HPOS="793"/><String ID="p674_w115" CONTENT="find," HPOS="811" VPOS="744" WIDTH="79" HEIGHT="75" STYLEREFS="font0"/><SP WIDTH="25" VPOS="744" HPOS="890"/><String ID="p674_w116" CONTENT="that" HPOS="915" VPOS="744" WIDTH="70" HEIGHT="75" STYLEREFS="font0"/><SP WIDTH="17" VPOS="744" HPOS="985"/><String ID="p674_w117" CONTENT="if" HPOS="1002" VPOS="744" WIDTH="31" HEIGHT="75" STYLEREFS="font0"/><SP WIDTH="11" VPOS="744" HPOS="1033"/><String ID="p674_w118" CONTENT="boiling" HPOS="1044" VPOS="744" WIDTH="122" HEIGHT="75" STYLEREFS="font0"/><SP WIDTH="9" VPOS="744" HPOS="1166"/><String ID="p674_w119" CONTENT="wa-" HPOS="1175" VPOS="744" WIDTH="63" HEIGHT="75" STYLEREFS="font0"/></TextLine><TextLine WIDTH="1036" HEIGHT="75" ID="p674_t15" HPOS="202" VPOS="789"><String ID="p674_w120" CONTENT="ter" HPOS="202" VPOS="789" WIDTH="50" HEIGHT="75" STYLEREFS="font0"/><SP WIDTH="18" VPOS="789" HPOS="252"/><String ID="p674_w121" CONTENT="were" HPOS="270" VPOS="789" WIDTH="83" HEIGHT="75" STYLEREFS="font0"/><SP WIDTH="16" VPOS="789" HPOS="353"/><String ID="p674_w122" CONTENT="put" HPOS="369" VPOS="789" WIDTH="56" HEIGHT="75" STYLEREFS="font0"/><SP WIDTH="17" VPOS="789" HPOS="425"/><String ID="p674_w123" CONTENT="on" HPOS="442" VPOS="789" WIDTH="42" HEIGHT="75" STYLEREFS="font0"/><SP WIDTH="26" VPOS="789" HPOS="484"/><String ID="p674_w124" CONTENT="it" HPOS="510" VPOS="789" WIDTH="27" HEIGHT="75" STYLEREFS="font0"/><SP WIDTH="17" VPOS="789" HPOS="537"/><String ID="p674_w125" CONTENT="at" HPOS="554" VPOS="789" WIDTH="31" HEIGHT="75" STYLEREFS="font0"/><SP WIDTH="17" VPOS="789" HPOS="585"/><String ID="p674_w126" CONTENT="once," HPOS="602" VPOS="789" WIDTH="92" HEIGHT="75" STYLEREFS="font0"/><SP WIDTH="27" VPOS="789" HPOS="694"/><String ID="p674_w127" CONTENT="the" HPOS="721" VPOS="789" WIDTH="57" HEIGHT="75" STYLEREFS="font0"/><SP WIDTH="14" VPOS="789" HPOS="778"/><String ID="p674_w128" CONTENT="cloth" HPOS="792" VPOS="789" WIDTH="88" HEIGHT="75" STYLEREFS="font0"/><SP WIDTH="18" VPOS="789" HPOS="880"/><String ID="p674_w129" CONTENT="might" HPOS="898" VPOS="789" WIDTH="102" HEIGHT="75" STYLEREFS="font0"/><SP WIDTH="17" VPOS="789" HPOS="1000"/><String ID="p674_w130" CONTENT="be" HPOS="1017" VPOS="789" WIDTH="39" HEIGHT="75" STYLEREFS="font0"/><SP WIDTH="16" VPOS="789" HPOS="1056"/><String ID="p674_w131" CONTENT="liable," HPOS="1072" VPOS="789" WIDTH="109" HEIGHT="75" STYLEREFS="font0"/><SP WIDTH="25" VPOS="789" HPOS="1181"/><String ID="p674_w132" CONTENT="in" HPOS="1206" VPOS="789" WIDTH="32" HEIGHT="75" STYLEREFS="font0"/></TextLine><TextLine WIDTH="1042" HEIGHT="75" ID="p674_t16" HPOS="199" VPOS="837"><String ID="p674_w133" CONTENT="feveral" HPOS="199" VPOS="837" WIDTH="123" HEIGHT="75" STYLEREFS="font0"/><SP WIDTH="16" VPOS="837" HPOS="322"/><String ID="p674_w134" CONTENT="parts," HPOS="338" VPOS="837" WIDTH="99" HEIGHT="75" STYLEREFS="font0"/><SP WIDTH="26" VPOS="837" HPOS="437"/><String ID="p674_w135" CONTENT="to" HPOS="463" VPOS="837" WIDTH="34" HEIGHT="75" STYLEREFS="font0"/><SP WIDTH="14" VPOS="837" HPOS="497"/><String ID="p674_w136" CONTENT="a" HPOS="511" VPOS="837" WIDTH="18" HEIGHT="75" STYLEREFS="font0"/><SP WIDTH="11" VPOS="837" HPOS="529"/><String ID="p674_w137" CONTENT="dry" HPOS="540" VPOS="837" WIDTH="60" HEIGHT="75" STYLEREFS="font0"/><SP WIDTH="17" VPOS="837" HPOS="600"/><String ID="p674_w138" CONTENT="heat," HPOS="617" VPOS="837" WIDTH="87" HEIGHT="75" STYLEREFS="font0"/><SP WIDTH="25" VPOS="837" HPOS="704"/><String ID="p674_w139" CONTENT="which" HPOS="729" VPOS="837" WIDTH="106" HEIGHT="75" STYLEREFS="font0"/><SP WIDTH="17" VPOS="837" HPOS="835"/><String ID="p674_w140" CONTENT="would" HPOS="852" VPOS="837" WIDTH="108" HEIGHT="75" STYLEREFS="font0"/><SP WIDTH="17" VPOS="837" HPOS="960"/><String ID="p674_w141" CONTENT="be" HPOS="977" VPOS="837" WIDTH="40" HEIGHT="75" STYLEREFS="font0"/><SP WIDTH="13" VPOS="837" HPOS="1017"/><String ID="p674_w142" CONTENT="much" HPOS="1030" VPOS="837" WIDTH="95" HEIGHT="75" STYLEREFS="font0"/><SP WIDTH="12" VPOS="837" HPOS="1125"/><String ID="p674_w143" CONTENT="worfe" HPOS="1137" VPOS="837" WIDTH="104" HEIGHT="75" STYLEREFS="font0"/></TextLine><TextLine WIDTH="1040" HEIGHT="75" ID="p674_t17" HPOS="198" VPOS="884"><String ID="p674_w144" CONTENT="than" HPOS="198" VPOS="884" WIDTH="81" HEIGHT="75" STYLEREFS="font0"/><SP WIDTH="18" VPOS="884" HPOS="279"/><String ID="p674_w145" CONTENT="a" HPOS="297" VPOS="884" WIDTH="17" HEIGHT="75" STYLEREFS="font0"/><SP WIDTH="21" VPOS="884" HPOS="314"/><String ID="p674_w146" CONTENT="wet" HPOS="335" VPOS="884" WIDTH="63" HEIGHT="75" STYLEREFS="font0"/><SP WIDTH="18" VPOS="884" HPOS="398"/><String ID="p674_w147" CONTENT="one." HPOS="416" VPOS="884" WIDTH="73" HEIGHT="75" STYLEREFS="font0"/><SP WIDTH="48" VPOS="884" HPOS="489"/><String ID="p674_w148" CONTENT="That" HPOS="537" VPOS="884" WIDTH="93" HEIGHT="75" STYLEREFS="font0"/><SP WIDTH="24" VPOS="884" HPOS="630"/><String ID="p674_w149" CONTENT="the" HPOS="654" VPOS="884" WIDTH="56" HEIGHT="75" STYLEREFS="font0"/><SP WIDTH="27" VPOS="884" HPOS="710"/><String ID="p674_w150" CONTENT="lyes" HPOS="737" VPOS="884" WIDTH="69" HEIGHT="75" STYLEREFS="font0"/><SP WIDTH="16" VPOS="884" HPOS="806"/><String ID="p674_w151" CONTENT="have" HPOS="822" VPOS="884" WIDTH="81" HEIGHT="75" STYLEREFS="font0"/><SP WIDTH="24" VPOS="884" HPOS="903"/><String ID="p674_w152" CONTENT="not" HPOS="927" VPOS="884" WIDTH="56" HEIGHT="75" STYLEREFS="font0"/><SP WIDTH="28" VPOS="884" HPOS="983"/><String ID="p674_w153" CONTENT="accefs" HPOS="1011" VPOS="884" WIDTH="104" HEIGHT="75" STYLEREFS="font0"/><SP WIDTH="29" VPOS="884" HPOS="1115"/><String ID="p674_w154" CONTENT="to" HPOS="1144" VPOS="884" WIDTH="35" HEIGHT="75" STYLEREFS="font0"/><SP WIDTH="17" VPOS="884" HPOS="1179"/><String ID="p674_w155" CONTENT="all" HPOS="1196" VPOS="884" WIDTH="42" HEIGHT="75" STYLEREFS="font0"/></TextLine><TextLine WIDTH="1036" HEIGHT="75" ID="p674_t18" HPOS="200" VPOS="931"><String ID="p674_w156" CONTENT="parts" HPOS="200" VPOS="931" WIDTH="89" HEIGHT="75" STYLEREFS="font0"/><SP WIDTH="25" VPOS="931" HPOS="289"/><String ID="p674_w157" CONTENT="of" HPOS="314" VPOS="931" WIDTH="40" HEIGHT="75" STYLEREFS="font0"/><SP WIDTH="22" VPOS="931" HPOS="354"/><String ID="p674_w158" CONTENT="the" HPOS="376" VPOS="931" WIDTH="56" HEIGHT="75" STYLEREFS="font0"/><SP WIDTH="28" VPOS="931" HPOS="432"/><String ID="p674_w159" CONTENT="cloth," HPOS="460" VPOS="931" WIDTH="102" HEIGHT="75" STYLEREFS="font0"/><SP WIDTH="26" VPOS="931" HPOS="562"/><String ID="p674_w160" CONTENT="at" HPOS="588" VPOS="931" WIDTH="32" HEIGHT="75" STYLEREFS="font0"/><SP WIDTH="25" VPOS="931" HPOS="620"/><String ID="p674_w161" CONTENT="firft," HPOS="645" VPOS="931" WIDTH="76" HEIGHT="75" STYLEREFS="font0"/><SP WIDTH="26" VPOS="931" HPOS="721"/><String ID="p674_w162" CONTENT="appears" HPOS="747" VPOS="931" WIDTH="131" HEIGHT="75" STYLEREFS="font0"/><SP WIDTH="29" VPOS="931" HPOS="878"/><String ID="p674_w163" CONTENT="plainly" HPOS="907" VPOS="931" WIDTH="122" HEIGHT="75" STYLEREFS="font0"/><SP WIDTH="15" VPOS="931" HPOS="1029"/><String ID="p674_w164" CONTENT="from" HPOS="1044" VPOS="931" WIDTH="86" HEIGHT="75" STYLEREFS="font0"/><SP WIDTH="28" VPOS="931" HPOS="1130"/><String ID="p674_w165" CONTENT="this," HPOS="1158" VPOS="931" WIDTH="78" HEIGHT="75" STYLEREFS="font0"/></TextLine><TextLine WIDTH="1039" HEIGHT="75" ID="p674_t19" HPOS="199" VPOS="977"><String ID="p674_w166" CONTENT="that" HPOS="199" VPOS="977" WIDTH="73" HEIGHT="75" STYLEREFS="font0"/><SP WIDTH="16" VPOS="977" HPOS="272"/><String ID="p674_w167" CONTENT="when" HPOS="288" VPOS="977" WIDTH="93" HEIGHT="75" STYLEREFS="font0"/><SP WIDTH="24" VPOS="977" HPOS="381"/><String ID="p674_w168" CONTENT="it" HPOS="405" VPOS="977" WIDTH="26" HEIGHT="75" STYLEREFS="font0"/><SP WIDTH="16" VPOS="977" HPOS="431"/><String ID="p674_w169" CONTENT="has" HPOS="447" VPOS="977" WIDTH="57" HEIGHT="75" STYLEREFS="font0"/><SP WIDTH="18" VPOS="977" HPOS="504"/><String ID="p674_w170" CONTENT="lain," HPOS="522" VPOS="977" WIDTH="79" HEIGHT="75" STYLEREFS="font0"/><SP WIDTH="23" VPOS="977" HPOS="601"/><String ID="p674_w171" CONTENT="after" HPOS="624" VPOS="977" WIDTH="84" HEIGHT="75" STYLEREFS="font0"/><SP WIDTH="16" VPOS="977" HPOS="708"/><String ID="p674_w172" CONTENT="the" HPOS="724" VPOS="977" WIDTH="54" HEIGHT="75" STYLEREFS="font0"/><SP WIDTH="18" VPOS="977" HPOS="778"/><String ID="p674_w173" CONTENT="firft" HPOS="796" VPOS="977" WIDTH="64" HEIGHT="75" STYLEREFS="font0"/><SP WIDTH="16" VPOS="977" HPOS="860"/><String ID="p674_w174" CONTENT="bucking," HPOS="876" VPOS="977" WIDTH="152" HEIGHT="75" STYLEREFS="font0"/><SP WIDTH="25" VPOS="977" HPOS="1028"/><String ID="p674_w175" CONTENT="till" HPOS="1053" VPOS="977" WIDTH="52" HEIGHT="75" STYLEREFS="font0"/><SP WIDTH="17" VPOS="977" HPOS="1105"/><String ID="p674_w176" CONTENT="all" HPOS="1122" VPOS="977" WIDTH="43" HEIGHT="75" STYLEREFS="font0"/><SP WIDTH="17" VPOS="977" HPOS="1165"/><String ID="p674_w177" CONTENT="the" HPOS="1182" VPOS="977" WIDTH="56" HEIGHT="75" STYLEREFS="font0"/></TextLine><TextLine WIDTH="1038" HEIGHT="75" ID="p674_t20" HPOS="197" VPOS="1025"><String ID="p674_w178" CONTENT="lyes" HPOS="197" VPOS="1025" WIDTH="71" HEIGHT="75" STYLEREFS="font0"/><SP WIDTH="28" VPOS="1025" HPOS="268"/><String ID="p674_w179" CONTENT="are" HPOS="296" VPOS="1025" WIDTH="54" HEIGHT="75" STYLEREFS="font0"/><SP WIDTH="18" VPOS="1025" HPOS="350"/><String ID="p674_w180" CONTENT="wailted" HPOS="368" VPOS="1025" WIDTH="124" HEIGHT="75" STYLEREFS="font0"/><SP WIDTH="23" VPOS="1025" HPOS="492"/><String ID="p674_w181" CONTENT="out," HPOS="515" VPOS="1025" WIDTH="69" HEIGHT="75" STYLEREFS="font0"/><SP WIDTH="26" VPOS="1025" HPOS="584"/><String ID="p674_w182" CONTENT="it" HPOS="610" VPOS="1025" WIDTH="27" HEIGHT="75" STYLEREFS="font0"/><SP WIDTH="27" VPOS="1025" HPOS="637"/><String ID="p674_w183" CONTENT="is" HPOS="664" VPOS="1025" WIDTH="25" HEIGHT="75" STYLEREFS="font0"/><SP WIDTH="22" VPOS="1025" HPOS="689"/><String ID="p674_w184" CONTENT="as" HPOS="711" VPOS="1025" WIDTH="34" HEIGHT="75" STYLEREFS="font0"/><SP WIDTH="28" VPOS="1025" HPOS="745"/><String ID="p674_w185" CONTENT="black," HPOS="773" VPOS="1025" WIDTH="106" HEIGHT="75" STYLEREFS="font0"/><SP WIDTH="26" VPOS="1025" HPOS="879"/><String ID="p674_w186" CONTENT="in" HPOS="905" VPOS="1025" WIDTH="32" HEIGHT="75" STYLEREFS="font0"/><SP WIDTH="25" VPOS="1025" HPOS="937"/><String ID="p674_w187" CONTENT="fome" HPOS="962" VPOS="1025" WIDTH="86" HEIGHT="75" STYLEREFS="font0"/><SP WIDTH="27" VPOS="1025" HPOS="1048"/><String ID="p674_w188" CONTENT="parts," HPOS="1075" VPOS="1025" WIDTH="101" HEIGHT="75" STYLEREFS="font0"/><SP WIDTH="26" VPOS="1025" HPOS="1176"/><String ID="p674_w189" CONTENT="as" HPOS="1202" VPOS="1025" WIDTH="33" HEIGHT="75" STYLEREFS="font0"/></TextLine><TextLine WIDTH="1039" HEIGHT="75" ID="p674_t21" HPOS="197" VPOS="1072"><String ID="p674_w190" CONTENT="when" HPOS="197" VPOS="1072" WIDTH="95" HEIGHT="75" STYLEREFS="font0"/><SP WIDTH="17" VPOS="1072" HPOS="292"/><String ID="p674_w191" CONTENT="it" HPOS="309" VPOS="1072" WIDTH="26" HEIGHT="75" STYLEREFS="font0"/><SP WIDTH="23" VPOS="1072" HPOS="335"/><String ID="p674_w192" CONTENT="was" HPOS="358" VPOS="1072" WIDTH="68" HEIGHT="75" STYLEREFS="font0"/><SP WIDTH="15" VPOS="1072" HPOS="426"/><String ID="p674_w193" CONTENT="fteeped." HPOS="441" VPOS="1072" WIDTH="138" HEIGHT="75" STYLEREFS="font0"/><SP WIDTH="48" VPOS="1072" HPOS="579"/><String ID="p674_w194" CONTENT="This" HPOS="627" VPOS="1072" WIDTH="86" HEIGHT="75" STYLEREFS="font0"/><SP WIDTH="25" VPOS="1072" HPOS="713"/><String ID="p674_w195" CONTENT="muft" HPOS="738" VPOS="1072" WIDTH="81" HEIGHT="75" STYLEREFS="font0"/><SP WIDTH="28" VPOS="1072" HPOS="819"/><String ID="p674_w196" CONTENT="be" HPOS="847" VPOS="1072" WIDTH="38" HEIGHT="75" STYLEREFS="font0"/><SP WIDTH="18" VPOS="1072" HPOS="885"/><String ID="p674_w197" CONTENT="owing" HPOS="903" VPOS="1072" WIDTH="106" HEIGHT="75" STYLEREFS="font0"/><SP WIDTH="27" VPOS="1072" HPOS="1009"/><String ID="p674_w198" CONTENT="to" HPOS="1036" VPOS="1072" WIDTH="37" HEIGHT="75" STYLEREFS="font0"/><SP WIDTH="16" VPOS="1072" HPOS="1073"/><String ID="p674_w199" CONTENT="the" HPOS="1089" VPOS="1072" WIDTH="56" HEIGHT="75" STYLEREFS="font0"/><SP WIDTH="28" VPOS="1072" HPOS="1145"/><String ID="p674_w200" CONTENT="dif-" HPOS="1173" VPOS="1072" WIDTH="63" HEIGHT="75" STYLEREFS="font0"/></TextLine><TextLine WIDTH="1039" HEIGHT="75" ID="p674_t22" HPOS="197" VPOS="1119"><String ID="p674_w201" CONTENT="cbarge" HPOS="197" VPOS="1119" WIDTH="119" HEIGHT="75" STYLEREFS="font0"/><SP WIDTH="16" VPOS="1119" HPOS="316"/><String ID="p674_w202" CONTENT="of" HPOS="332" VPOS="1119" WIDTH="44" HEIGHT="75" STYLEREFS="font0"/><SP WIDTH="22" VPOS="1119" HPOS="376"/><String ID="p674_w203" CONTENT="the," HPOS="398" VPOS="1119" WIDTH="67" HEIGHT="75" STYLEREFS="font0"/><SP WIDTH="11" VPOS="1119" HPOS="465"/><String ID="p674_w204" CONTENT="colouring" HPOS="476" VPOS="1119" WIDTH="167" HEIGHT="75" STYLEREFS="font0"/><SP WIDTH="27" VPOS="1119" HPOS="643"/><String ID="p674_w205" CONTENT="particles," HPOS="670" VPOS="1119" WIDTH="156" HEIGHT="75" STYLEREFS="font0"/><SP WIDTH="20" VPOS="1119" HPOS="826"/><String ID="p674_w206" CONTENT="from" HPOS="846" VPOS="1119" WIDTH="85" HEIGHT="75" STYLEREFS="font0"/><SP WIDTH="16" VPOS="1119" HPOS="931"/><String ID="p674_w207" CONTENT="thofe" HPOS="947" VPOS="1119" WIDTH="91" HEIGHT="75" STYLEREFS="font0"/><SP WIDTH="28" VPOS="1119" HPOS="1038"/><String ID="p674_w208" CONTENT="places" HPOS="1066" VPOS="1119" WIDTH="105" HEIGHT="75" STYLEREFS="font0"/><SP WIDTH="29" VPOS="1119" HPOS="1171"/><String ID="p674_w209" CONTENT="to" HPOS="1200" VPOS="1119" WIDTH="36" HEIGHT="75" STYLEREFS="font0"/></TextLine><TextLine WIDTH="1038" HEIGHT="75" ID="p674_t23" HPOS="197" VPOS="1165"><String ID="p674_w210" CONTENT="which" HPOS="197" VPOS="1165" WIDTH="107" HEIGHT="75" STYLEREFS="font0"/><SP WIDTH="26" VPOS="1165" HPOS="304"/><String ID="p674_w211" CONTENT="the" HPOS="330" VPOS="1165" WIDTH="55" HEIGHT="75" STYLEREFS="font0"/><SP WIDTH="25" VPOS="1165" HPOS="385"/><String ID="p674_w212" CONTENT="lye" HPOS="410" VPOS="1165" WIDTH="52" HEIGHT="75" STYLEREFS="font0"/><SP WIDTH="18" VPOS="1165" HPOS="462"/><String ID="p674_w213" CONTENT="has" HPOS="480" VPOS="1165" WIDTH="57" HEIGHT="75" STYLEREFS="font0"/><SP WIDTH="18" VPOS="1165" HPOS="537"/><String ID="p674_w214" CONTENT="accefs," HPOS="555" VPOS="1165" WIDTH="117" HEIGHT="75" STYLEREFS="font0"/><SP WIDTH="14" VPOS="1165" HPOS="672"/><String ID="p674_w215" CONTENT="'" HPOS="686" VPOS="1165" WIDTH="8" HEIGHT="75" STYLEREFS="font0"/><String ID="p674_w216" CONTENT="and" HPOS="694" VPOS="1165" WIDTH="65" HEIGHT="75" STYLEREFS="font0"/><SP WIDTH="17" VPOS="1165" HPOS="759"/><String ID="p674_w217" CONTENT="to" HPOS="776" VPOS="1165" WIDTH="35" HEIGHT="75" STYLEREFS="font0"/><SP WIDTH="17" VPOS="1165" HPOS="811"/><String ID="p674_w218" CONTENT="their" HPOS="828" VPOS="1165" WIDTH="83" HEIGHT="75" STYLEREFS="font0"/><SP WIDTH="24" VPOS="1165" HPOS="911"/><String ID="p674_w219" CONTENT="remaining" HPOS="935" VPOS="1165" WIDTH="176" HEIGHT="75" STYLEREFS="font0"/><SP WIDTH="17" VPOS="1165" HPOS="1111"/><String ID="p674_w220" CONTENT="where" HPOS="1128" VPOS="1165" WIDTH="107" HEIGHT="75" STYLEREFS="font0"/></TextLine><TextLine WIDTH="1040" HEIGHT="75" ID="p674_t24" HPOS="196" VPOS="1212"><String ID="p674_w221" CONTENT="it" HPOS="196" VPOS="1212" WIDTH="29" HEIGHT="75" STYLEREFS="font0"/><SP WIDTH="15" VPOS="1212" HPOS="225"/><String ID="p674_w222" CONTENT="has" HPOS="240" VPOS="1212" WIDTH="57" HEIGHT="75" STYLEREFS="font0"/><SP WIDTH="17" VPOS="1212" HPOS="297"/><String ID="p674_w223" CONTENT="not." HPOS="314" VPOS="1212" WIDTH="71" HEIGHT="75" STYLEREFS="font0"/><SP WIDTH="49" VPOS="1212" HPOS="385"/><String ID="p674_w224" CONTENT="It" HPOS="434" VPOS="1212" WIDTH="33" HEIGHT="75" STYLEREFS="font0"/><SP WIDTH="19" VPOS="1212" HPOS="467"/><String ID="p674_w225" CONTENT="would" HPOS="486" VPOS="1212" WIDTH="109" HEIGHT="75" STYLEREFS="font0"/><SP WIDTH="15" VPOS="1212" HPOS="595"/><String ID="p674_w226" CONTENT="feem" HPOS="610" VPOS="1212" WIDTH="85" HEIGHT="75" STYLEREFS="font0"/><SP WIDTH="22" VPOS="1212" HPOS="695"/><String ID="p674_w227" CONTENT="advifeable," HPOS="717" VPOS="1212" WIDTH="191" HEIGHT="75" STYLEREFS="font0"/><SP WIDTH="25" VPOS="1212" HPOS="908"/><String ID="p674_w228" CONTENT="then," HPOS="933" VPOS="1212" WIDTH="88" HEIGHT="75" STYLEREFS="font0"/><SP WIDTH="29" VPOS="1212" HPOS="1021"/><String ID="p674_w229" CONTENT="in" HPOS="1050" VPOS="1212" WIDTH="30" HEIGHT="75" STYLEREFS="font0"/><SP WIDTH="18" VPOS="1212" HPOS="1080"/><String ID="p674_w230" CONTENT="the" HPOS="1098" VPOS="1212" WIDTH="56" HEIGHT="75" STYLEREFS="font0"/><SP WIDTH="16" VPOS="1212" HPOS="1154"/><String ID="p674_w231" CONTENT="firft" HPOS="1170" VPOS="1212" WIDTH="66" HEIGHT="75" STYLEREFS="font0"/></TextLine><TextLine WIDTH="1038" HEIGHT="75" ID="p674_t25" HPOS="196" VPOS="1258"><String ID="p674_w232" CONTENT="bucking" HPOS="196" VPOS="1258" WIDTH="142" HEIGHT="75" STYLEREFS="font0"/><SP WIDTH="16" VPOS="1258" HPOS="338"/><String ID="p674_w233" CONTENT="or" HPOS="354" VPOS="1258" WIDTH="37" HEIGHT="75" STYLEREFS="font0"/><SP WIDTH="28" VPOS="1258" HPOS="391"/><String ID="p674_w234" CONTENT="two," HPOS="419" VPOS="1258" WIDTH="78" HEIGHT="75" STYLEREFS="font0"/><SP WIDTH="25" VPOS="1258" HPOS="497"/><String ID="p674_w235" CONTENT="when" HPOS="522" VPOS="1258" WIDTH="93" HEIGHT="75" STYLEREFS="font0"/><SP WIDTH="18" VPOS="1258" HPOS="615"/><String ID="p674_w236" CONTENT="the" HPOS="633" VPOS="1258" WIDTH="55" HEIGHT="75" STYLEREFS="font0"/><SP WIDTH="17" VPOS="1258" HPOS="688"/><String ID="p674_w237" CONTENT="cloth" HPOS="705" VPOS="1258" WIDTH="90" HEIGHT="75" STYLEREFS="font0"/><SP WIDTH="16" VPOS="1258" HPOS="795"/><String ID="p674_w238" CONTENT="is" HPOS="811" VPOS="1258" WIDTH="28" HEIGHT="75" STYLEREFS="font0"/><SP WIDTH="28" VPOS="1258" HPOS="839"/><String ID="p674_w239" CONTENT="foul," HPOS="867" VPOS="1258" WIDTH="81" HEIGHT="75" STYLEREFS="font0"/><SP WIDTH="26" VPOS="1258" HPOS="948"/><String ID="p674_w240" CONTENT="to" HPOS="974" VPOS="1258" WIDTH="35" HEIGHT="75" STYLEREFS="font0"/><SP WIDTH="24" VPOS="1258" HPOS="1009"/><String ID="p674_w241" CONTENT="ufe" HPOS="1033" VPOS="1258" WIDTH="53" HEIGHT="75" STYLEREFS="font0"/><SP WIDTH="25" VPOS="1258" HPOS="1086"/><String ID="p674_w242" CONTENT="the" HPOS="1111" VPOS="1258" WIDTH="54" HEIGHT="75" STYLEREFS="font0"/><SP WIDTH="17" VPOS="1258" HPOS="1165"/><String ID="p674_w243" CONTENT="lye" HPOS="1182" VPOS="1258" WIDTH="52" HEIGHT="75" STYLEREFS="font0"/></TextLine><TextLine WIDTH="1037" HEIGHT="75" ID="p674_t26" HPOS="196" VPOS="1306"><String ID="p674_w244" CONTENT="confiderably" HPOS="196" VPOS="1306" WIDTH="219" HEIGHT="75" STYLEREFS="font0"/><SP WIDTH="23" VPOS="1306" HPOS="415"/><String ID="p674_w245" CONTENT="below" HPOS="438" VPOS="1306" WIDTH="106" HEIGHT="75" STYLEREFS="font0"/><SP WIDTH="15" VPOS="1306" HPOS="544"/><String ID="p674_w246" CONTENT="the" HPOS="559" VPOS="1306" WIDTH="56" HEIGHT="75" STYLEREFS="font0"/><SP WIDTH="15" VPOS="1306" HPOS="615"/><String ID="p674_w247" CONTENT="boiling" HPOS="630" VPOS="1306" WIDTH="124" HEIGHT="75" STYLEREFS="font0"/><SP WIDTH="15" VPOS="1306" HPOS="754"/><String ID="p674_w248" CONTENT="point;" HPOS="769" VPOS="1306" WIDTH="114" HEIGHT="75" STYLEREFS="font0"/><SP WIDTH="26" VPOS="1306" HPOS="883"/><String ID="p674_w249" CONTENT="that" HPOS="909" VPOS="1306" WIDTH="72" HEIGHT="75" STYLEREFS="font0"/><SP WIDTH="17" VPOS="1306" HPOS="981"/><String ID="p674_w250" CONTENT="by" HPOS="998" VPOS="1306" WIDTH="42" HEIGHT="75" STYLEREFS="font0"/><SP WIDTH="20" VPOS="1306" HPOS="1040"/><String ID="p674_w251" CONTENT="this" HPOS="1060" VPOS="1306" WIDTH="65" HEIGHT="75" STYLEREFS="font0"/><SP WIDTH="18" VPOS="1306" HPOS="1125"/><String ID="p674_w252" CONTENT="foak-" HPOS="1143" VPOS="1306" WIDTH="90" HEIGHT="75" STYLEREFS="font0"/></TextLine><TextLine WIDTH="1040" HEIGHT="75" ID="p674_t27" HPOS="194" VPOS="1352"><String ID="p674_w253" CONTENT="ing" HPOS="194" VPOS="1352" WIDTH="59" HEIGHT="75" STYLEREFS="font0"/><SP WIDTH="15" VPOS="1352" HPOS="253"/><String ID="p674_w254" CONTENT="or" HPOS="268" VPOS="1352" WIDTH="37" HEIGHT="75" STYLEREFS="font0"/><SP WIDTH="12" VPOS="1352" HPOS="305"/><String ID="p674_w255" CONTENT="maceration," HPOS="317" VPOS="1352" WIDTH="210" HEIGHT="75" STYLEREFS="font0"/><SP WIDTH="23" VPOS="1352" HPOS="527"/><String ID="p674_w256" CONTENT="the" HPOS="550" VPOS="1352" WIDTH="56" HEIGHT="75" STYLEREFS="font0"/><SP WIDTH="15" VPOS="1352" HPOS="606"/><String ID="p674_w257" CONTENT="foulnefs" HPOS="621" VPOS="1352" WIDTH="139" HEIGHT="75" STYLEREFS="font0"/><SP WIDTH="16" VPOS="1352" HPOS="760"/><String ID="p674_w258" CONTENT="may" HPOS="776" VPOS="1352" WIDTH="74" HEIGHT="75" STYLEREFS="font0"/><SP WIDTH="16" VPOS="1352" HPOS="850"/><String ID="p674_w259" CONTENT="be" HPOS="866" VPOS="1352" WIDTH="40" HEIGHT="75" STYLEREFS="font0"/><SP WIDTH="17" VPOS="1352" HPOS="906"/><String ID="p674_w260" CONTENT="entirely" HPOS="923" VPOS="1352" WIDTH="137" HEIGHT="75" STYLEREFS="font0"/><SP WIDTH="12" VPOS="1352" HPOS="1060"/><String ID="p674_w261" CONTENT="difcharg-" HPOS="1072" VPOS="1352" WIDTH="162" HEIGHT="75" STYLEREFS="font0"/></TextLine><TextLine WIDTH="1038" HEIGHT="75" ID="p674_t28" HPOS="195" VPOS="1399"><String ID="p674_w262" CONTENT="ed," HPOS="195" VPOS="1399" WIDTH="56" HEIGHT="75" STYLEREFS="font0"/><SP WIDTH="26" VPOS="1399" HPOS="251"/><String ID="p674_w263" CONTENT="and" HPOS="277" VPOS="1399" WIDTH="61" HEIGHT="75" STYLEREFS="font0"/><SP WIDTH="24" VPOS="1399" HPOS="338"/><String ID="p674_w264" CONTENT="the" HPOS="362" VPOS="1399" WIDTH="56" HEIGHT="75" STYLEREFS="font0"/><SP WIDTH="17" VPOS="1399" HPOS="418"/><String ID="p674_w265" CONTENT="cloth" HPOS="435" VPOS="1399" WIDTH="90" HEIGHT="75" STYLEREFS="font0"/><SP WIDTH="18" VPOS="1399" HPOS="525"/><String ID="p674_w266" CONTENT="quite" HPOS="543" VPOS="1399" WIDTH="89" HEIGHT="75" STYLEREFS="font0"/><SP WIDTH="16" VPOS="1399" HPOS="632"/><String ID="p674_w267" CONTENT="opened" HPOS="648" VPOS="1399" WIDTH="125" HEIGHT="75" STYLEREFS="font0"/><SP WIDTH="15" VPOS="1399" HPOS="773"/><String ID="p674_w268" CONTENT="for" HPOS="788" VPOS="1399" WIDTH="52" HEIGHT="75" STYLEREFS="font0"/><SP WIDTH="16" VPOS="1399" HPOS="840"/><String ID="p674_w269" CONTENT="the" HPOS="856" VPOS="1399" WIDTH="56" HEIGHT="75" STYLEREFS="font0"/><SP WIDTH="23" VPOS="1399" HPOS="912"/><String ID="p674_w270" CONTENT="fpeedy" HPOS="935" VPOS="1399" WIDTH="117" HEIGHT="75" STYLEREFS="font0"/><SP WIDTH="18" VPOS="1399" HPOS="1052"/><String ID="p674_w271" CONTENT="reception" HPOS="1070" VPOS="1399" WIDTH="163" HEIGHT="75" STYLEREFS="font0"/></TextLine><TextLine WIDTH="878" HEIGHT="75" ID="p674_t29" HPOS="196" VPOS="1446"><String ID="p674_w272" CONTENT="of" HPOS="196" VPOS="1446" WIDTH="42" HEIGHT="75" STYLEREFS="font0"/><SP WIDTH="19" VPOS="1446" HPOS="238"/><String ID="p674_w273" CONTENT="the" HPOS="257" VPOS="1446" WIDTH="57" HEIGHT="75" STYLEREFS="font0"/><SP WIDTH="16" VPOS="1446" HPOS="314"/><String ID="p674_w274" CONTENT="boiling" HPOS="330" VPOS="1446" WIDTH="121" HEIGHT="75" STYLEREFS="font0"/><SP WIDTH="17" VPOS="1446" HPOS="451"/><String ID="p674_w275" CONTENT="lye" HPOS="468" VPOS="1446" WIDTH="51" HEIGHT="75" STYLEREFS="font0"/><SP WIDTH="18" VPOS="1446" HPOS="519"/><String ID="p674_w276" CONTENT="in" HPOS="537" VPOS="1446" WIDTH="30" HEIGHT="75" STYLEREFS="font0"/><SP WIDTH="19" VPOS="1446" HPOS="567"/><String ID="p674_w277" CONTENT="the" HPOS="586" VPOS="1446" WIDTH="54" HEIGHT="75" STYLEREFS="font0"/><SP WIDTH="18" VPOS="1446" HPOS="640"/><String ID="p674_w278" CONTENT="buckings" HPOS="658" VPOS="1446" WIDTH="155" HEIGHT="75" STYLEREFS="font0"/><SP WIDTH="17" VPOS="1446" HPOS="813"/><String ID="p674_w279" CONTENT="which" HPOS="830" VPOS="1446" WIDTH="103" HEIGHT="75" STYLEREFS="font0"/><SP WIDTH="18" VPOS="1446" HPOS="933"/><String ID="p674_w280" CONTENT="follow." HPOS="951" VPOS="1446" WIDTH="123" HEIGHT="75" STYLEREFS="font0"/></TextLine><TextLine WIDTH="988" HEIGHT="75" ID="p674_t30" HPOS="244" VPOS="1494"><String ID="p674_w281" CONTENT="The" HPOS="244" VPOS="1494" WIDTH="77" HEIGHT="75" STYLEREFS="font0"/><SP WIDTH="16" VPOS="1494" HPOS="321"/><String ID="p674_w282" CONTENT="lyes" HPOS="337" VPOS="1494" WIDTH="69" HEIGHT="75" STYLEREFS="font0"/><SP WIDTH="22" VPOS="1494" HPOS="406"/><String ID="p674_w283" CONTENT="firould" HPOS="428" VPOS="1494" WIDTH="111" HEIGHT="75" STYLEREFS="font0"/><SP WIDTH="16" VPOS="1494" HPOS="539"/><String ID="p674_w284" CONTENT="likewife" HPOS="555" VPOS="1494" WIDTH="140" HEIGHT="75" STYLEREFS="font0"/><SP WIDTH="30" VPOS="1494" HPOS="695"/><String ID="p674_w285" CONTENT="be" HPOS="725" VPOS="1494" WIDTH="40" HEIGHT="75" STYLEREFS="font0"/><SP WIDTH="17" VPOS="1494" HPOS="765"/><String ID="p674_w286" CONTENT="weakeft" HPOS="782" VPOS="1494" WIDTH="133" HEIGHT="75" STYLEREFS="font0"/><SP WIDTH="16" VPOS="1494" HPOS="915"/><String ID="p674_w287" CONTENT="in" HPOS="931" VPOS="1494" WIDTH="32" HEIGHT="75" STYLEREFS="font0"/><SP WIDTH="18" VPOS="1494" HPOS="963"/><String ID="p674_w288" CONTENT="the" HPOS="981" VPOS="1494" WIDTH="56" HEIGHT="75" STYLEREFS="font0"/><SP WIDTH="15" VPOS="1494" HPOS="1037"/><String ID="p674_w289" CONTENT="firft" HPOS="1052" VPOS="1494" WIDTH="64" HEIGHT="75" STYLEREFS="font0"/><SP WIDTH="17" VPOS="1494" HPOS="1116"/><String ID="p674_w290" CONTENT="buck-" HPOS="1133" VPOS="1494" WIDTH="99" HEIGHT="75" STYLEREFS="font0"/></TextLine><TextLine WIDTH="1040" HEIGHT="75" ID="p674_t31" HPOS="194" VPOS="1540"><String ID="p674_w291" CONTENT="ings," HPOS="194" VPOS="1540" WIDTH="86" HEIGHT="75" STYLEREFS="font0"/><SP WIDTH="26" VPOS="1540" HPOS="280"/><String ID="p674_w292" CONTENT="becaufe" HPOS="306" VPOS="1540" WIDTH="131" HEIGHT="75" STYLEREFS="font0"/><SP WIDTH="28" VPOS="1540" HPOS="437"/><String ID="p674_w293" CONTENT="then" HPOS="465" VPOS="1540" WIDTH="77" HEIGHT="75" STYLEREFS="font0"/><SP WIDTH="17" VPOS="1540" HPOS="542"/><String ID="p674_w294" CONTENT="they" HPOS="559" VPOS="1540" WIDTH="79" HEIGHT="75" STYLEREFS="font0"/><SP WIDTH="22" VPOS="1540" HPOS="638"/><String ID="p674_w295" CONTENT="a&lt;ft" HPOS="660" VPOS="1540" WIDTH="49" HEIGHT="75" STYLEREFS="font0"/><SP WIDTH="25" VPOS="1540" HPOS="709"/><String ID="p674_w296" CONTENT="only" HPOS="734" VPOS="1540" WIDTH="77" HEIGHT="75" STYLEREFS="font0"/><SP WIDTH="17" VPOS="1540" HPOS="811"/><String ID="p674_w297" CONTENT="on" HPOS="828" VPOS="1540" WIDTH="42" HEIGHT="75" STYLEREFS="font0"/><SP WIDTH="16" VPOS="1540" HPOS="870"/><String ID="p674_w298" CONTENT="the" HPOS="886" VPOS="1540" WIDTH="56" HEIGHT="75" STYLEREFS="font0"/><SP WIDTH="27" VPOS="1540" HPOS="942"/><String ID="p674_w299" CONTENT="more" HPOS="969" VPOS="1540" WIDTH="91" HEIGHT="75" STYLEREFS="font0"/><SP WIDTH="27" VPOS="1540" HPOS="1060"/><String ID="p674_w300" CONTENT="external" HPOS="1087" VPOS="1540" WIDTH="147" HEIGHT="75" STYLEREFS="font0"/></TextLine><TextLine WIDTH="1038" HEIGHT="75" ID="p674_t32" HPOS="196" VPOS="1587"><String ID="p674_w301" CONTENT="parts" HPOS="196" VPOS="1587" WIDTH="89" HEIGHT="75" STYLEREFS="font0"/><SP WIDTH="12" VPOS="1587" HPOS="285"/><String ID="p674_w302" CONTENT=";" HPOS="297" VPOS="1587" WIDTH="10" HEIGHT="75" STYLEREFS="font0"/><SP WIDTH="34" VPOS="1587" HPOS="307"/><String ID="p674_w303" CONTENT="whereas," HPOS="341" VPOS="1587" WIDTH="155" HEIGHT="75" STYLEREFS="font0"/><SP WIDTH="26" VPOS="1587" HPOS="496"/><String ID="p674_w304" CONTENT="when" HPOS="522" VPOS="1587" WIDTH="93" HEIGHT="75" STYLEREFS="font0"/><SP WIDTH="27" VPOS="1587" HPOS="615"/><String ID="p674_w305" CONTENT="the" HPOS="642" VPOS="1587" WIDTH="57" HEIGHT="75" STYLEREFS="font0"/><SP WIDTH="27" VPOS="1587" HPOS="699"/><String ID="p674_w306" CONTENT="cloth" HPOS="726" VPOS="1587" WIDTH="89" HEIGHT="75" STYLEREFS="font0"/><SP WIDTH="25" VPOS="1587" HPOS="815"/><String ID="p674_w307" CONTENT="is" HPOS="840" VPOS="1587" WIDTH="28" HEIGHT="75" STYLEREFS="font0"/><SP WIDTH="24" VPOS="1587" HPOS="868"/><String ID="p674_w308" CONTENT="more" HPOS="892" VPOS="1587" WIDTH="89" HEIGHT="75" STYLEREFS="font0"/><SP WIDTH="27" VPOS="1587" HPOS="981"/><String ID="p674_w309" CONTENT="opened," HPOS="1008" VPOS="1587" WIDTH="137" HEIGHT="75" STYLEREFS="font0"/><SP WIDTH="25" VPOS="1587" HPOS="1145"/><String ID="p674_w310" CONTENT="and" HPOS="1170" VPOS="1587" WIDTH="64" HEIGHT="75" STYLEREFS="font0"/></TextLine><TextLine WIDTH="1038" HEIGHT="75" ID="p674_t33" HPOS="195" VPOS="1633"><String ID="p674_w311" CONTENT="the" HPOS="195" VPOS="1633" WIDTH="58" HEIGHT="75" STYLEREFS="font0"/><SP WIDTH="17" VPOS="1633" HPOS="253"/><String ID="p674_w312" CONTENT="field" HPOS="270" VPOS="1633" WIDTH="75" HEIGHT="75" STYLEREFS="font0"/><SP WIDTH="16" VPOS="1633" HPOS="345"/><String ID="p674_w313" CONTENT="of" HPOS="361" VPOS="1633" WIDTH="41" HEIGHT="75" STYLEREFS="font0"/><SP WIDTH="21" VPOS="1633" HPOS="402"/><String ID="p674_w314" CONTENT="addon" HPOS="423" VPOS="1633" WIDTH="105" HEIGHT="75" STYLEREFS="font0"/><SP WIDTH="14" VPOS="1633" HPOS="528"/><String ID="p674_w315" CONTENT="is" HPOS="542" VPOS="1633" WIDTH="27" HEIGHT="75" STYLEREFS="font0"/><SP WIDTH="25" VPOS="1633" HPOS="569"/><String ID="p674_w316" CONTENT="increafed," HPOS="594" VPOS="1633" WIDTH="176" HEIGHT="75" STYLEREFS="font0"/><SP WIDTH="24" VPOS="1633" HPOS="770"/><String ID="p674_w317" CONTENT="the" HPOS="794" VPOS="1633" WIDTH="56" HEIGHT="75" STYLEREFS="font0"/><SP WIDTH="17" VPOS="1633" HPOS="850"/><String ID="p674_w318" CONTENT="adtive" HPOS="867" VPOS="1633" WIDTH="100" HEIGHT="75" STYLEREFS="font0"/><SP WIDTH="16" VPOS="1633" HPOS="967"/><String ID="p674_w319" CONTENT="powers" HPOS="983" VPOS="1633" WIDTH="124" HEIGHT="75" STYLEREFS="font0"/><SP WIDTH="23" VPOS="1633" HPOS="1107"/><String ID="p674_w320" CONTENT="ought" HPOS="1130" VPOS="1633" WIDTH="103" HEIGHT="75" STYLEREFS="font0"/></TextLine><TextLine WIDTH="1040" HEIGHT="75" ID="p674_t34" HPOS="194" VPOS="1680"><String ID="p674_w321" CONTENT="to" HPOS="194" VPOS="1680" WIDTH="39" HEIGHT="75" STYLEREFS="font0"/><SP WIDTH="16" VPOS="1680" HPOS="233"/><String ID="p674_w322" CONTENT="be" HPOS="249" VPOS="1680" WIDTH="40" HEIGHT="75" STYLEREFS="font0"/><SP WIDTH="18" VPOS="1680" HPOS="289"/><String ID="p674_w323" CONTENT="fo" HPOS="307" VPOS="1680" WIDTH="33" HEIGHT="75" STYLEREFS="font0"/><SP WIDTH="28" VPOS="1680" HPOS="340"/><String ID="p674_w324" CONTENT="too." HPOS="368" VPOS="1680" WIDTH="68" HEIGHT="75" STYLEREFS="font0"/><SP WIDTH="51" VPOS="1680" HPOS="436"/><String ID="p674_w325" CONTENT="For" HPOS="487" VPOS="1680" WIDTH="66" HEIGHT="75" STYLEREFS="font0"/><SP WIDTH="17" VPOS="1680" HPOS="553"/><String ID="p674_w326" CONTENT="this" HPOS="570" VPOS="1680" WIDTH="63" HEIGHT="75" STYLEREFS="font0"/><SP WIDTH="24" VPOS="1680" HPOS="633"/><String ID="p674_w327" CONTENT="reafon" HPOS="657" VPOS="1680" WIDTH="109" HEIGHT="75" STYLEREFS="font0"/><SP WIDTH="19" VPOS="1680" HPOS="766"/><String ID="p674_w328" CONTENT="they" HPOS="785" VPOS="1680" WIDTH="77" HEIGHT="75" STYLEREFS="font0"/><SP WIDTH="22" VPOS="1680" HPOS="862"/><String ID="p674_w329" CONTENT="are" HPOS="884" VPOS="1680" WIDTH="54" HEIGHT="75" STYLEREFS="font0"/><SP WIDTH="17" VPOS="1680" HPOS="938"/><String ID="p674_w330" CONTENT="at" HPOS="955" VPOS="1680" WIDTH="32" HEIGHT="75" STYLEREFS="font0"/><SP WIDTH="21" VPOS="1680" HPOS="987"/><String ID="p674_w331" CONTENT="the" HPOS="1008" VPOS="1680" WIDTH="56" HEIGHT="75" STYLEREFS="font0"/><SP WIDTH="16" VPOS="1680" HPOS="1064"/><String ID="p674_w332" CONTENT="ftrongeft" HPOS="1080" VPOS="1680" WIDTH="154" HEIGHT="75" STYLEREFS="font0"/></TextLine><TextLine WIDTH="364" HEIGHT="75" ID="p674_t35" HPOS="194" VPOS="1726"><String ID="p674_w333" CONTENT="after" HPOS="194" VPOS="1726" WIDTH="88" HEIGHT="75" STYLEREFS="font0"/><SP WIDTH="17" VPOS="1726" HPOS="282"/><String ID="p674_w334" CONTENT="fome" HPOS="299" VPOS="1726" WIDTH="84" HEIGHT="75" STYLEREFS="font0"/><SP WIDTH="17" VPOS="1726" HPOS="383"/><String ID="p674_w335" CONTENT="fourings." HPOS="400" VPOS="1726" WIDTH="158" HEIGHT="75" STYLEREFS="font0"/></TextLine><TextLine WIDTH="988" HEIGHT="75" ID="p674_t36" HPOS="243" VPOS="1774"><String ID="p674_w336" CONTENT="The" HPOS="243" VPOS="1774" WIDTH="76" HEIGHT="75" STYLEREFS="font0"/><SP WIDTH="17" VPOS="1774" HPOS="319"/><String ID="p674_w337" CONTENT="only" HPOS="336" VPOS="1774" WIDTH="77" HEIGHT="75" STYLEREFS="font0"/><SP WIDTH="12" VPOS="1774" HPOS="413"/><String ID="p674_w338" CONTENT="thing" HPOS="425" VPOS="1774" WIDTH="93" HEIGHT="75" STYLEREFS="font0"/><SP WIDTH="17" VPOS="1774" HPOS="518"/><String ID="p674_w339" CONTENT="that" HPOS="535" VPOS="1774" WIDTH="71" HEIGHT="75" STYLEREFS="font0"/><SP WIDTH="15" VPOS="1774" HPOS="606"/><String ID="p674_w340" CONTENT="now" HPOS="621" VPOS="1774" WIDTH="75" HEIGHT="75" STYLEREFS="font0"/><SP WIDTH="16" VPOS="1774" HPOS="696"/><String ID="p674_w341" CONTENT="remains" HPOS="712" VPOS="1774" WIDTH="136" HEIGHT="75" STYLEREFS="font0"/><SP WIDTH="16" VPOS="1774" HPOS="848"/><String ID="p674_w342" CONTENT="to" HPOS="864" VPOS="1774" WIDTH="35" HEIGHT="75" STYLEREFS="font0"/><SP WIDTH="17" VPOS="1774" HPOS="899"/><String ID="p674_w343" CONTENT="be" HPOS="916" VPOS="1774" WIDTH="39" HEIGHT="75" STYLEREFS="font0"/><SP WIDTH="17" VPOS="1774" HPOS="955"/><String ID="p674_w344" CONTENT="confidered," HPOS="972" VPOS="1774" WIDTH="194" HEIGHT="75" STYLEREFS="font0"/><SP WIDTH="26" VPOS="1774" HPOS="1166"/><String ID="p674_w345" CONTENT="is," HPOS="1192" VPOS="1774" WIDTH="39" HEIGHT="75" STYLEREFS="font0"/></TextLine><TextLine WIDTH="1039" HEIGHT="75" ID="p674_t37" HPOS="193" VPOS="1821"><String ID="p674_w346" CONTENT="the" HPOS="193" VPOS="1821" WIDTH="59" HEIGHT="75" STYLEREFS="font0"/><SP WIDTH="16" VPOS="1821" HPOS="252"/><String ID="p674_w347" CONTENT="management" HPOS="268" VPOS="1821" WIDTH="221" HEIGHT="75" STYLEREFS="font0"/><SP WIDTH="11" VPOS="1821" HPOS="489"/><String ID="p674_w348" CONTENT="of" HPOS="500" VPOS="1821" WIDTH="40" HEIGHT="75" STYLEREFS="font0"/><SP WIDTH="11" VPOS="1821" HPOS="540"/><String ID="p674_w349" CONTENT="the" HPOS="551" VPOS="1821" WIDTH="56" HEIGHT="75" STYLEREFS="font0"/><SP WIDTH="12" VPOS="1821" HPOS="607"/><String ID="p674_w350" CONTENT="coarfe" HPOS="619" VPOS="1821" WIDTH="107" HEIGHT="75" STYLEREFS="font0"/><SP WIDTH="17" VPOS="1821" HPOS="726"/><String ID="p674_w351" CONTENT="cloth," HPOS="743" VPOS="1821" WIDTH="102" HEIGHT="75" STYLEREFS="font0"/><SP WIDTH="18" VPOS="1821" HPOS="845"/><String ID="p674_w352" CONTENT="where" HPOS="863" VPOS="1821" WIDTH="109" HEIGHT="75" STYLEREFS="font0"/><SP WIDTH="15" VPOS="1821" HPOS="972"/><String ID="p674_w353" CONTENT="boiling" HPOS="987" VPOS="1821" WIDTH="122" HEIGHT="75" STYLEREFS="font0"/><SP WIDTH="9" VPOS="1821" HPOS="1109"/><String ID="p674_w354" CONTENT="is" HPOS="1118" VPOS="1821" WIDTH="26" HEIGHT="75" STYLEREFS="font0"/><SP WIDTH="16" VPOS="1821" HPOS="1144"/><String ID="p674_w355" CONTENT="fub-" HPOS="1160" VPOS="1821" WIDTH="72" HEIGHT="75" STYLEREFS="font0"/></TextLine><TextLine WIDTH="1038" HEIGHT="75" ID="p674_t38" HPOS="195" VPOS="1868"><String ID="p674_w356" CONTENT="ftituted" HPOS="195" VPOS="1868" WIDTH="131" HEIGHT="75" STYLEREFS="font0"/><SP WIDTH="16" VPOS="1868" HPOS="326"/><String ID="p674_w357" CONTENT="in" HPOS="342" VPOS="1868" WIDTH="32" HEIGHT="75" STYLEREFS="font0"/><SP WIDTH="18" VPOS="1868" HPOS="374"/><String ID="p674_w358" CONTENT="place" HPOS="392" VPOS="1868" WIDTH="88" HEIGHT="75" STYLEREFS="font0"/><SP WIDTH="9" VPOS="1868" HPOS="480"/><String ID="p674_w359" CONTENT="of" HPOS="489" VPOS="1868" WIDTH="40" HEIGHT="75" STYLEREFS="font0"/><SP WIDTH="11" VPOS="1868" HPOS="529"/><String ID="p674_w360" CONTENT="bucking." HPOS="540" VPOS="1868" WIDTH="153" HEIGHT="75" STYLEREFS="font0"/><SP WIDTH="35" VPOS="1868" HPOS="693"/><String ID="p674_w361" CONTENT="This" HPOS="728" VPOS="1868" WIDTH="86" HEIGHT="75" STYLEREFS="font0"/><SP WIDTH="17" VPOS="1868" HPOS="814"/><String ID="p674_w362" CONTENT="fpecies" HPOS="831" VPOS="1868" WIDTH="119" HEIGHT="75" STYLEREFS="font0"/><SP WIDTH="12" VPOS="1868" HPOS="950"/><String ID="p674_w363" CONTENT="of" HPOS="962" VPOS="1868" WIDTH="40" HEIGHT="75" STYLEREFS="font0"/><SP WIDTH="11" VPOS="1868" HPOS="1002"/><String ID="p674_w364" CONTENT="linen" HPOS="1013" VPOS="1868" WIDTH="86" HEIGHT="75" STYLEREFS="font0"/><SP WIDTH="17" VPOS="1868" HPOS="1099"/><String ID="p674_w365" CONTENT="cannot" HPOS="1116" VPOS="1868" WIDTH="117" HEIGHT="75" STYLEREFS="font0"/></TextLine><TextLine WIDTH="1038" HEIGHT="75" ID="p674_t39" HPOS="194" VPOS="1914"><String ID="p674_w366" CONTENT="afford" HPOS="194" VPOS="1914" WIDTH="107" HEIGHT="75" STYLEREFS="font0"/><SP WIDTH="18" VPOS="1914" HPOS="301"/><String ID="p674_w367" CONTENT="the" HPOS="319" VPOS="1914" WIDTH="54" HEIGHT="75" STYLEREFS="font0"/><SP WIDTH="26" VPOS="1914" HPOS="373"/><String ID="p674_w368" CONTENT="time" HPOS="399" VPOS="1914" WIDTH="76" HEIGHT="75" STYLEREFS="font0"/><SP WIDTH="23" VPOS="1914" HPOS="475"/><String ID="p674_w369" CONTENT="and" HPOS="498" VPOS="1914" WIDTH="61" HEIGHT="75" STYLEREFS="font0"/><SP WIDTH="17" VPOS="1914" HPOS="559"/><String ID="p674_w370" CONTENT="labour" HPOS="576" VPOS="1914" WIDTH="114" HEIGHT="75" STYLEREFS="font0"/><SP WIDTH="27" VPOS="1914" HPOS="690"/><String ID="p674_w371" CONTENT="neceffary" HPOS="717" VPOS="1914" WIDTH="158" HEIGHT="75" STYLEREFS="font0"/><SP WIDTH="17" VPOS="1914" HPOS="875"/><String ID="p674_w372" CONTENT="for" HPOS="892" VPOS="1914" WIDTH="52" HEIGHT="75" STYLEREFS="font0"/><SP WIDTH="23" VPOS="1914" HPOS="944"/><String ID="p674_w373" CONTENT="the" HPOS="967" VPOS="1914" WIDTH="56" HEIGHT="75" STYLEREFS="font0"/><SP WIDTH="19" VPOS="1914" HPOS="1023"/><String ID="p674_w374" CONTENT="latter" HPOS="1042" VPOS="1914" WIDTH="97" HEIGHT="75" STYLEREFS="font0"/><SP WIDTH="17" VPOS="1914" HPOS="1139"/><String ID="p674_w375" CONTENT="ope-" HPOS="1156" VPOS="1914" WIDTH="76" HEIGHT="75" STYLEREFS="font0"/></TextLine><TextLine WIDTH="1037" HEIGHT="75" ID="p674_t40" HPOS="195" VPOS="1961"><String ID="p674_w376" CONTENT="ration" HPOS="195" VPOS="1961" WIDTH="105" HEIGHT="75" STYLEREFS="font0"/><SP WIDTH="15" VPOS="1961" HPOS="300"/><String ID="p674_w377" CONTENT=";" HPOS="315" VPOS="1961" WIDTH="11" HEIGHT="75" STYLEREFS="font0"/><SP WIDTH="27" VPOS="1961" HPOS="326"/><String ID="p674_w378" CONTENT="and" HPOS="353" VPOS="1961" WIDTH="62" HEIGHT="75" STYLEREFS="font0"/><SP WIDTH="17" VPOS="1961" HPOS="415"/><String ID="p674_w379" CONTENT="therefore" HPOS="432" VPOS="1961" WIDTH="162" HEIGHT="75" STYLEREFS="font0"/><SP WIDTH="16" VPOS="1961" HPOS="594"/><String ID="p674_w380" CONTENT="they" HPOS="610" VPOS="1961" WIDTH="77" HEIGHT="75" STYLEREFS="font0"/><SP WIDTH="25" VPOS="1961" HPOS="687"/><String ID="p674_w381" CONTENT="muft" HPOS="712" VPOS="1961" WIDTH="79" HEIGHT="75" STYLEREFS="font0"/><SP WIDTH="17" VPOS="1961" HPOS="791"/><String ID="p674_w382" CONTENT="undergo" HPOS="808" VPOS="1961" WIDTH="143" HEIGHT="75" STYLEREFS="font0"/><SP WIDTH="17" VPOS="1961" HPOS="951"/><String ID="p674_w383" CONTENT="a" HPOS="968" VPOS="1961" WIDTH="18" HEIGHT="75" STYLEREFS="font0"/><SP WIDTH="22" VPOS="1961" HPOS="986"/><String ID="p674_w384" CONTENT="ftiorter," HPOS="1008" VPOS="1961" WIDTH="135" HEIGHT="75" STYLEREFS="font0"/><SP WIDTH="25" VPOS="1961" HPOS="1143"/><String ID="p674_w385" CONTENT="and" HPOS="1168" VPOS="1961" WIDTH="64" HEIGHT="75" STYLEREFS="font0"/></TextLine><TextLine WIDTH="1038" HEIGHT="75" ID="p674_t41" HPOS="195" VPOS="2007"><String ID="p674_w386" CONTENT="more" HPOS="195" VPOS="2007" WIDTH="90" HEIGHT="75" STYLEREFS="font0"/><SP WIDTH="28" VPOS="2007" HPOS="285"/><String ID="p674_w387" CONTENT="active" HPOS="313" VPOS="2007" WIDTH="99" HEIGHT="75" STYLEREFS="font0"/><SP WIDTH="25" VPOS="2007" HPOS="412"/><String ID="p674_w388" CONTENT="method." HPOS="437" VPOS="2007" WIDTH="145" HEIGHT="75" STYLEREFS="font0"/><SP WIDTH="51" VPOS="2007" HPOS="582"/><String ID="p674_w389" CONTENT="As" HPOS="633" VPOS="2007" WIDTH="47" HEIGHT="75" STYLEREFS="font0"/><SP WIDTH="19" VPOS="2007" HPOS="680"/><String ID="p674_w390" CONTENT="the" HPOS="699" VPOS="2007" WIDTH="54" HEIGHT="75" STYLEREFS="font0"/><SP WIDTH="25" VPOS="2007" HPOS="753"/><String ID="p674_w391" CONTENT="heat" HPOS="778" VPOS="2007" WIDTH="76" HEIGHT="75" STYLEREFS="font0"/><SP WIDTH="23" VPOS="2007" HPOS="854"/><String ID="p674_w392" CONTENT="continues" HPOS="877" VPOS="2007" WIDTH="166" HEIGHT="75" STYLEREFS="font0"/><SP WIDTH="27" VPOS="2007" HPOS="1043"/><String ID="p674_w393" CONTENT="longer" HPOS="1070" VPOS="2007" WIDTH="113" HEIGHT="75" STYLEREFS="font0"/><SP WIDTH="16" VPOS="2007" HPOS="1183"/><String ID="p674_w394" CONTENT="at" HPOS="1199" VPOS="2007" WIDTH="34" HEIGHT="75" STYLEREFS="font0"/></TextLine><TextLine WIDTH="1037" HEIGHT="75" ID="p674_t42" HPOS="195" VPOS="2054"><String ID="p674_w395" CONTENT="the" HPOS="195" VPOS="2054" WIDTH="57" HEIGHT="75" STYLEREFS="font0"/><SP WIDTH="17" VPOS="2054" HPOS="252"/><String ID="p674_w396" CONTENT="degree" HPOS="269" VPOS="2054" WIDTH="117" HEIGHT="75" STYLEREFS="font0"/><SP WIDTH="17" VPOS="2054" HPOS="386"/><String ID="p674_w397" CONTENT="of" HPOS="403" VPOS="2054" WIDTH="40" HEIGHT="75" STYLEREFS="font0"/><SP WIDTH="23" VPOS="2054" HPOS="443"/><String ID="p674_w398" CONTENT="boiling," HPOS="466" VPOS="2054" WIDTH="133" HEIGHT="75" STYLEREFS="font0"/><SP WIDTH="27" VPOS="2054" HPOS="599"/><String ID="p674_w399" CONTENT="the" HPOS="626" VPOS="2054" WIDTH="56" HEIGHT="75" STYLEREFS="font0"/><SP WIDTH="23" VPOS="2054" HPOS="682"/><String ID="p674_w400" CONTENT="lyes" HPOS="705" VPOS="2054" WIDTH="69" HEIGHT="75" STYLEREFS="font0"/><SP WIDTH="17" VPOS="2054" HPOS="774"/><String ID="p674_w401" CONTENT="ufed" HPOS="791" VPOS="2054" WIDTH="77" HEIGHT="75" STYLEREFS="font0"/><SP WIDTH="15" VPOS="2054" HPOS="868"/><String ID="p674_w402" CONTENT="to" HPOS="883" VPOS="2054" WIDTH="34" HEIGHT="75" STYLEREFS="font0"/><SP WIDTH="28" VPOS="2054" HPOS="917"/><String ID="p674_w403" CONTENT="the" HPOS="945" VPOS="2054" WIDTH="56" HEIGHT="75" STYLEREFS="font0"/><SP WIDTH="17" VPOS="2054" HPOS="1001"/><String ID="p674_w404" CONTENT="coarfe" HPOS="1018" VPOS="2054" WIDTH="107" HEIGHT="75" STYLEREFS="font0"/><SP WIDTH="17" VPOS="2054" HPOS="1125"/><String ID="p674_w405" CONTENT="cloth" HPOS="1142" VPOS="2054" WIDTH="90" HEIGHT="75" STYLEREFS="font0"/></TextLine><TextLine WIDTH="1037" HEIGHT="75" ID="p674_t43" HPOS="194" VPOS="2101"><String ID="p674_w406" CONTENT="muft" HPOS="194" VPOS="2101" WIDTH="83" HEIGHT="75" STYLEREFS="font0"/><SP WIDTH="16" VPOS="2101" HPOS="277"/><String ID="p674_w407" CONTENT="be" HPOS="293" VPOS="2101" WIDTH="39" HEIGHT="75" STYLEREFS="font0"/><SP WIDTH="17" VPOS="2101" HPOS="332"/><String ID="p674_w408" CONTENT="weaker" HPOS="349" VPOS="2101" WIDTH="128" HEIGHT="75" STYLEREFS="font0"/><SP WIDTH="23" VPOS="2101" HPOS="477"/><String ID="p674_w409" CONTENT="than" HPOS="500" VPOS="2101" WIDTH="77" HEIGHT="75" STYLEREFS="font0"/><SP WIDTH="29" VPOS="2101" HPOS="577"/><String ID="p674_w410" CONTENT="thofe" HPOS="606" VPOS="2101" WIDTH="91" HEIGHT="75" STYLEREFS="font0"/><SP WIDTH="23" VPOS="2101" HPOS="697"/><String ID="p674_w411" CONTENT="ufed" HPOS="720" VPOS="2101" WIDTH="76" HEIGHT="75" STYLEREFS="font0"/><SP WIDTH="17" VPOS="2101" HPOS="796"/><String ID="p674_w412" CONTENT="to" HPOS="813" VPOS="2101" WIDTH="35" HEIGHT="75" STYLEREFS="font0"/><SP WIDTH="22" VPOS="2101" HPOS="848"/><String ID="p674_w413" CONTENT="the" HPOS="870" VPOS="2101" WIDTH="55" HEIGHT="75" STYLEREFS="font0"/><SP WIDTH="28" VPOS="2101" HPOS="925"/><String ID="p674_w414" CONTENT="fine." HPOS="953" VPOS="2101" WIDTH="73" HEIGHT="75" STYLEREFS="font0"/><SP WIDTH="49" VPOS="2101" HPOS="1026"/><String ID="p674_w415" CONTENT="There" HPOS="1075" VPOS="2101" WIDTH="113" HEIGHT="75" STYLEREFS="font0"/><SP WIDTH="16" VPOS="2101" HPOS="1188"/><String ID="p674_w416" CONTENT="is" HPOS="1204" VPOS="2101" WIDTH="27" HEIGHT="75" STYLEREFS="font0"/></TextLine><TextLine WIDTH="1037" HEIGHT="75" ID="p674_t44" HPOS="195" VPOS="2147"><String ID="p674_w417" CONTENT="not" HPOS="195" VPOS="2147" WIDTH="59" HEIGHT="75" STYLEREFS="font0"/><SP WIDTH="16" VPOS="2147" HPOS="254"/><String ID="p674_w418" CONTENT="fo" HPOS="270" VPOS="2147" WIDTH="33" HEIGHT="75" STYLEREFS="font0"/><SP WIDTH="17" VPOS="2147" HPOS="303"/><String ID="p674_w419" CONTENT="much" HPOS="320" VPOS="2147" WIDTH="95" HEIGHT="75" STYLEREFS="font0"/><SP WIDTH="12" VPOS="2147" HPOS="415"/><String ID="p674_w420" CONTENT="danger" HPOS="427" VPOS="2147" WIDTH="119" HEIGHT="75" STYLEREFS="font0"/><SP WIDTH="18" VPOS="2147" HPOS="546"/><String ID="p674_w421" CONTENT="from" HPOS="564" VPOS="2147" WIDTH="85" HEIGHT="75" STYLEREFS="font0"/><SP WIDTH="15" VPOS="2147" HPOS="649"/><String ID="p674_w422" CONTENT="heat" HPOS="664" VPOS="2147" WIDTH="76" HEIGHT="75" STYLEREFS="font0"/><SP WIDTH="15" VPOS="2147" HPOS="740"/><String ID="p674_w423" CONTENT="in" HPOS="755" VPOS="2147" WIDTH="33" HEIGHT="75" STYLEREFS="font0"/><SP WIDTH="16" VPOS="2147" HPOS="788"/><String ID="p674_w424" CONTENT="the" HPOS="804" VPOS="2147" WIDTH="55" HEIGHT="75" STYLEREFS="font0"/><SP WIDTH="18" VPOS="2147" HPOS="859"/><String ID="p674_w425" CONTENT="coarfe" HPOS="877" VPOS="2147" WIDTH="107" HEIGHT="75" STYLEREFS="font0"/><SP WIDTH="17" VPOS="2147" HPOS="984"/><String ID="p674_w426" CONTENT="as" HPOS="1001" VPOS="2147" WIDTH="34" HEIGHT="75" STYLEREFS="font0"/><SP WIDTH="17" VPOS="2147" HPOS="1035"/><String ID="p674_w427" CONTENT="in" HPOS="1052" VPOS="2147" WIDTH="33" HEIGHT="75" STYLEREFS="font0"/><SP WIDTH="16" VPOS="2147" HPOS="1085"/><String ID="p674_w428" CONTENT="the" HPOS="1101" VPOS="2147" WIDTH="56" HEIGHT="75" STYLEREFS="font0"/><SP WIDTH="13" VPOS="2147" HPOS="1157"/><String ID="p674_w429" CONTENT="fine" HPOS="1170" VPOS="2147" WIDTH="62" HEIGHT="75" STYLEREFS="font0"/></TextLine><TextLine WIDTH="1039" HEIGHT="75" ID="p674_t45" HPOS="196" VPOS="2194"><String ID="p674_w430" CONTENT="cloth," HPOS="196" VPOS="2194" WIDTH="102" HEIGHT="75" STYLEREFS="font0"/><SP WIDTH="25" VPOS="2194" HPOS="298"/><String ID="p674_w431" CONTENT="becaufe" HPOS="323" VPOS="2194" WIDTH="132" HEIGHT="75" STYLEREFS="font0"/><SP WIDTH="16" VPOS="2194" HPOS="455"/><String ID="p674_w432" CONTENT="the" HPOS="471" VPOS="2194" WIDTH="56" HEIGHT="75" STYLEREFS="font0"/><SP WIDTH="16" VPOS="2194" HPOS="527"/><String ID="p674_w433" CONTENT="former" HPOS="543" VPOS="2194" WIDTH="120" HEIGHT="75" STYLEREFS="font0"/><SP WIDTH="17" VPOS="2194" HPOS="663"/><String ID="p674_w434" CONTENT="is" HPOS="680" VPOS="2194" WIDTH="26" HEIGHT="75" STYLEREFS="font0"/><SP WIDTH="12" VPOS="2194" HPOS="706"/><String ID="p674_w435" CONTENT="of" HPOS="718" VPOS="2194" WIDTH="41" HEIGHT="75" STYLEREFS="font0"/><SP WIDTH="10" VPOS="2194" HPOS="759"/><String ID="p674_w436" CONTENT="a" HPOS="769" VPOS="2194" WIDTH="20" HEIGHT="75" STYLEREFS="font0"/><SP WIDTH="15" VPOS="2194" HPOS="789"/><String ID="p674_w437" CONTENT="more" HPOS="804" VPOS="2194" WIDTH="89" HEIGHT="75" STYLEREFS="font0"/><SP WIDTH="17" VPOS="2194" HPOS="893"/><String ID="p674_w438" CONTENT="open" HPOS="910" VPOS="2194" WIDTH="82" HEIGHT="75" STYLEREFS="font0"/><SP WIDTH="16" VPOS="2194" HPOS="992"/><String ID="p674_w439" CONTENT="texture," HPOS="1008" VPOS="2194" WIDTH="144" HEIGHT="75" STYLEREFS="font0"/><SP WIDTH="18" VPOS="2194" HPOS="1152"/><String ID="p674_w440" CONTENT="and" HPOS="1170" VPOS="2194" WIDTH="65" HEIGHT="75" STYLEREFS="font0"/></TextLine><TextLine WIDTH="1037" HEIGHT="75" ID="p674_t46" HPOS="196" VPOS="2241"><String ID="p674_w441" CONTENT="will" HPOS="196" VPOS="2241" WIDTH="67" HEIGHT="75" STYLEREFS="font0"/><SP WIDTH="28" VPOS="2241" HPOS="263"/><String ID="p674_w442" CONTENT="allow" HPOS="291" VPOS="2241" WIDTH="95" HEIGHT="75" STYLEREFS="font0"/><SP WIDTH="29" VPOS="2241" HPOS="386"/><String ID="p674_w443" CONTENT="the" HPOS="415" VPOS="2241" WIDTH="54" HEIGHT="75" STYLEREFS="font0"/><SP WIDTH="25" VPOS="2241" HPOS="469"/><String ID="p674_w444" CONTENT="lye" HPOS="494" VPOS="2241" WIDTH="52" HEIGHT="75" STYLEREFS="font0"/><SP WIDTH="24" VPOS="2241" HPOS="546"/><String ID="p674_w445" CONTENT="to." HPOS="570" VPOS="2241" WIDTH="40" HEIGHT="75" STYLEREFS="font0"/><SP WIDTH="11" VPOS="2241" HPOS="610"/><String ID="p674_w446" CONTENT="penetrate" HPOS="621" VPOS="2241" WIDTH="164" HEIGHT="75" STYLEREFS="font0"/><SP WIDTH="28" VPOS="2241" HPOS="785"/><String ID="p674_w447" CONTENT="more" HPOS="813" VPOS="2241" WIDTH="88" HEIGHT="75" STYLEREFS="font0"/><SP WIDTH="16" VPOS="2241" HPOS="901"/><String ID="p674_w448" CONTENT="fpeedily." HPOS="917" VPOS="2241" WIDTH="155" HEIGHT="75" STYLEREFS="font0"/><SP WIDTH="49" VPOS="2241" HPOS="1072"/><String ID="p674_w449" CONTENT="In" HPOS="1121" VPOS="2241" WIDTH="37" HEIGHT="75" STYLEREFS="font0"/><SP WIDTH="18" VPOS="2241" HPOS="1158"/><String ID="p674_w450" CONTENT="the" HPOS="1176" VPOS="2241" WIDTH="57" HEIGHT="75" STYLEREFS="font0"/></TextLine><TextLine WIDTH="1035" HEIGHT="75" ID="p674_t47" HPOS="197" VPOS="2288"><String ID="p674_w451" CONTENT="clofer" HPOS="197" VPOS="2288" WIDTH="100" HEIGHT="75" STYLEREFS="font0"/><SP WIDTH="23" VPOS="2288" HPOS="297"/><String ID="p674_w452" CONTENT="kinds," HPOS="320" VPOS="2288" WIDTH="106" HEIGHT="75" STYLEREFS="font0"/><SP WIDTH="25" VPOS="2288" HPOS="426"/><String ID="p674_w453" CONTENT="however," HPOS="451" VPOS="2288" WIDTH="162" HEIGHT="75" STYLEREFS="font0"/><SP WIDTH="26" VPOS="2288" HPOS="613"/><String ID="p674_w454" CONTENT="the" HPOS="639" VPOS="2288" WIDTH="54" HEIGHT="75" STYLEREFS="font0"/><SP WIDTH="17" VPOS="2288" HPOS="693"/><String ID="p674_w455" CONTENT="firft" HPOS="710" VPOS="2288" WIDTH="64" HEIGHT="75" STYLEREFS="font0"/><SP WIDTH="25" VPOS="2288" HPOS="774"/><String ID="p674_w456" CONTENT="application" HPOS="799" VPOS="2288" WIDTH="192" HEIGHT="75" STYLEREFS="font0"/><SP WIDTH="22" VPOS="2288" HPOS="991"/><String ID="p674_w457" CONTENT="of" HPOS="1013" VPOS="2288" WIDTH="43" HEIGHT="75" STYLEREFS="font0"/><SP WIDTH="17" VPOS="2288" HPOS="1056"/><String ID="p674_w458" CONTENT="the" HPOS="1073" VPOS="2288" WIDTH="56" HEIGHT="75" STYLEREFS="font0"/><SP WIDTH="27" VPOS="2288" HPOS="1129"/><String ID="p674_w459" CONTENT="(alts" HPOS="1156" VPOS="2288" WIDTH="76" HEIGHT="75" STYLEREFS="font0"/></TextLine><TextLine WIDTH="705" HEIGHT="75" ID="p674_t48" HPOS="196" VPOS="2335"><String ID="p674_w460" CONTENT="fliould" HPOS="196" VPOS="2335" WIDTH="113" HEIGHT="75" STYLEREFS="font0"/><SP WIDTH="16" VPOS="2335" HPOS="309"/><String ID="p674_w461" CONTENT="be" HPOS="325" VPOS="2335" WIDTH="40" HEIGHT="75" STYLEREFS="font0"/><SP WIDTH="17" VPOS="2335" HPOS="365"/><String ID="p674_w462" CONTENT="made" HPOS="382" VPOS="2335" WIDTH="93" HEIGHT="75" STYLEREFS="font0"/><SP WIDTH="11" VPOS="2335" HPOS="475"/><String ID="p674_w463" CONTENT="without" HPOS="486" VPOS="2335" WIDTH="139" HEIGHT="75" STYLEREFS="font0"/><SP WIDTH="15" VPOS="2335" HPOS="625"/><String ID="p674_w464" CONTENT="a" HPOS="640" VPOS="2335" WIDTH="19" HEIGHT="75" STYLEREFS="font0"/><SP WIDTH="16" VPOS="2335" HPOS="659"/><String ID="p674_w465" CONTENT="boiling" HPOS="675" VPOS="2335" WIDTH="122" HEIGHT="75" STYLEREFS="font0"/><SP WIDTH="15" VPOS="2335" HPOS="797"/><String ID="p674_w466" CONTENT="heat." HPOS="812" VPOS="2335" WIDTH="89" HEIGHT="75" STYLEREFS="font0"/></TextLine><TextLine WIDTH="987" HEIGHT="75" ID="p674_t49" HPOS="220" VPOS="2441"><String ID="p674_w467" CONTENT="ALTERNATE" HPOS="220" VPOS="2441" WIDTH="316" HEIGHT="75" STYLEREFS="font0"/><SP WIDTH="25" VPOS="2441" HPOS="536"/><String ID="p674_w468" CONTENT="WATERING" HPOS="561" VPOS="2441" WIDTH="300" HEIGHT="75" STYLEREFS="font0"/><SP WIDTH="27" VPOS="2441" HPOS="861"/><String ID="p674_w469" CONTENT="and" HPOS="888" VPOS="2441" WIDTH="75" HEIGHT="75" STYLEREFS="font0"/><SP WIDTH="32" VPOS="2441" HPOS="963"/><String ID="p674_w470" CONTENT="DRYING." HPOS="995" VPOS="2441" WIDTH="212" HEIGHT="75" STYLEREFS="font0"/></TextLine><TextLine WIDTH="988" HEIGHT="75" ID="p674_t50" HPOS="244" VPOS="2519"><String ID="p674_w471" CONTENT="After" HPOS="244" VPOS="2519" WIDTH="134" HEIGHT="75" STYLEREFS="font0"/><SP WIDTH="19" VPOS="2519" HPOS="378"/><String ID="p674_w472" CONTENT="the" HPOS="397" VPOS="2519" WIDTH="57" HEIGHT="75" STYLEREFS="font0"/><SP WIDTH="16" VPOS="2519" HPOS="454"/><String ID="p674_w473" CONTENT="cloth" HPOS="470" VPOS="2519" WIDTH="88" HEIGHT="75" STYLEREFS="font0"/><SP WIDTH="16" VPOS="2519" HPOS="558"/><String ID="p674_w474" CONTENT="has" HPOS="574" VPOS="2519" WIDTH="59" HEIGHT="75" STYLEREFS="font0"/><SP WIDTH="15" VPOS="2519" HPOS="633"/><String ID="p674_w475" CONTENT="been" HPOS="648" VPOS="2519" WIDTH="81" HEIGHT="75" STYLEREFS="font0"/><SP WIDTH="16" VPOS="2519" HPOS="729"/><String ID="p674_w476" CONTENT="bucked," HPOS="745" VPOS="2519" WIDTH="139" HEIGHT="75" STYLEREFS="font0"/><SP WIDTH="16" VPOS="2519" HPOS="884"/><String ID="p674_w477" CONTENT="it" HPOS="900" VPOS="2519" WIDTH="25" HEIGHT="75" STYLEREFS="font0"/><SP WIDTH="18" VPOS="2519" HPOS="925"/><String ID="p674_w478" CONTENT="is" HPOS="943" VPOS="2519" WIDTH="27" HEIGHT="75" STYLEREFS="font0"/><SP WIDTH="13" VPOS="2519" HPOS="970"/><String ID="p674_w479" CONTENT="carried" HPOS="983" VPOS="2519" WIDTH="124" HEIGHT="75" STYLEREFS="font0"/><SP WIDTH="16" VPOS="2519" HPOS="1107"/><String ID="p674_w480" CONTENT="out" HPOS="1123" VPOS="2519" WIDTH="57" HEIGHT="75" STYLEREFS="font0"/><SP WIDTH="16" VPOS="2519" HPOS="1180"/><String ID="p674_w481" CONTENT="to" HPOS="1196" VPOS="2519" WIDTH="36" HEIGHT="75" STYLEREFS="font0"/></TextLine><TextLine WIDTH="1035" HEIGHT="75" ID="p674_t51" HPOS="196" VPOS="2567"><String ID="p674_w482" CONTENT="the" HPOS="196" VPOS="2567" WIDTH="56" HEIGHT="75" STYLEREFS="font0"/><SP WIDTH="16" VPOS="2567" HPOS="252"/><String ID="p674_w483" CONTENT="field," HPOS="268" VPOS="2567" WIDTH="88" HEIGHT="75" STYLEREFS="font0"/><SP WIDTH="26" VPOS="2567" HPOS="356"/><String ID="p674_w484" CONTENT="and" HPOS="382" VPOS="2567" WIDTH="60" HEIGHT="75" STYLEREFS="font0"/><SP WIDTH="19" VPOS="2567" HPOS="442"/><String ID="p674_w485" CONTENT="frequently" HPOS="461" VPOS="2567" WIDTH="185" HEIGHT="75" STYLEREFS="font0"/><SP WIDTH="17" VPOS="2567" HPOS="646"/><String ID="p674_w486" CONTENT="watered" HPOS="663" VPOS="2567" WIDTH="141" HEIGHT="75" STYLEREFS="font0"/><SP WIDTH="16" VPOS="2567" HPOS="804"/><String ID="p674_w487" CONTENT="for" HPOS="820" VPOS="2567" WIDTH="52" HEIGHT="75" STYLEREFS="font0"/><SP WIDTH="26" VPOS="2567" HPOS="872"/><String ID="p674_w488" CONTENT="the" HPOS="898" VPOS="2567" WIDTH="57" HEIGHT="75" STYLEREFS="font0"/><SP WIDTH="16" VPOS="2567" HPOS="955"/><String ID="p674_w489" CONTENT="firft" HPOS="971" VPOS="2567" WIDTH="65" HEIGHT="75" STYLEREFS="font0"/><SP WIDTH="19" VPOS="2567" HPOS="1036"/><String ID="p674_w490" CONTENT="fix" HPOS="1055" VPOS="2567" WIDTH="48" HEIGHT="75" STYLEREFS="font0"/><SP WIDTH="17" VPOS="2567" HPOS="1103"/><String ID="p674_w491" CONTENT="hours." HPOS="1120" VPOS="2567" WIDTH="111" HEIGHT="75" STYLEREFS="font0"/></TextLine><TextLine WIDTH="1036" HEIGHT="75" ID="p674_t52" HPOS="196" VPOS="2614"><String ID="p674_w492" CONTENT="For" HPOS="196" VPOS="2614" WIDTH="67" HEIGHT="75" STYLEREFS="font0"/><SP WIDTH="16" VPOS="2614" HPOS="263"/><String ID="p674_w493" CONTENT="if" HPOS="279" VPOS="2614" WIDTH="32" HEIGHT="75" STYLEREFS="font0"/><SP WIDTH="17" VPOS="2614" HPOS="311"/><String ID="p674_w494" CONTENT="during" HPOS="328" VPOS="2614" WIDTH="117" HEIGHT="75" STYLEREFS="font0"/><SP WIDTH="16" VPOS="2614" HPOS="445"/><String ID="p674_w495" CONTENT="that" HPOS="461" VPOS="2614" WIDTH="71" HEIGHT="75" STYLEREFS="font0"/><SP WIDTH="17" VPOS="2614" HPOS="532"/><String ID="p674_w496" CONTENT="time," HPOS="549" VPOS="2614" WIDTH="88" HEIGHT="75" STYLEREFS="font0"/><SP WIDTH="25" VPOS="2614" HPOS="637"/><String ID="p674_w497" CONTENT="when" HPOS="662" VPOS="2614" WIDTH="93" HEIGHT="75" STYLEREFS="font0"/><SP WIDTH="17" VPOS="2614" HPOS="755"/><String ID="p674_w498" CONTENT="it" HPOS="772" VPOS="2614" WIDTH="26" HEIGHT="75" STYLEREFS="font0"/><SP WIDTH="16" VPOS="2614" HPOS="798"/><String ID="p674_w499" CONTENT="is" HPOS="814" VPOS="2614" WIDTH="28" HEIGHT="75" STYLEREFS="font0"/><SP WIDTH="17" VPOS="2614" HPOS="842"/><String ID="p674_w500" CONTENT="ftrongly" HPOS="859" VPOS="2614" WIDTH="142" HEIGHT="75" STYLEREFS="font0"/><SP WIDTH="10" VPOS="2614" HPOS="1001"/><String ID="p674_w501" CONTENT="impregnated" HPOS="1011" VPOS="2614" WIDTH="221" HEIGHT="75" STYLEREFS="font0"/></TextLine><TextLine WIDTH="1035" HEIGHT="75" ID="p674_t53" HPOS="196" VPOS="2660"><String ID="p674_w502" CONTENT="with" HPOS="196" VPOS="2660" WIDTH="80" HEIGHT="75" STYLEREFS="font0"/><SP WIDTH="23" VPOS="2660" HPOS="276"/><String ID="p674_w503" CONTENT="falts," HPOS="299" VPOS="2660" WIDTH="88" HEIGHT="75" STYLEREFS="font0"/><SP WIDTH="25" VPOS="2660" HPOS="387"/><String ID="p674_w504" CONTENT="it" HPOS="412" VPOS="2660" WIDTH="28" HEIGHT="75" STYLEREFS="font0"/><SP WIDTH="26" VPOS="2660" HPOS="440"/><String ID="p674_w505" CONTENT="is" HPOS="466" VPOS="2660" WIDTH="25" HEIGHT="75" STYLEREFS="font0"/><SP WIDTH="17" VPOS="2660" HPOS="491"/><String ID="p674_w506" CONTENT="allowed" HPOS="508" VPOS="2660" WIDTH="137" HEIGHT="75" STYLEREFS="font0"/><SP WIDTH="26" VPOS="2660" HPOS="645"/><String ID="p674_w507" CONTENT="to" HPOS="671" VPOS="2660" WIDTH="36" HEIGHT="75" STYLEREFS="font0"/><SP WIDTH="25" VPOS="2660" HPOS="707"/><String ID="p674_w508" CONTENT="dry," HPOS="732" VPOS="2660" WIDTH="76" HEIGHT="75" STYLEREFS="font0"/><SP WIDTH="22" VPOS="2660" HPOS="808"/><String ID="p674_w509" CONTENT="the" HPOS="830" VPOS="2660" WIDTH="56" HEIGHT="75" STYLEREFS="font0"/><SP WIDTH="28" VPOS="2660" HPOS="886"/><String ID="p674_w510" CONTENT="falts" HPOS="914" VPOS="2660" WIDTH="76" HEIGHT="75" STYLEREFS="font0"/><SP WIDTH="26" VPOS="2660" HPOS="990"/><String ID="p674_w511" CONTENT="approaching" HPOS="1016" VPOS="2660" WIDTH="215" HEIGHT="75" STYLEREFS="font0"/></TextLine><TextLine WIDTH="1036" HEIGHT="75" ID="p674_t54" HPOS="197" VPOS="2706"><String ID="p674_w512" CONTENT="clofer" HPOS="197" VPOS="2706" WIDTH="100" HEIGHT="75" STYLEREFS="font0"/><SP WIDTH="16" VPOS="2706" HPOS="297"/><String ID="p674_w513" CONTENT="together," HPOS="313" VPOS="2706" WIDTH="163" HEIGHT="75" STYLEREFS="font0"/><SP WIDTH="24" VPOS="2706" HPOS="476"/><String ID="p674_w514" CONTENT="and," HPOS="500" VPOS="2706" WIDTH="74" HEIGHT="75" STYLEREFS="font0"/><SP WIDTH="19" VPOS="2706" HPOS="574"/><String ID="p674_w515" CONTENT="aflifted" HPOS="593" VPOS="2706" WIDTH="117" HEIGHT="75" STYLEREFS="font0"/><SP WIDTH="16" VPOS="2706" HPOS="710"/><String ID="p674_w516" CONTENT="by" HPOS="726" VPOS="2706" WIDTH="44" HEIGHT="75" STYLEREFS="font0"/><SP WIDTH="12" VPOS="2706" HPOS="770"/><String ID="p674_w517" CONTENT="a" HPOS="782" VPOS="2706" WIDTH="18" HEIGHT="75" STYLEREFS="font0"/><SP WIDTH="16" VPOS="2706" HPOS="800"/><String ID="p674_w518" CONTENT="greater" HPOS="816" VPOS="2706" WIDTH="126" HEIGHT="75" STYLEREFS="font0"/><SP WIDTH="16" VPOS="2706" HPOS="942"/><String ID="p674_w519" CONTENT="degree" HPOS="958" VPOS="2706" WIDTH="117" HEIGHT="75" STYLEREFS="font0"/><SP WIDTH="17" VPOS="2706" HPOS="1075"/><String ID="p674_w520" CONTENT="of" HPOS="1092" VPOS="2706" WIDTH="41" HEIGHT="75" STYLEREFS="font0"/><SP WIDTH="10" VPOS="2706" HPOS="1133"/><String ID="p674_w521" CONTENT="heat," HPOS="1143" VPOS="2706" WIDTH="90" HEIGHT="75" STYLEREFS="font0"/></TextLine><TextLine WIDTH="1034" HEIGHT="75" ID="p674_t55" HPOS="196" VPOS="2752"><String ID="p674_w522" CONTENT="increafing" HPOS="196" VPOS="2752" WIDTH="173" HEIGHT="75" STYLEREFS="font0"/><SP WIDTH="8" VPOS="2752" HPOS="369"/><String ID="p674_w523" CONTENT="always" HPOS="377" VPOS="2752" WIDTH="119" HEIGHT="75" STYLEREFS="font0"/><SP WIDTH="11" VPOS="2752" HPOS="496"/><String ID="p674_w524" CONTENT="in" HPOS="507" VPOS="2752" WIDTH="33" HEIGHT="75" STYLEREFS="font0"/><SP WIDTH="17" VPOS="2752" HPOS="540"/><String ID="p674_w525" CONTENT="proportion" HPOS="557" VPOS="2752" WIDTH="187" HEIGHT="75" STYLEREFS="font0"/><SP WIDTH="16" VPOS="2752" HPOS="744"/><String ID="p674_w526" CONTENT="to" HPOS="760" VPOS="2752" WIDTH="35" HEIGHT="75" STYLEREFS="font0"/><SP WIDTH="13" VPOS="2752" HPOS="795"/><String ID="p674_w527" CONTENT="the" HPOS="808" VPOS="2752" WIDTH="55" HEIGHT="75" STYLEREFS="font0"/><SP WIDTH="13" VPOS="2752" HPOS="863"/><String ID="p674_w528" CONTENT="drinefs" HPOS="876" VPOS="2752" WIDTH="118" HEIGHT="75" STYLEREFS="font0"/><SP WIDTH="14" VPOS="2752" HPOS="994"/><String ID="p674_w529" CONTENT="of" HPOS="1008" VPOS="2752" WIDTH="40" HEIGHT="75" STYLEREFS="font0"/><SP WIDTH="11" VPOS="2752" HPOS="1048"/><String ID="p674_w530" CONTENT="the" HPOS="1059" VPOS="2752" WIDTH="56" HEIGHT="75" STYLEREFS="font0"/><SP WIDTH="13" VPOS="2752" HPOS="1115"/><String ID="p674_w531" CONTENT="cloth," HPOS="1128" VPOS="2752" WIDTH="102" HEIGHT="75" STYLEREFS="font0"/></TextLine><TextLine WIDTH="1034" HEIGHT="75" ID="p674_t56" HPOS="197" VPOS="2801"><String ID="p674_w532" CONTENT="aA" HPOS="197" VPOS="2801" WIDTH="48" HEIGHT="75" STYLEREFS="font0"/><SP WIDTH="17" VPOS="2801" HPOS="245"/><String ID="p674_w533" CONTENT="with" HPOS="262" VPOS="2801" WIDTH="79" HEIGHT="75" STYLEREFS="font0"/><SP WIDTH="17" VPOS="2801" HPOS="341"/><String ID="p674_w534" CONTENT="greater" HPOS="358" VPOS="2801" WIDTH="126" HEIGHT="75" STYLEREFS="font0"/><SP WIDTH="15" VPOS="2801" HPOS="484"/><String ID="p674_w535" CONTENT="force," HPOS="499" VPOS="2801" WIDTH="102" HEIGHT="75" STYLEREFS="font0"/><SP WIDTH="26" VPOS="2801" HPOS="601"/><String ID="p674_w536" CONTENT="and" HPOS="627" VPOS="2801" WIDTH="62" HEIGHT="75" STYLEREFS="font0"/><SP WIDTH="15" VPOS="2801" HPOS="689"/><String ID="p674_w537" CONTENT="deftroy" HPOS="704" VPOS="2801" WIDTH="128" HEIGHT="75" STYLEREFS="font0"/><SP WIDTH="15" VPOS="2801" HPOS="832"/><String ID="p674_w538" CONTENT="its" HPOS="847" VPOS="2801" WIDTH="42" HEIGHT="75" STYLEREFS="font0"/><SP WIDTH="16" VPOS="2801" HPOS="889"/><String ID="p674_w539" CONTENT="very" HPOS="905" VPOS="2801" WIDTH="79" HEIGHT="75" STYLEREFS="font0"/><SP WIDTH="15" VPOS="2801" HPOS="984"/><String ID="p674_w540" CONTENT="texture." HPOS="999" VPOS="2801" WIDTH="143" HEIGHT="75" STYLEREFS="font0"/><SP WIDTH="26" VPOS="2801" HPOS="1142"/><String ID="p674_w541" CONTENT="Af-" HPOS="1168" VPOS="2801" WIDTH="63" HEIGHT="75" STYLEREFS="font0"/></TextLine><TextLine WIDTH="1036" HEIGHT="75" ID="p674_t57" HPOS="196" VPOS="2846"><String ID="p674_w542" CONTENT="ter" HPOS="196" VPOS="2846" WIDTH="51" HEIGHT="75" STYLEREFS="font0"/><SP WIDTH="24" VPOS="2846" HPOS="247"/><String ID="p674_w543" CONTENT="this" HPOS="271" VPOS="2846" WIDTH="65" HEIGHT="75" STYLEREFS="font0"/><SP WIDTH="29" VPOS="2846" HPOS="336"/><String ID="p674_w544" CONTENT="time," HPOS="365" VPOS="2846" WIDTH="90" HEIGHT="75" STYLEREFS="font0"/><SP WIDTH="24" VPOS="2846" HPOS="455"/><String ID="p674_w545" CONTENT="dry" HPOS="479" VPOS="2846" WIDTH="62" HEIGHT="75" STYLEREFS="font0"/><SP WIDTH="23" VPOS="2846" HPOS="541"/><String ID="p674_w546" CONTENT="fpots" HPOS="564" VPOS="2846" WIDTH="86" HEIGHT="75" STYLEREFS="font0"/><SP WIDTH="24" VPOS="2846" HPOS="650"/><String ID="p674_w547" CONTENT="are" HPOS="674" VPOS="2846" WIDTH="53" HEIGHT="75" STYLEREFS="font0"/><SP WIDTH="28" VPOS="2846" HPOS="727"/><String ID="p674_w548" CONTENT="allowed" HPOS="755" VPOS="2846" WIDTH="137" HEIGHT="75" STYLEREFS="font0"/><SP WIDTH="26" VPOS="2846" HPOS="892"/><String ID="p674_w549" CONTENT="to" HPOS="918" VPOS="2846" WIDTH="36" HEIGHT="75" STYLEREFS="font0"/><SP WIDTH="24" VPOS="2846" HPOS="954"/><String ID="p674_w550" CONTENT="appear" HPOS="978" VPOS="2846" WIDTH="116" HEIGHT="75" STYLEREFS="font0"/><SP WIDTH="26" VPOS="2846" HPOS="1094"/><String ID="p674_w551" CONTENT="before" HPOS="1120" VPOS="2846" WIDTH="112" HEIGHT="75" STYLEREFS="font0"/></TextLine><TextLine WIDTH="1035" HEIGHT="75" ID="p674_t58" HPOS="197" VPOS="2893"><String ID="p674_w552" CONTENT="it" HPOS="197" VPOS="2893" WIDTH="26" HEIGHT="75" STYLEREFS="font0"/><SP WIDTH="17" VPOS="2893" HPOS="223"/><String ID="p674_w553" CONTENT="gets" HPOS="240" VPOS="2893" WIDTH="70" HEIGHT="75" STYLEREFS="font0"/><SP WIDTH="26" VPOS="2893" HPOS="310"/><String ID="p674_w554" CONTENT="3ny" HPOS="336" VPOS="2893" WIDTH="60" HEIGHT="75" STYLEREFS="font0"/><SP WIDTH="16" VPOS="2893" HPOS="396"/><String ID="p674_w555" CONTENT="water." HPOS="412" VPOS="2893" WIDTH="111" HEIGHT="75" STYLEREFS="font0"/><SP WIDTH="50" VPOS="2893" HPOS="523"/><String ID="p674_w556" CONTENT="In" HPOS="573" VPOS="2893" WIDTH="38" HEIGHT="75" STYLEREFS="font0"/><SP WIDTH="18" VPOS="2893" HPOS="611"/><String ID="p674_w557" CONTENT="this" HPOS="629" VPOS="2893" WIDTH="64" HEIGHT="75" STYLEREFS="font0"/><SP WIDTH="24" VPOS="2893" HPOS="693"/><String ID="p674_w558" CONTENT="ftate" HPOS="717" VPOS="2893" WIDTH="77" HEIGHT="75" STYLEREFS="font0"/><SP WIDTH="24" VPOS="2893" HPOS="794"/><String ID="p674_w559" CONTENT="it" HPOS="818" VPOS="2893" WIDTH="27" HEIGHT="75" STYLEREFS="font0"/><SP WIDTH="22" VPOS="2893" HPOS="845"/><String ID="p674_w560" CONTENT="profits" HPOS="867" VPOS="2893" WIDTH="112" HEIGHT="75" STYLEREFS="font0"/><SP WIDTH="25" VPOS="2893" HPOS="979"/><String ID="p674_w561" CONTENT="moft," HPOS="1004" VPOS="2893" WIDTH="94" HEIGHT="75" STYLEREFS="font0"/><SP WIDTH="28" VPOS="2893" HPOS="1098"/><String ID="p674_w562" CONTENT="as" HPOS="1126" VPOS="2893" WIDTH="34" HEIGHT="75" STYLEREFS="font0"/><SP WIDTH="16" VPOS="2893" HPOS="1160"/><String ID="p674_w563" CONTENT="the" HPOS="1176" VPOS="2893" WIDTH="56" HEIGHT="75" STYLEREFS="font0"/></TextLine><TextLine WIDTH="1034" HEIGHT="75" ID="p674_t59" HPOS="197" VPOS="2940"><String ID="p674_w564" CONTENT="latter" HPOS="197" VPOS="2940" WIDTH="96" HEIGHT="75" STYLEREFS="font0"/><SP WIDTH="26" VPOS="2940" HPOS="293"/><String ID="p674_w565" CONTENT="part" HPOS="319" VPOS="2940" WIDTH="68" HEIGHT="75" STYLEREFS="font0"/><SP WIDTH="19" VPOS="2940" HPOS="387"/><String ID="p674_w566" CONTENT="of" HPOS="406" VPOS="2940" WIDTH="38" HEIGHT="75" STYLEREFS="font0"/><SP WIDTH="22" VPOS="2940" HPOS="444"/><String ID="p674_w567" CONTENT="the" HPOS="466" VPOS="2940" WIDTH="55" HEIGHT="75" STYLEREFS="font0"/><SP WIDTH="24" VPOS="2940" HPOS="521"/><String ID="p674_w568" CONTENT="evaporation" HPOS="545" VPOS="2940" WIDTH="205" HEIGHT="75" STYLEREFS="font0"/><SP WIDTH="17" VPOS="2940" HPOS="750"/><String ID="p674_w569" CONTENT="comes" HPOS="767" VPOS="2940" WIDTH="106" HEIGHT="75" STYLEREFS="font0"/><SP WIDTH="24" VPOS="2940" HPOS="873"/><String ID="p674_w570" CONTENT="from" HPOS="897" VPOS="2940" WIDTH="85" HEIGHT="75" STYLEREFS="font0"/><SP WIDTH="16" VPOS="2940" HPOS="982"/><String ID="p674_w571" CONTENT="the" HPOS="998" VPOS="2940" WIDTH="56" HEIGHT="75" STYLEREFS="font0"/><SP WIDTH="25" VPOS="2940" HPOS="1054"/><String ID="p674_w572" CONTENT="more" HPOS="1079" VPOS="2940" WIDTH="88" HEIGHT="75" STYLEREFS="font0"/><SP WIDTH="16" VPOS="2940" HPOS="1167"/><String ID="p674_w573" CONTENT="ma-" HPOS="1183" VPOS="2940" WIDTH="48" HEIGHT="75" STYLEREFS="font0"/></TextLine><TextLine WIDTH="1033" HEIGHT="75" ID="p674_t60" HPOS="197" VPOS="2986"><String ID="p674_w574" CONTENT="ternal" HPOS="197" VPOS="2986" WIDTH="100" HEIGHT="75" STYLEREFS="font0"/><SP WIDTH="19" VPOS="2986" HPOS="297"/><String ID="p674_w575" CONTENT="parts" HPOS="316" VPOS="2986" WIDTH="86" HEIGHT="75" STYLEREFS="font0"/><SP WIDTH="18" VPOS="2986" HPOS="402"/><String ID="p674_w576" CONTENT="of" HPOS="420" VPOS="2986" WIDTH="39" HEIGHT="75" STYLEREFS="font0"/><SP WIDTH="12" VPOS="2986" HPOS="459"/><String ID="p674_w577" CONTENT="the" HPOS="471" VPOS="2986" WIDTH="54" HEIGHT="75" STYLEREFS="font0"/><SP WIDTH="17" VPOS="2986" HPOS="525"/><String ID="p674_w578" CONTENT="cloth," HPOS="542" VPOS="2986" WIDTH="101" HEIGHT="75" STYLEREFS="font0"/><SP WIDTH="26" VPOS="2986" HPOS="643"/><String ID="p674_w579" CONTENT="and" HPOS="669" VPOS="2986" WIDTH="62" HEIGHT="75" STYLEREFS="font0"/><SP WIDTH="17" VPOS="2986" HPOS="731"/><String ID="p674_w580" CONTENT="will" HPOS="748" VPOS="2986" WIDTH="65" HEIGHT="75" STYLEREFS="font0"/><SP WIDTH="18" VPOS="2986" HPOS="813"/><String ID="p674_w581" CONTENT="carry" HPOS="831" VPOS="2986" WIDTH="91" HEIGHT="75" STYLEREFS="font0"/><SP WIDTH="17" VPOS="2986" HPOS="922"/><String ID="p674_w582" CONTENT="away" HPOS="939" VPOS="2986" WIDTH="91" HEIGHT="75" STYLEREFS="font0"/><SP WIDTH="20" VPOS="2986" HPOS="1030"/><String ID="p674_w583" CONTENT="moft:" HPOS="1050" VPOS="2986" WIDTH="79" HEIGHT="75" STYLEREFS="font0"/><SP WIDTH="17" VPOS="2986" HPOS="1129"/><String ID="p674_w584" CONTENT="from" HPOS="1146" VPOS="2986" WIDTH="84" HEIGHT="75" STYLEREFS="font0"/></TextLine><TextLine WIDTH="1035" HEIGHT="75" ID="p674_t61" HPOS="197" VPOS="3035"><String ID="p674_w585" CONTENT="thofe" HPOS="197" VPOS="3035" WIDTH="89" HEIGHT="75" STYLEREFS="font0"/><SP WIDTH="16" VPOS="3035" HPOS="286"/><String ID="p674_w586" CONTENT="parts." HPOS="302" VPOS="3035" WIDTH="100" HEIGHT="75" STYLEREFS="font0"/><SP WIDTH="50" VPOS="3035" HPOS="402"/><String ID="p674_w587" CONTENT="The" HPOS="452" VPOS="3035" WIDTH="77" HEIGHT="75" STYLEREFS="font0"/><SP WIDTH="16" VPOS="3035" HPOS="529"/><String ID="p674_w588" CONTENT="bleaching" HPOS="545" VPOS="3035" WIDTH="169" HEIGHT="75" STYLEREFS="font0"/><SP WIDTH="15" VPOS="3035" HPOS="714"/><String ID="p674_w589" CONTENT="of" HPOS="729" VPOS="3035" WIDTH="40" HEIGHT="75" STYLEREFS="font0"/><SP WIDTH="18" VPOS="3035" HPOS="769"/><String ID="p674_w590" CONTENT="the" HPOS="787" VPOS="3035" WIDTH="55" HEIGHT="75" STYLEREFS="font0"/><SP WIDTH="17" VPOS="3035" HPOS="842"/><String ID="p674_w591" CONTENT="wax," HPOS="859" VPOS="3035" WIDTH="85" HEIGHT="75" STYLEREFS="font0"/><SP WIDTH="25" VPOS="3035" HPOS="944"/><String ID="p674_w592" CONTENT="in" HPOS="969" VPOS="3035" WIDTH="33" HEIGHT="75" STYLEREFS="font0"/><SP WIDTH="24" VPOS="3035" HPOS="1002"/><String ID="p674_w593" CONTENT="a" HPOS="1026" VPOS="3035" WIDTH="18" HEIGHT="75" STYLEREFS="font0"/><SP WIDTH="16" VPOS="3035" HPOS="1044"/><String ID="p674_w594" CONTENT="preceding" HPOS="1060" VPOS="3035" WIDTH="172" HEIGHT="75" STYLEREFS="font0"/></TextLine><TextLine WIDTH="1034" HEIGHT="75" ID="p674_t62" HPOS="1295" VPOS="224"><String ID="p674_w595" CONTENT="experiment," HPOS="1295" VPOS="224" WIDTH="211" HEIGHT="75" STYLEREFS="font0"/><SP WIDTH="16" VPOS="224" HPOS="1506"/><String ID="p674_w596" CONTENT="helps" HPOS="1522" VPOS="224" WIDTH="93" HEIGHT="75" STYLEREFS="font0"/><SP WIDTH="12" VPOS="224" HPOS="1615"/><String ID="p674_w597" CONTENT="to" HPOS="1627" VPOS="224" WIDTH="36" HEIGHT="75" STYLEREFS="font0"/><SP WIDTH="12" VPOS="224" HPOS="1663"/><String ID="p674_w598" CONTENT="confirm" HPOS="1675" VPOS="224" WIDTH="131" HEIGHT="75" STYLEREFS="font0"/><SP WIDTH="14" VPOS="224" HPOS="1806"/><String ID="p674_w599" CONTENT="this" HPOS="1820" VPOS="224" WIDTH="63" HEIGHT="75" STYLEREFS="font0"/><SP WIDTH="17" VPOS="224" HPOS="1883"/><String ID="p674_w600" CONTENT=";" HPOS="1900" VPOS="224" WIDTH="10" HEIGHT="75" STYLEREFS="font0"/><SP WIDTH="19" VPOS="224" HPOS="1910"/><String ID="p674_w601" CONTENT="for" HPOS="1929" VPOS="224" WIDTH="51" HEIGHT="75" STYLEREFS="font0"/><SP WIDTH="12" VPOS="224" HPOS="1980"/><String ID="p674_w602" CONTENT="it" HPOS="1992" VPOS="224" WIDTH="24" HEIGHT="75" STYLEREFS="font0"/><SP WIDTH="13" VPOS="224" HPOS="2016"/><String ID="p674_w603" CONTENT="feemedto" HPOS="2029" VPOS="224" WIDTH="169" HEIGHT="75" STYLEREFS="font0"/><SP WIDTH="12" VPOS="224" HPOS="2198"/><String ID="p674_w604" CONTENT="whiten" HPOS="2210" VPOS="224" WIDTH="119" HEIGHT="75" STYLEREFS="font0"/></TextLine><TextLine WIDTH="954" HEIGHT="75" ID="p674_t63" HPOS="1294" VPOS="271"><String ID="p674_w605" CONTENT="moft" HPOS="1294" VPOS="271" WIDTH="80" HEIGHT="75" STYLEREFS="font0"/><SP WIDTH="18" VPOS="271" HPOS="1374"/><String ID="p674_w606" CONTENT="when" HPOS="1392" VPOS="271" WIDTH="92" HEIGHT="75" STYLEREFS="font0"/><SP WIDTH="17" VPOS="271" HPOS="1484"/><String ID="p674_w607" CONTENT="the" HPOS="1501" VPOS="271" WIDTH="56" HEIGHT="75" STYLEREFS="font0"/><SP WIDTH="17" VPOS="271" HPOS="1557"/><String ID="p674_w608" CONTENT="laft" HPOS="1574" VPOS="271" WIDTH="57" HEIGHT="75" STYLEREFS="font0"/><SP WIDTH="18" VPOS="271" HPOS="1631"/><String ID="p674_w609" CONTENT="panicles" HPOS="1649" VPOS="271" WIDTH="148" HEIGHT="75" STYLEREFS="font0"/><SP WIDTH="13" VPOS="271" HPOS="1797"/><String ID="p674_w610" CONTENT="of" HPOS="1810" VPOS="271" WIDTH="40" HEIGHT="75" STYLEREFS="font0"/><SP WIDTH="11" VPOS="271" HPOS="1850"/><String ID="p674_w611" CONTENT="water" HPOS="1861" VPOS="271" WIDTH="100" HEIGHT="75" STYLEREFS="font0"/><SP WIDTH="16" VPOS="271" HPOS="1961"/><String ID="p674_w612" CONTENT="were" HPOS="1977" VPOS="271" WIDTH="85" HEIGHT="75" STYLEREFS="font0"/><SP WIDTH="16" VPOS="271" HPOS="2062"/><String ID="p674_w613" CONTENT="going" HPOS="2078" VPOS="271" WIDTH="97" HEIGHT="75" STYLEREFS="font0"/><SP WIDTH="15" VPOS="271" HPOS="2175"/><String ID="p674_w614" CONTENT="off." HPOS="2190" VPOS="271" WIDTH="58" HEIGHT="75" STYLEREFS="font0"/></TextLine><TextLine WIDTH="990" HEIGHT="75" ID="p674_t64" HPOS="1340" VPOS="318"><String ID="p674_w615" CONTENT="This" HPOS="1340" VPOS="318" WIDTH="85" HEIGHT="75" STYLEREFS="font0"/><SP WIDTH="29" VPOS="318" HPOS="1425"/><String ID="p674_w616" CONTENT="continual" HPOS="1454" VPOS="318" WIDTH="160" HEIGHT="75" STYLEREFS="font0"/><SP WIDTH="29" VPOS="318" HPOS="1614"/><String ID="p674_w617" CONTENT="evaporation" HPOS="1643" VPOS="318" WIDTH="205" HEIGHT="75" STYLEREFS="font0"/><SP WIDTH="30" VPOS="318" HPOS="1848"/><String ID="p674_w618" CONTENT="from" HPOS="1878" VPOS="318" WIDTH="84" HEIGHT="75" STYLEREFS="font0"/><SP WIDTH="20" VPOS="318" HPOS="1962"/><String ID="p674_w619" CONTENT="the" HPOS="1982" VPOS="318" WIDTH="55" HEIGHT="75" STYLEREFS="font0"/><SP WIDTH="28" VPOS="318" HPOS="2037"/><String ID="p674_w620" CONTENT="furface" HPOS="2065" VPOS="318" WIDTH="123" HEIGHT="75" STYLEREFS="font0"/><SP WIDTH="26" VPOS="318" HPOS="2188"/><String ID="p674_w621" CONTENT="of" HPOS="2214" VPOS="318" WIDTH="40" HEIGHT="75" STYLEREFS="font0"/><SP WIDTH="19" VPOS="318" HPOS="2254"/><String ID="p674_w622" CONTENT="the" HPOS="2273" VPOS="318" WIDTH="57" HEIGHT="75" STYLEREFS="font0"/></TextLine><TextLine WIDTH="1038" HEIGHT="75" ID="p674_t65" HPOS="1293" VPOS="365"><String ID="p674_w623" CONTENT="cloth" HPOS="1293" VPOS="365" WIDTH="88" HEIGHT="75" STYLEREFS="font0"/><SP WIDTH="18" VPOS="365" HPOS="1381"/><String ID="p674_w624" CONTENT="/hows," HPOS="1399" VPOS="365" WIDTH="114" HEIGHT="75" STYLEREFS="font0"/><SP WIDTH="26" VPOS="365" HPOS="1513"/><String ID="p674_w625" CONTENT="that" HPOS="1539" VPOS="365" WIDTH="71" HEIGHT="75" STYLEREFS="font0"/><SP WIDTH="17" VPOS="365" HPOS="1610"/><String ID="p674_w626" CONTENT="the" HPOS="1627" VPOS="365" WIDTH="55" HEIGHT="75" STYLEREFS="font0"/><SP WIDTH="16" VPOS="365" HPOS="1682"/><String ID="p674_w627" CONTENT="deiign" HPOS="1698" VPOS="365" WIDTH="106" HEIGHT="75" STYLEREFS="font0"/><SP WIDTH="21" VPOS="365" HPOS="1804"/><String ID="p674_w628" CONTENT="of" HPOS="1825" VPOS="365" WIDTH="41" HEIGHT="75" STYLEREFS="font0"/><SP WIDTH="14" VPOS="365" HPOS="1866"/><String ID="p674_w629" CONTENT="the" HPOS="1880" VPOS="365" WIDTH="54" HEIGHT="75" STYLEREFS="font0"/><SP WIDTH="18" VPOS="365" HPOS="1934"/><String ID="p674_w630" CONTENT="operation" HPOS="1952" VPOS="365" WIDTH="163" HEIGHT="75" STYLEREFS="font0"/><SP WIDTH="18" VPOS="365" HPOS="2115"/><String ID="p674_w631" CONTENT="is" HPOS="2133" VPOS="365" WIDTH="26" HEIGHT="75" STYLEREFS="font0"/><SP WIDTH="26" VPOS="365" HPOS="2159"/><String ID="p674_w632" CONTENT="to" HPOS="2185" VPOS="365" WIDTH="33" HEIGHT="75" STYLEREFS="font0"/><SP WIDTH="17" VPOS="365" HPOS="2218"/><String ID="p674_w633" CONTENT="carry" HPOS="2235" VPOS="365" WIDTH="96" HEIGHT="75" STYLEREFS="font0"/></TextLine><TextLine WIDTH="1034" HEIGHT="75" ID="p674_t66" HPOS="1291" VPOS="412"><String ID="p674_w634" CONTENT="off" HPOS="1291" VPOS="412" WIDTH="52" HEIGHT="75" STYLEREFS="font0"/><SP WIDTH="8" VPOS="412" HPOS="1343"/><String ID="p674_w635" CONTENT="fomewhat" HPOS="1351" VPOS="412" WIDTH="174" HEIGHT="75" STYLEREFS="font0"/><SP WIDTH="17" VPOS="412" HPOS="1525"/><String ID="p674_w636" CONTENT="remaining" HPOS="1542" VPOS="412" WIDTH="174" HEIGHT="75" STYLEREFS="font0"/><SP WIDTH="16" VPOS="412" HPOS="1716"/><String ID="p674_w637" CONTENT="after" HPOS="1732" VPOS="412" WIDTH="85" HEIGHT="75" STYLEREFS="font0"/><SP WIDTH="12" VPOS="412" HPOS="1817"/><String ID="p674_w638" CONTENT="the" HPOS="1829" VPOS="412" WIDTH="55" HEIGHT="75" STYLEREFS="font0"/><SP WIDTH="18" VPOS="412" HPOS="1884"/><String ID="p674_w639" CONTENT="former" HPOS="1902" VPOS="412" WIDTH="120" HEIGHT="75" STYLEREFS="font0"/><SP WIDTH="17" VPOS="412" HPOS="2022"/><String ID="p674_w640" CONTENT="procefs" HPOS="2039" VPOS="412" WIDTH="126" HEIGHT="75" STYLEREFS="font0"/><SP WIDTH="11" VPOS="412" HPOS="2165"/><String ID="p674_w641" CONTENT="of" HPOS="2176" VPOS="412" WIDTH="40" HEIGHT="75" STYLEREFS="font0"/><SP WIDTH="12" VPOS="412" HPOS="2216"/><String ID="p674_w642" CONTENT="buck-" HPOS="2228" VPOS="412" WIDTH="97" HEIGHT="75" STYLEREFS="font0"/></TextLine><TextLine WIDTH="1038" HEIGHT="75" ID="p674_t67" HPOS="1290" VPOS="458"><String ID="p674_w643" CONTENT="ing." HPOS="1290" VPOS="458" WIDTH="66" HEIGHT="75" STYLEREFS="font0"/><SP WIDTH="42" VPOS="458" HPOS="1356"/><String ID="p674_w644" CONTENT="This" HPOS="1398" VPOS="458" WIDTH="86" HEIGHT="75" STYLEREFS="font0"/><SP WIDTH="28" VPOS="458" HPOS="1484"/><String ID="p674_w645" CONTENT="appears" HPOS="1512" VPOS="458" WIDTH="130" HEIGHT="75" STYLEREFS="font0"/><SP WIDTH="29" VPOS="458" HPOS="1642"/><String ID="p674_w646" CONTENT="likewife" HPOS="1671" VPOS="458" WIDTH="138" HEIGHT="75" STYLEREFS="font0"/><SP WIDTH="28" VPOS="458" HPOS="1809"/><String ID="p674_w647" CONTENT="from" HPOS="1837" VPOS="458" WIDTH="84" HEIGHT="75" STYLEREFS="font0"/><SP WIDTH="25" VPOS="458" HPOS="1921"/><String ID="p674_w648" CONTENT="a" HPOS="1946" VPOS="458" WIDTH="19" HEIGHT="75" STYLEREFS="font0"/><SP WIDTH="24" VPOS="458" HPOS="1965"/><String ID="p674_w649" CONTENT="fact" HPOS="1989" VPOS="458" WIDTH="63" HEIGHT="75" STYLEREFS="font0"/><SP WIDTH="28" VPOS="458" HPOS="2052"/><String ID="p674_w650" CONTENT="known" HPOS="2080" VPOS="458" WIDTH="117" HEIGHT="75" STYLEREFS="font0"/><SP WIDTH="28" VPOS="458" HPOS="2197"/><String ID="p674_w651" CONTENT="to" HPOS="2225" VPOS="458" WIDTH="36" HEIGHT="75" STYLEREFS="font0"/><SP WIDTH="24" VPOS="458" HPOS="2261"/><String ID="p674_w652" CONTENT="all" HPOS="2285" VPOS="458" WIDTH="43" HEIGHT="75" STYLEREFS="font0"/></TextLine><TextLine WIDTH="1038" HEIGHT="75" ID="p674_t68" HPOS="1291" VPOS="506"><String ID="p674_w653" CONTENT="bleachers," HPOS="1291" VPOS="506" WIDTH="177" HEIGHT="75" STYLEREFS="font0"/><SP WIDTH="25" VPOS="506" HPOS="1468"/><String ID="p674_w654" CONTENT="that" HPOS="1493" VPOS="506" WIDTH="71" HEIGHT="75" STYLEREFS="font0"/><SP WIDTH="26" VPOS="506" HPOS="1564"/><String ID="p674_w655" CONTENT="the" HPOS="1590" VPOS="506" WIDTH="54" HEIGHT="75" STYLEREFS="font0"/><SP WIDTH="18" VPOS="506" HPOS="1644"/><String ID="p674_w656" CONTENT="upper" HPOS="1662" VPOS="506" WIDTH="99" HEIGHT="75" STYLEREFS="font0"/><SP WIDTH="16" VPOS="506" HPOS="1761"/><String ID="p674_w657" CONTENT="fide" HPOS="1777" VPOS="506" WIDTH="63" HEIGHT="75" STYLEREFS="font0"/><SP WIDTH="24" VPOS="506" HPOS="1840"/><String ID="p674_w658" CONTENT="of" HPOS="1864" VPOS="506" WIDTH="40" HEIGHT="75" STYLEREFS="font0"/><SP WIDTH="11" VPOS="506" HPOS="1904"/><String ID="p674_w659" CONTENT="cloth," HPOS="1915" VPOS="506" WIDTH="104" HEIGHT="75" STYLEREFS="font0"/><SP WIDTH="25" VPOS="506" HPOS="2019"/><String ID="p674_w660" CONTENT="where" HPOS="2044" VPOS="506" WIDTH="111" HEIGHT="75" STYLEREFS="font0"/><SP WIDTH="26" VPOS="506" HPOS="2155"/><String ID="p674_w661" CONTENT="the" HPOS="2181" VPOS="506" WIDTH="56" HEIGHT="75" STYLEREFS="font0"/><SP WIDTH="17" VPOS="506" HPOS="2237"/><String ID="p674_w662" CONTENT="eva-" HPOS="2254" VPOS="506" WIDTH="75" HEIGHT="75" STYLEREFS="font0"/></TextLine><TextLine WIDTH="1038" HEIGHT="75" ID="p674_t69" HPOS="1290" VPOS="553"><String ID="p674_w663" CONTENT="poration" HPOS="1290" VPOS="553" WIDTH="146" HEIGHT="75" STYLEREFS="font0"/><SP WIDTH="17" VPOS="553" HPOS="1436"/><String ID="p674_w664" CONTENT="is" HPOS="1453" VPOS="553" WIDTH="26" HEIGHT="75" STYLEREFS="font0"/><SP WIDTH="19" VPOS="553" HPOS="1479"/><String ID="p674_w665" CONTENT="ftrongeft," HPOS="1498" VPOS="553" WIDTH="163" HEIGHT="75" STYLEREFS="font0"/><SP WIDTH="19" VPOS="553" HPOS="1661"/><String ID="p674_w666" CONTENT="attains" HPOS="1680" VPOS="553" WIDTH="115" HEIGHT="75" STYLEREFS="font0"/><SP WIDTH="17" VPOS="553" HPOS="1795"/><String ID="p674_w667" CONTENT="to" HPOS="1812" VPOS="553" WIDTH="36" HEIGHT="75" STYLEREFS="font0"/><SP WIDTH="9" VPOS="553" HPOS="1848"/><String ID="p674_w668" CONTENT="a" HPOS="1857" VPOS="553" WIDTH="18" HEIGHT="75" STYLEREFS="font0"/><SP WIDTH="11" VPOS="553" HPOS="1875"/><String ID="p674_w669" CONTENT="greater" HPOS="1886" VPOS="553" WIDTH="126" HEIGHT="75" STYLEREFS="font0"/><SP WIDTH="16" VPOS="553" HPOS="2012"/><String ID="p674_w670" CONTENT="degree" HPOS="2028" VPOS="553" WIDTH="117" HEIGHT="75" STYLEREFS="font0"/><SP WIDTH="17" VPOS="553" HPOS="2145"/><String ID="p674_w671" CONTENT="of" HPOS="2162" VPOS="553" WIDTH="40" HEIGHT="75" STYLEREFS="font0"/><SP WIDTH="12" VPOS="553" HPOS="2202"/><String ID="p674_w672" CONTENT="white-" HPOS="2214" VPOS="553" WIDTH="114" HEIGHT="75" STYLEREFS="font0"/></TextLine><TextLine WIDTH="1038" HEIGHT="75" ID="p674_t70" HPOS="1290" VPOS="599"><String ID="p674_w673" CONTENT="nefs" HPOS="1290" VPOS="599" WIDTH="67" HEIGHT="75" STYLEREFS="font0"/><SP WIDTH="17" VPOS="599" HPOS="1357"/><String ID="p674_w674" CONTENT="than" HPOS="1374" VPOS="599" WIDTH="78" HEIGHT="75" STYLEREFS="font0"/><SP WIDTH="26" VPOS="599" HPOS="1452"/><String ID="p674_w675" CONTENT="the" HPOS="1478" VPOS="599" WIDTH="55" HEIGHT="75" STYLEREFS="font0"/><SP WIDTH="25" VPOS="599" HPOS="1533"/><String ID="p674_w676" CONTENT="under" HPOS="1558" VPOS="599" WIDTH="101" HEIGHT="75" STYLEREFS="font0"/><SP WIDTH="22" VPOS="599" HPOS="1659"/><String ID="p674_w677" CONTENT="fide." HPOS="1681" VPOS="599" WIDTH="77" HEIGHT="75" STYLEREFS="font0"/><SP WIDTH="50" VPOS="599" HPOS="1758"/><String ID="p674_w678" CONTENT="But" HPOS="1808" VPOS="599" WIDTH="66" HEIGHT="75" STYLEREFS="font0"/><SP WIDTH="25" VPOS="599" HPOS="1874"/><String ID="p674_w679" CONTENT="it" HPOS="1899" VPOS="599" WIDTH="26" HEIGHT="75" STYLEREFS="font0"/><SP WIDTH="16" VPOS="599" HPOS="1925"/><String ID="p674_w680" CONTENT="is" HPOS="1941" VPOS="599" WIDTH="26" HEIGHT="75" STYLEREFS="font0"/><SP WIDTH="29" VPOS="599" HPOS="1967"/><String ID="p674_w681" CONTENT="placed" HPOS="1996" VPOS="599" WIDTH="112" HEIGHT="75" STYLEREFS="font0"/><SP WIDTH="24" VPOS="599" HPOS="2108"/><String ID="p674_w682" CONTENT="beyond" HPOS="2132" VPOS="599" WIDTH="127" HEIGHT="75" STYLEREFS="font0"/><SP WIDTH="26" VPOS="599" HPOS="2259"/><String ID="p674_w683" CONTENT="all" HPOS="2285" VPOS="599" WIDTH="43" HEIGHT="75" STYLEREFS="font0"/></TextLine><TextLine WIDTH="1037" HEIGHT="75" ID="p674_t71" HPOS="1289" VPOS="647"><String ID="p674_w684" CONTENT="doubt" HPOS="1289" VPOS="647" WIDTH="101" HEIGHT="75" STYLEREFS="font0"/><SP WIDTH="17" VPOS="647" HPOS="1390"/><String ID="p674_w685" CONTENT="by" HPOS="1407" VPOS="647" WIDTH="44" HEIGHT="75" STYLEREFS="font0"/><SP WIDTH="9" VPOS="647" HPOS="1451"/><String ID="p674_w686" CONTENT="experiment," HPOS="1460" VPOS="647" WIDTH="211" HEIGHT="75" STYLEREFS="font0"/><SP WIDTH="14" VPOS="647" HPOS="1671"/><String ID="p674_w687" CONTENT="which" HPOS="1685" VPOS="647" WIDTH="104" HEIGHT="75" STYLEREFS="font0"/><SP WIDTH="19" VPOS="647" HPOS="1789"/><String ID="p674_w688" CONTENT="/hews," HPOS="1808" VPOS="647" WIDTH="111" HEIGHT="75" STYLEREFS="font0"/><SP WIDTH="17" VPOS="647" HPOS="1919"/><String ID="p674_w689" CONTENT="that" HPOS="1936" VPOS="647" WIDTH="70" HEIGHT="75" STYLEREFS="font0"/><SP WIDTH="14" VPOS="647" HPOS="2006"/><String ID="p674_w690" CONTENT="cloth" HPOS="2020" VPOS="647" WIDTH="87" HEIGHT="75" STYLEREFS="font0"/><SP WIDTH="16" VPOS="647" HPOS="2107"/><String ID="p674_w691" CONTENT="turns" HPOS="2123" VPOS="647" WIDTH="90" HEIGHT="75" STYLEREFS="font0"/><SP WIDTH="18" VPOS="647" HPOS="2213"/><String ID="p674_w692" CONTENT="much" HPOS="2231" VPOS="647" WIDTH="95" HEIGHT="75" STYLEREFS="font0"/></TextLine><TextLine WIDTH="1037" HEIGHT="75" ID="p674_t72" HPOS="1288" VPOS="693"><String ID="p674_w693" CONTENT="lighter" HPOS="1288" VPOS="693" WIDTH="119" HEIGHT="75" STYLEREFS="font0"/><SP WIDTH="17" VPOS="693" HPOS="1407"/><String ID="p674_w694" CONTENT="by" HPOS="1424" VPOS="693" WIDTH="43" HEIGHT="75" STYLEREFS="font0"/><SP WIDTH="13" VPOS="693" HPOS="1467"/><String ID="p674_w695" CONTENT="being" HPOS="1480" VPOS="693" WIDTH="94" HEIGHT="75" STYLEREFS="font0"/><SP WIDTH="16" VPOS="693" HPOS="1574"/><String ID="p674_w696" CONTENT="expofed" HPOS="1590" VPOS="693" WIDTH="142" HEIGHT="75" STYLEREFS="font0"/><SP WIDTH="16" VPOS="693" HPOS="1732"/><String ID="p674_w697" CONTENT="to" HPOS="1748" VPOS="693" WIDTH="36" HEIGHT="75" STYLEREFS="font0"/><SP WIDTH="16" VPOS="693" HPOS="1784"/><String ID="p674_w698" CONTENT="the" HPOS="1800" VPOS="693" WIDTH="56" HEIGHT="75" STYLEREFS="font0"/><SP WIDTH="17" VPOS="693" HPOS="1856"/><String ID="p674_w699" CONTENT="influence" HPOS="1873" VPOS="693" WIDTH="155" HEIGHT="75" STYLEREFS="font0"/><SP WIDTH="20" VPOS="693" HPOS="2028"/><String ID="p674_w700" CONTENT="of" HPOS="2048" VPOS="693" WIDTH="39" HEIGHT="75" STYLEREFS="font0"/><SP WIDTH="13" VPOS="693" HPOS="2087"/><String ID="p674_w701" CONTENT="the" HPOS="2100" VPOS="693" WIDTH="55" HEIGHT="75" STYLEREFS="font0"/><SP WIDTH="16" VPOS="693" HPOS="2155"/><String ID="p674_w702" CONTENT="fun," HPOS="2171" VPOS="693" WIDTH="69" HEIGHT="75" STYLEREFS="font0"/><SP WIDTH="26" VPOS="693" HPOS="2240"/><String ID="p674_w703" CONTENT="air," HPOS="2266" VPOS="693" WIDTH="59" HEIGHT="75" STYLEREFS="font0"/></TextLine><TextLine WIDTH="1037" HEIGHT="75" ID="p674_t73" HPOS="1289" VPOS="741"><String ID="p674_w704" CONTENT="and" HPOS="1289" VPOS="741" WIDTH="62" HEIGHT="75" STYLEREFS="font0"/><SP WIDTH="16" VPOS="741" HPOS="1351"/><String ID="p674_w705" CONTENT="winds," HPOS="1367" VPOS="741" WIDTH="114" HEIGHT="75" STYLEREFS="font0"/><SP WIDTH="30" VPOS="741" HPOS="1481"/><String ID="p674_w706" CONTENT="even" HPOS="1511" VPOS="741" WIDTH="78" HEIGHT="75" STYLEREFS="font0"/><SP WIDTH="18" VPOS="741" HPOS="1589"/><String ID="p674_w707" CONTENT="though" HPOS="1607" VPOS="741" WIDTH="125" HEIGHT="75" STYLEREFS="font0"/><SP WIDTH="18" VPOS="741" HPOS="1732"/><String ID="p674_w708" CONTENT="the" HPOS="1750" VPOS="741" WIDTH="56" HEIGHT="75" STYLEREFS="font0"/><SP WIDTH="21" VPOS="741" HPOS="1806"/><String ID="p674_w709" CONTENT="falts" HPOS="1827" VPOS="741" WIDTH="74" HEIGHT="75" STYLEREFS="font0"/><SP WIDTH="17" VPOS="741" HPOS="1901"/><String ID="p674_w710" CONTENT="have" HPOS="1918" VPOS="741" WIDTH="82" HEIGHT="75" STYLEREFS="font0"/><SP WIDTH="24" VPOS="741" HPOS="2000"/><String ID="p674_w711" CONTENT="been" HPOS="2024" VPOS="741" WIDTH="81" HEIGHT="75" STYLEREFS="font0"/><SP WIDTH="23" VPOS="741" HPOS="2105"/><String ID="p674_w712" CONTENT="wa/hed" HPOS="2128" VPOS="741" WIDTH="124" HEIGHT="75" STYLEREFS="font0"/><SP WIDTH="16" VPOS="741" HPOS="2252"/><String ID="p674_w713" CONTENT="out" HPOS="2268" VPOS="741" WIDTH="58" HEIGHT="75" STYLEREFS="font0"/></TextLine><TextLine WIDTH="95" HEIGHT="75" ID="p674_t74" HPOS="1290" VPOS="788"><String ID="p674_w714" CONTENT="of" HPOS="1290" VPOS="788" WIDTH="40" HEIGHT="75" STYLEREFS="font0"/><SP WIDTH="18" VPOS="788" HPOS="1330"/><String ID="p674_w715" CONTENT="it." HPOS="1348" VPOS="788" WIDTH="37" HEIGHT="75" STYLEREFS="font0"/></TextLine><TextLine WIDTH="992" HEIGHT="75" ID="p674_t75" HPOS="1335" VPOS="834"><String ID="p674_w716" CONTENT="What," HPOS="1335" VPOS="834" WIDTH="116" HEIGHT="75" STYLEREFS="font0"/><SP WIDTH="18" VPOS="834" HPOS="1451"/><String ID="p674_w717" CONTENT="then," HPOS="1469" VPOS="834" WIDTH="91" HEIGHT="75" STYLEREFS="font0"/><SP WIDTH="16" VPOS="834" HPOS="1560"/><String ID="p674_w718" CONTENT="is" HPOS="1576" VPOS="834" WIDTH="26" HEIGHT="75" STYLEREFS="font0"/><SP WIDTH="14" VPOS="834" HPOS="1602"/><String ID="p674_w719" CONTENT="this" HPOS="1616" VPOS="834" WIDTH="65" HEIGHT="75" STYLEREFS="font0"/><SP WIDTH="17" VPOS="834" HPOS="1681"/><String ID="p674_w720" CONTENT="fubftance" HPOS="1698" VPOS="834" WIDTH="161" HEIGHT="75" STYLEREFS="font0"/><SP WIDTH="13" VPOS="834" HPOS="1859"/><String ID="p674_w721" CONTENT="?" HPOS="1872" VPOS="834" WIDTH="11" HEIGHT="75" STYLEREFS="font0"/><SP WIDTH="29" VPOS="834" HPOS="1883"/><String ID="p674_w722" CONTENT="As" HPOS="1912" VPOS="834" WIDTH="49" HEIGHT="75" STYLEREFS="font0"/><SP WIDTH="17" VPOS="834" HPOS="1961"/><String ID="p674_w723" CONTENT="we" HPOS="1978" VPOS="834" WIDTH="49" HEIGHT="75" STYLEREFS="font0"/><SP WIDTH="16" VPOS="834" HPOS="2027"/><String ID="p674_w724" CONTENT="have" HPOS="2043" VPOS="834" WIDTH="81" HEIGHT="75" STYLEREFS="font0"/><SP WIDTH="16" VPOS="834" HPOS="2124"/><String ID="p674_w725" CONTENT="difeovered" HPOS="2140" VPOS="834" WIDTH="187" HEIGHT="75" STYLEREFS="font0"/></TextLine><TextLine WIDTH="1036" HEIGHT="75" ID="p674_t76" HPOS="1287" VPOS="881"><String ID="p674_w726" CONTENT="in" HPOS="1287" VPOS="881" WIDTH="32" HEIGHT="75" STYLEREFS="font0"/><SP WIDTH="16" VPOS="881" HPOS="1319"/><String ID="p674_w727" CONTENT="the" HPOS="1335" VPOS="881" WIDTH="56" HEIGHT="75" STYLEREFS="font0"/><SP WIDTH="18" VPOS="881" HPOS="1391"/><String ID="p674_w728" CONTENT="former" HPOS="1409" VPOS="881" WIDTH="119" HEIGHT="75" STYLEREFS="font0"/><SP WIDTH="22" VPOS="881" HPOS="1528"/><String ID="p674_w729" CONTENT="fedlion," HPOS="1550" VPOS="881" WIDTH="128" HEIGHT="75" STYLEREFS="font0"/><SP WIDTH="27" VPOS="881" HPOS="1678"/><String ID="p674_w730" CONTENT="that" HPOS="1705" VPOS="881" WIDTH="73" HEIGHT="75" STYLEREFS="font0"/><SP WIDTH="23" VPOS="881" HPOS="1778"/><String ID="p674_w731" CONTENT="the" HPOS="1801" VPOS="881" WIDTH="55" HEIGHT="75" STYLEREFS="font0"/><SP WIDTH="18" VPOS="881" HPOS="1856"/><String ID="p674_w732" CONTENT="whitening," HPOS="1874" VPOS="881" WIDTH="188" HEIGHT="75" STYLEREFS="font0"/><SP WIDTH="27" VPOS="881" HPOS="2062"/><String ID="p674_w733" CONTENT="in" HPOS="2089" VPOS="881" WIDTH="31" HEIGHT="75" STYLEREFS="font0"/><SP WIDTH="18" VPOS="881" HPOS="2120"/><String ID="p674_w734" CONTENT="the" HPOS="2138" VPOS="881" WIDTH="55" HEIGHT="75" STYLEREFS="font0"/><SP WIDTH="18" VPOS="881" HPOS="2193"/><String ID="p674_w735" CONTENT="opera-" HPOS="2211" VPOS="881" WIDTH="112" HEIGHT="75" STYLEREFS="font0"/></TextLine><TextLine WIDTH="1039" HEIGHT="75" ID="p674_t77" HPOS="1287" VPOS="928"><String ID="p674_w736" CONTENT="tion" HPOS="1287" VPOS="928" WIDTH="68" HEIGHT="75" STYLEREFS="font0"/><SP WIDTH="17" VPOS="928" HPOS="1355"/><String ID="p674_w737" CONTENT="of" HPOS="1372" VPOS="928" WIDTH="40" HEIGHT="75" STYLEREFS="font0"/><SP WIDTH="11" VPOS="928" HPOS="1412"/><String ID="p674_w738" CONTENT="bucking," HPOS="1423" VPOS="928" WIDTH="153" HEIGHT="75" STYLEREFS="font0"/><SP WIDTH="24" VPOS="928" HPOS="1576"/><String ID="p674_w739" CONTENT="depends" HPOS="1600" VPOS="928" WIDTH="142" HEIGHT="75" STYLEREFS="font0"/><SP WIDTH="17" VPOS="928" HPOS="1742"/><String ID="p674_w740" CONTENT="on" HPOS="1759" VPOS="928" WIDTH="41" HEIGHT="75" STYLEREFS="font0"/><SP WIDTH="28" VPOS="928" HPOS="1800"/><String ID="p674_w741" CONTENT="the" HPOS="1828" VPOS="928" WIDTH="57" HEIGHT="75" STYLEREFS="font0"/><SP WIDTH="17" VPOS="928" HPOS="1885"/><String ID="p674_w742" CONTENT="extradhng" HPOS="1902" VPOS="928" WIDTH="180" HEIGHT="75" STYLEREFS="font0"/><SP WIDTH="13" VPOS="928" HPOS="2082"/><String ID="p674_w743" CONTENT="or" HPOS="2095" VPOS="928" WIDTH="41" HEIGHT="75" STYLEREFS="font0"/><SP WIDTH="24" VPOS="928" HPOS="2136"/><String ID="p674_w744" CONTENT="loofening" HPOS="2160" VPOS="928" WIDTH="166" HEIGHT="75" STYLEREFS="font0"/></TextLine><TextLine WIDTH="1037" HEIGHT="75" ID="p674_t78" HPOS="1285" VPOS="975"><String ID="p674_w745" CONTENT="the" HPOS="1285" VPOS="975" WIDTH="54" HEIGHT="75" STYLEREFS="font0"/><SP WIDTH="17" VPOS="975" HPOS="1339"/><String ID="p674_w746" CONTENT="heavy" HPOS="1356" VPOS="975" WIDTH="102" HEIGHT="75" STYLEREFS="font0"/><SP WIDTH="13" VPOS="975" HPOS="1458"/><String ID="p674_w747" CONTENT="oil," HPOS="1471" VPOS="975" WIDTH="58" HEIGHT="75" STYLEREFS="font0"/><SP WIDTH="26" VPOS="975" HPOS="1529"/><String ID="p674_w748" CONTENT="and" HPOS="1555" VPOS="975" WIDTH="62" HEIGHT="75" STYLEREFS="font0"/><SP WIDTH="16" VPOS="975" HPOS="1617"/><String ID="p674_w749" CONTENT="folid" HPOS="1633" VPOS="975" WIDTH="81" HEIGHT="75" STYLEREFS="font0"/><SP WIDTH="16" VPOS="975" HPOS="1714"/><String ID="p674_w750" CONTENT="particles" HPOS="1730" VPOS="975" WIDTH="149" HEIGHT="75" STYLEREFS="font0"/><SP WIDTH="23" VPOS="975" HPOS="1879"/><String ID="p674_w751" CONTENT="of" HPOS="1902" VPOS="975" WIDTH="40" HEIGHT="75" STYLEREFS="font0"/><SP WIDTH="20" VPOS="975" HPOS="1942"/><String ID="p674_w752" CONTENT="the" HPOS="1962" VPOS="975" WIDTH="55" HEIGHT="75" STYLEREFS="font0"/><SP WIDTH="16" VPOS="975" HPOS="2017"/><String ID="p674_w753" CONTENT="flax" HPOS="2033" VPOS="975" WIDTH="67" HEIGHT="75" STYLEREFS="font0"/><SP WIDTH="12" VPOS="975" HPOS="2100"/><String ID="p674_w754" CONTENT=";" HPOS="2112" VPOS="975" WIDTH="8" HEIGHT="75" STYLEREFS="font0"/><SP WIDTH="28" VPOS="975" HPOS="2120"/><String ID="p674_w755" CONTENT="it" HPOS="2148" VPOS="975" WIDTH="26" HEIGHT="75" STYLEREFS="font0"/><SP WIDTH="17" VPOS="975" HPOS="2174"/><String ID="p674_w756" CONTENT="appears" HPOS="2191" VPOS="975" WIDTH="131" HEIGHT="75" STYLEREFS="font0"/></TextLine><TextLine WIDTH="1038" HEIGHT="75" ID="p674_t79" HPOS="1284" VPOS="1021"><String ID="p674_w757" CONTENT="highly" HPOS="1284" VPOS="1021" WIDTH="114" HEIGHT="75" STYLEREFS="font0"/><SP WIDTH="17" VPOS="1021" HPOS="1398"/><String ID="p674_w758" CONTENT="probable," HPOS="1415" VPOS="1021" WIDTH="164" HEIGHT="75" STYLEREFS="font0"/><SP WIDTH="25" VPOS="1021" HPOS="1579"/><String ID="p674_w759" CONTENT="that" HPOS="1604" VPOS="1021" WIDTH="71" HEIGHT="75" STYLEREFS="font0"/><SP WIDTH="17" VPOS="1021" HPOS="1675"/><String ID="p674_w760" CONTENT="the" HPOS="1692" VPOS="1021" WIDTH="55" HEIGHT="75" STYLEREFS="font0"/><SP WIDTH="18" VPOS="1021" HPOS="1747"/><String ID="p674_w761" CONTENT="effefts" HPOS="1765" VPOS="1021" WIDTH="108" HEIGHT="75" STYLEREFS="font0"/><SP WIDTH="25" VPOS="1021" HPOS="1873"/><String ID="p674_w762" CONTENT="of" HPOS="1898" VPOS="1021" WIDTH="40" HEIGHT="75" STYLEREFS="font0"/><SP WIDTH="12" VPOS="1021" HPOS="1938"/><String ID="p674_w763" CONTENT="watering," HPOS="1950" VPOS="1021" WIDTH="165" HEIGHT="75" STYLEREFS="font0"/><SP WIDTH="27" VPOS="1021" HPOS="2115"/><String ID="p674_w764" CONTENT="and" HPOS="2142" VPOS="1021" WIDTH="61" HEIGHT="75" STYLEREFS="font0"/><SP WIDTH="18" VPOS="1021" HPOS="2203"/><String ID="p674_w765" CONTENT="expo-" HPOS="2221" VPOS="1021" WIDTH="101" HEIGHT="75" STYLEREFS="font0"/></TextLine><TextLine WIDTH="1039" HEIGHT="75" ID="p674_t80" HPOS="1284" VPOS="1069"><String ID="p674_w766" CONTENT="fition" HPOS="1284" VPOS="1069" WIDTH="90" HEIGHT="75" STYLEREFS="font0"/><SP WIDTH="18" VPOS="1069" HPOS="1374"/><String ID="p674_w767" CONTENT="to" HPOS="1392" VPOS="1069" WIDTH="35" HEIGHT="75" STYLEREFS="font0"/><SP WIDTH="26" VPOS="1069" HPOS="1427"/><String ID="p674_w768" CONTENT="the" HPOS="1453" VPOS="1069" WIDTH="55" HEIGHT="75" STYLEREFS="font0"/><SP WIDTH="26" VPOS="1069" HPOS="1508"/><String ID="p674_w769" CONTENT="fun," HPOS="1534" VPOS="1069" WIDTH="68" HEIGHT="75" STYLEREFS="font0"/><SP WIDTH="25" VPOS="1069" HPOS="1602"/><String ID="p674_w770" CONTENT="air," HPOS="1627" VPOS="1069" WIDTH="58" HEIGHT="75" STYLEREFS="font0"/><SP WIDTH="25" VPOS="1069" HPOS="1685"/><String ID="p674_w771" CONTENT="and" HPOS="1710" VPOS="1069" WIDTH="62" HEIGHT="75" STYLEREFS="font0"/><SP WIDTH="29" VPOS="1069" HPOS="1772"/><String ID="p674_w772" CONTENT="winds," HPOS="1801" VPOS="1069" WIDTH="115" HEIGHT="75" STYLEREFS="font0"/><SP WIDTH="26" VPOS="1069" HPOS="1916"/><String ID="p674_w773" CONTENT="are" HPOS="1942" VPOS="1069" WIDTH="52" HEIGHT="75" STYLEREFS="font0"/><SP WIDTH="24" VPOS="1069" HPOS="1994"/><String ID="p674_w774" CONTENT="produced" HPOS="2018" VPOS="1069" WIDTH="164" HEIGHT="75" STYLEREFS="font0"/><SP WIDTH="25" VPOS="1069" HPOS="2182"/><String ID="p674_w775" CONTENT="by" HPOS="2207" VPOS="1069" WIDTH="42" HEIGHT="75" STYLEREFS="font0"/><SP WIDTH="18" VPOS="1069" HPOS="2249"/><String ID="p674_w776" CONTENT="the" HPOS="2267" VPOS="1069" WIDTH="56" HEIGHT="75" STYLEREFS="font0"/></TextLine><TextLine WIDTH="1037" HEIGHT="75" ID="p674_t81" HPOS="1284" VPOS="1116"><String ID="p674_w777" CONTENT="evaporation" HPOS="1284" VPOS="1116" WIDTH="206" HEIGHT="75" STYLEREFS="font0"/><SP WIDTH="18" VPOS="1116" HPOS="1490"/><String ID="p674_w778" CONTENT="of" HPOS="1508" VPOS="1116" WIDTH="40" HEIGHT="75" STYLEREFS="font0"/><SP WIDTH="18" VPOS="1116" HPOS="1548"/><String ID="p674_w779" CONTENT="the" HPOS="1566" VPOS="1116" WIDTH="56" HEIGHT="75" STYLEREFS="font0"/><SP WIDTH="23" VPOS="1116" HPOS="1622"/><String ID="p674_w780" CONTENT="fame" HPOS="1645" VPOS="1116" WIDTH="84" HEIGHT="75" STYLEREFS="font0"/><SP WIDTH="23" VPOS="1116" HPOS="1729"/><String ID="p674_w781" CONTENT="fubftance," HPOS="1752" VPOS="1116" WIDTH="173" HEIGHT="75" STYLEREFS="font0"/><SP WIDTH="22" VPOS="1116" HPOS="1925"/><String ID="p674_w782" CONTENT="joined" HPOS="1947" VPOS="1116" WIDTH="114" HEIGHT="75" STYLEREFS="font0"/><SP WIDTH="28" VPOS="1116" HPOS="2061"/><String ID="p674_w783" CONTENT="to" HPOS="2089" VPOS="1116" WIDTH="35" HEIGHT="75" STYLEREFS="font0"/><SP WIDTH="25" VPOS="1116" HPOS="2124"/><String ID="p674_w784" CONTENT="the" HPOS="2149" VPOS="1116" WIDTH="56" HEIGHT="75" STYLEREFS="font0"/><SP WIDTH="26" VPOS="1116" HPOS="2205"/><String ID="p674_w785" CONTENT="falts," HPOS="2231" VPOS="1116" WIDTH="90" HEIGHT="75" STYLEREFS="font0"/></TextLine><TextLine WIDTH="1039" HEIGHT="75" ID="p674_t82" HPOS="1284" VPOS="1162"><String ID="p674_w786" CONTENT="with" HPOS="1284" VPOS="1162" WIDTH="79" HEIGHT="75" STYLEREFS="font0"/><SP WIDTH="12" VPOS="1162" HPOS="1363"/><String ID="p674_w787" CONTENT="which" HPOS="1375" VPOS="1162" WIDTH="107" HEIGHT="75" STYLEREFS="font0"/><SP WIDTH="17" VPOS="1162" HPOS="1482"/><String ID="p674_w788" CONTENT="compofite" HPOS="1499" VPOS="1162" WIDTH="170" HEIGHT="75" STYLEREFS="font0"/><SP WIDTH="17" VPOS="1162" HPOS="1669"/><String ID="p674_w789" CONTENT="body" HPOS="1686" VPOS="1162" WIDTH="86" HEIGHT="75" STYLEREFS="font0"/><SP WIDTH="12" VPOS="1162" HPOS="1772"/><String ID="p674_w790" CONTENT="the" HPOS="1784" VPOS="1162" WIDTH="55" HEIGHT="75" STYLEREFS="font0"/><SP WIDTH="18" VPOS="1162" HPOS="1839"/><String ID="p674_w791" CONTENT="cloth" HPOS="1857" VPOS="1162" WIDTH="88" HEIGHT="75" STYLEREFS="font0"/><SP WIDTH="14" VPOS="1162" HPOS="1945"/><String ID="p674_w792" CONTENT="is" HPOS="1959" VPOS="1162" WIDTH="25" HEIGHT="75" STYLEREFS="font0"/><SP WIDTH="12" VPOS="1162" HPOS="1984"/><String ID="p674_w793" CONTENT="impregnated" HPOS="1996" VPOS="1162" WIDTH="219" HEIGHT="75" STYLEREFS="font0"/><SP WIDTH="15" VPOS="1162" HPOS="2215"/><String ID="p674_w794" CONTENT="when" HPOS="2230" VPOS="1162" WIDTH="93" HEIGHT="75" STYLEREFS="font0"/></TextLine><TextLine WIDTH="1038" HEIGHT="75" ID="p674_t83" HPOS="1284" VPOS="1209"><String ID="p674_w795" CONTENT="expofed" HPOS="1284" VPOS="1209" WIDTH="141" HEIGHT="75" STYLEREFS="font0"/><SP WIDTH="23" VPOS="1209" HPOS="1425"/><String ID="p674_w796" CONTENT="on" HPOS="1448" VPOS="1209" WIDTH="42" HEIGHT="75" STYLEREFS="font0"/><SP WIDTH="26" VPOS="1209" HPOS="1490"/><String ID="p674_w797" CONTENT="the-field." HPOS="1516" VPOS="1209" WIDTH="171" HEIGHT="75" STYLEREFS="font0"/><SP WIDTH="48" VPOS="1209" HPOS="1687"/><String ID="p674_w798" CONTENT="That" HPOS="1735" VPOS="1209" WIDTH="93" HEIGHT="75" STYLEREFS="font0"/><SP WIDTH="26" VPOS="1209" HPOS="1828"/><String ID="p674_w799" CONTENT="thefe" HPOS="1854" VPOS="1209" WIDTH="87" HEIGHT="75" STYLEREFS="font0"/><SP WIDTH="25" VPOS="1209" HPOS="1941"/><String ID="p674_w800" CONTENT="falts" HPOS="1966" VPOS="1209" WIDTH="74" HEIGHT="75" STYLEREFS="font0"/><SP WIDTH="25" VPOS="1209" HPOS="2040"/><String ID="p674_w801" CONTENT="are" HPOS="2065" VPOS="1209" WIDTH="54" HEIGHT="75" STYLEREFS="font0"/><SP WIDTH="28" VPOS="1209" HPOS="2119"/><String ID="p674_w802" CONTENT="in" HPOS="2147" VPOS="1209" WIDTH="32" HEIGHT="75" STYLEREFS="font0"/><SP WIDTH="17" VPOS="1209" HPOS="2179"/><String ID="p674_w803" CONTENT="a" HPOS="2196" VPOS="1209" WIDTH="19" HEIGHT="75" STYLEREFS="font0"/><SP WIDTH="16" VPOS="1209" HPOS="2215"/><String ID="p674_w804" CONTENT="great" HPOS="2231" VPOS="1209" WIDTH="91" HEIGHT="75" STYLEREFS="font0"/></TextLine><TextLine WIDTH="1039" HEIGHT="75" ID="p674_t84" HPOS="1283" VPOS="1256"><String ID="p674_w805" CONTENT="meafure" HPOS="1283" VPOS="1256" WIDTH="140" HEIGHT="75" STYLEREFS="font0"/><SP WIDTH="12" VPOS="1256" HPOS="1423"/><String ID="p674_w806" CONTENT="carried" HPOS="1435" VPOS="1256" WIDTH="121" HEIGHT="75" STYLEREFS="font0"/><SP WIDTH="15" VPOS="1256" HPOS="1556"/><String ID="p674_w807" CONTENT="off" HPOS="1571" VPOS="1256" WIDTH="52" HEIGHT="75" STYLEREFS="font0"/><SP WIDTH="11" VPOS="1256" HPOS="1623"/><String ID="p674_w808" CONTENT="or" HPOS="1634" VPOS="1256" WIDTH="37" HEIGHT="75" STYLEREFS="font0"/><SP WIDTH="16" VPOS="1256" HPOS="1671"/><String ID="p674_w809" CONTENT="deftrpyed," HPOS="1687" VPOS="1256" WIDTH="180" HEIGHT="75" STYLEREFS="font0"/><SP WIDTH="19" VPOS="1256" HPOS="1867"/><String ID="p674_w810" CONTENT="appears" HPOS="1886" VPOS="1256" WIDTH="131" HEIGHT="75" STYLEREFS="font0"/><SP WIDTH="14" VPOS="1256" HPOS="2017"/><String ID="p674_w811" CONTENT="from" HPOS="2031" VPOS="1256" WIDTH="84" HEIGHT="75" STYLEREFS="font0"/><SP WIDTH="17" VPOS="1256" HPOS="2115"/><String ID="p674_w812" CONTENT="the" HPOS="2132" VPOS="1256" WIDTH="55" HEIGHT="75" STYLEREFS="font0"/><SP WIDTH="17" VPOS="1256" HPOS="2187"/><String ID="p674_w813" CONTENT="cloths" HPOS="2204" VPOS="1256" WIDTH="118" HEIGHT="75" STYLEREFS="font0"/></TextLine><TextLine WIDTH="1038" HEIGHT="75" ID="p674_t85" HPOS="1282" VPOS="1303"><String ID="p674_w814" CONTENT="being" HPOS="1282" VPOS="1303" WIDTH="95" HEIGHT="75" STYLEREFS="font0"/><SP WIDTH="16" VPOS="1303" HPOS="1377"/><String ID="p674_w815" CONTENT="allowed" HPOS="1393" VPOS="1303" WIDTH="136" HEIGHT="75" STYLEREFS="font0"/><SP WIDTH="17" VPOS="1303" HPOS="1529"/><String ID="p674_w816" CONTENT="to" HPOS="1546" VPOS="1303" WIDTH="35" HEIGHT="75" STYLEREFS="font0"/><SP WIDTH="24" VPOS="1303" HPOS="1581"/><String ID="p674_w817" CONTENT="dry" HPOS="1605" VPOS="1303" WIDTH="61" HEIGHT="75" STYLEREFS="font0"/><SP WIDTH="17" VPOS="1303" HPOS="1666"/><String ID="p674_w818" CONTENT="without" HPOS="1683" VPOS="1303" WIDTH="136" HEIGHT="75" STYLEREFS="font0"/><SP WIDTH="18" VPOS="1303" HPOS="1819"/><String ID="p674_w819" CONTENT="any" HPOS="1837" VPOS="1303" WIDTH="62" HEIGHT="75" STYLEREFS="font0"/><SP WIDTH="16" VPOS="1303" HPOS="1899"/><String ID="p674_w820" CONTENT="danger," HPOS="1915" VPOS="1303" WIDTH="131" HEIGHT="75" STYLEREFS="font0"/><SP WIDTH="27" VPOS="1303" HPOS="2046"/><String ID="p674_w821" CONTENT="after" HPOS="2073" VPOS="1303" WIDTH="84" HEIGHT="75" STYLEREFS="font0"/><SP WIDTH="17" VPOS="1303" HPOS="2157"/><String ID="p674_w822" CONTENT="the" HPOS="2174" VPOS="1303" WIDTH="55" HEIGHT="75" STYLEREFS="font0"/><SP WIDTH="17" VPOS="1303" HPOS="2229"/><String ID="p674_w823" CONTENT="eva-" HPOS="2246" VPOS="1303" WIDTH="74" HEIGHT="75" STYLEREFS="font0"/></TextLine><TextLine WIDTH="1036" HEIGHT="75" ID="p674_t86" HPOS="1282" VPOS="1349"><String ID="p674_w824" CONTENT="poration" HPOS="1282" VPOS="1349" WIDTH="146" HEIGHT="75" STYLEREFS="font0"/><SP WIDTH="18" VPOS="1349" HPOS="1428"/><String ID="p674_w825" CONTENT="has" HPOS="1446" VPOS="1349" WIDTH="56" HEIGHT="75" STYLEREFS="font0"/><SP WIDTH="18" VPOS="1349" HPOS="1502"/><String ID="p674_w826" CONTENT="gone" HPOS="1520" VPOS="1349" WIDTH="83" HEIGHT="75" STYLEREFS="font0"/><SP WIDTH="17" VPOS="1349" HPOS="1603"/><String ID="p674_w827" CONTENT="on" HPOS="1620" VPOS="1349" WIDTH="41" HEIGHT="75" STYLEREFS="font0"/><SP WIDTH="14" VPOS="1349" HPOS="1661"/><String ID="p674_w828" CONTENT="for" HPOS="1675" VPOS="1349" WIDTH="51" HEIGHT="75" STYLEREFS="font0"/><SP WIDTH="16" VPOS="1349" HPOS="1726"/><String ID="p674_w829" CONTENT="fome" HPOS="1742" VPOS="1349" WIDTH="86" HEIGHT="75" STYLEREFS="font0"/><SP WIDTH="16" VPOS="1349" HPOS="1828"/><String ID="p674_w830" CONTENT="time." HPOS="1844" VPOS="1349" WIDTH="90" HEIGHT="75" STYLEREFS="font0"/><SP WIDTH="51" VPOS="1349" HPOS="1934"/><String ID="p674_w831" CONTENT="" HPOS="1985" VPOS="1349" WIDTH="23" HEIGHT="75" STYLEREFS="font0"/><SP WIDTH="27" VPOS="1349" HPOS="2008"/><String ID="p674_w832" CONTENT="If" HPOS="2035" VPOS="1349" WIDTH="38" HEIGHT="75" STYLEREFS="font0"/><SP WIDTH="12" VPOS="1349" HPOS="2073"/><String ID="p674_w833" CONTENT="we" HPOS="2085" VPOS="1349" WIDTH="47" HEIGHT="75" STYLEREFS="font0"/><SP WIDTH="18" VPOS="1349" HPOS="2132"/><String ID="p674_w834" CONTENT="can" HPOS="2150" VPOS="1349" WIDTH="57" HEIGHT="75" STYLEREFS="font0"/><SP WIDTH="14" VPOS="1349" HPOS="2207"/><String ID="p674_w835" CONTENT="/how," HPOS="2221" VPOS="1349" WIDTH="97" HEIGHT="75" STYLEREFS="font0"/></TextLine><TextLine WIDTH="1038" HEIGHT="75" ID="p674_t87" HPOS="1281" VPOS="1396"><String ID="p674_w836" CONTENT="fays" HPOS="1281" VPOS="1396" WIDTH="69" HEIGHT="75" STYLEREFS="font0"/><SP WIDTH="25" VPOS="1396" HPOS="1350"/><String ID="p674_w837" CONTENT="Dr" HPOS="1375" VPOS="1396" WIDTH="54" HEIGHT="75" STYLEREFS="font0"/><SP WIDTH="17" VPOS="1396" HPOS="1429"/><String ID="p674_w838" CONTENT="Home," HPOS="1446" VPOS="1396" WIDTH="120" HEIGHT="75" STYLEREFS="font0"/><SP WIDTH="21" VPOS="1396" HPOS="1566"/><String ID="p674_w839" CONTENT="that" HPOS="1587" VPOS="1396" WIDTH="75" HEIGHT="75" STYLEREFS="font0"/><SP WIDTH="25" VPOS="1396" HPOS="1662"/><String ID="p674_w840" CONTENT="oils" HPOS="1687" VPOS="1396" WIDTH="60" HEIGHT="75" STYLEREFS="font0"/><SP WIDTH="26" VPOS="1396" HPOS="1747"/><String ID="p674_w841" CONTENT="and" HPOS="1773" VPOS="1396" WIDTH="63" HEIGHT="75" STYLEREFS="font0"/><SP WIDTH="24" VPOS="1396" HPOS="1836"/><String ID="p674_w842" CONTENT="falts," HPOS="1860" VPOS="1396" WIDTH="89" HEIGHT="75" STYLEREFS="font0"/><SP WIDTH="30" VPOS="1396" HPOS="1949"/><String ID="p674_w843" CONTENT="when" HPOS="1979" VPOS="1396" WIDTH="92" HEIGHT="75" STYLEREFS="font0"/><SP WIDTH="26" VPOS="1396" HPOS="2071"/><String ID="p674_w844" CONTENT="joined" HPOS="2097" VPOS="1396" WIDTH="113" HEIGHT="75" STYLEREFS="font0"/><SP WIDTH="18" VPOS="1396" HPOS="2210"/><String ID="p674_w845" CONTENT="toge-" HPOS="2228" VPOS="1396" WIDTH="91" HEIGHT="75" STYLEREFS="font0"/></TextLine><TextLine WIDTH="1036" HEIGHT="75" ID="p674_t88" HPOS="1284" VPOS="1442"><String ID="p674_w846" CONTENT="ther," HPOS="1284" VPOS="1442" WIDTH="87" HEIGHT="75" STYLEREFS="font0"/><SP WIDTH="26" VPOS="1442" HPOS="1371"/><String ID="p674_w847" CONTENT="are" HPOS="1397" VPOS="1442" WIDTH="52" HEIGHT="75" STYLEREFS="font0"/><SP WIDTH="19" VPOS="1442" HPOS="1449"/><String ID="p674_w848" CONTENT="capable" HPOS="1468" VPOS="1442" WIDTH="130" HEIGHT="75" STYLEREFS="font0"/><SP WIDTH="23" VPOS="1442" HPOS="1598"/><String ID="p674_w849" CONTENT="of" HPOS="1621" VPOS="1442" WIDTH="41" HEIGHT="75" STYLEREFS="font0"/><SP WIDTH="20" VPOS="1442" HPOS="1662"/><String ID="p674_w850" CONTENT="being" HPOS="1682" VPOS="1442" WIDTH="96" HEIGHT="75" STYLEREFS="font0"/><SP WIDTH="16" VPOS="1442" HPOS="1778"/><String ID="p674_w851" CONTENT="exhaled," HPOS="1794" VPOS="1442" WIDTH="151" HEIGHT="75" STYLEREFS="font0"/><SP WIDTH="26" VPOS="1442" HPOS="1945"/><String ID="p674_w852" CONTENT="in" HPOS="1971" VPOS="1442" WIDTH="32" HEIGHT="75" STYLEREFS="font0"/><SP WIDTH="21" VPOS="1442" HPOS="2003"/><String ID="p674_w853" CONTENT="this" HPOS="2024" VPOS="1442" WIDTH="64" HEIGHT="75" STYLEREFS="font0"/><SP WIDTH="19" VPOS="1442" HPOS="2088"/><String ID="p674_w854" CONTENT="manner," HPOS="2107" VPOS="1442" WIDTH="140" HEIGHT="75" STYLEREFS="font0"/><SP WIDTH="29" VPOS="1442" HPOS="2247"/><String ID="p674_w855" CONTENT="by" HPOS="2276" VPOS="1442" WIDTH="44" HEIGHT="75" STYLEREFS="font0"/></TextLine><TextLine WIDTH="1040" HEIGHT="75" ID="p674_t89" HPOS="1279" VPOS="1490"><String ID="p674_w856" CONTENT="the" HPOS="1279" VPOS="1490" WIDTH="56" HEIGHT="75" STYLEREFS="font0"/><SP WIDTH="16" VPOS="1490" HPOS="1335"/><String ID="p674_w857" CONTENT="heat" HPOS="1351" VPOS="1490" WIDTH="75" HEIGHT="75" STYLEREFS="font0"/><SP WIDTH="12" VPOS="1490" HPOS="1426"/><String ID="p674_w858" CONTENT="of" HPOS="1438" VPOS="1490" WIDTH="41" HEIGHT="75" STYLEREFS="font0"/><SP WIDTH="11" VPOS="1490" HPOS="1479"/><String ID="p674_w859" CONTENT="the" HPOS="1490" VPOS="1490" WIDTH="55" HEIGHT="75" STYLEREFS="font0"/><SP WIDTH="17" VPOS="1490" HPOS="1545"/><String ID="p674_w860" CONTENT="atmofphere," HPOS="1562" VPOS="1490" WIDTH="211" HEIGHT="75" STYLEREFS="font0"/><SP WIDTH="23" VPOS="1490" HPOS="1773"/><String ID="p674_w861" CONTENT="we" HPOS="1796" VPOS="1490" WIDTH="49" HEIGHT="75" STYLEREFS="font0"/><SP WIDTH="17" VPOS="1490" HPOS="1845"/><String ID="p674_w862" CONTENT="/hall" HPOS="1862" VPOS="1490" WIDTH="76" HEIGHT="75" STYLEREFS="font0"/><SP WIDTH="18" VPOS="1490" HPOS="1938"/><String ID="p674_w863" CONTENT="reduce" HPOS="1956" VPOS="1490" WIDTH="117" HEIGHT="75" STYLEREFS="font0"/><SP WIDTH="16" VPOS="1490" HPOS="2073"/><String ID="p674_w864" CONTENT="this" HPOS="2089" VPOS="1490" WIDTH="64" HEIGHT="75" STYLEREFS="font0"/><SP WIDTH="19" VPOS="1490" HPOS="2153"/><String ID="p674_w865" CONTENT="queftion" HPOS="2172" VPOS="1490" WIDTH="147" HEIGHT="75" STYLEREFS="font0"/></TextLine><TextLine WIDTH="625" HEIGHT="75" ID="p674_t90" HPOS="1281" VPOS="1537"><String ID="p674_w866" CONTENT="to" HPOS="1281" VPOS="1537" WIDTH="33" HEIGHT="75" STYLEREFS="font0"/><SP WIDTH="13" VPOS="1537" HPOS="1314"/><String ID="p674_w867" CONTENT="a" HPOS="1327" VPOS="1537" WIDTH="19" HEIGHT="75" STYLEREFS="font0"/><SP WIDTH="15" VPOS="1537" HPOS="1346"/><String ID="p674_w868" CONTENT="very" HPOS="1361" VPOS="1537" WIDTH="78" HEIGHT="75" STYLEREFS="font0"/><SP WIDTH="11" VPOS="1537" HPOS="1439"/><String ID="p674_w869" CONTENT="great" HPOS="1450" VPOS="1537" WIDTH="90" HEIGHT="75" STYLEREFS="font0"/><SP WIDTH="16" VPOS="1537" HPOS="1540"/><String ID="p674_w870" CONTENT="degree" HPOS="1556" VPOS="1537" WIDTH="116" HEIGHT="75" STYLEREFS="font0"/><SP WIDTH="13" VPOS="1537" HPOS="1672"/><String ID="p674_w871" CONTENT="of" HPOS="1685" VPOS="1537" WIDTH="40" HEIGHT="75" STYLEREFS="font0"/><SP WIDTH="11" VPOS="1537" HPOS="1725"/><String ID="p674_w872" CONTENT="certainty." HPOS="1736" VPOS="1537" WIDTH="170" HEIGHT="75" STYLEREFS="font0"/></TextLine><TextLine WIDTH="995" HEIGHT="75" ID="p674_t91" HPOS="1327" VPOS="1583"><String ID="p674_w873" CONTENT="" HPOS="1327" VPOS="1583" WIDTH="26" HEIGHT="75" STYLEREFS="font0"/><SP WIDTH="25" VPOS="1583" HPOS="1353"/><String ID="p674_w874" CONTENT="Sept." HPOS="1378" VPOS="1583" WIDTH="91" HEIGHT="75" STYLEREFS="font0"/><SP WIDTH="20" VPOS="1583" HPOS="1469"/><String ID="p674_w875" CONTENT="to." HPOS="1489" VPOS="1583" WIDTH="54" HEIGHT="75" STYLEREFS="font0"/><SP WIDTH="27" VPOS="1583" HPOS="1543"/><String ID="p674_w876" CONTENT="I" HPOS="1570" VPOS="1583" WIDTH="15" HEIGHT="75" STYLEREFS="font0"/><SP WIDTH="18" VPOS="1583" HPOS="1585"/><String ID="p674_w877" CONTENT="expofed," HPOS="1603" VPOS="1583" WIDTH="154" HEIGHT="75" STYLEREFS="font0"/><SP WIDTH="25" VPOS="1583" HPOS="1757"/><String ID="p674_w878" CONTENT="in" HPOS="1782" VPOS="1583" WIDTH="31" HEIGHT="75" STYLEREFS="font0"/><SP WIDTH="18" VPOS="1583" HPOS="1813"/><String ID="p674_w879" CONTENT="a" HPOS="1831" VPOS="1583" WIDTH="19" HEIGHT="75" STYLEREFS="font0"/><SP WIDTH="14" VPOS="1583" HPOS="1850"/><String ID="p674_w880" CONTENT="fouth-weft" HPOS="1864" VPOS="1583" WIDTH="186" HEIGHT="75" STYLEREFS="font0"/><SP WIDTH="17" VPOS="1583" HPOS="2050"/><String ID="p674_w881" CONTENT="window," HPOS="2067" VPOS="1583" WIDTH="152" HEIGHT="75" STYLEREFS="font0"/><SP WIDTH="28" VPOS="1583" HPOS="2219"/><String ID="p674_w882" CONTENT="half" HPOS="2247" VPOS="1583" WIDTH="75" HEIGHT="75" STYLEREFS="font0"/></TextLine><TextLine WIDTH="1038" HEIGHT="75" ID="p674_t92" HPOS="1280" VPOS="1631"><String ID="p674_w883" CONTENT="an" HPOS="1280" VPOS="1631" WIDTH="38" HEIGHT="75" STYLEREFS="font0"/><SP WIDTH="17" VPOS="1631" HPOS="1318"/><String ID="p674_w884" CONTENT="oz." HPOS="1335" VPOS="1631" WIDTH="55" HEIGHT="75" STYLEREFS="font0"/><SP WIDTH="19" VPOS="1631" HPOS="1390"/><String ID="p674_w885" CONTENT="of" HPOS="1409" VPOS="1631" WIDTH="41" HEIGHT="75" STYLEREFS="font0"/><SP WIDTH="11" VPOS="1631" HPOS="1450"/><String ID="p674_w886" CONTENT="Caftile" HPOS="1461" VPOS="1631" WIDTH="118" HEIGHT="75" STYLEREFS="font0"/><SP WIDTH="17" VPOS="1631" HPOS="1579"/><String ID="p674_w887" CONTENT="foap," HPOS="1596" VPOS="1631" WIDTH="85" HEIGHT="75" STYLEREFS="font0"/><SP WIDTH="26" VPOS="1631" HPOS="1681"/><String ID="p674_w888" CONTENT="fliced" HPOS="1707" VPOS="1631" WIDTH="95" HEIGHT="75" STYLEREFS="font0"/><SP WIDTH="16" VPOS="1631" HPOS="1802"/><String ID="p674_w889" CONTENT="down," HPOS="1818" VPOS="1631" WIDTH="108" HEIGHT="75" STYLEREFS="font0"/><SP WIDTH="26" VPOS="1631" HPOS="1926"/><String ID="p674_w890" CONTENT="and" HPOS="1952" VPOS="1631" WIDTH="62" HEIGHT="75" STYLEREFS="font0"/><SP WIDTH="13" VPOS="1631" HPOS="2014"/><String ID="p674_w891" CONTENT="watered." HPOS="2027" VPOS="1631" WIDTH="151" HEIGHT="75" STYLEREFS="font0"/><SP WIDTH="43" VPOS="1631" HPOS="2178"/><String ID="p674_w892" CONTENT="Sept." HPOS="2221" VPOS="1631" WIDTH="97" HEIGHT="75" STYLEREFS="font0"/></TextLine><TextLine WIDTH="1028" HEIGHT="75" ID="p674_t93" HPOS="1285" VPOS="1677"><String ID="p674_w893" CONTENT="14." HPOS="1285" VPOS="1677" WIDTH="53" HEIGHT="75" STYLEREFS="font0"/><SP WIDTH="18" VPOS="1677" HPOS="1338"/><String ID="p674_w894" CONTENT="when" HPOS="1356" VPOS="1677" WIDTH="93" HEIGHT="75" STYLEREFS="font0"/><SP WIDTH="21" VPOS="1677" HPOS="1449"/><String ID="p674_w895" CONTENT="well" HPOS="1470" VPOS="1677" WIDTH="74" HEIGHT="75" STYLEREFS="font0"/><SP WIDTH="16" VPOS="1677" HPOS="1544"/><String ID="p674_w896" CONTENT="dried," HPOS="1560" VPOS="1677" WIDTH="106" HEIGHT="75" STYLEREFS="font0"/><SP WIDTH="24" VPOS="1677" HPOS="1666"/><String ID="p674_w897" CONTENT="it" HPOS="1690" VPOS="1677" WIDTH="26" HEIGHT="75" STYLEREFS="font0"/><SP WIDTH="16" VPOS="1677" HPOS="1716"/><String ID="p674_w898" CONTENT="weighed" HPOS="1732" VPOS="1677" WIDTH="146" HEIGHT="75" STYLEREFS="font0"/><SP WIDTH="17" VPOS="1677" HPOS="1878"/><String ID="p674_w899" CONTENT="but" HPOS="1895" VPOS="1677" WIDTH="59" HEIGHT="75" STYLEREFS="font0"/><SP WIDTH="20" VPOS="1677" HPOS="1954"/><String ID="p674_w900" CONTENT="3" HPOS="1974" VPOS="1677" WIDTH="16" HEIGHT="75" STYLEREFS="font0"/><SP WIDTH="16" VPOS="1677" HPOS="1990"/><String ID="p674_w901" CONTENT="dr." HPOS="2006" VPOS="1677" WIDTH="51" HEIGHT="75" STYLEREFS="font0"/><SP WIDTH="20" VPOS="1677" HPOS="2057"/><String ID="p674_w902" CONTENT="6" HPOS="2077" VPOS="1677" WIDTH="21" HEIGHT="75" STYLEREFS="font0"/><SP WIDTH="13" VPOS="1677" HPOS="2098"/><String ID="p674_w903" CONTENT="gr." HPOS="2111" VPOS="1677" WIDTH="49" HEIGHT="75" STYLEREFS="font0"/><SP WIDTH="61" VPOS="1677" HPOS="2160"/><String ID="p674_w904" CONTENT="Sept." HPOS="2221" VPOS="1677" WIDTH="92" HEIGHT="75" STYLEREFS="font0"/></TextLine><TextLine WIDTH="1038" HEIGHT="75" ID="p674_t94" HPOS="1282" VPOS="1726"><String ID="p674_w905" CONTENT="22." HPOS="1282" VPOS="1726" WIDTH="56" HEIGHT="75" STYLEREFS="font0"/><SP WIDTH="30" VPOS="1726" HPOS="1338"/><String ID="p674_w906" CONTENT="it" HPOS="1368" VPOS="1726" WIDTH="27" HEIGHT="75" STYLEREFS="font0"/><SP WIDTH="16" VPOS="1726" HPOS="1395"/><String ID="p674_w907" CONTENT="weighed" HPOS="1411" VPOS="1726" WIDTH="147" HEIGHT="75" STYLEREFS="font0"/><SP WIDTH="25" VPOS="1726" HPOS="1558"/><String ID="p674_w908" CONTENT="2" HPOS="1583" VPOS="1726" WIDTH="20" HEIGHT="75" STYLEREFS="font0"/><SP WIDTH="13" VPOS="1726" HPOS="1603"/><String ID="p674_w909" CONTENT="dr." HPOS="1616" VPOS="1726" WIDTH="52" HEIGHT="75" STYLEREFS="font0"/><SP WIDTH="20" VPOS="1726" HPOS="1668"/><String ID="p674_w910" CONTENT="2" HPOS="1688" VPOS="1726" WIDTH="18" HEIGHT="75" STYLEREFS="font0"/><SP WIDTH="17" VPOS="1726" HPOS="1706"/><String ID="p674_w911" CONTENT="gr." HPOS="1723" VPOS="1726" WIDTH="51" HEIGHT="75" STYLEREFS="font0"/><SP WIDTH="50" VPOS="1726" HPOS="1774"/><String ID="p674_w912" CONTENT="Sept." HPOS="1824" VPOS="1726" WIDTH="91" HEIGHT="75" STYLEREFS="font0"/><SP WIDTH="21" VPOS="1726" HPOS="1915"/><String ID="p674_w913" CONTENT="24." HPOS="1936" VPOS="1726" WIDTH="56" HEIGHT="75" STYLEREFS="font0"/><SP WIDTH="18" VPOS="1726" HPOS="1992"/><String ID="p674_w914" CONTENT="it" HPOS="2010" VPOS="1726" WIDTH="27" HEIGHT="75" STYLEREFS="font0"/><SP WIDTH="23" VPOS="1726" HPOS="2037"/><String ID="p674_w915" CONTENT="weighed" HPOS="2060" VPOS="1726" WIDTH="147" HEIGHT="75" STYLEREFS="font0"/><SP WIDTH="22" VPOS="1726" HPOS="2207"/><String ID="p674_w916" CONTENT="1" HPOS="2229" VPOS="1726" WIDTH="13" HEIGHT="75" STYLEREFS="font0"/><SP WIDTH="19" VPOS="1726" HPOS="2242"/><String ID="p674_w917" CONTENT="dr.." HPOS="2261" VPOS="1726" WIDTH="59" HEIGHT="75" STYLEREFS="font0"/></TextLine><TextLine WIDTH="1029" HEIGHT="75" ID="p674_t95" HPOS="1283" VPOS="1771"><String ID="p674_w918" CONTENT="50" HPOS="1283" VPOS="1771" WIDTH="42" HEIGHT="75" STYLEREFS="font0"/><SP WIDTH="12" VPOS="1771" HPOS="1325"/><String ID="p674_w919" CONTENT="gr." HPOS="1337" VPOS="1771" WIDTH="51" HEIGHT="75" STYLEREFS="font0"/><SP WIDTH="26" VPOS="1771" HPOS="1388"/><String ID="p674_w920" CONTENT="It" HPOS="1414" VPOS="1771" WIDTH="32" HEIGHT="75" STYLEREFS="font0"/><SP WIDTH="16" VPOS="1771" HPOS="1446"/><String ID="p674_w921" CONTENT="then" HPOS="1462" VPOS="1771" WIDTH="76" HEIGHT="75" STYLEREFS="font0"/><SP WIDTH="17" VPOS="1771" HPOS="1538"/><String ID="p674_w922" CONTENT="feemedavery" HPOS="1555" VPOS="1771" WIDTH="237" HEIGHT="75" STYLEREFS="font0"/><SP WIDTH="12" VPOS="1771" HPOS="1792"/><String ID="p674_w923" CONTENT="little" HPOS="1804" VPOS="1771" WIDTH="84" HEIGHT="75" STYLEREFS="font0"/><SP WIDTH="16" VPOS="1771" HPOS="1888"/><String ID="p674_w924" CONTENT="whiter;" HPOS="1904" VPOS="1771" WIDTH="134" HEIGHT="75" STYLEREFS="font0"/><SP WIDTH="27" VPOS="1771" HPOS="2038"/><String ID="p674_w925" CONTENT="but" HPOS="2065" VPOS="1771" WIDTH="58" HEIGHT="75" STYLEREFS="font0"/><SP WIDTH="13" VPOS="1771" HPOS="2123"/><String ID="p674_w926" CONTENT="was" HPOS="2136" VPOS="1771" WIDTH="65" HEIGHT="75" STYLEREFS="font0"/><SP WIDTH="16" VPOS="1771" HPOS="2201"/><String ID="p674_w927" CONTENT="much" HPOS="2217" VPOS="1771" WIDTH="95" HEIGHT="75" STYLEREFS="font0"/></TextLine><TextLine WIDTH="1030" HEIGHT="75" ID="p674_t96" HPOS="1280" VPOS="1818"><String ID="p674_w928" CONTENT="more" HPOS="1280" VPOS="1818" WIDTH="89" HEIGHT="75" STYLEREFS="font0"/><SP WIDTH="17" VPOS="1818" HPOS="1369"/><String ID="p674_w929" CONTENT="mucilaginous" HPOS="1386" VPOS="1818" WIDTH="230" HEIGHT="75" STYLEREFS="font0"/><SP WIDTH="17" VPOS="1818" HPOS="1616"/><String ID="p674_w930" CONTENT="in" HPOS="1633" VPOS="1818" WIDTH="31" HEIGHT="75" STYLEREFS="font0"/><SP WIDTH="14" VPOS="1818" HPOS="1664"/><String ID="p674_w931" CONTENT="its" HPOS="1678" VPOS="1818" WIDTH="40" HEIGHT="75" STYLEREFS="font0"/><SP WIDTH="17" VPOS="1818" HPOS="1718"/><String ID="p674_w932" CONTENT="tafte," HPOS="1735" VPOS="1818" WIDTH="90" HEIGHT="75" STYLEREFS="font0"/><SP WIDTH="19" VPOS="1818" HPOS="1825"/><String ID="p674_w933" CONTENT="and" HPOS="1844" VPOS="1818" WIDTH="62" HEIGHT="75" STYLEREFS="font0"/><SP WIDTH="12" VPOS="1818" HPOS="1906"/><String ID="p674_w934" CONTENT="had" HPOS="1918" VPOS="1818" WIDTH="64" HEIGHT="75" STYLEREFS="font0"/><SP WIDTH="13" VPOS="1818" HPOS="1982"/><String ID="p674_w935" CONTENT="no" HPOS="1995" VPOS="1818" WIDTH="43" HEIGHT="75" STYLEREFS="font0"/><SP WIDTH="15" VPOS="1818" HPOS="2038"/><String ID="p674_w936" CONTENT="degree" HPOS="2053" VPOS="1818" WIDTH="116" HEIGHT="75" STYLEREFS="font0"/><SP WIDTH="13" VPOS="1818" HPOS="2169"/><String ID="p674_w937" CONTENT="of" HPOS="2182" VPOS="1818" WIDTH="40" HEIGHT="75" STYLEREFS="font0"/><SP WIDTH="11" VPOS="1818" HPOS="2222"/><String ID="p674_w938" CONTENT="falt-" HPOS="2233" VPOS="1818" WIDTH="77" HEIGHT="75" STYLEREFS="font0"/></TextLine><TextLine WIDTH="477" HEIGHT="75" ID="p674_t97" HPOS="1281" VPOS="1864"><String ID="p674_w939" CONTENT="nefs," HPOS="1281" VPOS="1864" WIDTH="81" HEIGHT="75" STYLEREFS="font0"/><SP WIDTH="26" VPOS="1864" HPOS="1362"/><String ID="p674_w940" CONTENT="which" HPOS="1388" VPOS="1864" WIDTH="106" HEIGHT="75" STYLEREFS="font0"/><SP WIDTH="17" VPOS="1864" HPOS="1494"/><String ID="p674_w941" CONTENT="it" HPOS="1511" VPOS="1864" WIDTH="26" HEIGHT="75" STYLEREFS="font0"/><SP WIDTH="16" VPOS="1864" HPOS="1537"/><String ID="p674_w942" CONTENT="had" HPOS="1553" VPOS="1864" WIDTH="65" HEIGHT="75" STYLEREFS="font0"/><SP WIDTH="17" VPOS="1864" HPOS="1618"/><String ID="p674_w943" CONTENT="before." HPOS="1635" VPOS="1864" WIDTH="123" HEIGHT="75" STYLEREFS="font0"/></TextLine><TextLine WIDTH="985" HEIGHT="75" ID="p674_t98" HPOS="1328" VPOS="1911"><String ID="p674_w944" CONTENT="" HPOS="1328" VPOS="1911" WIDTH="23" HEIGHT="75" STYLEREFS="font0"/><SP WIDTH="26" VPOS="1911" HPOS="1351"/><String ID="p674_w945" CONTENT="It" HPOS="1377" VPOS="1911" WIDTH="31" HEIGHT="75" STYLEREFS="font0"/><SP WIDTH="13" VPOS="1911" HPOS="1408"/><String ID="p674_w946" CONTENT="appears" HPOS="1421" VPOS="1911" WIDTH="132" HEIGHT="75" STYLEREFS="font0"/><SP WIDTH="14" VPOS="1911" HPOS="1553"/><String ID="p674_w947" CONTENT="from" HPOS="1567" VPOS="1911" WIDTH="86" HEIGHT="75" STYLEREFS="font0"/><SP WIDTH="17" VPOS="1911" HPOS="1653"/><String ID="p674_w948" CONTENT="this" HPOS="1670" VPOS="1911" WIDTH="65" HEIGHT="75" STYLEREFS="font0"/><SP WIDTH="16" VPOS="1911" HPOS="1735"/><String ID="p674_w949" CONTENT="experiment," HPOS="1751" VPOS="1911" WIDTH="211" HEIGHT="75" STYLEREFS="font0"/><SP WIDTH="18" VPOS="1911" HPOS="1962"/><String ID="p674_w950" CONTENT="that" HPOS="1980" VPOS="1911" WIDTH="73" HEIGHT="75" STYLEREFS="font0"/><SP WIDTH="16" VPOS="1911" HPOS="2053"/><String ID="p674_w951" CONTENT="foap" HPOS="2069" VPOS="1911" WIDTH="75" HEIGHT="75" STYLEREFS="font0"/><SP WIDTH="18" VPOS="1911" HPOS="2144"/><String ID="p674_w952" CONTENT="is" HPOS="2162" VPOS="1911" WIDTH="26" HEIGHT="75" STYLEREFS="font0"/><SP WIDTH="17" VPOS="1911" HPOS="2188"/><String ID="p674_w953" CONTENT="fo" HPOS="2205" VPOS="1911" WIDTH="34" HEIGHT="75" STYLEREFS="font0"/><SP WIDTH="16" VPOS="1911" HPOS="2239"/><String ID="p674_w954" CONTENT="vo-" HPOS="2255" VPOS="1911" WIDTH="58" HEIGHT="75" STYLEREFS="font0"/></TextLine><TextLine WIDTH="1035" HEIGHT="75" ID="p674_t99" HPOS="1277" VPOS="1956"><String ID="p674_w955" CONTENT="latile," HPOS="1277" VPOS="1956" WIDTH="101" HEIGHT="75" STYLEREFS="font0"/><SP WIDTH="26" VPOS="1956" HPOS="1378"/><String ID="p674_w956" CONTENT="when" HPOS="1404" VPOS="1956" WIDTH="92" HEIGHT="75" STYLEREFS="font0"/><SP WIDTH="18" VPOS="1956" HPOS="1496"/><String ID="p674_w957" CONTENT="watered," HPOS="1514" VPOS="1956" WIDTH="152" HEIGHT="75" STYLEREFS="font0"/><SP WIDTH="26" VPOS="1956" HPOS="1666"/><String ID="p674_w958" CONTENT="and" HPOS="1692" VPOS="1956" WIDTH="63" HEIGHT="75" STYLEREFS="font0"/><SP WIDTH="12" VPOS="1956" HPOS="1755"/><String ID="p674_w959" CONTENT="expofed" HPOS="1767" VPOS="1956" WIDTH="139" HEIGHT="75" STYLEREFS="font0"/><SP WIDTH="16" VPOS="1956" HPOS="1906"/><String ID="p674_w960" CONTENT="to" HPOS="1922" VPOS="1956" WIDTH="35" HEIGHT="75" STYLEREFS="font0"/><SP WIDTH="17" VPOS="1956" HPOS="1957"/><String ID="p674_w961" CONTENT="air" HPOS="1974" VPOS="1956" WIDTH="47" HEIGHT="75" STYLEREFS="font0"/><SP WIDTH="16" VPOS="1956" HPOS="2021"/><String ID="p674_w962" CONTENT="not" HPOS="2037" VPOS="1956" WIDTH="57" HEIGHT="75" STYLEREFS="font0"/><SP WIDTH="16" VPOS="1956" HPOS="2094"/><String ID="p674_w963" CONTENT="very" HPOS="2110" VPOS="1956" WIDTH="78" HEIGHT="75" STYLEREFS="font0"/><SP WIDTH="12" VPOS="1956" HPOS="2188"/><String ID="p674_w964" CONTENT="warm," HPOS="2200" VPOS="1956" WIDTH="112" HEIGHT="75" STYLEREFS="font0"/></TextLine><TextLine WIDTH="1033" HEIGHT="75" ID="p674_t100" HPOS="1278" VPOS="2003"><String ID="p674_w965" CONTENT="that" HPOS="1278" VPOS="2003" WIDTH="70" HEIGHT="75" STYLEREFS="font0"/><SP WIDTH="18" VPOS="2003" HPOS="1348"/><String ID="p674_w966" CONTENT="it" HPOS="1366" VPOS="2003" WIDTH="25" HEIGHT="75" STYLEREFS="font0"/><SP WIDTH="17" VPOS="2003" HPOS="1391"/><String ID="p674_w967" CONTENT="lofes" HPOS="1408" VPOS="2003" WIDTH="81" HEIGHT="75" STYLEREFS="font0"/><SP WIDTH="16" VPOS="2003" HPOS="1489"/><String ID="p674_w968" CONTENT="above" HPOS="1505" VPOS="2003" WIDTH="100" HEIGHT="75" STYLEREFS="font0"/><SP WIDTH="27" VPOS="2003" HPOS="1605"/><String ID="p674_w969" CONTENT="the" HPOS="1632" VPOS="2003" WIDTH="56" HEIGHT="75" STYLEREFS="font0"/><SP WIDTH="16" VPOS="2003" HPOS="1688"/><String ID="p674_w970" CONTENT="half" HPOS="1704" VPOS="2003" WIDTH="73" HEIGHT="75" STYLEREFS="font0"/><SP WIDTH="22" VPOS="2003" HPOS="1777"/><String ID="p674_w971" CONTENT="its" HPOS="1799" VPOS="2003" WIDTH="42" HEIGHT="75" STYLEREFS="font0"/><SP WIDTH="16" VPOS="2003" HPOS="1841"/><String ID="p674_w972" CONTENT="weight" HPOS="1857" VPOS="2003" WIDTH="121" HEIGHT="75" STYLEREFS="font0"/><SP WIDTH="16" VPOS="2003" HPOS="1978"/><String ID="p674_w973" CONTENT="in" HPOS="1994" VPOS="2003" WIDTH="32" HEIGHT="75" STYLEREFS="font0"/><SP WIDTH="28" VPOS="2003" HPOS="2026"/><String ID="p674_w974" CONTENT="fourteen" HPOS="2054" VPOS="2003" WIDTH="146" HEIGHT="75" STYLEREFS="font0"/><SP WIDTH="19" VPOS="2003" HPOS="2200"/><String ID="p674_w975" CONTENT="days." HPOS="2219" VPOS="2003" WIDTH="92" HEIGHT="75" STYLEREFS="font0"/></TextLine><TextLine WIDTH="1034" HEIGHT="75" ID="p674_t101" HPOS="1277" VPOS="2050"><String ID="p674_w976" CONTENT="The" HPOS="1277" VPOS="2050" WIDTH="77" HEIGHT="75" STYLEREFS="font0"/><SP WIDTH="26" VPOS="2050" HPOS="1354"/><String ID="p674_w977" CONTENT="fame" HPOS="1380" VPOS="2050" WIDTH="84" HEIGHT="75" STYLEREFS="font0"/><SP WIDTH="32" VPOS="2050" HPOS="1464"/><String ID="p674_w978" CONTENT="muft" HPOS="1496" VPOS="2050" WIDTH="80" HEIGHT="75" STYLEREFS="font0"/><SP WIDTH="23" VPOS="2050" HPOS="1576"/><String ID="p674_w979" CONTENT="happen" HPOS="1599" VPOS="2050" WIDTH="124" HEIGHT="75" STYLEREFS="font0"/><SP WIDTH="29" VPOS="2050" HPOS="1723"/><String ID="p674_w980" CONTENT="to" HPOS="1752" VPOS="2050" WIDTH="36" HEIGHT="75" STYLEREFS="font0"/><SP WIDTH="27" VPOS="2050" HPOS="1788"/><String ID="p674_w981" CONTENT="the" HPOS="1815" VPOS="2050" WIDTH="56" HEIGHT="75" STYLEREFS="font0"/><SP WIDTH="28" VPOS="2050" HPOS="1871"/><String ID="p674_w982" CONTENT="faponaceous" HPOS="1899" VPOS="2050" WIDTH="211" HEIGHT="75" STYLEREFS="font0"/><SP WIDTH="28" VPOS="2050" HPOS="2110"/><String ID="p674_w983" CONTENT="fubftance," HPOS="2138" VPOS="2050" WIDTH="173" HEIGHT="75" STYLEREFS="font0"/></TextLine><TextLine WIDTH="1034" HEIGHT="75" ID="p674_t102" HPOS="1278" VPOS="2097"><String ID="p674_w984" CONTENT="formed" HPOS="1278" VPOS="2097" WIDTH="124" HEIGHT="75" STYLEREFS="font0"/><SP WIDTH="19" VPOS="2097" HPOS="1402"/><String ID="p674_w985" CONTENT="from" HPOS="1421" VPOS="2097" WIDTH="82" HEIGHT="75" STYLEREFS="font0"/><SP WIDTH="19" VPOS="2097" HPOS="1503"/><String ID="p674_w986" CONTENT="the" HPOS="1522" VPOS="2097" WIDTH="55" HEIGHT="75" STYLEREFS="font0"/><SP WIDTH="17" VPOS="2097" HPOS="1577"/><String ID="p674_w987" CONTENT="conjunftion" HPOS="1594" VPOS="2097" WIDTH="202" HEIGHT="75" STYLEREFS="font0"/><SP WIDTH="18" VPOS="2097" HPOS="1796"/><String ID="p674_w988" CONTENT="of" HPOS="1814" VPOS="2097" WIDTH="39" HEIGHT="75" STYLEREFS="font0"/><SP WIDTH="17" VPOS="2097" HPOS="1853"/><String ID="p674_w989" CONTENT="the" HPOS="1870" VPOS="2097" WIDTH="56" HEIGHT="75" STYLEREFS="font0"/><SP WIDTH="17" VPOS="2097" HPOS="1926"/><String ID="p674_w990" CONTENT="alkaline" HPOS="1943" VPOS="2097" WIDTH="137" HEIGHT="75" STYLEREFS="font0"/><SP WIDTH="16" VPOS="2097" HPOS="2080"/><String ID="p674_w991" CONTENT="falts," HPOS="2096" VPOS="2097" WIDTH="87" HEIGHT="75" STYLEREFS="font0"/><SP WIDTH="25" VPOS="2097" HPOS="2183"/><String ID="p674_w992" CONTENT="heavy" HPOS="2208" VPOS="2097" WIDTH="104" HEIGHT="75" STYLEREFS="font0"/></TextLine><TextLine WIDTH="1034" HEIGHT="75" ID="p674_t103" HPOS="1278" VPOS="2143"><String ID="p674_w993" CONTENT="oil," HPOS="1278" VPOS="2143" WIDTH="56" HEIGHT="75" STYLEREFS="font0"/><SP WIDTH="26" VPOS="2143" HPOS="1334"/><String ID="p674_w994" CONTENT="and" HPOS="1360" VPOS="2143" WIDTH="62" HEIGHT="75" STYLEREFS="font0"/><SP WIDTH="17" VPOS="2143" HPOS="1422"/><String ID="p674_w995" CONTENT="earthy" HPOS="1439" VPOS="2143" WIDTH="113" HEIGHT="75" STYLEREFS="font0"/><SP WIDTH="12" VPOS="2143" HPOS="1552"/><String ID="p674_w996" CONTENT="particles" HPOS="1564" VPOS="2143" WIDTH="149" HEIGHT="75" STYLEREFS="font0"/><SP WIDTH="13" VPOS="2143" HPOS="1713"/><String ID="p674_w997" CONTENT="of" HPOS="1726" VPOS="2143" WIDTH="40" HEIGHT="75" STYLEREFS="font0"/><SP WIDTH="11" VPOS="2143" HPOS="1766"/><String ID="p674_w998" CONTENT="the" HPOS="1777" VPOS="2143" WIDTH="55" HEIGHT="75" STYLEREFS="font0"/><SP WIDTH="16" VPOS="2143" HPOS="1832"/><String ID="p674_w999" CONTENT="flax." HPOS="1848" VPOS="2143" WIDTH="79" HEIGHT="75" STYLEREFS="font0"/><SP WIDTH="49" VPOS="2143" HPOS="1927"/><String ID="p674_w1000" CONTENT="The" HPOS="1976" VPOS="2143" WIDTH="78" HEIGHT="75" STYLEREFS="font0"/><SP WIDTH="17" VPOS="2143" HPOS="2054"/><String ID="p674_w1001" CONTENT="whole" HPOS="2071" VPOS="2143" WIDTH="104" HEIGHT="75" STYLEREFS="font0"/><SP WIDTH="16" VPOS="2143" HPOS="2175"/><String ID="p674_w1002" CONTENT="defign," HPOS="2191" VPOS="2143" WIDTH="121" HEIGHT="75" STYLEREFS="font0"/></TextLine><TextLine WIDTH="1032" HEIGHT="75" ID="p674_t104" HPOS="1279" VPOS="2190"><String ID="p674_w1003" CONTENT="then," HPOS="1279" VPOS="2190" WIDTH="91" HEIGHT="75" STYLEREFS="font0"/><SP WIDTH="24" VPOS="2190" HPOS="1370"/><String ID="p674_w1004" CONTENT="of" HPOS="1394" VPOS="2190" WIDTH="40" HEIGHT="75" STYLEREFS="font0"/><SP WIDTH="11" VPOS="2190" HPOS="1434"/><String ID="p674_w1005" CONTENT="this" HPOS="1445" VPOS="2190" WIDTH="66" HEIGHT="75" STYLEREFS="font0"/><SP WIDTH="17" VPOS="2190" HPOS="1511"/><String ID="p674_w1006" CONTENT="operation," HPOS="1528" VPOS="2190" WIDTH="177" HEIGHT="75" STYLEREFS="font0"/><SP WIDTH="26" VPOS="2190" HPOS="1705"/><String ID="p674_w1007" CONTENT="which," HPOS="1731" VPOS="2190" WIDTH="123" HEIGHT="75" STYLEREFS="font0"/><SP WIDTH="15" VPOS="2190" HPOS="1854"/><String ID="p674_w1008" CONTENT="by" HPOS="1869" VPOS="2190" WIDTH="43" HEIGHT="75" STYLEREFS="font0"/><SP WIDTH="15" VPOS="2190" HPOS="1912"/><String ID="p674_w1009" CONTENT="way" HPOS="1927" VPOS="2190" WIDTH="69" HEIGHT="75" STYLEREFS="font0"/><SP WIDTH="16" VPOS="2190" HPOS="1996"/><String ID="p674_w1010" CONTENT="of" HPOS="2012" VPOS="2190" WIDTH="40" HEIGHT="75" STYLEREFS="font0"/><SP WIDTH="10" VPOS="2190" HPOS="2052"/><String ID="p674_w1011" CONTENT="pre-eminence," HPOS="2062" VPOS="2190" WIDTH="249" HEIGHT="75" STYLEREFS="font0"/></TextLine><TextLine WIDTH="1033" HEIGHT="75" ID="p674_t105" HPOS="1278" VPOS="2238"><String ID="p674_w1012" CONTENT="gets" HPOS="1278" VPOS="2238" WIDTH="69" HEIGHT="75" STYLEREFS="font0"/><SP WIDTH="17" VPOS="2238" HPOS="1347"/><String ID="p674_w1013" CONTENT="the" HPOS="1364" VPOS="2238" WIDTH="56" HEIGHT="75" STYLEREFS="font0"/><SP WIDTH="18" VPOS="2238" HPOS="1420"/><String ID="p674_w1014" CONTENT="name" HPOS="1438" VPOS="2238" WIDTH="90" HEIGHT="75" STYLEREFS="font0"/><SP WIDTH="17" VPOS="2238" HPOS="1528"/><String ID="p674_w1015" CONTENT="of" HPOS="1545" VPOS="2238" WIDTH="40" HEIGHT="75" STYLEREFS="font0"/><SP WIDTH="19" VPOS="2238" HPOS="1585"/><String ID="p674_w1016" CONTENT="bleaching," HPOS="1604" VPOS="2238" WIDTH="180" HEIGHT="75" STYLEREFS="font0"/><SP WIDTH="25" VPOS="2238" HPOS="1784"/><String ID="p674_w1017" CONTENT="is" HPOS="1809" VPOS="2238" WIDTH="26" HEIGHT="75" STYLEREFS="font0"/><SP WIDTH="18" VPOS="2238" HPOS="1835"/><String ID="p674_w1018" CONTENT="to" HPOS="1853" VPOS="2238" WIDTH="36" HEIGHT="75" STYLEREFS="font0"/><SP WIDTH="18" VPOS="2238" HPOS="1889"/><String ID="p674_w1019" CONTENT="carry" HPOS="1907" VPOS="2238" WIDTH="92" HEIGHT="75" STYLEREFS="font0"/><SP WIDTH="18" VPOS="2238" HPOS="1999"/><String ID="p674_w1020" CONTENT="off," HPOS="2017" VPOS="2238" WIDTH="62" HEIGHT="75" STYLEREFS="font0"/><SP WIDTH="23" VPOS="2238" HPOS="2079"/><String ID="p674_w1021" CONTENT="by" HPOS="2102" VPOS="2238" WIDTH="44" HEIGHT="75" STYLEREFS="font0"/><SP WIDTH="17" VPOS="2238" HPOS="2146"/><String ID="p674_w1022" CONTENT="the" HPOS="2163" VPOS="2238" WIDTH="55" HEIGHT="75" STYLEREFS="font0"/><SP WIDTH="19" VPOS="2238" HPOS="2218"/><String ID="p674_w1023" CONTENT="eva-" HPOS="2237" VPOS="2238" WIDTH="74" HEIGHT="75" STYLEREFS="font0"/></TextLine><TextLine WIDTH="1032" HEIGHT="75" ID="p674_t106" HPOS="1279" VPOS="2284"><String ID="p674_w1024" CONTENT="poration" HPOS="1279" VPOS="2284" WIDTH="145" HEIGHT="75" STYLEREFS="font0"/><SP WIDTH="27" VPOS="2284" HPOS="1424"/><String ID="p674_w1025" CONTENT="of" HPOS="1451" VPOS="2284" WIDTH="41" HEIGHT="75" STYLEREFS="font0"/><SP WIDTH="21" VPOS="2284" HPOS="1492"/><String ID="p674_w1026" CONTENT="water," HPOS="1513" VPOS="2284" WIDTH="117" HEIGHT="75" STYLEREFS="font0"/><SP WIDTH="20" VPOS="2284" HPOS="1630"/><String ID="p674_w1027" CONTENT="whatever" HPOS="1650" VPOS="2284" WIDTH="162" HEIGHT="75" STYLEREFS="font0"/><SP WIDTH="23" VPOS="2284" HPOS="1812"/><String ID="p674_w1028" CONTENT="has" HPOS="1835" VPOS="2284" WIDTH="57" HEIGHT="75" STYLEREFS="font0"/><SP WIDTH="25" VPOS="2284" HPOS="1892"/><String ID="p674_w1029" CONTENT="been" HPOS="1917" VPOS="2284" WIDTH="81" HEIGHT="75" STYLEREFS="font0"/><SP WIDTH="23" VPOS="2284" HPOS="1998"/><String ID="p674_w1030" CONTENT="loofened" HPOS="2021" VPOS="2284" WIDTH="148" HEIGHT="75" STYLEREFS="font0"/><SP WIDTH="27" VPOS="2284" HPOS="2169"/><String ID="p674_w1031" CONTENT="by" HPOS="2196" VPOS="2284" WIDTH="43" HEIGHT="75" STYLEREFS="font0"/><SP WIDTH="16" VPOS="2284" HPOS="2239"/><String ID="p674_w1032" CONTENT="the" HPOS="2255" VPOS="2284" WIDTH="56" HEIGHT="75" STYLEREFS="font0"/></TextLine><TextLine WIDTH="490" HEIGHT="75" ID="p674_t107" HPOS="1279" VPOS="2331"><String ID="p674_w1033" CONTENT="former" HPOS="1279" VPOS="2331" WIDTH="120" HEIGHT="75" STYLEREFS="font0"/><SP WIDTH="16" VPOS="2331" HPOS="1399"/><String ID="p674_w1034" CONTENT="procefs" HPOS="1415" VPOS="2331" WIDTH="126" HEIGHT="75" STYLEREFS="font0"/><SP WIDTH="17" VPOS="2331" HPOS="1541"/><String ID="p674_w1035" CONTENT="of" HPOS="1558" VPOS="2331" WIDTH="40" HEIGHT="75" STYLEREFS="font0"/><SP WIDTH="18" VPOS="2331" HPOS="1598"/><String ID="p674_w1036" CONTENT="bucking." HPOS="1616" VPOS="2331" WIDTH="153" HEIGHT="75" STYLEREFS="font0"/></TextLine><TextLine WIDTH="983" HEIGHT="75" ID="p674_t108" HPOS="1326" VPOS="2376"><String ID="p674_w1037" CONTENT="" HPOS="1326" VPOS="2376" WIDTH="24" HEIGHT="75" STYLEREFS="font0"/><SP WIDTH="26" VPOS="2376" HPOS="1350"/><String ID="p674_w1038" CONTENT="Againft" HPOS="1376" VPOS="2376" WIDTH="132" HEIGHT="75" STYLEREFS="font0"/><SP WIDTH="16" VPOS="2376" HPOS="1508"/><String ID="p674_w1039" CONTENT="this" HPOS="1524" VPOS="2376" WIDTH="65" HEIGHT="75" STYLEREFS="font0"/><SP WIDTH="17" VPOS="2376" HPOS="1589"/><String ID="p674_w1040" CONTENT="do&amp;rine" HPOS="1606" VPOS="2376" WIDTH="142" HEIGHT="75" STYLEREFS="font0"/><SP WIDTH="16" VPOS="2376" HPOS="1748"/><String ID="p674_w1041" CONTENT="there" HPOS="1764" VPOS="2376" WIDTH="90" HEIGHT="75" STYLEREFS="font0"/><SP WIDTH="16" VPOS="2376" HPOS="1854"/><String ID="p674_w1042" CONTENT="may" HPOS="1870" VPOS="2376" WIDTH="73" HEIGHT="75" STYLEREFS="font0"/><SP WIDTH="12" VPOS="2376" HPOS="1943"/><String ID="p674_w1043" CONTENT="be" HPOS="1955" VPOS="2376" WIDTH="40" HEIGHT="75" STYLEREFS="font0"/><SP WIDTH="17" VPOS="2376" HPOS="1995"/><String ID="p674_w1044" CONTENT="brought" HPOS="2012" VPOS="2376" WIDTH="140" HEIGHT="75" STYLEREFS="font0"/><SP WIDTH="16" VPOS="2376" HPOS="2152"/><String ID="p674_w1045" CONTENT="two" HPOS="2168" VPOS="2376" WIDTH="67" HEIGHT="75" STYLEREFS="font0"/><SP WIDTH="17" VPOS="2376" HPOS="2235"/><String ID="p674_w1046" CONTENT="ob-" HPOS="2252" VPOS="2376" WIDTH="57" HEIGHT="75" STYLEREFS="font0"/></TextLine><TextLine WIDTH="1036" HEIGHT="75" ID="p674_t109" HPOS="1274" VPOS="2424"><String ID="p674_w1047" CONTENT="je&amp;ions," HPOS="1274" VPOS="2424" WIDTH="148" HEIGHT="75" STYLEREFS="font0"/><SP WIDTH="27" VPOS="2424" HPOS="1422"/><String ID="p674_w1048" CONTENT="feemingly" HPOS="1449" VPOS="2424" WIDTH="171" HEIGHT="75" STYLEREFS="font0"/><SP WIDTH="15" VPOS="2424" HPOS="1620"/><String ID="p674_w1049" CONTENT="of" HPOS="1635" VPOS="2424" WIDTH="40" HEIGHT="75" STYLEREFS="font0"/><SP WIDTH="12" VPOS="2424" HPOS="1675"/><String ID="p674_w1050" CONTENT="great" HPOS="1687" VPOS="2424" WIDTH="89" HEIGHT="75" STYLEREFS="font0"/><SP WIDTH="17" VPOS="2424" HPOS="1776"/><String ID="p674_w1051" CONTENT="weight." HPOS="1793" VPOS="2424" WIDTH="132" HEIGHT="75" STYLEREFS="font0"/><SP WIDTH="49" VPOS="2424" HPOS="1925"/><String ID="p674_w1052" CONTENT="It" HPOS="1974" VPOS="2424" WIDTH="31" HEIGHT="75" STYLEREFS="font0"/><SP WIDTH="17" VPOS="2424" HPOS="2005"/><String ID="p674_w1053" CONTENT="is" HPOS="2022" VPOS="2424" WIDTH="26" HEIGHT="75" STYLEREFS="font0"/><SP WIDTH="18" VPOS="2424" HPOS="2048"/><String ID="p674_w1054" CONTENT="a" HPOS="2066" VPOS="2424" WIDTH="18" HEIGHT="75" STYLEREFS="font0"/><SP WIDTH="16" VPOS="2424" HPOS="2084"/><String ID="p674_w1055" CONTENT="general" HPOS="2100" VPOS="2424" WIDTH="126" HEIGHT="75" STYLEREFS="font0"/><SP WIDTH="14" VPOS="2424" HPOS="2226"/><String ID="p674_w1056" CONTENT="opi-" HPOS="2240" VPOS="2424" WIDTH="70" HEIGHT="75" STYLEREFS="font0"/></TextLine><TextLine WIDTH="1031" HEIGHT="75" ID="p674_t110" HPOS="1279" VPOS="2471"><String ID="p674_w1057" CONTENT="nion" HPOS="1279" VPOS="2471" WIDTH="73" HEIGHT="75" STYLEREFS="font0"/><SP WIDTH="28" VPOS="2471" HPOS="1352"/><String ID="p674_w1058" CONTENT="among/!" HPOS="1380" VPOS="2471" WIDTH="142" HEIGHT="75" STYLEREFS="font0"/><SP WIDTH="19" VPOS="2471" HPOS="1522"/><String ID="p674_w1059" CONTENT="bleachers," HPOS="1541" VPOS="2471" WIDTH="177" HEIGHT="75" STYLEREFS="font0"/><SP WIDTH="33" VPOS="2471" HPOS="1718"/><String ID="p674_w1060" CONTENT="that" HPOS="1751" VPOS="2471" WIDTH="71" HEIGHT="75" STYLEREFS="font0"/><SP WIDTH="25" VPOS="2471" HPOS="1822"/><String ID="p674_w1061" CONTENT="linen" HPOS="1847" VPOS="2471" WIDTH="85" HEIGHT="75" STYLEREFS="font0"/><SP WIDTH="25" VPOS="2471" HPOS="1932"/><String ID="p674_w1062" CONTENT="whitens" HPOS="1957" VPOS="2471" WIDTH="136" HEIGHT="75" STYLEREFS="font0"/><SP WIDTH="26" VPOS="2471" HPOS="2093"/><String ID="p674_w1063" CONTENT="quicker" HPOS="2119" VPOS="2471" WIDTH="133" HEIGHT="75" STYLEREFS="font0"/><SP WIDTH="24" VPOS="2471" HPOS="2252"/><String ID="p674_w1064" CONTENT="in" HPOS="2276" VPOS="2471" WIDTH="34" HEIGHT="75" STYLEREFS="font0"/></TextLine><TextLine WIDTH="1033" HEIGHT="75" ID="p674_t111" HPOS="1277" VPOS="2517"><String ID="p674_w1065" CONTENT="March" HPOS="1277" VPOS="2517" WIDTH="118" HEIGHT="75" STYLEREFS="font0"/><SP WIDTH="16" VPOS="2517" HPOS="1395"/><String ID="p674_w1066" CONTENT="and" HPOS="1411" VPOS="2517" WIDTH="62" HEIGHT="75" STYLEREFS="font0"/><SP WIDTH="12" VPOS="2517" HPOS="1473"/><String ID="p674_w1067" CONTENT="April," HPOS="1485" VPOS="2517" WIDTH="107" HEIGHT="75" STYLEREFS="font0"/><SP WIDTH="21" VPOS="2517" HPOS="1592"/><String ID="p674_w1068" CONTENT="than" HPOS="1613" VPOS="2517" WIDTH="77" HEIGHT="75" STYLEREFS="font0"/><SP WIDTH="17" VPOS="2517" HPOS="1690"/><String ID="p674_w1069" CONTENT="in" HPOS="1707" VPOS="2517" WIDTH="32" HEIGHT="75" STYLEREFS="font0"/><SP WIDTH="18" VPOS="2517" HPOS="1739"/><String ID="p674_w1070" CONTENT="any" HPOS="1757" VPOS="2517" WIDTH="60" HEIGHT="75" STYLEREFS="font0"/><SP WIDTH="16" VPOS="2517" HPOS="1817"/><String ID="p674_w1071" CONTENT="other" HPOS="1833" VPOS="2517" WIDTH="97" HEIGHT="75" STYLEREFS="font0"/><SP WIDTH="16" VPOS="2517" HPOS="1930"/><String ID="p674_w1072" CONTENT="months" HPOS="1946" VPOS="2517" WIDTH="129" HEIGHT="75" STYLEREFS="font0"/><SP WIDTH="12" VPOS="2517" HPOS="2075"/><String ID="p674_w1073" CONTENT=":" HPOS="2087" VPOS="2517" WIDTH="8" HEIGHT="75" STYLEREFS="font0"/><SP WIDTH="29" VPOS="2517" HPOS="2095"/><String ID="p674_w1074" CONTENT="But" HPOS="2124" VPOS="2517" WIDTH="67" HEIGHT="75" STYLEREFS="font0"/><SP WIDTH="17" VPOS="2517" HPOS="2191"/><String ID="p674_w1075" CONTENT="as" HPOS="2208" VPOS="2517" WIDTH="33" HEIGHT="75" STYLEREFS="font0"/><SP WIDTH="13" VPOS="2517" HPOS="2241"/><String ID="p674_w1076" CONTENT="the" HPOS="2254" VPOS="2517" WIDTH="56" HEIGHT="75" STYLEREFS="font0"/></TextLine><TextLine WIDTH="1034" HEIGHT="75" ID="p674_t112" HPOS="1277" VPOS="2564"><String ID="p674_w1077" CONTENT="evaporation" HPOS="1277" VPOS="2564" WIDTH="204" HEIGHT="75" STYLEREFS="font0"/><SP WIDTH="17" VPOS="2564" HPOS="1481"/><String ID="p674_w1078" CONTENT="cannot" HPOS="1498" VPOS="2564" WIDTH="117" HEIGHT="75" STYLEREFS="font0"/><SP WIDTH="15" VPOS="2564" HPOS="1615"/><String ID="p674_w1079" CONTENT="be" HPOS="1630" VPOS="2564" WIDTH="39" HEIGHT="75" STYLEREFS="font0"/><SP WIDTH="16" VPOS="2564" HPOS="1669"/><String ID="p674_w1080" CONTENT="fo" HPOS="1685" VPOS="2564" WIDTH="36" HEIGHT="75" STYLEREFS="font0"/><SP WIDTH="16" VPOS="2564" HPOS="1721"/><String ID="p674_w1081" CONTENT="great" HPOS="1737" VPOS="2564" WIDTH="89" HEIGHT="75" STYLEREFS="font0"/><SP WIDTH="17" VPOS="2564" HPOS="1826"/><String ID="p674_w1082" CONTENT="at" HPOS="1843" VPOS="2564" WIDTH="33" HEIGHT="75" STYLEREFS="font0"/><SP WIDTH="17" VPOS="2564" HPOS="1876"/><String ID="p674_w1083" CONTENT="that" HPOS="1893" VPOS="2564" WIDTH="68" HEIGHT="75" STYLEREFS="font0"/><SP WIDTH="17" VPOS="2564" HPOS="1961"/><String ID="p674_w1084" CONTENT="time," HPOS="1978" VPOS="2564" WIDTH="91" HEIGHT="75" STYLEREFS="font0"/><SP WIDTH="24" VPOS="2564" HPOS="2069"/><String ID="p674_w1085" CONTENT="as" HPOS="2093" VPOS="2564" WIDTH="33" HEIGHT="75" STYLEREFS="font0"/><SP WIDTH="17" VPOS="2564" HPOS="2126"/><String ID="p674_w1086" CONTENT="when" HPOS="2143" VPOS="2564" WIDTH="92" HEIGHT="75" STYLEREFS="font0"/><SP WIDTH="18" VPOS="2564" HPOS="2235"/><String ID="p674_w1087" CONTENT="the" HPOS="2253" VPOS="2564" WIDTH="58" HEIGHT="75" STYLEREFS="font0"/></TextLine><TextLine WIDTH="1032" HEIGHT="75" ID="p674_t113" HPOS="1277" VPOS="2611"><String ID="p674_w1088" CONTENT="fun" HPOS="1277" VPOS="2611" WIDTH="54" HEIGHT="75" STYLEREFS="font0"/><SP WIDTH="17" VPOS="2611" HPOS="1331"/><String ID="p674_w1089" CONTENT="has" HPOS="1348" VPOS="2611" WIDTH="57" HEIGHT="75" STYLEREFS="font0"/><SP WIDTH="17" VPOS="2611" HPOS="1405"/><String ID="p674_w1090" CONTENT="a" HPOS="1422" VPOS="2611" WIDTH="19" HEIGHT="75" STYLEREFS="font0"/><SP WIDTH="24" VPOS="2611" HPOS="1441"/><String ID="p674_w1091" CONTENT="greater" HPOS="1465" VPOS="2611" WIDTH="126" HEIGHT="75" STYLEREFS="font0"/><SP WIDTH="16" VPOS="2611" HPOS="1591"/><String ID="p674_w1092" CONTENT="heat;" HPOS="1607" VPOS="2611" WIDTH="96" HEIGHT="75" STYLEREFS="font0"/><SP WIDTH="27" VPOS="2611" HPOS="1703"/><String ID="p674_w1093" CONTENT="hence" HPOS="1730" VPOS="2611" WIDTH="100" HEIGHT="75" STYLEREFS="font0"/><SP WIDTH="23" VPOS="2611" HPOS="1830"/><String ID="p674_w1094" CONTENT="the" HPOS="1853" VPOS="2611" WIDTH="56" HEIGHT="75" STYLEREFS="font0"/><SP WIDTH="17" VPOS="2611" HPOS="1909"/><String ID="p674_w1095" CONTENT="whitening" HPOS="1926" VPOS="2611" WIDTH="175" HEIGHT="75" STYLEREFS="font0"/><SP WIDTH="16" VPOS="2611" HPOS="2101"/><String ID="p674_w1096" CONTENT="of" HPOS="2117" VPOS="2611" WIDTH="41" HEIGHT="75" STYLEREFS="font0"/><SP WIDTH="18" VPOS="2611" HPOS="2158"/><String ID="p674_w1097" CONTENT="cloth" HPOS="2176" VPOS="2611" WIDTH="88" HEIGHT="75" STYLEREFS="font0"/><SP WIDTH="17" VPOS="2611" HPOS="2264"/><String ID="p674_w1098" CONTENT="is" HPOS="2281" VPOS="2611" WIDTH="28" HEIGHT="75" STYLEREFS="font0"/></TextLine><TextLine WIDTH="1034" HEIGHT="75" ID="p674_t114" HPOS="1277" VPOS="2658"><String ID="p674_w1099" CONTENT="not" HPOS="1277" VPOS="2658" WIDTH="57" HEIGHT="75" STYLEREFS="font0"/><SP WIDTH="29" VPOS="2658" HPOS="1334"/><String ID="p674_w1100" CONTENT="in" HPOS="1363" VPOS="2658" WIDTH="32" HEIGHT="75" STYLEREFS="font0"/><SP WIDTH="28" VPOS="2658" HPOS="1395"/><String ID="p674_w1101" CONTENT="proportion" HPOS="1423" VPOS="2658" WIDTH="188" HEIGHT="75" STYLEREFS="font0"/><SP WIDTH="28" VPOS="2658" HPOS="1611"/><String ID="p674_w1102" CONTENT="to" HPOS="1639" VPOS="2658" WIDTH="36" HEIGHT="75" STYLEREFS="font0"/><SP WIDTH="26" VPOS="2658" HPOS="1675"/><String ID="p674_w1103" CONTENT="the" HPOS="1701" VPOS="2658" WIDTH="56" HEIGHT="75" STYLEREFS="font0"/><SP WIDTH="27" VPOS="2658" HPOS="1757"/><String ID="p674_w1104" CONTENT="degree" HPOS="1784" VPOS="2658" WIDTH="116" HEIGHT="75" STYLEREFS="font0"/><SP WIDTH="22" VPOS="2658" HPOS="1900"/><String ID="p674_w1105" CONTENT="of" HPOS="1922" VPOS="2658" WIDTH="39" HEIGHT="75" STYLEREFS="font0"/><SP WIDTH="24" VPOS="2658" HPOS="1961"/><String ID="p674_w1106" CONTENT="evaporation;" HPOS="1985" VPOS="2658" WIDTH="228" HEIGHT="75" STYLEREFS="font0"/><SP WIDTH="33" VPOS="2658" HPOS="2213"/><String ID="p674_w1107" CONTENT="and" HPOS="2246" VPOS="2658" WIDTH="65" HEIGHT="75" STYLEREFS="font0"/></TextLine><TextLine WIDTH="1033" HEIGHT="75" ID="p674_t115" HPOS="1277" VPOS="2705"><String ID="p674_w1108" CONTENT="therefore" HPOS="1277" VPOS="2705" WIDTH="162" HEIGHT="75" STYLEREFS="font0"/><SP WIDTH="16" VPOS="2705" HPOS="1439"/><String ID="p674_w1109" CONTENT="the" HPOS="1455" VPOS="2705" WIDTH="56" HEIGHT="75" STYLEREFS="font0"/><SP WIDTH="17" VPOS="2705" HPOS="1511"/><String ID="p674_w1110" CONTENT="former" HPOS="1528" VPOS="2705" WIDTH="120" HEIGHT="75" STYLEREFS="font0"/><SP WIDTH="17" VPOS="2705" HPOS="1648"/><String ID="p674_w1111" CONTENT="cannot" HPOS="1665" VPOS="2705" WIDTH="118" HEIGHT="75" STYLEREFS="font0"/><SP WIDTH="15" VPOS="2705" HPOS="1783"/><String ID="p674_w1112" CONTENT="be" HPOS="1798" VPOS="2705" WIDTH="40" HEIGHT="75" STYLEREFS="font0"/><SP WIDTH="12" VPOS="2705" HPOS="1838"/><String ID="p674_w1113" CONTENT="owing" HPOS="1850" VPOS="2705" WIDTH="105" HEIGHT="75" STYLEREFS="font0"/><SP WIDTH="15" VPOS="2705" HPOS="1955"/><String ID="p674_w1114" CONTENT="to" HPOS="1970" VPOS="2705" WIDTH="36" HEIGHT="75" STYLEREFS="font0"/><SP WIDTH="12" VPOS="2705" HPOS="2006"/><String ID="p674_w1115" CONTENT="the" HPOS="2018" VPOS="2705" WIDTH="56" HEIGHT="75" STYLEREFS="font0"/><SP WIDTH="15" VPOS="2705" HPOS="2074"/><String ID="p674_w1116" CONTENT="latter." HPOS="2089" VPOS="2705" WIDTH="108" HEIGHT="75" STYLEREFS="font0"/><SP WIDTH="24" VPOS="2705" HPOS="2197"/><String ID="p674_w1117" CONTENT="This" HPOS="2221" VPOS="2705" WIDTH="89" HEIGHT="75" STYLEREFS="font0"/></TextLine><TextLine WIDTH="1031" HEIGHT="75" ID="p674_t116" HPOS="1277" VPOS="2752"><String ID="p674_w1118" CONTENT="obje&amp;ion" HPOS="1277" VPOS="2752" WIDTH="159" HEIGHT="75" STYLEREFS="font0"/><SP WIDTH="28" VPOS="2752" HPOS="1436"/><String ID="p674_w1119" CONTENT="vani/hes," HPOS="1464" VPOS="2752" WIDTH="154" HEIGHT="75" STYLEREFS="font0"/><SP WIDTH="36" VPOS="2752" HPOS="1618"/><String ID="p674_w1120" CONTENT="when" HPOS="1654" VPOS="2752" WIDTH="95" HEIGHT="75" STYLEREFS="font0"/><SP WIDTH="22" VPOS="2752" HPOS="1749"/><String ID="p674_w1121" CONTENT="we" HPOS="1771" VPOS="2752" WIDTH="49" HEIGHT="75" STYLEREFS="font0"/><SP WIDTH="28" VPOS="2752" HPOS="1820"/><String ID="p674_w1122" CONTENT="confider," HPOS="1848" VPOS="2752" WIDTH="153" HEIGHT="75" STYLEREFS="font0"/><SP WIDTH="39" VPOS="2752" HPOS="2001"/><String ID="p674_w1123" CONTENT="that" HPOS="2040" VPOS="2752" WIDTH="69" HEIGHT="75" STYLEREFS="font0"/><SP WIDTH="25" VPOS="2752" HPOS="2109"/><String ID="p674_w1124" CONTENT="the" HPOS="2134" VPOS="2752" WIDTH="55" HEIGHT="75" STYLEREFS="font0"/><SP WIDTH="29" VPOS="2752" HPOS="2189"/><String ID="p674_w1125" CONTENT="cloth" HPOS="2218" VPOS="2752" WIDTH="90" HEIGHT="75" STYLEREFS="font0"/></TextLine><TextLine WIDTH="1031" HEIGHT="75" ID="p674_t117" HPOS="1277" VPOS="2798"><String ID="p674_w1126" CONTENT="which" HPOS="1277" VPOS="2798" WIDTH="105" HEIGHT="75" STYLEREFS="font0"/><SP WIDTH="26" VPOS="2798" HPOS="1382"/><String ID="p674_w1127" CONTENT="comes" HPOS="1408" VPOS="2798" WIDTH="105" HEIGHT="75" STYLEREFS="font0"/><SP WIDTH="25" VPOS="2798" HPOS="1513"/><String ID="p674_w1128" CONTENT="firft" HPOS="1538" VPOS="2798" WIDTH="64" HEIGHT="75" STYLEREFS="font0"/><SP WIDTH="16" VPOS="2798" HPOS="1602"/><String ID="p674_w1129" CONTENT="into" HPOS="1618" VPOS="2798" WIDTH="68" HEIGHT="75" STYLEREFS="font0"/><SP WIDTH="17" VPOS="2798" HPOS="1686"/><String ID="p674_w1130" CONTENT="the" HPOS="1703" VPOS="2798" WIDTH="55" HEIGHT="75" STYLEREFS="font0"/><SP WIDTH="27" VPOS="2798" HPOS="1758"/><String ID="p674_w1131" CONTENT="bleachfield," HPOS="1785" VPOS="2798" WIDTH="203" HEIGHT="75" STYLEREFS="font0"/><SP WIDTH="24" VPOS="2798" HPOS="1988"/><String ID="p674_w1132" CONTENT="in" HPOS="2012" VPOS="2798" WIDTH="31" HEIGHT="75" STYLEREFS="font0"/><SP WIDTH="23" VPOS="2798" HPOS="2043"/><String ID="p674_w1133" CONTENT="the" HPOS="2066" VPOS="2798" WIDTH="55" HEIGHT="75" STYLEREFS="font0"/><SP WIDTH="17" VPOS="2798" HPOS="2121"/><String ID="p674_w1134" CONTENT="fpring," HPOS="2138" VPOS="2798" WIDTH="118" HEIGHT="75" STYLEREFS="font0"/><SP WIDTH="25" VPOS="2798" HPOS="2256"/><String ID="p674_w1135" CONTENT="is" HPOS="2281" VPOS="2798" WIDTH="27" HEIGHT="75" STYLEREFS="font0"/></TextLine><TextLine WIDTH="1031" HEIGHT="75" ID="p674_t118" HPOS="1279" VPOS="2846"><String ID="p674_w1136" CONTENT="clofely" HPOS="1279" VPOS="2846" WIDTH="116" HEIGHT="75" STYLEREFS="font0"/><SP WIDTH="18" VPOS="2846" HPOS="1395"/><String ID="p674_w1137" CONTENT="attended," HPOS="1413" VPOS="2846" WIDTH="164" HEIGHT="75" STYLEREFS="font0"/><SP WIDTH="24" VPOS="2846" HPOS="1577"/><String ID="p674_w1138" CONTENT="having" HPOS="1601" VPOS="2846" WIDTH="118" HEIGHT="75" STYLEREFS="font0"/><SP WIDTH="16" VPOS="2846" HPOS="1719"/><String ID="p674_w1139" CONTENT="no" HPOS="1735" VPOS="2846" WIDTH="42" HEIGHT="75" STYLEREFS="font0"/><SP WIDTH="17" VPOS="2846" HPOS="1777"/><String ID="p674_w1140" CONTENT="other" HPOS="1794" VPOS="2846" WIDTH="92" HEIGHT="75" STYLEREFS="font0"/><SP WIDTH="21" VPOS="2846" HPOS="1886"/><String ID="p674_w1141" CONTENT="to" HPOS="1907" VPOS="2846" WIDTH="35" HEIGHT="75" STYLEREFS="font0"/><SP WIDTH="16" VPOS="2846" HPOS="1942"/><String ID="p674_w1142" CONTENT="interfere" HPOS="1958" VPOS="2846" WIDTH="149" HEIGHT="75" STYLEREFS="font0"/><SP WIDTH="18" VPOS="2846" HPOS="2107"/><String ID="p674_w1143" CONTENT="with" HPOS="2125" VPOS="2846" WIDTH="78" HEIGHT="75" STYLEREFS="font0"/><SP WIDTH="17" VPOS="2846" HPOS="2203"/><String ID="p674_w1144" CONTENT="it" HPOS="2220" VPOS="2846" WIDTH="25" HEIGHT="75" STYLEREFS="font0"/><SP WIDTH="12" VPOS="2846" HPOS="2245"/><String ID="p674_w1145" CONTENT="for" HPOS="2257" VPOS="2846" WIDTH="53" HEIGHT="75" STYLEREFS="font0"/></TextLine><TextLine WIDTH="1030" HEIGHT="75" ID="p674_t119" HPOS="1277" VPOS="2892"><String ID="p674_w1146" CONTENT="fome" HPOS="1277" VPOS="2892" WIDTH="84" HEIGHT="75" STYLEREFS="font0"/><SP WIDTH="14" VPOS="2892" HPOS="1361"/><String ID="p674_w1147" CONTENT="time" HPOS="1375" VPOS="2892" WIDTH="76" HEIGHT="75" STYLEREFS="font0"/><SP WIDTH="12" VPOS="2892" HPOS="1451"/><String ID="p674_w1148" CONTENT=";" HPOS="1463" VPOS="2892" WIDTH="9" HEIGHT="75" STYLEREFS="font0"/><SP WIDTH="16" VPOS="2892" HPOS="1472"/><String ID="p674_w1149" CONTENT="and," HPOS="1488" VPOS="2892" WIDTH="74" HEIGHT="75" STYLEREFS="font0"/><SP WIDTH="14" VPOS="2892" HPOS="1562"/><String ID="p674_w1150" CONTENT="as" HPOS="1576" VPOS="2892" WIDTH="33" HEIGHT="75" STYLEREFS="font0"/><SP WIDTH="10" VPOS="2892" HPOS="1609"/><String ID="p674_w1151" CONTENT="it" HPOS="1619" VPOS="2892" WIDTH="25" HEIGHT="75" STYLEREFS="font0"/><SP WIDTH="10" VPOS="2892" HPOS="1644"/><String ID="p674_w1152" CONTENT="is" HPOS="1654" VPOS="2892" WIDTH="26" HEIGHT="75" STYLEREFS="font0"/><SP WIDTH="13" VPOS="2892" HPOS="1680"/><String ID="p674_w1153" CONTENT="the" HPOS="1693" VPOS="2892" WIDTH="55" HEIGHT="75" STYLEREFS="font0"/><SP WIDTH="10" VPOS="2892" HPOS="1748"/><String ID="p674_w1154" CONTENT="whittft," HPOS="1758" VPOS="2892" WIDTH="135" HEIGHT="75" STYLEREFS="font0"/><SP WIDTH="13" VPOS="2892" HPOS="1893"/><String ID="p674_w1155" CONTENT="gets," HPOS="1906" VPOS="2892" WIDTH="88" HEIGHT="75" STYLEREFS="font0"/><SP WIDTH="13" VPOS="2892" HPOS="1994"/><String ID="p674_w1156" CONTENT="in" HPOS="2007" VPOS="2892" WIDTH="32" HEIGHT="75" STYLEREFS="font0"/><SP WIDTH="9" VPOS="2892" HPOS="2039"/><String ID="p674_w1157" CONTENT="the" HPOS="2048" VPOS="2892" WIDTH="56" HEIGHT="75" STYLEREFS="font0"/><SP WIDTH="12" VPOS="2892" HPOS="2104"/><String ID="p674_w1158" CONTENT="after" HPOS="2116" VPOS="2892" WIDTH="83" HEIGHT="75" STYLEREFS="font0"/><SP WIDTH="9" VPOS="2892" HPOS="2199"/><String ID="p674_w1159" CONTENT="buck-" HPOS="2208" VPOS="2892" WIDTH="99" HEIGHT="75" STYLEREFS="font0"/></TextLine><TextLine WIDTH="1040" HEIGHT="75" ID="p674_t120" HPOS="1276" VPOS="2939"><String ID="p674_w1160" CONTENT="ings," HPOS="1276" VPOS="2939" WIDTH="81" HEIGHT="75" STYLEREFS="font0"/><SP WIDTH="19" VPOS="2939" HPOS="1357"/><String ID="p674_w1161" CONTENT="the" HPOS="1376" VPOS="2939" WIDTH="56" HEIGHT="75" STYLEREFS="font0"/><SP WIDTH="12" VPOS="2939" HPOS="1432"/><String ID="p674_w1162" CONTENT="firft" HPOS="1444" VPOS="2939" WIDTH="65" HEIGHT="75" STYLEREFS="font0"/><SP WIDTH="12" VPOS="2939" HPOS="1509"/><String ID="p674_w1163" CONTENT="of" HPOS="1521" VPOS="2939" WIDTH="41" HEIGHT="75" STYLEREFS="font0"/><SP WIDTH="10" VPOS="2939" HPOS="1562"/><String ID="p674_w1164" CONTENT="the" HPOS="1572" VPOS="2939" WIDTH="55" HEIGHT="75" STYLEREFS="font0"/><SP WIDTH="16" VPOS="2939" HPOS="1627"/><String ID="p674_w1165" CONTENT="lye;" HPOS="1643" VPOS="2939" WIDTH="73" HEIGHT="75" STYLEREFS="font0"/><SP WIDTH="27" VPOS="2939" HPOS="1716"/><String ID="p674_w1166" CONTENT="while" HPOS="1743" VPOS="2939" WIDTH="96" HEIGHT="75" STYLEREFS="font0"/><SP WIDTH="17" VPOS="2939" HPOS="1839"/><String ID="p674_w1167" CONTENT="the" HPOS="1856" VPOS="2939" WIDTH="56" HEIGHT="75" STYLEREFS="font0"/><SP WIDTH="16" VPOS="2939" HPOS="1912"/><String ID="p674_w1168" CONTENT="fecond" HPOS="1928" VPOS="2939" WIDTH="116" HEIGHT="75" STYLEREFS="font0"/><SP WIDTH="16" VPOS="2939" HPOS="2044"/><String ID="p674_w1169" CONTENT="parcel" HPOS="2060" VPOS="2939" WIDTH="104" HEIGHT="75" STYLEREFS="font0"/><SP WIDTH="13" VPOS="2939" HPOS="2164"/><String ID="p674_w1170" CONTENT="isoften," HPOS="2177" VPOS="2939" WIDTH="139" HEIGHT="75" STYLEREFS="font0"/></TextLine><TextLine WIDTH="1029" HEIGHT="75" ID="p674_t121" HPOS="1277" VPOS="2985"><String ID="p674_w1171" CONTENT="bucked" HPOS="1277" VPOS="2985" WIDTH="123" HEIGHT="75" STYLEREFS="font0"/><SP WIDTH="18" VPOS="2985" HPOS="1400"/><String ID="p674_w1172" CONTENT="with" HPOS="1418" VPOS="2985" WIDTH="78" HEIGHT="75" STYLEREFS="font0"/><SP WIDTH="18" VPOS="2985" HPOS="1496"/><String ID="p674_w1173" CONTENT="what" HPOS="1514" VPOS="2985" WIDTH="85" HEIGHT="75" STYLEREFS="font0"/><SP WIDTH="18" VPOS="2985" HPOS="1599"/><String ID="p674_w1174" CONTENT="has" HPOS="1617" VPOS="2985" WIDTH="55" HEIGHT="75" STYLEREFS="font0"/><SP WIDTH="18" VPOS="2985" HPOS="1672"/><String ID="p674_w1175" CONTENT="been" HPOS="1690" VPOS="2985" WIDTH="79" HEIGHT="75" STYLEREFS="font0"/><SP WIDTH="16" VPOS="2985" HPOS="1769"/><String ID="p674_w1176" CONTENT="ufed" HPOS="1785" VPOS="2985" WIDTH="76" HEIGHT="75" STYLEREFS="font0"/><SP WIDTH="16" VPOS="2985" HPOS="1861"/><String ID="p674_w1177" CONTENT="to" HPOS="1877" VPOS="2985" WIDTH="34" HEIGHT="75" STYLEREFS="font0"/><SP WIDTH="18" VPOS="2985" HPOS="1911"/><String ID="p674_w1178" CONTENT="the" HPOS="1929" VPOS="2985" WIDTH="55" HEIGHT="75" STYLEREFS="font0"/><SP WIDTH="19" VPOS="2985" HPOS="1984"/><String ID="p674_w1179" CONTENT="firft." HPOS="2003" VPOS="2985" WIDTH="76" HEIGHT="75" STYLEREFS="font0"/><SP WIDTH="48" VPOS="2985" HPOS="2079"/><String ID="p674_w1180" CONTENT="Were" HPOS="2127" VPOS="2985" WIDTH="103" HEIGHT="75" STYLEREFS="font0"/><SP WIDTH="21" VPOS="2985" HPOS="2230"/><String ID="p674_w1181" CONTENT="the" HPOS="2251" VPOS="2985" WIDTH="55" HEIGHT="75" STYLEREFS="font0"/></TextLine><TextLine WIDTH="1032" HEIGHT="75" ID="p674_t122" HPOS="1274" VPOS="3034"><String ID="p674_w1182" CONTENT="fa&lt;ft" HPOS="1274" VPOS="3034" WIDTH="68" HEIGHT="75" STYLEREFS="font0"/><SP WIDTH="12" VPOS="3034" HPOS="1342"/><String ID="p674_w1183" CONTENT="true," HPOS="1354" VPOS="3034" WIDTH="88" HEIGHT="75" STYLEREFS="font0"/><SP WIDTH="20" VPOS="3034" HPOS="1442"/><String ID="p674_w1184" CONTENT="on" HPOS="1462" VPOS="3034" WIDTH="42" HEIGHT="75" STYLEREFS="font0"/><SP WIDTH="17" VPOS="3034" HPOS="1504"/><String ID="p674_w1185" CONTENT="which" HPOS="1521" VPOS="3034" WIDTH="106" HEIGHT="75" STYLEREFS="font0"/><SP WIDTH="18" VPOS="3034" HPOS="1627"/><String ID="p674_w1186" CONTENT="the" HPOS="1645" VPOS="3034" WIDTH="55" HEIGHT="75" STYLEREFS="font0"/><SP WIDTH="16" VPOS="3034" HPOS="1700"/><String ID="p674_w1187" CONTENT="objedion" HPOS="1716" VPOS="3034" WIDTH="161" HEIGHT="75" STYLEREFS="font0"/><SP WIDTH="15" VPOS="3034" HPOS="1877"/><String ID="p674_w1188" CONTENT="is" HPOS="1892" VPOS="3034" WIDTH="27" HEIGHT="75" STYLEREFS="font0"/><SP WIDTH="16" VPOS="3034" HPOS="1919"/><String ID="p674_w1189" CONTENT="founded," HPOS="1935" VPOS="3034" WIDTH="155" HEIGHT="75" STYLEREFS="font0"/><SP WIDTH="27" VPOS="3034" HPOS="2090"/><String ID="p674_w1190" CONTENT="this" HPOS="2117" VPOS="3034" WIDTH="63" HEIGHT="75" STYLEREFS="font0"/><SP WIDTH="16" VPOS="3034" HPOS="2180"/><String ID="p674_w1191" CONTENT="would" HPOS="2196" VPOS="3034" WIDTH="110" HEIGHT="75" STYLEREFS="font0"/></TextLine></PrintSpace></Page></Layout></alto>