2428 3377
188 139 79 75 176

739 139 41 75 A
896 139 43 75 N
1055 139 42 75 A
1212 139 39 75 T

180 201 99 75 ridge'
279 201 94 75 gives
390 201 151 75 infertioa
559 201 34 75 to
617 201 19 75 a
652 201 88 75 (hare
755 201 41 75 of
815 201 55 75 the
895 201 168 75 cucullaris
1080 201 131 75 mufcle.

177 249 75 75 The
270 249 99 75 upper
385 249 52 75 fur
439 249 68 75 face
531 249 39 75 of
590 249 55 75 the
668 249 131 75 clavicle
821 249 76 75 here
920 249 26 75 is
972 249 76 75 fiat;
1076 249 58 75 but
1158 249 54 75 the

179 295 100 75 loy/er
295 295 26 75 is
339 295 132 75 hollow,
496 295 52 75 for
572 295 133 75 lodging
721 295 56 75 the
793 295 171 75 beginning
991 295 40 75 of
1050 295 55 75 the
1130 295 82 75 muf-

181 343 88 75 culus
287 343 199 75 fubclavius;
514 343 63 75 and
599 343 139 75 towards
763 343 41 75 its
834 343 169 75 back-part
1031 343 19 75 a
1071 343 143 75 tubercle

179 388 87 75 rifes,
293 388 33 75 to
339 388 118 75 which,
483 388 63 75 and
563 388 18 75 a
598 388 172 75 roughnefs
788 388 75 75 near
879 388 38 75 it,
943 388 56 75 the
1011 388 106 75 ftrong
1128 388 87 75 fhort

180 436 89 75 thick
284 436 153 75 ligament
454 436 185 75 connefting
658 436 62 75 this
738 436 82 75 bone
837 436 36 75 to
888 436 56 75 the
967 436 150 75 coracoid
1139 436 76 75 pro-

180 483 65 75 cefs
263 483 40 75 of
322 483 55 75 the
389 483 127 75 fcapula
533 483 26 75 is
576 483 102 75 fixed.

225 529 77 75 The
322 529 145 75 external
484 529 62 75 end
562 529 41 75 of
622 529 64 75 this
703 529 83 75 bone
803 529 27 75 is
848 529 220 75 horizontally
1086 529 130 75 oblong,

179 575 139 75 fmooth,
344 575 119 75 Hoping
481 575 32 75 at
531 575 55 75 the
602 575 154 75 polterior
774 575 76 75 fide,
877 575 63 75 and
956 575 111 75 tipped
1082 575 34 75 in
1132 575 19 75 a
1168 575 49 75 re-

179 621 72 75 cent
268 621 119 75 fubjedt
403 621 78 75 with
499 621 19 75 a
533 621 165 75 cartilage,
723 621 52 75 for
792 621 41 75 its
851 621 205 75 articulation
1072 621 78 75 with
1162 621 56 75 the

178 668 163 75 acromion
357 668 147 75 fcapulm.

227 715 76 75 The
315 715 179 75 medullary
511 715 145 75 arteries,
673 715 116 75 having
802 715 85 75 their
902 715 154 75 direction
1072 715 146 75 oblique-

180 761 34 75 ly
237 761 175 75 outwards,
437 761 90 75 enter
552 761 56 75 the
632 761 148 75 clavicles
804 761 44 75 by
871 761 60 75 one
956 761 37 75 or
1018 761 89 75 more
1130 761 90 75 fmall

181 808 139 75 paffages
336 808 33 75 in
385 808 55 75 the
456 808 121 75 middle
593 808 40 75 of
652 808 84 75 their
752 808 182 75 back-part.

228 855 77 75 The
328 855 175 75 triarigular
526 855 139 75 unequal
689 855 136 75 interior
840 855 63 75 end
918 855 41 75 of
978 855 78 75 each
1073 855 145 75 clavicle,

181 901 58 75 has
263 901 56 75 the
335 901 153 75 cartilage
514 901 101 75 above
639 901 166 75 deferibed
829 901 181 75 interpofed
1034 901 136 75 betwixt
1192 901 28 75 it

182 949 63 75 and
262 949 54 75 the
342 949 156 75 irregular
527 949 106 75 cavity
661 949 40 75 of
721 949 54 75 the
802 949 192 75 fternum.—■
994 949 130 75 —The
1140 949 79 75 liga-

182 995 117 75 ments,
324 995 105 75 which
446 995 159 75 furround
622 995 64 75 this
704 995 203 75 articulation
928 995 35 75 to
979 995 107 75 fecure
1102 995 38 75 it,
1166 995 54 75 are

182 1041 136 75 fodhort
330 1041 64 75 and
409 1041 120 75 ftrong,
554 1041 72 75 that
640 1041 86 75 little
738 1041 123 75 motion
874 1041 57 75 can
947 1041 41 75 be
1004 1041 138 75 allowed
1158 1041 62 75 any

183 1088 94 75 way;
303 1088 64 75 and
379 1088 56 75 the
451 1088 107 75 ftrong
574 1088 153 75 ligament
743 1088 72 75 that
830 1088 26 75 is
874 1088 158 75 ftretched
1044 1088 103 75 acrofs
1164 1088 56 75 the

184 1134 98 75 upper
298 1134 127 75 furcula
446 1134 40 75 of
504 1134 56 75 the
577 1134 149 75 fternum,
748 1134 88 75 from
859 1134 56 75 the
931 1134 153 75 pofterior
1101 1134 118 75 promi-

184 1180 77 75 nent
277 1180 92 75 angle
386 1180 40 75 of
444 1180 56 75 the
516 1180 62 75 one
596 1180 144 75 clavicle,
765 1180 36 75 to
818 1180 55 75 the
892 1180 84 75 fame
999 1180 90 75 place
1106 1180 40 75 of
1164 1180 56 75 the

184 1227 95 75 other
295 1227 144 75 clavicle,
464 1227 102 75 ferves
584 1227 35 75 to
634 1227 82 75 keep
738 1227 79 75 each
839 1227 40 75 of
897 1227 88 75 thefe
1010 1227 97 75 bones
1132 1227 89 75 more

185 1275 108 75 firmly
308 1275 32 75 in
357 1275 85 75 their
458 1275 103 75 place.
649 1275 53 75 By
726 1275 57 75 the
802 1275 170 75 nfliftance,
998 1275 162 75 however,
1186 1275 40 75 of

187 1321 57 75 the
267 1321 166 75 moveable
456 1321 200 75 intervening
680 1321 164 75 cartilage,
870 1321 55 75 the
944 1321 131 75 clavicle
1092 1321 71 75 can,
1189 1321 33 75 at

185 1367 65 75 this
265 1367 97 75 joint,
386 1367 41 75 be
444 1367 102 75 raifed
566 1367 38 75 or
623 1367 175 75 deprefted,
824 1367 62 75 and
901 1367 117 75 moved
1034 1367 188 75 backwards

186 1414 63 75 and
265 1414 156 75 forwards
438 1414 34 75 fo
488 1414 108 75 much,
622 1414 33 75 as
682 1414 71 75 that
775 1414 56 75 the
853 1414 147 75 external
1017 1414 74 75 end,
1116 1414 108 75 which

186 1461 27 75 is
232 1461 32 75 at
281 1461 19 75 a
314 1461 91 75 great
423 1461 137 75 diftance
573 1461 90 75 from
681 1461 70 75 that
770 1461 83 75 axis,
878 1461 111 75 enjoys
1006 1461 77 75 very
1101 1461 121 75 confpi-

189 1508 99 75 cuous
305 1508 152 75 motions.

234 1555 76 75 The
335 1555 69 75 ufes
430 1555 41 75 of
489 1555 56 75 the
568 1555 149 75 clavicles
746 1555 65 75 are,
836 1555 36 75 to
896 1555 81 75 keep
1004 1555 56 75 the
1075 1555 147 75 fcapulas,

188 1601 63 75 and
262 1601 228 75 confequently
502 1601 42 75 all
562 1601 55 75 the
633 1601 142 75 fuperior
786 1601 212 75 extremities,
1015 1601 85 75 from
1112 1601 112 75 falling

190 1647 32 75 in
235 1647 63 75 and
309 1647 142 75 forward
466 1647 84 75 upon
567 1647 55 75 the
638 1647 132 75 thorax.

237 1694 192 75 Scapula,
455 1694 38 75 or
507 1694 281 75 Jhouldcr-blade,
814 1694 27 75 is
867 1694 55 75 the
945 1694 176 75 triangular
1141 1694 83 75 bone

189 1741 136 75 fituated
343 1741 43 75 on
403 1741 55 75 the
483 1741 123 75 outfide
621 1741 40 75 of
680 1741 56 75 the
754 1741 77 75 ribs,
857 1741 80 75 with
954 1741 40 75 its
1011 1741 120 75 longeft
1147 1741 75 75 fide,

190 1787 103 75 called
309 1787 42 75 its
369 1787 82 75 bafe,
477 1787 141 75 towards
632 1787 55 75 the
698 1787 99 75 fpinal
810 1787 155 75 proceiTes
988 1787 40 75 of
1047 1787 55 75 the
1119 1787 104 75 verte-

190 1832 77 75 brae,
293 1832 63 75 and
371 1832 80 75 with
467 1832 55 75 the
546 1832 93 75 angle
664 1832 32 75 at
720 1832 56 75 the
799 1832 100 75 upper
923 1832 72 75 part
1022 1832 39 75 of
1080 1832 64 75 this
1162 1832 62 75 fide

191 1880 100 75 about
307 1880 92 75 three
414 1880 123 75 inches,
563 1880 63 75 and
643 1880 55 75 the
712 1880 102 75 lower
830 1880 92 75 angle
939 1880 32 75 at
994 1880 20 75 a
1032 1880 126 75 greater
1174 1880 50 75 di-

191 1927 105 75 ftance
313 1927 84 75 from
414 1927 88 75 thefe
517 1927 292 75 proceffes.—The
833 1927 170 75 back-part
1027 1927 41 75 of
1087 1927 55 75 the
1158 1927 66 75 fca-

192 1973 76 75 pula
283 1973 57 75 has
357 1973 135 75 nothing
504 1973 59 75 but
580 1973 55 75 the
651 1973 70 75 thin
737 1973 78 75 ends
832 1973 39 75 of
883 1973 56 75 the
949 1973 136 75 ferratus
1103 1973 123 75 anticus

191 2019 116 75 major,
339 2019 64 75 and
426 2019 228 75 fubfcapularis
678 2019 146 75 mufcles,
856 2019 145 75 between
1027 2019 27 75 it
1081 2019 64 75 and
1171 2019 55 75 the

192 2066 87 75 ribs:
307 2066 67 75 But
402 2066 34 75 as
462 2066 64 75 this
552 2066 82 75 bone
651 2066 155 75 advances
831 2066 170 75 forwards,
1025 2066 42 75 its
1090 2066 137 75 diftance

192 2112 85 75 from
289 2112 57 75 the
358 2112 64 75 ribs
435 2112 292 75 increafes.—The
738 2112 112 75 upper,
867 2112 39 75 or
914 2112 131 75 {horteft
1056 2112 77 75 fide,
1150 2112 77 75 call-

193 2159 41 75 ed
243 2159 206 75 thefuperior
458 2159 82 75 cojla
548 2159 40 75 of
592 2159 55 75 the
656 2159 138 75 fcapula,
807 2159 26 75 is
844 2159 108 75 nearly
960 2159 196 75 horizontal,
1167 2159 62 75 and

192 2205 132 75 parallel
341 2205 80 75 with
444 2205 57 75 the
523 2205 117 75 fecond
658 2205 187 75 rib.—The
860 2205 100 75 lower
976 2205 76 75 fide,
1077 2205 106 75 which
1200 2205 27 75 is

193 2252 116 75 named
325 2252 55 75 the
398 2252 140 75 inferior
553 2252 95 75 cofia,
673 2252 27 75 is
717 2252 163 75 extended
894 2252 165 75 obliquely
1075 2252 85 75 from
1173 2252 55 75 the

196 2298 88 75 third
307 2298 36 75 to
367 2298 56 75 the
448 2298 111 75 eighth
584 2298 62 75 rib.
741 2298 75 75 The
841 2298 133 75 inferior
999 2298 91 75 angle
1113 2298 41 75 of
1172 2298 56 75 the

194 2344 127 75 fcapula
335 2344 28 75 is
375 2344 78 75 very
470 2344 113 75 acute;
610 2344 135 75 and-the
756 2344 101 75 upper
868 2344 60 75 one
939 2344 27 75 is
978 2344 76 75 near
1066 2344 35 75 to
1113 2344 19 75 a
1143 2344 86 75 right

197 2391 105 75 angle.
398 2391 76 75 The
487 2391 87 75 body
590 2391 40 75 of
641 2391 64 75 this
721 2391 83 75 bone
819 2391 28 75 is
864 2391 137 75 concave
1018 2391 139 75 towards
1175 2391 55 75 the

196 2437 78 75 ribs,
301 2437 62 75 and
380 2437 125 75 convex
520 2437 132 75 behind,
677 2437 107 75 where
799 2437 27 75 it
842 2437 58 75 has
925 2437 56 75 the
996 2437 92 75 name
1105 2437 39 75 of
1156 2437 73 75 dor~

195 2484 84 75 fiim.
374 2484 112 75 Three
502 2484 154 75 procefles
673 2484 54 75 are
744 2484 164 75 generally
923 2484 162 75 reckoned
1105 2484 35 75 to
1156 2484 74 75 pro-

198 2530 79 75 ceed
291 2530 85 75 from
400 2530 55 75 the
478 2530 136 75 fcapula.
707 2530 80 75 The
811 2530 65 75 firft
898 2530 27 75 is
949 2530 63 75 the.
1029 2530 89 75 large
1144 2530 87 75 fpine

198 2577 72 75 that
286 2577 75 75 rifes
377 2577 86 75 from
478 2577 42 75 its
537 2577 125 75 convex
685 2577 122 75 furface
829 2577 133 75 behind,
987 2577 62 75 and
1063 2577 125 75 divides
1204 2577 28 75 it

196 2623 188 75 unequally.
480 2623 77 75 The
583 2623 117 75 fecond
722 2623 125 75 procefs
872 2623 104 75 ftands
1001 2623 57 75 out
1074 2623 85 75 from
1175 2623 56 75 the

199 2667 159 75 fore-part
375 2667 40 75 of
434 2667 55 75 the
506 2667 99 75 upper
622 2667 84 75 fide;
734 2667 74 75 and,
834 2667 85 75 from
935 2667 42 75 its
993 2667 177 75 imaginary
1181 2667 50 75 re-

198 2716 179 75 femblance
404 2716 35 75 to
464 2716 19 75 a
507 2716 114 75 crow’s
645 2716 93 75 beak,
762 2716 27 75 is
814 2716 115 75 named
944 2716 190 75 coracoides.

200 2763 77 75 The
293 2763 91 75 third
395 2763 124 75 procefs
536 2763 27 75 is
580 2763 56 75 the
652 2763 106 75 whole
774 2763 90 75 thick
874 2763 137 75 bulbous
1023 2763 159 75 fore-part
1197 2763 40 75 of

194 2810 64 75 •the
269 2810 96 75 bone.

248 2855 97 75 After
357 2855 74 75 thus
447 2855 128 75 naming
594 2855 55 75 the
673 2855 119 75 feveral
809 2855 189 75 conftituent
1014 2855 88 75 parts
1118 2855 41 75 of
1176 2855 56 75 the

200 2901 140 75 fcapula,
358 2901 55 75 the
429 2901 171 75 particular
616 2901 192 75 defeription
823 2901 68 75 will
903 2901 143 75 be-more
1063 2901 96 75 eafily
1173 2901 59 75 un-

199 2947 162 75 derftood.

245 2995 77 75 The
338 2995 84 75 bafe,
447 2995 106 75 which
576 2995 28 75 is
628 2995 110 75 tipped
762 2995 79 75 with
866 2995 166 75 cartilage,
1045 2995 39 75 .is
1109 2995 57 75 not
1189 2995 43 75 all

1371 138 39 75 o
1529 138 50 75 M
1695 138 52 75 Y.

2150 138 99 75 Part
2268 138 29 75 I.

1263 201 152 75 ftreight:
1454 201 79 75 For,
1559 201 101 75 above
1687 201 56 75 the
1767 201 98 75 fpine,
1889 201 27 75 it
1940 201 76 75 runs
2042 201 165 75 obliquely
2230 201 67 75 for-

1262 248 105 75 wards
1385 248 34 75 to
1436 248 55 75 the
1507 248 141 75 luperior
1664 248 113 75 angle;
1804 248 71 75 that
1899 248 77 75 here
1999 248 27 75 it
2050 248 103 75 might
2177 248 56 75 not
2258 248 40 75 be

1263 293 56 75 too
1331 293 216 75 protuberant'
1556 293 200 75 backwards,
1782 293 61 75 and
1860 293 33 75 fo
1911 293 102 75 bruife
2025 293 55 75 the
2093 293 131 75 mufcles
2237 293 62 75 and

1264 342 198 75 teguments:
1489 342 75 75 Into
1577 342 55 75 the
1645 342 130 75 oblique
1787 342 91 75 fpace
1894 342 55 75 the
1966 342 157 75 mufculus
2141 342 158 75 patientiae

1265 387 25 75 is
1307 387 150 75 inferred.
1553 387 49 75 At
1623 387 56 75 the
1707 387 73 75 root
1805 387 40 75 of
1865 387 55 75 the
1942 387 99 75 fpine,
2066 387 41 75 on
2125 387 55 75 the
2204 387 95 75 back-

1266 433 71 75 part
1350 433 40 75 of
1409 433 54 75 the
1480 433 85 75 bafe,
1591 433 18 75 a
1624 433 176 75 triangular
1817 433 85 75 plain
1919 433 121 75 furface
2057 433 26 75 is
2101 433 138 75 formed,
2257 433 43 75 by

1267 480 56 75 the
1344 480 138 75 preflure
1509 480 41 75 of
1570 480 55 75 the
1652 480 100 75 lower
1779 480 96 75 fibres
1899 480 41 75 of
1958 480 55 75 the
2029 480 175 75 trapezius.

1268 528 113 75 Below
1398 528 65 75 this
1482 528 54 75 the
1549 528 80 75 edge
1641 528 39 75 of
1692 528 55 75 the
1764 528 126 75 fcapula
1901 528 26 75 is
1944 528 146 75 fcabrous
2104 528 62 75 and
2183 528 116 75 rough,

1269 574 50 75 for
1337 574 54 75 the
1409 574 151 75 infertion
1577 574 40 75 of
1629 574 55 75 the
1701 574 136 75 ferratus
1850 574 102 75 major
1965 574 134 75 anticus,
2117 574 63 75 and
2192 574 107 75 rhom-

1268 620 76 75 boid
1361 620 145 75 mufcles.

1315 667 76 75 The
1408 667 170 75 back-part
1595 667 41 75 of
1654 667 55 75 the
1725 667 133 75 inferior
1874 667 92 75 angle
1978 667 25 75 is
2017 667 92 75 made
2120 667 126 75 fmooth
2259 667 44 75 by

1270 714 55 75 the
1342 714 160 75 latiffimus
1519 714 83 75 doth
1619 714 114 75 palling
1751 714 77 75 over
1843 714 39 75 it.
1930 714 86 75 This
2032 714 117 75 mufcle
2174 714 65 75 alfo
2255 714 45 75 al-

1269 760 64 75 ters
1352 760 54 75 the
1418 760 153 75 diredHon
1588 760 39 75 of
1639 760 56 75 the
1706 760 132 75 inferior
1849 760 96 75 cofta,
1962 760 86 75 fome
2061 760 70 75 way
2144 760 157 75 forwards

1268 807 85 75 from
1369 807 66 75 this
1452 807 112 75 angle:
1592 807 63 75 and
1670 807 34 75 fo
1720 807 46 75 fat
1784 807 26 75 it
1827 807 26 75 is
1870 807 114 75 flatted
2000 807 119 75 behind
2134 807 45 75 by
2194 807 55 75 the
2266 807 35 75 o-

1269 853 83 75 rigin
1375 853 39 75 of
1433 853 56 75 the
1513 853 84 75 teres
1622 853 115 75 major.
1833 853 50 75 As
1907 853 55 75 the
1984 853 133 75 inferior
2139 853 84 75 cofta
2246 853 56 75 ad-

1269 901 113 75 vances
1399 901 171 75 forwards,
1587 901 26 75 it
1629 901 27 75 is
1673 901 41 75 of
1724 901 212 75 confiderable
1952 901 172 75 thicknefs,
2149 901 26 75 is
2192 901 109 75 (light-

1269 947 34 75 ly
1318 947 163 75 hollowed
1498 947 62 75 and
1576 947 91 75 made
1683 947 127 75 fmooth
1827 947 118 75 behind
1961 947 43 75 by
2017 947 55 75 the
2084 947 83 75 teres
2184 947 116 75 minor,

1270 994 94 75 while
1381 994 26 75 it
1423 994 57 75 has
1498 994 18 75 a
1533 994 79 75 fofla
1627 994 126 75 formed
1767 994 68 75 into
1852 994 25 75 it
1893 994 105 75 below
2022 994 44 75 by
2090 994 72 75 part
2187 994 40 75 of
2246 994 56 75 the

1269 1041 225 75 fubfcapularis
1506 1041 10 75 ;
1544 1041 63 75 and
1622 1041 145 75 between
1785 1041 53 75 the
1855 1041 65 75 two
1937 1041 19 75 a
1967 1041 102 75 ridge,
2086 1041 79 75 with
2183 1041 18 75 a
2211 1041 91 75 fmail

1269 1087 185 75 depreffion,
1480 1087 144 75 appears^
1642 1087 105 75 where
1766 1087 54 75 the
1835 1087 113 75 longus
1965 1087 149 75 extenfor
2130 1087 99 75 ciibiti
2245 1087 57 75 has

1269 1133 41 75 its
1327 1133 116 75 origin.

1316 1181 77 75 The
1408 1181 143 75 fuperior
1566 1181 85 75 cofta
1666 1181 26 75 is
1709 1181 78 75 very
1803 1181 91 75 thin;
1921 1181 62 75 and
1995 1181 75 75 near
2085 1181 42 75 its
2144 1181 159 75 fore-part

1271 1227 89 75 there
1384 1227 27 75 is
1436 1227 18 75 a
1476 1227 169 75 femilunar
1668 1227 101 75 nitch,
1799 1227 84 75 from
1908 1227 60 75 one
1993 1227 63 75 end
2078 1227 41 75 of
2137 1227 106 75 which
2267 1227 35 75 to

1271 1273 54 75 the
1349 1273 95 75 other
1468 1273 19 75 a
1510 1273 153 75 ligament
1685 1273 27 75 is
1737 1273 181 75 ftretched;
1957 1273 63 75 and
2042 1273 181 75 fometimes
2247 1273 56 75 the

1271 1320 81 75 bone
1367 1320 27 75 is
1412 1320 183 75 continued,
1621 1320 35 75 to
1673 1320 82 75 form
1773 1320 73 75 one,
1871 1320 37 75 or
1920 1320 179 75 fometimes
2116 1320 66 75 two
2197 1320 104 75 holes,

1271 1367 51 75 for
1338 1367 56 75 the
1411 1367 122 75 paflage
1550 1367 39 75 of
1608 1367 55 75 the
1678 1367 144 75 fcapular
1844 1367 225 75 blood-veflels
2092 1367 62 75 and
2178 1367 125 75 nerves.

1271 1389 5 104 ■
1276 1415 312 75 —-—Immediately
1603 1415 120 75 behind
1738 1415 63 75 this
1818 1415 168 75 femilunar
1998 1415 198 75 cavity,.-the
2213 1415 91 75 cora-

1273 1460 155 75 co-hyoid
1443 1460 117 75 mufcle
1574 1460 59 75 has
1649 1460 41 75 its
1708 1460 70 75 rife.
1876 1460 101 75 From
1998 1460 56 75 the
2069 1460 103 75 iritch,
2197 1460 35 75 to
2248 1460 56 75 the

1272 1506 203 75 termination
1491 1506 41 75 of
1550 1506 55 75 the
1623 1506 78 75 foffa
1717 1506 51 75 for
1784 1506 56 75 the
1856 1506 83 75 teres
1957 1506 114 75 minor,
2097 1506 55 75 the
2176 1506 128 75 fcapula

1273 1553 25 75 is
1316 1553 162 75 narrower
1495 1553 77 75 than
1595 1553 62 75 any
1673 1553 107 75 where
1804 1553 76 75 elfe,
1905 1553 64 75 and
1983 1553 145 75 fupports
2146 1553 54 75 the
2217 1553 88 75 third

1273 1600 138 75 procefs.
1459 1600 87 75 This
1558 1600 71 75 part
1640 1600 56 75 has
1714 1600 55 75 the
1781 1600 91 75 name
1887 1600 41 75 of
1947 1600 120 75 cervix.

1319 1647 77 75 The
1407 1647 105 75 whole
1528 1647 127 75 dorfum
1672 1647 40 75 of
1730 1647 56 75 the
1801 1647 126 75 fcapula
1942 1647 27 75 is
1990 1647 117 75 always
2128 1647 67 75 faid
2214 1647 34 75 to
2265 1647 40 75 be

1273 1693 147 75 convex;
1447 1693 70 75 but,
1543 1693 43 75 by
1602 1693 110 75 reafon
1724 1693 40 75 of
1776 1693 56 75 the
1847 1693 102 75 raifed
1959 1693 95 75 edges
2067 1693 71 75 that
2150 1693 156 75 furround

1272 1739 38 75 it,
1335 1739 27 75 it
1378 1739 26 75 is
1421 1739 132 75 divided
1566 1739 69 75 into
1660 1739 66 75 two
1750 1739 129 75 cavities
1901 1739 45 75 by
1960 1739 56 75 the
2032 1739 98 75 fpine,
2155 1739 106 75 which
2277 1739 28 75 is

1273 1786 159 75 ftretched
1447 1786 86 75 from
1549 1786 120 75 behind
1684 1786 169 75 forwards,
1879 1786 95 75 much
1990 1786 112 75 nearer
2125 1786 36 75 to
2183 1786 55 75 the
2253 1786 52 75 fu-

1273 1832 106 75 perior
1402 1832 78 75 than
1504 1832 35 75 to
1566 1832 55 75 the
1643 1832 135 75 inferior
1800 1832 102 75 cofta..
1991 1832 76 75 The
2084 1832 105 75 cavity
2205 1832 100 75 above

1273 1878 56 75 the
1352 1878 87 75 fpine
1453 1878 27 75 is
1498 1878 137 75 concave
1657 1878 108 75 where
1789 1878 55 75 the
1869 1878 246 75 fupra-fpinatus
2138 1878 116 75 mufcle
2277 1878 28 75 is

1274 1924 119 75 lodged
1406 1924 10 75 ;
1441 1924 97 75 while
1555 1924 55 75 the
1625 1924 124 75 furface
1763 1924 41 75 of
1823 1924 63 75 this
1901 1924 85 75 bone
2010 1924 105 75 below
2134 1924 55 75 the
2205 1924 99 75 fpine,

1275 1970 40 75 on
1338 1970 108 75 which
1463 1970 55 75 the
1533 1970 239 75 infra-fpinatus
1789 1970 117 75 mufcle
1922 1970 27 75 is
1965 1970 124 75 placed,
2114 1970 27 75 is
2166 1970 137 75 convex,

1275 2016 115 75 except
1407 2016 19 75 a
1441 2016 79 75 fofla
1535 2016 71 75 that
1621 2016 75 75 runs
1714 2016 33 75 at
1760 2016 59 75 the
1836 2016 62 75 fide
1914 2016 41 75 of
1972 2016 57 75 the
2049 2016 134 75 inferior
2207 2016 96 75 cofta.

1321 2063 77 75 The
1410 2063 134 75 internal
1555 2063 39 75 or
1609 2063 140 75 anterior
1763 2063 124 75 furface
1898 2063 41 75 of
1957 2063 65 75 this
2037 2063 83 75 bone
2131 2063 27 75 is
2170 2063 133 75 hollow,

1276 2109 115 75 except
1407 2109 33 75 in
1456 2109 55 75 the
1522 2109 72 75 part
1609 2109 101 75 above
1726 2109 55 75 the
1796 2109 99 75 fpine,
1912 2109 105 75 which
2028 2109 28 75 is
2072 2109 136 75 convex.

1276 2156 76 75 The
1377 2156 227 75 fubfcapularis
1628 2156 117 75 mufcle
1762 2156 25 75 is
1805 2156 163 75 extended
1983 2156 77 75 over
2081 2156 66 75 this
2170 2156 134 75 furface,

1277 2204 106 75 where
1407 2204 26 75 it
1457 2204 101 75 forms
1583 2204 120 75 feveral
1727 2204 106 75 ridges
1856 2204 64 75 and
1943 2204 220 75 intermediate
2179 2204 127 75 depref-

1277 2250 93 75 fions,
1395 2250 182 75 commonly
1598 2250 152 75 miftaken
1773 2250 52 75 for
1849 2250 101 75 prints
1974 2250 41 75 of
2033 2250 56 75 the
2112 2250 87 75 ribs;
2229 2250 79 75 they

1277 2296 89 75 point
1382 2296 57 75 out
1456 2296 56 75 the
1528 2296 173 75 interftices
1713 2296 41 75 of
1764 2296 56 75 the
1835 2296 134 75 bundles
1986 2296 40 75 of
2040 2296 94 75 fibres
2150 2296 40 75 of
2202 2296 104 75 which

1278 2344 55 75 the
1344 2344 226 75 fubfcapularis
1582 2344 116 75 mufcle
1710 2344 27 75 is
1749 2344 180 75 coatpofed.

1326 2390 76 75 The
1417 2390 85 75 fpine
1515 2390 78 75 rifes
1608 2390 91 75 fmall
1723 2390 34 75 at
1779 2390 55 75 the
1859 2390 71 75 bafe
1946 2390 40 75 of
2005 2390 55 75 the
2081 2390 138 75 fcapula,
2244 2390 64 75 and

1278 2436 146 75 becomes
1441 2436 114 75 higher
1568 2436 65 75 and
1648 2436 137 75 broader
1796 2436 33 75 as
1846 2436 26 75 it
1888 2436 153 75 advances
2057 2436 170 75 forwards.

1281 2483 54 75 On
1351 2483 56 75 the
1422 2483 79 75 fides
1526 2483 26 75 it
1576 2483 27 75 is
1627 2483 173 75 unequally
1823 2483 161 75 hollowed
2008 2483 61 75 and
2086 2483 152 75 crooked,
2263 2483 45 75 by

1280 2529 56 75 the
1351 2529 117 75 aftions
1486 2529 41 75 of
1544 2529 55 75 the
1616 2529 147 75 adjacent
1779 2529 146 75 mufcles.
2021 2529 48 75 Its
2092 2529 90 75 ridge
2205 2529 27 75 is
2257 2529 49 75 di-

1280 2575 95 75 vided
1390 2575 69 75 into
1477 2575 66 75 two
1558 2575 103 75 rough
1677 2575 57 75 flat
1755 2575 159 75 furfaces:
1941 2575 75 75 Into
2032 2575 55 75 the
2110 2575 101 75 upper
2233 2575 74 75 one,

1280 2622 56 75 the
1358 2622 161 75 trapezius
1536 2622 118 75 mufcle
1676 2622 28 75 is
1720 2622 159 75 inferted;
1905 2622 63 75 and
1984 2622 55 75 the
2055 2622 98 75 lower
2169 2622 61 75 one
2249 2622 59 75 has

1280 2668 71 75 part
1368 2668 39 75 of
1426 2668 55 75 the
1497 2668 124 75 deltoid
1637 2668 89 75 fixed
1742 2668 34 75 to
1793 2668 36 75 it.
1908 2668 77 75 The
2002 2668 62 75 end
2080 2668 40 75 of
2138 2668 55 75 the
2209 2668 99 75 fpine,

1280 2715 105 75 called
1407 2715 175 75 acromion,
1607 2715 38 75 or
1667 2715 57 75 top
1749 2715 41 75 of
1808 2715 55 75 the
1886 2715 159 75 fhoulder,
2069 2715 27 75 is
2121 2715 101 75 broad
2246 2715 64 75 and

1280 2761 68 75 flat,
1374 2761 62 75 and
1451 2761 27 75 is
1495 2761 179 75 fometimes
1691 2761 77 75 only
1780 2761 112 75 joined
1908 2761 34 75 to
1958 2761 56 75 the
2031 2761 85 75 fpine
2132 2761 43 75 by
2199 2761 18 75 a
2239 2761 70 75 car-

1279 2808 109 75 tilage.
1476 2808 77 75 The
1585 2808 141 75 anterior
1748 2808 82 75 edge
1853 2808 41 75 of
1921 2808 57 75 the
2001 2808 161 75 acromion
2189 2808 27 75 is
2240 2808 68 75 flat,

1280 2854 138 75 fmooth,
1443 2854 63 75 and
1521 2854 138 75 covered
1674 2854 79 75 with
1772 2854 18 75 a
1806 2854 163 75 cartilage,
1987 2854 51 75 for
2049 2854 41 75 its
2108 2854 202 75 articulation

1281 2900 79 75 with
1376 2900 55 75 the
1447 2900 147 75 external
1611 2900 62 75 end
1689 2900 40 75 of
1739 2900 56 75 the
1811 2900 153 75 clavicle;
1990 2900 64 75 and
2065 2900 25 75 it
2106 2900 26 75 is
2148 2900 163 75 hollowed

1280 2947 117 75 below,
1421 2947 36 75 to
1473 2947 96 75 allow
1586 2947 19 75 a
1624 2947 122 75 paflage
1774 2947 35 75 to
1834 2947 55 75 the
1912 2947 85 75 infra
2012 2947 62 75 and
2090 2947 221 75 fupra-fpinati

1281 2994 147 75 mufcles,
1454 2994 63 75 and
1527 2994 68 75 free
1611 2994 122 75 motion
1750 2994 36 75 to
1802 2994 56 75 the
1873 2994 38 75 os
1926 2994 138 75 humeri.

2233 3039 77 75 The
