2443 3377
523 157 42 75 A
622 157 35 75 P
716 157 40 75 O

1094 157 20 75 (
1173 157 81 75 339
1312 157 19 75 )

1650 157 41 75 A
1750 157 34 75 P
1840 157 35 75 P

198 228 56 75 the
269 228 195 75 Romanifts,
488 228 26 75 it
530 228 135 75 fignifies
682 228 18 75 a
716 228 73 75 man
805 228 87 75 who,
918 228 136 75 without
1066 228 19 75 a
1101 228 82 75 legal

198 273 222 75 difpenfation,
452 273 140 75 forfakes
618 273 19 75 a
659 273 149 75 religious
837 273 96 75 order
955 273 40 75 of
1013 273 170 75 which,he

198 321 62 75 had
278 321 92 75 made
386 321 180 75 profeffion.
615 321 126 75 Hence,

151 368 261 75 APOSTATA
429 368 164 75 capiendo,
617 368 34 75 in
667 368 56 75 the
740 368 133 75 Engliftr
887 368 74 75 law,
987 368 19 75 a
1022 368 74 75 writ
1112 368 71 75 that

198 414 154 75 formerly
364 414 53 75 lay
429 414 118 75 agarnft
561 414 19 75 a
596 414 125 75 perfon,
749 414 71 75 who
835 414 117 75 having
968 414 131 75 entered
1115 414 69 75 into

197 462 85 75 fome
300 462 95 75 order
407 462 39 75 of
458 462 147 75 religion,
622 462 102 75 broke
739 462 59 75 out
813 462 103 75 again,
934 462 63 75 and
1013 462 170 75 wandered

156 508 4 75 .
197 508 43 75 up
254 508 63 75 and
328 508 96 75 down
441 508 56 75 the
514 508 149 75 country.

151 557 34 75 A
201 557 307 75 POSTERIORI,
534 557 37 75 or
587 557 247 75 demonftration
856 557 19 75 a
887 557 184 75 pojleriori.
1121 557 62 75 See

199 601 367 75 Demonstration.

151 648 319 75 APOSTHUME,
495 648 37 75 or
548 648 202 75 Apostem,
774 648 57 75 the
846 648 84 75 fame
946 648 79 75 with
1047 648 133 75 abfeefs.

201 696 60 75 See
278 696 186 75 Abscess,.
478 696 12 75 ;

151 743 222 75 APOSTIL,
399 743 31 75 in
456 743 131 75 matters
613 743 39 75 of
671 743 177 75 literature,
875 743 55 75 the
954 743 83 75 fame
1061 743 79 75 with
1164 743 20 75 a

199 789 154 75 marginal
366 789 88 75 note.

150 836 222 75 APOSTLE
391 836 148 75 properly
554 836 134 75 fignifies
706 836 19 75 a
740 836 173 75 meflenger
929 836 38 75 or
983 836 111 75 perfon
1114 836 69 75 fent

197 882 43 75 by
256 882 134 75 another
406 882 84 75 upon
508 882 85 75 fome
606 882 134 75 bufinefs
754 882 11 75 ;
792 882 64 75 and
872 882 112 75 hence,
1010 882 43 75 by
1065 882 71 75 way
1147 882 41 75 of

196 932 173 75 eminence,
399 932 133 75 denotes
556 932 61 75 one
642 932 41 75 of
701 932 56 75 the
782 932 116 75 twelve
908 932 159 75 ..difciples
1093 932 89 75 com-

195 976 159 75 inillioned
372 976 45 75 by
428 976 91 75 Jefus
538 976 106 75 Chrift
657 976 35 75 to
709 976 116 75 preach
842 976 55 75 the
909 976 121 75 gofpel.

241 1022 77 75 The
334 1022 133 75 apoftles
484 1022 53 75 are
561 1022 122 75 ufually
699 1022 202 75 reprefented
926 1022 77 75 with
1030 1022 85 75 their
1130 1022 51 75 re-

196 1070 133 75 fpeftive
341 1070 140 75 badges:
507 1070 99 75 Thus
622 1070 96 75 Peter
734 1070 26 75 is
774 1070 130 75 painted
915 1070 78 75 with
1006 1070 54 75 the
1076 1070 79 75 keys
1168 1070 11 75 ;

195 1116 95 75 Paul,
314 1116 79 75 with
420 1116 19 75 a
456 1116 126 75 fword;
614 1116 157 75 Andrew,
796 1116 80 75 with
897 1116 19 75 a
939 1116 106 75 crofs;
1073 1116 108 75 James

195 1163 55 75 the
263 1163 137 75 greater,
418 1163 79 75 with
511 1163 18 75 a
540 1163 155 75 pilgrim’s
710 1163 92 75 ftaff;
828 1163 108 75 James
949 1163 55 75 the
1015 1163 72 75 lefs,
1100 1163 81 75 with

196 1210 20 75 a
230 1210 124 75 fuller’s
371 1210 94 75 pole;
492 1210 100 75 John,
617 1210 79 75 with
713 1210 18 75 a
747 1210 62 75 cup
826 1210 63 75 and
906 1210 126 75 winged
1054 1210 126 75 ferpent

194 1256 100 75 flying
310 1256 57 75 out
383 1256 39 75 of
441 1256 48 75 it;
516 1256 255 75 Bartholomew,
795 1256 78 75 with
890 1256 18 75 a
920 1256 111 75 knife;
1057 1256 123 75 Philip,

193 1304 80 75 with
297 1304 18 75 a
330 1304 77 75 long
419 1304 92 75 Raff,,
526 1304 60 75 .the
610 1304 100 75 upper
734 1304 63 75 end
821 1304 41 75 of
879 1304 107 75 which
1010 1304 28 75 is
1054 1304 127 75 formed

195 1350 69 75 into
281 1350 18 75 a
315 1350 84 75 crofs
414 1350 10 75 ;
450 1350 159 75 Thomas,
635 1350 78 75 with
732 1350 17 75 a
764 1350 92 75 lance
868 1350 10 75 ;
906 1350 175 75 Matthew,
1100 1350 78 75 with

195 1396 19 75 a
229 1396 153 75 hatchet;
408 1396 173 75 Matthias,
605 1396 81 75 with
702 1396 18 75 a
730 1396 200 75 battle-axe;
958 1396 126 75 Simon,
1100 1396 79 75 with

196 1443 18 75 a
230 1443 60 75 faw
303 1443 11 75 ;
340 1443 63 75 and
420 1443 97 75 Jude,
542 1443 80 75 with
639 1443 18 75 a
673 1443 87 75 club.

149 1490 373 75 APOSTLES.trrmk
572 1490 62 75 See
646 1490 147 75 Creed.

148 1536 209 75 Apostles
376 1536 169 75 ointment.
595 1536 62 75 See
674 1536 231 75 Ointment.

148 1584 307 75 APOSTOLICI,
481 1584 39 75 an
544 1584 86 75 early
655 1584 62 75 fed
742 1584 40 75 of
802 1584 188 75 Chriltians,
1015 1584 75 75 who
1107 1584 72 75 pre-

194 1630 118 75 tended
328 1630 35 75 to
379 1630 73 75 lead
467 1630 85 75 their
567 1630 79 75 lives
663 1630 32 75 in
711 1630 162 75 imitation
893 1630 41 75 of
951 1630 56 75 the
1032 1630 145 75 apoftles.

194 1676 99 75 They
310 1676 199 75 condemned
524 1676 170 75 marriage.

149 1724 336 75 APOSTROPHE,
509 1724 32 75 in
559 1724 157 75 rhetoric,'
737 1724 18 75 a
770 1724 101 75 figure
887 1724 44 75 by
946 1724 106 75 which
1069 1724 56 75 the
1142 1724 35 75 o-

195 1770 100 75 rator,
319 1770 32 75 in
369 1770 18 75 a
404 1770 170 75 vehement
590 1770 207 75 commotion,
822 1770 90 75 turns
929 1770 131 75 himfelf
1079 1770 41 75 on
1137 1770 43 75 all

195 1817 91 75 fides,
312 1817 62 75 and
390 1817 120 75 applies
526 1817 36 75 to
578 1817 55 75 the
649 1817 99 75 living
760 1817 62 75 and
833 1817 94 75 dead,
944 1817 35 75 to
996 1817 108 75 angels
1117 1817 63 75 and

195 1863 35 75 to
245 1863 85 75 men,
355 1863 35 75 to
407 1863 106 75 rocks,
537 1863 127 75 groves,
690 1863 65 75 ebc.
802 1863 97 75 Thus
909 1863 121 75 Adam,
1048 1863 32 75 in
1097 1863 82 75 Mil-

194 1910 84 75 ton’s
296 1910 147 75 Paradife
460 1910 91 75 Loft,

242 1957 26 75 0
283 1957 119 75 woods,
428 1957 27 75 0
470 1957 191 75 fountains,
679 1957 143 75 hillocks,
840 1957 101 75 dales,
959 1957 71 75 and
1041 1957 136 75 bowers.

239 2003 85 75 With
341 2003 89 75 other
447 2003 83 75 echo,
545 1985 10 49 r
555 2003 62 75 &c.

145 2049 276 75 Apostrophe,
447 2049 31 75 in
497 2049 169 75 gramrttar,
693 2049 56 75 the
772 2049 195 75 contraftion
991 2049 42 75 of
1051 2049 19 75 a
1085 2049 93 75 word

190 2095 43 75 by
256 2095 55 75 the
327 2095 54 75 ufe
397 2095 39 75 of
455 2095 20 75 a
491 2095 145 75 comma;
663 2095 34 75 as
714 2095 107 75 call'd
834 2095 51 75 for
901 2095 117 75 called,
1043 2095 64 75 tho'
1124 2095 59 75 for

194 2141 127 75 though.

146 2188 358 75 APOTACTITES,
528 2188 33 75 in
578 2188 268 75 church-hiftory,
872 2188 18 75 a
906 2188 91 75 name
1023 2188 90 75 given
1138 2188 39 75 to

192 2234 56 75 the
264 2234 192 75 Apoftolici,
472 2234 83 75 from
572 2234 56 75 the
644 2234 83 75 fhew
738 2234 77 75 they
828 2234 92 75 made
932 2234 39 75 of
982 2234 205 75 renouncing,

191 2279 56 75 the
263 2279 103 75 world
382 2279 88 75 more
486 2279 77 75 than
581 2279 93 75 other
690 2279 87 75 men.
827 2279 61 75 See
912 2279 261 75 Apostolici.

146 2326 343 75 APOTHECARY,
506 2326 474 75 onewbopradifestheartof
990 2326 185 75 pharmacy.

145 2373 317 75 APOTHEOSIS,
487 2373 32 75 in
537 2373 172 75 antiquity,
727 2373 18 75 a
760 2373 170 75 ceremony
941 2373 45 75 by
998 2373 104 75 which
1119 2373 57 75 the

192 2418 124 75 ancient
326 2418 144 75 Romans
482 2418 247 75 complimented
742 2418 83 75 their
837 2418 160 75 emperors
1010 2418 165 75 and-great

191 2466 85 75 men,
302 2466 82 75 after
400 2466 84 75 their
500 2466 114 75 death,
635 2466 78 75 with
727 2466 18 75 a
764 2466 89 75 place
870 2466 115 75 among
1001 2466 54 75 the
1079 2466 95 75 gods.

190 2512 33 75 It
238 2512 26 75 is
283 2512 163 75 deferibed
464 2512 32 75 as
510 2512 139 75 follows.
698 2512 100 75 After
808 2512 56 75 the
881 2512 86 75 body
985 2512 41 75 of
1044 2512 55 75 the
1116 2512 57 75 de-

189 2558 111 75 ocafed
314 2558 65 75 had
395 2558 80 75 been
490 2558 97 75 burnt
608 2558 78 75 with
710 2558 56 75 the
788 2558 89 75 ufual
900 2558 204 75 folemnities-,
1130 2558 40 75 an

190 2605 102 75 image
309 2605 40 75 of
368 2605 85 75 wax,
476 2605 128 75 exadly
619 2605 188 75 refembling
817 2605 79 75 him,
921 2605 65 75 was
999 2605 113 75 placed
1127 2605 43 75 on

189 2652 39 75 an
240 2652 93 75 ivory
344 2652 114 75 couch,
471 2652 110 75 where
588 2652 27 75 it
626 2652 52 75 lay
691 2652 51 75 for
754 2652 91 75 feven
857 2652 90 75 days,
963 2652 152 75 attended
1127 2652 44 75 by

189 2700 56 75 the
261 2700 107 75 fenate
385 2700 61 75 and
461 2700 99 75 ladies
577 2700 39 75 of
633 2700 55 75 the
704 2700 76 75 high
784 2700 44 75 eft
843 2700 124 75 quality
982 2700 30 75 in
1039 2700 129 75 mourn-

188 2745 55 75 ing
254 2745 10 75 ;
290 2745 63 75 and
364 2745 75 75 then
456 2745 56 75 the
525 2745 106 75 young
641 2745 140 75 ftnators
798 2745 61 75 and
874 2745 131 75 knights
1016 2745 77 75 bore
1110 2745 59 75 the

189 2791 63 75 bed
274 2791 40 75 of
332 2791 80 75 ftate
426 2791 140 75 through
583 2791 55 75 the
654 2791 52 75 via
726 2791 88 75 facra
836 2791 35 75 to
895 2791 55 75 the
973 2791 54 75 old
1050 2791 118 75 for-um,

189 2838 63 75 and
268 2838 84 75 from
368 2838 115 75 thence
499 2838 37 75 to
551 2838 63 75 the.
622 2838 129 75 campus
767 2838 144 75 martius.
938 2838 108 75 where
1059 2838 26 75 it
1104 2838 66 75 was

188 2883 162 75 depofited
366 2883 83 75 upon
467 2883 38 75 an
521 2883 111 75 edifice
647 2883 83 75 built
744 2883 34 75 in
802 2883 84 75 form
910 2883 40 75 of
969 2883 21 75 a
1009 2883 160 75 pyramid.

188 2930 77 75 The
281 2930 61 75 bed
359 2930 95 75 being
466 2930 75 75 thus
557 2930 113 75 placed
685 2930 111 75 amidft
812 2930 19 75 a
847 2930 148 75 quantity
1012 2930 40 75 of
1070 2930 99 75 fpices

189 2977 63 75 and
267 2977 93 75 other
382 2977 244 75 combuftibles,.
639 2977 62 75 and
717 2977 56 75 the
789 2977 131 75 knights
943 2977 117 75 having
1076 2977 92 75 made

188 3024 20 75 a
223 3024 118 75 folemn
364 3024 168 75 proceffion
549 3024 105 75 round
667 3024 55 75 the
738 3024 74 75 pile,
839 3024 55 75 the
918 3024 70 75 new
1011 3024 156 75 emperor,

188 3072 78 75 with
283 3072 20 75 a
317 3072 93 75 torch
425 3072 33 75 in
469 3072 50 75 his
536 3072 98 75 hand,
650 3072 46 75 let
708 3072 57 75 fire
782 3072 34 75 to
831 3072 38 75 it,
896 3072 100 75 wbilft
1009 3072 39 75 ah
1064 3072 102 75 eagle.

1283 223 45 75 let
1344 223 44 75 fly
1403 223 87 75 from
1506 223 56 75 the
1578 223 57 75 top
1652 223 41 75 of
1710 223 55 75 the
1783 223 156 75 building,
1965 223 64 75 and
2052 223 166 75 mounting
2234 223 44 75 ins

1282 270 54 75 the
1353 270 46 75 air
1415 270 79 75 with
1511 270 18 75 a
1552 270 169 75 firebrand,
1746 270 64 75 was
1836 270 153 75 fuppofed
2012 270 35 75 to
2072 270 123 75 convey
2210 270 58 75 the

1278 317 67 75 foul
1357 317 40 75 of
1415 317 55 75 the
1487 317 152 75 deceafed
1655 317 35 75 to
1705 317 141 75 heaven;
1874 317 62 75 and
1952 317 257 75 thenceforward
2224 317 44 75 he

1280 364 64 75 was
1361 364 120 75 ranked
1497 364 115 75 among
1625 364 54 75 the
1695 364 95 75 gods.

1230 411 252 75 APOTOME,
1507 411 32 75 in
1556 411 178 75 geometry,
1760 411 56 75 the
1832 411 173 75 difference
2031 411 145 75 between
2198 411 67 75 two

1277 457 303 75 incommenfurable
1597 457 92 75 lines.

1232 505 206 75 Apotome,
1462 505 31 75 in
1517 505 110 75 mufic,
1651 505 55 75 the
1731 505 174 75 difference
1929 505 145 75 between
2098 505 19 75 a
2138 505 127 75 greater

1279 552 60 75 and
1355 552 91 75 lefler
1463 552 186 75 femi-tone,
1663 552 164 75 expreffed
1838 552 44 75 by
1894 552 55 75 the
1961 552 82 75 ratio
2065 552 88 75 128:
2184 552 77 75 125.

1231 599 213 75 APOZEM,
1468 599 31 75 in
1516 599 170 75 medicine,
1704 599 55 75 the
1775 599 83 75 fame
1874 599 79 75 with
1970 599 178 75 decodtion.
2201 599 63 75 See

1279 645 255 75 Decoction.

1228 693 310 75 APPARATUS,,
1558 693 19 75 a
1587 693 82 75 term
1684 693 76 75 ufed
1777 693 35 75 to
1828 693 117 75 denote
1961 693 18 75 a
1995 693 158 75 complete
2169 693 45 75 fet
2227 693 42 75 of

1279 738 213 75 inftruments,
1518 738 37 75 or
1578 738 94 75 other
1689 738 137 75 utenfils,
1851 738 171 75 belonging
2038 738 35 75 to
2097 738 62 75 any
2176 738 89 75 artift

1278 785 36 75 or
1331 785 145 75 machine
1487 785 17 75 r
1524 785 74 75 thus
1615 785 48 75 we
1679 785 54 75 fay
1746 785 17 75 a
1779 785 162 75 furgeon’s
1954 785 182 75 apparatus.

1231 833 275 75 APPARENT,
1531 833 33 75 in
1582 833 19 75 a
1615 833 128 75 general
1763 833 97 75 fenfe,
1885 833 181 75 fomething
2081 833 72 75 that
2171 833 28 75 is
2214 833 49 75 vi-

1277 879 75 75 fible
1368 879 35 75 to
1415 879 56 75 the
1487 879 88 75 eyes,
1601 879 37 75 or
1651 879 134 75 obvious
1803 879 34 75 to
1854 879 56 75 the
1922 879 258 75 underftahding.

1229 926 222 75 Apparent,
1477 926 116 75 among
1606 926 273 75 mathematicians
1892 926 63 75 and
1967 926 222 75 aftronomers,
2206 926 56 75 de-

1277 974 90 75 notes
1384 974 107 75 things
1508 974 34 75 as
1560 974 79 75 they
1661 974 115 75 appear
1798 974 35 75 to
1850 974 49 75 us,
1924 974 32 75 in
1974 974 290 75 contradiftindlion

1276 1021 85 75 from
1373 1021 66 75 real
1455 1021 38 75 or
1508 1021 92 75 true:
1628 1021 74 75 thus
1719 1021 49 75 we
1780 1021 67 75 fay,
1864 1021 56 75 the
1932 1021 151 75 apparent
2094 1021 168 75 diameter,

1276 1067 149 75 diftance,
1450 1067 197 75 magnitude,
1672 1067 102 75 place,
1800 1067 113 75 figure,
1941 1067 65 75 he.
2033 1067 43 75 of
2090 1067 125 75 bodies.

1229 1114 209 75 Apparent
1448 1114 5 75 .
1572 1114 37 75 in,
1629 1114 95 75 Scots
1748 1114 75 75 law,
1853 1114 56 75 the
1931 1114 113 75 perfon
2068 1114 136 75 entitled
2229 1114 35 75 to

1275 1160 131 75 fucceed
1421 1160 37 75 to
1474 1160 55 75 the
1541 1160 96 75 eftate
1653 1160 41 75 of
1706 1160 18 75 a
1739 1160 143 75 defundf,
1899 1160 110 75 fiefore
2025 1160 41 75 he
2082 1160 27 75 is
2127 1160 138 75 adlually

1275 1207 143 75 entered.
1468 1207 65 75 See
1547 1207 125 75 Scots
1691 1207 106 75 Law,
1821 1207 86 75 title,
1932 1207 171 75 Succejfion
2123 1207 36 75 in
2176 1207 86 75 heri-

1276 1255 86 75 table
1379 1255 119 75 rights.

1227 1303 312 75 APPARITION,
1563 1303 32 75 in
1614 1303 17 75 a
1648 1303 128 75 general
1800 1303 96 75 fenfe,
1923 1303 132 75 denotes
2074 1303 112 75 fimply
2206 1303 57 75 the

1274 1349 194 75 appearance
1486 1349 40 75 of
1545 1349 18 75 a
1579 1349 105 75 thing.
1734 1349 39 75 In
1792 1349 18 75 a
1826 1349 88 75 more
1930 1349 124 75 limited
2070 1349 98 75 fenfe,
2192 1349 26 75 it
2234 1349 27 75 is

1274 1395 75 75 ufed
1367 1395 51 75 for
1435 1395 18 75 a
1469 1395 118 75 fpedixe
1604 1395 37 75 or
1658 1395 105 75 ghoft.

1226 1443 293 75 APPARITOR,
1545 1443 115 75 among
1677 1443 55 75 the
1748 1443 157 75 Romans,
1932 1443 18 75 a
1974 1443 128 75 general
2126 1443 81 75 term
2225 1443 50 75 to-

1275 1489 214 75 comprehend
1513 1489 43 75 all
1580 1489 181 75 attendants
1787 1489 40 75 of
1842 1489 118 75 Judges
1985 1489 62 75 and
2067 1489 195 75 magiftrates

1273 1535 171 75 appointed
1466 1535 36 75 to
1524 1535 123 75 receive
1672 1535 63 75 and
1757 1535 136 75 execute
1916 1535 84 75 their
2015 1535 122 75 orders.
2189 1535 72 75 Ap-

1274 1582 134 75 paritor,
1438 1582 37 75 in
1498 1582 163 75 England,
1690 1582 26 75 is
1743 1582 19 75 a
1784 1582 172 75 meffenger
1980 1582 71 75 that
2075 1582 103 75 ferves
2203 1582 58 75 the

1274 1630 125 75 procefs
1424 1630 41 75 of
1483 1630 19 75 a
1523 1630 142 75 fpiritual
1683 1630 105 75 court,
1813 1630 37 75 or
1866 1630 21 75 a
1901 1630 111 75 beadle
2028 1630 33 75 in
2079 1630 38 75 an
2134 1630 126 75 univer-

1274 1675 58 75 fity
1348 1675 74 75 who
1439 1675 116 75 carries
1572 1675 56 75 the
1644 1675 101 75 mace.

1228 1723 277 75 APPARURA,
1527 1723 119 75 among,
1669 1723 56 75 old
1751 1723 218 75 law-writers,
1994 1723 133 75 fignifies
2156 1723 103 75 furni-

1274 1769 71 75 ture
1362 1769 37 75 or
1415 1769 116 75 tackle,
1557 1769 206 75 particularly
1779 1769 70 75 that
1865 1769 171 75 belonging
2047 1769 35 75 to
2095 1769 18 75 a
2124 1769 136 75 plough.

1224 1817 280 75 APPAUMEE,
1528 1817 36 75 in
1577 1817 164 75 heraldry,
1766 1817 211 75 denotes-one
1995 1817 86 75 hand
2098 1817 164 75 extended

1272 1863 80 75 with
1368 1863 55 75 the
1443 1863 61 75 full
1519 1863 86 75 palm
1623 1863 186 75 appearing,
1832 1863 63 75 and
1918 1863 56 75 the
1992 1863 113 75 thumb
2121 1863 63 75 and
2199 1863 58 75 fin-

1273 1910 74 75 ger£
1361 1910 32 75 at
1409 1910 60 75 full
1488 1910 126 75 length.

1224 1959 203 75 APPEAL,
1452 1959 31 75 in
1500 1959 75 75 law,
1600 1959 64 75 the'
1664 1959 151 75 removal
1842 1959 40 75 of
1902 1959 18 75 a
1942 1959 89 75 caufe
2051 1959 85 75 from
2153 1959 40 75 an
2208 1959 48 75 in-

1271 2003 99 75 ferior
1397 2003 35 75 to
1460 2003 19 75 a
1505 2003 143 75 fuperior
1675 2003 92 75 court
1794 2003 38 75 or
1848 2003 113 75 judge,
1986 2003 93 75 when
2102 2003 19 75 a
2143 2003 114 75 perfon

1271 2050 108 75 thinks
1399 2050 132 75 himfelf
1544 2050 168 75 aggrieved
1728 2050 43 75 by
1787 2050 57 75 the
1865 2050 146 75 fentence
2028 2050 40 75 of
2079 2050 55 75 the
2146 2050 108 75 inferi-

1271 2098 38 75 or
1321 2098 115 75 judge.
1484 2098 143 75 Appeals
1643 2098 42 75 lie
1701 2098 86 75 from
1802 2098 43 75 all
1862 2098 56 75 the
1934 2098 151 75 ordinary
2101 2098 108 75 courts
2222 2098 47 75 of

1268 2144 111 75 juftice
1395 2144 35 75 to
1447 2144 55 75 the
1519 2144 109 75 Houfe
1641 2144 42 75 of
1691 2144 123 75 Lords.
1854 2144 38 75 In
1907 2144 217 75 ecclefiaftical
2136 2144 136 75 canfes,.

1271 2190 30 75 if
1313 2190 39 75 an
1370 2190 109 75 appeal
1495 2190 27 75 is
1540 2190 138 75 brought
1695 2190 114 75 before
1829 2190 18 75 a
1864 2190 123 75 bithop,
2009 2190 27 75 it
2059 2190 74 75 may
2149 2190 39 75 be
2204 2190 51 75 re-

1271 2238 118 75 moved
1403 2238 36 75 to
1456 2238 54 75 the
1526 2238 208 75 archbilhop;
1760 2238 32 75 if
1804 2238 110 75 before
1930 2238 38 75 an
1985 2238 209 75 archdeacon,
2218 2238 36 75 to

1270 2283 55 75 the
1337 2283 91 75 court
1444 2283 41 75 of
1497 2283 123 75 arches,
1646 2283 62 75 and
1724 2283 114 75 thence
1849 2283 37 75 to
1897 2283 55 75 the
1963 2283 205 75 archbilhop;
2191 2283 64 75 and

1268 2330 83 75 from
1368 2330 56 75 the
1447 2330 213 75 archbilhop’s
1677 2330 104 75 court,
1806 2330 36 75 to
1857 2330 56 75 the
1928 2330 77 75 king
2026 2330 32 75 in
2082 2330 170 75 chancery.

1222 2377 151 75 Appeal
1393 2377 43 75 of
1446 2377 114 75 snaim,
1585 2377 7 75 \
1592 2377 20 75 %
1629 2377 55 75 the
1701 2377 142 75 accufing
1864 2377 67 75 one.
1949 2377 70 75 that
2035 2377 58 75 has
2116 2377 139 75 maimed

1268 2423 160 75 another..

1220 2471 338 75 APPEARANCE,
1582 2471 33 75 in
1643 2471 19 75 a
1688 2471 127 75 general
1832 2471 97 75 fenfe,
1953 2471 55 75 the
2024 2471 144 75 exterior
2184 2471 67 75 fur-

1266 2516 69 75 face
1352 2516 40 75 of
1401 2516 22 75 a
1437 2516 103 75 thing,
1567 2516 126 75 or-that
1708 2516 106 75 which
1830 2516 216 75 immediately
2061 2516 112 75 ftrikes
2195 2516 56 75 the

1263 2563 114 75 fenfes.

1217 2611 338 75 APPEARANCE,
1581 2611 31 75 in
1632 2611 74 75 law,
1730 2611 132 75 fignifies
1880 2611 18 75 a
1909 2611 201 75 defendant’s
2126 2611 93 75 filing

1265 2656 148 75 common
1429 2656 38 75 or
1482 2656 113 75 fpecial
1607 2656 76 75 bail,
1708 2656 43 75 on
1768 2656 62 75 any
1846 2656 124 75 procefs
1986 2656 99 75 iffued
2104 2656 57 75 out
2177 2656 40 75 of
2230 2656 20 75 a

1264 2702 92 75 court
1374 2702 42 75 of
1423 2702 193 75 judicature.

1214 2752 306 75 APPELLANT,
1533 2752 33 75 in
1578 2752 18 75 a
1608 2752 129 75 general
1749 2752 99 75 fenfe,
1861 2752 60 75 one
1933 2752 80 75 who
2020 2752 139 75 appeals.
2185 2752 62 75 See

1265 2797 165 75 Appeal.

1215 2846 331 75 APPELLANTS,
1565 2846 32 75 in
1610 2846 269 75 church-hiftory,
1894 2846 41 75 an
1949 2846 191 75 appellation
2151 2846 97 75 given

1263 2889 34 75 to
1313 2889 76 75 fuch
1405 2889 41 75 of
1457 2889 56 75 the
1528 2889 140 75 catholic
1683 2889 121 75 clergy,
1822 2889 34 75 as
1873 2889 109 75 appeal
1999 2889 86 75 from
2096 2889 56 75 the
2168 2889 76 75 con-

1263 2937 141 75 ftitution
1421 2937 192 75 unigenitus,
1629 2937 36 75 to
1682 2937 18 75 a
1716 2937 126 75 general
1859 2937 138 75 council.

1214 2987 357 75 APPELLATIVE.
1618 2987 126 75 Words
1761 2987 68 75 and.
1842 2987 106 75 names
1966 2987 53 75 are
2039 2987 103 75 either
2158 2987 87 75 com-

1262 3030 72 75 mon
1352 3030 37 75 or
1405 3030 127 75 proper.
1582 3030 158 75 Common
1757 3030 108 75 names
1882 3030 52 75 are
1946 3030 76 75 fuch
2039 3030 32 75 as
2089 3030 89 75 llapd
2192 3030 54 75 for

1219 3078 3 75 .
1260 3078 155 75 univerfal
1432 3078 153 75 ideas,_or
1602 3078 19 75 a
1636 3078 106 75 whole
1754 3078 79 75 rank
1845 3078 39 75 of
1892 3078 125 75 beings,
2035 3078 145 75 whether
2191 3078 54 75 ge-

2161 3136 105 75 neiaii
