2396 3377
478 109 229 75 ALL

1055 109 20 75 (
1139 109 73 75 I2i

107 146 5 104 ■
112 172 144 75 Covered
266 172 151 75 AhhtY,
442 172 72 75 that
528 172 80 75 over
624 172 107 75 which
746 172 57 75 the
827 172 155 75 branches
1006 172 42 75 of
1065 172 85 75 trees

160 219 151 75 meeting,
336 219 85 75 form
433 219 19 75 a
466 219 107 75 (hade.

113 267 135 75 Alley
266 267 43 75 of
322 267 244 75 compartment,
589 267 72 75 that
677 267 108 75 which
801 267 125 75 divides
942 267 57 75 the
1020 267 128 75 fquares

161 313 40 75 of
219 313 19 75 a
255 313 153 75 parterre.
459 313 61 75 See
536 313 226 75 Parterre.

112 360 150 75 Alley,
287 360 115 75 among
418 360 153 75 builders,
596 360 134 75 denotes
747 360 19 75 a
776 360 128 75 narrow
920 360 123 75 pafiage
1060 360 89 75 lead-

159 407 55 75 ing
229 407 86 75 from
330 407 61 75 one
408 407 88 75 place
512 407 36 75 to
560 407 135 75 another

111 453 152 75 Alley,
287 453 33 75 in
336 453 203 75 perfpe&ive,
565 453 70 75 that
652 453 119 75 which,
795 453 34 75 in
852 453 98 75 order
972 453 39 75 to
1032 453 82 75 have
1131 453 19 75 a

159 499 128 75 greater
303 499 198 75 appearance
508 499 41 75 of
566 499 125 75 length,
716 499 27 75 is
756 499 92 75 made
861 499 100 75 wider
977 499 34 75 at
1022 499 56 75 the
1093 499 56 75 en-

159 546 110 75 trance
281 546 77 75 than
372 546 33 75 at
421 546 55 75 the
489 546 203 75 termination

112 593 267 75 ALLIANCE,
403 593 33 75 in
453 593 55 75 the
528 593 74 75 civil
626 593 64 75 and
706 593 101 75 canon
831 593 75 75 law,
932 593 58 75 the
1012 593 139 75 relation

159 641 184 75 contradted
366 641 146 75 between
535 641 67 75 two
625 641 129 75 perfons
782 641 38 75 or
843 641 67 75 two
941 641 138 75 families
1107 641 45 75 by

159 687 170 75 marriage.

113 734 205 75 Alliance
337 734 28 75 is
383 734 65 75 alfo
464 734 77 75 ufed
552 734 52 75 for
620 734 19 75 a
654 734 108 75 treaty
776 734 132 75 entered
920 734 69 75 into
1004 734 46 75 by
1060 734 90 75 fove-

161 780 88 75 reign
274 780 124 75 princes
423 780 64 75 and
510 780 108 75 hates,
642 780 54 75 for
720 780 86 75 their
829 780 124 75 mutual
968 780 104 75 fafety
1088 780 66 75 and

161 828 146 75 defence.

1276 108 18 75 )

1642 108 228 75 ALL

1293 173 38 75 In
1359 173 64 75 this
1451 173 98 75 fenfe,
1574 173 150 75 alliances
1751 173 74 75 may
1846 173 42 75 be
1914 173 224 75 diftinguiihed
2163 173 70 75 into

1245 220 75 75 fuch
1337 220 33 75 as
1386 220 53 75 are
1456 220 161 75 offenfive,
1642 220 153 75 whereby
1815 220 55 75 the
1895 220 197 75 contra&ing
2114 220 119 75 parties

1245 268 106 75 oblige
1373 268 189 75 themfelves
1575 268 123 75 jointly
1713 268 35 75 to
1765 268 109 75 attack
1889 268 85 75 fome
1989 268 94 75 other
2099 268 131 75 power;

1244 314 63 75 and
1323 314 68 75 into
1407 314 156 75 defenlive
1580 314 90 75 ones,
1695 314 152 75 whereby
1863 314 77 75 they
1955 314 77 75 bind
2043 314 188 75 themfelves

1244 360 36 75 to
1296 360 89 75 hand
1399 360 45 75 by
1460 360 62 75 and
1533 360 121 75 defend
1669 360 78 75 each
1759 360 105 75 other,
1889 360 33 75 in
1937 360 69 75 cafe
2022 360 80 75 they
2112 360 119 75 are*at-

1245 408 116 75 tacked
1376 408 43 75 by
1430 408 123 75 others.

1198 458 219 75 Alliance,
1440 458 35 75 in
1492 458 18 75 a
1526 458 167 75 figurative
1708 458 99 75 fenfe,
1832 458 27 75 is
1882 458 127 75 applied
2023 458 36 75 to
2075 458 63 75 any
2152 458 80 75 kind

1246 501 40 75 of
1304 501 96 75 union
1417 501 38 75 or
1470 501 206 75 conneftion:
1704 501 75 75 thus
1795 501 49 75 we
1863 501 67 75 fay,
1955 501 91 75 there
2061 501 28 75 is
2106 501 39 75 an
2161 501 70 75 alli-

1246 548 75 75 ance
1339 548 144 75 between
1500 548 55 75 the
1571 548 121 75 church
1708 548 63 75 and
1785 548 91 75 hate.

1198 601 257 75 ALLIGATI,
1479 601 32 75 in
1535 601 129 75 Roman
1688 601 173 75 antiquity,
1892 601 57 75 the
1973 601 100 75 bafefl:
2095 601 79 75 kind
2196 601 42 75 of

1246 641 109 75 (laves,
1380 641 75 75 who
1469 641 87 75 were
1571 641 123 75 ufually
1710 641 76 75 kept
1809 641 152 75 fettered.
2009 641 62 75 See
2089 641 143 75 Slave.

1198 689 198 75 ALLIER,
1421 689 19 75 a
1456 689 85 75 river
1552 689 41 75 of
1611 689 135 75 France,
1763 689 118 75 which,
1906 689 110 75 arifing
2032 689 30 75 in
2081 689 151 75 Langue-

1247 735 74 75 doc,
1347 735 115 75 waters
1480 735 72 75 part
1568 735 40 75 of
1617 735 175 75 Auvergne
1816 735 63 75 and
1903 735 239 75 Bourbonnois,
2168 735 64 75 and

1248 783 73 75 falls
1337 783 69 75 into
1422 783 184 75 theJLoire,
1629 783 20 75 a
1663 783 85 75 little
1760 783 105 75 below
1879 783 141 75 Nevers.

533 1057 1261 75 ALLIGATION,

137 1220 37 75 A
195 1220 291 75 LLIGATION,
510 1220 57 75 the
589 1220 92 75 name
704 1220 42 75 of
765 1220 19 75 a
810 1220 135 75 method
971 1220 41 75 of
1029 1220 124 75 folving

221 1263 41 75 all
287 1263 159 75 queftions
463 1263 71 75 that
550 1263 100 75 relate
673 1263 36 75 to
725 1263 56 75 the
803 1263 140 75 mixture
967 1263 41 75 of
1026 1263 62 75 one
1104 1263 47 75 in-

116 1310 145 75 gredient
286 1310 78 75 with
390 1310 144 75 another.
582 1310 145 75 Though
751 1310 125 75 writers
901 1310 41 75 on
970 1310 183 75 arithmetic

115 1356 164 75 generally
295 1356 93 75 make
405 1356 166 75 alligation
587 1356 19 75 a
629 1356 120 75 branch
765 1356 41 75 of
825 1356 70 75 that
911 1356 144 75 fcience;
1082 1356 68 75 yet,

115 1403 34 75 as
166 1403 25 75 it
214 1403 28 75 is
259 1403 122 75 plainly
405 1403 133 75 nothing
561 1403 89 75 more
673 1403 78 75 than
775 1403 40 75 an
831 1403 191 75 application
1038 1403 41 75 of
1097 1403 55 75 the

113 1449 149 75 common
280 1449 176 75 properties
473 1449 39 75 of
532 1449 161 75 numbers,
718 1449 33 75 in
767 1449 96 75 order
879 1449 35 75 to
938 1449 86 75 folve
1048 1449 19 75 a
1088 1449 64 75 few

112 1495 162 75 queftions
297 1495 71 75 that
384 1495 97 75 occur
508 1495 32 75 in
564 1495 173 75 particular
761 1495 153 75 branches
943 1495 41 75 of
1002 1495 149 75 bufinefs,

117 1543 49 75 we
190 1543 95 75 chufe
309 1543 110 75 rather
443 1543 35 75 to
501 1543 80 75 keep
603 1543 28 75 it
653 1543 124 75 diftind
799 1543 87 75 from
908 1543 56 75 the
980 1543 121 75 fcience
1117 1543 41 75 of

115 1589 194 75 arithmetic.

162 1637 180 75 Alligation
363 1637 27 75 is
415 1637 164 75 generally
600 1637 132 75 divided
756 1637 68 75 into
845 1637 124 75 medial
988 1637 38 75 or
1049 1637 104 75 alter-

116 1683 89 75 nate.

352 1778 29 75 I.
430 1778 258 75 Alligation
731 1778 177 75 Medial.

160 1851 181 75 Alligation
358 1851 130 75 medial,
506 1851 87 75 from
605 1851 56 75 the
678 1851 85 75 rates
780 1851 62 75 and
854 1851 174 75 quantities
1045 1851 40 75 of
1097 1851 55 75 the

116 1895 124 75 ftmples
256 1895 107 75 given,
391 1895 160 75 difcovers
568 1895 55 75 the
634 1895 68 75 rate
719 1895 40 75 of
778 1895 56 75 the
851 1895 155 75 mixture.

160 1980 125 75 Rule.
336 1980 49 75 As
397 1980 57 75 the
470 1980 82 75 total
566 1980 149 75 quantity
730 1980 42 75 of
790 1980 56 75 the
862 1980 137 75 fimples.

335 2027 58 75 To
408 2027 86 75 their
507 2027 89 75 price
612 2027 37 75 or
665 2027 93 75 value
772 2027 11 75 ;

338 2075 47 75 So
401 2075 63 75 any
480 2075 151 75 quantity
646 2075 43 75 of
706 2075 57 75 the
774 2075 155 75 mixture.

335 2121 56 75 To
408 2121 55 75 the
481 2121 81 75 rate.

1201 1213 78 75 each
1305 1213 39 75 an
1367 1213 95 75 equal
1487 1213 161 75 quantity,
1678 1213 70 75 viz.
1773 1213 35 75 at
1834 1213 44 75 50
1894 1213 29 75 s.
1948 1213 33 75 at
2006 1213 42 75 yq
2062 1213 29 75 s.
2116 1213 63 75 and
2199 1213 36 75 at

1202 1261 45 75 60
1259 1261 29 75 s.
1299 1261 61 75 per
1377 1261 30 75 C
1407 1243 40 49 wt
1447 1261 14 75 .
1486 1261 55 75 the
1558 1261 68 75 rate
1642 1261 40 75 of
1693 1261 56 75 the
1761 1261 141 75 mixture
1919 1261 67 75 will
2002 1261 40 75 be
2061 1261 44 75 54
2116 1261 29 75 s.
2164 1261 19 75 8
2197 1261 35 75 d.

1194 1309 109 75 /(?rC
1303 1291 39 49 wt
1342 1309 37 75 .;
1405 1309 65 75 for,

1883 1357 29 75 /.
1959 1357 29 75 s.
2045 1357 35 75 d.

1361 1410 359 75 5°+J4+6o—164,
1745 1392 61 49 and
1825 1410 176 75 3)164(54
2049 1410 21 75 8

1226 1475 6 75 .
1248 1475 88 75 Note
1353 1475 33 75 2.
1436 1475 38 75 If
1492 1475 26 75 it
1534 1475 40 75 be
1591 1475 151 75 required
1758 1475 36 75 to
1810 1475 138 75 increafe
1965 1475 38 75 or
2019 1475 143 75 diminifti
2179 1475 56 75 the

1201 1521 148 75 quantity
1365 1521 41 75 of
1424 1521 56 75 the
1502 1521 154 75 mixture,
1680 1521 66 75 fay.
1771 1521 50 75 As
1844 1521 56 75 the
1922 1521 68 75 fum
2013 1521 40 75 of
2071 1521 55 75 the
2142 1521 94 75 given

1201 1568 171 75 quantities
1389 1568 41 75 of
1441 1568 55 75 the
1512 1568 137 75 fimples,
1674 1568 36 75 to
1727 1568 54 75 the
1797 1568 120 75 feveral
1929 1568 172 75 quantities
2117 1568 116 75 given;

1200 1615 34 75 fo
1251 1615 55 75 the
1323 1615 149 75 quantity
1488 1615 41 75 of
1546 1615 56 75 the
1627 1615 141 75 mixture
1790 1615 168 75 propofed,
1984 1615 35 75 to
2036 1615 55 75 the
2108 1615 127 75 quanti-

1200 1662 61 75 ties
1278 1662 41 75 of
1336 1662 56 75 the
1407 1662 124 75 fimples
1547 1662 128 75 fought.

1249 1709 88 75 Note
1361 1709 32 75 3.
1443 1709 39 75 If
1499 1709 26 75 it
1549 1709 39 75 be
1614 1709 149 75 required
1791 1709 36 75 to
1853 1709 96 75 know
1975 1709 76 75 how
2076 1709 97 75 much
2200 1709 42 75 of

1197 1755 81 75 each
1295 1755 107 75 (imple
1418 1755 26 75 is
1458 1755 33 75 in
1507 1755 40 75 an
1564 1755 135 75 alligned
1715 1755 128 75 portion
1859 1755 41 75 of
1918 1755 55 75 the
1989 1755 152 75 mixture,
2167 1755 67 75 fay.

1199 1803 49 75 As
1266 1803 55 75 the
1337 1803 150 75 quantity
1503 1803 41 75 of
1562 1803 56 75 the
1630 1803 153 75 mixture,
1809 1803 35 75 td
1861 1803 54 75 the
1927 1803 120 75 feveral
2063 1803 173 75 quantities

1200 1850 40 75 of
1249 1850 57 75 the
1323 1850 123 75 fimples
1464 1850 92 75 given
1569 1850 11 75 ;
1606 1850 33 75 fo
1656 1850 56 75 the
1729 1850 149 75 quantity
1893 1850 40 75 of
1944 1850 55 75 the
2016 1850 135 75 alligned
2161 1850 74 75 por-

1202 1897 81 75 tion,
1307 1897 37 75 to
1359 1897 55 75 the
1431 1897 172 75 quantities
1618 1897 42 75 of
1671 1897 62 75 .the
1749 1897 122 75 (imples
1887 1897 128 75 fought.
2062 1897 110 75 Thus,

1253 1942 140 75 Suppofe
1405 1942 19 75 a
1440 1942 114 75 grocer
1569 1942 103 75 mixes
1694 1942 42 75 10
1754 1942 46 75 lb.
1821 1942 41 75 of
1879 1942 120 75 raifms,
2024 1942 80 75 with
2124 1942 43 75 30
2185 1942 49 75 lb.

1202 1990 40 75 of
1260 1990 156 75 almonds,
1442 1990 63 75 and
1522 1990 44 75 46
1585 1990 48 75 lb.
1652 1990 40 75 of
1711 1990 157 75 currants,
1894 1990 63 75 and
1972 1990 27 75 it
2021 1990 40 75 be
2082 1990 152 75 demand-

1202 2037 51 75 ed,
1279 2037 75 75 how
1378 2037 95 75 many
1495 2037 116 75 Ounces
1638 2037 41 75 of
1695 2037 79 75 each
1798 2037 66 75 fort
1889 2037 54 75 are
1967 2037 104 75 found
2088 2037 35 75 in
2139 2037 97 75 every

1199 2084 121 75 pound,
1346 2084 38 75 or
1399 2084 34 75 in
1445 2084 97 75 every
1557 2084 122 75 fixteen
1695 2084 116 75 ounces
1829 2084 41 75 of
1887 2084 56 75 the
1959 2084 153 75 mixture,
2135 2084 67 75 fay.

160 2193 154 75 Examp.
371 2193 33 75 A
428 2193 115 75 grocer
568 2193 126 75 mixeth
722 2193 43 75 30
789 2193 48 75 lb.
863 2193 42 75 of
928 2193 159 75 currants,
1118 2193 34 75 at

112 2240 65 75 4d.
195 2240 63 75 per
275 2240 48 75 lb.
350 2240 79 75 with
456 2240 41 75 10
526 2240 49 75 lb.
594 2240 42 75 of
654 2240 94 75 other
764 2240 159 75 currants,
949 2240 33 75 at
1005 2240 66 75 6A.
1089 2240 64 75 per

115 2284 35 75 lb
164 2316 8 49 :
206 2284 106 75 What
328 2284 27 75 is
371 2284 57 75 the
443 2284 94 75 value
553 2284 41 75 of
616 2284 15 75 1
652 2284 49 75 lb.
725 2284 41 75 of
784 2284 56 75 the
861 2284 154 75 mixture.
1065 2284 85 75 Anf.

114 2337 91 75 4Td.

204 2413 46 75 lb.
346 2413 33 75 d.

648 2413 36 75 d.

208 2456 58 75 30,
290 2456 33 75 at
348 2456 21 75 4
393 2456 146 75 amounts
556 2456 36 75 to
636 2456 66 75 120

210 2504 56 75 ro,
291 2504 34 75 at
348 2504 22 75 6

513 2504 71 75 ——
657 2504 47 75 60

204 2604 47 75 4°

640 2604 66 75 180

308 2671 45 75 lb.
376 2671 6 75 .
441 2671 34 75 d.
579 2671 45 75 lb.
689 2671 33 75 d.

251 2720 39 75 If
309 2720 46 75 40
387 2720 10 75 :
434 2720 66 75 180
528 2720 37 75 ::
596 2720 14 75 1
647 2720 10 75 :
690 2720 43 75 4J

161 2789 88 75 Note
273 2789 33 75 1.
354 2789 113 75 When
491 2789 56 75 the
572 2789 150 75 quantity
744 2789 41 75 of
810 2789 78 75 each
912 2789 108 75 (imple
1043 2789 28 75 is
1095 2789 57 75 the

113 2835 95 75 fame,
232 2835 57 75 the
306 2835 68 75 rate
389 2835 42 75 of
448 2835 57 75 the
521 2835 140 75 mixture
674 2835 28 75 is
718 2835 123 75 readily
857 2835 101 75 found
975 2835 44 75 by
1031 2835 119 75 adding

112 2880 56 75 the
191 2880 84 75 rates
292 2880 40 75 of
351 2880 55 75 the
422 2880 137 75 (imples,
584 2880 65 75 and
671 2880 145 75 dividing
841 2880 84 75 their
948 2880 70 75 fum
1033 2880 45 75 by
1094 2880 56 75 the

112 2928 132 75 number
260 2928 40 75 of
317 2928 137 75 fimples,
479 2928 89 75 thus.

159 2976 142 75 Suppofe
317 2976 19 75 a
351 2976 115 75 grocer
482 2976 106 75 mixes
610 2976 120 75 feveral
746 2976 81 75 forts
843 2976 43 75 of
903 2976 106 75 fugar,
1036 2976 63 75 and
1111 2976 44 75 of

201 3024 98 75 Vol.
316 3024 30 75 I.
370 3024 73 75 No.
464 3024 36 75 6,

1021 3024 20 75 3

1342 2206 45 75 80
1413 2206 10 75 :
1454 2206 42 75 10
1522 2206 10 75 :
1550 2206 9 75 :
1592 2206 40 75 16
1660 2206 9 75 :
1699 2206 18 75 2
1744 2206 120 75 raifins.

1344 2252 45 75 80
1416 2252 10 75 :
1454 2252 45 75 30
1525 2252 9 75 :
1551 2252 10 75 :
1592 2252 41 75 16
1661 2252 9 75 :
1699 2252 21 75 6
1746 2252 157 75 almonds.

1343 2296 46 75 80
1415 2296 10 75 :
1453 2296 46 75 40
1527 2296 9 75 :
1554 2296 9 75 :
1595 2296 41 75 16
1664 2296 9 75 :
1701 2296 20 75 8
1747 2296 157 75 currants.

1546 2390 106 75 Proof
1673 2390 43 75 16

1247 2463 89 75 Note
1360 2463 35 75 4.
1444 2463 38 75 If
1501 2463 55 75 the
1573 2463 83 75 rates
1673 2463 41 75 of
1731 2463 67 75 two
1813 2463 137 75 fimples,
1974 2463 80 75 with
2079 2463 56 75 the
2150 2463 83 75 total

1198 2509 93 75 value
1315 2509 63 75 and
1402 2509 82 75 total
1508 2509 149 75 quantity
1680 2509 40 75 of
1738 2509 56 75 the
1816 2509 143 75 mixture
1982 2509 40 75 be
2046 2509 105 75 given,
2176 2509 58 75 the

1197 2555 150 75 quantity
1363 2555 42 75 of
1422 2555 78 75 each
1525 2555 106 75 fimple
1654 2555 74 75 may
1749 2555 41 75 be
1814 2555 103 75 found
1940 2555 34 75 as
1996 2555 140 75 follows,
2161 2555 71 75 viz.

1197 2601 150 75 multiply
1371 2601 55 75 the
1451 2601 90 75 lefler
1566 2601 66 75 rate
1657 2601 68 75 into
1741 2601 55 75 the
1812 2601 81 75 total
1909 2601 159 75 quantity,
2093 2601 140 75 fubtradt

1198 2648 55 75 the
1269 2648 135 75 produft
1421 2648 83 75 from
1520 2648 56 75 the
1593 2648 81 75 total
1687 2648 103 75 value,
1816 2648 61 75 and
1895 2648 55 75 the
1972 2648 179 75 remainder
2166 2648 67 75 will

1198 2695 39 75 be
1255 2695 95 75 equal
1366 2695 34 75 to
1417 2695 56 75 the
1488 2695 133 75 produdt
1637 2695 41 75 of
1696 2695 55 75 the
1767 2695 108 75 excefs
1897 2695 41 75 of
1956 2695 56 75 the
2031 2695 115 75 higher
2162 2695 70 75 rate

1200 2742 101 75 above
1317 2742 55 75 the
1384 2742 111 75 lower,
1512 2742 180 75 multiplied
1703 2742 68 75 into
1783 2742 56 75 the
1850 2742 150 75 quantity
2015 2742 40 75 of
2066 2742 55 75 the
2137 2742 94 75 high-

1200 2789 160 75 er-priced
1386 2789 127 75 fimple;
1540 2789 62 75 and
1627 2789 227 75 confequently
1877 2789 57 75 the
1957 2789 66 75 faid
2040 2789 190 75 remainder,

1198 2836 128 75 divided
1350 2836 44 75 by
1417 2836 56 75 the
1497 2836 173 75 difference
1696 2836 41 75 of
1753 2836 57 75 the
1834 2836 97 75 rates,
1961 2836 67 75 will
2050 2836 102 75 quote
2174 2836 57 75 the

1196 2882 67 75 faid
1278 2882 160 75 quantity.
1486 2882 108 75 Thus,

1246 2932 140 75 Suppofe
1402 2932 19 75 a
1437 2932 114 75 grocer
1564 2932 58 75 has
1635 2932 18 75 a
1665 2932 141 75 mixture
1816 2932 41 75 of
1875 2932 68 75 400
1958 2932 35 75 lb
2010 2932 132 75 weight,
2159 2932 72 75 that

1198 2978 62 75 coft
1277 2978 68 75 him
1372 2978 17 75 7
1403 2978 25 75 1.
1459 2978 41 75 10
1513 2978 28 75 s.
1566 2978 165 75 confifting
1755 2978 41 75 of
1813 2978 120 75 raifins,
1958 2978 32 75 at
2008 2978 21 75 4
2042 2978 34 75 d.
2095 2978 62 75 per
2177 2978 50 75 lb,

1692 3035 35 75 H
1749 3035 23 75 h

2168 3035 64 75 and
