2428 3377
162 177 81 75 20(5

718 177 43 75 A
875 177 43 75 N
1035 177 41 75 A
1194 177 24 75 1

152 220 5 104 ■
157 246 86 75 from
260 246 113 75 thence
391 246 35 75 to
450 246 58 75 the
531 246 91 75 great
642 246 185 75 trochanter
850 246 39 75 of
912 246 56 75 the
992 246 36 75 os
1046 246 143 75 femoris,

159 296 121 75 behind
294 296 57 75 the
369 296 80 75 neck
465 296 40 75 of
517 296 70 75 that
604 296 96 75 bone.

207 339 32 75 It
253 339 28 75 is
298 339 88 75 fixed
397 339 44 75 by
458 339 96 75 fleihy
570 339 94 75 fibres
683 339 35 75 to
737 339 56 75 the
811 339 92 75 outer
921 339 140 75 anterior
1077 339 62 75 fide
1157 339 41 75 of

160 387 56 75 the
230 387 38 75 os
285 387 104 75 pubis,
416 387 42 75 all
475 387 55 75 the
546 387 72 75 way
643 387 35 75 to
702 387 56 75 the
781 387 143 75 foramen
947 387 104 75 ovale,
1076 387 35 75 to
1135 387 57 75 the

161 431 79 75 edge
257 431 40 75 of
308 431 72 75 that
396 431 89 75 hole,
510 431 80 75 next
607 431 55 75 the
680 431 88 75 fmall
788 431 105 75 ramus
911 431 40 75 of
970 431 56 75 the
1045 431 146 75 ifchium,

162 477 61 75 and
248 477 19 75 a
290 477 85 75 little
391 477 35 75 to
443 477 56 75 the
515 477 234 75 neighbouring
765 477 88 75 parts
880 477 40 75 of
943 477 56 75 the
1026 477 169 75 obturator

158 524 169 75 ligament.

210 570 97 75 From
324 570 115 75 thence
463 570 42 75 its
534 570 107 75 fibres,
667 570 197 75 contracting
890 570 33 75 in
951 570 150 75 breadth,
1127 570 67 75 pafs

162 616 41 75 on
220 616 56 75 the
293 616 133 75 forefide
442 616 39 75 of
491 616 57 75 the
565 616 90 75 great
671 616 105 75 ramus
794 616 40 75 of
845 616 55 75 the
924 616 146 75 ifchium,
1095 616 101 75 under

162 665 56 75 the
235 665 212 75 acetabulum,
473 665 107 75 where
598 665 18 75 a
631 665 121 75 tendon
775 665 26 75 is
827 665 138 75 formed,
991 665 106 75 which
1120 665 75 75 con-

162 710 105 75 tinues
283 710 42 75 its
342 710 110 75 courfe
468 710 121 75 behind
602 710 59 75 the
683 710 82 75 neck
786 710 41 75 of
842 710 56 75 the
923 710 37 75 os
986 710 130 75 femoris
1144 710 51 75 to-

161 756 91 75 ward
268 756 55 75 the
340 756 91 75 great
448 756 196 75 trochanter,
670 756 63 75 and
757 756 26 75 is
807 756 139 75 inferred
972 756 145 75 between
1140 756 57 75 the

164 802 127 75 gemelli
310 802 63 75 and
394 802 188 75 quadratus,
606 802 33 75 in
667 802 19 75 a
712 802 91 75 fmall
831 802 113 75 foflula
967 802 145 75 between
1140 802 56 75 the

163 848 83 75 apex
270 848 41 75 of
331 848 56 75 the
407 848 92 75 great
522 848 200 75 trochanter,
756 848 63 75 and
835 848 56 75 the
910 848 79 75 bafis
1007 848 40 75 of
1057 848 55 75 the
1130 848 67 75 col-

164 895 68 75 lum
255 895 145 75 femoris.

457 1001 84 75 QU
560 1001 33 75 A
610 1001 35 75 D
664 1001 33 75 R
716 1001 32 75 A
763 1001 37 75 T
817 1001 33 75 U
870 1001 37 75 S.

212 1085 101 75 This
330 1085 29 75 is
377 1085 19 75 a
414 1085 104 75 fmall,
543 1085 68 75 flat,
636 1085 97 75 flelhy
757 1085 128 75 mufcle,
912 1085 39 75 of
970 1085 55 75 the
1048 1085 101 75 figure
1165 1085 40 75 of

166 1131 39 75 an
222 1131 119 75 oblong
357 1131 125 75 fquare,
508 1131 84 75 from
621 1131 130 75 whence
773 1131 26 75 it
826 1131 56 75 has
906 1131 26 75 it
959 1131 103 75 name.
1112 1131 32 75 It
1171 1131 27 75 is

165 1177 134 75 fituated
315 1177 206 75 tranfverfely
537 1177 144 75 between
695 1177 55 75 the
762 1177 174 75 tuberofity
947 1177 41 75 of
998 1177 54 75 the
1068 1177 132 75 ifchium

166 1224 62 75 and
244 1224 56 75 the
320 1224 91 75 great
432 1224 200 75 trochanter.

212 1269 32 75 It
266 1269 27 75 is
319 1269 101 75 fixed,
434 1269 44 75 by
505 1269 61 75 one
593 1269 175 75 extremity
793 1269 95 75 along
912 1269 71 75 that
1007 1269 111 75 obtufe
1135 1269 63 75 line

164 1316 107 75 which
288 1316 76 75 runs
381 1316 84 75 from
480 1316 102 75 under
598 1316 55 75 the
666 1316 213 75 acetabulum,
896 1316 125 75 toward
1032 1316 56 75 the
1100 1316 98 75 lower

163 1362 74 75 part
254 1362 39 75 of
305 1362 56 75 the
377 1362 176 75 tuberofity
577 1362 40 75 of
639 1362 56 75 the
718 1362 145 75 ifchium.
921 1362 97 75 From
1041 1362 114 75 thence
1172 1362 25 75 it

164 1409 76 75 runs
258 1409 134 75 direftly
411 1409 125 75 toward
558 1409 56 75 the
634 1409 91 75 great
740 1409 198 75 trochanter,
963 1409 63 75 and
1041 1409 27 75 is
1085 1409 112 75 inferr-

164 1456 42 75 ed
221 1456 31 75 in
272 1456 110 75 almoft
398 1456 43 75 all
459 1456 56 75 the
532 1456 100 75 lower
648 1456 74 75 half
734 1456 40 75 of
785 1456 55 75 the
857 1456 119 75 oblong
992 1456 162 75 eminence
1165 1456 33 75 in

164 1501 73 75 that
255 1501 187 75 apophyfis;
468 1501 60 75 but
545 1501 115 75 chiefly
677 1501 31 75 in
725 1501 56 75 the
795 1501 90 75 fmall
902 1501 94 75 rifing
1016 1501 37 75 or
1069 1501 129 75 tubero-

163 1547 60 75 lity
238 1547 33 75 in
288 1547 55 75 the
360 1547 121 75 middle
499 1547 40 75 of
551 1547 71 75 that
640 1547 176 75 eminence.

292 1649 316 75 MUSCULUS
642 1649 226 75 FASCIiE
901 1649 180 75 LATJE.

211 1729 101 75 This
339 1729 26 75 is
391 1729 18 75 a
435 1729 89 75 fmall
549 1729 63 75 and
638 1729 107 75 pretty
769 1729 76 75 long
869 1729 129 75 mufcle,
1023 1729 134 75 fituated
1181 1729 18 75 a

165 1775 84 75 little
266 1775 165 75 obliquely
448 1775 133 75 upward
597 1775 62 75 and
676 1775 185 75 downward
877 1775 41 75 on
933 1775 56 75 the
1005 1775 143 75 forepart
1164 1775 40 75 of

167 1821 56 75 the
239 1821 70 75 hip.

212 1867 31 75 It
258 1867 28 75 is
305 1867 89 75 fixed
410 1867 100 75 above
527 1867 37 75 to
579 1867 56 75 the
651 1867 121 75 outfide
784 1867 40 75 of
830 1867 56 75 the
900 1867 140 75 anterior
1058 1867 141 75 fuperior

163 1914 88 75 fpine
268 1914 39 75 of
319 1914 54 75 the
390 1914 35 75 os
442 1914 103 75 ilium,
570 1914 144 75 between
735 1914 55 75 the
806 1914 167 75 infertions
997 1914 40 75 of
1056 1914 54 75 the
1127 1914 70 75 glu-

165 1960 78 75 tacus
258 1960 125 75 medius
401 1960 61 75 and
480 1960 164 75 fartorius.
694 1960 99 75 From
809 1960 114 75 thence
934 1960 42 75 its
992 1960 95 75 fleftiy
1104 1960 94 75 fibres

166 2006 61 75 run
250 2006 96 75 down
371 2006 19 75 a
413 2006 85 75 little
519 2006 168 75 obliquely
711 2006 182 75 backward,
917 2006 140 75 forming
1080 2006 19 75 a
1120 2006 78 75 very

166 2052 55 75 fiat
245 2052 99 75 body,
370 2052 74 75 four
474 2052 116 75 fingers
616 2052 138 75 breadth
775 2052 34 75 in
835 2052 125 75 length,
986 2052 61 75 and
1071 2052 67 75 two
1162 2052 32 75 in

167 2098 150 75 breadth.

213 2144 85 75 This
316 2144 87 75 body
424 2144 59 75 lies
502 2144 145 75 between
663 2144 66 75 two
745 2144 124 75 laminse
881 2144 40 75 of
932 2144 55 75 the
1007 2144 97 75 fafcia
1118 2144 79 75 lata,

168 2189 63 75 and
247 2189 29 75 is
295 2189 136 75 inferred
448 2189 123 75 therein
600 2189 43 75 by
665 2189 86 75 fliort
775 2189 169 75 tendinous
961 2189 107 75 fibres,
1092 2189 107 75 which

170 2236 163 75 ctiiappear
357 2236 32 75 at
406 2236 70 75 that
492 2236 89 75 place
597 2236 107 75 where
721 2236 55 75 the
804 2236 97 75 fafcia
925 2236 132 75 adheres
1084 2236 35 75 to
1144 2236 56 75 the

169 2281 90 75 great
279 2281 184 75 trochanter
481 2281 60 75 and
560 2281 117 75 tendon
695 2281 39 75 of
745 2281 55 75 the
824 2281 136 75 glutseus
981 2281 171 75 maximus.

168 2385 101 75 Uses
296 2385 43 75 of
359 2385 54 75 the
438 2385 144 75 Mufchs
605 2385 7 75 '
612 2385 100 75 which
737 2385 87 75 move
847 2385 53 75 the
921 2385 44 75 Os
990 2385 142 75 Femoris
1158 2385 39 75 on

583 2433 52 75 the
660 2433 128 75 Pelvis.

214 2505 87 75 The
322 2505 133 75 glutseus
472 2505 159 75 maximus
648 2505 101 75 ferves
768 2505 127 75 chiefly,
918 2505 45 75 by
977 2505 43 75 its
1048 2505 153 75 pofterior

169 2551 141 75 portion,
335 2551 34 75 to
386 2551 121 75 extend
523 2551 55 75 the
595 2551 36 75 os
648 2551 144 75 femoris,
821 2551 63 75 and
907 2551 35 75 to
958 2551 88 75 draw
1062 2551 25 75 it
1104 2551 96 75 back-

172 2598 101 75 ward.
324 2598 51 75 By
393 2598 41 75 its
452 2598 139 75 anterior
607 2598 140 75 portion,
772 2598 26 75 it
820 2598 73 75 may
910 2598 183 75 co-operate
1120 2598 80 75 with

169 2643 57 75 the
254 2643 60 75 reft
341 2643 32 75 in
401 2643 195 75 performing
612 2643 54 75 the
684 2643 167 75 abdudtion
868 2643 40 75 of
919 2643 54 75 the
1002 2643 112 75 thigh;
1141 2643 58 75 but

169 2689 95 75 when
280 2689 49 75 we
345 2689 50 75 fit,
420 2689 26 75 it
470 2689 57 75 can
552 2689 43 75 do
616 2689 64 75 this
697 2689 92 75 office
815 2689 77 75 only
916 2689 43 75 by
981 2689 42 75 its
1048 2689 153 75 pofterior

170 2735 142 75 portion.

217 2782 53 75 By
289 2782 42 75 its
354 2782 150 75 infertion
523 2782 33 75 in
580 2782 55 75 the
656 2782 35 75 os
717 2782 63 75 coc'
780 2782 95 75 cygis,
900 2782 27 75 it
954 2782 73 75 may
1051 2782 41 75 on
1113 2782 85 75 fome

169 2828 158 75 occafions
339 2828 94 75 bring
443 2828 30 75 it
481 2828 153 75 forward,
652 2828 62 75 and
726 2828 114 75 hinder
851 2828 27 75 it
889 2828 86 75 from
989 2828 96 75 being
1097 2828 101 75 thruft

169 2873 57 75 too
242 2873 49 75 far
308 2873 182 75 backward,
508 2873 33 75 as
558 2873 32 75 in
603 2873 55 75 the
675 2873 165 75 excretion
857 2873 40 75 of
911 2873 164 75 hardened
1091 2873 106 75 feces,

171 2917 37 75 or
224 2917 30 75 in
272 2917 135 75 difficult
425 2917 118 75 births.

217 2965 75 75 The
309 2965 134 75 glutseus
459 2965 122 75 medius
597 2965 26 75 is
642 2965 194 75 commonly,
852 2965 57 75 but
922 2965 123 75 falfely,
1064 2965 133 75 reckon-

171 3012 40 75 ed
234 3012 39 75 an
293 3012 148 75 extenfor
458 3012 40 75 of
523 3012 56 75 the
595 3012 104 75 thigh.
749 3012 47 75 Its
812 3012 53 75 ufe
884 3012 27 75 is
929 3012 34 75 to
980 3012 139 75 feparate
1136 3012 61 75 one

1351 173 40 75 O
1509 173 47 75 M
1672 173 52 75 Y.

2103 173 98 75 Part
2221 173 50 75 II.

1239 241 93 75 thigh
1349 241 85 75 from
1451 241 55 75 the
1522 241 106 75 other,
1653 241 94 75 when
1771 241 47 75 we
1835 241 100 75 (land,
1963 241 63 75 and
2046 241 71 75 that
2131 241 89 75 more
2237 241 37 75 or

1240 288 59 75 lefs
1315 288 136 75 diredlly
1467 288 171 75 according
1654 288 36 75 to
1705 288 56 75 the
1784 288 104 75 action
1912 288 41 75 of
1972 288 41 75 its
2039 288 152 75 anterior,
2217 288 57 75 po-

1243 333 121 75 fterior,
1390 333 38 75 or
1444 333 121 75 middle
1582 333 156 75 portions.

1289 380 111 75 When
1417 380 49 75 we
1490 380 49 75 fit,
1568 380 56 75 the
1648 380 77 75 only
1749 380 53 75 ufe
1827 380 40 75 of
1886 380 64 75 this
1974 380 117 75 mufcle
2108 380 27 75 is
2151 380 35 75 to
2203 380 71 75 per-

1242 427 84 75 form
1343 427 56 75 the
1426 427 141 75 rotation
1591 427 40 75 of
1652 427 56 75 the
1731 427 37 75 os
1789 427 130 75 femoris
1938 427 98 75 about
2063 427 42 75 its
2135 427 83 75 axis,
2242 427 33 75 in

1242 473 75 75 fuch
1335 473 19 75 a
1372 473 144 75 manner,
1541 473 71 75 that
1628 473 31 75 if
1671 473 56 75 the
1746 473 53 75 leg
1820 473 41 75 be
1877 473 77 75 bent
1971 473 32 75 at
2020 473 55 75 the
2088 473 84 75 fame
2185 473 89 75 time,

1243 519 25 75 it
1285 519 76 75 fhail
1378 519 39 75 be
1434 519 164 75 feparated
1616 519 85 75 from
1717 519 56 75 the
1792 519 106 75 other.

1289 566 77 75 The
1384 566 133 75 glutaius
1534 566 147 75 minimus
1706 566 57 75 has
1787 566 139 75 likewife
1953 566 80 75 been
2058 566 162 75 reckoned
2237 566 38 75 an

1243 612 147 75 extenfor
1410 612 40 75 of
1461 612 55 75 the
1540 612 106 75 thigh,
1672 612 60 75 but
1748 612 138 75 without
1910 612 63 75 any
1992 612 200 75 foundation.
2242 612 33 75 It

1245 659 89 75 affifts
1353 659 55 75 the
1425 659 134 75 glutseus
1578 659 122 75 medius
1718 659 31 75 in
1766 659 55 75 the
1846 659 168 75 abdu&ion
2039 659 40 75 of
2098 659 56 75 the
2182 659 93 75 thigh

1244 705 93 75 when
1354 705 49 75 we
1419 705 101 75 ftand,
1546 705 62 75 and
1624 705 31 75 in
1673 705 56 75 the
1745 705 140 75 rotation
1909 705 93 75 when
2018 705 50 75 we
2084 705 49 75 fit.

1291 752 78 75 The
1386 752 89 75 pfoas
1494 752 100 75 bends
1611 752 57 75 the
1684 752 93 75 thigh
1793 752 42 75 on
1852 752 55 75 the
1931 752 113 75 pelvis,
2070 752 37 75 or
2124 752 108 75 brings
2249 752 28 75 it

1244 798 154 75 forward.
1432 798 32 75 It
1481 798 74 75 may
1569 798 138 75 likewife
1724 798 92 75 move
1832 798 56 75 the
1904 798 100 75 pelvis
2022 798 41 75 on
2081 798 54 75 the
2152 798 123 75 thighs,

1245 845 62 75 and
1322 845 114 75 hinder
1452 845 26 75 it
1495 845 84 75 from
1595 845 96 75 being
1706 845 125 75 carried
1853 845 96 75 along
1973 845 79 75 with
2077 845 55 75 the
2159 845 61 75 reft
2241 845 41 75 of

1244 892 56 75 the
1316 892 109 75 trank,
1450 892 94 75 when
1560 892 56 75 the
1632 892 87 75 body
1734 892 26 75 is
1777 892 138 75 inclined
1927 892 172 75 backward
2115 892 95 75 while
2228 892 49 75 we

1246 937 49 75 fit,
1318 937 119 75 having
1452 937 55 75 the
1525 937 68 75 low'
1593 937 32 75 er
1642 937 200 75 extremities
1864 937 88 75 fixed
1969 937 45 75 by
2028 937 86 75 fome
2132 937 145 75 external

1247 985 101 75 force.
1397 985 39 75 In
1453 985 64 75 this
1534 985 148 75 fituation
1697 985 28 75 it
1744 985 73 75 may
1833 985 140 75 likewife
1990 985 92 75 move
2098 985 55 75 the
2171 985 105 75 verte-

1248 1031 62 75 bras
1333 1031 39 75 of
1390 1031 56 75 the
1463 1031 95 75 loins.

1293 1078 77 75 The
1386 1078 110 75 iliacus
1512 1078 27 75 is
1563 1078 18 75 a
1598 1078 157 75 congener
1772 1078 37 75 or
1825 1078 131 75 alfiftant
1980 1078 37 75 to
2040 1078 55 75 the
2117 1078 103 75 pfoas,
2244 1078 33 75 in

1246 1123 148 75 bringing
1410 1123 55 75 the
1477 1123 93 75 thigh
1580 1123 142 75 forward
1738 1123 62 75 and
1817 1123 144 75 upward.
2009 1123 33 75 It
2054 1123 72 75 may
2138 1123 139 75 likewife

1245 1170 93 75 move
1355 1170 54 75 the
1425 1170 100 75 pelvis
1542 1170 31 75 in
1590 1170 56 75 the
1662 1170 83 75 fame
1767 1170 130 75 manner
1912 1170 80 75 with
2008 1170 56 75 the
2081 1170 131 75 former.

1294 1216 75 75 The
1391 1216 161 75 pe&ineus
1578 1216 28 75 is
1630 1216 39 75 an
1693 1216 132 75 afliftant
1841 1216 41 75 to-
1893 1216 56 75 the
1965 1216 67 75 two
2048 1216 119 75 former
2191 1216 83 75 muf-

1248 1262 62 75 cles
1334 1262 32 75 in
1391 1262 130 75 moving
1544 1262 79 75 both
1647 1262 56 75 the
1731 1262 91 75 thigh
1840 1262 63 75 and
1918 1262 55 75 the
1990 1262 113 75 pelvis.
2152 1262 31 75 It
2200 1262 76 75 may

1246 1309 137 75 likewife
1408 1309 76 75 aflift
1508 1309 32 75 in
1560 1309 154 75 Bringing
1736 1309 56 75 the
1819 1309 93 75 thigh
1936 1309 134 75 ijjward,
2096 1309 37 75 or
2149 1309 125 75 toward

1247 1355 54 75 the
1318 1355 108 75 other,
1452 1355 146 75 whether
1617 1355 26 75 it
1667 1355 40 75 be
1731 1355 164 75 extended
1919 1355 37 75 or
1978 1355 78 75 bent
2072 1355 33 75 at
2121 1355 55 75 the
2193 1355 82 75 fame

1247 1401 91 75 time.

1293 1448 77 75 The
1392 1448 91 75 three
1508 1448 119 75 triceps
1652 1448 133 75 mufcles
1799 1448 69 75 join
1885 1448 31 75 in
1932 1448 56 75 the
2004 1448 83 75 fame
2102 1448 75 75 ufe;
2202 1448 74 75 that

1246 1494 39 75 is,
1310 1494 36 75 to
1362 1494 93 75 move
1472 1494 54 75 the
1541 1494 94 75 thigh
1652 1494 134 75 inward,
1812 1494 62 75 and
1901 1494 94 75 bring
2011 1494 56 75 the
2083 1494 67 75 two
2166 1494 108 75 thighs

1246 1540 75 75 near
1338 1540 76 75 each
1432 1540 114 75 other;
1566 1540 33 75 as
1620 1540 105 75 when,
1743 1540 32 75 in
1793 1540 115 75 riding,
1926 1540 49 75 we
1991 1540 86 75 prefs
2093 1540 55 75 the
2165 1540 109 75 thighs

1247 1587 82 75 clofe
1348 1587 116 75 againft
1480 1587 56 75 the
1560 1587 131 75 faddle;
1724 1587 106 75 when,
1859 1587 33 75 in
1909 1587 117 75 fitting,
2052 1587 49 75 we
2117 1587 78 75 hold
2211 1587 63 75 any

1245 1633 91 75 thing
1353 1633 83 75 clofe
1452 1633 144 75 between
1607 1633 56 75 the
1673 1633 98 75 knees
1783 1633 10 75 ;
1811 1633 94 75 when
1915 1633 49 75 we
1977 1633 83 75 crofs
2072 1633 57 75 the
2141 1633 130 75 thighs;

1247 1680 36 75 or
1302 1680 103 75 when,
1423 1680 33 75 in
1473 1680 155 75 (landing,
1646 1680 49 75 we
1707 1680 92 75 bring
1812 1680 54 75 the
1878 1680 67 75 legs
1963 1680 82 75 clofe
2061 1680 161 75 together,
2240 1680 32 75 in

1247 1726 94 75 order
1356 1726 36 75 to
1404 1726 105 75 jump.

1292 1773 77 75 The
1392 1773 53 75 ufe
1469 1773 40 75 of
1530 1773 88 75 thefe
1643 1773 132 75 mufcles
1801 1773 26 75 is
1850 1773 139 75 likewife
2012 1773 35 75 to
2074 1773 116 75 hinder
2216 1773 57 75 the

1246 1819 109 75 thighs
1370 1819 86 75 from
1472 1819 177 75 feparating
1665 1819 89 75 more
1765 1819 77 75 than
1858 1819 27 75 is
1902 1819 200 75 convenient,
2127 1819 146 75 efpecial-

1244 1865 34 75 ly
1294 1865 31 75 in
1344 1865 89 75 great
1450 1865 112 75 efforts
1580 1865 61 75 and
1653 1865 103 75 jerks.

1290 1912 76 75 The
1382 1912 197 75 pyriformis,
1603 1912 141 75 gemelli,
1771 1912 63 75 and
1858 1912 186 75 quadratus,
2070 1912 102 75 called
2192 1912 80 75 like-

1244 1956 73 75 wife
1333 1956 44 75 by
1393 1956 56 75 the
1465 1956 147 75 common
1629 1956 91 75 name
1744 1956 41 75 of
1804 1956 253 75 quadrigemini,
2083 1956 54 75 are
2154 1956 117 75 conge-

1243 2003 89 75 neres
1349 2003 32 75 in
1400 2003 83 75 their
1500 2003 68 75 ufes
1583 2003 10 75 ;
1621 2003 62 75 and
1694 2003 87 75 thefe
1797 2003 80 75 have
1893 2003 79 75 been
1986 2003 146 75 confined
2143 2003 43 75 by
2198 2003 74 75 ana-

1242 2049 120 75 tomifts
1379 2049 35 75 to
1430 2049 56 75 the
1502 2049 140 75 rotation
1664 2049 41 75 of
1720 2049 55 75 the
1798 2049 35 75 os
1858 2049 130 75 femoris
2011 2049 99 75 about
2133 2049 42 75 its
2201 2049 71 75 axis

1243 2096 85 75 from
1362 2096 111 75 before
1511 2096 161 75 outward,
1703 2096 94 75 when
1824 2096 49 75 we
1900 2096 91 75 ftand
2017 2096 37 75 or
2080 2096 44 75 lie
2151 2096 32 75 at
2210 2096 61 75 full

1244 2142 111 75 length
1367 2142 10 75 ;
1402 2142 140 75 likewife
1557 2142 33 75 in
1607 2142 118 75 fitting,
1751 2142 37 75 or
1805 2142 91 75 when
1912 2142 56 75 the
1992 2142 93 75 thigh
2104 2142 27 75 is
2147 2142 77 75 bent
2240 2142 33 75 in

1246 2189 61 75 any
1324 2189 94 75 other
1433 2189 139 75 pofture,
1597 2189 78 75 they
1700 2189 92 75 carry
1808 2189 56 75 the
1881 2189 92 75 thigh
1989 2189 158 75 outward,
2173 2189 36 75 or
2225 2189 47 75 fe-

1246 2236 108 75 parate
1377 2236 57 75 the
1451 2236 67 75 two
1533 2236 111 75 thighs
1665 2236 85 75 from
1774 2236 80 75 each
1870 2236 93 75 other
1981 2236 92 75 when
2090 2236 89 75 bent.

1294 2282 57 75 All
1369 2282 55 75 the
1442 2282 71 75 four
1530 2282 186 75 co-operate
1743 2282 34 75 in
1793 2282 87 75 thefe
1906 2282 66 75 two
1989 2282 69 75 ufes
2081 2282 40 75 of
2136 2282 137 75 rotation

1246 2328 62 75 and
1320 2328 168 75 abduftion
1500 2328 10 75 ;
1529 2328 57 75 but
1602 2328 78 75 they
1696 2328 184 75 co-operate
1891 2328 128 75 equally
2035 2328 38 75 or
2089 2328 183 75 unequally,

1247 2374 170 75 according
1440 2374 36 75 to
1498 2374 56 75 the
1578 2374 150 75 different
1751 2374 133 75 degrees
1911 2374 40 75 of
1965 2374 55 75 the
2048 2374 162 75 extenfion
2236 2374 39 75 or

1246 2421 118 75 flexion
1382 2421 41 75 of
1433 2421 56 75 the
1510 2421 104 75 thigh.

1293 2468 76 75 The
1385 2468 169 75 obturator
1575 2468 141 75 internus
1743 2468 56 75 has
1813 2468 112 75 nearly
1939 2468 55 75 the
2009 2468 83 75 fame
2107 2468 71 75 ufes
2195 2468 79 75 with

1247 2513 56 75 the
1331 2513 243 75 quadrigemini,
1598 2513 32 75 in
1655 2513 128 75 making
1809 2513 56 75 the
1894 2513 138 75 rotation
2049 2513 40 75 of
2108 2513 56 75 the
2180 2513 92 75 thigh

1249 2559 92 75 when
1361 2559 176 75 extended,
1561 2559 63 75 and
1638 2559 56 75 the
1711 2559 167 75 abdfeHon
1896 2559 92 75 when
2003 2559 93 75 bent.

1293 2606 75 75 The
1384 2606 169 75 obturator
1568 2606 152 75 externus
1746 2606 135 75 concurs
1905 2606 79 75 with
2002 2606 55 75 the
2073 2606 142 75 internus
2239 2606 33 75 in

1247 2652 54 75 the
1317 2652 84 75 fame
1423 2652 85 75 ufes,
1531 2652 125 75 though
1677 2652 33 75 in
1727 2652 19 75 a
1761 2652 89 75 more
1873 2652 106 75 Ample
1996 2652 141 75 manner,
2163 2652 61 75 and
2240 2652 33 75 in

1248 2698 17 75 a
1281 2698 88 75 more
1386 2698 139 75 uniform
1540 2698 168 75 direftion.
1756 2698 35 75 It
1805 2698 64 75 ads
1882 2698 115 75 chiefly
2009 2698 92 75 when
2114 2698 55 75 the
2180 2698 92 75 thigh

1245 2744 26 75 is
1293 2744 162 75 extended
1469 2744 88 75 more
1573 2744 38 75 or
1626 2744 73 75 lefs.

1292 2791 76 75 The
1385 2791 158 75 mufculus
1559 2791 103 75 fafcix
1677 2791 72 75 latae
1777 2791 108 75 makes
1911 2791 20 75 a
1954 2791 138 75 rotation
2117 2791 83 75 from
2217 2791 56 75 be-

1246 2836 69 75 fore
1339 2836 149 75 inwards,
1513 2836 71 75 that
1607 2836 39 75 is,
1670 2836 33 75 in
1736 2836 19 75 a
1785 2836 153 75 contrary
1963 2836 151 75 diredion
2140 2836 35 75 to
2201 2836 72 75 that

1246 2883 91 75 made
1353 2883 44 75 by
1413 2883 55 75 the
1485 2883 231 75 quadrigemini
1741 2883 62 75 and
1825 2883 166 75 obturator
2015 2883 141 75 internus
2171 2883 11 75 ;
2210 2883 62 75 and

1246 2930 63 75 this
1327 2930 139 75 rotation
1483 2930 25 75 is
1525 2930 57 75 not
1597 2930 33 75 lo
1647 2930 95 75 much
1759 2930 147 75 confined
1921 2930 34 75 as
1972 2930 72 75 that
2061 2930 40 75 of
2117 2930 57 75 the
2192 2930 77 75 qua-

1245 2975 179 75 drigemini,
1449 2975 130 75 becaufe
1596 2975 24 75 it
1637 2975 73 75 may
1725 2975 81 75 have
1830 2975 89 75 place
1944 2975 145 75 whether
2106 2975 55 75 die
2177 2975 92 75 thigh

1244 3022 41 75 be
1300 3022 76 75 bent
1392 3022 36 75 or
1444 3022 173 75 extended.

2154 3068 114 75 Sect.
