2498 3377
197 179 79 75 29S

748 179 42 75 A
905 179 45 75 N
1064 179 43 75 A
1220 179 40 75 T

243 247 77 75 The
335 247 80 75 bafis
432 247 40 75 of
482 247 55 75 the
566 247 132 75 cochlea
719 247 27 75 is
772 247 113 75 gentl^
905 247 175 75 hollowed,
1106 247 62 75 and
1184 247 50 75 to-

196 292 105 75 wards
318 292 55 75 the
389 292 120 75 middle
533 292 185 75 perforated
741 292 44 75 by
796 292 119 75 feveral
928 292 89 75 fmall
1029 292 104 75 holes.
1157 292 78 75 The

197 340 121 75 fpindle
334 340 26 75 is
378 340 19 75 a
422 340 78 75 kind
528 340 41 75 of
589 340 88 75 Ihort
700 340 90 75 cone,
814 340 79 75 with
910 340 18 75 a
944 340 78 75 very
1038 340 87 75 large
1141 340 93 75 bafis,

197 385 107 75 which
320 385 25 75 is
363 385 54 75 the
434 385 119 75 middle
569 385 41 75 of
628 385 56 75 the
701 385 77 75 bafis
806 385 40 75 of
864 385 55 75 the
936 385 143 75 cochlea.
1126 385 109 75 Thro’

197 433 43 75 its
248 433 5 75 .
265 433 105 75 whole
398 433 111 75 length
537 433 75 75 runs
641 433 18 75 a
685 433 119 75 double
830 433 94 75 fpiral
949 433 133 75 groove,
1114 433 120 75 which,

198 479 141 75 through
356 479 19 75 a
390 479 222 75 microfcope,'
622 479 99 75 Ihews
738 479 17 75 a
772 479 89 75 great
878 479 134 75 number
1030 479 40 75 of
1080 479 107 75 pores.

245 526 77 75 The
338 526 131 75 cochlea
491 526 108 75 makes
628 526 97 75 about
742 526 66 75 two
824 526 90 75 turns
932 526 62 75 and
1010 526 39 75 an
1066 526 74 75 half
1150 526 86 75 from

197 572 57 75 the
269 572 80 75 bafis
366 572 36 75 to
428 572 57 75 the
508 572 103 75 apex;
639 572 63 75 and
717 572 56 75 the
795 572 67 75 two
878 572 103 75 dutts,
1006 572 95 75 being
1117 572 119 75 ftri&ly

198 619 112 75 united
326 619 147 75 together
488 619 141 75 through
646 619 84 75 their
754 619 105 75 whole
876 619 122 75 courfe,
1023 619 84 75 form
1124 619 40 75 an
1180 619 54 75 en-

198 666 63 75 tire
278 666 147 75 common
440 666 135 75 feptum,
601 666 107 75 which
721 666 80 75 muft
812 666 57 75 not
884 666 40 75 be
941 666 203 75 confounded
1156 666 78 75 with

198 712 57 75 the
271 712 74 75 half
356 712 123 75 feptum
496 712 37 75 or
549 712 93 75 fpiral
659 712 128 75 lamina,
814 712 33 75 as
859 712 26 75 is
902 712 89 75 often
1015 712 95 75 done.
1158 712 77 75 The

198 759 66 75 firft
281 759 103 75 might
402 759 39 75 be
457 759 124 75 termed
595 759 56 75 the
668 759 148 75 common
832 759 133 75 feptum,
991 759 55 75 the
1062 759 94 75 other
1180 759 56 75 the

199 805 175 75 particular
389 805 123 75 feptum
528 805 38 75 or
581 805 219 75 half-feptum.

247 852 88 75 Both
351 852 41 75 of
409 852 89 75 them
515 852 53 75 are
585 852 120 75 clofely
724 852 113 75 joined
853 852 36 75 to
909 852 55 75 the
979 852 136 75 fpindle,
1139 852 97 75 being

199 899 133 75 thicker
360 899 91 75 there
476 899 77 75 than
581 899 32 75 in
641 899 61 75 any
725 899 95 75 other
835 899 102 75 place.
984 899 78 75 Tire
1087 899 148 75 common

199 946 125 75 feptum
336 946 26 75 is
381 946 168 75 complete,
576 946 63 75 and
653 946 157 75 feparates
823 946 55 75 the
895 946 90 75 turns
1003 946 136 75 entirely
1150 946 86 75 from

199 993 79 75 each
294 993 113 75 other;
434 993 141 75 whereas
604 993 55 75 the
686 993 206 75 half-feptum
917 993 33 75 in
978 993 57 75 the
1051 993 140 75 llceleton
1208 993 27 75 is

199 1039 77 75 only
292 1039 19 75 a
326 1039 93 75 fpiral
436 1039 80 75 lami'
516 1039 48 75 na,
589 1039 57 75 the
662 1039 135 75 breadth
814 1039 40 75 of
872 1039 105 75 which
994 1039 28 75 is
1044 1039 193 75 terminated

198 1086 44 75 all
258 1086 104 75 round
378 1086 42 75 by
437 1086 18 75 a
470 1086 78 75 very
559 1086 69 75 thin
649 1086 117 75 border
777 1086 90 75 lying
878 1086 32 75 in
926 1086 57 75 the
999 1086 119 75 middle
1130 1086 107 75 cavity

200 1132 41 75 of
260 1132 57 75 the
334 1132 143 75 cochlea.
526 1132 38 75 In
577 1132 55 75 the
647 1132 124 75 natural
785 1132 90 75 ftate,
892 1132 92 75 there
999 1132 27 75 is
1043 1132 18 75 a
1078 1132 157 75 membra-

199 1179 79 75 nous
295 1179 221 75 half-feptum,
533 1179 106 75 which
663 1179 174 75 completes
853 1179 55 75 the
924 1179 152 75 partition
1091 1179 145 75 between

200 1225 57 75 the
273 1225 67 75 two
356 1225 102 75 dufts.

247 1272 76 75 The
350 1272 66 75 two
442 1272 191 75 half-canals
661 1272 72 75 turn
758 1272 122 75 jointly
906 1272 97 75 about
1030 1272 55 75 the
1102 1272 133 75 fpindle,

201 1319 60 75 one
276 1319 95 75 being
387 1319 135 75 fituated
536 1319 141 75 towards
704 1319 56 75 the
787 1319 77 75 bafis
881 1319 41 75 of
940 1319 55 75 the
1012 1319 142 75 cochlea,
1179 1319 56 75 the

201 1365 95 75 other
311 1365 141 75 towards
469 1365 55 75 the
540 1365 103 75 apex:
670 1365 51 75 for
738 1365 104 75 which
852 1365 109 75 reafon
973 1365 78 75 they
1062 1365 82 75 have
1154 1365 81 75 been

203 1412 126 75 termed
365 1412 54 75 the
455 1412 60 75 one
556 1412 147 75 internal,
739 1412 63 75 and
836 1412 56 75 the
934 1412 94 75 other
1067 1412 166 75 external;

200 1459 57 75 the
272 1459 132 75 divifion
419 1459 42 75 of
479 1459 87 75 them
583 1459 68 75 into
667 1459 56 75 the
741 1459 98 75 upper
855 1459 64 75 and
934 1459 98 75 lower
1047 1459 106 75 flight,
1178 1459 58 75 not

200 1506 97 75 being
312 1506 168 75 agreeable
497 1506 35 75 to
548 1506 56 75 the
620 1506 125 75 natural
762 1506 90 75 ftate,
877 1506 58 75 but
950 1506 99 75 liable
1062 1506 36 75 to
1113 1506 123 75 convey

200 1551 21 75 a
236 1551 77 75 very
325 1551 76 75 falfe
413 1551 72 75 idea
501 1551 138 75 thereof.

248 1599 77 75 The
340 1599 95 75 fpiral
448 1599 36 75 or
501 1599 108 75 volute
625 1599 41 75 of
683 1599 56 75 the
756 1599 142 75 cochlea,
921 1599 111 75 begins
1050 1599 32 75 at
1093 1599 55 75 the
1155 1599 80 75 low-

203 1644 34 75 er
253 1644 71 75 part
351 1644 47 75 of
410 1644 55 75 the
492 1644 200 75 veftibuliim,
717 1644 75 75 runs
813 1644 84 75 from
914 1644 114 75 thence
1043 1644 142 75 forward
1201 1644 35 75 to

202 1690 56 75 the
274 1690 69 75 top,
367 1690 77 75 then
459 1690 171 75 backward
644 1690 94 75 down
755 1690 36 75 to
814 1690 54 75 thp
884 1690 139 75 bottom,
1047 1690 190 75 afterwards

202 1737 148 75 upwards
368 1737 62 75 and
446 1737 169 75 forwards,
641 1737 62 75 and
730 1737 34 75 fo
792 1737 40 75 on
857 1737 85 75 from
963 1737 55 75 the
1035 1737 78 75 bafis
1130 1737 106 75 which

203 1783 28 75 is
248 1783 117 75 turned
380 1783 134 75 inward,
539 1783 36 75 to
590 1783 57 75 the
674 1783 84 75 apex
773 1783 106 75 which
894 1783 27 75 is
945 1783 116 75 turned
1077 1783 158 75 outward.

250 1831 77 75 The
343 1831 65 75 two
424 1831 191 75 half-canals
633 1831 229 75 communicate
878 1831 83 75 fully
978 1831 33 75 at
1030 1831 56 75 the
1103 1831 83 75 apex
1203 1831 39 75 of

203 1876 57 75 the
277 1876 139 75 cochlea.
465 1876 105 75 Their
597 1876 142 75 feparate
766 1876 152 75 openings
946 1876 53 75 are
1027 1876 139 75 towards
1183 1876 56 75 the

204 1923 92 75 bafis,
321 1923 69 75 one.
398 1923 39 75 of
448 1923 87 75 them
551 1923 97 75 being
662 1923 216 75 immediately
893 1923 69 75 into
978 1923 56 75 the
1047 1923 100 75 lower
1167 1923 72 75 part

206 1969 40 75 of
264 1969 56 75 the
336 1969 134 75 forefide
487 1969 44 75 of
545 1969 56 75 the
617 1969 199 75 veftibulum,
842 1969 56 75 the
921 1969 93 75 other
1034 1969 68 75 into
1119 1969 53 75 the
1190 1969 47 75 fe-

205 2016 101 75 neftra
321 2016 150 75 rotunda.

253 2062 77 75 The
345 2062 137 75 internal
499 2062 149 75 auditory
674 2062 76 75 hole
777 2062 27 75 is
832 2062 33 75 in
891 2062 58 75 the
964 2062 146 75 backfide
1126 2062 39 75 of
1182 2062 57 75 the

206 2108 165 75 apophyfis
388 2108 146 75 petrofa,,
549 2108 33 75 in
608 2108 87 75 fame
722 2108 140 75 tneafure
886 2108 119 75 behind
1031 2108 57 75 the
1103 2108 136 75 veftibu-

207 2154 66 75 ium
290 2154 61 75 and
369 2154 77 75 bafis
462 2154 41 75 of
521 2154 56 75 the
593 2154 149 75 cochlea..
784 2154 33 75 It
833 2154 31 75 is
877 2154 18 75 a
909 2154 79 75 kind
1004 2154 41 75 of
1051 2154 90 75 blind
1152 2154 86 75 hole,

207 2201 135 75 divided'
363 2201 71 75 into
459 2201 67 75 two
553 2201 134 75 foffulas,
721 2201 60 75 one
809 2201 99 75 large,
934 2201 56 75 the
1018 2201 93 75 other
1138 2201 102 75 fmall.

207 2247 77 75 The
301 2247 86 75 large
404 2247 60 75 one
480 2247 57 75 lies
552 2247 127 75 loweft^
699 2247 63 75 and
776 2247 105 75 ferves
897 2247 51 75 for
965 2247 54 75 the
1035 2247 107 75 portio
1160 2247 81 75 mol-

208 2294 40 75 lis
260 2294 40 75 of
319 2294 55 75 the
390 2294 148 75 auditory
554 2294 95 75 nerve
665 2294 37 75 or
713 2294 129 75 feventh
859 2294 80 75 pair.
988 2294 76 75 The
1081 2294 89 75 fmall
1182 2294 60 75 one

209 2341 26 75 is
252 2341 190 75 uppermoft,
467 2341 63 75 and
545 2341 26 75 is
588 2341 55 75 the
660 2341 135 75 opening
812 2341 39 75 of
871 2341 18 75 a
904 2341 89 75 fmall
1011 2341 74 75 dud
1101 2341 141 75 through

209 2386 110 75 which
333 2386 55 75 the
404 2386 105 75 portio
524 2386 81 75 dura
620 2386 43 75 of
671 2386 55 75 the
743 2386 82 75 fame
842 2386 95 75 nerve
953 2386 112 75 palfes.

257 2433 76 75 The
348 2433 132 75 inferior
507 2433 113 75 folfala
645 2433 27 75 is
699 2433 60 75 full
783 2433 40 75 of
840 2433 84 75 little
939 2433 106 75 holes,
1066 2433 119 75 which,
1209 2433 34 75 in

210 2480 56 75 she
283 2480 125 75 natural
423 2480 89 75 ftate,
537 2480 53 75 are
606 2480 88 75 filled
708 2480 79 75 with
805 2480 138 75 nervous
956 2480 159 75 filaments
1129 2480 40 75 of
1187 2480 57 75 the

209 2525 108 75 portio
331 2525 119 75 mollis,
475 2525 107 75 which
600 2525 41 75 go
658 2525 35 75 to
709 2525 57 75 the
780 2525 149 75 fpindle,.
939 2525 35 75 to
992 2525 55 75 the
1060 2525 181 75 femkircu-

210 2572 49 75 lar
275 2572 118 75 canals,
418 2572 63 75 and
497 2572 35 75 to
544 2572 92 75 thofe
650 2572 40 75 of
708 2572 57 75 the
780 2572 143 75 cochlea.
972 2572 31 75 It
1019 2572 28 75 is
1063 2572 64 75 this
1146 2572 95 75 foffii-

210 2620 34 75 la
258 2620 107 75 which
380 2620 100 75 forms
493 2620 56 75 the
567 2620 130 75 (hallow
712 2620 108 75 cavity
834 2620 37 75 at
882 2620 54 75 the
953 2620 80 75 bafis
1044 2620 41 75 of
1095 2620 56 75 the
1161 2620 82 75 fpin-

213 2666 52 75 dle
281 2666 41 75 of
339 2666 55 75 the
411 2666 142 75 cochlea.

260 2712 77 75 The
347 2712 122 75 paflage
485 2712 52 75 for
552 2712 56 75 the
624 2712 106 75 portio
758 2712 83 75 dura-
853 2712 40 75 of
911 2712 54 75 the
982 2712 152 75 auditory
1148 2712 95 75 nerve

212 2758 76 75 runs
305 2758 119 75 behind
439 2758 56 75 the
511 2758 197 75 tympanum,
732 2758 63 75 and
820 2758 41 75 its
890 2758 108 75 orifice
1024 2758 30 75 is
1074 2758 56 75 the
1148 2758 96 75 ftylo-

214 2804 131 75 maftoid
360 2804 88 75 hole.
495 2804 33 75 It
544 2804 108 75 begins
669 2804 44 75 by
729 2804 55 75 the
795 2804 89 75 fmall
901 2804 123 75 foffula,
1049 2804 63 75 and
1123 2804 120 75 pierces

213 2851 84 75 from
315 2851 126 75 within,
465 2851 173 75 outwards,
663 2851 55 75 the
743 2851 99 75 upper
863 2851 72 75 part
951 2851 40 75 of
1008 2851 56 75 the
1080 2851 163 75 apophyfis

214 2896 143 75 petrofa,,
374 2896 130 75 making
516 2896 89 75 there
618 2896 37 75 an
667 2896 138 75 angleor
818 2896 178 75 curvature.
1021 2896 98 75 From
1131 2896 115 75 thence

215 2942 26 75 it
252 2942 26 75 is
302 2942 138 75 inclined
454 2942 183 75 backward,
660 2942 120 75 behind
791 2942 60 75 tlie
866 2942 90 75 fmall
972 2942 144 75 pyramid
1139 2942 40 75 of
1190 2942 55 75 the

217 2988 197 75 tympanum,
446 2988 62 75 and
534 2988 76 75 runs
635 2988 97 75 down
759 2988 36 75 to
821 2988 55 75 the
904 2988 228 75 ftylo-maftoid
1158 2988 88 75 hole,

219 3036 37 75 li
269 3036 248 75 communicates.
527 3036 211 75 likewife,.by
750 3036 19 75 a
779 3036 91 75 fmall
889 3036 87 75 hole,
1001 3036 80 75 with
1095 3036 56 75 die
1167 3036 84 75 finus

1378 172 40 75 O
1534 172 50 75 M
1699 172 55 75 Y.

2106 172 111 75 Part.
2247 172 72 75 VL

1283 244 40 75 of
1341 244 56 75 the
1413 244 167 75 pyramid;
1607 244 62 75 and
1686 244 99 75 lower
1800 244 108 75 down,
1925 244 44 75 by
1985 244 135 75 another
2135 244 86 75 hole,
2240 244 77 75 with

1285 290 55 75 the
1356 290 104 75 barrel
1478 290 40 75 of
1535 290 57 75 the
1607 290 67 75 ear.

1329 337 77 75 The
1418 337 135 75 internal
1570 337 86 75 parts
1673 337 41 75 of
1724 337 55 75 the
1796 337 54 75 ear
1867 337 52 75 are
1935 337 115 75 chiefly
2066 337 55 75 the
2137 337 182 75 membrana

1284 384 154 75 tympani,
1463 384 55 75 the
1541 384 189 75 periofteum
1747 384 40 75 of
1812 384 56 75 the
1894 384 117 75 barrel,
2036 384 126 75 oflicula
2177 384 140 75 auditus,

1282 431 162 75 labyrinth
1469 431 63 75 and
1559 431 43 75 all
1629 431 42 75 its
1689 431 142 75 cavities,
1857 431 55 75 the
1936 431 184 75 membrana
2136 431 179 75 maftoidasa

1282 477 136 75 interna,
1443 477 56 75 the
1515 477 133 75 mufcles
1665 477 41 75 of
1724 477 56 75 the
1796 477 137 75 oflicula,
1950 477 63 75 and
2029 477 55 75 the
2101 477 85 75 parts
2205 477 105 75 which

1284 523 157 75 complete
1457 523 55 75 the
1528 523 172 75 formation
1716 523 40 75 of
1776 523 54 75 the
1847 523 189 75 Euftachian
2054 523 89 75 tube.

1329 571 77 75 The
1423 571 190 75 Euftachian
1625 571 76 75 tube
1712 571 26 75 is
1751 571 18 75 a
1785 571 88 75 canal
1886 571 37 75 or
1935 571 74 75 dud
2025 571 104 75 which
2143 571 77 75 goes
2233 571 86 75 from

1283 616 54 75 the
1361 616 184 75 tympanum
1563 616 35 75 to
1615 616 55 75 the
1686 616 155 75 pofterior
1856 616 152 75 openings
2026 616 42 75 of
2079 616 55 75 the
2150 616 104 75 nares,
2280 616 38 75 or

1283 663 83 75 nafal
1378 663 97 75 folfas,
1501 663 63 75 and
1580 663 125 75 toward
1722 663 56 75 the
1794 663 76 75 arch
1887 663 40 75 of
1938 663 55 75 the
2010 663 116 75 palate.

1330 711 76 75 The
1423 711 85 75 bony
1535 711 127 75 portion
1687 711 40 75 of
1749 711 26 75 it
1797 711 58 75 lies
1871 711 140 75 through
2028 711 41 75 its
2086 711 105 75 whole
2206 711 109 75 length

1282 757 216 75 immediately
1514 757 102 75 above
1638 757 56 75 the
1710 757 102 75 fiffure
1828 757 40 75 of
1886 757 56 75 the
1969 757 129 75 glenoid
2113 757 38 75 or
2167 757 151 75 articular

1283 802 107 75 cavity
1405 802 41 75 of
1457 802 55 75 the
1528 802 36 75 os
1580 802 166 75 temporis,
1772 802 63 75 and
1850 802 183 75 terminates
2050 802 32 75 at
2099 802 54 75 the
2180 802 139 75 meeting

1283 850 41 75 of
1342 850 56 75 the
1414 850 99 75 fpinal
1526 850 163 75 apophyfis
1707 850 40 75 of
1757 850 55 75 the
1824 850 36 75 os
1877 850 201 75 fphenoidale
2103 850 79 75 with
2212 850 54 75 the
2282 850 33 75 a-

1283 897 145 75 pophyfis
1444 897 125 75 petrofa
1585 897 40 75 of
1644 897 55 75 the
1715 897 36 75 os
1768 897 165 75 temporis.

1329 943 76 75 The
1422 943 95 75 other
1532 943 38 75 or
1586 943 111 75 mixed
1712 943 127 75 portion
1856 943 130 75 reaches
2003 943 32 75 in
2052 943 54 75 the
2118 943 83 75 fame
2213 943 102 75 direc-

1283 990 67 75 tion
1380 990 84 75 from
1481 990 64 75 this
1561 990 91 75 place
1675 990 36 75 to
1732 990 55 75 the
1810 990 135 75 internal
1963 990 50 75 ala
2028 990 40 75 of
2079 990 55 75 the
2150 990 165 75 apophyfis

1282 1036 217 75 pterygoides,
1526 1036 36 75 or
1589 1036 35 75 to
1648 1036 56 75 the
1730 1036 154 75 pofterior
1901 1036 62 75 and
1985 1036 94 75 outer
2104 1036 81 75 edge
2200 1036 42 75 of
2260 1036 56 75 the

1281 1082 105 75 nares.
1411 1082 32 75 It
1456 1082 25 75 is
1494 1082 151 75 properly
1657 1082 130 75 divided
1797 1082 69 75 into
1878 1082 73 75 four
1962 1082 99 75 parts,
2079 1082 65 75 two
2156 1082 161 75 ftiperior,

1282 1129 61 75 and
1358 1129 67 75 two
1440 1129 145 75 inferior.

1329 1175 75 75 The
1421 1175 65 75 two
1513 1175 100 75 upper
1640 1175 85 75 parts
1750 1175 39 75 or
1805 1175 146 75 quarters
1978 1175 54 75 are
2054 1175 110 75 bony;
2191 1175 62 75 and
2280 1175 42 75 of

1282 1223 87 75 thefe
1394 1223 56 75 the
1474 1223 170 75 innermoft
1660 1223 27 75 is
1704 1223 125 75 formed
1845 1223 45 75 by
1905 1223 55 75 the
1972 1223 64 75 fide
2051 1223 40 75 of
2102 1223 55 75 the
2170 1223 147 75 apophy-:

1282 1267 37 75 fis
1336 1267 137 75 petrofa,
1498 1267 55 75 the
1570 1267 171 75 outermoft
1764 1267 44 75 by
1834 1267 56 75 the
1915 1267 64 75 fide
2006 1267 40 75 of
2065 1267 55 75 the
2149 1267 165 75 apophyfis

1282 1314 125 75 fpinalis
1431 1314 41 75 of
1492 1314 56 75 the
1575 1314 37 75 os
1638 1314 198 75 fphenoides,
1861 1314 35 75 fo
1923 1314 71 75 that
2010 1314 55 75 the
2081 1314 99 75 upper
2197 1314 73 75 half
2280 1314 42 75 of

1282 1360 64 75 this
1370 1360 127 75 portion
1524 1360 41 75 of
1581 1360 56 75 the
1660 1360 76 75 tube
1759 1360 27 75 is
1811 1360 98 75 bony.
1958 1360 54 75 Of
2030 1360 55 75 the
2101 1360 66 75 two
2182 1360 134 75 inferior

1281 1406 100 75 parts,
1406 1406 55 75 the
1472 1406 135 75 internal
1618 1406 26 75 is
1657 1406 237 75 cartilaginous,
1919 1406 63 75 and
1992 1406 55 75 the
2059 1406 145 75 external
2216 1406 98 75 mem-

1282 1453 136 75 branous
1430 1453 11 75 ;
1459 1453 34 75 fo
1510 1453 71 75 that
1596 1453 55 75 the
1667 1453 100 75 lower
1783 1453 73 75 half
1862 1453 40 75 of
1910 1453 65 75 this
1987 1453 127 75 portion
2127 1453 39 75 of
2173 1453 55 75 the
2239 1453 78 75 tube

1282 1500 26 75 is
1324 1500 106 75 partly
1446 1500 224 75 cartilaginous
1687 1500 79 75 next
1783 1500 53 75 the
1861 1500 35 75 os
1913 1500 214 75 fphenoidale,
2152 1500 60 75 and
2228 1500 88 75 part-

1282 1547 34 75 ly
1332 1547 221 75 membranous
1569 1547 81 75 next
1671 1547 55 75 the
1742 1547 165 75 apophyfis
1923 1547 137 75 petrofa.

1329 1594 76 75 The
1421 1594 194 75 Euftachian
1638 1594 76 75 tube
1741 1594 75 75 thus
1842 1594 138 75 formed,
2004 1594 27 75 is
2048 1594 79 75 very
2141 1594 127 75 narrow
2283 1594 34 75 in

1283 1640 55 75 the
1353 1640 87 75 bony
1455 1640 71 75 part
1550 1640 79 75 next
1656 1640 56 75 the
1736 1640 66 75 ear.
1849 1640 77 75 The
1948 1640 94 75 other
2068 1640 125 75 portion
2210 1640 106 75 grows

1284 1686 165 75 gradually
1459 1686 112 75 wider,
1589 1686 170 75 efpecially
1769 1686 76 75 near
1855 1686 56 75 the
1922 1686 153 75 pofterior
2086 1686 105 75 nares,
2208 1686 109 75 where

1283 1733 55 75 the
1366 1733 89 75 inner
1481 1733 224 75 cartilaginous
1729 1733 64 75 fide
1820 1733 183 75 terminates
2028 1733 44 75 by
2096 1733 16 75 a
2136 1733 182 75 prominent

1285 1779 91 75 edge,
1402 1779 63 75 and
1489 1779 55 75 the
1568 1779 93 75 outer
1684 1779 63 75 fide
1768 1779 86 75 joins
1876 1779 72 75 that
1963 1779 40 75 of
2014 1779 55 75 the
2086 1779 233 75 neighbouring

1284 1825 121 75 noftril.
1452 1825 78 75 The
1546 1825 107 75 cavity
1668 1825 41 75 of
1719 1825 55 75 the
1796 1825 77 75 tube
1888 1825 27 75 is
1942 1825 87 75 lined
2044 1825 44 75 by
2103 1825 19 75 a
2136 1825 185 75 membrane

1284 1872 64 75 like
1364 1872 71 75 that
1458 1872 40 75 of
1516 1872 55 75 the
1586 1872 136 75 internal
1738 1872 103 75 nares,
1867 1872 41 75 of
1918 1872 106 75 which
2040 1872 26 75 it
2082 1872 129 75 appears
2229 1872 34 75 to
2277 1872 52 75 be.

1286 1919 18 75 a
1320 1919 233 75 continuation.

1331 1964 76 75 The
1423 1964 148 75 fituation
1586 1964 40 75 of
1637 1964 56 75 the
1711 1964 69 75 two
1794 1964 93 75 tubes
1904 1964 27 75 is
1948 1964 142 75 oblique,
2115 1964 84 75 their
2214 1964 104 75 pofte-

1285 2010 64 75 rior
1361 2010 196 75 extremities
1575 2010 31 75 at
1622 2010 56 75 the
1687 2010 69 75 ears
1768 2010 93 75 Being
1874 2010 31 75 at
1918 2010 17 75 a
1946 2010 127 75 greater
2088 2010 136 75 diftance
2239 2010 79 75 than

1286 2057 55 75 the
1358 2057 139 75 anterior
1524 2057 34 75 at
1584 2057 56 75 the
1666 2057 104 75 nares,
1796 2057 63 75 and
1886 2057 55 75 the
1966 2057 126 75 convex
2107 2057 87 75 fides*
2210 2057 40 75 of
2260 2057 61 75 the

1285 2102 180 75 prominent
1480 2102 95 75 edges
1592 2102 53 75 are
1661 2102 116 75 turned
1800 2102 125 75 toward
1940 2102 78 75 each
2034 2102 109 75 other.
2188 2102 75 75 The
2281 2102 38 75 o-

1286 2149 129 75 penings
1432 2149 39 75 of
1484 2149 54 75 the
1554 2149 93 75 tubes
1664 2149 53 75 are
1734 2149 71 75 oval
1823 2149 33 75 at
1874 2149 64 75 this
1956 2149 101 75 place,
2083 2149 32 75 as
2136 2149 26 75 is
2178 2149 139 75 likewife

1286 2196 83 75 their
1386 2196 104 75 whole
1507 2196 121 75 cavity,
1650 2196 168 75 efpecially
1842 2196 71 75 that
1929 2196 39 75 of
1979 2196 56 75 the
2051 2196 110 75 mixed
2176 2196 143 75 portion.

1332 2243 77 75 The
1425 2243 181 75 membrana
1622 2243 141 75 tympani
1779 2243 28 75 is
1823 2243 20 75 a
1863 2243 83 75 thin,
1971 2243 206 75 tranfparent,
2203 2243 116 75 flattifh

1286 2290 139 75 pellicle,
1450 2290 55 75 the
1522 2290 79 75 edge
1618 2290 39 75 of
1678 2290 107 75 -which
1812 2290 27 75 is
1856 2290 115 75 round,
1997 2290 62 75 and
2074 2290 141 75 ftrongly
2231 2290 90 75 fixed

1287 2337 31 75 in
1335 2337 54 75 the
1406 2337 159 75 orbicular
1581 2337 118 75 groove
1714 2337 106 75 which
1835 2337 122 75 divides
1974 2337 55 75 the
2045 2337 86 75 bony
2145 2337 122 75 meatus
2284 2337 41 75 of

1287 2386 56 75 the
1359 2386 146 75 external
1531 2386 55 75 ear
1612 2386 84 75 from
1722 2386 56 75 the
1805 2386 185 75 tympanum
2017 2386 38 75 or
2070 2386 116 75 barrel.
2234 2386 85 75 This

1288 2429 180 75 membrane
1485 2429 26 75 is
1539 2429 77 75 very
1632 2429 95 75 much
1740 2429 161 75 ftretched
1917 2429 36 75 or
1970 2429 78 75 very
2064 2429 98 75 tenfe,
2187 2429 61 75 and
2265 2429 56 75 yet

1288 2477 57 75 not
1358 2477 153 75 perfectly
1525 2477 76 75 flat:
1629 2477 51 75 for
1697 2477 41 75 on
1754 2477 56 75 the
1827 2477 64 75 fide
1906 2477 79 75 next
2003 2477 55 75 the
2074 2477 121 75 meatus
2212 2477 108 75 exter-

1289 2523 58 75 rms
1364 2523 25 75 it
1405 2523 56 75 has
1474 2523 18 75 a
1508 2523 89 75 fmall
1613 2523 204 75 hollownefs,
1828 2523 106 75 which
1945 2523 26 75 is
1985 2523 130 75 pointed
2126 2523 32 75 in
2170 2523 55 75 the
2237 2523 83 75 mid-

1289 2570 73 75 dle;
1386 2570 62 75 and
1463 2570 42 75 on
1520 2570 56 75 the
1592 2570 62 75 fide
1672 2570 78 75 next
1766 2570 56 75 tlie
1839 2570 183 75 tympanum
2036 2570 28 75 it
2075 2570 27 75 is
2119 2570 110 75 gently
2244 2570 76 75 con-

1289 2616 76 75 vex,
1392 2616 62 75 and
1469 2616 65 75 alfo
1550 2616 130 75 pointed
1697 2616 30 75 in
1744 2616 55 75 the
1811 2616 131 75 middle.

1336 2662 84 75 This
1437 2662 181 75 membrane
1641 2662 26 75 is
1695 2662 133 75 fituated
1850 2662 176 75 obliquely,
2052 2662 56 75 the
2136 2662 98 75 upper
2248 2662 73 75 part

1291 2710 40 75 of
1349 2710 41 75 its
1407 2710 246 75 circumference
1665 2710 95 75 being
1780 2710 114 75 turned
1914 2710 159 75 outward,
2098 2710 62 75 and
2171 2710 55 75 the
2241 2710 79 75 low-

1291 2755 34 75 er
1352 2755 70 75 part
1439 2755 134 75 inward,
1605 2755 138 75 fuitably
1770 2755 35 75 to
1832 2755 55 75 the
1914 2755 153 75 direction
2094 2755 41 75 of
2153 2755 55 75 the
2235 2755 86 75 bony

1291 2802 119 75 groove
1426 2802 127 75 already
1570 2802 195 75 mentioned.
1815 2802 32 75 It
1863 2802 26 75 is
1906 2802 93 75 made
2009 2802 42 75 up
2063 2802 39 75 of
2113 2802 119 75 feveral
2243 2802 78 75 very

1291 2849 61 75 fine
1375 2849 135 75 laminae,
1535 2849 118 75 clofely
1675 2849 111 75 united
1812 2849 161 75 together.
2020 2849 77 75 The
2114 2849 144 75 external
2274 2849 50 75 la-

1291 2894 85 75 mina
1391 2894 28 75 is
1436 2894 31 75 in
1485 2894 85 75 feme
1586 2894 141 75 meafure
1742 2894 19 75 a
1782 2894 185 75 produ&ion
1984 2894 40 75 of
2034 2894 55 75 the
2105 2894 66 75 lidn
2188 2894 61 75 and
2266 2894 55 75 cu-

1293 2940 97 75 ticula
1406 2940 40 75 of
1464 2940 55 75 the
1542 2940 146 75 external
1711 2940 146 75 meatus.;
1882 2940 216 75 the,internal
2120 2940 117 75 lamina
2257 2940 28 75 is
2302 2940 22 75 a

1294 2987 219 75 continuation
1540 2987 40 75 of
1598 2987 56 75 the
1681 2987 186 75 periofteum
1895 2987 40 75 of
1957 2987 55 75 the
2029 2987 205 75 tympanum;
2260 2987 62 75 and

1295 3036 93 75 when
1404 3036 55 75 the
1485 3036 181 75 membrane
1694 3036 69 75 has'
1777 3036 87 75 been,
1885 3036 63 75 firft
1964 3036 181 75 macerated
2159 3036 34 75 in
2209 3036 110 75 water,
2245 3075 85 75 each.
