2428 3377
144 123 81 75 i86

687 123 37 75 A
843 123 44 75 N
1005 123 39 75 A
1162 123 41 75 T

139 189 105 75 below
260 189 42 75 its
317 189 138 75 internal
470 189 127 75 fmooth
613 189 135 75 furface,
773 189 49 75 we
842 189 66 75 find
924 189 19 75 a
959 189 214 75 confiderable

140 235 102 75 rough
261 235 119 75 cavity.

187 282 77 75 The
279 282 100 75 lower
394 282 122 75 furface
539 282 40 75 of
598 282 56 75 the
671 282 169 75 aftragalus
863 282 26 75 is
913 282 130 75 divided
1066 282 45 75 by
1134 282 39 75 an

134 328 173 75 irregular,
331 328 94 75 deep,
451 328 101 75 rough
570 328 98 75 fofla;
694 328 120 75 which,
839 328 32 75 at
887 328 41 75 its
945 328 136 75 internal
1098 328 74 75 end,

140 374 26 75 is
177 374 138 75 narrow,
341 374 57 75 but
414 374 166 75 gradually
597 374 131 75 widens,
755 374 33 75 as
801 374 26 75 it
843 374 151 75 ftretches
1006 374 167 75 obliquely

141 421 163 75 outwards
329 421 62 75 and
414 421 295 75 forwards.—The
733 421 127 75 fmooth
875 421 137 75 furface,
1036 421 137 75 covered

139 467 80 75 with
243 467 164 75 cartilage,
433 467 117 75 behind
576 467 64 75 this
666 467 62 75 fofi'
728 467 27 75 a,
780 467 26 75 is
830 467 101 75 large,
957 467 130 75 oblong,
1113 467 58 75 ex-

138 514 120 75 tended
274 514 32 75 in
323 514 54 75 the
393 514 83 75 fame
492 514 130 75 oblique
646 514 148 75 fituation
815 514 83 75 with
923 514 55 75 the
996 514 88 75 fofla,
1111 514 62 75 and

138 560 151 75 concave,
314 560 53 75 for
388 560 41 75 its
446 560 202 75 conjundion
670 560 78 75 with
766 560 55 75 the
837 560 36 75 os
890 560 109 75 calcis.
1095 560 77 75 The

139 607 170 75 back-part
325 607 43 75 of
384 607 55 75 the
455 607 81 75 edge
552 607 40 75 of
603 607 64 75 this
680 607 106 75 cavity
802 607 26 75 is
846 607 163 75 produced
1021 607 69 75 into
1107 607 66 75 two

137 653 241 75 fliarp-pointed
395 653 102 75 rough
510 653 167 75 procefles,
695 653 146 75 between
854 653 104 75 which
970 653 27 75 is
1015 653 18 75 a
1045 653 127 75 depref-

136 700 79 75 fion,
241 700 92 75 made
349 700 43 75 by
408 700 56 75 the
487 700 118 75 tendon
630 700 41 75 of
690 700 56 75 the
770 700 103 75 flexor
896 700 126 75 pollicis
1044 700 127 75 longus.

135 746 125 75 —The
276 746 101 75 lower
392 746 121 75 furface
525 746 111 75 before
654 746 56 75 the
725 746 79 75 fofla
814 746 28 75 is
854 746 139 75 convex,
1012 746 62 75 and
1085 746 86 75 com-

137 793 99 75 pofed
260 793 41 75 of
319 793 91 75 three
434 793 122 75 diftinft
581 793 125 75 fmooth
732 793 121 75 planes.
901 793 78 75 The
1006 793 78 75 long
1111 793 61 75 one

136 839 131 75 behind,
293 839 63 75 and
371 839 215 75 the,exterior
603 839 36 75 or
649 839 141 75 ftiortefl,
817 839 54 75 are
887 839 190 75 articulated
1092 839 81 75 with

136 885 57 75 the
208 885 173 75 heel-bone
392 885 10 75 ;
426 885 96 75 while
538 885 56 75 the
610 885 149 75 internal,
777 885 105 75 which
898 885 29 75 is
938 885 55 75 the
1005 885 79 75 moft
1097 885 75 75 con-

135 931 66 75 vex
216 931 41 75 of
274 931 57 75 the
348 931 104 75 three,
477 931 76 75 reds
578 931 62 75 and
664 931 108 75 moves
796 931 84 75 upon
904 931 20 75 a
946 931 226 75 cartilaginous

136 979 164 75 ligament,
326 979 71 75 that
412 979 27 75 is
457 979 174 75 continued
645 979 84 75 from
747 979 54 75 the
815 979 182 75 calcaneum
1013 979 35 75 to
1064 979 55 75 the
1136 979 36 75 os

137 1025 199 75 fcaphoides.

182 1071 77 75 The
276 1071 158 75 fore-part
457 1071 39 75 of
516 1071 64 75 this
605 1071 83 75 bone
712 1071 29 75 is
764 1071 126 75 formed
914 1071 72 75 into
1006 1071 19 75 a
1047 1071 125 75 convex

136 1117 121 75 oblong
273 1117 125 75 fmooth
414 1117 96 75 head,
536 1117 106 75 which
665 1117 27 75 is
710 1117 147 75 received
881 1117 44 75 by
947 1117 55 75 the
1030 1117 36 75 os
1084 1117 87 75 navi-

135 1164 164 75 culare.—
306 1164 121 75 Round
442 1164 56 75 the
515 1164 73 75 root
605 1164 40 75 of
664 1164 65 75 this
752 1164 96 75 head,
874 1164 165 75 efpecially
1056 1164 43 75 on
1116 1164 55 75 the

136 1210 98 75 upper
245 1210 136 75 furface,
407 1210 19 75 a
443 1210 103 75 rough
564 1210 79 75 fofl’a
659 1210 73 75 may
743 1210 40 75 be
799 1210 182 75 remarked.

181 1257 78 75 The
275 1257 170 75 aftragalus
462 1257 26 75 is
506 1257 189 75 articulated
715 1257 100 75 above
831 1257 36 75 to
887 1257 56 75 the
960 1257 78 75 tibia
1055 1257 61 75 and
1133 1257 36 75 fi-

134 1303 89 75 bula,
249 1303 106 75 which
373 1303 148 75 together
534 1303 84 75 form
630 1303 60 75 one
708 1303 117 75 cavity.
873 1303 159 75 Though,
1056 1303 32 75 in
1106 1303 64 75 this

132 1349 217 75 articulation,
374 1349 55 75 the
447 1349 97 75 bones
566 1349 81 75 have
670 1349 219 75 prominences
910 1349 61 75 and
989 1349 131 75 cavities
1136 1349 34 75 fo

133 1396 103 75 fmall,
261 1396 33 75 as
318 1396 104 75 might
439 1396 95 75 allow
551 1396 138 75 motions
712 1396 34 75 in
766 1396 42 75 all
825 1396 189 75 directions;
1042 1396 54 75 yet
1114 1396 55 75 the

132 1443 127 75 fleCtion
276 1443 61 75 and
354 1443 163 75 extenfioa
542 1443 53 75 are
618 1443 55 75 the
698 1443 79 75 molt
803 1443 226 75 confiderable,
1055 1443 56 75 the
1134 1443 35 75 o-

134 1489 72 75 ther
224 1489 138 75 motions
378 1489 95 75 being
489 1489 146 75 confined
658 1489 44 75 by
720 1489 54 75 the
799 1489 153 75 malleoli,
977 1489 62 75 and
1055 1489 41 75 by
1114 1489 54 75 the

133 1535 108 75 Itrong
263 1535 169 75 ligaments
450 1535 104 75 which
573 1535 42 75 go
632 1535 57 75 out
704 1535 86 75 from
815 1535 55 75 the
893 1535 106 75 points
1024 1535 40 75 of
1082 1535 88 75 thefe

130 1582 158 75 procefles
305 1582 36 75 to
353 1582 54 75 the
424 1582 169 75 aftragalus
612 1582 62 75 and
694 1582 36 75 os
750 1582 108 75 calcis.
906 1582 77 75 The
1000 1582 170 75 aftragalus

130 1628 33 75 is
181 1628 113 75 joined
318 1628 105 75 below
447 1628 34 75 to
506 1628 54 75 the
585 1628 37 75 os
638 1628 119 75 calcis;
785 1628 63 75 and
863 1628 125 75 before,
1012 1628 36 75 to
1064 1628 55 75 the
1135 1628 35 75 os

130 1674 195 75 uaviculare,
357 1674 32 75 in
416 1674 56 75 the
497 1674 131 75 manner
652 1674 38 75 to
711 1674 40 75 be
774 1674 170 75 explained
967 1674 92 75 when
1083 1674 88 75 thefe

132 1720 101 75 bones
250 1720 53 75 are
320 1720 178 75 defcribed.

182 1766 193 75 Calcaneum
391 1766 27 75 is
436 1766 56 75 the
507 1766 114 75 largeft
640 1766 84 75 bone
739 1766 41 75 of
798 1766 57 75 the
871 1766 116 75 feven.'
987 1766 182 75 —Behind,

130 1813 28 75 it
169 1813 26 75 is
213 1813 126 75 formed
354 1813 69 75 into
439 1813 19 75 a
473 1813 88 75 large
577 1813 100 75 knob,
696 1813 183 75 commonly
895 1813 102 75 called
1009 1813 55 75 the
1076 1813 90 75 heel:

131 1859 78 75 The
225 1859 124 75 furface
364 1859 40 75 of
423 1859 105 75 which
545 1859 27 75 is
588 1859 104 75 rough
709 1859 130 75 behind,
865 1859 106 75 where
999 1859 55 75 the
1069 1859 99 75 tendo

131 1906 141 75 Achillis
289 1906 27 75 is
332 1906 138 75 inferted
485 1906 69 75 into
570 1906 48 75 it;
644 1906 63 75 and
729 1906 112 75 above,
867 1906 26 75 it
917 1906 26 75 is
960 1906 122 75 hollow
1104 1906 63 75 and

130 1949 135 75 fpongy.
314 1949 136 75 Farther
472 1949 171 75 forwards,
669 1949 43 75 on
727 1949 56 75 the
799 1949 99 75 upper
914 1949 121 75 furface
1051 1949 42 75 of
1111 1949 55 75 the

132 1998 195 75 calcaneum,
353 1998 90 75 there
468 1998 27 75 is
520 1998 40 75 an
583 1998 171 75 irregular,
777 1998 132 75 oblong,
934 1998 128 75 fmooth
1089 1998 76 75 con-

130 2044 128 75 vexity,
287 2044 138 75 adapted
441 2044 35 75 to
492 2044 55 75 the
564 2044 168 75 concavity
749 2044 31 75 at
796 2044 55 75 the
868 2044 169 75 back-part
1052 2044 40 75 of
1111 2044 56 75 the

132 2090 171 75 aftragalus
316 2090 8 75 :
351 2090 78 75 And
445 2090 127 75 beyond
583 2090 64 75 this
665 2090 18 75 a
696 2090 124 75 narrow
832 2090 77 75 fofla
921 2090 27 75 is
960 2090 83 75 leen,
1061 2090 106 75 which

130 2137 125 75 divides
270 2137 26 75 it
314 2137 85 75 from
416 2137 65 75 two
507 2137 93 75 final!
622 2137 136 75 concave
776 2137 124 75 fmooth
916 2137 152 75 furfaces,
1094 2137 72 75 that

131 2184 55 75 are
207 2184 112 75 joined
342 2184 35 75 to
401 2184 55 75 the
480 2184 159 75 fore-part
664 2184 41 75 of
728 2184 57 75 the
808 2184 358 75 aftragalus.—Behind

130 2229 57 75 the
205 2229 152 75 pofterior
369 2229 40 75 of
426 2229 89 75 thefe
538 2229 128 75 fraooth
686 2229 151 75 furfaces,
862 2229 109 75 which
987 2229 27 75 is
1030 2229 55 75 the
1101 2229 64 75 lar-

132 2275 79 75 geft,
238 2275 19 75 a
272 2275 90 75 fmall
378 2275 145 75 finuofity
538 2275 27 75 is
582 2275 92 75 made
690 2275 44 75 by
746 2275 55 75 the
810 2275 118 75 tendon
940 2275 40 75 of
997 2275 55 75 the
1063 2275 104 75 flexor

131 2322 176 75 digitorum
329 2322 113 75 longus
461 2322 10 75 ;
506 2322 32 75 at
566 2322 55 75 the
647 2322 158 75 fore-part
832 2322 40 75 of
898 2322 105 75 which
1032 2322 19 75 a
1077 2322 89 75 fmall

131 2369 104 75 rough
259 2369 232 75 protuberance
515 2369 144 75 appears,
684 2369 72 75 that
780 2369 87 75 gives
884 2369 60 75 rife
960 2369 35 75 to
1011 2369 56 75 the
1083 2369 82 75 muf-

132 2414 90 75 culus
240 2414 150 75 extenfor
402 2414 173 75 digitorum
593 2414 120 75 brevis.

179 2460 35 75 T'
214 2460 42 75 he
279 2460 146 75 external
446 2460 64 75 fide
533 2460 39 75 of
591 2460 65 75 this
672 2460 82 75 bone
769 2460 27 75 is
812 2460 68 75 flat,
906 2460 80 75 with
1003 2460 18 75 a
1037 2460 128 75 fuperfi-

133 2507 59 75 cial
204 2507 84 75 fofla
310 2507 136 75 running
469 2507 233 75 horizontally,
725 2507 31 75 in
781 2507 107 75 which
912 2507 55 75 the
990 2507 118 75 tendon
1132 2507 40 75 of

132 2554 56 75 the
205 2554 160 75 mufculus
386 2554 164 75 peronseus
573 2554 114 75 longus
704 2554 26 75 is
757 2554 257 75 lodged.—The
1029 2554 137 75 internal

132 2601 65 75 fide
213 2601 41 75 of
272 2601 55 75 the
342 2601 173 75 heel-bone
538 2601 26 75 is
580 2601 174 75 hollowed,
780 2601 51 75 for
847 2601 133 75 lodging
992 2601 55 75 the
1062 2601 104 75 origin

132 2646 42 75 of
192 2646 56 75 the
264 2646 96 75 mafia
375 2646 116 75 cornea
506 2646 70 75 Jac.
602 2646 118 75 Sylvii,
744 2646 63 75 and
822 2646 53 75 for
891 2646 55 75 the
962 2646 65 75 fafe
1043 2646 122 75 paflage

132 2693 40 75 of
184 2693 147 75 tendons,
356 2693 125 75 nerves,
508 2693 62 75 and
582 2693 307 75 arteries.—Under
906 2693 56 75 the
978 2693 63 75 fide
1057 2693 40 75 of
1108 2693 55 75 the

132 2738 135 75 internal
294 2738 126 75 fmooth
443 2738 180 75 concavity,
648 2738 19 75 a
690 2738 172 75 particular
885 2738 120 75 groove
1028 2738 25 75 is
1071 2738 93 75 made

131 2785 45 75 by
192 2785 55 75 the
270 2785 117 75 tendon
412 2785 40 75 of
471 2785 56 75 the
551 2785 103 75 flexor
678 2785 126 75 pollicis
828 2785 136 75 longus;
991 2785 63 75 and
1078 2785 85 75 from

130 2830 56 75 the
203 2830 68 75 thin
290 2830 231 75 protuberance
537 2830 40 75 on
596 2830 63 75 this
675 2830 136 75 internal
828 2830 78 75 fide,
929 2830 56 75 the
1003 2830 159 75 cartilagi-

132 2875 80 75 nous
228 2875 152 75 ligament
403 2875 71 75 that
498 2875 145 75 fupports
666 2875 56 75 the
747 2875 186 75 aftragalus,
955 2875 75 75 goes
1047 2875 58 75 out
1127 2875 36 75 to

132 2921 57 75 the
206 2921 35 75 os
259 2921 200 75 naviculare;
485 2921 42 75 on
540 2921 109 75 which
674 2921 165 75 ligament,
865 2921 120 75 and.on
1009 2921 53 75 the
1082 2921 81 75 edge

134 2969 40 75 of
192 2969 64 75 this
281 2969 82 75 bone
388 2969 34 75 to
448 2969 105 75 which
577 2969 27 75 it
624 2969 29 75 is
676 2969 102 75 fixed,
801 2969 55 75 the
878 2969 120 75 groove
1019 2969 28 75 is
1063 2969 101 75 form-

1321 121 38 75 O
1477 121 48 75 M
1641 121 52 75 Y.

2103 121 98 75 Part
2221 121 30 75 T.

1222 190 40 75 ed
1287 190 52 75 for
1367 190 54 75 the
1449 190 118 75 tendon
1596 190 40 75 of
1654 190 55 75 the
1734 190 103 75 flexor
1860 190 173 75 digitorum
2061 190 190 75 profundus.

1268 236 77 75 The
1362 236 103 75 lower
1481 236 123 75 furface
1620 236 40 75 of
1679 236 63 75 this
1760 236 83 75 bone
1868 236 25 75 is
1918 236 121 75 prefled
2062 236 55 75 flat
2142 236 31 75 at
2197 236 55 75 the

1222 282 181 75 back-part,
1429 282 43 75 by
1493 282 55 75 the
1571 282 121 75 weight
1715 282 40 75 of
1774 282 58 75 our
1856 282 133 75 bodies;
2022 282 63 75 and
2106 282 145 75 immedi-

1223 329 85 75 ately
1330 329 112 75 before
1466 329 65 75 this
1557 329 104 75 plane,
1687 329 95 75 there
1802 329 53 75 are
1880 329 66 75 two
1970 329 173 75 tubercles,
2168 329 83 75 from

1223 375 54 75 the
1306 375 135 75 internal
1466 375 41 75 of
1536 375 106 75 which
1667 375 56 75 the
1749 375 157 75 mufculus
1934 375 151 75 abdu&or
2113 375 138 75 pollicis,

1221 420 104 75 flexor
1341 420 173 75 digitorum
1530 420 154 75 fublimis,
1711 420 34 75 as
1762 420 63 75 alfo
1838 420 70 75 part
1924 420 40 75 of
1983 420 55 75 the
2054 420 199 75 aponeurofis

1221 467 164 75 plantaris,
1411 467 62 75 and
1490 467 40 75 of
1549 467 55 75 the
1621 467 152 75 abdudtor
1796 467 120 75 minimi
1939 467 105 75 digiti,
2070 467 82 75 have
2169 467 83 75 their

1221 513 102 75 origin
1336 513 10 75 ;
1373 513 61 75 and
1450 513 56 75 the
1522 513 93 75 other
1634 513 72 75 part
1722 513 40 75 of
1781 513 54 75 the
1852 513 153 75 abdudlor
2020 513 122 75 minimi
2158 513 94 75 digiti

1221 559 62 75 and
1299 559 197 75 aponeurofis
1522 559 164 75 plantaris,
1712 559 74 75 rifes
1812 559 83 75 from
1919 559 56 75 the
1998 559 157 75 external.

1221 607 119 75 Before
1367 607 88 75 thefe
1483 607 245 75 protuberances
1755 607 65 75 this
1848 607 81 75 bone
1958 607 25 75 is
2011 607 151 75 concave,
2198 607 54 75 for

1220 652 133 75 lodging
1368 652 55 75 the
1439 652 104 75 flexor
1558 652 132 75 mufcles
1702 652 10 75 ;
1739 652 63 75 and
1818 652 32 75 at
1872 652 45 75 its-
1939 652 158 75 fore-part
2113 652 48 75 we
2177 652 75 75 may

1221 698 129 75 oblerve
1368 698 18 75 a
1409 698 102 75 rough
1535 698 184 75 depreflion,
1744 698 85 75 from
1853 698 118 75 which,
1996 698 63 75 and
2075 698 19 75 a
2109 698 142 75 tubercle

1221 744 118 75 behind
1355 744 37 75 it,
1419 744 54 75 the
1489 744 151 75 ligament
1657 744 75 75 goes
1750 744 57 75 out
1823 744 70 75 that
1910 744 147 75 prevents
2081 744 62 75 this
2168 744 83 75 bone

1221 791 33 75 to
1272 791 39 75 be
1319 791 173 75 Separated
1506 791 85 75 from
1608 791 55 75 the
1679 791 37 75 os
1733 791 164 75 cuboides.

1267 837 77 75 The
1369 837 157 75 fore-part
1543 837 40 75 of
1602 837 55 75 the
1680 837 36 75 os
1733 837 95 75 calcis
1851 837 28 75 is
1904 837 126 75 formed
2045 837 68 75 into
2131 837 38 75 an
2192 837 58 75 ob-

1217 883 90 75 long,
1333 883 208 75 pulley-like,,
1559 883 125 75 fmooth
1712 883 133 75 furface,
1871 883 105 75 which
2005 883 26 75 is
2056 883 134 75 circular
2218 883 33 75 at

1220 929 40 75 its
1290 929 99 75 upper
1415 929 145 75 external
1588 929 75 75 end,
1697 929 58 75 but
1780 929 27 75 is
1836 929 129 75 pointed
1993 929 119 75 below.
2165 929 86 75 This

1221 976 126 75 fmooth
1364 976 122 75 furface
1501 976 26 75 is
1546 976 93 75 fitted
1654 976 34 75 to
1706 976 54 75 the
1772 976 36 75 os
1826 976 164 75 cuboides.

1268 1022 144 75 Though
1438 1022 55 75 the
1518 1022 137 75 furfaces
1680 1022 43 75 by
1744 1022 105 75 which
1873 1022 54 75 the
1951 1022 169 75 aftragalus
2137 1022 61 75 and
2214 1022 38 75 os

1221 1069 95 75 calcis
1341 1069 54 75 are
1420 1069 202 75 articulated,
1647 1069 83 75 feem
1755 1069 35 75 fit
1814 1069 125 75 enough
1957 1069 51 75 for
2025 1069 144 75 motion;
2195 1069 56 75 yet

1221 1117 55 75 the
1293 1117 77 75 very
1386 1117 106 75 ftrong
1516 1117 167 75 ligaments
1700 1117 43 75 by
1759 1117 106 75 which
1882 1117 87 75 thefe
1989 1117 97 75 bones
2104 1117 52 75 are
2173 1117 77 75 con-

1220 1162 122 75 neifted,
1366 1162 132 75 prevent
1516 1162 37 75 it,
1578 1162 64 75 and
1658 1162 113 75 render
1794 1162 64 75 this
1875 1162 151 75 principal
2043 1162 70 75 part
2130 1162 40 75 of
2189 1162 62 75 our

1219 1208 84 75 bafe,
1328 1208 105 75 which
1455 1208 76 75 refts
1555 1208 43 75 on
1619 1208 55 75 the
1697 1208 136 75 ground,
1858 1208 35 75 to
1915 1208 69 75 wit,
2009 1208 56 75 the
2087 1208 36 75 os
2140 1208 108 75 calcis,

1221 1254 83 75 firm.

1267 1300 47 75 Os
1326 1300 194 75 naviculare,
1544 1300 26 75 is
1583 1300 173 75 fomewhat
1769 1300 229 75 circular.—It
2014 1300 28 75 is
2056 1300 126 75 formed
2198 1300 50 75 in-

1221 1346 35 75 to
1269 1346 37 75 an
1320 1346 119 75 oblong
1455 1346 166 75 concavity
1637 1346 130 75 behind,
1793 1346 51 75 for
1861 1346 159 75 receiving
2037 1346 54 75 the
2108 1346 142 75 anterior

1218 1392 84 75 head
1317 1392 40 75 of
1377 1392 54 75 the
1449 1392 286 75 aftragalus.—On
1752 1392 55 75 the
1831 1392 100 75 upper
1955 1392 134 75 furface,
2114 1392 91 75 there
2221 1392 28 75 is

1219 1439 18 75 a
1249 1439 101 75 rough
1363 1439 266 75 folfa.—Below,
1654 1439 56 75 the
1726 1439 36 75 os
1779 1439 179 75 naviculare
1974 1439 27 75 is
2017 1439 79 75 very
2111 1439 139 75 unequal

1219 1485 61 75 and
1297 1485 102 75 rough
1413 1485 9 75 ;
1450 1485 55 75 but
1523 1485 120 75 hollow
1660 1485 51 75 for
1728 1485 55 75 the
1802 1485 102 75 fafety
1920 1485 40 75 of
1980 1485 56 75 the
2054 1485 188 75 mufcles.—

1220 1531 54 75 On
1297 1531 42 75 its
1368 1531 109 75 infide,
1503 1531 18 75 a
1543 1531 89 75 large
1656 1531 87 75 knob
1767 1531 76 75 rifes
1868 1531 69 75 out,
1962 1531 84 75 from
2072 1531 105 75 which
2193 1531 57 75 the

1220 1578 151 75 abduiftor
1387 1578 123 75 pollicis
1528 1578 90 75 takes
1635 1578 30 75 in
1692 1578 70 75 part
1787 1578 41 75 its
1851 1578 115 75 origin,
1992 1578 56 75 the
2072 1578 118 75 tendon
2214 1578 41 75 of

1219 1624 56 75 the
1291 1624 118 75 tibialis
1426 1624 135 75 pofticus
1586 1624 27 75 is
1633 1624 139 75 inferted
1793 1624 69 75 into
1877 1624 40 75 it,
1942 1624 63 75 and
2020 1624 36 75 to
2072 1624 25 75 it
2114 1624 66 75 two
2196 1624 53 75 re-

1219 1670 162 75 markable
1391 1670 168 75 ligaments
1577 1670 53 75 are
1647 1670 108 75 fixed;
1782 1670 55 75 the
1853 1670 64 75 firft
1936 1670 26 75 is
1979 1670 55 75 the
2050 1670 106 75 ftrong
2173 1670 74 75 one,

1218 1717 155 75 formerly
1390 1717 195 75 mentioned,
1610 1717 104 75 which
1730 1717 147 75 fupports
1894 1717 55 75 the
1974 1717 53 75 afti
2036 1717 128 75 agalus;
2192 1717 56 75 the

1217 1763 116 75 fecond
1355 1763 27 75 is
1407 1763 160 75 ftretched
1589 1763 86 75 from
1698 1763 64 75 this
1786 1763 83 75 bone
1892 1763 166 75 obliquely
2082 1763 84 75 crofs
2191 1763 56 75 the

1217 1809 83 75 foot,
1334 1809 35 75 to
1396 1809 56 75 the
1476 1809 179 75 metatarfal
1682 1809 98 75 bones
1803 1809 40 75 of
1862 1809 54 75 the
1944 1809 119 75 middle
2091 1809 67 75 toe,
2185 1809 63 75 and

1217 1855 39 75 of
1276 1855 55 75 the
1349 1855 52 75 toe
1418 1855 77 75 next
1508 1855 35 75 to
1559 1855 56 75 the
1631 1855 83 75 little
1731 1855 178 75 one.—On
1925 1855 56 75 the
1997 1855 119 75 outfide
2133 1855 40 75 of
2191 1855 57 75 the

1216 1900 35 75 os
1279 1900 193 75 naviculare,
1498 1900 92 75 there
1617 1900 27 75 is
1672 1900 18 75 a
1714 1900 213 75 femicircular
1957 1900 126 75 fmooth
2109 1900 137 75 furface,

1215 1946 106 75 where
1338 1946 24 75 it
1379 1946 27 75 is
1425 1946 113 75 joined
1554 1946 35 75 to
1606 1946 55 75 the
1678 1946 36 75 os
1731 1946 288 75 cuboides.—The
2036 1946 158 75 fore-part
2211 1946 41 75 of

1215 1992 63 75 this
1303 1992 82 75 bone
1407 1992 28 75 is
1460 1992 43 75 all
1527 1992 137 75 covered
1688 1992 80 75 with
1792 1992 164 75 cartilage,
1981 1992 61 75 and
2066 1992 26 75 is
2115 1992 131 75 divided

1214 2039 69 75 into
1299 2039 90 75 three
1405 2039 123 75 fmooth
1545 2039 120 75 planes,
1690 2039 93 75 fitted
1799 2039 36 75 to
1856 2039 55 75 the
1936 2039 90 75 three
2052 2039 63 75 ofia
2137 2039 108 75 cunei-

1215 2086 128 75 formia.

1261 2132 76 75 The
1354 2132 39 75 os
1413 2132 179 75 naviculare
1616 2132 61 75 and
1694 2132 170 75 aftragalus
1889 2132 53 75 are
1964 2132 110 75 joined
2096 2132 32 75 as
2147 2132 17 75 a
2179 2132 65 75 ball

1215 2178 62 75 and
1291 2178 122 75 focket,
1437 2178 63 75 and
1516 2178 251 75 the.naviculare
1783 2178 108 75 moves
1914 2178 33 75 in
1969 2178 42 75 all
2026 2178 169 75 directions
2212 2178 33 75 in

1215 2224 129 75 turning
1359 2224 54 75 the
1431 2224 68 75 toes
1512 2224 150 75 inwards,
1680 2224 37 75 or
1730 2224 30 75 in
1778 2224 112 75 raifing
1906 2224 35 75 or
1955 2224 172 75 deprefling
2142 2224 106 75 either

1215 2271 62 75 fide
1293 2271 40 75 of
1353 2271 54 75 the
1419 2271 83 75 foot,
1527 2271 123 75 though
1664 2271 54 75 the
1735 2271 137 75 motions
1890 2271 53 75 are
1959 2271 123 75 greatly
2100 2271 143 75 reftrain-

1215 2317 40 75 ed
1266 2317 44 75 by
1326 2317 54 75 the
1391 2317 168 75 ligaments
1576 2317 105 75 which
1698 2317 130 75 conned
1841 2317 64 75 this
1922 2317 34 75 to
1973 2317 55 75 the
2040 2317 92 75 other
2145 2317 99 75 bones

1215 2364 40 75 of
1273 2364 55 75 the
1344 2364 114 75 tarfus.

1262 2409 48 75 Os
1330 2409 150 75 cuboides
1504 2409 27 75 is
1548 2409 18 75 a
1581 2409 78 75 very
1680 2409 156 75 irregular
1858 2409 90 75 cube.
2045 2409 139 75 Behind,
2215 2409 26 75 it

1214 2456 26 75 is
1268 2456 126 75 formed
1422 2456 68 75 into
1515 2456 39 75 an
1577 2456 120 75 oblong
1717 2456 138 75 unequal
1884 2456 181 75 concavity,
2104 2456 139 75 adapted

1215 2501 34 75 to
1266 2501 55 75 the
1337 2501 157 75 fore-part
1511 2501 40 75 of
1569 2501 55 75 the
1645 2501 36 75 os
1705 2501 213 75 calcis.—On
1941 2501 41 75 its
2006 2501 133 75 internal
2164 2501 76 75 fide,

1214 2548 90 75 there
1321 2548 26 75 is
1364 2548 19 75 a
1399 2548 87 75 fmall
1499 2548 211 75 femicircular
1725 2548 124 75 fmooth
1864 2548 118 75 cavity,
2008 2548 34 75 to
2054 2548 70 75 join
2136 2548 55 75 the
2203 2548 37 75 os

1213 2593 454 75 naviculare.—Immediately
1678 2593 111 75 before
1798 2593 118 75 which,
1936 2593 40 75 an
1991 2593 117 75 oblong
2117 2593 125 75 fmooth

1214 2640 89 75 plane
1326 2640 26 75 is
1375 2640 92 75 made
1491 2640 43 75 by
1558 2640 55 75 the
1638 2640 36 75 os
1698 2640 194 75 cuneiforme
1908 2640 184 75 externum.
2172 2640 68 75 Be-

1213 2685 64 75 low
1290 2685 76 75 this,
1384 2685 56 75 the
1455 2685 83 75 bone
1550 2685 26 75 is
1588 2685 121 75 hollow
1725 2685 61 75 and
1799 2685 218 75 rough.—On
2033 2685 55 75 the
2104 2685 136 75 internal

1212 2732 62 75 fide
1291 2732 39 75 of
1349 2732 55 75 the
1419 2732 99 75 lower
1535 2732 135 75 furface,
1695 2732 19 75 a
1726 2732 102 75 round
1844 2732 227 75 protuberance
2085 2732 62 75 and
2162 2732 80 75 fofla

1213 2779 52 75 are
1281 2779 112 75 found,
1420 2779 106 75 where
1543 2779 55 75 the
1614 2779 158 75 mufculus
1788 2779 155 75 adduCtor
1966 2779 124 75 pollicis
2115 2779 56 75 has
2196 2779 42 75 its

1212 2824 117 75 origin.
1376 2824 54 75 On
1445 2824 54 75 the
1516 2824 145 75 external
1673 2824 61 75 fide
1751 2824 40 75 of
1810 2824 63 75 this
1890 2824 82 75 fame
1984 2824 134 75 furface,
2148 2824 92 75 there

1212 2871 26 75 is
1264 2871 17 75 a
1306 2871 101 75 round
1431 2871 98 75 knob,
1554 2871 137 75 covered
1714 2871 76 75 with
1819 2871 173 75 cartilage;
2023 2871 217 75 immediately

1212 2917 108 75 before
1338 2917 117 75 which,
1482 2917 19 75 a
1512 2917 123 75 fmooth
1652 2917 78 75 fofla
1745 2917 73 75 may
1834 2917 40 75 be
1891 2917 164 75 obferved,
2080 2917 30 75 in
2132 2917 106 75 which

1213 2966 55 75 the
1285 2966 118 75 tendon
1426 2966 39 75 of
1485 2966 55 75 the
1555 2966 162 75 peronseus
1742 2966 118 75 primus
1882 2966 75 75 runs
1974 2966 162 75 obliquely
2152 2966 84 75 crofs
