2428 3377
130 146 101 75 Part
259 146 32 75 I.

691 146 485 75 ANA'

176 214 76 75 The
269 214 148 75 coracoid
434 214 124 75 procefs
576 214 26 75 is
620 214 152 75 crooked,
796 214 80 75 with
893 214 40 75 its
958 214 91 75 point
1073 214 91 75 incji-

128 260 78 75 ning
222 260 156 75 forwards
390 260 10 75 ;
426 260 35 75 fo
477 260 70 75 that
568 260 18 75 a
601 260 122 75 hollow
738 260 27 75 is
782 260 59 75 left
857 260 34 75 at
906 260 56 75 the
984 260 99 75 lower
1099 260 64 75 fide

130 307 41 75 of
188 307 42 75 its
243 307 86 75 root,
354 307 52 75 for
421 307 57 75 the
494 307 122 75 paffage
632 307 40 75 of
682 307 56 75 the
750 307 269 75 infra-fcapularis
1031 307 130 75 mufcle.

223 352 76 75 The
316 352 62 75 end
394 352 41 75 of
454 352 63 75 this
534 352 126 75 procefs
676 352 27 75 is
719 352 131 75 marked
867 352 79 75 with
970 352 91 75 three
1076 352 86 75 plain

127 398 154 75 furfaces.
330 398 75 75 Into
421 398 56 75 the
500 398 149 75 internal,
673 398 56 75 the
752 398 134 75 ferratus
911 398 104 75 minor
1039 398 122 75 anticus

128 445 27 75 is
173 445 157 75 inferred:
357 445 99 75 From
473 445 56 75 the
551 445 159 75 external,
734 445 62 75 one
817 445 84 75 head
923 445 40 75 of
982 445 56 75 the
1053 445 108 75 biceps

125 490 107 75 flexor
249 490 98 75 cubiti
364 490 97 75 rifes;
489 490 63 75 and
567 490 85 75 from
670 490 56 75 the
742 490 100 75 lower
859 490 73 75 one,
957 490 57 75 the
1030 490 130 75 coraco-

127 537 169 75 brachialis
324 537 58 75 has
405 537 43 75 its
472 537 115 75 origin.
684 537 47 75 At
754 537 56 75 the
835 537 99 75 upper
955 537 73 75 part
1044 537 42 75 of
1104 537 55 75 the

126 583 73 75 root
226 583 41 75 of
286 583 64 75 this
366 583 137 75 procefs,
529 583 216 75 immediately
771 583 111 75 before
909 583 56 75 the
991 583 170 75 femilunar

126 629 119 75 cavity,
264 629 18 75 a
297 629 127 75 fmooth
440 629 143 75 tubercle
600 629 143 75 appears,
760 629 109 75 where
881 629 19 75 a
910 629 152 75 ligament
1074 629 85 75 from

127 676 56 75 the
200 676 132 75 clavicle
348 676 27 75 is
393 676 100 75 fixed.
543 676 99 75 From
657 676 44 75 all
717 676 55 75 the
791 676 146 75 external
954 676 64 75 fide
1034 676 41 75 of
1093 676 65 75 this

126 722 150 75 coracoid
292 722 170 75 apophyfe,
487 722 19 75 a
521 722 101 75 broad
633 722 154 75 ligament
802 722 76 75 goes
897 722 68 75 out,
983 722 107 75 which
1102 722 55 75 be-

122 768 111 75 comes
251 768 161 75 narrower
428 768 107 75 where
550 768 26 75 it
593 768 26 75 is
636 768 89 75 fixed
741 768 35 75 to
790 768 59 75 the
865 768 175 75 acromion.

174 814 97 75 From
288 814 55 75 the
355 814 111 75 cervix
482 814 132 75 fcapulas
630 814 58 75 the
704 814 89 75 third
802 814 127 75 procefs
942 814 30 75 is
981 814 175 75 produced.

125 860 77 75 The
219 860 158 75 fore-part
401 860 41 75 of
460 860 64 75 this
548 860 27 75 is
599 860 127 75 formed
749 860 70 75 into
842 860 19 75 a
884 860 130 75 glenoid
1038 860 118 75 cavity,

126 906 105 75 which
248 906 26 75 is
292 906 40 75 of
350 906 56 75 the
430 906 93 75 fhape
546 906 41 75 of
605 906 55 75 the
683 906 213 75 longitudinal
919 906 116 75 fefHon
1058 906 40 75 of
1118 906 38 75 an

125 953 72 75 egg,
215 953 95 75 being
322 953 99 75 broad
434 953 116 75 below,
564 953 62 75 and
638 953 125 75 narrow
775 953 316 75 above,.—Between
1101 953 56 75 the

125 1000 97 75 brims
240 1000 40 75 of
291 1000 63 75 this
371 1000 133 75 hollow,
522 1000 64 75 and
600 1000 56 75 the
672 1000 160 75 fore-part
843 1000 40 75 of
893 1000 57 75 the
966 1000 74 75 root
1051 1000 40 75 of
1102 1000 56 75 the

125 1045 99 75 fpine,
249 1045 20 75 a
278 1045 89 75 large
382 1045 146 75 finuofity
544 1045 27 75 is
589 1045 72 75 left,
686 1045 53 75 for
755 1045 56 75 the
826 1045 205 75 tranfmiflion
1047 1045 41 75 of
1103 1045 55 75 the

124 1090 94 75 fupra
233 1090 62 75 and
306 1090 212 75 infra-fpinati
530 1090 133 75 mufcles
675 1090 10 75 ;
713 1090 74 75 and,
808 1090 42 75 on
863 1090 55 75 the
929 1090 100 75 upper
1040 1090 72 75 part
1123 1090 40 75 of

122 1138 90 75 thefe
228 1138 112 75 brims,
364 1138 50 75 we
430 1138 75 75 may
516 1138 126 75 remark
658 1138 19 75 a
687 1138 125 75 fmooth
825 1138 135 75 furface,
979 1138 107 75 where
1102 1138 56 75 the

124 1184 114 75 fecond
254 1184 85 75 head
354 1184 41 75 of
413 1184 56 75 the
482 1184 106 75 biceps
605 1184 103 75 flexor
718 1184 101 75 cubiti
829 1184 58 75 has
904 1184 41 75 its
962 1184 132 75 origin.-

124 1231 77 75 The
225 1231 73 75 root
323 1231 40 75 of
381 1231 56 75 the
459 1231 167 75 fiapercilii
649 1231 26 75 is
698 1231 103 75 rough
824 1231 43 75 all
893 1231 115 75 round,
1033 1231 52 75 for
1101 1231 56 75 the

124 1277 107 75 firmer
248 1277 212 75 adhefion.of
478 1277 55 75 the
558 1277 142 75 capfular
723 1277 153 75 ligament
899 1277 40 75 of
957 1277 57 75 the
1039 1277 118 75 articu-

125 1322 113 75 lation,
265 1322 63 75 and
354 1322 42 75 of
413 1322 56 75 the
496 1322 151 75 cartilage
675 1322 107 75 which
809 1322 27 75 is
861 1322 113 75 placed
998 1322 41 75 on
1068 1322 89 75 thefe

125 1368 112 75 brims,
263 1368 107 75 where
386 1368 25 75 it
427 1368 27 75 is
471 1368 102 75 thick,
599 1368 56 75 but
672 1368 147 75 becomes
842 1368 78 75 very
942 1368 70 75 thin
1038 1368 33 75 as
1088 1368 25 75 it
1130 1368 26 75 is

127 1415 172 75 continued
322 1415 141 75 towards
488 1415 57 75 the
572 1415 119 75 middle
719 1415 40 75 of
777 1415 56 75 the
857 1415 117 75 cavity,
999 1415 107 75 which
1130 1415 28 75 it

126 1460 79 75 lines
222 1460 44 75 all
282 1460 90 75 over.

173 1506 76 75 The
265 1506 179 75 medullary
459 1506 110 75 veflels
587 1506 89 75 enter
699 1506 56 75 the
770 1506 127 75 fcapula
915 1506 75 75 near
1011 1506 57 75 the
1084 1506 72 75 bafe

127 1553 41 75 of
184 1553 56 75 the
256 1553 98 75 fpine.

172 1599 77 75 The
264 1599 127 75 fcapula
406 1599 63 75 and
484 1599 131 75 clavicle
631 1599 53 75 are
702 1599 112 75 joined
837 1599 44 75 by
897 1599 85 75 plain
1004 1599 151 75 furfaces,

126 1645 111 75 tipped
252 1645 79 75 with
347 1645 173 75 cartilage;
546 1645 44 75 by
609 1645 104 75 which
738 1645 125 75 neither
877 1645 82 75 bone
975 1645 26 75 is
1020 1645 138 75 allowed

127 1691 60 75 any
204 1691 213 75 confiderable
433 1691 133 75 motion,
592 1691 95 75 being
702 1691 120 75 tightly
838 1691 66 75 tied
921 1691 96 75 down
1041 1691 44 75 by
1102 1691 54 75 the

122 1711 4 104 ■
126 1737 148 75 common
297 1737 142 75 capfular
462 1737 165 75 ligament,
652 1737 63 75 and
741 1737 44 75 by
812 1737 19 75 a
857 1737 78 75 very
961 1737 108 75 ftrong
1094 1737 61 75 one

125 1784 108 75 which
260 1784 153 75 proceeds
437 1784 85 75 from
547 1784 54 75 the
620 1784 149 75 coracoid
784 1784 148 75 procefs;
958 1784 58 75 but
1032 1784 122 75 divides

124 1830 70 75 into
211 1830 66 75 two
292 1830 109 75 before
423 1830 27 75 it
466 1830 27 75 is
516 1830 88 75 fixed
620 1830 67 75 into
703 1830 55 75 the
775 1830 142 75 clavicle,
942 1830 80 75 with
1043 1830 75 75 fuch
1136 1830 18 75 a

125 1876 167 75 direction,
317 1876 34 75 as
376 1876 102 75 either
502 1876 57 75 can
583 1876 97 75 allow
703 1876 63 75 this
782 1876 84 75 bone
882 1876 35 75 to
933 1876 80 75 have
1030 1876 18 75 a
1064 1876 89 75 fmall

124 1922 155 75 rotation,
303 1922 32 75 in
359 1922 105 75 which
487 1922 41 75 its
553 1922 152 75 pofterior
727 1922 80 75 edge
831 1922 91 75 turns
946 1922 88 75 more
1055 1922 98 75 back-

125 1970 116 75 wards,
266 1970 96 75 while
377 1970 56 75 the
450 1970 141 75 anterior
605 1970 60 75 one
681 1970 75 75 rifes
773 1970 122 75 farther
911 1970 155 75 forwards
1079 1970 11 75 ;
1116 1970 37 75 or

125 2016 26 75 it
167 2016 57 75 can
241 2016 86 75 yield
344 2016 35 75 to
395 2016 55 75 the
467 2016 157 75 fore-part
639 2016 40 75 of
690 2016 56 75 the
761 2016 126 75 fcapula
902 2016 129 75 moving
1043 2016 110 75 down-

126 2062 115 75 wards,
265 2062 96 75 while
377 2062 55 75 the
448 2062 168 75 back-part
632 2062 40 75 of
690 2062 26 75 it
737 2062 27 75 is
788 2062 110 75 drawn
923 2062 170 75 upwards;
1119 2062 33 75 in

125 2108 78 75 both
217 2108 106 75 which
339 2108 98 75 cafes,
462 2108 55 75 thfe
536 2108 118 75 oblong
671 2108 126 75 fmooth
813 2108 188 75 articulated
1015 2108 138 75 furfaces

125 2153 41 75 of
183 2153 56 75 the
255 2153 130 75 clavicle
402 2153 64 75 and
482 2153 124 75 fcapula
622 2153 53 75 are
691 2153 57 75 not
764 2153 31 75 in
812 2153 55 75 the
878 2153 84 75 fame
973 2153 103 75 plane,
1095 2153 57 75 but

125 2200 89 75 Hand
241 2200 19 75 a
286 2200 85 75 little
397 2200 220 75 tranfverfely,
650 2200 39 75 or
715 2200 104 75 acrofs
847 2200 77 75 each
953 2200 105 75 other,
1091 2200 63 75 and

124 2247 295 75 thereby.preferve
440 2247 65 75 this
526 2247 86 75 joint
635 2247 83 75 from
742 2247 175 75 luxations,
942 2247 35 75 to
998 2247 106 75 which
1127 2247 26 75 it

123 2292 110 75 would
249 2292 38 75 be
303 2292 132 75 fubjedt,
459 2292 32 75 if
508 2292 103 75 either
627 2292 40 75 of
683 2292 56 75 the
754 2292 99 75 bones
869 2292 64 75 was
950 2292 35 75 to
1002 2292 92 75 move
1111 2292 41 75 on

124 2339 56 75 the
200 2339 95 75 other
308 2339 276 75 perpendicularly
599 2339 42 75 up
658 2339 62 75 and
736 2339 108 75 down,
868 2339 137 75 without
1021 2339 62 75 any
1100 2339 52 75 ro-

123 2385 240 75 tation.—The
380 2385 125 75 fcapula
520 2385 26 75 is
564 2385 169 75 connected
750 2385 35 75 to
807 2385 56 75 the
884 2385 96 75 head,
1006 2385 36 75 os
1058 2385 94 75 hyoi-

123 2430 70 75 des,
222 2430 167 75 vertebras,
422 2430 77 75 ribs,
530 2430 62 75 and
620 2430 177 75 arm-bone,
828 2430 44 75 by
903 2430 146 75 mufcles,
1080 2430 72 75 that

124 2476 80 75 have
220 2476 60 75 one
296 2476 63 75 end
379 2476 141 75 fattened
543 2476 36 75 to
602 2476 86 75 thefe
711 2476 111 75 bones,
849 2476 62 75 and
927 2476 56 75 the
999 2476 94 75 other
1116 2476 36 75 to

123 2522 57 75 the
203 2522 137 75 fcapula,
367 2522 104 75 which
497 2522 58 75 can
582 2522 92 75 move
698 2522 25 75 it
751 2522 160 75 upwards,
936 2522 213 75 downwards,

123 2566 201 75 backwards,
341 2566 38 75 or
394 2566 176 75 forwards;
595 2566 44 75 by
651 2566 55 75 the
722 2566 98 75 quick
831 2566 166 75 fucceffion
1013 2566 40 75 of
1063 2566 88 75 thefe

125 2612 150 75 motions,
300 2612 41 75 its
356 2612 104 75 whole
476 2612 87 75 body
578 2612 27 75 is
623 2612 123 75 carried
757 2612 31 75 in
801 2612 19 75 a
835 2612 109 75 circle.

172 2658 76 75 The
264 2658 53 75 ufe
333 2658 40 75 of
384 2658 55 75 the
455 2658 125 75 fcapula
595 2658 39 75 is,
660 2658 35 75 to
710 2658 87 75 ferve
815 2658 32 75 as
860 2658 18 75 a
894 2658 137 75 fulcrum
1048 2658 36 75 to
1095 2658 55 75 the

125 2704 66 75 arm
204 2704 10 75 :
241 2704 74 75 and,
341 2704 43 75 by
400 2704 135 75 altering
551 2704 40 75 its
608 2704 133 75 pofition
757 2704 41 75 on
815 2704 149 75 different
979 2704 171 75 occafions,

123 2749 37 75 to
176 2749 94 75 allow
286 2749 118 75 always
420 2749 56 75 the
492 2749 82 75 head
590 2749 42 75 of
649 2749 56 75 the
721 2749 36 75 os
773 2749 123 75 humeri
921 2749 18 75 a
955 2749 84 75 right
1057 2749 93 75 fitua-

124 2795 55 75 ted
195 2795 108 75 focket
319 2795 35 75 to
370 2795 92 75 move
477 2795 54 75 in;
558 2795 61 75 and
635 2795 134 75 thereby
792 2795 36 75 to
852 2795 76 75 aflift
951 2795 62 75 and
1038 2795 35 75 to
1095 2795 55 75 en-

123 2841 88 75 large
223 2841 125 75 greatly
362 2841 55 75 the
433 2841 137 75 motions
587 2841 40 75 of
644 2841 56 75 the
716 2841 141 75 fuperior
874 2841 186 75 extremity,
1088 2841 63 75 and

124 2887 35 75 to
176 2887 104 75 afford
303 2887 56 75 the
383 2887 131 75 mufcles
537 2887 106 75 which
663 2887 59 75 rife
745 2887 83 75 from
852 2887 26 75 it
895 2887 88 75 more
999 2887 151 75 advanta-

124 2933 98 75 geous
246 2933 130 75 actions,
401 2933 44 75 by
469 2933 133 75 altering
630 2933 84 75 their
741 2933 168 75 diredtions
934 2933 38 75 to
996 2933 55 75 the
1068 2933 82 75 bone

124 2979 104 75 which
242 2979 77 75 they
331 2979 52 75 are
399 2979 36 75 to
446 2979 105 75 move,

172 3027 96 75 Vol.
286 3027 30 75 I.
340 3027 121 75 No.'S.

1186 150 21 75 r
1323 150 42 75 O
1482 150 48 75 M
1645 150 54 75 Y.

2167 150 15 75 I
2182 182 63 49 77

1262 214 76 75 The
1354 214 89 75 Arm
1461 214 58 75 has
1536 214 78 75 only
1633 214 60 75 one
1711 214 94 75 bone,
1829 214 67 75 bett
1911 214 118 75 known
2047 214 44 75 by
2107 214 56 75 the
2179 214 69 75 La-

1213 259 47 75 tin
1278 259 91 75 name
1386 259 40 75 of
1436 259 31 75 ex
1485 259 149 75 humeri;
1660 259 106 75 which
1784 259 26 75 is
1827 259 88 75 long,
1941 259 115 75 round,
2076 259 63 75 and
2155 259 91 75 near-

1213 305 34 75 ly
1263 305 144 75 ftreight.

1258 353 75 75 The
1357 353 98 75 upper
1470 353 65 75 end
1550 353 40 75 of
1610 353 63 75 this
1698 353 83 75 bone
1806 353 26 75 is
1856 353 128 75 formed
2009 353 69 75 into
2102 353 20 75 a
2141 353 103 75 large,

1210 398 115 75 round,
1356 398 125 75 fmooth
1508 398 95 75 head,
1635 398 107 75 whofe
1765 398 126 75 middle
1917 398 91 75 point
2034 398 28 75 is
2087 398 58 75 not
2168 398 32 75 in
2226 398 20 75 a

1210 443 130 75 ftreight
1352 443 63 75 line
1427 443 145 75 with-the
1584 443 70 75 axis
1671 443 41 75 of
1722 443 57 75 the
1791 443 94 75 bone,
1904 443 58 75 but
1979 443 105 75 ftands
2097 443 147 75 oblique-

1209 490 35 75 ly
1260 490 185 75 backwards
1459 490 83 75 from
1557 490 213 75 it.—a—The
1786 490 113 75 extent
1915 490 41 75 of
1975 490 56 75 the
2046 490 85 75 head
2150 490 28 75 is
2194 490 50 75 di-

1210 537 187 75 ftinguilhed
1412 537 45 75 by
1474 537 18 75 a
1503 537 135 75 circular
1654 537 78 75 foffa
1744 537 212 75 furrounding
1967 537 41 75 its
2026 537 85 75 bafe,
2137 537 107 75 where

1210 583 55 75 the
1281 583 84 75 head
1379 583 27 75 is
1423 583 110 75 united
1545 583 35 75 to
1596 583 56 75 the
1668 583 96 75 bone,
1790 583 62 75 and
1868 583 54 75 the
1939 583 142 75 capfular
2091 583 154 75 ligament

1211 628 40 75 of
1270 628 54 75 the
1336 628 86 75 joint
1438 628 27 75 is
1478 628 99 75 fixed.
1674 628 113 75 Below
1806 628 56 75 the
1878 628 159 75 fore-part
2053 628 40 75 of
2111 628 41 75 its
2170 628 73 75 bafe

1209 676 65 75 two
1291 676 158 75 tubercles
1476 676 87 75 ftand
1587 676 77 75 out:
1690 676 78 75 The
1784 676 134 75 fmalleft
1934 676 72 75 one,
2032 676 104 75 which
2162 676 27 75 is
2203 676 39 75 fi-

1208 723 112 75 tuated
1335 723 80 75 moft
1431 723 35 75 to
1483 723 56 75 the
1555 723 109 75 infide,
1688 723 58 75 has
1763 723 56 75 the
1843 723 119 75 tendon
1988 723 40 75 of
2046 723 56 75 the
2117 723 124 75 fubfca-

1208 769 118 75 pularis
1343 769 118 75 mufcle
1476 769 139 75 inferted
1630 769 69 75 into
1724 769 38 75 it.
1858 769 76 75 The
1955 769 106 75 larger
2076 769 90 75 more
2182 769 59 75 ex-

1208 814 102 75 ternal
1334 814 232 75 protuberance
1591 814 27 75 is
1645 814 142 75 divided,
1813 814 32 75 at
1869 814 42 75 its
1936 814 100 75 upper
2063 814 85 75 part,
2171 814 71 75 into

1206 861 90 75 three
1318 861 127 75 fmooth
1461 861 85 75 plain
1571 861 161 75 furfaces;
1757 861 68 75 into
1843 861 55 75 the
1915 861 141 75 anterior
2067 861 42 75 of
2119 861 120 75 which,

1207 907 55 75 the
1279 907 158 75 mufculus
1458 907 246 75 fupra-fpinatus
1722 907 11 75 ;
1766 907 73 75 into
1852 907 55 75 the
1924 907 120 75 middle
2059 907 38 75 or
2112 907 128 75 largcft,

1207 953 55 75 the
1285 953 261 75 infra-fpinatus;
1581 953 69 75 into
1673 953 55 75 the
1751 953 60 75 one
1834 953 131 75 behind,
1990 953 56 75 the
2069 953 84 75 teres
2181 953 58 75 mi-

1208 999 71 75 nor,
1304 999 29 75 is
1356 999 150 75 inferted.
1603 999 155 75 Between
1782 999 87 75 thefe
1893 999 65 75 two
1983 999 171 75 tubercles,
2183 999 57 75 ex-

1207 1045 84 75 adUy
1315 1045 31 75 in
1371 1045 56 75 the
1451 1045 69 75 fore
1537 1045 72 75 part
1632 1045 41 75 of
1697 1045 57 75 the
1778 1045 94 75 bone,
1906 1045 20 75 a
1949 1045 80 75 deep
2056 1045 76 75 long
2161 1045 80 75 foffa

1208 1091 26 75 is
1259 1091 138 75 formed,
1426 1091 53 75 for
1505 1091 134 75 lodging
1665 1091 55 75 the
1745 1091 167 75 tendinous
1939 1091 84 75 head
2045 1091 42 75 of
2107 1091 57 75 the
2191 1091 48 75 bi-

1207 1138 74 75 ceps
1298 1138 104 75 flexor
1425 1138 112 75 cubiti.
1634 1138 54 75 On
1711 1138 78 75 each
1805 1138 65 75 fide
1893 1138 41 75 of
1952 1138 64 75 this
2041 1138 90 75 foffa,
2156 1138 35 75 as
2213 1138 28 75 it

1207 1184 150 75 defcends
1383 1184 32 75 in
1439 1184 56 75 the
1518 1184 37 75 os
1580 1184 138 75 humeri,
1744 1184 19 75 a
1784 1184 102 75 rough
1912 1184 102 75 ridge,
2039 1184 113 75 gently
2167 1184 71 75 flat-

1208 1231 55 75 ted
1286 1231 33 75 in
1344 1231 56 75 the
1425 1231 132 75 middle,
1591 1231 74 75 runs
1690 1231 85 75 from
1801 1231 54 75 the
1881 1231 88 75 roots
1993 1231 41 75 of
2052 1231 58 75 the
2131 1231 108 75 tuber-

1208 1277 77 75 cles.
1380 1277 77 75 The
1470 1277 120 75 tendon
1606 1277 41 75 of
1666 1277 54 75 the
1737 1277 137 75 pedtora!
1883 1277 120 75 mufcle
2018 1277 28 75 is
2063 1277 88 75 fixed
2170 1277 69 75 into

1208 1323 54 75 the
1279 1323 139 75 anterior
1433 1323 40 75 of
1491 1323 87 75 thefe
1595 1323 120 75 ridges,
1741 1323 62 75 and
1820 1323 55 75 the
1886 1323 161 75 latiflimus
2064 1323 95 75 dorfi,
2177 1323 63 75 and

1208 1368 82 75 teres
1304 1368 114 75 major,
1444 1368 53 75 are
1513 1368 137 75 inferted
1666 1368 70 75 into
1753 1368 54 75 the
1824 1368 133 75 internal
1971 1368 72 75 one.
2139 1368 33 75 A
2184 1368 53 75 lit-

1207 1415 44 75 tle
1264 1415 118 75 behind
1398 1415 54 75 the
1468 1415 101 75 lower
1585 1415 60 75 end
1664 1415 40 75 of
1714 1415 64 75 this
1790 1415 69 75 laft,
1885 1415 136 75 another
2034 1415 101 75 rough
2149 1415 90 75 ridge

1206 1461 74 75 may
1292 1461 39 75 be
1342 1461 166 75 obferved,
1533 1461 107 75 where
1657 1461 55 75 the
1728 1461 299 75 coraco-brachialis
2043 1461 26 75 is
2085 1461 151 75 inferted.

1299 1507 94 75 From
1418 1507 54 75 the
1489 1507 169 75 back-part
1681 1507 41 75 of
1739 1507 55 75 the
1817 1507 74 75 root
1907 1507 41 75 of
1967 1507 55 75 the
2042 1507 115 75 largeft
2181 1507 52 75 tu-

1207 1554 119 75 bercle,
1351 1554 19 75 a
1385 1554 90 75 ridge
1492 1554 65 75 alfo
1574 1554 26 75 is
1622 1554 183 75 continued,
1831 1554 83 75 from
1931 1554 105 75 which
2053 1554 56 75 the
2131 1554 107 75 brevis

1206 1598 149 75 extenfor
1371 1598 100 75 cubiti
1488 1598 114 75 rifes.-
1672 1598 84 75 This
1774 1598 82 75 bone
1872 1598 27 75 is
1922 1598 114 75 flatted
2058 1598 41 75 on
2117 1598 55 75 the
2187 1598 49 75 in-

1206 1646 75 75 fide,
1308 1646 96 75 about
1420 1646 41 75 its
1479 1646 132 75 middle,
1637 1646 43 75 by
1697 1646 54 75 the
1768 1646 88 75 belly
1870 1646 41 75 of
1929 1646 55 75 the
2008 1646 107 75 biceps
2133 1646 104 75 flexor

1206 1692 113 75 cubiti.
1414 1692 39 75 In
1481 1692 56 75 the
1565 1692 120 75 middle
1707 1692 41 75 of
1767 1692 62 75 this
1848 1692 84 75 plain
1948 1692 135 75 furface,
2109 1692 55 75 the
2180 1692 55 75 en-

1207 1738 53 75 try
1283 1738 41 75 of
1341 1738 56 75 the
1421 1738 179 75 medullary
1623 1738 109 75 artery
1757 1738 26 75 is
1810 1738 71 75 feen
1911 1738 132 75 flanting
2070 1738 167 75 obliquely

1206 1785 213 75 downwards.
1516 1785 49 75 At
1581 1785 54 75 the
1647 1785 151 75 fore-fide
1815 1785 40 75 of
1873 1785 64 75 this
1953 1785 106 75 plane,
2085 1785 55 75 the
2152 1785 84 75 bone

1206 1831 75 75 rifes
1298 1831 31 75 in
1348 1831 17 75 a
1378 1831 66 75 fort
1460 1831 40 75 of
1518 1831 102 75 ridge,
1646 1831 105 75 which
1769 1831 27 75 is
1815 1831 114 75 rough,
1954 1831 62 75 and
2033 1831 91 75 often
2140 1831 58 75 has
2215 1831 19 75 a

1205 1876 89 75 great
1310 1876 95 75 many
1426 1876 90 75 fmall
1540 1876 91 75 holes
1656 1876 31 75 in
1713 1876 39 75 it,
1778 1876 107 75 where
1900 1876 57 75 the
1983 1876 119 75 tendon
2119 1876 41 75 of
2176 1876 58 75 the

1203 1922 106 75 ftrong
1324 1922 124 75 deltoid
1465 1922 116 75 mufcle
1603 1922 27 75 is
1646 1922 159 75 inferted;
1832 1922 40 75 on
1889 1922 78 75 each
1985 1922 61 75 fide
2069 1922 40 75 of
2126 1922 107 75 which

1202 1970 56 75 the
1273 1970 83 75 bone
1372 1970 27 75 is
1415 1970 126 75 fmooth
1558 1970 61 75 and
1635 1970 67 75 flat,
1729 1970 105 75 where
1857 1970 55 75 the
1937 1970 179 75 brachioeus
2132 1970 100 75 inter-

1202 2016 58 75 nus
1277 2016 62 75 rife'
1339 2016 25 75 s.
1411 2016 78 75 The
1505 2016 146 75 exterior
1666 2016 42 75 of
1726 2016 86 75 thefe
1824 2016 65 75 two
1905 2016 57 75 flat
1976 2016 138 75 furfaces
2131 2016 27 75 is
2175 2016 58 75 the

1202 2062 136 75 largeft;
1365 2062 118 75 behind
1494 2062 27 75 it
1541 2062 18 75 a
1575 2062 176 75 fuperficial
1768 2062 92 75 fpiral
1877 2062 145 75 channel,
2048 2062 125 75 formed
2189 2062 45 75 by

1203 2108 55 75 the
1284 2108 156 75 mufcular
1467 2108 94 75 nerve
1587 2108 63 75 and
1674 2108 55 75 the
1755 2108 107 75 veffels
1888 2108 70 75 that
1983 2108 193 75 accompany
2191 2108 39 75 it,

1203 2154 74 75 runs
1293 2154 85 75 from
1394 2154 120 75 behind
1530 2154 157 75 forwards
1704 2154 62 75 and
1790 2154 339 75 downwards.—The
2143 2154 90 75 body

1203 2201 40 75 of
1253 2201 55 75 the
1320 2201 36 75 os
1372 2201 123 75 humeri
1511 2201 27 75 is
1554 2201 113 75 flatted
1682 2201 117 75 behind
1816 2201 43 75 by
1870 2201 55 75 the
1942 2201 163 75 extenfors
2124 2201 40 75 of
2174 2201 56 75 the

1201 2246 166 75 fore-arm.
1464 2246 90 75 Near
1564 2246 57 75 the
1635 2246 99 75 lower
1749 2246 63 75 end
1835 2246 41 75 of
1893 2246 64 75 this
1981 2246 94 75 bone,
2100 2246 19 75 a
2141 2246 89 75 large

1202 2291 90 75 fliarp
1315 2291 90 75 ridge
1421 2291 26 75 is
1465 2291 161 75 extended
1649 2291 41 75 on
1705 2291 42 75 its
1772 2291 134 75 outfidc,
1932 2291 84 75 from
2041 2291 105 75 which
2174 2291 56 75 the

1203 2338 156 75 mufculqs
1375 2338 140 75 fpinator
1531 2338 79 75 radii
1626 2338 127 75 longus,
1779 2338 62 75 and
1866 2338 56 75 the
1945 2338 120 75 longeft
2087 2338 84 75 head
2193 2338 42 75 of

1203 2384 54 75 the
1274 2384 149 75 extenfor
1439 2384 84 75 carpi
1540 2384 127 75 radialis
1684 2384 273 75 rife.—Oppofite
1974 2384 35 75 to
2032 2384 76 75 this,
2137 2384 92 75 there

1201 2430 26 75 is
1245 2430 133 75 another
1394 2430 88 75 final!
1499 2430 100 75 ridge,
1625 2430 36 75 to
1677 2430 106 75 which
1799 2430 55 75 the
1871 2430 203 75 aponeurotic
2095 2430 132 75 tendon,

1201 2475 69 75 that
1283 2475 86 75 gives
1387 2475 101 75 origin
1506 2475 33 75 to
1556 2475 55 75 the
1626 2475 93 75 fibres
1736 2475 40 75 of
1787 2475 54 75 the
1858 2475 132 75 internal
2004 2475 59 75 and
2081 2475 146 75 external

1200 2521 152 75 brachioei
1364 2521 144 75 mufcles,
1527 2521 26 75 is
1566 2521 107 75 fixed;
1700 2521 63 75 and
1774 2521 83 75 from
1868 2521 20 75 a
1898 2521 84 75 little
1997 2521 173 75 depreifion
2185 2521 42 75 on

1200 2568 55 75 the
1272 2568 149 75 fore-fide
1437 2568 40 75 of
1495 2568 38 75 it,
1559 2568 54 75 the
1628 2568 150 75 pronator
1792 2568 81 75 radii
1891 2568 82 75 teres
1987 2568 88 75 rifes.

1246 2613 76 75 The
1339 2613 87 75 body
1441 2613 40 75 of
1492 2613 54 75 the
1555 2613 36 75 os
1608 2613 123 75 humeri
1748 2613 145 75 becomes
1909 2613 170 75 gradually
2088 2613 140 75 broader

1199 2658 139 75 towards
1352 2658 58 75 the
1427 2658 99 75 lower
1542 2658 72 75 end,
1640 2658 107 75 vhere
1772 2658 24 75 it
1821 2658 57 75 has
1903 2658 118 75 feveral
2046 2658 176 75 proceffes;

1200 2705 32 75 at
1255 2705 55 75 the
1328 2705 87 75 roots
1431 2705 40 75 of
1490 2705 104 75 which
1611 2705 90 75 there
1717 2705 26 75 is
1767 2705 19 75 a
1801 2705 105 75 cavity
1922 2705 123 75 before,
2070 2705 62 75 and
2149 2705 74 75 ano-

1199 2751 72 75 ther
1283 2751 128 75 behind.
1458 2751 76 75 The
1558 2751 137 75 anterior
1713 2751 27 75 is
1756 2751 141 75 divided,
1923 2751 43 75 by
1989 2751 18 75 a
2029 2751 101 75 ridge,
2154 2751 71 75 into

1200 2798 85 75 two;
1312 2798 54 75 the
1382 2798 157 75 external,
1564 2798 103 75 which
1684 2798 27 75 is
1727 2798 56 75 the
1808 2798 87 75 leaft,
1922 2798 136 75 receives
2082 2798 55 75 the
2160 2798 64 75 end

1200 2844 40 75 of
1258 2844 55 75 the
1335 2844 126 75 radius;
1488 2844 62 75 and
1574 2844 54 75 the
1655 2844 134 75 internal
1818 2844 139 75 receives
1987 2844 54 75 the
2070 2844 154 75 coronoid

1201 2891 122 75 procefs
1351 2891 40 75 of
1413 2891 57 75 the
1502 2891 74 75 ulna
1607 2891 32 75 in
1671 2891 56 75 the
1753 2891 125 75 flefnon
1906 2891 40 75 of
1972 2891 57 75 the
2054 2891 168 75 fore-arm,

1199 2938 94 75 while
1310 2938 54 75 the
1380 2938 151 75 pofterior
1546 2938 79 75 deep
1641 2938 176 75 triangular
1834 2938 107 75 cavity
1956 2938 110 75 lodges
2083 2938 55 75 the
2155 2938 66 75 ole-

1199 2985 115 75 cranon
1331 2985 32 75 in
1383 2985 54 75 the
1453 2985 178 75 extenfions
1647 2985 40 75 of
1706 2985 70 75 that
1800 2985 278 75 member.—The
2094 2985 78 75 fides
2189 2985 40 75 of

1710 3034 29 75 Y
1764 3034 22 75 y

2169 3034 56 75 the

991 3041 17 75 3
