2443 3377
507 165 43 75 A

707 165 45 75 u

897 165 24 75 '

1072 165 19 75 (
1150 165 79 75 341
1292 165 19 75 )

1637 165 42 75 A

1839 165 44 75 u

180 235 116 75 Hence
313 235 55 75 the
382 235 68 75 line
472 235 187 75 conne&’ng
686 235 87 75 thefe
796 235 106 75 points
931 235 33 75 is-
987 235 104 75 called
1118 235 56 75 the

180 287 66 75 line
269 287 44 75 of
325 287 56 75 the
400 287 136 75 dpftdes.
586 287 62 75 See
665 287 262 75 Astronomy.

133 332 130 75 Apsis,
289 332 118 75 among
429 332 217 75 eccldiaftical
674 332 139 75 writers,
839 332 133 75 denotes
998 332 56 75 the
1081 332 91 75 inner

179 378 72 75 part
267 378 40 75 of
319 378 56 75 the
392 378 125 75 ancient
530 378 170 75 churches,
718 378 176 75 anfwering
915 378 33 75 to
966 378 55 75 the
1037 378 135 75 modern

181 425 106 75 choir.
337 425 32 75 It
385 425 27 75 is
436 425 65 75 alfo
523 425 78 75 ufed
628 425 55 75 for
709 425 55 75 the
792 425 138 75 bifhop’s
957 425 128 75 throne,
1110 425 64 75 and

181 471 183 75 fometime#
379 471 52 75 for
448 471 56 75 the
520 471 109 75 ambo.
680 471 63 75 See
761 471 127 75 Ambo.

133 518 266 75 APSYRTUS,
426 518 32 75 in
476 518 133 75 botany.
660 518 63 75 See
738 518 268 75 Marrubium.

132 565 142 75 APTE,
300 565 19 75 a
334 565 95 75 fmali
444 565 69 75 city
524 565 40 75 of
575 565 177 75 Provence,
777 565 31 75 in
828 565 133 75 France,
986 565 136 75 fituated
1137 565 33 75 a-

180 612 77 75 bout
277 612 41 75 25
338 612 92 75 miles
447 612 97 75 north
561 612 41 75 of
612 612 84 75 Aix,
721 612 33 75 in
779 612 17 75 5
796 594 21 49 0
840 612 58 75 So'
926 612 45 75 E.
991 612 90 75 long,
1107 612 64 75 and

184 658 39 75 43
223 640 22 49 c
268 658 54 75 50'
336 658 57 75 ‘N.
411 658 59 75 lat.

133 705 213 75 APTERA,
370 705 57 75 the
443 705 84 75 term
543 705 76 75 ufed
644 705 44 75 by
704 705 152 75 Linnaeus
884 705 53 75 for
963 705 50 75 his
1039 705 132 75 feventh

183 750 97 75 order
311 750 41 75 of
378 750 125 75 infers,
543 750 271 75 comprehending
846 750 76 75 fucli
952 750 34 75 as
1018 750 83 75 have
1128 750 43 75 no

181 798 115 75 wings.

136 844 249 75 APTHANE,
411 844 18 75 a
445 844 72 75 title
534 844 163 75 anciently
711 844 94 75 given
829 844 37 75 to
892 844 56 75 the
971 844 125 75 higheft
1113 844 56 75 de-

183 891 91 75 grees
291 891 41 75 of
343 891 136 75 nobility
495 891 32 75 in
546 891 169 75 Scotland.
766 891 62 75 See
848 891 156 75 Thane.

134 937 212 75 APTOTE,
372 937 116 75 among
511 937 240 75 grammarians,
778 937 40 75 an
843 937 212 75 indeclinable
1073 937 98 75 noun,

182 985 36 75 or
234 985 61 75 one
313 985 104 75 which
434 985 57 75 has
507 985 43 75 no
567 985 155 75 variation
738 985 40 75 of
789 985 99 75 cafes.

133 1031 147 75 APUA,
305 1031 32 75 in
354 1031 224 75 ichthyology,
602 1031 41 75 an
659 1031 141 75 obfolete
816 1031 92 75 name
920 1031 40 75 of
970 1031 56 75 the
1042 1031 128 75 gobius.

184 1077 63 75 See
264 1077 175 75 Gobius.

135 1124 197 75 APULIA,
359 1124 36 75 or
411 1124 169 75 Puglia,
605 1124 32 75 in
655 1124 198 75 geography.
906 1124 62 75 See
985 1124 168 75 Puglia.

133 1169 139 75 APUS,
297 1169 34 75 in
348 1169 219 75 ornithology,
592 1169 57 75 the
665 1169 107 75 trivial
790 1169 91 75 name
903 1169 42 75 of
956 1169 19 75 a
997 1169 119 75 fpecies
1133 1169 44 75 of

182 1214 151 75 hirundo.
384 1214 63 75 See
464 1214 207 75 Hirundo.

133 1263 179 75 APYCNI
330 1263 115 75 Suoniy
470 1263 32 75 in
520 1263 107 75 mulic,
651 1263 118 75 founds
791 1263 116 75 diftant
930 1263 61 75 one
1018 1263 37 75 or
1078 1263 90 75 more

181 1308 138 75 oftaves,
343 1308 63 75 and
421 1308 55 75 yet
495 1308 153 75 concord.

134 1355 238 75 APYCNOS,
396 1355 32 75 in
446 1355 108 75 mufic,
578 1355 29 75 is
623 1355 66 75 faid
706 1355 40 75 of
758 1355 55 75 the
829 1355 142 75 diatonic
988 1355 113 75 genus,
1126 1355 42 75 on

183 1400 135 75 account
333 1400 41 75 of
384 1400 42 75 its
445 1400 119 75 having
581 1400 144 75 fpacious
741 1400 165 75 intervals,
923 1400 34 75 in
974 1400 198 75 comparifon

184 1447 40 75 of
235 1447 56 75 the
307 1447 178 75 chromatic
502 1447 64 75 and
592 1447 218 75 enharmonic.
861 1447 62 75 See
946 1447 225 75 Diatonic,

185 1493 258 75 Chromatic,
469 1493 64 75 <fcc.

137 1540 239 75 APYREXY,
401 1540 116 75 among
540 1540 189 75 phyficians,
745 1540 133 75 denotes
895 1540 55 75 the
969 1540 204 75 intermiffion

184 1587 39 75 of
235 1587 18 75 a
268 1587 101 75 fever.

137 1633 153 75 AQUA,
315 1633 19 75 a
350 1633 84 75 term
460 1633 187 75 frequently
661 1633 68 75 met
745 1633 78 75 with
846 1633 33 75 in
903 1633 56 75 the
975 1633 144 75 writings
1136 1633 42 75 of

184 1679 190 75 phyficians,
398 1679 159 75 chemifts,
583 1679 65 75 &c.
684 1679 52 75 for
763 1679 120 75 certain
913 1679 184 75 medicines,
1133 1679 39 75 or

185 1724 220 75 mendruums,
429 1724 34 75 in
479 1724 19 75 a
513 1724 105 75 liquid
633 1724 96 75 form,
755 1724 224 75 difiinguiihed
994 1724 85 75 from
1091 1724 79 75 each

184 1772 94 75 other
293 1772 45 75 by
354 1772 141 75 peculiar
510 1772 161 75 epithets;
698 1772 47 75 as.

137 1818 115 75 Aqua
269 1818 190 75 alexiteria,
476 1818 19 75 a
511 1818 99 75 water
621 1818 136 75 diftilied
774 1818 84 75 from
876 1818 92 75 mint,
985 1818 184 75 fea-worm-

184 1864 107 75 wood,
307 1864 63 75 and
386 1864 164 75 angelica;
576 1864 63 75 and
653 1864 67 75 laid
736 1864 36 75 to
787 1864 42 75 be
845 1864 87 75 good
948 1864 33 75 in
993 1864 174 75 malignant

184 1912 64 75 and
263 1912 189 75 pellilential
470 1912 99 75 cafes.

135 1958 114 75 Aqua
272 1958 193 75 aluminofa,
498 1958 214 75 alum-water,
733 1958 24 75 a
772 1958 136 75 folution
925 1958 42 75 of
983 1958 101 75 water
1104 1958 62 75 and

182 2005 99 75 white
299 2005 131 75 vitriol;
457 2005 157 75 efteemed
633 2005 89 75 good
739 2005 33 75 in
794 2005 106 75 ulcers
916 2005 63 75 and
996 2005 172 75 cutaneous

183 2051 177 75 eruptions.

135 2096 115 75 Aqua
258 2096 122 75 forth,
399 2096 18 75 a
434 2096 155 75 corrofive
605 2096 121 75 liquor,
743 2096 93 75 made
854 2096 44 75 by
914 2096 152 75 difiilling
1081 2096 88 75 puri-

180 2140 67 75 fied
262 2140 84 75 nitre
361 2140 80 75 with
461 2140 145 75 calcined
627 2140 123 75 vitriol,
775 2140 38 75 or
828 2140 142 75 redified
992 2140 44 75 oil
1064 2140 40 75 of
1120 2140 47 75 vi-

183 2186 89 75 triol,
289 2186 32 75 in
335 2186 18 75 a
369 2186 107 75 ftrong
490 2186 97 75 heat;
607 2186 54 75 the
678 2186 120 75 liquor,
815 2186 108 75 which
936 2186 73 75 rifes
1021 2186 32 75 in
1065 2186 103 75 fumes

184 2233 57 75 red
263 2233 34 75 as
314 2233 112 75 blood,
452 2233 94 75 being
562 2233 50 75 col
615 2233 61 75 left
678 2233 51 75 ed;
754 2233 27 75 is
797 2233 56 75 the
868 2233 90 75 fpirit
974 2233 40 75 of
1032 2233 81 75 nitre
1128 2233 41 75 or

184 2281 83 75 aqua
289 2281 116 75 fonts;
431 2281 107 75 which
557 2281 103 75 ferves
683 2281 33 75 as
733 2281 19 75 a
767 2281 192 75 menftruurn
986 2281 52 75 for
1060 2281 106 75 diflbl-

183 2326 75 75 ving
274 2326 41 75 of
325 2326 104 75 filver,
445 2326 62 75 and
523 2326 43 75 all
582 2326 94 75 other
686 2326 128 75 metals,
831 2326 117 75 except
963 2326 86 75 gold.
1101 2326 67 75 But

184 2372 31 75 if
225 2372 140 75 fea-falt,
384 2372 37 75 or
437 2372 43 75 fal
497 2372 177 75 ammoniac
690 2372 42 75 bo
749 2372 104 75 added
870 2372 36 75 to
922 2372 84 75 aqua
1022 2372 106 75 fortis,
1141 2372 27 75 it

185 2419 199 75 commences
396 2419 86 75 aqua
494 2419 104 75 regia.
631 2419 98 75 Aqua
746 2419 93 75 fortis
856 2419 26 75 is
899 2419 183 75 commonly
1093 2419 77 75 held

183 2465 36 75 to
242 2465 82 75 have
341 2465 79 75 been
443 2465 152 75 invented
613 2465 96 75 about
732 2465 56 75 the
805 2465 76 75 year
906 2465 111 75 1300;
1044 2465 124 75 though

184 2512 108 75 others
309 2512 69 75 will
395 2512 83 75 have
500 2512 25 75 it
541 2512 35 75 to
593 2512 79 75 have
689 2512 79 75 been
788 2512 117 75 known
922 2512 31 75 in
966 2512 55 75 the
1038 2512 76 75 time
1132 2512 40 75 of

184 2558 124 75 Mofes.
371 2558 32 75 It
427 2558 27 75 is
482 2558 188 75 ferviceable
694 2558 36 75 to
757 2558 142 75 refiners,
932 2558 32 75 in
989 2558 178 75 feparating

180 2604 95 75 filver
287 2604 84 75 from
387 2604 77 75 gold
481 2604 59 75 and
559 2604 135 75 copper:
722 2604 35 75 to
771 2604 56 75 the
839 2604 141 75 workers
992 2604 31 75 in
1037 2604 129 75 mofaic,

182 2651 54 75 for
251 2651 134 75 ftaining
413 2651 63 75 and
503 2651 164 75 colouring
682 2651 87 75 their
784 2651 110 75 woods
908 2651 8 75 ;
944 2651 36 75 to
996 2651 109 75 dyers,
1134 2651 32 75 in

182 2696 85 75 their
284 2696 140 75 colours,
441 2696 205 75 particularly
663 2696 131 75 fcarlet;
820 2696 63 75 and
899 2696 34 75 to
945 2696 94 75 other
1051 2696 115 75 artifis,

181 2743 52 75 for
253 2743 168 75 colouring
436 2743 84 75 bone
537 2743 61 75 and
610 2743 103 75 ivory.
747 2743 96 75 With
861 2743 83 75 aqua
961 2743 93 75 fortis
1066 2743 100 75 book-

180 2790 130 75 binders
334 2790 121 75 marble
481 2790 57 75 the
562 2790 110 75 covers
699 2790 45 75 of
761 2790 117 75 books,
910 2790 62 75 and
1000 2790 166 75 diamond-

182 2836 121 75 cutters
320 2836 141 75 feparate
478 2836 166 75 diamonds
665 2836 84 75 from
770 2836 164 75 metalline
949 2836 145 75 powders
1134 2836 31 75 It

181 2882 27 75 is
236 2882 65 75 aHb
326 2882 75 75 ufed
417 2882 32 75 in
472 2882 130 75 etching
624 2882 117 75 copper
768 2882 38 75 or
832 2882 87 75 brafs
939 2882 115 75 plates.
1104 2882 62 75 See

181 2931 252 75 Chemistry,
460 2931 52 75 Of
517 2931 54 75 the
587 2931 126 75 nitrous
730 2931 87 75 acid.

131 2976 115 75 Aqua
265 2976 142 75 marina,
434 2976 18 75 a
468 2976 91 75 name
587 2976 42 75 by
658 2976 177 75 which-the
854 2976 159 75 jewellers
1031 2976 61 75 call
1109 2976 55 75 the

180 3023 102 75 beryl,
301 3023 40 75 on
354 3023 134 75 account
505 3023 39 75 of
555 3023 40 75 its
609 3023 164 75 fea-green
784 3023 124 75 colour,
941 3023 222 75 SeeBERYi..

198 3071 5 75 .
227 3071 97 75 Vol.
349 3071 32 75 I.
429 3071 71 75 No.
530 3071 54 75 15.

1020 3071 107 75 '3

1218 232 113 75 Aqua
1351 232 223 75 mercuriality
1599 232 19 75 a
1635 232 137 75 folution
1788 232 42 75 of
1840 232 167 75 fublimate
2035 232 41 75 of
2094 232 161 75 mercery,

1266 278 63 75 and
1342 278 22 75 a
1379 278 84 75 little
1484 278 161 75 mercury,
1669 278 32 75 in
1719 278 84 75 aqua
1820 278 100 75 regia.

2291 278 21 75 ^

1217 326 112 75 Aqua
1348 326 177 75 mirabilis,
1550 326 55 75 the
1634 326 179 75 wonderful
1841 326 112 75 water,
1979 326 26 75 is
2034 326 156 75 prepared
2218 326 41 75 of

1265 372 120 75 cloves,
1419 372 176 75 galangals,
1627 372 131 75 cubebs,
1797 372 102 75 mace,
1932 372 215 75 cardomums,
2180 372 74 75 nut-:

1264 418 101 75 megs,
1391 418 124 75 ginger,
1541 418 63 75 and
1629 418 88 75 fpirit
1742 418 41 75 of
1800 418 95 75 wine,
1920 418 142 75 digefted
2080 418 44 75 24
2140 418 114 75 hours,

1265 466 76 75 then
1358 466 149 75 diddled.
1556 466 33 75 It
1608 466 27 75 is
1659 466 19 75 a
1700 466 87 75 good
1809 466 63 75 and
1888 466 166 75 agreeable
2070 466 136 75 cordial.

1218 512 112 75 Aqv&.
1347 512 142 75 omnium
1499 512 146 75 forum,-
1658 512 32 75 in
1714 512 185 75 pharmacy,
1925 512 56 75 the
1999 512 98 75 water
2113 512 140 75 diltilled

1264 559 84 75 from
1363 559 56 75 the
1436 559 89 75 dung
1546 559 42 75 of
1606 559 99 75 cows,
1730 559 93 75 when
1847 559 79 75 they
1951 559 43 75 go
2022 559 37 75 to
2084 559 109 75 grafs;
2219 559 37 75 in.

1263 606 144 75 Englilh,
1433 606 126 75 All-flo'
1559 606 87 75 wer-'
1646 606 109 75 vjatcr.

1216 651 113 75 Aqjua
1348 651 104 75 regia,
1477 651 38 75 an
1533 651 72 75 acid
1621 651 155 75 corrofive
1791 651 103 75 fpirit,
1923 651 34 75 fo
1974 651 115 75 called,
2119 651 131 75 bacaufc

1264 700 25 75 it
1313 700 103 75 ferves
1445 700 32 75 as
1506 700 20 75 a
1552 700 191 75 menftruum
1767 700 35 75 to
1827 700 130 75 difiblvc
1973 700 91 75 gold,
2089 700 161 75 common-

1265 747 36 75 ly
1323 747 155 75 efteemed
1495 747 55 75 the
1573 747 78 75 king
1674 747 40 75 of
1734 747 127 75 metals.
1911 747 48 75 Its
1983 747 92 75 bafis,
2100 747 38 75 or
2154 747 97 75 efien-

1267 793 64 75 tiak
1343 793 192 75 ingredient,
1565 793 27 75 is
1609 793 148 75 common
1784 793 139 75 fea-falt,
1952 793 57 75 the
2032 793 78 75 only
2134 793 57 75 fait
2218 793 33 75 in

1265 841 113 75 nature
1395 841 105 75 which
1518 841 68 75 will
1607 841 190 75 operate-on
1814 841 91 75 gold.
1954 841 32 75 It
2014 841 27 75 is
2068 841 185 75 commonly

1265 886 155 75 prepared
1432 886 44 75 by
1486 886 125 75 mixing
1625 886 145 75 common
1784 886 138 75 fea-falt,
1948 886 37 75 or
2001 886 43 75 fal
2062 886 188 75 ammoniac,

1265 933 37 75 or
1318 933 55 75 the
1385 933 88 75 fpirit
1494 933 41 75 of
1549 933 102 75 them,
1675 933 77 75 with
1770 933 90 75 fpirit
1876 933 40 75 of
1927 933 97 75 nitre.,
2047 933 41 75 or
2103 933 148 75 common

1265 981 208 75 aquafortis.
1523 981 63 75 See
1598 981 252 75 Chemistry,
1875 981 85 75 title.
1978 981 55 75 Of
2041 981 87 75 aqua
2142 981 106 75 regia.

1216 1028 113 75 Aqua
1337 1028 158 75 fecunda,
1521 1028 132 75 denotes
1671 1028 83 75 aqua
1770 1028 108 75 fortis,
1902 1028 106 75 which
2031 1028 74 75 has.
2117 1028 80 75 been
2213 1028 37 75 u-

1263 1074 55 75 fed
1333 1074 35 75 to
1384 1074 132 75 diffolve
1531 1074 87 75 fome
1634 1074 110 75 metal.

1216 1121 112 75 Aqua
1339 1121 212 75 fulphurata,
1577 1121 56 75 the
1659 1121 84 75 fame
1770 1121 80 75 with
1872 1121 57 75 gas
1954 1121 171 75 fulphuris.
2187 1121 62 75 See

1264 1168 99 75 Gas.

1216 1215 113 75 Aqua
1355 1215 89 75 vitx,
1469 1215 57 75 the
1545 1215 100 75 water
1667 1215 41 75 of
1730 1215 69 75 life,
1825 1215 19 75 a
1870 1215 92 75 name
1986 1215 95 75 given
2107 1215 37 75 to
2166 1215 84 75 malt

1264 1262 104 75 fpirits
1385 1262 32 75 in
1435 1262 295 75 contradiftindlion.
1740 1262 84 75 from
1842 1262 135 75 brandy.

1217 1308 112 75 Aqua
1348 1308 167 75 vilriolica
1531 1308 149 75 cterulea,
1707 1308 19 75 a
1750 1308 136 75 folution
1910 1308 40 75 of
1969 1308 73 75 blue
2062 1308 107 75 vitriol
2188 1308 63 75 and

1264 1355 98 75 alum,
1388 1355 80 75 with
1485 1355 85 75 fome
1586 1355 89 75 fpirit
1700 1355 41 75 of
1755 1355 121 75 vitriol,
1903 1355 32 75 in
1963 1355 99 75 water
2075 1355 11 75 ;
2125 1355 124 75 recom-

1265 1402 136 75 mended
1422 1402 33 75 in
1471 1402 235 75 inflammatory
1722 1402 64 75 and
1802 1402 108 75 putrid
1927 1402 99 75 cafes.

1217 1450 153 75 AQUA!
1389 1450 117 75 pavor,
1531 1450 32 75 in
1581 1450 168 75 medicine.
1800 1450 61 75 See
1877 1450 308 75 Hydrophobia.

1216 1495 305 75 AQUTF.DUCT,
1547 1495 32 75 in
1603 1495 185 75 hydraulics
1805 1495 62 75 and
1882 1495 223 75 architecture,
2131 1495 18 75 a
2173 1495 76 75 con-

1263 1543 140 75 veyance
1418 1543 93 75 made
1527 1543 53 75 for
1594 1543 148 75 carrying
1768 1543 101 75 water
1895 1543 85 75 from
2007 1543 61 75 one
2093 1543 92 75 place
2213 1543 37 75 to

1264 1588 146 75 another.
1459 1588 111 75 Thofe
1598 1588 40 75 of
1654 1588 59 75 the
1730 1588 125 75 ancient
1870 1588 146 75 Romans
2033 1588 84 75 were
2132 1588 120 75 furpri-

1264 1636 99 75 fingly
1387 1636 214 75 magnificent.
1657 1636 92 75 That
1777 1636 105 75 which
1909 1636 109 75 Lewis
2042 1636 97 75 XIV.
2168 1636 82 75 built

1262 1681 75 75 near
1359 1681 203 75 Maintenon,
1591 1681 51 75 for
1665 1681 148 75 carrying
1830 1681 55 75 the
1901 1681 94 75 Bucq
2012 1681 42 75 to,
2063 1681 185 75 Verfaillcs,

1262 1728 26 75 is
1306 1728 135 75 perhaps
1457 1728 55 75 the
1534 1728 137 75 greateft
1686 1728 75 75 now
1784 1728 32 75 in
1837 1728 56 75 the
1907 1728 124 75 world:
2065 1728 32 75 It
2114 1728 27 75 is
2158 1728 92 75 feven

1263 1775 156 75 thoufand
1436 1775 140 75 fathoms
1602 1775 90 75 long,
1717 1775 78 75 with
1824 1775 66 75 two
1907 1775 158 75 thoufand
2091 1775 61 75 five
2167 1775 82 75 hun-

1262 1822 80 75 dred
1359 1822 62 75 and
1439 1822 88 75 fixty
1548 1822 140 75 fathpms
1705 1822 42 75 of
1757 1822 171 75 elevation,
1951 1822 65 75 and
2026 1822 144 75 contains
2183 1822 67 75 two

1260 1869 146 75 hundred
1422 1869 63 75 and
1501 1869 171 75 forty-two
1689 1869 142 75 arcades.

1213 1917 342 75 AQUA-NEGRA,
1581 1917 18 75 a
1615 1917 89 75 fmall
1727 1917 89 75 town
1839 1917 41 75 of
1897 1917 62 75 thd
1968 1917 173 75 Mantuan,
2166 1917 31 75 in
2215 1917 34 75 l-

1261 1963 80 75 taly,
1374 1963 135 75 fituated
1536 1963 84 75 upon
1643 1963 55 75 the
1726 1963 129 75 Chiefe,
1888 1963 32 75 in
1946 1963 21 75 9
1967 1945 20 49 0
2009 1963 45 75 E.
2071 1963 89 75 long,
2187 1963 62 75 and

1263 2011 41 75 45
1304 1993 25 49 0
1353 2011 53 75 io'
1428 2011 47 75 N.
1493 2011 58 75 lat.

1213 2058 423 75 AQUAPENDENTE,
1662 2058 19 75 a
1705 2058 68 75 city
1789 2058 40 75 of
1840 2058 55 75 the
1918 2058 217 75 ecclefiaftical
2154 2058 91 75 ftate,

1261 2102 31 75 in
1314 2102 97 75 Italy,
1436 2102 137 75 fituated
1588 2102 86 75 upon
1699 2102 54 75 the
1770 2102 85 75 river
1870 2102 125 75 Paglia,
2020 2102 182 75 abounding
2214 2102 34 75 m

1261 2150 130 75 waters.

1213 2198 304 75 AQUARIANS,
1540 2198 33 75 in
1601 2198 270 75 church-hiftory,
1902 2198 39 75 an
1969 2198 125 75 ancient
2122 2198 61 75 fed
2211 2198 42 75 of

1261 2243 150 75 heretics,
1436 2243 87 75 who,
1549 2243 100 75 under
1666 2243 148 75 pretence
1826 2243 40 75 of
1873 2243 190 75 abftinence,
2080 2243 101 75 made
2194 2243 53 75 ufe

1261 2289 40 75 of
1313 2289 99 75 water
1428 2289 119 75 inftead
1564 2289 39 75 of
1615 2289 81 75 wine
1712 2289 33 75 in
1762 2289 56 75 the
1834 2289 167 75 eucharift.

1214 2336 267 75 AQUARIUS,
1500 2336 31 75 in
1545 2336 193 75 aftronomy,
1756 2336 19 75 a
1786 2336 216 75 conftdlatian
2020 2336 104 75 which
2137 2336 110 75 makes

1261 2382 55 75 the
1333 2382 146 75 eleventh
1497 2382 65 75 fign
1578 2382 33 75 in
1628 2382 55 75 the
1695 2382 128 75 zodiac,
1841 2382 132 75 marked
1985 2382 73 75 thus
2141 2382 9 75 .
2186 2382 61 75 See

1264 2429 262 75 Astronomy.

1213 2476 274 75 AQUARTIA,
1512 2476 31 75 in
1560 2476 139 75 botany,,
1718 2476 18 75 a
1752 2476 98 75 genus
1868 2476 38 75 of
1918 2476 56 75 the
1985 2476 175 75 tetrandria
2175 2476 70 75 mo-

1261 2523 137 75 nogynia
1411 2523 90 75 clals.
1526 2523 112 75 There
1655 2523 26 75 is
1693 2523 77 75 only
1782 2523 60 75 one
1854 2523 131 75 fpecies,
2004 2523 103 75 called
2120 2523 138 75 aculea-,

1262 2567 45 75 ta,
1332 2567 19 75 a
1370 2567 105 75 native
1491 2567 42 75 of
1543 2567 143 75 Europe.

1214 2616 238 75 AQUATIC,
1478 2616 31 75 in
1527 2616 123 75 natural
1669 2616 132 75 hiftory.
1828 2616 38 75 an
1884 2616 303 75 appellation.given
2210 2616 35 75 to

1260 2660 75 75 fuch
1354 2660 107 75 things
1482 2660 33 75 as
1533 2660 62 75 live
1616 2660 37 75 or
1669 2660 88 75 grow
1778 2660 29 75 in
1826 2660 55 75 the
1894 2660 116 75 Water.

1215 2710 272 75 AQUAVIVA,
1511 2710 18 75 a
1553 2710 87 75 town
1664 2710 40 75 of
1723 2710 54 75 the
1794 2710 154 75 kingdom
1962 2710 44 75 of
2016 2710 87 75 Napl
2106 2710 46 75 es,
2179 2710 65 75 and

1263 2758 148 75 province
1427 2758 41 75 of
1478 2758 105 75 Barri.

1214 2803 290 75 AQUEDUCT.
1554 2803 61 75 See
1633 2803 245 75 Aqu/educt.

1214 2851 266 75 AQUELEIA,
1507 2851 17 75 a
1539 2851 193 75 patiiarchal
1749 2851 66 75 city
1832 2851 41 75 of
1884 2851 99 75 Italy,
2010 2851 74 75 near
2109 2851 54 75 the
2180 2851 63 75 end

1262 2895 39 75 of
1311 2895 55 75 the
1389 2895 99 75 gulph
1510 2895 40 75 of
1569 2895 135 75 Venice,
1729 2895 134 75 fituated
1879 2895 32 75 in
1933 2895 38 75 13
1971 2877 21 49 0
2021 2895 43 75 00
2090 2895 44 75 E.
2152 2895 78 75 lon<r

1233 2943 4 75 .
1260 2943 62 75 and
1339 2943 67 75 46°
1426 2943 56 75 20'
1497 2943 47 75 N.
1562 2943 58 75 lat.

1212 2993 247 75 AQUEOUS,
1483 2993 32 75 in
1533 2993 18 75 a
1568 2993 127 75 general
1712 2993 99 75 fenfe,
1836 2993 174 75 fomethinp
2026 2993 166 75 partaking
2209 2993 41 75 of

1260 3037 55 75 the
1331 3037 111 75 nature
1458 3037 34 75 ot
1515 3037 125 75 water,.
1650 3037 38 75 or
1705 3037 77 75 that,
1792 3037 143 75 abounds
1951 3037 79 75 with
2046 3037 38 75 it.

1714 3095 20 75 4
1759 3095 34 75 R

2053 3095 188 75 Aqueous
