2397 3387
189 188 21 75 5
221 188 53 75 ^4

742 174 36 75 B
866 174 36 75 L
986 174 36 75 E
1108 174 42 75 A
1239 174 37 75 C

344 308 290 75 BUCKING
675 308 76 75 and
786 308 291 75 BOILING.

242 388 104 75 This
366 388 27 75 is
410 388 56 75 the
484 388 79 75 mod
593 388 175 75 important
792 388 167 75 operation
984 388 40 75 of
1046 388 56 75 the
1130 388 107 75 whole

195 435 140 75 procefs,
360 435 63 75 and
440 435 144 75 deferves
609 435 19 75 a
650 435 162 75 thorough
830 435 197 75 examinatio'
1027 435 32 75 n.
1109 435 48 75 Its
1181 435 56 75 de-

196 482 65 75 fign
277 482 27 75 is
321 482 36 75 to
373 482 121 75 Idofen,
521 482 60 75 and
599 482 92 75 carry
708 482 58 75 off,
793 482 43 75 by
852 482 56 75 the
935 482 75 75 help
1039 482 40 75 of
1102 482 136 75 alkaline

196 529 118 75 lixives
333 529 38 75 or
388 529 82 75 lyes,
488 529 71 75 that
577 529 173 75 particular
765 529 162 75 fubftance
944 529 33 75 in
1004 529 102 75 cloth,
1132 529 106 75 which

198 576 27 75 is
245 576 55 75 the
317 576 91 75 caufe
426 576 39 75 of
480 576 41 75 its
542 576 112 75 brown
671 576 124 75 colour.

246 624 57 75 All
317 624 86 75 afhes
420 624 76 75 ufed
513 624 31 75 in
562 624 65 75 lye,
652 624 56 75 the
725 624 86 75 pearl
830 624 170 75 excepted,
1026 624 101 75 ought
1144 624 35 75 to
1198 624 40 75 be

197 670 74 75 wed
289 670 163 75 pounded,
478 670 110 75 before
605 670 79 75 they
700 670 53 75 are
777 670 57 75 put
851 670 69 75 into
940 670 55 75 the
1021 670 138 75 copper;
1186 670 53 75 for

198 715 56 75 the
271 715 148 75 Marcoft
438 715 63 75 and
517 715 127 75 Calhub
662 715 54 75 are
732 715 78 75 very
840 715 94 75 hard,
960 715 61 75 and
1051 715 78 75 with
1152 715 86 75 fome

199 764 159 75 difficulty
374 764 88 75 yield
478 764 86 75 their
580 764 87 75 fails.
718 764 49 75 As
783 764 89 75 thefe
896 764 67 75 two
985 764 57 75 laft
1070 764 126 75 contain
1221 764 19 75 a

198 813 80 75 very
295 813 216 75 confiderable
527 813 187 75 proportion
728 813 40 75 of
778 813 19 75 a
810 813 64 75 real
887 813 209 75 fulphureous
1109 813 129 75 matter,

199 858 108 75 Which
323 858 81 75 mud
420 858 31 75 in
468 858 88 75 fome
570 858 116 75 degree
703 858 88 75 tinge
808 858 98 75 white
924 858 87 75 cloth
1024 858 10 75 ;
1055 858 62 75 and
1129 858 33 75 as
1176 858 64 75 this

200 904 27 75 is
252 904 155 75 diflblved
423 904 95 75 much
536 904 88 75 more
644 904 41 75 by
701 904 136 75 boiling,
863 904 77 75 than
965 904 43 75 by
1027 904 55 75 the
1107 904 134 75 inferior

200 951 132 75 degrees
351 951 39 75 of
402 951 87 75 heat,
507 951 97 75 while
621 951 56 75 the
694 951 74 75 falts
785 951 74 75 may
875 951 40 75 be
933 951 33 75 as
984 951 72 75 well
1076 951 166 75 extradied

199 998 44 75 by
260 998 55 75 the
331 998 110 75 latter.
488 998 79 75 The
590 998 102 75 water
718 998 114 75 ffiould
859 998 96 75 never
978 998 42 75 be
1043 998 140 75 brought
1208 998 35 75 to

200 1045 80 75 boil,
306 1045 63 75 and
388 1045 111 75 fhould
515 1045 40 75 be
572 1045 173 75 continued
763 1045 51 75 for
832 1045 84 75 fome
928 1045 77 75 time
1018 1045 112 75 longer
1142 1045 101 75 under

201 1091 72 75 that
290 1091 117 75 degree
423 1091 40 75 of
482 1091 88 75 heat.
625 1091 77 75 The
728 1091 189 75 pearl-affies
945 1091 112 75 diould
1085 1091 97 75 never
1206 1091 39 75 be

201 1138 57 75 put
284 1138 31 75 in
340 1138 52 75 till
417 1138 75 75 near
514 1138 55 75 the
592 1138 74 75 end,
692 1138 33 75 as
743 1138 77 75 they
838 1138 53 75 are
914 1138 95 75 eafily
1036 1138 154 75 diffolved
1210 1138 33 75 in

202 1185 114 75 water.

252 1232 36 75 If
306 1232 56 75 the
387 1232 75 75 falts
490 1232 85 75 were
604 1232 118 75 always
751 1232 40 75 of
810 1232 39 75 an
877 1232 94 75 equal
1001 1232 155 75 drength,
1187 1232 56 75 the

202 1281 85 75 fame
305 1281 173 75 quantities
504 1281 108 75 would
636 1281 94 75 make
758 1281 17 75 a
800 1281 53 75 lye
878 1281 132 75 equally
1032 1281 127 75 drong;
1186 1281 58 75 but

203 1325 78 75 they
299 1325 53 75 are
369 1325 70 75 not.
491 1325 86 75 Salts
594 1325 41 75 of
654 1325 55 75 the
726 1325 83 75 fame
834 1325 104 75 name'
938 1325 98 75 differ
1052 1325 79 75 very
1147 1325 96 75 much

204 1373 85 75 from
318 1373 60 75 one
407 1373 146 75 another.
621 1373 77 75 The
731 1373 160 75 Mufcovy
917 1373 87 75 alhes
1033 1373 53 75 are
1115 1373 128 75 turning

203 1420 128 75 weaker
348 1420 97 75 every
460 1420 77 75 day,
563 1420 33 75 gs
614 1420 97 75 every
727 1420 149 75 bleacher
889 1420 77 75 mud
979 1420 80 75 have
1076 1420 165 75 obferved,

204 1467 50 75 till
272 1467 33 75 at
316 1467 57 75 lad
389 1467 79 75 they
485 1467 72 75 turn
576 1467 89 75 quite
677 1467 113 75 feffetei
823 1467 34 75 A
874 1467 166 75 decodion
1057 1467 83 75 from
1153 1467 90 75 them

203 1513 95 75 when
324 1513 83 75 new,
433 1513 80 75 mud
530 1513 97 75 differ
642 1513 79 75 very
738 1513 96 75 much
859 1513 85 75 from
970 1513 60 75 one
1049 1513 91 75 when
1165 1513 40 75 th|
1205 1513 39 75 ey

205 1560 80 75 have
302 1560 79 75 been
399 1560 76 75 long
491 1560 90 75 kept.
632 1560 112 75 Hence
769 1560 18 75 a
812 1560 148 75 neceffity
983 1560 40 75 of
1043 1560 85 75 fome
1152 1560 92 75 exadt

205 1606 150 75 criterion
373 1606 36 75 to
425 1606 145 75 difcover
587 1606 92 75 when
704 1606 67 75 lyes
789 1606 54 75 are
860 1606 40 75 of
920 1606 39 75 an
975 1606 95 75 equal
1088 1606 153 75 drength.

205 1654 76 75 The
298 1654 77 75 tade
393 1654 117 75 cannot
522 1654 99 75 ferve,
648 1654 33 75 as
698 1654 71 75 that
786 1654 27 75 is
834 1654 34 75 fo
885 1654 152 75 variable,
1064 1654 117 75 cannot
1202 1654 41 75 be

206 1700 164 75 defcribed
394 1700 35 75 to
455 1700 146 75 another,
628 1700 60 75 and
714 1700 26 75 is
758 1700 133 75 blunted
913 1700 44 75 by
973 1700 151 75 repeated
1140 1700 103 75 trials.

205 1747 78 75 The
300 1747 174 75 proof-ball
492 1747 66 75 will
576 1747 86 75 ferve
679 1747 55 75 the
759 1747 133 75 purpofe
918 1747 39 75 of
978 1747 54 75 the
1053 1747 192 75 bleachfield

207 1794 189 75 fufficiently
408 1794 10 75 ;
445 1794 74 75 and,
537 1794 44 75 by
596 1794 199 75 difcovering
808 1794 54 75 the
879 1794 125 75 fpecific
1021 1794 138 75 gravity,
1177 1794 66 75 will

208 1841 85 75 fhow
320 1841 56 75 the
405 1841 150 75 quantity
583 1841 40 75 of
643 1841 136 75 alkaline
804 1841 75 75 falts
905 1841 164 75 diffolved.
1127 1841 67 75 But
1219 1841 25 75 it

209 1888 117 75 cannot
343 1888 84 75 fhow
443 1888 55 75 the
525 1888 177 75 dangerous
730 1888 148 75 qualities
899 1888 41 75 of
958 1888 88 75 thefe
1070 1888 96 75 falts;
1193 1888 53 75 for

209 1935 55 75 the
280 1935 60 75 lefs
358 1935 116 75 caudic
499 1935 60 75 and
586 1935 59 75 lefs
669 1935 103 75 heavy
796 1935 65 75 this
885 1935 108 75 liquor
1016 1935 39 75 is,
1082 1935 55 75 the
1155 1935 89 75 more

209 1981 178 75 dangerous
405 1981 64 75 and
485 1981 154 75 corrofive
656 1981 26 75 it
699 1981 72 75 rmfy
787 1981 41 75 be
844 1981 52 75 for
912 1981 56 75 the
984 1981 101 75 cloth.

257 2028 77 75 The
351 2028 88 75 third
456 2028 64 75 lye,
546 2028 107 75 which
670 2028 77 75 they
763 2028 88 75 draw
868 2028 83 75 from
974 2028 89 75 thefe
1086 2028 160 75 materials

209 2075 45 75 by
271 2075 37 75 an
325 2075 132 75 infufion
476 2075 39 75 of
535 2075 73 75 cold
625 2075 110 75 water,
763 2075 32 75 in
815 2075 105 75 which
937 2075 55 75 the
1012 2075 77 75 tade
1110 2075 39 75 of
1169 2075 76 75 lime

210 2122 27 75 is
262 2122 229 75 dilcoverable,
525 2122 129 75 appears
683 2122 119 75 plainly
825 2122 35 75 to
885 2122 39 75 be
953 2122 88 75 more
1067 2122 179 75 dangerous

211 2167 77 75 than
308 2167 54 75 the
378 2167 77 75 fird.
503 2167 78 75 The
598 2167 113 75 fecond
730 2167 65 75 lye,
813 2167 106 75 which
937 2167 78 75 they
1027 2167 123 75 extradl
1162 2167 84 75 from

212 2215 57 75 the
286 2215 82 75 fame
386 2215 99 75 affies,
511 2215 61 75 and
589 2215 106 75 which
711 2215 26 75 is
757 2215 159 75 reckoned
940 2215 99 75 about
1064 2215 18 75 a
1103 2215 88 75 third
1215 2215 32 75 in

213 2262 154 75 drength,
391 2262 92 75 when
496 2262 171 75 compared
684 2262 34 75 to
735 2262 56 75 the
807 2262 75 75 fird,
901 2262 79 75 mud
992 2262 39 75 be
1044 2262 41 75 of
1095 2262 56 75 the
1163 2262 84 75 fame

214 2309 112 75 nature
346 2309 10 75 ;
382 2309 60 75 nor
465 2309 111 75 fhould
602 2309 25 75 it
650 2309 44 75 be
719 2309 74 75 ufed
818 2309 139 75 without
982 2309 39 75 an
1046 2309 143 75 addition
1213 2309 40 75 of

214 2355 206 75 pearl-afhes,
445 2355 106 75 which
568 2355 66 75 will
652 2355 126 75 correid.
789 2355 38 75 it.

264 2402 30 75 It
312 2402 26 75 is
350 2402 94 75 taken
463 2402 51 75 for
530 2402 18 75 a
561 2402 126 75 general
705 2402 80 75 rule,
809 2402 92 75 That
914 2402 56 75 the
983 2402 136 75 folution
1135 2402 41 75 of
1187 2402 62 75 any

215 2449 88 75 body
325 2449 32 75 in
382 2449 40 75 its
448 2449 191 75 mendmum
663 2449 26 75 is
716 2449 130 75 equally
868 2449 138 75 diffufed
1028 2449 139 75 through
1193 2449 57 75 the

216 2498 106 75 whole
338 2498 118 75 liquor.
505 2498 77 75 The
605 2498 163 75 bleachers
786 2498 179 75 depending
984 2498 41 75 on
1043 2498 76 75 this,
1145 2498 53 75 ufe
1215 2498 33 75 e-

216 2543 76 75 qual
310 2543 172 75 quantities
500 2543 42 75 of
558 2543 55 75 the
625 2543 57 75 top
699 2543 61 75 and
771 2543 128 75 bottom
916 2543 39 75 of
966 2543 84 75 their
1066 2543 65 75 lye,
1157 2543 93 75 when

218 2591 79 75 once
314 2591 84 75 clear
415 2591 62 75 and
493 2591 137 75 fettled;
656 2591 111 75 taking
783 2591 26 75 it
827 2591 52 75 for
899 2591 147 75 granted,
1072 2591 71 75 that
1158 2591 91 75 there

216 2637 28 75 is
263 2637 37 75 an
319 2637 91 75 equal
425 2637 148 75 quantity
586 2637 39 75 of
637 2637 74 75 falts
725 2637 30 75 in
770 2637 96 75 equal
879 2637 174 75 quantities
1065 2637 40 75 of
1116 2637 55 75 the
1183 2637 66 75 lye.

217 2684 67 75 But
302 2684 30 75 if
352 2684 90 75 there
459 2684 26 75 is
502 2684 68 75 not,
596 2684 55 75 the
676 2684 129 75 midake
830 2684 74 75 may
920 2684 41 75 be
985 2684 40 75 of
1043 2684 78 75 fatal
1143 2684 106 75 confe-

218 2731 136 75 quence,
380 2731 32 75 as
430 2731 54 75 the
501 2731 52 75 lye
570 2731 73 75 may
659 2731 87 75 be.in
772 2731 85 75 fome
880 2731 105 75 places
1009 2731 143 75 dronger
1173 2731 78 75 than

219 2777 86 75 what
323 2777 54 75 the
394 2777 88 75 cloth
500 2777 72 75 can'
572 2777 81 75 with
673 2777 100 75 fafety
789 2777 89 75 bear.
927 2777 93 75 That
1037 2777 129 75 general
1189 2777 62 75 law

219 2824 39 75 of
277 2824 139 75 folution
429 2824 78 75 mud
524 2824 81 75 have
620 2824 95 75 taken
731 2824 41 75 its
791 2824 57 75 rife
866 2824 84 75 from
967 2824 170 75 particular
1154 2824 97 75 expe-

220 2872 144 75 riments,
390 2872 59 75 and
469 2872 55 75 not
541 2872 85 75 from
649 2872 176 75 reafoning.
875 2872 165 75 Whether
1064 2872 18 75 a
1098 2872 154 75 fufficient

219 2917 134 75 number
369 2917 40 75 of
426 2917 215 75 experiments
658 2917 80 75 have
754 2917 79 75 been
855 2917 137 75 tried'to
1018 2917 152 75 afcertain
1187 2917 64 75 this

220 2964 101 75 point,
347 2964 62 75 and
426 2964 35 75 to
478 2964 142 75 edablifh
644 2964 37 75 an
706 2964 187 75 undoubted
916 2964 127 75 general
1069 2964 80 75 rule,
1179 2964 73 75 may

220 3011 42 75 be
279 3011 102 75 called
394 3011 30 75 in
442 3011 156 75 quedion.

319 3059 78 75 But,
424 3059 71 75 fays
518 3059 53 75 Dr
591 3059 118 75 Home,
723 3059 105 75 .when
845 3059 16 75 I
878 3059 66 75 had
971 3059 184 75 difcovered
1181 3059 72 75 that

1361 172 421 75 KING.

1280 247 75 75 lime
1372 247 107 75 makes
1497 247 72 75 part
1586 247 38 75 of
1641 247 56 75 the
1714 247 153 75 diffolved
1892 247 174 75 fubdance,
2093 247 62 75 and
2180 247 149 75 relieved

1283 294 73 75 how
1374 294 77 75 long
1468 294 41 75 its
1533 294 119 75 groffer
1668 294 87 75 parts
1773 294 66 75 will
1857 294 149 75 continue
2024 294 173 75 fufpended
2217 294 31 75 in
2262 294 64 75 wa-

1284 342 62 75 ter,
1372 342 91 75 there
1493 342 157 75 appeared
1667 342 143 75 dronger
1826 342 126 75 reafons
1979 342 52 75 for
2055 342 173 75 Cufpefting
2254 342 73 75 that

1285 388 65 75 this
1368 388 80 75 rule,
1467 388 124 75 though
1608 388 26 75 it
1651 388 73 75 may
1737 388 39 75 be
1792 388 109 75 pretty
1918 388 142 75 general,
2086 388 78 75 does
2182 388 58 75 not
2268 388 60 75 ake

1287 436 88 75 place
1392 436 75 75 here
1479 436 10 75 ;
1517 436 31 75 at
1565 436 76 75 leaf!
1653 436 25 75 it
1691 436 26 75 is
1734 436 105 75 worth
1857 436 55 75 the
1926 436 119 75 purfuit
2061 436 39 75 of
2112 436 215 75 experiment.

1386 483 15 75 I
1415 483 145 75 weighed
1584 483 32 75 at
1635 483 55 75 the
1702 483 192 75 bleachfield
1910 483 118 75 apiece
2042 483 39 75 of
2093 483 81 75 glafs
2192 483 32 75 in
2242 483 87 75 fome

1288 530 74 75 cold
1378 530 66 75 lye,
1469 530 84 75 after
1570 530 25 75 it
1623 530 65 75 had
1717 530 79 75 been
1815 530 120 75 boiled,
1961 530 91 75 dood
2077 530 51 75 for
2152 530 66 75 two
2235 530 92 75 days,

1288 577 62 75 and
1367 577 98 75 about
1478 577 57 75 the
1551 577 111 75 fourth
1679 577 72 75 part
1769 577 42 75 of
1822 577 25 75 it
1862 577 66 75 had
1945 577 85 75 been
2042 577 87 75 ufed.
2155 577 78 75 The
2246 577 82 75 glafs

1288 624 144 75 weighed
1453 624 16 75 3
1488 624 150 75 drachms
1662 624 39 75 14
1718 624 107 75 grains
1849 624 32 75 in
1899 624 56 75 the
1974 624 65 75 lye,
2066 624 60 75 and
2142 624 16 75 3
2179 624 150 75 rVachms

1291 670 45 75 y-y
1352 670 104 75 grains
1482 670 31 75 in
1541 670 216 75 river-water.
1805 670 78 75 The
1908 670 84 75 fame
2019 670 80 75 glafs
2124 670 148 75 weighed
2296 670 33 75 in

1289 717 54 75 the
1361 717 82 75 fame
1463 717 66 75 lye,
1556 717 92 75 when
1666 717 110 75 almod
1794 717 42 75 all
1853 717 89 75 ufed,
1970 717 18 75 2
2008 717 106 75 grains
2131 717 58 75 lefs
2208 717 76 75 than
2303 717 25 75 it

1288 764 65 75 had
1369 764 96 75 done,
1478 764 123 75 before.
1648 764 87 75 This
1751 764 114 75 ffiows,
1892 764 71 75 that
1986 764 55 75 the
2066 764 58 75 lad
2140 764 41 75 of
2203 764 56 75 the
2274 764 56 75 lye

1290 810 169 75 contained
1475 810 18 75 a
1509 810 87 75 third
1614 810 89 75 more
1722 810 40 75 of
1774 810 55 75 the
1845 810 154 75 diffolved
2015 810 106 75 body;
2148 810 74 75 and,
2253 810 76 75 con-

1289 857 180 75 fequently,
1495 857 65 75 was
1577 857 19 75 a
1610 857 90 75 third
1716 857 143 75 dronger
1875 857 78 75 than
1970 857 56 75 the
2042 857 64 75 fird
2118 857 40 75 of
2167 857 54 75 the
2237 857 66 75 lye.

1388 904 49 75 As
1456 904 62 75 this
1535 904 116 75 might,
1676 904 148 75 perhaps,
1850 904 39 75 be
1899 904 108 75 owing
2022 904 35 75 to
2075 904 18 75 a
2109 904 220 75 continhation

1291 951 40 75 of
1342 951 55 75 the
1415 951 136 75 folution
1568 951 41 75 of
1620 951 55 75 the
1692 951 87 75 falts,
1805 951 17 75 I
1840 951 151 75 repeated
2008 951 55 75 the
2080 951 198 75 experiment
2296 951 32 75 in

1292 998 16 75 a
1325 998 150 75 different
1492 998 83 75 way.

1389 1043 17 75 I
1423 1043 81 75 took
1527 1043 84 75 from
1628 1043 55 75 the
1706 1043 123 75 furface
1845 1043 85 75 fome
1948 1043 40 75 of
2009 1043 55 75 the
2081 1043 65 75 lye,
2172 1043 83 75 after
2272 1043 56 75 the

1291 1091 76 75 falts
1396 1091 84 75 were
1504 1091 166 75 diffolved,
1696 1091 63 75 and
1781 1091 56 75 the
1862 1091 108 75 liquor
1986 1091 65 75 was
2080 1091 133 75 become
2230 1091 97 75 clear.

1292 1138 48 75 At
1356 1138 55 75 the
1435 1138 83 75 fame
1535 1138 77 75 time
1629 1138 16 75 I
1670 1138 167 75 immerfed
1854 1138 19 75 a
1901 1138 115 75 bottle,
2043 1138 88 75 fixed
2156 1138 35 75 to
2216 1138 19 75 a
2250 1138 79 75 Jong

1291 1185 90 75 dick,
1407 1185 34 75 fo
1454 1185 75 75 near
1541 1185 56 75 the
1614 1185 138 75 bottom,
1778 1185 34 75 as
1827 1185 58 75 not
1902 1185 34 75 to
1954 1185 78 75 raife
2049 1185 55 75 the
2120 1185 87 75 afhes
2224 1185 104 75 there,

1292 1231 74 75 and,
1392 1231 44 75 by
1453 1231 122 75 pulling
1593 1231 56 75 out
1666 1231 55 75 the
1738 1231 79 75 cork
1833 1231 44 75 by
1888 1231 20 75 a
1920 1231 108 75 firing,
2054 1231 87 75 filled
2159 1231 54 75 the
2227 1231 103 75 bottle

1291 1278 60 75 full
1369 1278 39 75 of
1420 1278 54 75 the
1499 1278 52 75 lye
1568 1278 76 75 near
1668 1278 56 75 the
1741 1278 139 75 bottom.
1928 1278 78 75 The
2022 1278 83 75 glafs
2126 1278 146 75 weighed
2295 1278 33 75 in

1293 1323 199 75 river-water
1511 1323 16 75 3
1541 1323 149 75 drachms
1712 1323 64 75 384
1790 1323 128 75 grains;
1944 1323 32 75 in
1994 1323 55 75 the
2062 1323 51 75 lye
2131 1323 94 75 taken
2243 1323 86 75 irom

1291 1372 55 75 the
1364 1372 121 75 furface
1504 1372 28 75 3^
1547 1372 149 75 drachms
1716 1372 69 75 34-r
1801 1372 127 75 grains;
1956 1372 61 75 and
2041 1372 31 75 in
2091 1372 55 75 the
2163 1372 52 75 lye
2231 1372 97 75 taken

1291 1418 85 75 from
1401 1418 56 75 the
1485 1418 126 75 bottom
1631 1418 17 75 3
1668 1418 148 75 drachms
1846 1418 69 75 314
1931 1418 119 75 grains.
2097 1418 86 75 This
2201 1418 128 75 experi-

1292 1465 86 75 ment
1396 1465 114 75 fhows,
1538 1465 70 75 that
1624 1465 56 75 the
1696 1465 52 75 lye
1762 1465 32 75 at
1811 1465 55 75 tty:
1883 1465 125 75 bottom
2025 1465 78 75 was,
2128 1465 31 75 in
2173 1465 62 75 this
2246 1465 81 75 cafe,

1293 1512 23 75 4
1332 1512 142 75 dronger
1491 1512 78 75 then
1585 1512 55 75 the
1658 1512 52 75 lye
1723 1512 33 75 at
1772 1512 56 75 the
1845 1512 134 75 furface,

1390 1558 47 75 At
1456 1558 93 75 other
1566 1558 91 75 times
1683 1558 91 75 when
1792 1558 16 75 I
1827 1558 85 75 tried
1935 1558 56 75 the
2014 1558 83 75 fame
2113 1558 214 75 experiment,

1292 1605 16 75 I
1326 1605 101 75 found
1444 1605 41 75 no
1501 1605 174 75 difference
1691 1605 32 75 in
1732 1605 62 75 .the
1814 1605 124 75 fpecific
1963 1605 148 75 gravity;
2139 1605 62 75 and
2218 1605 109 75 there-

1292 1651 82 75 fore,
1400 1651 17 75 I
1443 1651 88 75 leave
1555 1651 25 75 it
1606 1651 32 75 as
1656 1651 16 75 a
1690 1651 143 75 quedion
1859 1651 55 75 yet
1940 1651 163 75 doubtful,
2130 1651 123 75 though
2271 1651 57 75 de-

1294 1700 123 75 ferring
1440 1700 36 75 to
1492 1700 42 75 be
1549 1700 195 75 afcertained
1772 1700 43 75 by
1836 1700 90 75 thofe
1950 1700 75 75 who
2046 1700 83 75 have
2154 1700 40 75 an
2211 1700 117 75 oppor-

1291 1744 105 75 tunity
1405 1744 40 75 of
1456 1744 98 75 doing
1570 1744 38 75 it.
1659 1744 49 75 As
1725 1744 56 75 the
1803 1744 52 75 lye
1872 1744 104 75 ftands
2001 1744 196 75 continually
2213 1744 41 75 on
2271 1744 57 75 the

1292 1791 99 75 afhes,
1417 1791 91 75 there
1524 1791 59 75 can
1608 1791 39 75 be
1664 1791 42 75 no
1722 1791 101 75 doubt
1849 1791 57 75 but
1922 1791 87 75 what
2025 1791 26 75 is
2073 1791 75 75 ufed
2173 1791 58 75 lad
2247 1791 82 75 mud

1292 1839 39 75 be
1348 1839 142 75 dronger
1514 1839 78 75 than
1615 1839 56 75 the
1687 1839 76 75 fird.
1813 1839 16 75 I
1856 1839 120 75 would,
2003 1839 175 75 therefore,
2205 1839 124 75 recom-

1292 1884 107 75 mend,
1425 1884 36 75 to
1477 1884 127 75 general
1622 1884 147 75 praflice,
1794 1884 56 75 the
1867 1884 132 75 method
2015 1884 76 75 ufed
2111 1884 43 75 by
2170 1884 60 75 Mr
2241 1884 88 75 John

1294 1930 150 75 Chriflie,
1471 1930 74 75 who
1561 1930 104 75 draws
1678 1930 52 75 off
1742 1930 54 75 the
1808 1930 65 75 lye,
1900 1930 83 75 af|er
1998 1930 26 75 it
2041 1930 56 75 has
2114 1930 127 75 fettled,
2259 1930 70 75 into

1293 1978 19 75 a
1327 1978 116 75 fecond
1468 1978 189 75 receptacle,
1682 1978 62 75 and
1772 1978 105 75 leaves
1901 1978 56 75 the
1982 1978 85 75 afhes
2098 1978 128 75 behind.
2276 1978 54 75 By

1294 2024 64 75 this
1374 2024 108 75 means
1507 2024 26 75 it
1551 2024 96 75 never
1663 2024 57 75 can
1749 2024 74 75 turn
1840 2024 163 75 dronger;
2032 2024 61 75 and
2118 2024 41 75 he
2175 2024 56 75 has
2254 2024 26 75 it
2296 2024 33 75 in

1294 2071 48 75 his
1360 2071 109 75 power
1484 2071 35 75 to
1536 2071 68 75 mix
1621 2071 55 75 the
1698 2071 8 75 '
1706 2071 53 75 top
1777 2071 62 75 and
1863 2071 140 75 bottojn,
2029 2071 106 75 which
2158 2071 116 75 cannot
2290 2071 39 75 be

1294 2117 83 75 done
1390 2117 33 75 fo
1440 2117 77 75 long
1533 2117 33 75 as
1579 2117 25 75 it
1621 2117 103 75 dands
1742 2117 41 75 on
1800 2117 56 75 the
1873 2117 124 75 affies.

1343 2163 128 75 Having
1487 2163 184 75 confidered
1686 2163 55 75 the
1766 2163 66 75 lye,
1857 2163 46 75 let
1920 2163 37 75 us
1974 2163 79 75 next
2069 2163 127 75 inquire
2212 2163 76 75 how
2304 2163 47 75 it,

1297 2212 76 75 afts.
1422 2212 54 75 On
1497 2212 65 75 this
1580 2212 127 75 inquiry
1726 2212 140 75 depends
1892 2212 111 75 almod
2020 2212 55 75 the
2092 2212 104 75 whole
2214 2212 116 75 theory

1296 2258 34 75 of
1347 2258 178 75 bleaching,
1551 2258 33 75 as
1610 2258 40 75 its
1678 2258 104 75 adion
1809 2258 43 75 on
1875 2258 88 75 cloth
1980 2258 39 75 is,
2046 2258 33 75 at
2107 2258 74 75 lead
2204 2258 31 75 in
2265 2258 65 75 this

1297 2305 147 75 country,
1461 2305 178 75 abfolutely
1650 2305 170 75 neceffary.
1862 2305 32 75 It
1906 2305 26 75 is
1945 2305 102 75 found
2062 2305 43 75 by
2118 2305 212 75 experiment,

1300 2351 70 75 that
1388 2351 59 75 one
1465 2351 92 75 effed
1576 2351 77 75 they
1670 2351 80 75 have
1774 2351 41 75 on
1833 2351 100 75 cloth,
1959 2351 26 75 is
2003 2351 55 75 the
2080 2351 199 75 diminiffiing
2295 2351 41 75 of

1296 2399 41 75 its
1356 2399 139 75 weight;
1522 2399 63 75 and
1600 2399 72 75 that
1688 2399 84 75 their
1788 2399 174 75 whitening
1974 2399 108 75 power
2098 2399 40 75 is,
2155 2399 175 75 generally,

1297 2448 32 75 in
1346 2448 188 75 proportion
1552 2448 34 75 to
1602 2448 84 75 their
1702 2448 186 75 Weakening
1904 2448 121 75 power.
2075 2448 110 75 Hence
2204 2448 93 75 arifes
2311 2448 20 75 a

1299 2491 206 75 probability,
1531 2491 72 75 that
1627 2491 88 75 thefe
1738 2491 68 75 lyes
1835 2491 48 75 ad
1906 2491 44 75 by
1966 2491 165 75 removing
2156 2491 175 75 fomewhat

1298 2539 85 75 from
1399 2539 54 75 the
1471 2539 101 75 cloth,
1598 2539 62 75 and
1677 2539 70 75 that
1764 2539 55 75 the
1835 2539 63 75 lofs
1915 2539 39 75 of
1973 2539 64 75 this
2055 2539 159 75 fubffahce
2231 2539 26 75 is
2274 2539 57 75 the

1300 2583 90 75 caufe
1406 2583 41 75 of
1457 2583 180 75 uhitenefs.
1685 2583 86 75 This
1788 2583 130 75 appears
1936 2583 54 75 yet
2006 2583 133 75 plainer,
2164 2583 93 75 when
2274 2583 57 75 the

1300 2631 150 75 bucking,
1478 2631 106 75 which
1611 2631 73 75 lads
1709 2631 84 75 from
1819 2631 161 75 Saturday
2004 2631 93 75 night
2121 2631 35 75 to
2183 2631 149 75 Monday

1298 2678 147 75 morning
1462 2678 26 75 is
1506 2678 150 75 attended
1673 2678 46 75 to.

1344 2725 111 75 There
1484 2725 53 75 are
1553 2725 127 75 various
1697 2725 62 75 and
1782 2725 150 75 different
1957 2725 145 75 opinions
2108 2725 90 75 with
2215 2725 116 75 regard

1299 2771 35 75 to
1350 2771 56 75 the
1434 2771 165 75 operation
1618 2771 41 75 of
1680 2771 87 75 thefe
1784 2771 94 75 falts:
1906 2771 91 75 That
2014 2771 78 75 they
2107 2771 48 75 ad
2174 2771 43 75 by
2234 2771 97 75 alter-

1300 2819 53 75 ing
1370 2819 54 75 the
1450 2819 144 75 external
1622 2819 132 75 texture
1776 2819 39 75 of
1836 2819 56 75 the
1908 2819 101 75 cloth,
2035 2819 37 75 or
2096 2819 43 75 by
2154 2819 179 75 feparating

1300 2866 56 75 the
1372 2866 229 75 mucilaginous
1628 2866 87 75 parts
1732 2866 85 75 from
1841 2866 62 75 the'
1925 2866 72 75 red,
2023 2866 37 75 or
2086 2866 43 75 b,y
2153 2866 179 75 extrading

1302 2912 53 75 the
1373 2912 44 75 oil
1433 2912 105 75 which
1554 2912 26 75 is
1606 2912 64 75 laid
1687 2912 42 75 up
1750 2912 31 75 in
1799 2912 55 75 the
1871 2912 76 75 cells
1972 2912 40 75 of
2031 2912 55 75 the
2106 2912 87 75 plant
2254 2912 76 75 The

1299 2960 57 75 lad
1372 2960 27 75 is
1416 2960 55 75 the
1484 2960 126 75 general
1628 2960 141 75 opinion,
1787 2960 36 75 or
1841 2960 107 75 rather
1964 2960 192 75 conjedure,
2181 2960 51 75 for
2248 2960 83 75 none

1300 3006 40 75 of
1352 3006 86 75 them
1455 3006 145 75 deferves
1614 3006 61 75 any
1692 3006 104 75 better
1808 3006 91 75 name
1910 3006 10 75 ;
1938 3006 58 75 but
2009 3006 73 75 may
2091 3006 48 75 we
2151 3006 131 75 venture
2295 3006 35 75 to

1300 3053 115 75 affirm,
1442 3053 70 75 that
1533 3053 24 75 it
1584 3053 25 75 is
1635 3053 33 75 fo
1694 3053 138 75 without
1848 3053 61 75 any
1927 3053 103 75 better
2041 3053 72 75 ti;le
2131 3053 33 75 to
2180 3053 149 75 pre-emi-
2217 3091 111 75 nence.
