2493 3387
709 180 488 75 ASTRO

138 245 172 75 excepted.
358 245 79 75 And
453 245 30 75 if
502 245 49 75 we
574 245 85 75 were
675 245 36 75 to
735 245 86 75 trace
838 245 57 75 out
911 245 43 75 all
971 245 84 75 their
1078 245 96 75 appa-

140 291 70 75 rent
227 291 104 75 paths,
359 291 62 75 and
437 291 57 75 put
509 291 57 75 the
582 291 116 75 figures
716 291 41 75 of
775 291 90 75 them
882 291 150 75 together
1055 291 32 75 in
1113 291 60 75 one

138 338 157 75 diagram,
320 338 77 75 they
412 338 110 75 would
538 338 115 75 appear
666 338 36 75 fo
718 338 184 75 anomalous
920 338 62 75 and
1008 338 165 75 confufed,

139 383 72 75 that
228 383 41 75 no
281 383 73 75 man
370 383 32 75 in
420 383 48 75 his
485 383 101 75 fenfes
603 383 98 75 could
717 383 122 75 believe
856 383 88 75 them
961 383 35 75 to
1013 383 40 75 be
1067 383 106 75 repre-

139 431 172 75 fentations
339 431 40 75 of
397 431 84 75 their
507 431 66 75 real
596 431 116 75 paths;
738 431 60 75 but
825 431 107 75 would
955 431 219 75 immediately

139 478 168 75 conclude,
324 478 71 75 that
412 478 75 75 fuch
505 478 151 75 apparent
670 478 229 75 irregularities
916 478 80 75 muft
1011 478 40 75 be
1068 478 106 75 owing

140 523 35 75 to
198 523 84 75 fome
302 523 86 75 optic
410 523 139 75 illufions
565 523 9 75 :
609 523 78 75 And
711 523 84 75 after
819 523 19 75 a
861 523 87 75 good
970 523 70 75 deal
1066 523 41 75 of
1124 523 49 75 in-

140 570 109 75 quiry,
274 570 40 75 he
331 570 103 75 might
449 570 136 75 perhaps
601 570 41 75 be
658 570 33 75 at
707 570 19 75 a
741 570 62 75 lofs
816 570 34 75 to
868 570 66 75 find
951 570 57 75 out
1028 570 56 75 the
1102 570 72 75 true

141 617 90 75 eaufe
251 617 41 75 of
310 617 88 75 thefe
415 617 223 75 inequalities;
665 617 167 75 efpecially
848 617 30 75 if
896 617 41 75 he
955 617 83 75 were
1063 617 59 75 one
1140 617 40 75 of

141 664 90 75 thofe
248 664 75 75 who
340 664 109 75 would
463 664 120 75 rather,
602 664 77 75 with
698 664 55 75 the
769 664 135 75 greateft
916 664 124 75 juftice,
1059 664 117 75 charge

142 710 74 75 frail
233 710 72 75 man
322 710 79 75 with
418 710 182 75 ignorance,
627 710 77 75 than
724 710 56 75 the
797 710 172 75 Almighty
985 710 79 75 with
1080 710 96 75 being

144 757 56 75 the
218 757 114 75 author
348 757 41 75 of
407 757 75 75 fuch
500 757 174 75 cofifufion.
778 757 10 75 '

192 802 52 75 Dr
261 802 109 75 Long,
395 802 33 75 in
444 802 50 75 his
510 802 65 75 firft
591 802 128 75 volume
734 802 42 75 of
787 802 207 75 Aftronbmy,
1011 802 58 75 has
1082 802 94 75 given

143 849 36 75 us
195 849 116 75 figures
327 849 40 75 of
386 849 56 75 the
459 849 150 75 apparent
627 849 91 75 paths
736 849 41 75 of
796 849 42 75 all
862 849 56 75 the
941 849 121 75 planets
1087 849 89 75 fepa-

144 897 102 75 rately
261 897 85 75 from
364 897 135 75 Caflini;
518 897 85 75 from
615 897 88 75 them
715 897 60 75 Mr
786 897 163 75 Fergufon
961 897 64 75 firft
1037 897 142 75 thought

143 943 40 75 of
201 943 189 75 attempting
407 943 35 75 to
459 943 87 75 trace
564 943 85 75 fome
665 943 41 75 of
725 943 87 75 them
839 943 43 75 by
899 943 39 75 an
955 943 125 75 orrery,
1104 943 72 75 that

144 990 97 75 fliews
256 990 55 75 the
324 990 138 75 motions
474 990 40 75 of
524 990 57 75 the
592 990 69 75 fun,
679 990 179 75 Mercury,'
858 990 130 75 Venus,
1005 990 55 75 the
1072 990 104 75 earth,

142 1036 62 75 and
221 1036 109 75 moon,
348 1036 170 75 according
534 1036 35 75 to
586 1036 55 75 the
659 1036 203 75 Copernican
874 1036 124 75 fyftem.
1048 1036 130 75 Having

141 1083 96 75 taken
262 1083 52 75 off"
333 1083 56 75 the
412 1083 69 75 fun,
507 1083 169 75 Mercury,
702 1083 63 75 and
789 1083 126 75 Venus,
940 1083 41 75 he
1007 1083 173 75 put.black

143 1129 72 75 lead
232 1129 119 75 pencils
369 1129 32 75 in
417 1129 85 75 their
518 1129 120 75 places,
663 1129 79 75 with
767 1129 56 75 the
849 1129 104 75 points
978 1129 116 75 turned
1119 1129 58 75 up-

145 1176 100 75 ward,
270 1176 64 75 and
357 1176 89 75 fixed
469 1176 18 75 a
512 1176 135 75 circular
672 1176 85 75 fheet
780 1176 41 75 of
840 1176 186 75 pafteboard
1050 1176 34 75 fo
1107 1176 71 75 that

144 1223 55 75 the
212 1223 90 75 earth
319 1223 78 75 kept
412 1223 176 75 conftantly
606 1223 100 75 under
722 1223 42 75 its
781 1223 108 75 centre
906 1223 30 75 in
962 1223 97 75 going
1075 1223 104 75 round

145 1270 54 75 the
221 1270 68 75 fun,
314 1270 63 75 and
393 1270 55 75 the
464 1270 187 75 pafteboard
666 1270 77 75 kept
761 1270 40 75 its
814 1270 202 75 parallelifm.
1065 1270 113 75 Then,

145 1316 130 75 preffing
300 1316 111 75 gently
436 1316 78 75 with
540 1316 62 75 one
624 1316 87 75 hand
734 1316 88 75 upon
846 1316 57 75 the
930 1316 187 75 pafteboard
1143 1316 34 75 to

146 1363 92 75 make
255 1363 25 75 it
297 1363 97 75 touch
411 1363 57 75 the
484 1363 92 75 three
601 1363 133 75 pencils,
759 1363 79 75 with
854 1363 56 75 the
927 1363 93 75 other
1037 1363 84 75 hand
1139 1363 41 75 he

145 1410 116 75 turned
277 1410 55 75 the
349 1410 104 75 winch
471 1410 70 75 that
558 1410 107 75 moves
682 1410 56 75 the
756 1410 104 75 whole
884 1410 183 75 machinery
1080 1410 9 75 :
1116 1410 63 75 and

143 1456 37 75 as
205 1456 55 75 the
281 1456 91 75 earth
390 1456 148 75 together
555 1456 77 75 with
656 1456 55 75 the
733 1456 119 75 pencils
878 1456 32 75 in
934 1456 56 75 the
1017 1456 102 75 places
1144 1456 41 75 of

148 1502 156 75 Mercury
329 1502 60 75 and
414 1502 112 75 Venus
556 1502 66 75 had
654 1502 85 75 their
771 1502 116 75 proper
910 1502 140 75 motions
1076 1502 105 75 round

149 1549 55 75 the
221 1549 84 75 fun’s
323 1549 132 75 pencils,
480 1549 105 75 which
602 1549 77 75 kept
695 1549 33 75 at
744 1549 60 75 reft
821 1549 31 75 in
869 1549 55 75 the
943 1549 107 75 centre
1066 1549 39 75 of
1125 1549 56 75 the

148 1597 156 75 machine,
343 1597 42 75 all
418 1597 55 75 the
504 1597 92 75 three
628 1597 118 75 pencils
779 1597 164 75 defcribed
975 1597 18 75 a
1025 1597 156 75 diagram,

149 1642 85 75 from
257 1642 106 75 which
388 1642 55 75 fig.
470 1642 33 75 2.
529 1642 41 75 of
587 1642 93 75 Plate
704 1642 80 75 XL.
810 1642 26 75 is
861 1642 87 75 truly
972 1642 114 75 copied
1109 1642 32 75 in
1164 1642 18 75 a

150 1689 126 75 Imaller
292 1689 74 75 fize.
418 1689 47 75 As
490 1689 56 75 the
569 1689 91 75 earth
685 1689 115 75 moved
826 1689 103 75 round
953 1689 54 75 the
1032 1689 67 75 fun,
1126 1689 56 75 the

150 1736 83 75 fun’s
251 1736 102 75 pencil
370 1736 166 75 defcribed
552 1736 55 75 the
624 1736 115 75 dotted
755 1736 96 75 circle
868 1736 41 75 of
919 1736 141 75 months,
1080 1736 102 75 whilft

150 1784 185 75 Mercury’s
352 1784 104 75 pencil
473 1784 89 75 drew
579 1784 55 75 the
650 1784 96 75 curve
763 1784 79 75 with
859 1784 55 75 the
932 1784 135 75 greateft
1092 1784 89 75 num-

152 1829 57 75 ber
225 1829 40 75 of
276 1829 104 75 loops,
406 1829 62 75 and
479 1829 140 75 Venus’s
632 1829 70 75 that
716 1829 78 75 with
812 1829 53 75 the
878 1829 121 75 feweft.
1047 1829 39 75 In
1099 1829 85 75 their

152 1876 130 75 inferior
299 1876 217 75 conjunftions
530 1876 78 75 they
618 1876 92 75 come
728 1876 34 75 as
779 1876 96 75 much
887 1876 110 75 nearer
1009 1876 55 75 the
1077 1876 104 75 earth,

152 1922 36 75 or
204 1922 113 75 within
334 1922 55 75 the
405 1922 96 75 circle
524 1922 41 75 of
583 1922 56 75 the
663 1922 83 75 fun’s
773 1922 150 75 apparent
939 1922 123 75 motion
1078 1922 105 75 round

150 1969 57 75 the
223 1969 150 75 heavens,
399 1969 33 75 as
449 1969 78 75 they
543 1969 41 75 go
601 1969 128 75 beyond
745 1969 25 75 it
786 1969 32 75 in
835 1969 85 75 their
942 1969 140 75 fuperior
1105 1969 76 75 con-

147 2017 172 75 junftions.
370 2017 53 75 On
441 2017 76 75 each
543 2017 63 75 fide
631 2017 41 75 of
691 2017 56 75 the
770 2017 92 75 loops
888 2017 77 75 they
991 2017 115 75 appear
1123 2017 59 75 fta-

152 2061 146 75 tionary;
324 2061 32 75 in
374 2061 70 75 that
460 2061 73 75 part
550 2061 40 75 of
610 2061 78 75 each
705 2061 76 75 loop
798 2061 78 75 next
893 2061 54 75 the
964 2061 91 75 earth
1079 2061 103 75 retro-

155 2108 96 75 grade
263 2108 10 75 ;
300 2108 62 75 and
379 2108 32 75 in
429 2108 43 75 all
484 2108 54 75 the
552 2108 58 75 reft
624 2108 39 75 of
683 2108 84 75 their
783 2108 93 75 paths
893 2108 113 75 direft.

200 2154 37 75 If
256 2154 145 75 Caflini’s
415 2154 115 75 figures
547 2154 40 75 of
604 2154 57 75 the
677 2154 92 75 paths
788 2154 39 75 of
845 2154 56 75 the
917 2154 68 75 fun,
1011 2154 170 75 Mercury,

156 2201 62 75 and
232 2201 121 75 Venus,
379 2201 84 75 were
479 2201 57 75 put
553 2201 160 75 together,
731 2201 54 75 the
797 2201 99 75 figure
910 2201 35 75 as
956 2201 100 75 above
1073 2201 111 75 traced

154 2248 57 75 put
228 2248 107 75 would
354 2248 39 75 be
410 2248 126 75 exaftly
552 2248 63 75 like
632 2248 101 75 them.
782 2248 32 75 It
830 2248 177 75 reprefents
1024 2248 56 75 the
1100 2248 84 75 fun’s

156 2294 151 75 apparent
324 2294 121 75 motion
456 2294 107 75 found
580 2294 55 75 the
647 2294 140 75 ecliptic,
813 2294 106 75 which
935 2294 26 75 is
979 2294 55 75 the
1050 2294 84 75 fame
1151 2294 33 75 e-

156 2340 78 75 very
250 2340 97 75 year;
374 2340 183 75 Mercury’s
574 2340 121 75 motion
721 2340 50 75 for
794 2340 92 75 feven
910 2340 103 75 years,
1039 2340 61 75 and
1116 2340 69 75 Ve-

158 2388 85 75 nus’s
261 2388 51 75 for
329 2388 110 75 eight;
465 2388 32 75 in
513 2388 104 75 which
635 2388 77 75 time
728 2388 185 75 Mercury’s
926 2388 77 75 path
1020 2388 107 75 makes
1141 2388 42 75 23

158 2433 119 75 loops,.
292 2433 131 75 crofling
445 2433 89 75 itfelf
550 2433 36 75 fo
611 2433 95 75 many
729 2433 106 75 times,
861 2433 63 75 and
947 2433 140 75 Venus’s
1112 2433 76 75 only

157 2480 74 75 five.
281 2480 37 75 In
335 2480 89 75 eight
435 2480 104 75 years,
556 2480 112 75 Venus
684 2480 73 75 falls
774 2480 35 75 fo
827 2480 109 75 nearly
952 2480 68 75 into
1033 2480 56 75 the
1105 2480 83 75 fame

157 2526 152 75 apparent
334 2526 77 75 path
428 2526 103 75 again,
557 2526 33 75 as
606 2526 36 75 to
659 2526 124 75 deviate
805 2526 79 75 very
906 2526 85 75 little
1007 2526 84 75 from
1108 2526 25 75 it
1156 2526 32 75 in

159 2573 85 75 fome
261 2573 95 75 ages;
384 2573 56 75 but
456 2573 32 75 in
511 2573 87 75 what
622 2573 133 75 rfumber
778 2573 40 75 of
836 2573 92 75 years
952 2573 159 75 Mercury
1127 2573 62 75 and

159 2620 56 75 the
232 2620 59 75 reft
316 2620 40 75 of
374 2620 55 75 the
451 2620 122 75 planets
596 2620 107 75 would
729 2620 141 75 defcribe
893 2620 56 75 the
974 2620 83 75 fame
1081 2620 108 75 vifible

159 2666 92 75 paths
269 2666 77 75 over
371 2666 103 75 again,
500 2666 25 75 it
548 2666 26 75 is
599 2666 82 75 hard
703 2666 36 75 to
761 2666 189 75 determine.
998 2666 130 75 Having
1152 2666 36 75 fi-

159 2713 109 75 nifhed
280 2713 54 75 the
352 2713 98 75 above
466 2713 100 75 figure
583 2713 39 75 of
633 2713 56 75 the
704 2713 91 75 paths
812 2713 40 75 of
870 2713 156 75 Mercury
1043 2713 62 75 and
1120 2713 68 75 Ve-

158 2760 73 75 nus,
255 2760 42 75 he
321 2760 58 75 put
403 2760 55 75 the
481 2760 128 75 ecliptic
633 2760 103 75 round
760 2760 88 75 them
865 2760 32 75 as
914 2760 32 75 in
963 2760 56 75 the
1036 2760 153 75 Doftor’s

160 2807 98 75 book,
283 2807 61 75 and
362 2807 105 75 added
489 2807 55 75 the
569 2807 114 75 dotted
698 2807 80 75 lines
794 2807 85 75 from
895 2807 56 75 the
974 2807 91 75 earth
1082 2807 34 75 to
1133 2807 57 75 the

160 2852 128 75 ecliptic
316 2852 52 75 for
387 2852 143 75 ihewing
553 2852 185 75 Mercury’s
766 2852 151 75 apparent
945 2852 37 75 or
1010 2852 182 75 geocentric

159 2899 123 75 motion
309 2899 121 75 therein
456 2899 51 75 for
533 2899 60 75 one
616 2899 97 75 year;
747 2899 33 75 in
808 2899 104 75 which
937 2899 77 75 time
1041 2899 49 75 his
1113 2899 77 75 path

161 2946 107 75 makes
286 2946 89 75 three
392 2946 103 75 loops,
521 2946 62 75 and
599 2946 77 75 goes
700 2946 42 75 on
765 2946 18 75 a
804 2946 85 75 little
913 2946 144 75 farther;
1084 2946 106 75 which

160 2992 98 75 fhews
276 2992 69 75 that
362 2992 40 75 he
417 2992 57 75 has
500 2992 90 75 three
613 2992 144 75 inferior,
784 2992 63 75 and
871 2992 32 75 as
932 2992 95 75 many
1049 2992 142 75 fuperior

160 3039 218 75 conjunftions
396 3039 77 75 with
491 3039 56 75 the
563 3039 56 75 fun
635 3039 32 75 in
684 3039 71 75 that
775 3039 77 75 time
866 3039 13 75 ;
901 3039 63 75 and
981 3039 65 75 alfo
1062 3039 71 75 that
1148 3039 41 75 he

209 3087 96 75 Von,
331 3087 31 75 I.
410 3087 72 75 No.
512 3087 55 75 19.

1073 3087 18 75 3

1276 177 42 75 N
1398 177 40 75 O
1518 177 49 75 M
1646 177 53 75 Y.

2171 177 83 75 44P

1224 240 27 75 is
1269 240 48 75 fix
1342 240 93 75 times
1459 240 184 75 ftationary,
1669 240 62 75 and
1754 240 102 75 thrice
1881 240 198 75 retrograde.
2130 240 65 75 Let
2212 240 44 75 -us

1225 286 73 75 now
1314 286 86 75 trace
1416 286 50 75 his
1484 286 122 75 motion
1623 286 52 75 for
1687 286 60 75 one
1763 286 76 75 year
1855 286 31 75 in
1905 286 55 75 the
1975 286 115 75 figure.

1271 335 38 75 In
1325 335 93 75 Plate
1434 335 81 75 XL.
1539 335 55 75 fig.
1616 335 33 75 2.
1685 335 130 75 fupppfe
1841 335 157 75 Mercury
2024 335 35 75 to
2085 335 40 75 be
2140 335 118 75 fetting

1222 379 59 75 out
1296 379 85 75 from
1399 379 36 75 A
1448 379 140 75 towards
1606 379 43 75 B,
1669 379 159 75 (between
1843 379 55 75 the
1910 379 89 75 earth
2016 379 64 75 and
2095 379 61 75 left
2171 379 87 75 hand

1225 425 111 75 corner
1345 425 41 75 of
1393 425 54 75 the
1460 425 124 75 Plate),
1597 425 62 75 and
1669 425 33 75 as
1711 425 71 75 feen
1795 425 83 75 from
1893 425 54 75 the
1956 425 103 75 earth,
2073 425 50 75 his
2135 425 123 75 motion

1224 472 67 75 will
1307 472 73 75 then
1394 472 40 75 be
1446 472 112 75 direft,
1577 472 37 75 or
1626 472 172 75 according
1813 472 35 75 to
1861 472 55 75 the
1928 472 94 75 order
2039 472 40 75 of
2091 472 55 75 the
2164 472 93 75 figns.

1224 520 67 75 But
1303 520 93 75 when
1417 520 39 75 he
1475 520 106 75 comes
1601 520 35 75 to
1645 520 51 75 J?,
1721 520 42 75 he
1780 520 131 75 appears
1928 520 35 75 to
1975 520 90 75 ftand
2081 520 60 75 ftill
2158 520 32 75 in
2203 520 56 75 the

1228 564 64 75 23d
1309 564 117 75 degree
1442 564 40 75 of
1559 564 33 75 at
1609 564 38 75 F,
1665 564 34 75 as
1718 564 103 75 ftiewn
1835 564 42 75 by
1890 564 55 75 the
1958 564 63 75 line
2034 564 69 75 BF.
2136 564 124 75 Whilft

1224 611 41 75 he
1287 611 78 75 goes
1389 611 85 75 from
1500 611 29 75 B
1556 611 36 75 to
1614 611 38 75 C,
1677 611 55 75 the
1756 611 63 75 line
1837 611 70 75 BF,
1933 611 153 75 fuppofed
2099 611 46 75 ,to
2167 611 94 75 move

1226 658 79 75 with
1330 658 80 75 him,
1436 658 76 75 goes
1537 658 171 75 backward
1732 658 85 75 from
1841 658 29 75 F
1883 658 35 75 to
1934 658 44 75 E,
2004 658 36 75 or
2057 658 151 75 contrary
2223 658 37 75 to

1225 704 55 75 the
1297 704 97 75 order
1410 704 39 75 of
1469 704 78 75 figns
1563 704 9 75 ;
1601 704 62 75 and
1676 704 92 75 when
1780 704 41 75 he
1837 704 28 75 is
1882 704 31 75 at
1931 704 37 75 C,
1993 704 41 75 he
2051 704 131 75 appears
2199 704 59 75 fta-

1226 750 126 75 tionary
1380 750 32 75 at
1439 750 44 75 E,
1508 750 118 75 having
1653 750 82 75 gone
1762 750 84 75 back
1878 750 64 75 ii-‘-
1964 750 145 75 degrees.
2158 750 100 75 Now,

1226 798 130 75 fuppofe
1373 798 67 75 him
1456 798 172 75 ftationary
1652 798 41 75 on
1710 798 55 75 the
1790 798 65 75 firft
1877 798 41 75 of
1937 798 142 75 January
2096 798 33 75 at
2154 798 36 75 C,
2216 798 44 75 on

1226 844 55 75 the
1303 844 78 75 10th
1398 844 132 75 thereof
1549 844 41 75 he
1607 844 64 75 will
1689 844 116 75 appear
1816 844 31 75 in
1865 844 56 75 the
1937 844 137 75 heavens
2092 844 33 75 as
2149 844 33 75 at
2201 844 57 75 20,

1225 890 77 75 near
1318 890 46 75 F;
1391 890 41 75 on
1450 890 57 75 the
1532 890 96 75 20th,
1654 890 39 75 he
1717 890 65 75 will
1800 890 39 75 be
1855 890 71 75 feen
1952 890 33 75 as
2010 890 32 75 at
2060 890 52 75 C;
2139 890 42 75 on
2206 890 55 75 the

1228 938 16 75 3
1254 938 55 75 ift,
1328 938 32 75 at
1374 938 58 75 FT;
1459 938 40 75 on
1513 938 56 75 the
1582 938 80 75 10th
1675 938 40 75 of
1724 938 180 75 February,
1923 938 32 75 at
1970 938 38 75 7;
2035 938 40 75 on
2094 938 55 75 the
2163 938 96 75 20th,

1225 983 32 75 at
1276 983 54 75 K;
1357 983 62 75 and
1436 983 40 75 on
1498 983 54 75 the
1570 983 96 75 28th,
1690 983 35 75 at
1742 983 49 75 L;
1819 983 33 75 as
1869 983 56 75 the
1941 983 114 75 dotted
2072 983 78 75 lines
2163 983 96 75 fhew,

1227 1031 103 75 which
1344 1031 53 75 are
1413 1031 110 75 drawn
1539 1031 141 75 through
1700 1031 96 75 every
1812 1031 90 75 tenth
1918 1031 91 75 day’s
2022 1031 122 75 motion
2161 1031 31 75 in
2200 1031 61 75 Lis

1228 1078 117 75 looped
1361 1078 90 75 path,
1470 1078 61 75 and
1547 1078 170 75 continued
1729 1078 35 75 to
1777 1078 55 75 the
1848 1078 142 75 ecliptic.
2038 1078 53 75 On
2105 1078 54 75 the
2184 1078 77 75 10th

1228 1124 39 75 of
1279 1124 132 75 March,
1436 1124 41 75 he
1490 1124 131 75 appears
1639 1124 32 75 at
1690 1124 64 75 717;
1774 1124 41 75 on
1829 1124 54 75 the
1897 1124 95 75 20th,
2011 1124 32 75 at
2061 1124 33 75 A
2094 1106 10 49 r
2104 1124 34 75 -,
2167 1124 63 75 and
2241 1124 43 75 on

1229 1171 55 75 the
1295 1171 17 75 3
1324 1171 53 75 ift,
1391 1171 32 75 at
1433 1171 40 75 0.
1502 1171 54 75 On
1570 1171 58 75 the
1640 1171 76 75 10th
1726 1171 40 75 of
1772 1171 107 75 April,
1892 1171 41 75 he
1946 1171 131 75 appears
2090 1171 173 75 ftationary

1228 1216 31 75 at
1275 1216 31 75 P
1320 1216 9 75 ;
1356 1216 41 75 on
1415 1216 55 75 the
1489 1216 94 75 2dth,
1601 1216 41 75 he
1658 1216 98 75 feems
1773 1216 36 75 to
1825 1216 83 75 have
1925 1216 83 75 gone
2020 1216 82 75 back
2118 1216 92 75 again
2227 1216 36 75 to

1228 1264 47 75 0;
1302 1264 63 75 and
1382 1264 41 75 on
1440 1264 55 75 the
1514 1264 94 75 30th,
1625 1264 42 75 he
1679 1264 133 75 appears
1824 1264 180 75 ftationary.
2013 1264 31 75 at
2062 1264 59 75 §>_,
2145 1264 119 75 having

1227 1311 82 75 gone
1321 1311 82 75 back
1424 1311 67 75 114
1504 1311 146 75 degrees.
1698 1311 96 75 Thus
1808 1311 156 75 Mercury
1975 1311 99 75 feems
2092 1311 35 75 to
2140 1311 41 75 go
2194 1311 68 75 for-

1227 1358 89 75 ward
1334 1358 20 75 4
1371 1358 81 75 figns
1474 1358 36 75 11
1528 1358 144 75 degrees,
1691 1358 38 75 or
1750 1358 60 75 131
1831 1358 145 75 degrees,
1995 1358 62 75 and
2073 1358 36 75 to
2125 1358 42 75 go
2180 1358 83 75 back

1229 1404 76 75 only
1327 1404 37 75 11
1385 1404 37 75 or
1444 1404 38 75 12
1497 1404 145 75 degrees,
1668 1404 32 75 at
1718 1404 18 75 a
1752 1404 90 75 mean
1861 1404 81 75 rate.
1988 1404 100 75 From
2105 1404 56 75 the
2180 1404 83 75 30th

1229 1450 39 75 of
1279 1450 96 75 April
1388 1450 36 75 iq
1435 1450 55 75 the
1507 1450 79 75 10th
1604 1450 40 75 of
1663 1450 95 75 May,
1785 1450 40 75 he
1841 1450 99 75 feems
1958 1450 34 75 to
2014 1450 92 75 move
2123 1450 84 75 from

1230 1497 34 75 to
1291 1497 29 75 R
1334 1497 10 75 ;
1383 1497 62 75 and
1470 1497 41 75 on
1539 1497 56 75 the
1621 1497 95 75 20th,
1742 1497 40 75 he
1809 1497 27 75 is
1860 1497 72 75 feen
1956 1497 33 75 at
2012 1497 39 75 S,
2075 1497 97 75 going
2196 1497 66 75 for-

1230 1544 88 75 ward
1336 1544 31 75 in
1384 1544 56 75 the
1455 1544 84 75 fame
1555 1544 131 75 manner
1703 1544 105 75 again,
1834 1544 171 75 according
2029 1544 34 75 to
2089 1544 54 75 the
2167 1544 97 75 order

1230 1591 39 75 of
1289 1591 111 75 letters
1413 1591 9 75 ;
1449 1591 63 75 and
1525 1591 169 75 backward
1713 1591 91 75 when
1822 1591 77 75 they
1914 1591 45 75 go
1979 1591 80 75 back
2071 1591 10 75 ;
2107 1591 106 75 which
2237 1591 26 75 it

1231 1637 25 75 is
1274 1637 141 75 needlefs
1428 1637 34 75 to
1479 1637 128 75 explain
1625 1637 61 75 any
1703 1637 133 75 farther,
1855 1637 33 75 as
1906 1637 55 75 the
1978 1637 111 75 reader
2105 1637 58 75 can
2176 1637 88 75 trace

1231 1684 68 75 him
1324 1684 57 75 out
1405 1684 34 75 fo
1464 1684 95 75 eafily
1584 1684 140 75 through
1746 1684 56 75 the
1826 1684 61 75 reft
1910 1684 39 75 of
1969 1684 55 75 the
2050 1684 87 75 year.
2182 1684 83 75 The

1232 1731 83 75 fame
1332 1731 209 75 appearances
1557 1731 123 75 happen
1705 1731 31 75 in
1759 1731 142 75 Venus’s
1918 1731 120 75 motion
2052 1731 7 75 ;
2088 1731 56 75 but
2162 1731 33 75 as
2212 1731 53 75 fhe

1231 1778 108 75 moves
1356 1778 110 75 flower
1484 1778 75 75 than
1585 1778 170 75 Mercury,
1780 1778 91 75 there
1897 1778 53 75 are
1975 1778 112 75 longer
2111 1778 153 75 intervals

1231 1825 40 75 of
1291 1825 76 75 time
1382 1825 146 75 between
1544 1825 101 75 them.

1962 1867 36 75 X

1234 1970 173 75 Chap.
1452 1970 51 75 V.
1593 1970 81 75 The
1708 1970 174 75 phyfical
1927 1970 140 75 Ccntfes
2084 1970 6 75 .
2114 1970 49 75 of
2198 1970 68 75 the

1290 2025 163 75 Motions
1474 2025 48 75 of
1540 2025 66 75 the
1625 2025 179 75 Planets.
1863 2025 80 75 The
1969 2025 295 75 Excentricities

1289 2082 47 75 of
1360 2082 104 75 their
1493 2082 134 75 Orbits
1698 2082 81 75 The
1803 2082 124 75 Times
1965 2082 42 75 in
2040 2082 31 75 is.
2081 2082 89 75 bid:
2199 2082 66 75 the

1289 2138 132 75 Action
1442 2138 46 75 of
1512 2138 170 75 Gravity
1704 2138 105 75 alone
1824 2138 133 75 would
1973 2138 113 75 bring
2106 2138 100 75 them
2227 2138 37 75 to

1288 2197 66 75 the
1378 2197 97 75 Sun.

1272 2293 110 75 From
1397 2293 55 75 the
1464 2293 140 75 uniform
1616 2293 164 75 projeftile
1792 2293 121 75 motion
1921 2293 40 75 of
1966 2293 111 75 bodies
2090 2293 31 75 in
2133 2293 132 75 ftraight

1232 2339 181 75 lines,'and
1428 2339 56 75 the
1501 2339 155 75 univerfal
1674 2339 107 75 power
1798 2339 40 75 of
1853 2339 167 75 attraftion
2036 2339 104 75 which
2158 2339 106 75 draws

1232 2386 90 75 them
1339 2386 52 75 off
1409 2386 84 75 from
1510 2386 87 75 thefe
1614 2386 92 75 lines,
1732 2386 56 75 the
1805 2386 183 75 curvilineal
2004 2386 140 75 motions
2161 2386 40 75 of
2220 2386 44 75 all

1235 2432 55 75 the
1307 2432 123 75 planets
1447 2432 91 75 arife.
1579 2432 234 75 InPLteXL.
1833 2432 55 75 fig.
1904 2432 33 75 3.
1954 2432 32 75 if
1997 2432 54 75 the
2068 2432 88 75 body
2175 2432 90 75 A~b&

1235 2478 164 75 projefted
1414 2478 94 75 along
1520 2478 53 75 the
1586 2478 86 75 right
1688 2478 63 75 line
1765 2478 112 75 ABX,
1894 2478 30 75 in
1938 2478 82 75 open
2036 2478 103 75 fpace,
2158 2478 107 75 where

1236 2524 25 75 it
1278 2524 99 75 meets
1387 2524 79 75 with
1480 2524 41 75 no
1537 2524 172 75 refiftance,
1728 2524 63 75 and
1806 2524 25 75 is
1850 2524 55 75 not
1922 2524 110 75 drawn
2050 2524 80 75 afide
2147 2524 43 75 by
2203 2524 62 75 any

1236 2570 93 75 other
1339 2570 121 75 power,
1479 2570 25 75 it
1516 2570 65 75 will
1600 2570 51 75 for
1662 2570 73 75 ever
1746 2570 42 75 go
1801 2570 40 75 on
1854 2570 77 75 with
1946 2570 54 75 the
2017 2570 82 75 fame
2113 2570 150 75 velocity,

1237 2617 61 75 and
1315 2617 32 75 in
1365 2617 53 75 the
1435 2617 83 75 fame
1530 2617 165 75 direftion.
1744 2617 67 75 For
1822 2617 56 75 the
1894 2617 89 75 force
1999 2617 105 75 which
2116 2617 109 75 moves
2237 2617 28 75 it

1237 2664 86 75 from
1336 2664 36 75 y7
1385 2664 35 75 to
1433 2664 29 75 7?
1475 2664 32 75 in
1521 2664 60 75 any
1593 2664 93 75 given
1698 2664 90 75 time,
1806 2664 69 75 will
1884 2664 92 75 carry
1994 2664 26 75 it
2037 2664 84 75 from
2135 2664 30 75 2?
2183 2664 35 75 to
2229 2664 40 75 X

1236 2710 31 75 in
1285 2710 33 75 as
1334 2710 95 75 much
1446 2710 87 75 more
1549 2710 90 75 time,
1657 2710 62 75 and
1736 2710 33 75 fo
1786 2710 53 75 on,
1866 2710 90 75 there
1973 2710 94 75 being
2083 2710 134 75 nothing
2228 2710 36 75 to

1237 2758 136 75 obftruft
1389 2758 133 75 orialter
1537 2758 42 75 its
1596 2758 134 75 motion.
1779 2758 67 75 But
1862 2758 31 75 if
1911 2758 94 75 when
2020 2758 64 75 this
2100 2758 165 75 projeftile

1238 2804 88 75 force
1342 2804 57 75 has
1416 2804 123 75 carried
1553 2804 38 75 it,
1615 2804 131 75 fuppofe
1763 2804 34 75 to
1816 2804 43 75 F,
1885 2804 54 75 the
1956 2804 86 75 body
2060 2804 25 75 S
2101 2804 110 75 begins
2229 2804 35 75 to

1237 2850 113 75 attraft
1366 2850 37 75 it,
1429 2850 78 75 with
1524 2850 18 75 a
1553 2850 108 75 power
1677 2850 79 75 duly
1772 2850 154 75 adjufted,
1945 2850 62 75 and
2023 2850 242 75 perpendicular

1237 2897 35 75 to
1288 2897 40 75 its
1346 2897 121 75 motion
1479 2897 33 75 at
1525 2897 43 75 B,
1586 2897 25 75 it
1623 2897 67 75 will
1704 2897 74 75 then
1790 2897 44 75 be
1842 2897 111 75 drawn
1964 2897 84 75 from
2060 2897 56 75 the
2132 2897 133 75 ftraight

1238 2943 62 75 line
1319 2943 111 75 ABX,
1456 2943 63 75 and
1535 2943 109 75 forced
1661 2943 36 75 to
1722 2943 128 75 revolve
1874 2943 98 75 about
1997 2943 25 75 S
2046 2943 30 75 in
2095 2943 55 75 the
2168 2943 97 75 circle

1239 2992 134 75 BYTU.
1422 2992 111 75 When
1549 2992 55 75 the
1621 2992 88 75 body
1725 2992 36 75 A
1775 2992 105 75 comes
1905 2992 35 75 to
1965 2992 43 75 U,
2034 2992 38 75 or
2093 2992 62 75 any
2170 2992 111 75 other'

1238 3038 71 75 part
1326 3038 39 75 of
1384 3038 41 75 its
1443 3038 96 75 orbit,
1566 3038 30 75 if
1615 3038 56 75 the
1688 3038 88 75 fmall
1794 3038 87 75 body
1897 3038 34 75 k,
1956 3038 111 75 within
2084 3038 55 75 the
2155 3038 112 75 fphere

1732 3085 15 75 5
1771 3085 8 75 '
1779 3085 30 75 X

2227 3085 41 75 of
