2397 3387
487 138 229 75 BEG

1075 138 19 75 (
1151 138 84 75 537
1292 138 19 75 )

1602 138 226 75 BEL

105 210 109 75 BEE,
239 210 32 75 in
289 210 154 75 zoology.
493 210 61 75 See
572 210 111 75 Apis.

105 252 239 75 Bee-eater,
369 252 32 75 in
419 252 153 75 zoology.
623 252 62 75 See
701 252 184 75 Merges.

107 301 176 75 BEECH,
309 301 32 75 in
358 301 131 75 botany.
540 301 62 75 See
618 301 149 75 Fagus.

104 346 292 75 Beech-galls,
421 346 82 75 hard
518 346 245 75 protuberances
781 346 101 75 found
898 346 41 75 on
956 346 55 75 the
1033 346 106 75 leaves

153 394 40 75 of
216 394 54 75 the
294 394 111 75 beech,
431 394 142 75 wherein
598 394 53 75 are
678 394 120 75 lodged
825 394 55 75 the
906 394 146 75 maggots
1070 394 39 75 of
1121 394 20 75 a

154 439 119 75 certain
289 439 56 75 fly.

106 485 273 75 Beech-mast,
413 485 56 75 the
492 485 81 75 fruit
592 485 39 75 of
650 485 54 75 the
729 485 196 75 beech-tree,
949 485 67 75 faid
1035 485 36 75 to
1098 485 41 75 be

154 533 86 75 good
256 533 51 75 for
323 533 159 75 fattening
498 533 95 75 hogs,
618 533 89 75 deer,
734 533 63 75 6v.

105 579 234 75 Beech-oil,
366 579 39 75 an
422 579 43 75 oil
494 579 111 75 drawn
629 579 44 75 by
685 579 173 75 expreflion
882 579 85 75 from
983 579 55 75 the
1061 579 79 75 maft

152 627 41 75 of
203 627 56 75 the
275 627 199 75 b?ech-tree,
500 627 82 75 after
593 627 27 75 it
635 627 57 75 has
709 627 79 75 been
805 627 119 75 ftielled
940 627 62 75 and
1014 627 124 75 pound-

152 673 53 75 ed.
253 673 85 75 This
362 673 45 75 oil
431 673 27 75 is
478 673 78 75 very
573 673 145 75 common
742 673 32 75 in
799 673 150 75 Picardy,
976 673 63 75 and
1062 673 77 75 ufed

152 720 103 75 there,
280 720 63 75 and
355 720 33 75 in
399 720 94 75 other
505 720 87 75 parts
605 720 39 75 of
656 720 134 75 France,
815 720 119 75 inftead
948 720 41 75 of
1001 720 109 75 butter
1124 720 11 75 ;

153 766 57 75 but
234 766 80 75 moft
330 766 40 75 of
389 766 89 75 thofe
497 766 73 75 who
594 766 73 75 take
684 766 18 75 a
725 766 91 75 great
839 766 72 75 deal
926 766 42 75 of
986 766 39 75 it,
1050 766 87 75 com-

152 812 85 75 plain
250 812 38 75 of
302 812 88 75 pains
408 812 62 75 and
487 812 19 75 a
521 812 161 75 heavinefs
699 812 33 75 in
749 812 54 75 the
820 812 152 75 ftomach.

105 858 172 75 BEELE,
303 858 18 75 a
336 858 79 75 kind
430 858 41 75 of
490 858 145 75 pick-ax,
663 858 77 75 ufed
764 858 44 75 by
819 858 56 75 the
891 858 117 75 miners
1024 858 53 75 for
1091 858 47 75 fe-

150 904 145 75 parating
310 904 57 75 the
391 904 72 75 ores
486 904 85 75 from
595 904 56 75 the
676 904 93 75 rocks
794 904 33 75 in
851 904 107 75 which
974 904 78 75 they
1068 904 43 75 lie
1125 904 10 75 :

150 952 84 75 This
259 952 185 75 inftrument
467 952 28 75 is
524 952 104 75 called
653 952 19 75 a
696 952 112 75 tubber
832 952 45 75 by
893 952 55 75 the
969 952 117 75 miners
1104 952 41 75 of

152 998 178 75 Cornwall.

103 1045 141 75 BEER,
270 1045 19 75 a
313 1045 147 75 common
485 1045 64 75 and
572 1045 208 75 well-known
805 1045 118 75 liquor,
948 1045 93 75 made
1057 1045 80 75 with

151 1089 78 75 malt
246 1089 63 75 and
324 1089 93 75 hops.
468 1089 61 75 See
546 1089 202 75 Brewing,
775 1089 64 75 he.

104 1137 119 75 Beer,
257 1137 115 75 among
399 1137 152 75 weavers,
577 1137 19 75 a
624 1137 82 75 term
734 1137 70 75 that
832 1137 134 75 fignifies
990 1137 147 75 nineteen

151 1183 77 75 ends
246 1183 39 75 of
296 1183 90 75 yarn,
412 1183 135 75 running
562 1183 43 75 all
623 1183 149 75 together
785 1183 54 75 the
853 1183 103 75 whole
972 1183 113 75 length
1103 1183 40 75 of

151 1230 56 75 the
224 1230 102 75 cloth.

104 1275 103 75 Beer
230 1275 187 75 measure.
469 1275 61 75 See
547 1275 211 75 Measure.

103 1323 259 75 BEESTING,
388 1323 17 75 a
417 1323 81 75 term
512 1323 75 75 ufed
603 1323 42 75 by
658 1323 265 75 country-people
939 1323 53 75 for
1003 1323 56 75 the
1071 1323 64 75 firft

150 1369 79 75 milk
245 1369 96 75 taken
357 1369 85 75 from
459 1369 18 75 a
492 1369 70 75 cow
579 1369 86 75 after
680 1369 138 75 calving.

103 1415 141 75 BEET,
269 1415 33 75 in
318 1415 132 75 botany.
501 1415 62 75 See
580 1415 122 75 Beta.

104 1461 209 75 BEETLE,
349 1461 32 75 in
409 1461 56 75 the
496 1461 121 75 hiftory
644 1461 41 75 of
710 1461 124 75 infers.
896 1461 62 75 See
991 1461 145 75 Scara-

157 1508 122 75 bjeus.

103 1553 156 75 Beetle
278 1553 64 75 alfo
367 1553 133 75 denotes
517 1553 19 75 a
561 1553 136 75 wooden
724 1553 185 75 inftrument
933 1553 52 75 for
1008 1553 128 75 driving

150 1600 90 75 piles,
268 1600 64 75 he.
381 1600 32 75 It
437 1600 26 75 is
486 1600 140 75 likewife
649 1600 104 75 called
780 1600 19 75 a
815 1600 161 75 Jiamper,
1002 1600 62 75 and
1091 1600 45 75 by

151 1646 126 75 paviors
294 1646 19 75 a
330 1646 153 75 rammer.

103 1692 208 75 BEFORT,
337 1692 17 75 a
370 1692 87 75 town
469 1692 41 75 of
522 1692 124 75 Alface,
672 1692 165 75 fubje&to
858 1692 134 75 France,
1019 1692 63 75 and
1097 1692 36 75 fi-

150 1738 111 75 tuated
277 1738 100 75 about
396 1738 39 75 15
454 1738 91 75 miles
572 1738 98 75 north
687 1738 40 75 of
747 1738 97 75 Bafil,
869 1738 32 75 in
921 1738 18 75 7
939 1720 24 49 0
982 1738 44 75 E.
1044 1738 89 75 long,

153 1784 61 75 and
231 1784 43 75 47
274 1766 24 49 q
320 1784 53 75 35'
390 1784 47 75 N.
455 1784 59 75 lat.

104 1830 112 75 BEG,
241 1830 38 75 or
295 1830 94 75 Bey,
415 1830 31 75 in
463 1830 56 75 the
536 1830 138 75 Turkilh
693 1830 121 75 affairs.
865 1830 62 75 See
943 1830 96 75 Bey.

103 1877 217 75 BEGGAR,
346 1877 61 75 one
424 1877 74 75 who
515 1877 76 75 begs
608 1877 92 75 alms.

103 1924 271 75 BEGHARDI,
400 1924 18 75 a
434 1924 120 75 certain
570 1924 62 75 fed!
647 1924 41 75 of
706 1924 150 75 heretics,
874 1924 105 75 which
997 1924 88 75 arofe
1102 1924 32 75 in

150 1970 178 75 Germany,
354 1970 62 75 and
439 1970 31 75 in
491 1970 55 75 the
568 1970 18 75 I
599 1970 52 75 ow
668 1970 186 75 Countries,
880 1970 96 75 about
1002 1970 54 75 the
1072 1970 63 75 end

148 2016 41 75 of
211 2016 55 75 the
287 2016 79 75 13th
395 2016 146 75 century.
589 2016 100 75 They
717 2016 91 75 madd
839 2016 164 75 profellion
1021 2016 40 75 of
1079 2016 56 75 the

149 2062 180 75 monaftical
342 2062 69 75 life,
436 2062 136 75 without
585 2062 167 75 obferving
765 2062 141 75 celibacy
920 2062 9 75 ;
957 2062 63 75 and
1036 2062 99 75 main-

150 2107 120 75 tained,
295 2107 70 75 that
381 2107 72 75 man
476 2107 96 75 could
588 2107 132 75 become
737 2107 32 75 as
787 2107 118 75 perfect
919 2107 33 75 in
977 2107 64 75 this
1063 2107 69 75 life,

150 2152 35 75 as
202 2152 40 75 he
259 2152 76 75 (hall
362 2152 39 75 be
428 2152 32 75 in
475 2152 122 75 heaven
610 2152 10 75 ;
659 2152 72 75 that
758 2152 95 75 every
869 2152 192 75 intellectual
1078 2152 56 75 na-

150 2198 72 75 ture
238 2198 27 75 is
281 2198 40 75 of
340 2198 90 75 itfelf
447 2198 118 75 happy,
592 2198 136 75 without
743 2198 56 75 the
815 2198 132 75 fuccour
964 2198 40 75 of
1015 2198 94 75 grace
1120 2198 11 75 ;

151 2244 61 75 and
230 2244 71 75 that
320 2244 41 75 he
373 2244 72 75 who
462 2244 25 75 is
505 2244 31 75 in
553 2244 157 75 thisAtate
727 2244 229 75 of-perfedion
980 2244 102 75 ought
1098 2244 35 75 to

148 2291 141 75 perform
306 2291 42 75 no
365 2291 83 75 good
465 2291 119 75 works,
611 2291 59 75 nor
688 2291 133 75 worlhip
839 2291 54 75 the
909 2291 82 75 hoft.

103 2338 312 75 BEGLERBEG,
440 2338 18 75 a
474 2338 157 75 governor
648 2338 39 75 of
698 2338 61 75 one
771 2338 41 75 of
834 2338 54 75 the
906 2338 153 75 principal
1076 2338 57 75 go-

152 2384 180 75 vernments
344 2384 32 75 in
390 2384 53 75 the
455 2384 139 75 Turkilh
607 2384 131 75 empire.
787 2384 111 75 There
911 2384 53 75 are
976 2384 65 75 two
1053 2384 81 75 forts

149 2429 41 75 of
196 2429 187 75 beglerbegs
398 2429 9 75 :
433 2429 76 75 The
521 2429 59 75 one
592 2429 81 75 have
684 2429 19 75 a
713 2429 120 75 certain
849 2429 136 75 revenue
1002 2429 134 75 afligned

150 2476 84 75 upon
253 2476 53 75 the
332 2476 102 75 cities,
460 2476 175 75 boroughs,
661 2476 60 75 and
746 2476 132 75 villages
903 2476 41 75 of
966 2476 83 75 their
1076 2476 57 75 go-

149 2521 176 75 vernment,
352 2521 104 75 which
468 2521 78 75 they
559 2521 77 75 raife
649 2521 42 75 by
705 2521 107 75 power
825 2521 40 75 of
877 2521 54 75 the
944 2521 189 75 commiflion

148 2568 134 75 granted
295 2568 34 75 to
342 2568 87 75 them
445 2568 44 75 by
506 2568 54 75 the
577 2568 102 75 fultan
696 2568 9 75 ;
732 2568 55 75 the
806 2568 109 75 others
930 2568 82 75 have
1026 2568 22 75 a
1064 2568 70 75 cer-

151 2614 65 75 tain
233 2614 69 75 rent
320 2614 73 75 paid
420 2614 43 75 by
485 2614 55 75 the
564 2614 155 75 treafurer
735 2614 41 75 of
798 2614 54 75 the
879 2614 101 75 grand
1004 2614 128 75 fignior.

148 2661 100 75 They
260 2661 53 75 are
329 2661 130 75 become
472 2661 109 75 almoft
598 2661 232 75 independent;
860 2661 61 75 and
938 2661 79 75 have
1033 2661 101 75 under

150 2707 84 75 their
245 2707 199 75 jurifdidion
461 2707 117 75 feveral
596 2707 138 75 fangiacs
752 2707 37 75 or
806 2707 173 75 particular
998 2707 135 75 govern-

150 2754 115 75 mentsi
298 2754 63 75 and
384 2754 89 75 begs,
505 2754 87 75 agas,
617 2754 61 75 and
702 2754 95 75 other
818 2754 125 75 officers
961 2754 73 75 who
1051 2754 83 75 obey

150 2800 101 75 them.

104 2847 233 75 BEGONIA,
362 2847 31 75 in
421 2847 131 75 botany,
578 2847 20 75 a
613 2847 99 75 genus
736 2847 41 75 of
800 2847 54 75 the
871 2847 180 75 polygamia
1067 2847 66 75 mo-

150 2893 102 75 noecia
268 2893 90 75 clafs.
407 2893 76 75 The
501 2893 257 75 hermaphrodite
774 2893 109 75 flower
899 2893 56 75 has
969 2893 40 75 no
1022 2893 85 75 calix
1121 2893 11 75 ;

149 2939 55 75 the
221 2939 122 75 corolla
358 2939 56 75 has
432 2939 19 75 5
471 2939 100 75 petals
587 2939 9 75 ;
622 2939 25 75 it
676 2939 56 75 has
753 2939 94 75 many
865 2939 149 75 ftamina,.
1031 2939 63 75 and
1114 2939 17 75 3

149 2986 94 75 ftyli,
274 2986 54 75 the
345 2986 81 75 male
442 2986 56 75 has
515 2986 140 75 likewife
671 2986 42 75 no
731 2986 85 75 calix
829 2986 11 75 ;
868 2986 55 75 the
940 2986 121 75 corolla
1076 2986 58 75 has

150 3034 99 75 Vol.
275 3034 30 75 I.
354 3034 71 75 No.
452 3034 56 75 21.

1066 3034 19 75 3

1240 204 20 75 4
1277 204 101 75 petals
1393 204 10 75 ;
1430 204 61 75 and
1508 204 57 75 has
1582 204 19 75 a
1617 204 91 75 great
1724 204 134 75 number
1874 204 40 75 of
1925 204 141 75 ftamina.
2116 204 113 75 There

1240 250 26 75 is
1285 250 57 75 but
1361 250 60 75 one
1438 250 118 75 fpecies
1573 250 40 75 of
1625 250 147 75 begonia,
1797 250 70 75 viz.
1893 250 55 75 the
1965 250 146 75 obliqua,
2136 250 19 75 a
2170 250 57 75 na-

1240 297 66 75 tive
1319 297 40 75 of
1370 297 105 75 India.

1193 344 272 75 BEGUARDI,
1491 344 37 75 or
1545 344 225 75 Beghardi.
1820 344 63 75 See
1898 344 226 75 Beghardi.

1192 391 228 75 BEGUINS,
1446 391 244 75 congregations
1703 391 40 75 of
1750 391 120 75 devout
1882 391 108 75 young
2005 391 135 75 women,
2153 391 75 75 who

1240 437 152 75 maintain
1410 437 189 75 themfelves
1616 437 45 75 by
1676 437 55 75 the
1747 437 91 75 work
1854 437 40 75 of
1906 437 81 75 their
2005 437 115 75 hands,
2139 437 87 75 lead-

1237 483 54 75 ing
1307 483 18 75 a
1342 483 120 75 middle
1479 483 79 75 kind
1573 483 41 75 of
1632 483 57 75 life
1715 483 145 75 between
1886 483 56 75 the
1958 483 121 75 fecular
2095 483 61 75 and
2175 483 49 75 re-

1236 530 128 75 ligious.
1413 530 109 75 Thefe
1533 530 145 75 focieties
1689 530 111 75 confift
1812 530 40 75 of
1858 530 118 75 feveral
1988 530 113 75 houfes
2113 530 114 75 placed

1237 576 149 75 together
1402 576 32 75 in
1451 576 61 75 one
1528 576 168 75 inclofure,
1722 576 78 75 with
1817 576 61 75 one
1894 576 38 75 or
1948 576 90 75 more
2054 576 170 75 churches,

1238 623 172 75 according
1426 623 35 75 to
1478 623 55 75 the
1551 623 133 75 number
1695 623 40 75 of
1746 623 146 75 beguins.

1285 670 111 75 There
1413 670 26 75 is
1462 670 32 75 in
1518 670 98 75 every
1637 670 98 75 houfe
1759 670 19 75 a
1794 670 147 75 priorefs,
1966 670 137 75 without
2120 670 106 75 whofe

1238 717 88 75 leave
1343 717 79 75 they
1437 717 117 75 cannot
1568 717 53 75 ftir
1633 717 70 75 out.
1751 717 107 75 Their
1874 717 73 75 vow
1962 717 27 75 is
2005 717 172 75 conceived
2193 717 33 75 in

1240 763 87 75 thefe
1342 763 98 75 terms
1456 763 8 75 :
1502 763 166 75 Ipromife
1685 763 32 75 to
1745 763 36 75 be
1797 763 143 75 obedient
1956 763 69 75 and
2046 763 115 75 chafe,
2188 763 39 75 as

1237 809 74 75 long
1327 809 37 75 as
1382 809 25 75 I
1423 809 150 75 continue
1596 809 35 75 in
1656 809 66 75 this
1746 809 186 75 beguinage.
1982 809 99 75 They
2093 809 133 75 obferve

1239 857 18 75 a
1272 857 92 75 three
1382 857 90 75 years
1489 857 152 75 novitiate
1658 857 110 75 before
1781 857 78 75 they
1871 857 74 75 take
1963 857 55 75 the
2034 857 102 75 habit,
2163 857 63 75 and

1238 903 55 75 the
1310 903 102 75 reftor
1428 903 41 75 of
1487 903 56 75 the
1568 903 100 75 parilh
1693 903 27 75 is
1744 903 85 75 their
1845 903 154 75 fuperior,
2024 903 59 75 but
2108 903 57 75 can
2180 903 45 75 do

1239 948 135 75 nothing
1386 948 137 75 without
1537 948 54 75 the
1604 948 111 75 advice
1732 948 40 75 of
1783 948 88 75 eight
1888 948 145 75 beguins.

1282 995 100 75 They
1395 995 52 75 are
1460 995 183 75 eftablilhed
1655 995 33 75 in
1701 995 119 75 feveral
1832 995 87 75 parts
1931 995 40 75 of
1984 995 168 75 Flanders.

1190 1043 307 75 BEHEADING,
1531 1043 18 75 a
1567 1043 116 75 capital
1704 1043 208 75 punilhment,
1941 1043 138 75 inflicted
2095 1043 43 75 by
2154 1043 70 75 cut-

1241 1088 68 75 ting
1320 1088 52 75 off
1384 1088 55 75 the
1454 1088 83 75 head
1550 1088 78 75 with
1646 1088 38 75 an
1697 1088 56 75 ax,
1779 1088 116 75 fword,
1922 1088 65 75 he.

1283 1135 132 75 Among
1432 1135 55 75 the
1512 1135 157 75 Romans,
1685 1135 177 75 beheading
1883 1135 67 75 was
1967 1135 19 75 a
2009 1135 141 75 military
2165 1135 60 75 pu-

1236 1181 166 75 nilhment,
1431 1181 183 75 performed
1641 1181 34 75 at
1702 1181 64 75 firft
1787 1181 79 75 with
1895 1181 39 75 an
1957 1181 56 75 ax,
2037 1181 58 75 but
2124 1181 100 75 after-

1235 1229 105 75 wards
1356 1229 80 75 with
1455 1229 18 75 a
1486 1229 114 75 fword,
1626 1229 34 75 as
1673 1229 84 75 done
1769 1229 32 75 at
1819 1229 124 75 prefent
1955 1229 32 75 in
2004 1229 143 75 Holland
2162 1229 62 75 and

1237 1275 133 75 France.
1421 1275 37 75 In
1486 1275 150 75 England
1664 1275 55 75 the
1748 1275 43 75 ax
1816 1275 25 75 is
1870 1275 164 75 preferred
2050 1275 10 75 ;
2103 1275 62 75 and
2192 1275 33 75 in

1237 1322 156 75 Scotland
1409 1322 77 75 they
1504 1322 63 75 ufe,
1593 1322 52 75 for
1671 1322 62 75 this
1751 1322 146 75 purpofe,
1923 1322 19 75 a
1957 1322 145 75 machine
2121 1322 105 75 called

1237 1366 26 75 a.
1271 1366 142 75 maiden.

1188 1414 179 75 BEHEN,
1391 1414 33 75 in
1435 1414 135 75 botany.
1619 1414 63 75 See
1699 1414 252 75 Cucubalus.

1188 1460 131 75 BEJA,
1345 1460 19 75 a
1387 1460 66 75 city
1472 1460 40 75 of
1534 1460 163 75 Alentejo,
1723 1460 32 75 in
1781 1460 168 75 Portugal,
1974 1460 32 75 in
2025 1460 43 75 8
2088 1460 135 75 40'W.

1240 1506 86 75 long,
1353 1506 62 75 and
1434 1506 43 75 37
1477 1488 18 49 0
1518 1506 51 75 ^
1585 1506 48 75 N.
1650 1506 60 75 lat.

1189 1554 354 75 BEICHLINGEN,
1569 1554 17 75 a
1604 1554 67 75 city
1688 1554 39 75 of
1738 1554 196 75 Thuringia,
1959 1554 32 75 in
2008 1554 55 75 the
2080 1554 94 75 circle
2188 1554 41 75 of

1235 1600 113 75 Upper
1367 1600 133 75 Saxony
1516 1600 32 75 in
1565 1600 180 75 Germany,
1771 1600 33 75 in
1827 1600 34 75 11
1873 1582 15 49 0
1909 1600 55 75 25'
1981 1600 44 75 E.
2043 1600 89 75 long,
2161 1600 64 75 and

1242 1648 13 75 5
1267 1648 35 75 i
1324 1648 53 75 20'
1394 1648 47 75 N.
1460 1648 57 75 lat.

1186 1693 159 75 BEILA,
1373 1693 18 75 a
1408 1693 86 75 town
1507 1693 39 75 of
1558 1693 170 75 Piedmont
1745 1693 32 75 in
1795 1693 96 75 Italy,
1918 1693 101 75 about
2037 1693 187 75 thirty-two

1232 1739 89 75 miles
1351 1739 96 75 north
1474 1739 40 75 of
1539 1739 106 75 Turin
1664 1739 11 75 ;
1712 1739 44 75 E.
1784 1739 89 75 long.
1906 1739 17 75 7
1923 1721 24 49 0
1976 1739 41 75 45
2017 1721 15 49 ,

2032 1771 13 49 >
2078 1739 62 75 and
2169 1739 49 75 N.

1236 1785 57 75 lat.
1313 1785 42 75 45
1355 1767 25 49 0
1380 1785 15 75 .

1187 1833 273 75 BEILSTEIN,
1501 1833 20 75 a
1550 1833 88 75 town
1667 1833 41 75 of
1733 1833 56 75 the
1814 1833 219 75 landgraviate
2057 1833 41 75 of
2128 1833 96 75 HtlTe

1233 1878 32 75 in
1277 1878 179 75 Germany,
1482 1878 135 75 fituated
1634 1878 98 75 about
1752 1878 40 75 32
1807 1878 91 75 miles
1915 1878 96 75 north
2029 1878 40 75 of
2088 1878 133 75 Mentz,

1234 1924 32 75 in
1284 1924 45 75 8
1349 1924 146 75 E.long.
1521 1924 63 75 and
1600 1924 61 75 50
1683 1924 54 75 1,0'
1754 1924 47 75 N.
1819 1924 59 75 lat.

1186 1972 158 75 BEIZA,
1373 1972 38 75 or
1435 1972 199 75 Beizath,
1660 1972 33 75 in
1719 1972 141 75 Hebrew
1884 1972 173 75 antiquity,
2084 1972 18 75 a
2126 1972 92 75 word

1233 2017 169 75 fignifying
1430 2017 38 75 an
1494 2017 72 75 egg,
1593 2017 63 75 was
1685 2017 19 75 a
1732 2017 119 75 certain
1881 2017 139 75 meafure
2046 2017 33 75 in
2109 2017 51 75 ufe
2185 2017 36 75 a-

1234 2063 96 75 mong
1346 2063 56 75 the
1415 2063 100 75 Jews.
1562 2063 78 75 The
1656 2063 97 75 beiza
1766 2063 64 75 was
1848 2063 138 75 likewife
2004 2063 18 75 a
2041 2063 77 75 gold
2135 2063 86 75 coin,

1235 2109 158 75 weighing
1422 2109 90 75 forty
1538 2109 162 75 drachms,
1736 2109 115 75 among
1878 2109 56 75 the
1961 2109 154 75 Perfians,
2146 2109 75 75 who

1235 2155 79 75 gave
1339 2155 69 75 out,
1443 2155 71 75 that
1538 2155 107 75 Philip
1670 2155 41 75 of
1729 2155 164 75 Macedon
1916 2155 93 75 owed
2036 2155 84 75 their
2143 2155 78 75 king

1235 2202 122 75 Darius
1382 2202 19 75 a
1426 2202 157 75 thoufand
1606 2202 146 75 beizaths
1777 2202 36 75 or
1838 2202 115 75 golden
1977 2202 89 75 eggs,
2092 2202 51 75 for
2161 2202 58 75 tri-

1233 2248 231 75 bute-money;
1491 2248 61 75 and
1577 2248 70 75 that
1671 2248 188 75 Alexander
1883 2248 56 75 the
1963 2248 105 75 Great
2093 2248 127 75 refufed

1234 2295 34 75 to
1296 2295 62 75 pay
1381 2295 102 75 them,
1511 2295 122 75 faying,
1658 2295 70 75 that
1744 2295 55 75 the
1823 2295 73 75 bird
1920 2295 105 75 which
2041 2295 65 75 laid
2131 2295 89 75 thefe

1234 2341 75 75 eggs
1327 2341 65 75 was
1405 2341 93 75 flown
1512 2341 67 75 into
1592 2341 55 75 the
1665 2341 92 75 other
1770 2341 113 75 world.

1186 2388 175 75 BELAC,
1386 2388 18 75 a
1420 2388 89 75 fmall
1526 2388 66 75 city
1609 2388 38 75 of
1665 2388 32 75 la
1721 2388 150 75 Marche,
1896 2388 31 75 in
1954 2388 54 75 the
2025 2388 190 75 Lyonnois;

1233 2433 42 75 E,
1294 2433 90 75 long.
1407 2433 34 75 i
1466 2433 50 75 15'
1516 2433 11 75 ,
1554 2433 62 75 and
1631 2433 49 75 N.
1695 2433 61 75 lat.
1776 2433 61 75 46
1861 2433 11 75 \
1917 2433 9 75 .

1186 2480 173 75 BELAY,
1384 2480 33 75 in
1434 2480 56 75 the
1507 2480 231 75 fea-language,
1763 2480 27 75 is
1808 2480 35 75 to
1860 2480 92 75 make
1973 2480 59 75 fall
2051 2480 56 75 the
2124 2480 93 75 ropes

1233 2525 30 75 in
1280 2525 85 75 their
1377 2525 114 75 proper
1508 2525 118 75 places.

1185 2574 303 75 BELCASTRO,
1514 2574 19 75 a
1548 2574 65 75 city
1629 2574 41 75 of
1689 2574 163 75 Calabria,
1878 2574 30 75 in
1927 2574 54 75 the
2004 2574 153 75 kingdom
2180 2574 42 75 of

1232 2618 121 75 Naples
1366 2618 7 75 ;
1403 2618 44 75 E.
1465 2618 88 75 long.
1578 2618 36 75 17
1614 2600 25 49 0
1667 2618 35 75 ij
1702 2600 13 49 7
1715 2618 13 75 ,
1754 2618 63 75 and
1834 2618 47 75 N.
1901 2618 56 75 lat.
1979 2618 42 75 39
2021 2600 23 49 0
2071 2618 50 75 15'
2121 2618 11 75 .

1185 2666 205 75 BELCOE,
1416 2666 17 75 a
1450 2666 86 75 town
1553 2666 40 75 of
1613 2666 139 75 Ireland,
1778 2666 133 75 fituated
1927 2666 41 75 on
1990 2666 224 75 Loch-ninny,

1231 2711 31 75 in
1280 2711 53 75 the
1350 2711 118 75 county
1484 2711 40 75 of
1543 2711 214 75 Farmanagh,
1783 2711 61 75 and
1862 2711 148 75 province
2022 2711 40 75 of
2081 2711 144 75 Ulfter;:

1233 2757 58 75 W.
1310 2757 87 75 long.
1412 2757 42 75 8
1470 2757 20 75 6
1490 2739 12 49 7
1502 2757 12 75 ,
1540 2757 61 75 and
1618 2757 45 75 N.
1679 2757 54 75 lat.
1753 2757 42 75 54
1795 2739 22 49 0
1841 2757 42 75 j'.

1184 2805 181 75 BELEM,
1392 2805 18 75 a
1425 2805 130 75 fortrefs
1572 2805 42 75 on
1631 2805 55 75 the
1709 2805 97 75 north
1823 2805 62 75 fide
1901 2805 41 75 of
1959 2805 57 75 the
2038 2805 84 75 river
2143 2805 71 75 Ta-

1233 2850 68 75 gus,
1328 2850 96 75 about
1441 2850 90 75 three
1549 2850 89 75 miles
1657 2850 75 75 weft
1748 2850 39 75 of
1806 2850 133 75 Lilbon.

1184 2901 329 75 BELEMNITES,
1539 2901 32 75 in
1600 2901 123 75 natural
1749 2901 132 75 hiftory,
1910 2901 19 75 a
1956 2901 160 75 fubftance
2139 2901 75 75 con-

1231 2945 127 75 cerning
1375 2945 54 75 the
1446 2945 113 75 pature
1577 2945 40 75 of
1636 2945 104 75 which
1757 2945 91 75 there
1865 2945 56 75 has
1939 2945 77 75 been
2042 2945 94 75 much
2152 2945 63 75 dif-

1228 2993 87 75 pute.
1350 2993 97 75 Some
1460 2993 155 75 maintain
1627 2993 26 75 it
1665 2993 34 75 to
1711 2993 40 75 be
1764 2993 19 75 a
1794 2993 145 75 petrified
1951 2993 136 75 animal;
2106 2993 110 75 others

1687 3044 20 75 6
1731 3044 34 75 U

2150 3044 68 75 will
