2443 3377
546 154 214 75 API

1119 154 22 75 (
1198 154 84 75 337
1337 154 25 75 )

1680 154 41 75 A
1779 154 35 75 P
1874 154 40 75 O

218 227 63 75 and
294 227 133 75 fitpport
451 227 38 75 to
514 227 42 75 it.
616 227 40 75 In
685 227 140 75 general,
851 227 56 75 the
934 227 91 75 royal
1050 227 76 75 cells
1154 227 55 75 are

217 272 175 75 fufpended
407 272 41 75 on
465 272 56 75 the
536 272 65 75 fide
619 272 39 75 of
669 272 19 75 a
705 272 105 75 comb,
837 272 33 75 as
887 272 32 75 in
933 272 59 75 fig.
1012 272 89 75 7,8.
1150 272 58 75 To

218 319 55 75 the
290 319 63 75 fide
369 319 41 75 of
420 319 56 75 fig.
496 319 33 75 9.
547 319 67 75 two
622 319 96 75 royal
735 319 77 75 cells
826 319 54 75 are
893 319 117 75 begun,
1024 319 92 75 when
1130 319 78 75 they

219 365 152 75 refemble
384 365 112 75 pretty
509 365 99 75 much
625 365 56 75 the
703 365 61 75 cup
789 365 33 75 in
839 365 107 75 which
964 365 41 75 an
1019 365 98 75 acorn
1134 365 73 75 lies.

215 412 77 75 The
315 412 94 75 other
426 412 91 75 royal
533 412 78 75 cells
627 412 81 75 have
721 412 59 75 the
797 412 108 75 young
921 412 119 75 queens
1056 412 153 75 included

218 460 34 75 in
264 460 106 75 them.

220 553 79 75 The
322 553 68 75 23d
408 553 118 75 fpedes
543 553 26 75 is
587 553 56 75 the
666 553 66 75 apis
749 553 204 75 cunicularia,
979 553 36 75 or
1028 553 93 75 hairy
1136 553 72 75 bee,

169 600 81 75 with
268 600 39 75 an
325 600 243 75 iron-coloured
584 600 114 75 bread,
724 600 63 75 and
818 600 118 75 yellow
964 600 100 75 belly.
1122 600 87 75 This

168 647 119 75 fpecies
312 647 27 75 is
362 647 80 75 very
464 647 66 75 like
545 647 57 75 the
618 647 177 75 rnellefica;
821 647 79 75 they
915 647 93 75 build
1023 647 87 75 their
1123 647 84 75 nefts

167 693 33 75 in
217 693 61 75 dry
291 693 103 75 Tandy
403 693 121 75 places.
574 693 56 75 24.
655 693 78 75 The
750 693 180 75 variegata;
957 693 56 75 the
1028 693 102 75 bread:
1146 693 63 75 and

168 741 87 75 belly
268 741 54 75 are
337 741 184 75 variegated
537 741 79 75 with
632 741 100 75 white
749 741 62 75 and
827 741 94 75 black
931 741 86 75 fpots
1029 741 10 75 ;
1066 741 56 75 the
1138 741 70 75 legs

167 787 53 75 are
237 787 40 75 of
296 787 39 75 an
351 787 70 75 iron
439 787 124 75 colour.
611 787 34 75 It
660 787 27 75 is
704 787 18 75 a
738 787 106 75 native
869 787 40 75 of
927 787 144 75 Europe.
1121 787 85 75 This

166 834 117 75 fpecies
308 834 82 75 fleep
406 834 34 75 in
456 834 55 75 the
527 834 164 75 geranium
707 834 138 75 phasum,
871 834 38 75 or
925 834 127 75 fpotted
1068 834 138 75 crane’s-

165 881 71 75 bill.
311 881 58 75 2J.
401 881 77 75 The
503 881 134 75 rolirata
668 881 26 75 is
730 881 226 75 diftinguifhed
984 881 45 75 by
1059 881 56 75 the
1147 881 58 75 up-

165 928 57 75 per
253 928 44 75 lip
306 928 114 75 'being
440 928 158 75 inflefted,
623 928 65 75 and
715 928 40 75 of
775 928 20 75 a
812 928 124 75 conical
950 928 107 75 fliape,
1083 928 63 75 and
1163 928 45 75 by

166 975 54 75 the
237 975 86 75 belly
347 975 95 75 being
465 975 140 75 invefted
624 975 79 75 with
727 975 101 75 bluilh
852 975 99 75 belts’;
998 975 100 75 They
1115 975 93 75 build

165 1022 86 75 their
265 1022 83 75 nefts
372 1022 33 75 in
427 1022 79 75 high
529 1022 100 75 fandy
650 1022 155 75 grounds,
831 1022 64 75 and
917 1022 92 75 there
1025 1022 28 75 is
1069 1022 58 75 but
1144 1022 62 75 one

165 1068 108 75 young
288 1068 33 75 in
337 1068 79 75 each
433 1068 78 75 neft.
561 1068 59 75 26.
644 1068 79 75 The
739 1068 161 75 argillofa,
925 1068 38 75 or
987 1068 217 75 iron-colour-

165 1115 41 75 ed
218 1115 71 75 bee,
306 1115 57 75 has
377 1115 39 75 an
427 1115 148 75 infleded
586 1115 146 75 roftrum,
750 1115 63 75 and
825 1115 19 75 a
856 1115 141 75 crpoked
1007 1115 100 75 belly,
1125 1115 80 75 with

164 1162 61 75 one
243 1162 98 75 joint.
392 1162 32 75 It
447 1162 27 75 is
501 1162 17 75 a
542 1162 106 75 native
664 1162 42 75 of
724 1162 162 75 Surinam.
938 1162 57 75 27.
1020 1162 78 75 The
1113 1162 90 75 lago-

164 1209 84 75 poda
262 1209 28 75 is
307 1209 42 75 of
366 1209 20 75 a
412 1209 123 75 greyifh
552 1209 125 75 colour,
701 1209 80 75 with
805 1209 40 75 an
869 1209 219 75 emarginatcd
1111 1209 92 75 anus.

166 1258 57 75 28.
247 1258 79 75 The
341 1258 170 75 manitata,
537 1258 37 75 or
597 1258 94 75 black
713 1258 75 75 bee,
814 1258 79 75 with
915 1258 94 75 hairy
1019 1258 182 75 fore-legs;

164 1303 55 75 the
236 1303 88 75 belly
339 1303 26 75 is
382 1303 129 75 fpotted
526 1303 79 75 with
622 1303 138 75 yellow;
787 1303 63 75 and
866 1303 57 75 the
940 1303 77 75 anus
1033 1303 27 75 is
1081 1303 121 75 triden-

164 1349 103 75 tated.
317 1349 57 75 29.
399 1349 78 75 The
494 1349 300 75 quatuor-dentata,
817 1349 29 75 is
862 1349 41 75 of
922 1349 18 75 a
956 1349 102 75 dufky
1077 1349 125 75 colour,

164 1397 80 75 with
260 1397 62 75 five
338 1397 99 75 white
452 1397 84 75 belts
553 1397 41 75 on
612 1397 56 75 the
682 1397 101 75 belly,
809 1397 62 75 and
887 1397 57 75 the
960 1397 78 75 anus
1054 1397 58 75 has
1128 1397 75 75 four

162 1442 20 75 t'
182 1442 154 75 eeth-like
366 1442 401 75 protuberanceseach
794 1442 222 75 intermediate
1050 1442 95 75 tooth
1174 1442 28 75 is

164 1489 128 75 forked.
341 1489 78 75 The
442 1489 58 75 laft
522 1489 91 75 three
635 1489 119 75 fpecies
780 1489 53 75 are
850 1489 121 75 natives
996 1489 41 75 of
1056 1489 145 75 Europe.

167 1537 57 75 30.
248 1537 78 75 The
341 1537 132 75 fafciata
488 1537 57 75 has
566 1537 18 75 a
599 1537 163 75 yellowifh
785 1537 95 75 back,
907 1537 62 75 and
989 1537 18 75 a
1022 1537 95 75 black
1133 1537 69 75 belt

164 1583 104 75 found
284 1583 55 75 the
356 1583 80 75 edge
452 1583 43 75 of
511 1583 79 75 each
612 1583 87 75 wing
711 1583 11 75 ;
749 1583 56 75 the
819 1583 104 75 breaft
946 1583 27 75 is
998 1583 120 75 white;
1145 1583 56 75 the

164 1630 88 75 belly
265 1630 28 75 is
310 1630 184 75 variegated
518 1630 78 75 with
621 1630 95 75 black
740 1630 64 75 and
826 1630 122 75 white;
975 1630 55 75 the
1054 1630 68 75 legs
1146 1630 55 75 are

164 1676 138 75 covered
318 1676 80 75 with
415 1676 92 75 black
523 1676 92 75 hair;
643 1676 63 75 and
727 1676 55 75 the
805 1676 118 75 feelers
940 1676 54 75 are
1010 1676 109 75 green.
1168 1676 34 75 It

164 1723 25 75 is
208 1723 18 75 a
242 1723 107 75 native
365 1723 41 75 of
423 1723 56 75 the
499 1723 90 75 Cape
605 1723 41 75 of
664 1723 100 75 Good
792 1723 108 75 Hope.
952 1723 56 75 31.
1033 1723 79 75 The
1127 1723 73 75 bar-

163 1771 91 75 bara,
294 1771 39 75 or
357 1771 95 75 black
476 1771 70 75 bee,
571 1771 81 75 with
681 1771 18 75 a
722 1771 119 75 yellow
868 1771 118 75 edging
1012 1771 106 75 round
1145 1771 56 75 the

164 1818 114 75 breaft,
303 1818 27 75 is
348 1818 98 75 about
468 1818 56 75 the
547 1818 62 75 fize
626 1818 41 75 of
685 1818 40 75 an
749 1818 77 75 ant;
851 1818 58 75 the
925 1818 116 75 feelers
1058 1818 54 75 are
1133 1818 67 75 like

164 1865 142 75 threads.
354 1865 33 75 It
409 1865 27 75 is
457 1865 19 75 a
498 1865 107 75 native
628 1865 40 75 of
686 1865 160 75 Barbary.
898 1865 57 75 32.
979 1865 78 75 The
1075 1865 123 75 conica,

162 1911 37 75 or
216 1911 116 75 yellow
349 1911 71 75 bee,
446 1911 78 75 with
541 1911 40 75 an
598 1911 92 75 acute
707 1911 122 75 conical
846 1911 98 75 belly,
962 1911 63 75 and
1042 1911 55 75 the
1114 1911 83 75 mar-

164 1959 69 75 gins
256 1959 41 75 of
316 1959 55 75 the
391 1959 101 75 joints
509 1959 38 75 or
556 1959 172 75 Segments
746 1959 119 75 white;
890 1959 27 75 it
933 1959 113 75 dwells
1062 1959 34 75 in
1109 1959 88 75 cavi-

163 2005 59 75 ties
250 2005 41 75 of
315 2005 56 75 the
398 2005 105 75 earth.
525 2005 7 75 -
554 2005 57 75 33.
635 2005 78 75 The
741 2005 162 75 annulata,
936 2005 38 75 or
1003 2005 94 75 black
1123 2005 73 75 bee,

162 2051 79 75 with
268 2051 20 75 a
314 2051 95 75 black
436 2051 102 75 front,
574 2051 63 75 and
663 2051 96 75 black
780 2051 92 75 rings
898 2051 105 75 round
1029 2051 57 75 the
1112 2051 83 75 legs.

166 2097 57 75 34.
248 2097 76 75 The
340 2097 164 75 ruficornis
528 2097 59 75 has
611 2097 65 75 two
701 2097 243 75 iron-coloured
966 2097 86 75 fpots
1076 2097 42 75 on
1142 2097 55 75 the

162 2144 101 75 breaft
294 2144 64 75 and
385 2144 137 75 feelers;
560 2144 57 75 the
636 2144 88 75 belly
748 2144 26 75 is
799 2144 128 75 fpotted
953 2144 79 75 with
1063 2144 131 75 yellow.

164 2190 57 75 35.
246 2190 78 75 The
341 2190 193 75 ferruginea,
560 2190 37 75 or
613 2190 125 75 fmooth
755 2190 94 75 black
865 2190 71 75 bee,
954 2190 79 75 with
1045 2190 54 75 the
1115 2190 80 75 feel-

160 2238 65 75 ers,
249 2238 127 75 moXith,
402 2238 99 75 belly,
525 2238 64 75 and
604 2238 67 75 feet
687 2238 41 75 of
745 2238 40 75 an
806 2238 70 75 iron
894 2238 124 75 colour.
1065 2238 87 75 This
1168 2238 27 75 is

161 2284 20 75 a
199 2284 90 75 fmall
314 2284 71 75 bee,
411 2284 61 75 and
488 2284 154 75 fuppofed
658 2284 35 75 to
709 2284 41 75 be
766 2284 40 75 of
825 2284 40 75 an
881 2284 220 75 intermediate
1117 2284 79 75 kind

161 2331 144 75 between
317 2331 56 75 the
389 2331 60 75 bee
466 2331 62 75 and
544 2331 96 75 wafp.
688 2331 77 75 The
781 2331 57 75 laft
850 2331 90 75 three
956 2331 54 75 are
1026 2331 121 75 natives
1160 2331 41 75 of

159 2379 146 75 Europe.
356 2379 57 75 36.
438 2379 77 75 The
530 2379 249 75 ichneumonea;
806 2379 56 75 the
885 2379 135 75 roftrum
1045 2379 38 75 or
1100 2379 93 75 fnout

159 2425 26 75 is
203 2425 39 75 an
258 2425 86 75 ereifl
359 2425 81 75 horn
452 2425 10 75 ;
489 2425 55 75 the
562 2425 86 75 belly
663 2425 26 75 is
707 2425 175 75 petiolated
905 2425 63 75 and
989 2425 115 75 black;
1132 2425 63 75 and

159 2471 56 75 the
233 2471 102 75 breaft
352 2471 26 75 is
394 2471 210 75 interfperfed
624 2471 80 75 with
727 2471 122 75 ftiining
868 2471 250 75 gold-coloured
1142 2471 51 75 fu-

160 2519 87 75 tures
264 2519 37 75 or
313 2519 153 75 indented
481 2519 102 75 lines;
609 2519 56 75 the
682 2519 141 75 antennse
841 2519 53 75 are
917 2519 110 75 green.
1077 2519 33 75 It
1125 2519 26 75 is
1176 2519 19 75 a

159 2564 106 75 native
282 2564 40 75 of
334 2564 163 75 America.
541 2564 57 75 37.
615 2564 77 75 The
709 2564 120 75 cariofa
843 2564 27 75 is
887 2564 20 75 a
922 2564 161 75 yellowifti
1101 2564 93 75 hairy

159 2612 79 75 bee;
266 2612 63 75 and
344 2612 56 75 the
416 2612 68 75 feet
499 2612 63 75 and
584 2612 89 75 front
698 2612 54 75 are
776 2612 40 75 of
836 2612 18 75 a
879 2612 109 75 bright
1003 2612 119 75 yellow
1138 2612 55 75 co-

157 2658 103 75 lour.'
292 2658 32 75 It
340 2658 106 75 builds
462 2658 32 75 in
507 2658 58 75 the
576 2658 108 75 rotten
700 2658 84 75 trees
802 2658 39 75 of
852 2658 144 75 Europe.
1042 2658 57 75 38.
1115 2658 79 75 The

157 2704 182 75 violaceais
357 2704 18 75 a
390 2704 58 75 red
463 2704 71 75 bee,
560 2704 63 75 and
638 2704 80 75 very
733 2704 105 75 hairy,
862 2704 79 75 with
959 2704 101 75 bluilh
1077 2704 115 75 wings.

158 2749 32 75 It
206 2749 27 75 is
251 2749 19 75 a
280 2749 105 75 native
401 2749 41 75 of
459 2749 144 75 Europe.
651 2749 79 75 The
748 2749 143 75 violacea
905 2749 27 75 is
949 2749 67 75 faid
1033 2749 36 75 to
1084 2749 109 75 perfo-

156 2796 68 75 rate
237 2796 96 75 trees,
351 2796 63 75 and
425 2796 121 75 hollow
559 2796 87 75 them
656 2796 57 75 out
723 2796 32 75 in
768 2796 18 75 a
797 2796 213 75 longitudinal
1022 2796 173 75 dire&ion;

157 2843 78 75 they
258 2843 94 75 begin
377 2843 35 75 to
434 2843 92 75 build
549 2843 85 75 their
659 2843 78 75 cells
761 2843 32 75 at
816 2843 56 75 the
896 2843 125 75 bottom
1045 2843 41 75 of
1105 2843 87 75 thefe

156 2890 103 75 holes,
286 2890 63 75 and
364 2890 139 75 depofite
521 2890 39 75 an
577 2890 62 75 egg
654 2890 32 75 in
704 2890 77 75 each
798 2890 73 75 cell,
898 2890 105 75 which
1015 2890 26 75 is
1059 2890 130 75 compo-

155 2937 55 75 fed
226 2937 40 75 of
283 2937 58 75 the
356 2937 104 75 farina
475 2937 41 75 of
533 2937 105 75 plants
656 2937 62 75 and
734 2937 118 75 honey,
878 2937 37 75 or
928 2937 18 75 a
962 2937 79 75 kind
1058 2937 41 75 of
1118 2937 70 75 glu-

156 2983 65 75 ten.
274 2983 56 75 39.
354 2983 78 75 The
449 2983 100 75 caffra
563 2983 27 75 is
608 2983 65 75 alfo
685 2983 68 75 red,
773 2983 63 75 and
847 2983 139 75 covered
1001 2983 78 75 with
1091 2983 71 75 hair
1177 2983 11 75 ;

154 3030 61 75 the'
227 3030 77 75 hind
321 3030 71 75 part
409 3030 41 75 of
464 3030 60 75 the
539 3030 103 75 breaft
658 3030 64 75 and
735 3030 159 75 fore-part
906 3030 41 75 of
956 3030 57 75 the
1028 3030 88 75 belly
1132 3030 55 75 are

203 3078 100 75 Vol.
331 3078 29 75 I.
407 3078 72 75 No.
501 3078 55 75 15.

1301 225 177 75 yellowilh.
1528 225 58 75 40.
1611 225 78 75 The
1706 225 140 75 Carolina
1862 225 26 75 is
1907 225 17 75 a
1942 225 56 75 red
2014 225 93 75 hairy
2117 225 72 75 bee,
2214 225 81 75 with

1304 271 56 75 the
1378 271 99 75 upper
1494 271 72 75 part
1582 271 40 75 of
1642 271 160 75 the’belly
1819 271 130 75 yellow.
1999 271 31 75 It
2053 271 26 75 is
2104 271 17 75 a
2137 271 107 75 native
2259 271 42 75 of

1291 318 178 75 .Carolina.
1519 318 59 75 41.
1602 318 79 75 The
1697 318 157 75 terreftiis
1869 318 27 75 is
1907 318 96 75 black
2015 318 62 75 and
2092 318 105 75 hairy,
2215 318 78 75 with

1303 365 21 75 a
1339 365 99 75 white
1454 365 68 75 belt
1539 365 105 75 round
1658 365 58 75 the
1732 365 114 75 breaft,
1872 365 63 75 and
1956 365 21 75 a
1999 365 98 75 white
2120 365 91 75 anus.
2260 365 34 75 It

1305 411 105 75 builds
1426 411 42 75 its
1484 411 66 75 neft
1572 411 79 75 very
1667 411 80 75 deep
1764 411 33 75 in
1812 411 57 75 the
1886 411 105 75 earth.
2041 411 58 75 42.
2123 411 77 75 The
2216 411 77 75 hor-

1303 459 109 75 torum
1427 459 27 75 is
1472 459 19 75 a
1502 459 99 75 black
1617 459 93 75 hairy
1720 459 77 75 hee,
1824 459 78 75 with
1919 459 56 75 the
1997 459 71 75 fore
2085 459 70 75 part
2178 459 40 75 of
2238 459 56 75 the

1304 505 101 75 breaft
1422 505 63 75 and
1501 505 89 75 belly
1603 505 133 75 yellow.
1787 505 58 75 43.
1861 505 78 75 The
1955 505 177 75 pratorum,
2149 505 36 75 or
2199 505 95 75 black

1303 551 92 75 hairy
1402 551 78 75 bee,
1504 551 80 75 with
1601 551 57 75 the
1674 551 70 75 fore
1760 551 72 75 part
1849 551 41 75 of
1902 551 55 75 the
1970 551 99 75 breaft
2081 551 130 75 yellow,
2230 551 63 75 and

1306 600 18 75 a
1338 600 140 75 blackifti
1495 600 92 75 anus.
1637 600 59 75 44.
1712 600 77 75 The
1800 600 167 75 lapidaria,
1984 600 38 75 or
2039 600 58 75 red
2110 600 93 75 hairy
2220 600 71 75 bee,

1304 647 79 75 with
1409 647 18 75 a
1451 647 117 75 yellow
1594 647 92 75 anus.
1746 647 33 75 It
1805 647 107 75 builds
1939 647 33 75 in
2000 647 90 75 holes
2118 647 40 75 of
2183 647 107 75 rocks,

1305 694 57 75 4J.
1386 694 77 75 The
1486 694 172 75 fylvarum,
1682 694 38 75 or
1743 694 71 75 pale
1835 694 93 75 hairy
1952 694 73 75 bee,
2051 694 78 75 with
2153 694 19 75 a
2193 694 99 75 black

1305 741 66 75 belt
1388 741 41 75 on
1441 741 56 75 the
1513 741 114 75 breaft,
1644 741 64 75 and
1724 741 18 75 a
1754 741 124 75 reddilh
1895 741 92 75 anus.
2037 741 59 75 46.
2112 741 78 75 The
2206 741 85 75 muf-

1304 787 122 75 corum,
1450 787 39 75 or
1504 787 119 75 yellow
1637 787 93 75 hairy
1741 787 77 75 bee,
1844 787 78 75 with
1945 787 20 75 a
1988 787 99 75 white
2108 787 100 75 belly.
2258 787 34 75 It

1301 835 107 75 builds
1435 835 33 75 in
1494 835 103 75 mofly
1622 835 155 75 grounds.
1835 835 59 75 47.
1923 835 78 75 The
2028 835 193 75 hypnorum,
2251 835 38 75 or

1302 881 118 75 yellow
1436 881 91 75 hairy
1544 881 69 75 bee,
1638 881 80 75 with
1736 881 19 75 a
1768 881 96 75 black
1880 881 68 75 belt
1959 881 47 75 on
2022 881 56 75 the
2101 881 101 75 belly,
2227 881 63 75 and

1303 929 17 75 a
1344 929 98 75 white
1466 929 90 75 anus.
1613 929 57 75 48.
1700 929 79 75 The
1799 929 162 75 lucorum,
1994 929 38 75 or
2055 929 118 75 yellow
2197 929 93 75 hairy

1302 976 70 75 bee,
1398 976 80 75 with
1495 976 19 75 a
1529 976 100 75 white
1645 976 93 75 anus'
1783 976 77 75 The
1876 976 57 75 laft
1945 976 88 75 eight
2045 976 117 75 fpecies
2174 976 54 75 are
2245 976 44 75 all

1300 1024 125 75 natives
1443 1024 41 75 of
1501 1024 145 75 Europe.
1696 1024 58 75 49.
1777 1024 78 75 The
1871 1024 250 75 brafitianorum,
2145 1024 40 75 or
2199 1024 89 75 pale-

1301 1070 59 75 red
1387 1070 95 75 hairy
1505 1070 71 75 bee,
1608 1070 81 75 with
1717 1070 55 75 the
1797 1070 80 75 bafis
1905 1070 41 75 of
1964 1070 56 75 the
2047 1070 109 75 thighs
2180 1070 107 75 black.

1299 1117 87 75 This
1402 1117 27 75 is
1447 1117 18 75 a
1480 1117 80 75 very
1572 1117 91 75 large
1679 1117 72 75 bee,
1775 1117 98 75 every
1887 1117 109 75 where
2011 1117 140 75 covered
2170 1117 80 75 with
2269 1117 19 75 a

1300 1165 174 75 teftaceous
1490 1165 79 75 Ikin.
1618 1165 32 75 It
1667 1165 26 75 is
1707 1165 18 75 a
1741 1165 105 75 native
1862 1165 40 75 of
1914 1165 163 75 America.
2129 1165 56 75 50.
2209 1165 78 75 The

1300 1212 185 75 acervorum
1502 1212 27 75 is
1544 1212 60 75 red
1620 1212 63 75 and
1694 1212 109 75 hairy,
1828 1212 63 75 and
1903 1212 108 75 builds
2027 1212 105 75 below
2147 1212 139 75 ground,

1303 1259 56 75 51.
1383 1259 77 75 The
1476 1259 202 75 fubterranea
1694 1259 26 75 is
1746 1259 58 75 red
1828 1259 62 75 and
1912 1259 105 75 hairy,
2041 1259 80 75 with
2146 1259 18 75 a
2186 1259 102 75 duiky

1299 1305 99 75 anus;
1423 1305 27 75 it
1466 1305 140 75 likewife
1628 1305 107 75 builds
1751 1305 105 75 below
1872 1305 138 75 ground.
2062 1305 56 75 52.
2141 1305 78 75 The
2234 1305 52 75 fu-

1300 1353 181 75 rinamenfis
1500 1353 26 75 is
1543 1353 19 75 a
1574 1353 101 75 black
1690 1353 93 75 hairy
1798 1353 72 75 bee,
1896 1353 79 75 with
1992 1353 56 75 the
2064 1353 105 75 whole
2185 1353 100 75 belly,

1299 1399 172 75 excepting
1486 1399 56 75 the
1559 1399 65 75 firft
1643 1399 86 75 joint
1754 1399 38 75 or
1814 1399 156 75 fegment,
1994 1399 131 75 yellow.
2174 1399 33 75 It
2223 1399 26 75 is
2267 1399 19 75 a

1298 1446 106 75 native
1420 1446 41 75 of
1480 1446 161 75 Surinam.
1693 1446 56 75 53.
1773 1446 78 75 The
1866 1446 144 75 aeftuans,
2027 1446 38 75 or
2080 1446 96 75 black
2191 1446 95 75 hairy

1297 1493 71 75 bee,
1393 1493 36 75 w'
1429 1493 43 75 ith
1484 1493 19 75 a
1518 1493 117 75 yellow
1650 1493 115 75 breaft.
1816 1493 56 75 54.
1896 1493 78 75 The
1990 1493 135 75 tropica,
2141 1493 39 75 or
2191 1493 94 75 black

1298 1539 93 75 hairy
1409 1539 75 75 bee,
1516 1539 80 75 with
1620 1539 60 75 the,
1699 1539 82 75 hind
1802 1539 74 75 part
1899 1539 40 75 of
1961 1539 56 75 the
2040 1539 89 75 belly
2152 1539 131 75 yellow.

1296 1588 77 75 The
1406 1588 66 75 two
1503 1588 58 75 laft
1595 1588 53 75 are
1680 1588 122 75 natives
1834 1588 41 75 of
1909 1588 57 75 the
1996 1588 100 75 warm
2128 1588 155 75 climates.

1298 1634 57 75 55.
1372 1634 77 75 The
1466 1634 105 75 alpina
1586 1634 27 75 is
1626 1634 18 75 a
1659 1634 92 75 haisy
1763 1634 71 75 bee,
1852 1634 79 75 with
1944 1634 19 75 a
1977 1634 94 75 black
2087 1634 115 75 breaft,
2221 1634 64 75 and

1295 1680 116 75 yellow
1427 1680 100 75 belly.
1575 1680 32 75 It
1623 1680 139 75 inhabits
1779 1680 56 75 the
1856 1680 182 75 mountains
2060 1680 40 75 of
2111 1680 171 75 "Lapland.

1248 1729 173 75 APIUM,
1447 1729 36 75 or
1499 1729 196 75 Parsley,
1721 1729 32 75 in
1767 1729 137 75 botany,
1930 1729 19 75 a
1964 1729 99 75 genus
2075 1729 41 75 of
2134 1729 55 75 the
2205 1729 78 75 pen-

1295 1775 126 75 tandria
1436 1775 131 75 digynia
1582 1775 90 75 clafs.
1721 1775 78 75 The
1822 1775 80 75 fruit
1926 1775 26 75 is
1978 1775 40 75 of
2037 1775 39 75 an
2100 1775 72 75 oval
2188 1775 95 75 lhape

1296 1822 243 75 andftreaked;
1565 1822 55 75 the
1631 1822 201 75 involucrum
1848 1822 123 75 confifts
1983 1822 41 75 of
2035 1822 60 75 one
2107 1822 84 75 leaf;
2218 1822 64 75 and

1293 1869 57 75 the
1372 1869 103 75 petals
1499 1869 55 75 are
1575 1869 159 75 inflefted.
1781 1869 114 75 There
1911 1869 54 75 are
1982 1869 77 75 only
2078 1869 68 75 two
2163 1869 119 75 fpecies

1296 1915 39 75 of
1354 1915 118 75 apium,
1498 1915 71 75 viz.
1593 1915 56 75 the
1673 1915 238 75 petrofelinum,
1937 1915 18 75 a
1979 1915 107 75 native
2107 1915 42 75 of
2170 1915 110 75 Sardi-

1293 1962 52 75 nia
1356 1962 10 75 ;
1393 1962 63 75 and
1473 1962 58 75 the
1543 1962 212 75 ^graveolens,
1779 1962 20 75 a
1821 1962 107 75 native
1952 1962 40 75 of
2015 1962 140 75 Britain.
2202 1962 80 75 The

1290 2011 74 75 feed'
1364 2011 15 75 s
1404 2011 40 75 of
1470 2011 56 75 the
1549 2011 226 75 petrofelinum
1804 2011 54 75 are
1883 2011 217 75 carminative,
2132 2011 62 75 and
2223 2011 56 75 the

1293 2056 72 75 root
1383 2056 25 75 is
1425 2056 77 75 ufed
1518 2056 90 75 as.an
1625 2056 155 75 aperient.

1245 2105 244 75 APIVORUS
1520 2105 120 75 Btttea,
1674 2105 32 75 in
1730 2105 219 75 ornithology,
1973 2105 21 75 a
2016 2105 163 75 fynonime
2202 2105 42 75 of
2259 2105 20 75 a

1293 2151 117 75 fpecies
1427 2151 41 75 of
1486 2151 97 75 falcQ,
1634 2151 219 75 SeeFALCo.

1245 2198 216 75 APLUDA,
1486 2198 33 75 in
1531 2198 133 75 botany,
1689 2198 19 75 a
1724 2198 98 75 genus
1839 2198 40 75 of
1890 2198 56 75 the
1956 2198 183 75 polygamia
2153 2198 124 75 monov

1266 2244 7 75 '
1291 2244 50 75 cia
1365 2244 91 75 clafs.
1505 2244 78 75 The
1608 2244 86 75 calix
1715 2244 30 75 is
1767 2244 19 75 a
1806 2244 149 75 bivalved
1978 2244 128 75 gluma;
2132 2244 56 75 the
2203 2244 73 75 flof-

1291 2292 85 75 cules
1393 2292 39 75 of
1452 2292 57 75 the,
1526 2292 116 75 female
1663 2292 55 75 are.
1739 2292 107 75 feffile,
1871 2292 63 75 and
1954 2292 56 75 the
2033 2292 82 75 male
2131 2292 145 75 flofcules

1292 2338 53 75 are
1362 2338 160 75 furniflved
1538 2338 79 75 with
1640 2338 193 75 pedupculi;
1859 2338 54 75 the
1936 2338 115 75 female
2073 2338 58 75 has
2155 2338 43 75 no
2222 2338 54 75 ca-

1289 2384 48 75 lix
1348 2384 10 75 ;
1385 2384 55 75 the
1457 2384 123 75 corolla
1603 2384 61 75 has'
1664 2384 32 75 -a
1711 2384 120 75 double
1845 2384 112 75 valve;
1982 2384 91 75 there
2089 2384 27 75 is
2133 2384 58 75 but
2214 2384 61 75 one

1289 2431 114 75 ftylus,
1426 2431 75 75 and.
1514 2431 63 75 one
1601 2431 138 75 covered
1761 2431 85 75 feed.
1894 2431 77 75 The
1995 2431 82 75 male
2101 2431 58 75 has
2183 2431 92 75 three

1288 2477 144 75 ftamina.
1481 2477 113 75 There
1605 2477 53 75 are
1674 2477 92 75 three
1778 2477 119 75 fpecies
1913 2477 40 75 of
1972 2477 127 75 apluda,
2124 2477 69 75 viz.
2219 2477 56 75 the

1289 2524 132 75 mutica,
1457 2524 139 75 ariftata,
1632 2524 62 75 and
1721 2524 157 75 zeugites,
1919 2524 43 75 all
1994 2524 121 75 natives
2148 2524 41 75 of
2217 2524 57 75 the

1260 2570 3 75 ,
1287 2570 122 75 Indies.

1241 2619 364 75 APOBATERION,
1630 2619 33 75 in
1688 2619 172 75 antiquity,
1893 2619 19 75 a
1937 2619 197 75 valediAory
2158 2619 114 75 fpeech

1288 2663 38 75 or
1342 2663 92 75 poem
1451 2663 93 75 made
1560 2663 44 75 by
1621 2663 18 75 a
1655 2663 111 75 perfon
1779 2663 41 75 on
1836 2663 169 75 departing
2016 2663 58 75 out
2085 2663 41 75 of
2136 2663 50 75 his
2199 2663 76 75 own

1287 2709 150 75 country,
1463 2709 67 75 and
1542 2709 162 75 addrelfed
1721 2709 36 75 to
1774 2709 49 75 his
1840 2709 120 75 friends
1977 2709 37 75 or
2027 2709 165 75 relations.

1240 2760 327 75 APOCALYPSE,
1592 2760 60 75 one
1669 2760 41 75 of
1728 2760 56 75 the
1799 2760 108 75 facred
1924 2760 102 75 books
2049 2760 41 75 of
2108 2760 54 75 the
2187 2760 87 75 New

1287 2806 197 75 Teftament,
1515 2806 35 75 fo
1574 2806 103 75 called
1701 2806 85 75 from
1810 2806 41 75 its
1877 2806 183 75 containing
2082 2806 191 75 revelations

1287 2852 190 75 concerning
1493 2852 119 75 feveral
1628 2852 175 75 important
1815 2852 157 75 do&rines
1989 2852 41 75 of
2049 2852 222 75 Chriftianity.

1238 2901 377 75 APOCARPASUM,
1642 2901 17 75 a
1676 2901 168 75 poifonous
1862 2901 94 75 drug,
1981 2901 169 75 otherwife
2167 2901 105 75 called

1285 2946 180 75 carpafum.

1236 2996 362 75 APOCHYLISMA,
1623 2996 32 75 in
1671 2996 186 75 pharmacy,
1883 2996 55 75 the
1960 2996 84 75 fame
2067 2996 81 75 with
2171 2996 97 75 Rob.

1286 3040 59 75 See
1364 3040 97 75 Rob.

1741 3101 20 75 4
1784 3101 62 75 Q_

2165 3089 109 75 APO-
