2397 3387
481 135 234 75 ATT

1058 135 19 75 (
1135 135 80 75 503
1278 135 18 75 )

1643 135 239 75 ATT

171 209 154 75 indented
353 209 205 75 fea-orache;
597 209 54 75 the
679 209 164 75 littoralis,
874 209 37 75 or
939 209 214 75 grafs-leaved

172 255 115 75 orathe
301 255 8 75 ,
336 255 61 75 and
414 255 55 75 the
487 255 223 75 pedunculata,
728 255 37 75 or
785 255 119 75 lialked
921 255 196 75 fea-orache.

125 302 210 75 ATR.OPA,
361 302 32 75 in
410 302 131 75 botany,
567 302 18 75 a
601 302 98 75 genus
717 302 40 75 of
768 302 54 75 the
839 302 184 75 pentandria
1040 302 110 75 mono-

172 348 95 75 gynia
291 348 89 75 clafs.
430 348 75 75 The
534 348 122 75 corolla
680 348 26 75 is
723 348 115 75 fhaped
862 348 64 75 like
949 348 18 75 a
983 348 86 75 bell;
1096 348 55 75 the

171 394 129 75 Itamina
309 394 52 75 are
378 394 135 75 diftant;
540 394 55 75 the
612 394 95 75 berry
724 394 25 75 is
770 394 158 75 globular,
949 394 62 75 and
1025 394 126 75 confifts

171 442 40 75 of
222 442 64 75 two
299 442 77 75 cells
388 442 36 75 or
441 442 207 75 apartments.
696 442 76 75 The
788 442 116 75 fpecies
916 442 53 75 are
986 442 78 75 five;
1084 442 67 75 viz.

177 487 30 75 1.
229 487 78 75 The
330 487 220 75 mandragora,
571 487 39 75 or
633 487 183 75 mandrake,
842 487 18 75 a
880 487 106 75 native
1002 487 39 75 of
1054 487 97 75 Spain

172 533 61 75 and
250 533 55 75 the
317 533 88 75 Eaft.
446 533 78 75 The
540 533 171 75 mandrake
722 533 27 75 is
765 533 130 75 divided
910 533 68 75 into
996 533 81 75 male
1090 533 61 75 and

172 579 127 75 fetaale.
347 579 76 75 The
449 579 80 75 male
543 579 171 75 mandrake
729 579 56 75 has
803 579 18 75 a
843 579 77 75 very
944 579 99 75 large,
1061 579 88 75 long,

172 627 63 75 and
252 627 90 75 thick
358 627 93 75 root;
490 627 24 75 it
532 627 26 75 is
576 627 113 75 largeft
713 627 31 75 at
760 627 56 75 the
832 627 56 75 top
907 627 37 75 or
967 627 96 75 head,
1089 627 63 75 and

173 673 84 75 from
274 673 114 75 thence
400 673 167 75 gradually
578 673 105 75 grows
699 673 137 75 fmailer.
886 673 190 75 Sometimes
1090 673 23 75 it
1125 673 28 75 is

171 719 96 75 fingle
280 719 61 75 and
354 719 171 75 undivided
537 719 35 75 to
584 719 55 75 the
651 719 125 75 bottom
788 719 8 75 :
824 719 57 75 but
891 719 87 75 more
987 719 165 75 frequent-

172 764 35 75 ly
229 764 25 75 it
281 764 26 75 is
324 764 132 75 divided
483 764 68 75 into
579 764 78 75 two,
685 764 178 75 fometimes
891 764 68 75 into
984 764 104 75 three,
1114 764 39 75 or

172 812 89 75 more
276 812 100 75 parts.
426 812 97 75 From
539 812 64 75 this
633 812 73 75 root
733 812 90 75 there
839 812 79 75 arife
936 812 17 75 a
970 812 131 75 number
1117 812 40 75 of

172 857 78 75 very
266 857 75 75 long
367 857 118 75 leaves,
510 857 145 75 broadeft
676 857 31 75 in
725 857 55 75 the
805 857 130 75 middle,
959 857 126 75 narrow
1101 857 51 75 to-

172 904 104 75 wards
293 904 54 75 the
364 904 84 75 bafe,
467 904 62 75 and
545 904 146 75 obtufely
702 904 131 75 pointed
850 904 33 75 at
899 904 55 75 the
971 904 62 75 end
1048 904 9 75 ;
1076 904 80 75 they

172 951 54 75 are
242 951 39 75 of
304 951 18 75 a
338 951 70 75 foot
424 951 38 75 or
489 951 88 75 more
594 951 33 75 in
654 951 124 75 length,
805 951 62 75 and
894 951 60 75 five
982 951 108 75 inches
1115 951 38 75 or

170 996 205 75 thereabouts
392 996 32 75 in
440 996 137 75 breadth
592 996 9 75 ;
628 996 78 75 they
723 996 52 75 ate
792 996 40 75 of
844 996 18 75 a
877 996 100 75 dulky
993 996 160 75 and.difa-

172 1043 146 75 greeable
335 1043 95 75 green
442 1043 124 75 colour,
585 1043 59 75 and
662 1043 39 75 of
714 1043 18 75 a
745 1043 75 75 very
837 1043 95 75 foetid
947 1043 101 75 Imell.
1076 1043 78 75 The

172 1089 116 75 female
315 1089 173 75 mandrake
515 1089 153 75 perfedly
685 1089 167 75 refembles
876 1089 56 75 the
948 1089 93 75 other
1062 1089 32 75 in
1111 1089 42 75 its

171 1134 132 75 manner
314 1134 39 75 of
364 1134 124 75 growth
505 1134 9 75 :
542 1134 57 75 but
615 1134 55 75 the
682 1134 104 75 leaves
799 1134 53 75 are
869 1134 111 75 longer
996 1134 63 75 and
1081 1134 73 75 nar-

173 1181 116 75 rower,
314 1181 61 75 and
391 1181 42 75 of
451 1181 18 75 a
494 1181 114 75 darker
625 1181 124 75 colour,
774 1181 34 75 as
832 1181 53 75 ate
902 1181 65 75 alfo
992 1181 56 75 the
1065 1181 89 75 feeds

172 1228 61 75 and
252 1228 101 75 roots.
393 1228 145 75 Authors
554 1228 80 75 have
651 1228 115 75 fpoken
784 1228 78 75 very
874 1228 122 75 largely
1013 1228 60 75 and
1085 1228 69 75 idly

173 1274 40 75 of
235 1274 56 75 the
307 1274 118 75 virtues
450 1274 40 75 of
501 1274 64 75 this
582 1274 101 75 plant.
722 1274 78 75 The
812 1274 78 75 moft
907 1274 146 75 common
1074 1274 79 75 qua-

171 1319 61 75 lity
255 1319 175 75 attributed
446 1319 35 75 to
508 1319 38 75 it,
571 1319 27 75 is
615 1319 70 75 that
709 1319 40 75 of
762 1319 168 75 rendering
957 1319 112 75 barren
1087 1319 65 75 wo-

172 1366 71 75 men
261 1366 148 75 fruitful:
436 1366 57 75 but
507 1366 47 75 we
571 1366 80 75 have
668 1366 42 75 no
725 1366 157 75 tolerable
899 1366 186 75 foundation
1102 1366 54 75 for

173 1412 65 75 this
249 1412 9 75 :
286 1412 87 75 what
385 1412 48 75 we
450 1412 154 75 certainly
615 1412 96 75 know
727 1412 40 75 of
778 1412 24 75 it
819 1412 39 75 is,
884 1412 70 75 that
970 1412 24 75 it
1004 1412 56 75 has
1074 1412 18 75 a
1105 1412 49 75 fo-

173 1457 112 75 porific
302 1457 102 75 virtue
415 1457 64 75 like
492 1457 75 75 that
574 1457 39 75 of
625 1457 105 75 opium
739 1457 15 75 ;
781 1457 61 75 and
859 1457 57 75 the
931 1457 78 75 bark
1022 1457 30 75 in
1066 1457 90 75 fmall

172 1504 105 75 dofes,
302 1504 143 75 Herman
458 1504 114 75 affures
590 1504 49 75 us,
656 1504 57 75 has
731 1504 88 75 often
836 1504 78 75 been
930 1504 116 75 known
1065 1504 34 75 to
1111 1504 46 75 do

174 1550 89 75 great
280 1550 117 75 feryice
413 1550 32 75 in
469 1550 136 75 hyfteric
620 1550 187 75 complaints
822 1550 11 75 ;
862 1550 58 75 but
945 1550 28 75 it
988 1550 111 75 Ihould
1116 1550 49 75 be.

174 1597 76 75 ufed
266 1597 172 75 fparingly,
462 1597 169 75 otherwife
657 1597 25 75 it
701 1597 64 75 will
787 1597 90 75 often
905 1597 93 75 bring
1021 1597 40 75 on
1080 1597 75 75 con-

174 1643 152 75 vulfions,
341 1643 62 75 and
419 1643 92 75 many
523 1643 94 75 other
633 1643 208 75 mifchievous
859 1643 185 75 fymptoms.
1077 1643 78 75 The

174 1689 140 75 ancients
342 1689 76 75 ufed
434 1689 26 75 it
484 1689 93 75 when
598 1689 76 75 they
690 1689 128 75 wanted
834 1689 19 75 a
868 1689 143 75 narcotic
1040 1689 40 75 of
1098 1689 57 75 the

174 1735 78 75 moft
280 1735 156 75 powerful
459 1735 89 75 kind.
607 1735 33 75 2.
665 1735 77 75 The
768 1735 181 75 balladona,
974 1735 36 75 or
1038 1735 119 75 deadly

176 1781 212 75 night-fhade,
414 1781 18 75 a
449 1781 104 75 native
572 1781 39 75 of
622 1781 126 75 Britain
765 1781 8 75 :
801 1781 55 75 the
872 1781 120 75 berries
1010 1781 52 75 are
1086 1781 67 75 poi-

175 1827 126 75 fonous.
323 1827 32 75 3.
386 1827 76 75 The
480 1827 200 75 phyfalodes,
700 1827 17 75 a
734 1827 105 75 native
852 1827 40 75 of
903 1827 97 75 Peru.
1027 1827 34 75 4.
1077 1827 79 75 The

173 1873 185 75 frutefcens,
375 1873 19 75 a
404 1873 104 75 native
520 1873 40 75 of
568 1873 94 75 Spain
675 1873 10 75 ;
704 1873 75 75 and,
800 1873 17 75 5
824 1873 8 75 .
849 1873 75 75 The
938 1873 216 75 arborefcens,

175 1920 18 75 a
209 1920 103 75 native
328 1920 40 75 of
379 1920 163 75 America.

124 1966 245 75 ATROPHY,
394 1966 31 75 in
443 1966 166 75 medicine,
636 1966 17 75 a
665 1966 130 75 difeafe,
804 1966 155 75 -wherein
977 1966 54 75 the
1050 1966 104 75 body,

172 2012 38 75 or
222 2012 89 75 fome
327 2012 39 75 of
387 2012 42 75 its
446 2012 98 75 parts,
569 2012 44 75 do
629 2012 57 75 not
703 2012 121 75 receive
838 2012 58 75 the
912 2012 157 75 neceffary
1094 2012 57 75 nu-

172 2057 143 75 triment,
339 2057 59 75 but
423 2057 94 75 wafte
545 2057 62 75 and
630 2057 101 75 decay
747 2057 103 75 incefl'
850 2057 94 75 antly.
994 2057 62 75 See
1072 2057 84 75 Me-

175 2104 150 75 dicine.

126 2150 309 75 ATTACHING,
468 2150 39 75 or
534 2150 294 75 Attachment,
860 2150 31 75 in
917 2150 132 75 Englifh
1077 2150 75 75 law,

173 2197 55 75 the
244 2197 110 75 taking
370 2197 36 75 or
423 2197 234 75 apprehending
664 2197 49 75 .of
725 2197 19 75 a
758 2197 125 75 perfon,
903 2197 45 75 by
964 2197 104 75 virtue
1084 2197 40 75 of
1135 2197 21 75 a
1169 2197 6 75 ,

173 2243 73 75 writ
262 2243 37 75 or
316 2243 141 75 precept.

125 2289 281 75 Attachment
424 2289 54 75 out
494 2289 44 75 of
544 2289 52 75 the
607 2289 177 75 Chancery,
798 2289 27 75 is
841 2289 151 75 obtained
1013 2289 82 75 upon
1114 2289 40 75 an
1168 2271 7 49 ;

176 2335 144 75 affidavit
337 2335 105 75 made,
466 2335 79 75 that'
554 2335 56 75 the
625 2335 173 75 defendant
816 2335 63 75 was
905 2335 109 75 ferved
1039 2335 79 75 with
1135 2335 19 75 a
1171 2367 5 49 :

172 2382 163 75 fubpcena,
360 2382 62 75 and
438 2382 91 75 made
552 2382 42 75 no
611 2382 191 75 appearance
813 2382 10 75 ;
849 2382 37 75 or
902 2382 26 75 it
943 2382 114 75 iffueth
1068 2382 87 75 upon

173 2426 55 75 not
245 2426 196 75 performing
457 2426 92 75 fome-
558 2426 94 75 order
664 2426 37 75 or
717 2426 125 75 decree.

127 2472 279 75 Attachment
424 2472 54 75 /
502 2472 43 75 of
563 2472 52 75 the
633 2472 119 75 Fonefl,
776 2472 29 75 is
827 2472 62 75 one
916 2472 40 75 of
964 2472 69 75 .the
1060 2472 93 75 three
1169 2472 5 75 ,

174 2519 108 75 courts
298 2519 75 75 held
390 2519 31 75 in
438 2519 54 75 the
509 2519 121 75 Foreft.
679 2519 75 75 The
772 2519 110 75 loweft
898 2519 90 75 court
1005 2519 26 75 is
1050 2519 103 75 called

174 2566 54 75 the
253 2566 90 75 court
369 2566 44 75 of
421 2566 223 75 Attachment,
669 2566 37 75 ot
733 2566 94 75 wood
841 2566 81 75 mote
947 2566 103 75 court'
1050 2566 11 75 ,
1095 2566 56 75 the

174 2610 103 75 mean,
286 2610 102 75 fwan
400 2610 80 75 mote
492 2610 10 75 ;
522 2610 59 75 and
591 2610 55 75 the
663 2610 134 75 higheff,
814 2610 56 75 the
878 2610 121 75 jufice
1010 2610 35 75 in
1055 2610 81 75 eyre'
1136 2610 17 75 s

163 2656 88 75 feat.
300 2656 85 75 This
411 2656 194 75 attachment
622 2656 26 75 is
675 2656 44 75 by
735 2656 90 75 three
845 2656 119 75 means,
990 2656 42 75 by
1048 2656 102 75 goods

174 2705 61 75 and
259 2705 149 75 chattels,
441 2705 44 75 by
507 2705 100 75 body,
640 2705 142 75 pledges,
799 2705 6 75 .
815 2705 63 75 and
901 2705 187 75 mainprize,
1113 2705 39 75 or

174 2748 54 75 the
244 2748 86 75 body
342 2748 89 75 only.
479 2748 85 75 This
583 2748 90 75 court
698 2748 25 75 is
741 2748 76 75 held
840 2748 208 75 every.forty
1071 2748 79 75 days

173 2795 200 75 throughout
386 2795 55 75 the
456 2795 88 75 year,
562 2795 129 75 whence
707 2795 26 75 it
744 2795 27 75 is
785 2795 364 75 caWz&xht:forty-days

176 2842 109 75 court.

128 2888 277 75 Attachment
425 2888 42 75 of
469 2888 172 75 privilege,
665 2888 26 75 is
709 2888 42 75 by
766 2888 104 75 virtue
887 2888 40 75 of
936 2888 19 75 a
970 2888 101 75 mans
1086 2888 64 75 pri-

175 2935 102 75 vilege
304 2935 35 75 to
360 2935 66 75 call
446 2935 134 75 another
602 2935 33 75 to
659 2935 72 75 that
747 2935 93 75 court
855 2935 140 75 whereto
1013 2935 39 75 he
1068 2935 67 75 him

1250 203 64 75 felf
1323 203 145 75 belongs,
1495 203 61 75 and
1572 203 31 75 in
1622 203 119 75 refped
1752 203 149 75 whereof
1909 203 42 75 he
1968 203 26 75 is
2011 203 175 75 privileged
2200 203 39 75 to

1252 249 118 75 anfwer
1387 249 85 75 fome
1492 249 114 75 adtion.

1201 295 280 75 Attachment
1493 295 161 75 btnorum,
1667 295 32 75 in
1712 295 54 75 the
1779 295 55 75 old
1846 295 131 75 Engliffi
1990 295 237 75 ftatutebooks,

1249 343 132 75 imports
1399 343 18 75 a
1433 343 123 75 diftrefs
1575 343 94 75 taken
1689 343 84 75 upon
1795 343 55 75 the
1866 343 101 75 goods
1985 343 37 75 or
2044 343 135 75 chattels
2196 343 43 75 of

1249 388 18 75 a
1294 388 112 75 perfon
1433 388 75 75 fued
1533 388 51 75 for
1609 388 18 75 a
1644 388 142 75 perfonal
1810 388 108 75 eftate,
1945 388 37 75 or
2002 388 89 75 deb-,
2117 388 42 75 by
2175 388 57 75 the

1248 434 83 75 legal
1348 434 219 75 attachiatqrs,
1592 434 38 75 or
1646 434 130 75 bailiffs,
1803 434 34 75 as
1854 434 19 75 a
1888 434 139 75 fecurity
2049 434 35 75 to
2111 434 120 75 anfwer

1249 481 55 75 the
1322 481 115 75 adlion.

1203 529 307 75 ATTAINDER,
1537 529 231 75 inScotslaw.
1820 529 60 75 See
1896 529 199 75 Treason.

1202 575 238 75 ATTAINT,
1464 575 32 75 in
1519 575 75 75 law,
1620 575 18 75 a
1661 575 74 75 writ
1759 575 105 75 which
1889 575 59 75 lies
1973 575 118 75 again!!
2115 575 19 75 a
2154 575 78 75 jury

1250 620 68 75 that
1335 620 80 75 have
1432 620 93 75 given
1543 620 17 75 a
1577 620 75 75 falfe
1669 620 121 75 verdidf
1809 620 32 75 in
1859 620 62 75 any
1937 620 92 75 court
2046 620 39 75 of
2104 620 126 75 record,

1248 666 32 75 in
1298 666 18 75 a
1329 666 64 75 real
1410 666 37 75 or
1464 666 142 75 perfonal
1624 666 113 75 addon,
1756 666 105 75 where
1879 666 54 75 the
1946 666 123 75 debtor
2082 666 149 75 damages

1250 713 129 75 amount
1395 713 35 75 to
1447 713 100 75 above
1564 713 86 75 forty
1666 713 153 75 (hillings.

1203 760 200 75 Attaint,
1430 760 115 75 among
1561 760 143 75 farriers,
1731 760 17 75 a
1765 760 105 75 knock
1886 760 38 75 or
1935 760 75 75 hurt
2027 760 31 75 in
2078 760 17 75 a
2110 760 121 75 horfes

1248 806 62 75 leg,
1329 806 192 75 proceeding
1533 806 101 75 either
1647 806 84 75 from
1743 806 18 75 a
1773 806 84 75 blow
1870 806 79 75 with
1967 806 132 75 another
2111 806 120 75 horfes

1250 852 82 75 foot,
1358 852 38 75 or
1411 852 85 75 from
1514 852 38 75 an
1569 852 187 75 over-reach
1781 852 31 75 in
1836 852 100 75 frofty
1961 852 153 75 weather,
2139 852 93 75 when

1250 899 18 75 a
1283 899 92 75 horfe
1392 899 95 75 being
1502 899 208 75 rough-ffiod,
1736 899 37 75 or
1796 899 118 75 having
1938 899 88 75 ffioes
2052 899 78 75 with
2156 899 77 75 long

1251 946 134 75 calkers,
1410 946 111 75 (trikes
1537 946 122 75 his'hin
1661 946 56 75 c&r
1734 946 65 75 feet
1816 946 117 75 again!!
1951 946 48 75 his
2017 946 150 75 fore-leg.

1203 993 308 75 ATTAINTED,
1537 993 32 75 in
1586 993 73 75 law,
1684 993 26 75 is
1728 993 126 75 applied
1879 993 35 75 to
1939 993 18 75 a
1981 993 140 75 perfons
2139 993 95 75 being

1251 1038 99 75 found
1367 1038 104 75 guilty
1494 1038 39 75 of
1552 1038 62 75 any
1630 1038 97 75 crime
1745 1038 37 75 or
1803 1038 138 75 offence,
1965 1038 168 75 efpecially
2149 1038 84 75 trea-

1251 1084 54 75 fon
1322 1084 37 75 or
1374 1084 124 75 felony,
1522 1084 44 75 by
1582 1084 62 75 due
1661 1084 107 75 courfe
1785 1084 39 75 of
1843 1084 74 75 law.

1204 1133 307 75 ATTELABUS,
1537 1133 31 75 in
1587 1133 150 75 zoology,
1764 1133 17 75 a
1799 1133 98 75 genus
1914 1133 40 75 of
1972 1133 111 75 infedts
2100 1133 117 75 belong

1250 1178 53 75 ing
1320 1178 34 75 to
1370 1178 55 75 the
1442 1178 95 75 order
1552 1178 41 75 of
1611 1178 182 75 coleoptera
1810 1178 37 75 or
1863 1178 211 75 beetle-kind.
2125 1178 31 75 It
2173 1178 58 75 has

1250 1222 73 75 four
1340 1222 112 75 wings,
1478 1222 39 75 of
1537 1222 103 75 which
1659 1222 55 75 the
1730 1222 140 75 fuperior
1887 1222 25 75 is
1937 1222 207 75 cruftaceous,
2171 1222 62 75 and

1250 1270 88 75 ferve
1355 1270 33 75 as
1412 1270 21 75 a
1451 1270 107 75 (heath
1585 1270 36 75 or
1648 1270 95 75 cover
1759 1270 34 75 to
1811 1270 54 75 the
1882 1270 143 75 inferior,
2050 1270 105 75 which
2180 1270 53 75 are

1251 1317 234 75 membranous.
1533 1317 77 75 The
1626 1317 81 75 head
1731 1317 106 75 tapers
1861 1317 130 75 behind,
2018 1317 62 75 and
2099 1317 26 75 is
2143 1317 90 75 incli-

1251 1362 81 75 ned.;
1359 1362 56 75 the
1432 1362 114 75 feelers
1566 1362 74 75 turn
1656 1362 125 75 thicker
1798 1362 125 75 toward
1939 1362 55 75 the
2011 1362 96 75 apex.
2156 1362 77 75 The

1251 1409 115 75 fpecies
1384 1409 53 75 are
1458 1409 38 75 13
1510 1409 11 75 ;
1548 1409 56 75 viz
1649 1409 30 75 x.
1695 1409 77 75 The
1789 1409 100 75 coryli
1906 1409 26 75 is
1949 1409 105 75 black,
2081 1409 78 75 with
2175 1409 58 75 red

1252 1455 103 75 elytra
1382 1455 37 75 or
1447 1455 196 75 cruftaceous
1672 1455 114 75 wings.
1849 1455 33 75 2.
1914 1455 77 75 The
2024 1455 149 75 avellanae
2206 1455 27 75 is

1254 1501 105 75 black,
1384 1501 80 75 with
1481 1501 55 75 the
1547 1501 114 75 breaft,
1687 1501 78 75 feet,
1790 1501 62 75 and
1868 1501 103 75 elytra
1987 1501 68 75 red.
2108 1501 32 75 3.
2157 1501 77 75 The

1252 1548 253 75 curculionoides
1530 1548 27 75 is
1582 1548 106 75 black,
1720 1548 79 75 with
1824 1548 57 75 red
1904 1548 104 75 elytra
2031 1548 62 75 and
2118 1548 114 75 bread.

1252 1594 76 75 The
1345 1594 100 75 above
1461 1594 90 75 three
1568 1594 116 75 (pecies
1701 1594 150 75 frequent
1868 1594 55 75 the
1939 1594 103 75 leaves
2055 1594 40 75 of
2106 1594 54 75 the
2176 1594 58 75 ha-

1254 1641 50 75 zel
1322 1641 61 75 and
1399 1641 105 75 filbert
1522 1641 171 75 nut-trees.
1744 1641 31 75 4.
1801 1641 80 75 The'
1881 1641 236 75 furinamenfis
2142 1641 57 75 has
2217 1641 18 75 a

1253 1687 118 75 double
1386 1687 199 75 indentation
1603 1687 53 75 (or
1673 1687 72 75 two.
1757 1687 103 75 teeth)
1879 1687 32 75 in
1928 1687 54 75 the
2000 1687 55 75 top
2068 1687 39 75 of
2126 1687 57 75 the
2200 1687 33 75 e-

1252 1732 97 75 lytra.
1398 1732 32 75 It
1446 1732 27 75 is
1497 1732 18 75 a
1531 1732 106 75 native
1660 1732 40 75 of
1719 1732 161 75 Surinam.
1932 1732 32 75 5.
1989 1732 77 75 The
2082 1732 151 75 penfilva-

1251 1779 91 75 nicus
1356 1779 27 75 is
1399 1779 106 75 black,
1532 1779 76 75 with
1627 1779 55 75 red
1700 1779 114 75 elytra,
1840 1779 19 75 a
1875 1779 93 75 black
1984 1779 66 75 belt
2062 1779 103 75 round
2177 1779 55 75 the

1251 1825 132 75 middle,
1408 1825 62 75 and
1486 1825 132 75 another
1634 1825 139 75 towards
1791 1825 55 75 the
1871 1825 81 75 apex
1976 1825 41 75 of
2035 1825 55 75 the
2115 1825 115 75 elytra.

1251 1871 32 75 It
1298 1871 27 75 is
1343 1871 19 75 a
1377 1871 106 75 native
1509 1871 38 75 of
1568 1871 235 75 Philadelphia.
1852 1871 36 75 6.
1912 1871 76 75 The
2011 1871 177 75 melanurus
2206 1871 26 75 is

1253 1918 106 75 black,
1384 1918 80 75 with
1477 1918 172 75 teftaceous
1667 1918 212 75 elytra.black
1897 1918 32 75 at
1945 1918 55 75 the
2017 1918 95 75 apex.
2162 1918 31 75 It
2206 1918 26 75 is

1252 1964 139 75 a.native
1409 1964 208 75 of-Sweden.
1630 1964 9 75 -
1668 1964 33 75 7.
1726 1964 79 75 The
1820 1964 114 75 betulse
1950 1964 58 75 has
2026 1964 153 75 faltatory
2195 1964 39 75 or

1250 2012 124 75 fpringy
1386 2012 87 75 legs,
1499 2012 61 75 and
1573 2012 55 75 the
1645 2012 105 75 whole
1766 2012 87 75 body
1867 2012 28 75 is
1913 2012 38 75 of
1971 2012 19 75 a
2007 2012 154 75 dark-red
2178 2012 53 75 co-

1250 2056 83 75 lour.
1396 2056 33 75 It
1459 2056 169 75 frequents
1655 2056 63 75 the-
1744 2056 107 75 leaves
1883 2056 40 75 of
1955 2056 56 75 the
2043 2056 188 75 birch-tree.

1252 2105 34 75 8.
1310 2105 78 75 The
1403 2105 198 75 formicarius
1617 2105 26 75 is
1669 2105 106 75 black,
1791 2105 88 75 .with
1905 2105 57 75 red
1986 2105 114 75 elytra,
2127 2105 63 75 and
2213 2105 19 75 a

1250 2149 116 75 double
1383 2149 98 75 white
1496 2149 66 75 belt
1579 2149 123 75 toward
1719 2149 55 75 the
1792 2149 83 75 bafe.
1924 2149 33 75 It
1981 2149 25 75 is
2032 2149 19 75 a
2074 2149 105 75 native
2196 2149 41 75 of

1250 2195 144 75 Europe.
1438 2195 35 75 9.
1489 2195 77 75 The
1583 2195 115 75 fipylus
1715 2195 149 75 js-green,
1881 2195 78 75 with
1976 2195 19 75 a
2006 2195 92 75 hairy
2114 2195 115 75 breaft,

1250 2241 61 75 and
1328 2241 19 75 a
1363 2241 116 75 double
1496 2241 116 75 yellow
1630 2241 65 75 belt
1717 2241 83 75 upon
1826 2241 55 75 the
1905 2241 115 75 elytra.
2074 2241 54 75 10.
2153 2241 77 75 The

1251 2288 134 75 apiarius
1410 2288 33 75 is.
1464 2288 114 75 bluiffi,
1604 2288 77 75 with
1708 2288 54 75 red
1787 2288 114 75 elytra,
1931 2288 62 75 and
2020 2288 90 75 three
2136 2288 94 75 black

1250 2334 95 75 belts.
1395 2334 34 75 It
1443 2334 26 75 is
1487 2334 19 75 a
1529 2334 105 75 native
1660 2334 40 75 of
1718 2334 180 75 Germany.
1952 2334 59 75 11..
2030 2334 76 75 The
2123 2334 106 75 mollis

1249 2380 28 75 is
1300 2380 169 75 yellowiftr.
1486 2380 62 75 and
1572 2380 103 75 hairy,
1709 2380 78 75 with
1811 2380 73 75 pale
1908 2380 116 75 elytra,
2055 2380 61 75 and
2139 2380 91 75 three

1249 2426 96 75 belts.
1394 2426 31 75 It
1437 2426 27 75 is
1477 2426 18 75 a
1511 2426 105 75 native
1632 2426 40 75 of
1683 2426 157 75 Europe..
1882 2426 54 75 12.
1962 2426 77 75 The
2051 2426 177 75 ceramboi-

1247 2473 57 75 des
1320 2473 27 75 is
1364 2473 40 75 of
1423 2473 18 75 a
1456 2473 141 75 blackiffi
1618 2473 56 75 red
1698 2473 123 75 colour,
1847 2473 62 75 and
1925 2473 55 75 the
1996 2473 105 75 elytra
2116 2473 26 75 is
2160 2473 67 75 fur-

1249 2518 120 75 rowed.
1418 2518 33 75 It
1473 2518 164 75 frequents
1654 2518 55 75 the
1726 2518 119 75 fpongy
1861 2518 138 75 boletus,
2025 2518 18 75 a
2059 2518 116 75 fpecies
2193 2518 40 75 of

1248 2565 192 75 muffiroom.
1502 2565 52 75 13.
1578 2565 77 75 The
1682 2565 215 75 bupreftoides
1921 2565 26 75 is
1972 2565 40 75 of
2031 2565 18 75 a
2073 2565 155 75 darkled

1248 2612 122 75 colour,
1395 2612 79 75 with
1500 2612 18 75 a
1542 2612 149 75 globular
1718 2612 113 75 breaft,
1841 2612 7 75 .
1862 2612 64 75 and
1949 2612 135 75 nervous
2107 2612 118 75 elytra.

1249 2657 31 75 It
1296 2657 25 75 is
1338 2657 18 75 a
1371 2657 105 75 native
1488 2657 39 75 of
1546 2657 145 75 Europe.

1201 2706 349 75 ATTENDANTS,
1566 2706 178 75 -medicines
1757 2706 105 75 which
1880 2706 120 75 refolve
2018 2706 208 75 thevifcofity

1248 2749 41 75 of
1305 2749 55 75 the
1377 2749 174 75 humours;
1577 2749 134 75 thereby
1728 2749 182 75 promoting
1927 2749 82 75 their
2026 2749 199 75 circulation,

1247 2795 33 75 as
1299 2795 70 75 well
1386 2795 33 75 as
1435 2795 56 75 the
1507 2795 164 75 difcharge
1688 2795 39 75 of
1747 2795 41 75 all
1803 2795 140 75 noxious
1960 2795 37 75 or
2013 2795 212 75 excrementi-

1246 2842 83 75 tious
1341 2842 126 75 matter.

1200 2892 363 75 ATTESTATION,
1595 2892 55 75 the
1677 2892 49 75 ad!
1749 2892 41 75 of
1814 2892 157 75 affirming
1993 2892 39 75 or
2052 2892 190 75 witneffing-

1247 2936 54 75 the
1316 2936 92 75 truth
1428 2936 40 75 of
1484 2936 192 75 fomething,
1702 2936 87 75 more
1806 2936 166 75 efpecially
1989 2936 32 75 in
2037 2936 138 75 writing.

2056 2996 177 75 ATTICV
