2483 3387
692 185 42 75 A
792 185 38 75 R
889 185 35 75 C
981 185 43 75 II
1082 185 19 75 I
1158 185 40 75 T

185 249 151 75 different
359 249 108 75 times,
491 249 58 75 has
573 249 159 75 furpafled
754 249 43 75 all
819 249 95 75 other
929 249 138 75 nations,
1091 249 80 75 both
1186 249 34 75 in

188 294 78 75 tafte
283 294 40 75 of
334 294 118 75 defign,
478 294 63 75 and
556 294 244 75 workmadhip.

232 343 77 75 The
326 343 63 75 fize
405 343 40 75 of
456 343 57 75 the
534 343 148 75 chinmey
697 343 80 75 muft
796 343 42 75 be
853 343 166 75 regulated
1035 343 41 75 by
1098 343 54 75 the
1170 343 48 75 di-

188 388 154 75 menlions
354 388 41 75 of
406 388 56 75 the
478 388 91 75 room
584 388 110 75 uhere
708 388 26 75 it
751 388 28 75 is
795 388 125 75 placed.
962 388 38 75 In
1013 388 55 75 the
1086 388 134 75 fmalleft

186 434 206 75 apartments,
422 434 56 75 the
493 434 135 75 breadth
645 434 41 75 of
706 434 55 75 the
781 434 144 75 aperture
941 434 112 75 fhould
1069 434 95 75 never
1181 434 40 75 be

186 482 60 75 lefs
262 482 77 75 than
361 482 90 75 three
476 482 78 75 feet,
579 482 37 75 to
631 482 90 75 three
738 482 66 75 feet
821 482 47 75 fix
884 482 120 75 inches.
1055 482 38 75 In
1111 482 107 75 rooms

183 529 86 75 #om
289 529 44 75 20
349 529 35 75 to
401 529 45 75 24
462 529 67 75 feet
548 529 125 75 fquare,
691 529 37 75 or
743 529 41 75 of
797 529 94 75 equal
908 529 174 75 fuperficial
1094 529 124 75 dimen-

184 574 95 75 fions,
302 574 27 75 it
345 574 74 75 may
442 574 40 75 be
505 574 84 75 from
608 574 20 75 4
646 574 37 75 to
699 574 47 75 44-
760 574 66 75 feet
841 574 124 75 broad;
1006 574 32 75 in
1068 574 89 75 thofe
1184 574 41 75 of

185 623 46 75 24
247 623 35 75 to
300 623 58 75 27,
383 623 86 75 from
486 623 47 75 4I
548 623 41 75 to
603 623 16 75 5
633 623 9 75 ;
669 623 75 75 and,
769 623 32 75 in
823 623 77 75 fuch
924 623 33 75 as
982 623 120 75 exceed
1131 623 88 75 thefe

181 667 203 75 dimenfions,
410 667 55 75 the
482 667 148 75 aperture
646 667 74 75 may
736 667 79 75 even
831 667 39 75 be
885 667 164 75 extended
1065 667 36 75 to
1121 667 43 75 54
1181 667 39 75 or

181 713 24 75 6
224 713 79 75 feet.

231 759 78 75 The
325 759 149 75 chimney
488 759 113 75 fhould
620 759 117 75 always
753 759 40 75 be
809 759 111 75 fituate
943 759 34 75 fo
995 759 33 75 as
1045 759 35 75 to
1102 759 41 75 be
1159 759 60 75 im-

183 805 173 75 mediately
371 805 72 75 feen
460 805 43 75 by
517 805 91 75 thofe
624 805 74 75 who
712 805 91 75 enter
817 805 57 75 the
890 805 105 75 room.
1043 805 78 75 The
1136 805 83 75 mid-

182 852 55 75 dle
251 852 42 75 of
304 852 56 75 the
377 852 153 75 partition
547 852 73 75 wall
636 852 28 75 is
681 852 56 75 the
754 852 78 75 moft
846 852 115 75 proper
975 852 89 75 place
1077 852 31 75 in
1121 852 97 75 halls,

181 899 116 75 falons,
333 899 62 75 and
422 899 94 75 other
541 899 107 75 rooms
677 899 40 75 of
738 899 145 75 paffage;
911 899 59 75 but
997 899 33 75 in
1057 899 160 75 drawing-

182 946 120 75 rooms,
329 946 268 75 drefljng-rooms,
623 946 63 75 and
701 946 57 75 the
775 946 78 75 like,
878 946 57 75 the
953 946 120 75 middle
1101 946 40 75 of
1161 946 56 75 the

183 992 82 75 back
276 992 74 75 wall
361 992 27 75 is
406 992 56 75 the
474 992 65 75 bed
551 992 159 75 fituation.
759 992 40 75 In
818 992 203 75 bed-rooms,
1046 992 55 75 the
1117 992 102 75 chim-

183 1038 62 75 ney
259 1038 28 75 is
305 1038 118 75 always
437 1038 35 75 in
487 1038 57 75 the
561 1038 120 75 middle
699 1038 39 75 of
750 1038 60 75 one
822 1038 40 75 of
869 1038 56 75 the
936 1038 259 75 partition-walls
1207 1038 10 75 ;

183 1084 64 75 and
257 1084 32 75 in
306 1084 129 75 clofets,
461 1084 63 75 and
535 1084 94 75 other
644 1084 78 75 very
738 1084 90 75 fmall
840 1084 118 75 places,
984 1084 35 75 to
1031 1084 72 75 fave
1115 1084 104 75 room,

184 1131 26 75 it
220 1131 28 75 is
260 1131 59 75 put
329 1131 33 75 in
375 1131 18 75 a
404 1131 126 75 corner,
579 1131 218 75 Where-ever
813 1131 67 75 two
895 1131 168 75 chimneys
1074 1131 53 75 are
1144 1131 76 75 ufed

183 1177 32 75 in
232 1177 56 75 the
304 1177 82 75 fame
404 1177 103 75 room,
533 1177 79 75 they
634 1177 112 75 ftiould
772 1177 40 75 be
829 1177 113 75 placed
963 1177 106 75 either
1084 1177 137 75 dire&ly

183 1223 106 75 facing
305 1223 77 75 each
399 1223 107 75 other,
532 1223 30 75 if
576 1223 33 75 in
636 1223 152 75 different
813 1223 103 75 walls,
916 1255 6 49 n
941 1223 38 75 or
1003 1223 33 75 at
1059 1223 95 75 equal
1170 1223 49 75 di-

182 1271 118 75 ftances
316 1271 85 75 from
417 1271 57 75 the
491 1271 107 75 centre
615 1271 40 75 of
678 1271 55 75 the
762 1271 75 75 wall
860 1271 33 75 in
921 1271 108 75 which
1045 1271 78 75 they
1139 1271 81 75 both

181 1316 68 75 are.

228 1363 78 75 The
321 1363 188 75 proportion
525 1363 42 75 of
584 1363 56 75 the
658 1363 162 75 apertures
837 1363 41 75 of
890 1363 270 75 chimney-pieces
1184 1363 40 75 of

182 1411 20 75 a
217 1411 166 75 moderate
400 1411 62 75 fize
478 1411 26 75 is
531 1411 163 75 generally
717 1411 20 75 a
763 1411 119 75 perfect
906 1411 131 75 fquare;
1070 1411 33 75 in
1130 1411 91 75 fmall

184 1454 90 75 ones,
300 1454 28 75 it
355 1454 27 75 is
411 1454 19 75 a
458 1454 84 75 trifie
566 1454 139 75 higher;
732 1454 63 75 and
823 1454 32 75 in
872 1454 88 75 large
977 1454 89 75 ones,
1092 1454 18 75 a
1137 1454 83 75 trifle

187 1501 112 75 lower.
356 1501 106 75 Their
487 1501 181 75 ornaments
697 1501 108 75 confift
823 1501 31 75 in
872 1501 209 75 architraves,
1106 1501 114 75 frizes,

189 1549 156 75 cornices,
371 1549 157 75 columns,
561 1549 153 75 pilafters,
748 1549 144 75 terminlf
921 1549 192 75 caryatides,
1144 1549 76 75 con-

184 1595 94 75 foles,
297 1595 62 75 and
372 1595 42 75 all
430 1595 94 75 kinds
542 1595 39 75 of
597 1595 181 75 ornaments
795 1595 40 75 of
845 1595 174 75 fculpture,
1043 1595 177 75 reprefent-

182 1641 58 75 ing
273 1641 133 75 animals
434 1641 62 75 and
526 1641 196 75 vegetables,
749 1641 64 75 tic.
852 1641 64 75 like
921 1641 70 75 wife
1019 1641 101 75 vafes,
1144 1641 76 75 cha-

183 1687 90 75 lices,
298 1687 141 75 trophies
461 1687 40 75 of
513 1687 96 75 arms,
636 1687 65 75 &c.
751 1687 39 75 In
806 1687 162 75 designing
984 1687 103 75 them,
1105 1687 116 75 regard

184 1734 80 75 mull
281 1734 39 75 be
336 1734 66 75 had
417 1734 35 75 to
476 1734 56 75 the
554 1734 112 75 nature
688 1734 41 75 of
749 1734 55 75 the
829 1734 88 75 place
942 1734 108 75 where
1073 1734 78 75 they
1167 1734 54 75 are

184 1781 35 75 to
236 1781 39 75 be
291 1781 182 75 employed.
524 1781 87 75 Such
640 1781 34 75 as
701 1781 53 75 are
781 1781 154 75 intended
961 1781 53 75 for
1041 1781 96 75 halls,
1171 1781 48 75 fa-

182 1829 85 75 lons,
300 1829 239 75 guard-rooms,
574 1829 160 75 galleries,
771 1829 63 75 and
861 1829 94 75 other
982 1829 89 75 large
1098 1829 120 75 places,

184 1875 80 75 muft
292 1875 39 75 be
359 1875 172 75 compofed
556 1875 40 75 of
618 1875 88 75 large
731 1875 100 75 parts,
857 1875 65 75 few
949 1875 34 75 in
1012 1875 148 75 number,
1184 1875 40 75 of

181 1921 125 75 diflinift
329 1921 63 75 and
413 1921 107 75 limple
537 1921 114 75 forms,
676 1921 61 75 and
754 1921 118 75 having
891 1921 18 75 a
925 1921 78 75 bold
1020 1921 113 75 relief;
1160 1921 58 75 but

183 1968 267 75 chimney-pieces
475 1968 52 75 for
546 1968 282 75 drawing-rooms,
852 1968 272 75 drefting-rooms,
1150 1968 67 75 &c.

184 2015 74 75 may
273 2015 40 75 be
333 2015 41 75 of
385 2015 18 75 a
418 2015 89 75 more
527 2015 135 75 delicate
680 2015 61 75 and
758 2015 211 75 complicated
985 2015 125 75 nature.

232 2060 281 75 Chimney-pieces
531 2060 53 75 are
601 2060 168 75 compofed
786 2060 40 75 of
836 2060 106 75 wood,
961 2060 99 75 ftone,
1078 2060 37 75 or
1132 2060 84 75 mar-

184 2107 52 75 ble
250 2107 12 75 ;
288 2107 56 75 the
364 2107 56 75 laft
437 2107 40 75 of
490 2107 105 75 which
612 2107 102 75 ought
738 2107 35 75 to
789 2107 40 75 be
847 2107 179 75 preferred,
1050 2107 33 75 as
1100 2107 117 75 figures

186 2153 36 75 or
242 2153 130 75 profiles
390 2153 53 75 are
462 2153 66 75 beft
544 2153 202 75 reprefented
761 2153 32 75 in
811 2153 19 75 a
845 2153 77 75 pure
939 2153 111 75 white.

233 2199 93 75 Plate
342 2199 171 75 XXXIII.
539 2199 75 75 Fig.
637 2199 29 75 1,
686 2199 33 75 2,
741 2199 32 75 2,
791 2199 61 75 and
871 2199 34 75 4.
931 2199 54 75 are
997 2199 151 75 different
1160 2199 58 75 de

184 2246 81 75 figns
291 2246 51 75 for
369 2246 267 75 chimney-pieces
664 2246 44 75 by
731 2246 149 75 Palladio
907 2246 63 75 and
994 2246 93 75 Inigo
1104 2246 111 75 Jones.

183 2291 106 75 Their
300 2291 186 75 proportion
498 2291 74 75 may
584 2291 41 75 be
635 2291 156 75 gathered
802 2291 85 75 from
899 2291 55 75 the
966 2291 135 75 defigns,
1111 2291 113 75 which,

182 2339 55 75 ate
255 2339 181 75 accurately
452 2339 172 75 executed.

207 2443 69 75 OF
298 2443 120 75 THE
442 2443 419 75 PROPORTIONS
887 2443 70 75 OF
982 2443 208 75 ROOMS.

228 2522 87 75 The
333 2522 204 75 proportions
554 2522 40 75 of
609 2522 105 75 rooms
730 2522 126 75 depend
872 2522 31 75 in
927 2522 18 75 a
965 2522 90 75 great
1076 2522 141 75 meafure

184 2569 41 75 on
249 2569 85 75 their
357 2569 66 75 ufe,
449 2569 62 75 and
539 2569 102 75 actual
663 2569 209 75 dimenfions:
900 2569 79 75 But,
1006 2569 77 75 with
1102 2569 114 75 regard

182 2616 35 75 to
237 2616 130 75 beauty,
393 2616 43 75 all
452 2616 128 75 figures,
606 2616 83 75 from
707 2616 18 75 a
740 2616 113 75 fquare
878 2616 34 75 to
940 2616 19 75 a
983 2616 230 75 fefquialteral,

181 2662 75 75 may
272 2662 39 75 be
332 2662 147 75 emioyed
497 2662 52 75 for
570 2662 56 75 the
643 2662 87 75 plan.

229 2708 76 75 The
322 2708 112 75 height
457 2708 41 75 of
516 2708 106 75 rooms
639 2708 147 75 depends-
803 2708 40 75 on
861 2708 84 75 their
961 2708 113 75 figure.
1140 2708 74 75 Flat

182 2754 102 75 ceiled
297 2754 76 75 ones
398 2754 74 75 may
487 2754 41 75 be
544 2754 99 75 lower
660 2754 77 75 than
756 2754 89 75 thofe
861 2754 70 75 that
949 2754 51 75 are
1018 2754 115 75 coved.
1181 2754 37 75 If

182 2800 84 75 their
288 2800 70 75 plan
384 2800 40 75 be
441 2800 18 75 a
475 2800 126 75 fquare,
626 2800 83 75 their
736 2800 111 75 height
872 2800 112 75 Ihould
1010 2800 58 75 not
1092 2800 122 75 exceed

182 2846 62 75 five
267 2846 99 75 fixths
383 2846 43 75 of
435 2846 56 75 the
510 2846 75 75 fide,
612 2846 59 75 nor
687 2846 39 75 be
745 2846 152 75 lefs-than
914 2846 75 75 four
1005 2846 89 75 fifths
1105 2846 12 75 ;
1150 2846 63 75 and

182 2892 93 75 when
293 2892 26 75 it
335 2892 27 75 is
379 2892 131 75 oblong,
543 2892 85 75 their
654 2892 113 75 height
795 2892 73 75 may
891 2892 38 75 be
953 2892 95 75 equal
1072 2892 37 75 to
1130 2892 84 75 their

182 2939 147 75 breadth.
378 2939 67 75 But
462 2939 101 75 coved
579 2939 119 75 rooms,
723 2939 32 75 if
775 2939 126 75 fquare,
926 2939 79 75 muft
1021 2939 39 75 be
1084 2939 33 75 as
1134 2939 78 75 high

183 2986 34 75 as
233 2986 102 75 broad
349 2986 11 75 ;
388 2986 61 75 and
466 2986 91 75 whop
574 2986 132 75 oblong,
732 2986 77 75 they
822 2986 73 75 may
910 2986 80 75 have
1006 2986 85 75 their
1102 2986 112 75 height

184 3034 96 75 equal
296 3034 35 75 to
348 3034 85 75 their
448 3034 150 75 breadth,
621 3034 89 75 more
738 3034 60 75 one
821 3034 86 75 fifth,
932 3034 61 75 one
1008 3034 144 75 quarter,
1177 3034 38 75 or

1257 180 35 75 E
1351 180 36 75 C
1445 180 39 75 T
1541 180 45 75 U
1644 180 38 75 R
1739 180 46 75 E.

2215 180 84 75 359

1267 246 77 75 even
1360 246 61 75 one
1437 246 88 75 third
1553 246 41 75 of
1611 246 55 75 the
1684 246 174 75 difference
1872 246 145 75 between
2035 246 54 75 the
2105 246 113 75 length
2234 246 65 75 and

1266 292 154 75 breadth:
1458 292 78 75 And
1552 292 147 75 galleries
1713 292 115 75 fhould
1854 292 33 75 at
1910 292 76 75 leaft
2003 292 39 75 be
2058 292 33 75 in
2107 292 113 75 height
2235 292 62 75 one

1266 338 61 75 and
1350 338 61 75 one
1437 338 90 75 third
1542 338 41 75 of
1604 338 86 75 their
1712 338 150 75 breadth,
1888 338 64 75 and
1967 338 32 75 at
2018 338 80 75 moft
2122 338 60 75 one
2199 338 64 75 and
2277 338 20 75 a

1266 385 79 75 half,
1371 385 38 75 or
1426 385 60 75 one
1505 385 63 75 and
1590 385 89 75 three
1696 385 102 75 fifths.

1311 433 76 75 The
1403 433 144 75 coldnefs
1566 433 56 75 the
1637 433 120 75 Britifti
1774 433 126 75 climate
1927 433 28 75 is
1972 433 18 75 a
2005 433 107 75 ftrong
2136 433 163 75 objedtion

1265 479 36 75 to
1316 479 79 75 high
1413 479 126 75 rooms;
1565 479 36 75 fp
1625 479 71 75 that
1716 479 26 75 it
1768 479 27 75 is
1823 479 57 75 not
1907 479 193 75 uncommon
2116 479 35 75 to
2167 479 50 75 fee
2240 479 61 75 the

1265 526 78 75 moft
1360 526 201 75 magnificent
1578 526 195 75 apartments
1789 526 59 75 not
1863 526 101 75 above
1981 526 55 75 ij,
2054 526 53 75 16,
2125 526 38 75 or
2174 526 33 75 at
2218 526 82 75 moft

1271 573 39 75 18
1329 573 67 75 feet
1411 573 78 75 high
1504 573 11 75 ;
1541 573 126 75 though
1683 573 55 75 the
1750 573 114 75 extent
1880 573 40 75 of
1927 573 56 75 the
2001 573 107 75 rooms
2126 573 108 75 Would
2246 573 52 75 re-

1267 619 89 75 quire
1373 619 19 75 a
1407 619 95 75 much
1520 619 90 75 more
1629 619 215 75 confiderable
1866 619 171 75 elevation.
2085 619 80 75 But,
2190 619 109 75 where

1266 665 116 75 beauty
1409 665 27 75 is
1464 665 103 75 aimed
1591 665 48 75 at,
1663 665 66 75 this
1756 665 136 75 piadlice
1917 665 102 75 ought
2045 665 59 75 not
2120 665 35 75 to
2172 665 39 75 be
2226 665 74 75 imi-

1264 712 100 75 tated.

1311 758 111 75 When
1434 758 108 75 rooms
1559 758 53 75 are
1629 758 142 75 adorned
1784 758 78 75 with
1879 758 38 75 an
1935 758 96 75 intire
2041 758 110 75 order,
2175 758 56 75 the
2242 758 59 75 en-

1264 805 159 75 tablature
1447 805 112 75 ftiould
1583 805 96 75 never
1704 805 124 75 exceed
1854 805 61 75 one
1943 805 84 75 fixth
2055 805 41 75 of
2118 805 55 75 the
2194 805 107 75 whole

1265 852 112 75 height
1398 852 33 75 in
1447 852 176 75 flat-ceiled
1636 852 120 75 rooms,
1782 852 61 75 and
1860 852 61 75 one
1937 852 84 75 fixth
2037 852 42 75 of
2096 852 56 75 the
2170 852 132 75 upright

1263 898 71 75 part
1350 898 33 75 in
1400 898 103 75 coved
1518 898 76 75 ones
1606 898 11 75 ;
1643 898 63 75 and
1722 898 93 75 when
1832 898 93 75 there
1942 898 54 75 are
2013 898 125 75 neither
2148 898 151 75 columns

1265 945 58 75 nor
1340 945 156 75 pilafters,
1521 945 57 75 but
1603 945 77 75 only
1697 945 38 75 an
1751 945 215 75 entablature,
1990 945 42 75 its
2054 945 112 75 height
2188 945 115 75 fnould

1266 992 54 75 not
1338 992 39 75 be
1391 992 100 75 above
1507 992 61 75 one
1584 992 131 75 feventh
1731 992 41 75 of
1786 992 88 75 thefe
1888 992 144 75 heights.
2073 992 36 75 If
2120 992 57 75 the
2194 992 108 75 rooms

1265 1038 40 75 be
1320 1038 133 75 finifhed
1468 1038 80 75 with
1566 1038 21 75 a
1600 1038 106 75 fimple
1729 1038 147 75 cornice,,
1895 1038 30 75 it
1937 1038 113 75 fhould
2066 1038 97 75 never
2179 1038 124 75 exceed

1265 1085 60 75 one
1342 1085 199 75 fourteenth,
1567 1085 58 75 nor
1642 1085 75 75 ever
1732 1085 61 75 lefs
1807 1085 80 75 than
1903 1085 61 75 one
1992 1085 147 75 fiftsenth
2167 1085 72 75 part
2266 1085 42 75 of

1266 1132 55 75 the
1337 1132 303 75 above-mentioned
1654 1132 131 75 height,

1565 1238 77 75 OF
1691 1238 356 75 CEILINGS.

1313 1316 194 75 Ceilings
1528 1316 53 75 are
1597 1316 104 75 either
1717 1316 67 75 flat,
1810 1316 38 75 or
1864 1316 114 75 coved,
2001 1316 32 75 in
2050 1316 151 75 different
2212 1316 93 75 man-

1266 1361 85 75 ners.
1400 1361 77 75 The
1500 1361 133 75 fimpleft
1649 1361 41 75 of
1712 1361 57 75 the
1796 1361 56 75 fiat
1880 1361 78 75 kind
1986 1361 53 75 are
2067 1361 91 75 thofe
2185 1361 117 75 adorn-

1267 1408 39 75 ed
1330 1408 78 75 with
1435 1408 88 75 large
1550 1408 261 75 compartments,
1848 1408 198 75 furrounded
2073 1408 80 75 with
2180 1408 60 75 one
2264 1408 40 75 or

1267 1455 120 75 feveral
1404 1455 193 75 mouldings,
1624 1455 104 75 either
1744 1455 45 75 let
1806 1455 69 75 into
1894 1455 58 75 the
1969 1455 127 75 ceiling,
2122 1455 38 75 or
2176 1455 125 75 projec-

1268 1501 69 75 ting
1352 1501 129 75 beyond
1497 1501 41 75 its
1555 1501 142 75 furface:
1735 1501 80 75 And
1836 1501 94 75 when
1953 1501 57 75 the
2031 1501 182 75 mouldings
2229 1501 73 75 that

1267 1550 84 75 form
1371 1550 56 75 the
1451 1550 247 75 compartments
1715 1550 53 75 are
1785 1550 164 75 enriched,
1974 1550 67 75 and
2067 1550 86 75 fome
2183 1550 39 75 of
2246 1550 57 75 the

1266 1596 247 75 compartments
1546 1596 142 75 adorned
1718 1596 80 75 with
1832 1596 253 75 well-executed
2106 1596 196 75 ornaments,

1266 1642 75 75 fuch
1359 1642 131 75 ceilings
1505 1642 81 75 have
1603 1642 19 75 a
1642 1642 87 75 good
1743 1642 108 75 effedl,
1876 1642 63 75 and
1953 1642 56 75 are
2024 1642 79 75 very
2120 1642 115 75 proper
2250 1642 54 75 for

1267 1691 147 75 common
1431 1691 293 75 dwelling-houfes,
1741 1691 62 75 and
1816 1691 42 75 all
1874 1691 64 75 low
1955 1691 210 75 apartments.
2195 1691 109 75 Their

1267 1736 180 75 ornaments
1476 1736 61 75 and
1560 1736 183 75 mouldings
1772 1736 43 75 do
1838 1736 57 75 not
1911 1736 128 75 require
2056 1736 20 75 a
2090 1736 80 75 bold
2186 1736 115 75 relief;

1267 1782 69 75 but,
1361 1782 95 75 being
1471 1782 77 75 near
1564 1782 56 75 the
1640 1782 71 75 eye,
1738 1782 77 75 they
1831 1782 81 75 muft
1928 1782 40 75 be
1984 1782 130 75 finifhed
2129 1782 78 75 with
2225 1782 79 75 tafte

1266 1828 64 75 and
1352 1828 167 75 neatnefs.
1560 1828 68 75 For
1645 1828 115 75 higher
1785 1828 119 75 rooms,
1930 1828 19 75 a
1976 1828 56 75 flat
2053 1828 115 75 ceiling
2195 1828 108 75 which

1263 1876 57 75 has
1336 1876 55 75 the
1408 1876 194 75 appearance
1627 1876 39 75 of
1690 1876 95 75 being
1802 1876 170 75 compofed
2001 1876 39 75 of
2058 1876 126 75 various
2209 1876 100 75 joifts-

1264 1922 124 75 framed
1407 1922 70 75 into
1499 1922 78 75 each
1602 1922 107 75 other,
1735 1922 62 75 and
1814 1922 152 75 -forming
1993 1922 248 75 compartments
2267 1922 42 75 of

1264 1970 126 75 various
1414 1970 206 75 geometrical
1640 1970 129 75 figures,
1795 1970 112 75 fhould
1929 1970 40 75 be
1995 1970 181 75 employed.
2224 1970 78 75 The

1263 2016 80 75 fides
1359 2016 40 75 of
1411 2016 55 75 the
1479 2016 90 75 joifts
1588 2016 139 75 forming
1739 2016 56 75 the
1813 2016 248 75 compartments
2078 2016 53 75 are
2155 2016 146 75 general-

1264 2062 33 75 ly
1314 2062 142 75 adorned
1473 2062 23 75 w
1504 2062 47 75 ith
1568 2062 196 75 mouldings,
1789 2062 63 75 and
1868 2062 159 75 reprefent
2043 2062 103 75 either
2158 2062 19 75 a
2192 2062 111 75 fimple

1264 2110 191 75 architrave,
1480 2110 37 75 or
1545 2110 39 75 an
1609 2110 339 75 architrave-cornice,
1980 2110 173 75 according
2178 2110 37 75 to
2242 2110 57 75 the

1264 2155 62 75 fize
1348 2155 40 75 of
1400 2155 56 75 the
1472 2155 254 75 compartments
1751 2155 63 75 and
1830 2155 55 75 the
1901 2155 113 75 height
2036 2155 41 75 of
2097 2155 55 75 the
2170 2155 104 75 room.

1313 2203 117 75 Coved
1444 2203 129 75 ceilings
1593 2203 57 75 are
1665 2203 90 75 more
1771 2203 188 75 expenfive;
1985 2203 57 75 but
2059 2203 78 75 they
2148 2203 55 75 are
2218 2203 82 75 like-

1264 2250 74 75 wife
1353 2250 90 75 more
1468 2250 169 75 beautiful.
1684 2250 101 75 They
1809 2250 54 75 are
1887 2250 77 75 ufed
1991 2250 247 75 promifeuoufiy
2263 2250 36 75 in

1263 2295 88 75 large
1374 2295 62 75 and
1457 2295 88 75 fmall
1565 2295 119 75 rooms,
1709 2295 63 75 and
1787 2295 124 75 occupy
1926 2295 85 75 from
2022 2295 62 75 one
2101 2295 72 75 fifth
2191 2295 35 75 to
2238 2295 62 75 one

1264 2343 89 75 third
1369 2343 40 75 of
1421 2343 55 75 the
1499 2343 112 75 height
1638 2343 44 75 of
1701 2343 56 75 the
1781 2343 103 75 room.
1934 2343 37 75 If
1990 2343 55 75 the
2070 2343 91 75 room
2176 2343 40 75 be
2231 2343 68 75 low

1263 2388 30 75 in
1312 2388 185 75 proportion
1514 2388 34 75 to
1568 2388 40 75 its
1626 2388 148 75 breadth,
1800 2388 55 75 the
1879 2388 79 75 cove
1984 2388 81 75 muft
2089 2388 142 75 likewife
2255 2388 42 75 be

1263 2435 61 75 low
1336 2435 10 75 ;
1373 2435 64 75 and
1450 2435 91 75 when
1558 2435 26 75 it
1596 2435 26 75 is
1639 2435 90 75 high,
1754 2435 56 75 the
1824 2435 78 75 cove
1918 2435 81 75 muft
2015 2435 39 75 be
2070 2435 34 75 fo
2127 2435 140 75 likeufife
2282 2435 10 75 :

1261 2482 53 75 By
1325 2482 105 75 which
1442 2482 108 75 means
1568 2482 55 75 the
1635 2482 111 75 excefs
1764 2482 40 75 of
1812 2482 53 75 the
1877 2482 112 75 height
2003 2482 66 75 will
2083 2482 41 75 be
2134 2482 168 75 rendered-

1262 2529 59 75 lefs
1344 2529 207 75 perceptible.
1600 2529 80 75 But,
1705 2529 106 75 where
1837 2529 55 75 the
1909 2529 153 75 architea
2080 2529 26 75 is
2124 2529 33 75 at
2173 2529 120 75 liberty

1262 2576 35 75 to
1314 2576 188 75 proportion
1518 2576 54 75 the
1588 2576 113 75 height
1717 2576 40 75 of
1769 2576 54 75 the
1834 2576 91 75 room
1944 2576 35 75 to
1994 2576 41 75 its
2052 2576 175 75 fuperficial
2243 2576 33 75 di
2286 2576 9 75 -

1263 2622 168 75 menfions,
1445 2622 56 75 the
1517 2622 78 75 moft
1612 2622 127 75 eligible
1756 2622 186 75 proportion
1959 2622 51 75 for
2027 2622 56 75 the
2099 2622 78 75 cove
2192 2622 28 75 is
2232 2622 63 75 one

1262 2668 111 75 fourth
1398 2668 40 75 of
1457 2668 55 75 the
1534 2668 105 75 whole
1655 2668 123 75 height.
1845 2668 38 75 In
1908 2668 396 75 parallelogram-figured,

1262 2714 119 75 rooms,
1406 2714 56 75 the
1475 2714 124 75 middle
1615 2714 41 75 of
1668 2714 55 75 the
1733 2714 116 75 ceiling
1861 2714 26 75 is
1900 2714 163 75 generally
2079 2714 127 75 formed
2222 2714 75 75 im

1260 2761 19 75 a
1294 2761 88 75 large
1398 2761 54 75 flat
1468 2761 138 75 pannd.
1642 2761 86 75 This
1744 2761 126 75 pannel,
1896 2761 78 75 with
2000 2761 55 75 the
2080 2761 118 75 border
2221 2761 82 75 that,

1260 2809 171 75 furrounds
1447 2809 37 75 it,
1509 2809 73 75 may
1598 2809 123 75 occupy
1737 2809 83 75 from
1833 2809 60 75 one
1910 2809 74 75 half
1994 2809 36 75 to
2041 2809 91 75 three
2148 2809 90 75 fifths
2255 2809 42 75 of

1261 2855 55 75 the
1343 2855 135 75 breadth
1509 2855 42 75 of
1576 2855 59 75 the
1660 2855 103 75 room.
1811 2855 78 75 The
1905 2855 101 75 figure
2034 2855 39 75 of
2096 2855 55 75 the
2168 2855 78 75 cove
2263 2855 34 75 is-

1260 2902 182 75 commonly
1458 2902 103 75 either
1578 2902 18 75 a
1612 2902 159 75 quadrant
1787 2902 39 75 of
1839 2902 18 75 a
1873 2902 96 75 circle
1985 2902 38 75 or
2042 2902 41 75 of
2110 2902 39 75 an
2166 2902 121 75 ellipfe,

1261 2948 110 75 taking
1387 2948 41 75 its
1445 2948 60 75 rife
1516 2948 32 75 .a
1561 2948 84 75 little
1665 2948 100 75 above
1782 2948 54 75 the
1853 2948 137 75 cornice,
2015 2948 64 75 and
2094 2948 143 75 finilhiog
2254 2948 34 75 at

1261 2996 56 75 the
1338 2996 119 75 border
1478 2996 103 75 round
1599 2996 55 75 the
1673 2996 89 75 great
1784 2996 113 75 pannel
1914 2996 31 75 in
1969 2996 55 75 the
2041 2996 121 75 centre.
2210 2996 86 75 The.

1263 3043 115 75 border
1393 3043 139 75 projects
1551 3043 174 75 fomev/hat
1748 3043 128 75 beyond
1897 3043 55 75 the
1974 3043 93 75 coves
2085 3043 41 75 on
2143 3043 55 75 the
2215 3043 79 75 out-

2224 3096 72 75 fide.
