2432 3385
801 158 35 75 B
953 158 40 75 O
1110 158 38 75 T

172 229 57 75 tial
246 229 85 75 parts
348 229 39 75 of
397 229 135 75 flowers,
557 229 87 75 thefe
661 229 85 75 parts
764 229 51 75 mu
818 229 24 75 ft
865 229 184 75 neceflarily
1076 229 41 75 be
1144 229 55 75 the

174 275 115 75 organs
306 275 42 75 of
357 275 228 75 generatisin”

222 320 100 75 Iking
348 320 74 75 thus
450 320 48 75 far
526 320 172 75 advanced,
724 320 151 75 Linnaeus
897 320 129 75 affirms,
1051 320 71 75 that
1140 320 56 75 the

173 365 142 75 anthtra
331 365 53 75 are
400 365 55 75 the
482 365 102 75 tejies,
610 365 62 75 and
688 365 71 75 that
775 365 54 75 the
846 365 105 75 pollen
968 365 157 75 performs
1142 365 55 75 the

174 411 92 75 office
283 411 39 75 of
333 411 55 75 the
401 411 80 75 male
489 411 120 75 femen.
657 411 109 75 Thefe
777 411 203 75 affirmations
991 411 42 75 he
1045 411 151 75 attempts

175 458 34 75 to
236 458 139 75 eftablifh
403 458 43 75 by
473 458 55 75 the
555 458 175 75 following,
746 458 201 75 arguments;
990 458 55 75 the
1072 458 64 75 firft
1164 458 41 75 of

174 504 105 75 which
296 504 40 75 he
352 504 97 75 terms

223 549 24 75 “
272 549 27 75 i.
319 549 359 75 Pracedentia.—The
690 549 150 75 antherae,
865 549 37 75 or
913 549 165 75 vegetable
1092 549 106 75 teftes,

175 596 115 75 always
308 596 131 75 precede
455 596 56 75 the
527 596 100 75 fruit;
653 596 62 75 and
739 596 33 75 as
800 596 74 75 foon
906 596 33 75 as
972 596 54 75 the
1060 596 138 75 antherae

175 642 88 75 come
281 642 33 75 to
332 642 163 75 maturity,
521 642 103 75 which
649 642 174 75 conftantly
850 642 139 75 happens
1009 642 110 75 before
1143 642 55 75 the

175 686 150 75 maturity
342 686 40 75 of
394 686 54 75 the
464 686 90 75 fruit,
579 686 77 75 they
672 686 146 75 continue
844 686 34 75 to
906 686 105 75 throw
1034 686 56 75 out
1116 686 82 75 their

175 734 104 75 pollen
297 734 33 75 as
347 734 75 75 long
439 734 32 75 as
488 734 54 75 the
558 734 109 75 flower
690 734 92 75 lafts;
809 734 58 75 but
883 734 100 75 decay
999 734 63 75 and
1077 734 58 75 fall
1152 734 51 75 off

175 779 166 75 whenever
357 779 55 75 the
429 779 78 75 fruit
524 779 104 75 comes
646 779 34 75 to
696 779 184 75 perfection.

223 826 23 75 “
274 826 32 75 2.
325 826 230 75 Situs.—The
571 826 137 75 antherae
726 826 40 75 of
776 826 42 75 all
835 826 103 75 plants
955 826 53 75 are
1024 826 175 75 uniformly

174 872 110 75 fituate
305 872 32 75 in
360 872 74 75 fuch
463 872 18 75 a
505 872 129 75 manner
661 872 70 75 that
758 872 55 75 the
838 872 105 75 pollen
960 872 73 75 may
1049 872 78 75 with
1145 872 54 75 the

176 917 132 75 greateft
329 917 121 75 facility
467 917 56 75 fall
540 917 83 75 upon
641 917 55 75 the
720 917 110 75 ftigma
853 917 37 75 or
907 917 113 75 female
1043 917 111 75 organ.

221 963 23 75 “
273 963 31 75 3.
332 963 298 75 Tempus.—The
658 963 137 75 antherae
824 963 61 75 and
912 963 143 75 ftigmata
1081 963 117 75 always

172 1010 124 75 flourifh
314 1010 32 75 at
363 1010 54 75 the
445 1010 82 75 fame
550 1010 89 75 time,
665 1010 145 75 whether
826 1010 54 75 the
896 1010 124 75 flowers
1038 1010 38 75 be
1092 1010 39 75 of
1143 1010 55 75 the

176 1055 259 75 hermaphrodite
452 1055 37 75 or
505 1055 142 75 dioicous
664 1055 90 75 kind.

222 1102 22 75 “
272 1102 33 75 4.
326 1102 401 75 Localumenta.—When
743 1102 55 75 the
815 1102 138 75 antherae
970 1102 53 75 are
1040 1102 157 75 difleCted,

173 1146 78 75 they
266 1146 143 75 difcover
425 1146 32 75 as
475 1146 89 75 great
580 1146 19 75 a
615 1146 122 75 variety
753 1146 40 75 of
804 1146 150 75 ftrufture
977 1146 33 75 as
1036 1146 54 75 the
1114 1146 67 75 peri

174 1193 106 75 carpia
295 1193 37 75 or
348 1193 72 75 feed
436 1193 159 75 capfules:
616 1193 64 75 For
696 1193 85 75 fome
797 1193 39 75 of
847 1193 88 75 them
951 1193 79 75 have
1046 1193 61 75 one
1123 1193 74 75 cell,

174 1238 33 75 as
224 1238 53 75 the
295 1238 166 75 mercury;
493 1238 84 75 fome
593 1238 78 75 two,
689 1238 35 75 as
745 1238 55 75 the
821 1238 176 75 hellebore,

221 1284 24 75 “
274 1284 31 75 5.
330 1284 260 75 Cdftratio.—If
601 1284 40 75 all
660 1284 54 75 the
731 1284 137 75 antherae
895 1284 39 75 be
960 1284 54 75 cut
1039 1284 51 75 off
1113 1284 83 75 from

172 1330 40 75 an
236 1330 258 75 hermaphrodite
516 1330 100 75 plant,
638 1330 64 75 juft
717 1330 110 75 before
843 1330 55 75 the
914 1330 124 75 flowers
1056 1330 93 75 begin
1162 1330 34 75 to

171 1376 137 75 expand,
324 1376 111 75 takifig
451 1376 72 75 care
540 1376 32 75 at
588 1376 55 75 the
660 1376 81 75 fame
759 1376 76 75 time
852 1376 70 75 that
934 1376 41 75 no
987 1376 87 75 plant
1091 1376 39 75 of
1141 1376 55 75 the

172 1422 82 75 fame
270 1422 115 75 fpecies
402 1422 104 75 grows
522 1422 75 75 near
613 1422 38 75 it,
669 1422 54 75 the
735 1422 78 75 fruit
829 1422 66 75 will
911 1422 103 75 either
1030 1422 96 75 prove
1142 1422 54 75 en-

176 1467 95 75 tirely
288 1467 154 75 abortive,
468 1467 38 75 or
522 1467 138 75 produce
676 1467 111 75 barren
807 1467 101 75 feeds.

222 1515 24 75 “
274 1515 32 75 6.
334 1515 293 75 Figura.—When
651 1515 55 75 the
733 1515 104 75 pollen
864 1515 38 75 of
921 1515 148 75 different
1095 1515 102 75 plants

176 1558 25 75 is
226 1558 168 75 examined
417 1558 42 75 by
483 1558 55 75 the
561 1558 204 75 microfcope,
798 1558 24 75 it
849 1558 139 75 exhibits
1014 1558 33 75 as
1074 1558 90 75 great
1181 1558 19 75 a

174 1605 123 75 variety
320 1605 40 75 of
377 1605 117 75 figures
518 1605 33 75 as
576 1605 26 75 is
622 1605 213 75 difcoverable
857 1605 33 75 in
912 1605 55 75 the
990 1605 88 75 feeds
1095 1605 100 75 tbem-

175 1652 98 75 felves

223 1697 22 75 “
271 1697 77 75 The
364 1697 217 75 accumulated
598 1697 87 75 force
709 1697 41 75 of
772 1697 86 75 thefe
881 1697 217 75 arguments”,
1123 1697 75 75 con-

175 1742 108 75 cludes
293 1742 162 75 Linnaeus,
466 1742 24 75 “
501 1742 145 75 amounts
659 1742 35 75 to
706 1742 18 75 a
736 1742 58 75 full
807 1742 244 75 demonftration
1063 1742 69 75 that
1144 1742 54 75 the

177 1788 139 75 antherae
334 1788 51 75 are
402 1788 55 75 the
472 1788 102 75 teftes,
602 1788 62 75 and
679 1788 71 75 that
766 1788 55 75 the
837 1788 105 75 pollen
965 1788 27 75 is
1015 1788 56 75 the
1095 1788 104 75 femen

174 1833 38 75 or
229 1833 144 75 gemtura
388 1833 40 75 of
438 1833 193 75 vegetables.

225 1881 22 75 “
272 1881 77 75 The
372 1881 81 75 male
463 1881 98 75 organ
580 1881 93 75 being
689 1881 72 75 thus
779 1881 216 75 inveftigated,
1013 1881 48 75 we
1078 1881 119 75 hope,”

180 1927 69 75 fays
279 1927 161 75 Linnaeus,
474 1927 24 75 “
521 1927 69 75 that
613 1927 80 75 none
713 1927 65 75 will
799 1927 128 75 hefitate
958 1927 33 75 to
1018 1927 180 75 pronounce

176 1972 53 75 the
247 1972 108 75 ftigma
382 1972 34 75 to
438 1972 40 75 be
501 1972 55 75 the
579 1972 114 75 female
718 1972 110 75 organ,
853 1972 166 75 efpecially
1035 1972 92 75 when
1143 1972 55 75 the

174 2019 163 75 following
353 2019 214 75 obfervations
585 2019 52 75 are
654 2019 186 75 fufficitntly
856 2019 150 75 attended
1025 2019 47 75 to.

223 2069 22 75 “
271 2069 21 75 T
306 2069 40 75 he
363 2069 146 75 piftillum
537 2069 26 75 is
592 2069 167 75 compofed
786 2069 41 75 of
850 2069 54 75 the
921 2069 141 75 germen,
1087 2069 109 75 ftylus,

175 2109 60 75 and
254 2109 108 75 ftigma
422 2109 75 75 The
513 2109 129 75 germen
658 2109 93 75 being
767 2109 77 75 only
860 2109 18 75 a
894 2109 76 75 kind
985 2109 39 75 of
1037 2109 158 75 rudiment

175 2155 39 75 of
225 2155 55 75 the
297 2155 107 75 future
420 2155 95 75 foetus
532 2155 38 75 or
585 2155 83 75 feed,
694 2155 103 75 ceafes
825 2155 35 75 to
889 2155 80 75 exift
997 2155 32 75 as
1058 2155 74 75 foon
1161 2155 35 75 as

176 2202 55 75 the
246 2202 109 75 flower
372 2202 104 75 comes
494 2202 35 75 to
544 2202 165 75 maturity.
757 2202 137 75 Neither
918 2202 26 75 is
974 2202 61 75 the,
1045 2202 95 75 ftylus
1157 2202 40 75 an

175 2248 136 75 effential
332 2248 82 75 part,
439 2248 33 75 as
489 2248 94 75 many
599 2248 122 75 flowers
738 2248 79 75 have
844 2248 41 75 no
913 2248 107 75 ftylus.
1071 2248 66 75 But
1154 2248 41 75 no

175 2294 78 75 fruit
270 2294 73 75 ever
359 2294 104 75 comes
480 2294 34 75 to
530 2294 152 75 maturity
697 2294 137 75 without
850 2294 55 75 the
922 2294 151 75 afliftance
1090 2294 39 75 of
1141 2294 54 75 the

174 2340 122 75 ftigma.
350 2340 27 75 It
401 2340 138 75 follows,
564 2340 69 75 that
657 2340 54 75 the
733 2340 111 75 ftigma
859 2340 78 75 muft
953 2340 40 75 be
1009 2340 55 75 the
1081 2340 114 75 female

175 2386 96 75 organ
289 2386 135 75 adapted
441 2386 42 75 by
498 2386 112 75 nature
627 2386 49 75 for
693 2386 53 75 the
764 2386 159 75 reception
947 2386 40 75 of
1009 2386 55 75 the
1090 2386 104 75 pollen

174 2432 37 75 or
227 2432 229 75 impregnating
474 2432 170 75 fubftance.
704 2432 84 75 This
805 2432 65 75 will
888 2432 114 75 appear
1018 2432 59 75 ftill
1094 2432 93 75 clear-

174 2478 34 75 er
226 2478 82 75 from
324 2478 55 75 the
395 2478 165 75 following
579 2478 90 75 chain
689 2478 39 75 of
739 2478 173 75 reafoning.

222 2531 23 75 “
276 2531 11 75 1
297 2531 8 75 •
331 2531 228 75 Situs.—The
582 2531 142 75 ftigmata
745 2531 52 75 are
814 2531 116 75 always
947 2531 110 75 fituate
1073 2531 33 75 fo
1123 2531 69 75 that

173 2571 55 75 the
245 2571 106 75 pollen
367 2571 73 75 may
456 2571 77 75 with
550 2571 78 75 moft
644 2571 69 75 eafe
729 2571 56 75 fall
802 2571 82 75 upon
902 2571 99 75 them.
1051 2571 138 75 Befides,

173 2616 24 75 it
214 2616 26 75 is
259 2616 206 75 remarkable,
491 2616 69 75 that
584 2616 30 75 in
639 2616 78 75 moft
734 2616 102 75 plants
854 2616 135 75 (though
1009 2616 55 75 not
1082 2616 30 75 in
1129 2616 59 75 all)

172 2664 54 75 the
243 2664 132 75 number
391 2664 38 75 of
439 2664 56 75 the
512 2664 141 75 ftigmata
679 2664 124 75 exaCtly
820 2664 203 75 correiponds
1042 2664 76 75 with
1135 2664 56 75 the

170 2711 212 75 loculamenta
397 2711 37 75 or
454 2711 75 75 cells
549 2711 39 75 of
599 2711 54 75 the
670 2711 217 75 pericarpuim.

218 2763 24 75 “
262 2763 33 75 2.
315 2763 282 75 Tempus.—Here
609 2763 54 75 the
675 2763 206 75 obfervation,
897 2763 71 75 that
980 2763 54 75 the
1047 2763 143 75 ftigmata

170 2802 59 75 and
248 2802 136 75 antherae
402 2802 173 75 conftantly
590 2802 125 75 flourilh
739 2802 32 75 at
795 2802 54 75 the
872 2802 83 75 fame
975 2802 89 75 time,
1088 2802 26 75 is
1140 2802 49 75 re-

170 2848 125 75 peated.

217 2901 24 75 “
269 2901 33 75 3-
327 2901 335 75 Decidentia.—The
678 2901 142 75 ftigmata
840 2901 39 75 of
890 2901 78 75 moft
984 2901 116 75 plants,
1125 2901 62 75 like

169 2940 54 75 the
239 2940 150 75 aqtheras,
413 2940 101 75 decay
530 2940 60 75 and
608 2940 54 75 fall
679 2940 51 75 off
745 2940 32 75 as
795 2940 75 75 foon
887 2940 33 75 as
937 2940 76 75 they
1030 2940 78 75 have
1125 2940 59 75 dif-

167 2987 137 75 charged
319 2987 85 75 their
418 2987 115 75 proper
555 2987 162 75 function;
751 2987 106 75 which
884 2987 161 75 evidently
1071 2987 112 75 ftiows,

214 3034 95 75 Vol.
334 3034 30 75 I.
413 3034 123 75 Numb.
555 3034 43 75 27

1068 3034 17 75 3

1267 156 361 75 ANY.

2196 156 79 75 645

1246 222 69 75 that
1333 222 82 75 their
1432 222 94 75 office
1541 222 27 75 is
1584 222 58 75 not
1668 222 36 75 to
1728 222 88 75 ripen
1841 222 54 75 the
1913 222 90 75 fruit,
2028 222 58 75 but
2111 222 102 75 folely
2238 222 37 75 to

1247 269 118 75 anfwer
1391 269 55 75 the
1462 269 171 75 important
1650 269 133 75 purpofe
1799 269 39 75 of
1857 269 244 75 impregnation.

1295 317 23 75 “
1348 317 34 75 4.
1408 317 281 75 Abfcijfio.—The
1707 317 165 75 argument
1893 317 77 75 here
1994 317 27 75 is
2050 317 152 75 precifely
2218 317 56 75 the

1246 362 83 75 fame
1344 362 81 75 with
1441 362 55 75 the
1513 362 164 75 caftration
1695 362 39 75 of
1746 362 55 75 the
1818 362 138 75 antherae
1970 362 10 75 ;
2007 362 63 75 and
2096 362 55 75 the
2177 362 97 75 refuk

1245 408 25 75 is
1287 408 139 75 likewife
1443 408 54 75 the
1514 408 94 75 fame,
1634 408 137 75 namely,
1788 408 55 75 the
1859 408 187 75 deftrudion
2063 408 40 75 of
2114 408 54 75 the
2180 408 91 75 fruit.

1305 455 23 75 “
1364 455 108 75 Thefe
1506 455 220 75 arguments,”
1769 455 170 75 concludes
1967 455 165 75 Linnaeus,
2169 455 24 75 “
2219 455 54 75 are

1246 500 153 75 fufficient
1426 500 35 75 to
1485 500 223 75 demonftrate,
1733 500 69 75 that
1829 500 55 75 the
1909 500 108 75 ftigma
2033 500 26 75 is
2076 500 55 75 the
2159 500 114 75 female

1247 547 98 75 organ
1377 547 41 75 of
1444 547 196 75 generation,
1680 547 38 75 or
1749 547 71 75 that
1846 547 99 75 organ
1977 547 104 75 which
2114 547 27 75 is
2168 547 105 75 luited

1246 592 51 75 for
1314 592 55 75 the
1386 592 161 75 reception
1565 592 62 75 and
1655 592 198 75 conveyance
1885 592 41 75 of
1951 592 56 75 the
2030 592 103 75 ftmen
2157 592 35 75 to
2216 592 57 75 the

1246 640 167 75 vegetable
1429 640 88 75 eggs.
1566 640 125 75 Hence,
1724 640 103 75 plants
1855 640 73 75 may
1956 640 39 75 be
2026 640 66 75 faid
2119 640 35 75 to
2178 640 40 75 be
2235 640 37 75 in

1246 686 75 75 attu
1345 686 140 75 veneris,
1521 686 93 75 when
1642 686 54 75 the
1724 686 150 75 antherae,
1916 686 38 75 or
1982 686 145 75 tefticuli,
2160 686 112 75 fpread

1245 732 82 75 their
1345 732 105 75 pollen
1474 732 76 75 over
1579 732 55 75 the
1661 732 110 75 ftigma
1797 732 37 75 or
1862 732 114 75 female
2003 732 100 75 vulva
2120 732 21 75 ’'

1290 778 58 75 To
1364 778 83 75 fhow
1464 778 72 75 how
1553 778 55 75 the
1624 778 101 75 coitus
1747 778 40 75 of
1809 778 180 75 vegetables
2018 778 26 75 is
2072 778 146 75 effected,
2243 778 26 75 is

1247 824 58 75 our
1321 824 143 75 author’s
1489 824 79 75 next
1595 824 104 75 objeCt
1728 824 39 75 of
1789 824 230 75 inveftigation.
2068 824 53 75 He
2138 824 131 75 affirms,

1247 870 70 75 that
1334 870 54 75 the
1405 870 104 75 pollen
1526 870 25 75 is
1569 870 174 75 conveyed,
1769 870 43 75 by
1828 870 106 75 means
1952 870 38 75 of
2002 870 54 75 the
2069 870 84 75 wind
2169 870 37 75 or
2222 870 48 75 in-

1246 917 90 75 feCts,
1362 917 34 75 to
1414 917 54 75 the
1484 917 90 75 moift
1592 917 121 75 ftigma,
1739 917 106 75 where
1861 917 25 75 it
1903 917 132 75 remains
2059 917 80 75 until
2156 917 26 75 it
2206 917 63 75 dif-

1246 962 130 75 charges
1401 962 18 75 a
1447 962 112 75 fubtile
1586 962 89 75 fluid,
1701 962 117 75 which,
1845 962 93 75 being
1967 962 152 75 abforbed
2144 962 43 75 by
2214 962 55 75 the

1245 1009 108 75 veffels
1370 1009 39 75 of
1420 1009 55 75 the
1491 1009 121 75 ftigma,
1630 1009 27 75 is
1682 1009 121 75 carried
1821 1009 35 75 to
1879 1009 54 75 the
1953 1009 88 75 feeds
2059 1009 36 75 or
2110 1009 71 75 ova,
2208 1009 63 75 and

1245 1055 208 75 impregnates
1470 1055 100 75 them.
1619 1055 62 75 His
1701 1055 109 75 proofs
1828 1055 52 75 are
1897 1055 93 75 taken
2016 1055 85 75 from
2124 1055 55 75 the
2206 1055 63 75 fol-

1244 1101 117 75 lowing
1377 1101 197 75 particulars.

1292 1148 23 75 “
1346 1148 28 75 1.
1402 1148 288 75 Ocnlus.—When
1713 1148 55 75 the
1793 1148 124 75 flowers
1945 1148 54 75 are
2022 1148 32 75 in
2083 1148 60 75 full
2169 1148 98 75 blow,

1246 1193 61 75 and
1330 1193 55 75 the
1401 1193 105 75 pollen
1523 1193 98 75 flying
1644 1193 109 75 about,
1777 1193 97 75 every
1890 1193 61 75 one
1966 1193 73 75 may
2056 1193 74 75 then
2147 1193 50 75 fee
2213 1193 56 75 the

1244 1240 105 75 pollen
1365 1240 154 75 adhering
1536 1240 34 75 to
1599 1240 55 75 the
1684 1240 122 75 ftigma.
1854 1240 93 75 This_
1969 1240 41 75 he
2038 1240 166 75 illuftrates
2227 1240 44 75 by

1242 1287 195 75 mentioning
1453 1287 33 75 as
1503 1287 165 75 examples
1693 1287 54 75 the
1770 1287 85 75 viola
1876 1287 143 75 tricolor,
2044 1287 68 75 iris,
2137 1287 129 75 campa-

1245 1333 85 75 nula,
1357 1333 64 75 fcc.

1292 1381 23 75 “
1342 1381 34 75 2.
1402 1381 184 75 Proportio.
1595 1381 47 75 —
1650 1381 76 75 The
1752 1381 128 75 ftamina
1905 1381 61 75 and
1993 1381 124 75 piftilla,
2141 1381 31 75 in
2190 1381 79 75 moft

1243 1425 102 75 plants
1376 1425 53 75 are
1441 1425 38 75 of
1492 1425 94 75 equal
1600 1425 138 75 heights,
1756 1425 70 75 that
1838 1425 55 75 the
1907 1425 118 75 pollen,
2044 1425 41 75 by
2098 1425 54 75 the
2169 1425 97 75 inter-

1230 1471 2 75 '
1244 1471 127 75 vention
1388 1471 39 75 of
1438 1471 54 75 the
1509 1471 114 75 wind,.
1632 1471 83 75 may,
1741 1471 76 75 with
1835 1471 54 75 the
1906 1471 125 75 greater
2048 1471 135 75 facility,
2210 1471 57 75 fall

1245 1518 83 75 upon
1346 1518 55 75 the
1417 1518 120 75 ftigma.

1293 1567 22 75 “
1343 1567 32 75 3.
1403 1567 236 75 Locus.—The
1665 1567 128 75 ftamina
1819 1567 41 75 of
1880 1567 78 75 moft
1985 1567 102 75 plants
2112 1567 157 75 furround

1244 1611 55 75 the
1315 1611 161 75 piftillum,
1503 1611 34 75 to
1553 1611 71 75 give
1637 1611 54 75 the
1707 1611 105 75 pollen
1828 1611 39 75 ^n
1883 1611 206 75 opportunity
2105 1611 39 75 of
2155 1611 114 75 falling

1245 1655 39 75 on
1303 1655 54 75 the
1372 1655 110 75 ftigma
1498 1655 33 75 at
1547 1655 95 75 every
1654 1655 113 75 breeze
1779 1655 39 75 of
1830 1655 96 75 wind.
1975 1655 91 75 Even
2083 1655 31 75 in
2131 1655 55 75 the
2198 1655 69 75 mo-

1245 1703 102 75 noecia
1370 1703 90 75 clafs,
1485 1703 54 75 the
1568 1703 80 75 male
1675 1703 125 75 flowers
1816 1703 88 75 ftand
1919 1703 162 75 generally
2097 1703 99 75 above
2212 1703 56 75 the

1245 1750 113 75 female
1374 1750 89 75 ones,
1488 1750 36 75 to
1540 1750 104 75 afford
1665 1750 39 75 an
1728 1750 94 75 eafier
1844 1750 196 75 conveyance
2064 1750 40 75 of
2121 1750 55 75 the
2197 1750 69 75 pol-

1243 1795 51 75 len
1311 1795 34 75 to
1362 1795 55 75 the
1435 1795 120 75 ftigma.

1294 1843 21 75 “
1343 1843 32 75 4.
1404 1843 131 75 Tempus
1600 1843 31 75 It
1647 1843 27 75 is
1691 1843 195 75 remarkable
1903 1843 70 75 that
1989 1843 53 75 the
2060 1843 128 75 ftamina
2205 1843 63 75 and

1245 1888 112 75 piftilla
1372 1888 176 75 conftantly
1565 1888 115 75 appear
1696 1888 33 75 at
1744 1888 56 75 the
1815 1888 83 75 fame
1914 1888 88 75 time,
2021 1888 77 75 even
2114 1888 32 75 in
2161 1888 105 75 plants

1244 1934 168 75 belonging
1425 1934 34 75 to
1475 1934 55 75 the
1543 1934 154 75 monoecia
1708 1934 89 75 clafs.

1291 1982 22 75 “
1342 1982 16 75 5
1400 1982 263 75 Pluvial.—The
1680 1982 123 75 flowers
1820 1982 40 75 of
1870 1982 79 75 moft
1966 1982 102 75 plants
2083 1982 125 75 expand
2221 1982 46 75 by

1242 2027 55 75 the
1310 2027 72 75 heat
1399 2027 39 75 of
1450 2027 54 75 the
1520 2027 66 75 fun,
1614 2027 62 75 and
1691 2027 69 75 ffiut
1776 2027 186 75 themfelves
1985 2027 41 75 up
2050 2027 30 75 in
2098 2027 55 75 the
2170 2027 94 75 even-

1243 2071 53 75 ing
1312 2071 37 75 or
1371 2071 33 75 in
1422 2071 88 75 rainy
1525 2071 153 75 weather.
1725 2071 77 75 The
1825 2071 73 75 final
1925 2071 90 75 caufe
2037 2071 40 75 of
2098 2071 63 75 this
2186 2071 81 75 muft

1243 2121 48 75 be,
1318 2121 35 75 to
1369 2121 80 75 keep
1466 2121 55 75 the
1543 2121 147 75 moifture
1717 2121 84 75 from
1824 2121 55 75 the
1900 2121 117 75 pollen,
2041 2121 54 75 left
2112 2121 24 75 it
2154 2121 111 75 fiiould

1243 2164 39 75 be
1299 2164 133 75 thereby
1450 2164 198 75 coagulated,
1674 2164 61 75 and
1747 2164 38 75 of
1797 2164 107 75 courfe
1920 2164 172 75 prevented
2108 2164 83 75 from
2209 2164 54 75 be-

1243 2211 53 75 ing
1312 2211 105 75 blown
1434 2211 84 75 upon
1535 2211 54 75 the
1605 2211 121 75 ftigma.

1290 2263 23 75 “
1338 2263 34 75 6.
1398 2263 338 75 Patmicolee.—That
1755 2263 55 75 the
1827 2263 184 75 cultivators
2029 2263 39 75 of
2079 2263 82 75 palm
2179 2263 83 75 trees

1242 2305 81 75 were
1339 2305 32 75 in
1394 2305 52 75 ufe
1462 2305 35 75 to
1513 2305 66 75 pull
1603 2305 51 75 off
1673 2305 53 75 the
1744 2305 137 75 fpadices
1898 2305 84 75 from
1999 2305 54 75 the
2071 2305 108 75 males,
2198 2305 63 75 and

1243 2351 129 75 fufpend
1388 2351 87 75 them
1494 2351 75 75 over
1582 2351 54 75 the
1661 2351 114 75 fpathse
1792 2351 39 75 of
1850 2351 54 75 the
1921 2351 141 75 females,
2088 2351 26 75 is
2131 2351 132 75 aoefted

1243 2396 44 75 by
1300 2396 251 75 Theophraftus,
1569 2396 106 75 Pliny,
1692 2396 134 75 Profper
1843 2396 146 75 Alpinus,
2015 2396 166 75 Kempfer,
2200 2396 62 75 and

1242 2445 93 75 many
1351 2445 120 75 others.
1519 2445 37 75 If
1575 2445 63 75 this
1662 2445 162 75 operation
1840 2445 163 75 happened
2020 2445 34 75 to
2070 2445 39 75 be
2124 2445 138 75 neglect-

1241 2489 50 75 ed,
1316 2489 56 75 the
1388 2489 88 75 dates
1494 2489 82 75 were
1593 2489 71 75 four
1687 2489 61 75 and
1768 2489 148 75 deftitute
1940 2489 40 75 of
1998 2489 84 75 nuts.
2138 2489 121 75 Kemp-

1240 2536 48 75 fer
1304 2536 78 75 adds
1398 2536 63 75 this
1485 2536 134 75 Angular
1645 2536 233 75 circumftance,
1903 2536 71 75 that
1997 2536 59 75 the
2083 2536 81 75 male
2189 2536 69 75 fpa-

1239 2582 68 75 dix,
1333 2582 83 75 after
1431 2582 93 75 being
1540 2582 193 75 thoroughly
1750 2582 91 75 dried
1857 2582 61 75 and
1933 2582 77 75 kept
2032 2582 48 75 till
2098 2582 76 75 next
2190 2582 72 75 fea-

1237 2628 76 75 fon,-
1328 2628 58 75 ftill
1405 2628 139 75 retained
1558 2628 42 75 its
1617 2628 229 75 impregnating
1861 2628 115 75 virtue.

1284 2676 22 75 “
1332 2676 33 75 7.
1392 2676 106 75 Flores
1519 2676 261 75 nutaiites.—As
1803 2676 54 75 the
1884 2676 104 75 pollen
2018 2676 26 75 is
2068 2676 190 75 fpecifically

1234 2721 125 75 heavier
1387 2721 75 75 than
1490 2721 58 75 air,
1581 2721 75 75 fuch
1683 2721 124 75 flowers
1832 2721 33 75 as
1893 2721 80 75 have
1999 2721 83 75 their
2108 2721 149 75 piftillum

1234 2767 110 75 longer
1366 2767 76 75 than
1458 2767 55 75 the
1540 2767 138 75 ftamina,
1703 2767 84 75 hang
1813 2767 107 75 down,
1946 2767 36 75 or
1997 2767 115 75 incline
2139 2767 34 75 to
2195 2767 61 75 one

1235 2813 73 75 fide,
1335 2813 27 75 e.
1374 2813 37 75 g.
1436 2813 55 75 the
1508 2813 168 75 fritillaria,
1695 2813 194 75 campanula,
1916 2813 64 75 &c.
2030 2813 51 75 An
2104 2813 72 75 eafy
2200 2813 56 75 ad-

1235 2860 115 75 niiinon
1367 2860 40 75 of
1417 2860 54 75 the
1488 2860 104 75 pollen
1609 2860 34 75 to
1660 2860 54 75 the
1730 2860 121 75 ftigma,
1876 2860 26 75 is
1929 2860 53 75 the
2010 2860 72 75 final
2109 2860 90 75 caufe
2221 2860 42 75 of

1218 2909 4 75 .
1235 2909 64 75 this
1316 2909 203 75 appearance.

1332 2955 33 75 %.
1390 2955 325 75 Subrnerji.—Many
1740 2955 103 75 plants
1868 2955 72 75 that;
1957 2955 90 75 grow
2072 2955 104 75 below
2193 2955 63 75 wa-

1229 2999 61 75 ter,
1316 2999 125 75 emerge
1458 2999 92 75 when
1566 2999 83 75 their
1664 2999 124 75 flowers
1805 2999 92 75 begin
1921 2999 35 75 to
1972 2999 96 75 blow,
2093 2999 61 75 and
2170 2999 88 75 fwim

1741 3050 19 75 8
1785 3050 35 75 A

1968 3050 6 75 •

2175 3050 85 75 upon
