2493 3387
195 183 86 75 ^6

765 183 496 75 ASTRO

196 255 106 75 earth,
318 255 109 75 would
438 255 39 75 be
490 255 42 75 up
544 255 36 75 to
591 255 57 75 the
659 255 195 75 inhabitants
867 255 41 75 on
928 255 55 75 the
1002 255 140 75 oppofite
1157 255 77 75 fide.

196 302 79 75 For,
294 302 55 75 the
357 302 195 75 inhabitants
565 302 33 75 n,
612 302 23 75 i,
653 302 31 75 e,
702 302 45 75 m,
764 302 28 75 s,
805 302 33 75 o,
852 302 35 75 q,
900 302 24 75 1,
944 302 109 75 (Plate
1061 302 171 75 XXXIX.

195 350 56 75 fig.
263 350 52 75 6.)
335 350 88 75 (land
436 350 78 75 with
527 350 83 75 their
623 350 66 75 feet
701 350 141 75 towards
855 350 56 75 the
923 350 120 75 earth’s
1061 350 108 75 centre
1186 350 47 75 6’;

196 396 64 75 and
276 396 80 75 have
373 396 55 75 the
444 396 84 75 fame
545 396 101 75 figure
659 396 40 75 of
710 396 68 75 Iky,
798 396 50 75 N,
862 396 25 75 /,
901 396 43 75 E,
958 396 57 75 M,
1029 396 39 75 S,
1082 396 39 75 0,
1135 396 57 75 §>_,
1210 396 24 75 L

196 442 77 75 over
295 442 85 75 their
401 442 113 75 heads.
571 442 183 75 Therefore
777 442 64 75 the
857 442 90 75 point
964 442 25 75 S
1006 442 26 75 is
1050 442 33 75 as
1100 442 136 75 diredly

197 489 131 75 upward
340 489 36 75 to
387 489 56 75 the
456 489 178 75 inhabitant
654 489 47 75 (s)
720 489 42 75 on
775 489 55 75 the
846 489 93 75 fouth
956 489 85 75 pole,
1059 489 34 75 as
1108 489 43 75 N
1162 489 26 75 is
1202 489 34 75 to

196 536 56 75 the
268 536 178 75 inhabitant
465 536 21 75 n
502 536 41 75 on
560 536 55 75 the
632 536 95 75 north
744 536 73 75 pole
831 536 11 75 ;
868 536 34 75 fo
919 536 27 75 is
962 536 31 75 v?
1013 536 36 75 to
1065 536 56 75 the
1146 536 89 75 inha-

196 582 104 75 bitant
318 582 29 75 e,
373 582 155 75 fuppofed
545 582 34 75 to
597 582 39 75 be
654 582 41 75 on
713 582 54 75 the
785 582 95 75 north
897 582 64 75 end
976 582 41 75 of
1039 582 107 75 Peru;
1174 582 62 75 and

196 629 89 75 ^to
301 629 56 75 the
374 629 139 75 oppofite
529 629 179 75 inhabitant
725 629 22 75 q
764 629 40 75 on
818 629 55 75 the
886 629 120 75 middle
1017 629 41 75 of
1070 629 55 75 the
1137 629 98 75 ifland

195 675 43 75 of
258 675 161 75 Sumatra.
469 675 92 75 Each
586 675 37 75 of
643 675 89 75 thefe
757 675 163 75 obfervers
937 675 27 75 is
981 675 158 75 furprifed
1163 675 71 75 that

193 723 52 75 Ids
263 723 139 75 oppofite
419 723 37 75 or
479 723 150 75 antipode
650 723 59 75 can
725 723 90 75 ftand
832 723 79 75 with
927 723 54 75 his
996 723 83 75 head
1094 723 140 75 hanging

195 770 216 75 downwards.
461 770 66 75 But
539 770 45 75 let
596 770 103 75 either
717 770 41 75 go
771 770 35 75 to
826 770 55 75 the
900 770 106 75 other,
1032 770 63 75 and
1111 770 41 75 he
1170 770 65 75 will

194 816 59 75 tell
270 816 67 75 him
349 816 71 75 that
440 816 42 75 he
498 816 93 75 flood
606 816 33 75 as
657 816 129 75 upright
804 816 62 75 and
882 816 72 75 firm
971 816 85 75 upon
1072 816 56 75 the
1145 816 90 75 place

194 864 109 75 where
314 864 42 75 he
369 864 77 75 was,
464 864 33 75 as
511 864 40 75 he
569 864 72 75 now
653 864 105 75 ftands
776 864 107 75 where
894 864 42 75 he
949 864 49 75 is.'
1024 864 57 75 To
1093 864 42 75 all
1148 864 87 75 thefe

195 910 178 75 obfervers,
399 910 57 75 the
471 910 70 75 fun,
567 910 109 75 moon,
702 910 63 75 and
780 910 90 75 ftars,
888 910 83 75 feem
987 910 36 75 to
1040 910 74 75 turn
1131 910 104 75 round

195 957 57 75 the
269 957 107 75 points
394 957 44 75 N
449 957 61 75 and
528 957 39 75 S,
584 957 32 75 as
631 957 55 75 the
702 957 89 75 poles
805 957 39 75 of
856 957 55 75 the
929 957 86 75 fixed
1032 957 70 75 axis
1122 957 110 75 NCS;

195 1004 132 75 becaufe
341 1004 55 75 the
409 1004 91 75 earth
513 1004 78 75 does
604 1004 98 75 really
716 1004 74 75 turn
806 1004 105 75 round
926 1004 56 75 the
999 1004 237 75 mathematical

194 1050 65 75 line
277 1050 62 75 nCs
365 1050 33 75 as
416 1050 104 75 round
537 1050 38 75 an
594 1050 82 75 axis,
703 1050 40 75 of
762 1050 104 75 which
886 1050 19 75 n
923 1050 26 75 is
968 1050 54 75 the
1039 1050 96 75 north
1150 1050 86 75 pole,

197 1098 62 75 and
271 1098 15 75 s
295 1098 56 75 the
358 1098 94 75 fouth
462 1098 85 75 pole.
580 1098 77 75 The
669 1098 179 75 inhabitant
859 1098 34 75 C/
909 1098 195 75 (PlateXL.
1115 1098 55 75 fig.
1185 1098 49 75 i.)

194 1145 117 75 affirms
324 1145 122 75 thathe
462 1145 26 75 is
506 1145 41 75 on
564 1145 56 75 the
637 1145 179 75 uppermofl
832 1145 63 75 fide
919 1145 40 75 of
969 1145 57 75 the
1049 1145 105 75 earth,
1172 1145 64 75 and

193 1191 147 75 wonders
357 1191 75 75 how
447 1191 134 75 another
593 1191 32 75 at
643 1191 23 75 L
679 1191 57 75 can
749 1191 88 75 ftand
852 1191 42 75 on
911 1191 56 75 the
979 1191 181 75 undermoft
1172 1191 63 75 fide

193 1238 83 75 with
291 1238 50 75 his
359 1238 83 75 head
459 1238 140 75 hanging
610 1238 215 75 downwards.
875 1238 67 75 But
961 1238 43 75 U,
1022 1238 32 75 in
1070 1238 55 75 the
1142 1238 92 75 mean

193 1285 91 75 time,
304 1285 122 75 forgets
436 1285 70 75 that
523 1285 31 75 in
571 1285 115 75 twelve
702 1285 99 75 hours
819 1285 77 75 time
911 1285 42 75 he
972 1285 64 75 will
1054 1285 39 75 be
1110 1285 124 75 carried

191 1331 76 75 half
279 1331 104 75 round
400 1331 77 75 with
501 1331 56 75 the
573 1331 104 75 earth’,
704 1331 61 75 and
788 1331 77 75 then
884 1331 38 75 be
940 1331 30 75 in
993 1331 55 75 the
1065 1331 77 75 very
1160 1331 75 75 fitu-

190 1378 89 75 ation
298 1378 71 75 that
382 1378 29 75 L
428 1378 72 75 now
516 1378 39 75 is,
582 1378 154 75 although
754 1378 34 75 as
806 1378 49 75 far
871 1378 84 75 from
973 1378 67 75 him
1058 1378 33 75 as
1105 1378 124 75 before.

191 1426 80 75 And
291 1426 66 75 yet,
382 1426 92 75 when
493 1426 32 75 U
537 1426 105 75 comes
655 1426 104 75 there,
777 1426 40 75 he
834 1426 65 75 will
918 1426 65 75 find
999 1426 44 75 no
1058 1426 173 75 difference

191 1471 35 75 as
244 1471 34 75 to
295 1471 50 75 his
363 1471 129 75 manner
508 1471 41 75 of
562 1471 164 75 ftanding;
753 1471 78 75 only
846 1471 42 75 he
905 1471 67 75 will
990 1471 49 75 fee
1056 1471 55 75 the
1130 1471 99 75 oppo-

191 1519 57 75 fite
261 1519 74 75 half
346 1519 40 75 of
397 1519 56 75 the
469 1519 150 75 heavens,
645 1519 62 75 and
723 1519 138 75 imagine
878 1519 57 75 the
950 1519 138 75 heavens
1105 1519 35 75 to
1151 1519 84 75 have

190 1566 85 75 gone
288 1566 73 75 half
373 1566 105 75 round
494 1566 55 75 the
566 1566 105 75 earth.

240 1612 111 75 Wheh
368 1612 48 75 we
433 1612 51 75 fee
508 1612 19 75 a
552 1612 95 75 globe
663 1612 89 75 hung
775 1612 42 75 up
834 1612 32 75 in
884 1612 18 75 a
918 1612 103 75 room,
1048 1612 49 75 we
1114 1612 116 75 cannot

191 1659 76 75 help
285 1659 175 75 imagining
476 1659 26 75 it
529 1659 36 75 to
591 1659 82 75 have
697 1659 39 75 an
761 1659 100 75 upper
884 1659 64 75 and
972 1659 39 75 an
1036 1659 102 75 under
1154 1659 75 75 fide,

190 1705 64 75 and
271 1705 218 75 immediately
505 1705 84 75 form
617 1705 18 75 a
662 1705 65 75 like
756 1705 72 75 idea
855 1705 41 75 of
918 1705 55 75 the
1000 1705 93 75 earth
1108 1705 9 75 ;
1145 1705 88 75 from

190 1753 132 75 whence
340 1753 48 75 we
405 1753 168 75 conclude,
591 1753 72 75 that
679 1753 26 75 it
720 1753 27 75 is
765 1753 33 75 as
815 1753 173 75 impoffible
1000 1753 53 75 for
1070 1753 111 75 people
1195 1753 38 75 to

189 1799 90 75 ftand
296 1799 41 75 on
355 1799 56 75 the
426 1799 103 75 under
546 1799 63 75 fide
625 1799 39 75 of
675 1799 57 75 the
748 1799 104 75 earth,
878 1799 34 75 as
929 1799 52 75 for
993 1799 132 75 pebbles
1141 1799 35 75 to
1187 1799 43 75 lie

188 1846 44 75 on
248 1846 57 75 the
333 1846 101 75 under
464 1846 64 75 fide
545 1846 40 75 of
608 1846 19 75 a
654 1846 149 75 common
820 1846 108 75 globe,
954 1846 107 75 which
1077 1846 152 75 inftantly

187 1892 60 75 fall
265 1892 95 75 down
377 1892 89 75 from
478 1892 26 75 it
522 1892 36 75 to
585 1892 55 75 the
669 1892 147 75 ground;
843 1892 63 75 and
933 1892 74 75 well
1035 1892 78 75 they
1141 1892 89 75 may,

188 1940 133 75 becaufe
337 1940 56 75 the
410 1940 168 75 attraction
610 1940 41 75 of
673 1940 56 75 the
750 1940 103 75 earth,
879 1940 95 75 being
997 1940 128 75 greater
1149 1940 78 75 than

187 1986 58 75 the
273 1986 168 75 attradion
468 1986 41 75 of
525 1986 57 75 the
599 1986 109 75 globe,
732 1986 83 75 pulls
833 1986 89 75 them
938 1986 103 75 away.
1107 1986 69 75 Juft
1192 1986 35 75 fo

187 2033 111 75 would
315 2033 38 75 be
371 2033 55 75 the
443 2033 68 75 cafe
527 2033 80 75 with
624 2033 61 75 our
701 2033 104 75 earth,
830 2033 31 75 if
872 2033 25 75 it
913 2033 84 75 were
1021 2033 113 75 placed
1151 2033 76 75 near

188 2079 20 75 a
235 2079 94 75 globe
358 2079 94 75 much
474 2079 111 75 bigger
601 2079 78 75 than
706 2079 98 75 itfelf,
829 2079 76 75 fuch
936 2079 33 75 as
998 2079 148 75 Jupiter;
1174 2079 52 75 for

186 2127 78 75 then
282 2127 25 75 it
323 2127 108 75 would
449 2127 100 75 really
564 2127 83 75 have
675 2127 39 75 an
739 2127 100 75 upper
867 2127 63 75 and
957 2127 39 75 an
1021 2127 101 75 under
1149 2127 77 75 fide,

187 2173 80 75 with
286 2173 118 75 refped
421 2173 35 75 to
472 2173 73 75 that
571 2173 88 75 large
687 2173 117 75 globe;
831 2173 119 75 which,
976 2173 45 75 by
1048 2173 42 75 its
1107 2173 118 75 attrac-

187 2220 83 75 tion,
296 2220 109 75 would
421 2220 68 75 pull
507 2220 91 75 away
614 2220 94 75 every
726 2220 93 75 thing
836 2220 85 75 from
937 2220 56 75 the
1021 2220 64 75 fide
1113 2220 40 75 of
1171 2220 56 75 the

188 2266 92 75 earth
297 2266 79 75 next
393 2266 37 75 to
444 2266 48 75 it;
519 2266 62 75 and
598 2266 76 75 only
691 2266 91 75 thofe
798 2266 41 75 on
855 2266 56 75 the
927 2266 56 75 top
1001 2266 40 75 of
1054 2266 56 75 the
1126 2266 100 75 oppo-

187 2312 56 75 fite
260 2312 38 75 or
314 2312 101 75 upper
442 2312 61 75 fide
524 2312 97 75 could
644 2312 121 75 remain
779 2312 86 75 upon
882 2312 37 75 it.
984 2312 67 75 But
1079 2312 92 75 there
1199 2312 27 75 is

176 2360 53 75 .no
246 2360 106 75 larger
368 2360 104 75 globe,
480 2360 76 75 near
573 2360 125 75 enough
716 2360 61 75 our
804 2360 92 75 earth
924 2360 36 75 to
987 2360 170 75 overcome
1184 2360 42 75 its

187 2407 120 75 central
327 2407 167 75 attradion
507 2407 10 75 ;
556 2407 63 75 and
636 2407 166 75 therefore
814 2407 25 75 it
857 2407 57 75 has
932 2407 41 75 no
990 2407 77 75 fuch
1083 2407 93 75 thing
1193 2407 34 75 as

188 2453 40 75 an
246 2453 99 75 upper
363 2453 62 75 and
446 2453 41 75 an
512 2453 103 75 under
643 2453 85 75 fide;
756 2453 52 75 for
824 2453 45 75 all
886 2453 124 75 bodies,
1037 2453 41 75 on
1097 2453 37 75 or
1150 2453 77 75 near

186 2500 45 75 its
255 2500 136 75 furface,
419 2500 84 75 even
531 2500 36 75 to
598 2500 57 75 the
682 2500 110 75 moon,
828 2500 326 75 gravitate-^towards
1185 2500 42 75 its

187 2547 123 75 centre.

235 2594 76 75 The
335 2594 119 75 earth’s
470 2594 79 75 bulk
576 2594 27 75 is
631 2594 60 75 but
718 2594 19 75 a
746 2594 4 75 .
760 2594 103 75 point,
888 2594 35 75 as
938 2594 71 75 that
1026 2594 87 75 atC,
1139 2594 87 75 com-

186 2641 102 75 pared
315 2641 36 75 to
377 2641 56 75 the
460 2641 159 75 heavens;
648 2641 62 75 and
732 2641 163 75 therefore
924 2641 96 75 every
1047 2641 180 75 inhabitant

188 2687 85 75 upon
292 2687 38 75 it,
356 2687 45 75 let
418 2687 67 75 him
501 2687 40 75 be
558 2687 107 75 where
681 2687 43 75 he
742 2687 79 75 will,
847 2687 34 75 as
898 2687 32 75 at
947 2687 33 75 n,
998 2687 30 75 e,
1047 2687 45 75 m,
1110 2687 28 75 s>
1162 2687 62 75 &c.

186 2734 66 75 fees
277 2734 74 75 half
370 2734 40 75 of
437 2734 56 75 the
524 2734 150 75 heavens.
723 2734 78 75 The
833 2734 193 75 inhabitant:
1042 2734 33 75 n,
1101 2734 43 75 on
1168 2734 61 75 the

186 2780 98 75 north
302 2780 71 75 pole
390 2780 41 75 of
442 2780 55 75 the
516 2780 105 75 earth,
647 2780 177 75 conftantly
850 2780 65 75 fees
942 2780 56 75 the
1025 2780 200 75 hemifphere

187 2826 139 75 EiViT;
358 2826 62 75 and
444 2826 119 75 having
589 2826 57 75 the
663 2826 97 75 north
776 2826 73 75 pole
879 2826 45 75 N
944 2826 40 75 of
1006 2826 56 75 the
1086 2826 148 75 heavens-

182 2874 67 75 juft
266 2874 78 75 over
354 2874 49 75 his
420 2874 96 75 head,
534 2874 49 75 his
600 2874 135 75 horizon
753 2874 160 75 coincides
925 2874 80 75 with
1016 2874 58 75 the
1086 2874 137 75 celeftial

192 2920 135 75 equator
342 2920 106 75 ECQj.
497 2920 217 75 Therefore,..
722 2920 43 75 all
782 2920 55 75 the
854 2920 77 75 ftars
947 2920 32 75 in
997 2920 56 75 the
1069 2920 161 75 northern;

186 2968 199 75 hemifphere
402 2968 132 75 EN^J,
560 2968 144 75 between
717 2968 56 75 the
789 2968 137 75 equator
942 2968 64 75 and
1021 2968 96 75 north
1134 2968 102 75 pole,,

185 3012 118 75 appear
318 3012 35 75 to
371 3012 73 75 turn
470 3012 104 75 round
601 3012 55 75 the
679 3012 64 75 line
778 3012 71 75 JVC,
874 3012 132 75 moving
1028 3012 131 75 parallel
1186 3012 36 75 to

187 3062 239 75 tbsJiorizon.,.
456 3062 77 75 The
557 3062 19 75 e
581 3062 164 75 quatoreal
761 3062 77 75 ftars
854 3062 81 75 keep
951 3062 34 75 m
1000 3062 55 75 the
1070 3062 150 75 horizon,

1341 181 44 75 N
1463 181 43 75 O
1584 181 49 75 M
1710 181 55 75 Y.

1283 251 62 75 and
1361 251 43 75 all
1421 251 89 75 thofe
1526 251 33 75 in
1576 251 55 75 the
1659 251 152 75 fouthern
1832 251 382 75 hemifphere-are
2239 251 80 75 invi-

1282 297 89 75 fible.
1419 297 77 75 The
1514 297 65 75 like
1596 297 199 75 phenomena
1811 297 54 75 are
1881 297 71 75 feen
1971 297 43 75 by
2031 297 56 75 the
2104 297 149 75 obferver
2271 297 48 75 (s)

1284 344 42 75 on
1343 344 56 75 the
1415 344 93 75 fouth
1525 344 87 75 pole,
1636 344 78 75 with
1732 344 118 75 refped
1861 344 37 75 to
1913 344 56 75 the
1986 344 198 75 hemifphere
2195 344 125 75 ESg>_;

1285 392 63 75 and
1363 392 35 75 to
1414 392 68 75 him
1498 392 57 75 the
1571 392 141 75 oppofite
1739 392 199 75 hemifphere
1967 392 25 75 is
2021 392 119 75 always
2166 392 155 75 invifible.

1284 439 126 75 Hence,
1435 439 101 75 under
1553 439 104 75 either
1673 439 85 75 pole,
1784 439 76 75 only
1884 439 74 75 half
1985 439 40 75 of
2047 439 56 75 the
2130 439 137 75 heavens
2295 439 28 75 is

1284 485 94 75 feen;
1405 485 51 75 for
1475 485 91 75 thofe
1583 485 87 75 parts
1688 485 106 75 which
1812 485 53 75 are
1893 485 79 75 once
1996 485 109 75 vifible
2133 485 97 75 never
2260 485 62 75 fet,

1285 532 61 75 and
1363 532 90 75 thofe
1471 532 107 75 which
1603 532 54 75 are
1684 532 80 75 once
1788 532 140 75 invifible
1945 532 96 75 never
2060 532 73 75 rife.
2181 532 68 75 But
2266 532 57 75 the

1284 579 130 75 ecliptic
1431 579 98 75 TCX,
1555 579 38 75 or
1609 579 88 75 orbit
1713 579 105 75 which
1836 579 55 75 the
1907 579 55 75 fun
1980 579 131 75 appears
2129 579 35 75 to
2180 579 142 75 defcribe

1283 627 80 75 once
1380 627 18 75 a
1415 627 76 75 year
1508 627 42 75 by
1567 627 56 75 the
1651 627 121 75 earth’s
1800 627 114 75 annual
1943 627 136 75 motion,
2105 627 57 75 has
2179 627 63 75 the
2251 627 76 75 half

1284 673 54 75 YC
1351 673 176 75 conftantly
1543 673 102 75 above
1661 673 56 75 the
1733 673 137 75 horizon
1886 673 107 75 EC§>_
2004 673 40 75 of
2063 673 56 75 the
2136 673 95 75 north
2249 673 73 75 pole

1285 719 19 75 n
1317 719 9 75 ;
1353 719 63 75 and
1433 719 55 75 the
1504 719 96 75 other
1616 719 73 75 half
1701 719 62 75 CX
1779 719 120 75 always
1916 719 105 75 below
2037 719 38 75 it.
2123 719 198 75 Therefore,

1285 766 103 75 whilft
1405 766 55 75 the
1476 766 56 75 fun
1550 766 158 75 defcribes
1726 766 56 75 the
1799 766 154 75 northern
1977 766 75 75 half
2069 766 54 75 YC
2141 766 44 75 pf
2204 766 55 75 the
2286 766 34 75 e-

1285 813 120 75 cliptic,
1430 813 40 75 he
1488 813 125 75 neither
1625 813 62 75 fets
1701 813 35 75 to
1752 813 57 75 the
1825 813 96 75 north
1939 813 86 75 pole,
2044 813 57 75 nor
2118 813 77 75 rifes
2213 813 34 75 to
2264 813 57 75 the

1284 860 115 75 fouth;
1425 860 63 75 and
1504 860 102 75 whilft
1622 860 41 75 he
1680 860 159 75 defcribes
1856 860 55 75 the
1931 860 150 75 fouthern
2104 860 76 75 half
2191 860 70 75 CX,
2280 860 42 75 he

1285 907 125 75 neither
1431 907 63 75 fets
1521 907 35 75 to
1581 907 55 75 the
1659 907 91 75 fouth
1778 907 72 75 pole
1874 907 60 75 nor
1962 907 76 75 rifes
2067 907 35 75 to
2130 907 55 75 the
2210 907 110 75 north.

1284 954 77 75 The
1378 954 82 75 fame
1477 954 108 75 things
1603 954 54 75 are
1674 954 71 75 true
1761 954 79 75 with
1857 954 120 75 refped
1994 954 34 75 to
2046 954 55 75 the
2119 954 117 75 moon;
2262 954 60 75 on-

1284 1001 35 75 ly
1335 1001 78 75 with
1432 1001 64 75 this
1512 1001 185 75 difference,
1722 1001 71 75 that
1810 1001 33 75 as
1860 1001 55 75 the
1943 1001 56 75 fun
2027 1001 158 75 defcribes
2212 1001 56 75 the
2286 1001 34 75 e-

1285 1048 109 75 cliptic
1410 1048 59 75 but
1484 1048 79 75 once
1579 1048 20 75 a
1615 1048 87 75 year,
1726 1048 42 75 he
1783 1048 27 75 is
1827 1048 51 75 for
1894 1048 73 75 half
1979 1048 71 75 that
2066 1048 77 75 time
2159 1048 109 75 vifible
2284 1048 37 75 to

1285 1094 78 75 each
1381 1094 73 75 pole
1476 1094 37 75 in,
1530 1094 42 75 its
1596 1094 87 75 turn,
1708 1094 63 75 and
1788 1094 33 75 as
1836 1094 79 75 long
1938 1094 163 75 invifible;
2138 1094 58 75 but
2213 1094 34 75 as
2264 1094 57 75 the

1285 1141 96 75 moon
1409 1141 77 75 goes
1503 1141 103 75 round
1622 1141 55 75 the
1692 1141 128 75 ecliptic
1836 1141 32 75 in
1887 1141 42 75 27
1948 1141 80 75 days
2046 1141 20 75 8
2083 1141 112 75 hours,
2220 1141 53 75 fhe
2293 1141 27 75 is

1284 1187 77 75 only
1376 1187 109 75 yifible
1501 1187 52 75 for
1574 1187 39 75 13
1632 1187 79 75 days
1733 1187 39 75 16
1790 1187 111 75 hours,
1927 1187 62 75 and
2017 1187 33 75 as
2074 1187 77 75 long
2177 1187 143 75 invifible

1284 1234 34 75 to
1334 1234 77 75 each
1429 1234 73 75 pole
1518 1234 43 75 by
1578 1234 103 75 turns.
1732 1234 56 75 All
1805 1234 55 75 the
1885 1234 124 75 planets
2025 1234 139 75 likewife
2181 1234 58 75 rife
2256 1234 64 75 and

1283 1281 46 75 fet
1345 1281 35 75 to
1397 1281 55 75 the
1469 1281 101 75 poles,
1596 1281 132 75 becaufe
1745 1281 86 75 their
1847 1281 101 75 orbits
1966 1281 52 75 are
2037 1281 54 75 cut
2107 1281 166 75 obliquely
2285 1281 34 75 in

1282 1328 110 75 halves
1416 1328 44 75 by
1482 1328 56 75 the
1564 1328 138 75 horizon
1720 1328 39 75 of
1771 1328 55 75 the
1842 1328 103 75 poles.
1994 1328 113 75 When
2125 1328 53 75 the
2195 1328 56 75 fun
2270 1328 49 75 (in

1282 1375 49 75 his
1352 1375 152 75 apparent
1520 1375 71 75 way
1608 1375 84 75 from
1712 1375 49 75 X)
1780 1375 119 75 arrives
1915 1375 32 75 at
1972 1375 38 75 C,
2035 1375 106 75 which
2159 1375 27 75 is
2203 1375 41 75 on
2261 1375 58 75 the

1284 1423 81 75 20th
1382 1423 40 75 of
1444 1423 132 75 March,
1602 1423 40 75 he
1658 1423 27 75 is
1699 1423 64 75 juft
1780 1423 92 75 riling
1891 1423 35 75 to
1942 1423 40 75 an
1998 1423 147 75 obferver
2162 1423 21 75 n
2200 1423 42 75 on
2259 1423 57 75 the

1283 1469 96 75 north
1394 1469 87 75 pole,
1500 1469 62 75 and
1578 1469 118 75 letting
1712 1469 36 75 to
1760 1469 134 75 another
1907 1469 31 75 at
1956 1469 17 75 s
1997 1469 41 75 on
2051 1469 55 75 the
2122 1469 94 75 fouth
2229 1469 87 75 pole.

1283 1517 98 75 From
1398 1517 30 75 C
1439 1517 42 75 he
1497 1517 75 75 rifes
1588 1517 116 75 higher
1720 1517 63 75 and
1805 1517 115 75 higher
1937 1517 33 75 in
1986 1517 97 75 every
2099 1517 152 75 apparent
2267 1517 50 75 di-

1282 1563 89 75 urnal
1390 1563 193 75 revolution,
1601 1563 49 75 till
1666 1563 42 75 he
1725 1563 106 75 comes
1848 1563 34 75 to
1894 1563 55 75 the
1968 1563 125 75 higheft
2109 1563 89 75 point
2210 1563 40 75 of
2260 1563 57 75 the

1281 1610 127 75 ecliptic
1419 1610 36 75 y,
1482 1610 40 75 on
1540 1610 56 75 the
1614 1610 18 75 2
1643 1610 41 75 ift
1711 1610 40 75 of
1770 1610 98 75 June,
1893 1610 62 75 and
1983 1610 77 75 then
2083 1610 42 75 he
2152 1610 29 75 is
2203 1610 33 75 at
2265 1610 52 75 his

1282 1659 135 75 greateft
1442 1659 148 75 altitude,
1631 1659 107 75 which
1764 1659 26 75 is
1821 1659 69 75 234
1914 1659 147 75 degrees,
2102 1659 38 75 or
2173 1659 56 75 the
2260 1659 58 75 arc

1282 1704 63 75 Ey,
1372 1704 95 75 equal
1484 1704 35 75 to
1535 1704 50 75 his
1602 1704 135 75 greateft
1764 1704 101 75 north,
1889 1704 194 75 declination
2097 1704 10 75 ;
2133 1704 65 75 and
2229 1704 91 75 from

1281 1753 114 75 thence
1410 1753 42 75 he
1469 1753 97 75 feems
1583 1753 36 75 to
1635 1753 137 75 defcend
1794 1753 167 75 gradually
1984 1753 32 75 in
2041 1753 96 75 every
2163 1753 155 75 apparent

1281 1799 277 75 circumvolution,
1584 1799 49 75 till
1651 1799 45 75 he
1708 1799 63 75 fets
1796 1799 31 75 at
1844 1799 29 75 C
1884 1799 41 75 on
1943 1799 56 75 the
2022 1799 71 75 23d
2109 1799 41 75 of
2167 1799 149 75 Septem-

1280 1845 74 75 ber;
1382 1845 62 75 and
1456 1845 77 75 then
1549 1845 41 75 he
1606 1845 77 75 goes
1700 1845 36 75 to
1752 1845 126 75 exhibit
1895 1845 58 75 the
1967 1845 64 75 like
2048 1845 211 75 appearances
2281 1845 35 75 at

1279 1892 55 75 the
1345 1892 95 75 fouth
1457 1892 73 75 pole
1546 1892 52 75 for
1609 1892 56 75 the
1682 1892 94 75 other
1787 1892 76 75 half
1872 1892 40 75 of
1923 1892 55 75 the
1995 1892 88 75 year.
2116 1892 125 75 Hence,
2258 1892 61 75 the

1278 1938 83 75 fun’s
1379 1938 152 75 apparent
1546 1938 124 75 motion
1689 1938 103 75 round
1817 1938 55 75 the
1893 1938 92 75 earth
2001 1938 27 75 is
2049 1938 56 75 not
2129 1938 33 75 in
2182 1938 136 75 parallel

1278 1986 125 75 circles,
1429 1986 57 75 but
1501 1986 33 75 in
1545 1986 134 75 fpirals;
1706 1986 77 75 fuch
1799 1986 32 75 as
1844 1986 104 75 might
1964 1986 40 75 be
2021 1986 202 75 reprefented
2239 1986 43 75 by
2294 1986 20 75 a

1278 2032 113 75 thread
1419 2032 118 75 wound
1554 2032 105 75 round
1681 2032 19 75 a
1719 2032 95 75 globe
1830 2032 85 75 from
1932 2032 104 75 tropic
2053 2032 35 75 to
2105 2032 127 75 tropic;
2258 2032 57 75 the

1277 2079 110 75 fpirals
1403 2079 96 75 being
1514 2079 33 75 at
1562 2079 87 75 fame
1664 2079 138 75 diftance
1819 2079 83 75 from
1920 2079 61 75 one
1998 2079 134 75 another
2145 2079 97 75 about
2258 2079 56 75 the

1278 2125 147 75 equator,
1450 2125 62 75 and
1537 2125 168 75 gradually
1721 2125 111 75 nearer
1851 2125 35 75 to
1905 2125 79 75 each
2001 2125 94 75 other
2111 2125 35 75 as
2163 2125 76 75 they
2256 2125 57 75 ap-

1277 2174 119 75 proach
1413 2174 125 75 toward
1559 2174 55 75 the
1630 2174 133 75 tropics.

1324 2221 38 75 If
1371 2221 57 75 the
1445 2221 147 75 obferver
1616 2221 39 75 be
1679 2221 63 75 any
1766 2221 108 75 where
1895 2221 43 75 on
1954 2221 56 75 the
2026 2221 171 75 terreftrial
2214 2221 98 75 equa-

1277 2266 49 75 tor
1345 2266 80 75 eCq,
1451 2266 34 75 as
1501 2266 131 75 fuppofe
1648 2266 34 75 at
1697 2266 35 75 e,
1752 2266 42 75 he
1810 2266 26 75 is
1854 2266 31 75 in
1902 2266 56 75 the
1981 2266 93 75 plane
2090 2266 40 75 of
2149 2266 56 75 the
2230 2266 86 75 cele-

1278 2315 67 75 ftial
1369 2315 154 75 equator;
1550 2315 37 75 or
1611 2315 101 75 under
1738 2315 56 75 the
1826 2315 186 75 equinoxial
2029 2315 116 75 EC^_;
2172 2315 62 75 and
2257 2315 57 75 the

1280 2361 71 75 axis
1367 2361 40 75 of
1419 2361 55 75 the
1491 2361 90 75 earth
1600 2361 65 75 nfis
1688 2361 27 75 is
1738 2361 182 75 coincident
1937 2361 79 75 with
2033 2361 56 75 the
2106 2361 92 75 plane
2213 2361 40 75 of
2263 2361 55 75 his

1277 2408 148 75 horizon,
1451 2408 161 75 extended
1629 2408 57 75 out
1703 2408 34 75 to
1755 2408 44 75 N
1810 2408 63 75 and
1889 2408 38 75 S,
1953 2408 55 75 the
2026 2408 94 75 north
2139 2408 60 75 and
2218 2408 94 75 fouth

1278 2455 88 75 poles
1384 2455 39 75 of
1434 2455 55 75 the
1506 2455 150 75 heavens.
1704 2455 49 75 As
1768 2455 57 75 the
1842 2455 91 75 earth
1951 2455 91 75 turns
2063 2455 103 75 round
2182 2455 54 75 th“
2249 2455 66 75 line

1278 2502 102 75 NCS,
1406 2502 56 75 the
1478 2502 107 75 whole
1599 2502 138 75 heavens
1762 2502 120 75 MOLl
1894 2502 84 75 feem
1995 2502 34 75 to
2046 2502 73 75 turn
2138 2502 100 75 round
2256 2502 59 75 the

1278 2549 83 75 fame
1377 2549 80 75 line,
1478 2549 57 75 but
1559 2549 56 75 the
1638 2549 151 75 contrary
1805 2549 85 75 way.
1940 2549 31 75 It
1989 2549 25 75 is
2038 2549 86 75 plain
2152 2549 70 75 that
2247 2549 64 75 this

1278 2595 146 75 obferver
1440 2595 58 75 has
1515 2595 56 75 the
1587 2595 141 75 celeftial
1741 2595 89 75 poles
1846 2595 177 75 conftantly
2035 2595 32 75 in
2084 2595 49 75 his
2150 2595 160 75 horizon;

1278 2641 62 75 and
1356 2641 72 75 that
1439 2641 50 75 his
1506 2641 138 75 horizon
1662 2641 69 75 cuts
1749 2641 56 75 the
1825 2641 126 75 diurnal
1968 2641 92 75 paths
2077 2641 40 75 of
2128 2641 44 75 all
2187 2641 55 75 the
2259 2641 53 75 ce-

1275 2691 100 75 leftial
1392 2691 111 75 bodies
1519 2691 278 75 perpendicularly
1814 2691 62 75 and
1899 2691 32 75 in
1945 2691 134 75 .halves.
2127 2691 184 75 Therefore

1275 2736 56 75 the
1343 2736 67 75 fun.
1429 2736 124 75 planets
1566 2736 62 75 and
1640 2736 88 75 ftars,
1748 2736 58 75 rife
1822 2736 98 75 every
1936 2736 75 75 day,
2029 2736 63 75 and
2108 2736 113 75 afeend
2237 2736 74 75 per-

1274 2782 221 75 pendicularly
1510 2782 101 75 above
1628 2782 55 75 the
1699 2782 136 75 horizon
1863 2782 52 75 for
1932 2782 46 75 fix
1995 2782 97 75 hours
2105 2782 9 75 ;
2142 2782 74 75 and,
2243 2782 67 75 paf-

1276 2829 64 75 fing
1357 2829 77 75 over
1460 2829 55 75 the
1543 2829 167 75 meridian,
1735 2829 138 75 defcend
1888 2829 33 75 in
1937 2829 54 75 the
1998 2829 95 75 Tame
2107 2829 131 75 manner
2257 2829 54 75 for

1275 2876 57 75 the
1356 2876 46 75 fix
1429 2876 169 75 following
1619 2876 122 75 hours;
1767 2876 80 75 then
1872 2876 46 75 fet
1942 2876 36 75 in
1998 2876 58 75 the
2070 2876 150 75 horizon,
2247 2876 64 75 and

1275 2923 149 75 continue
1448 2923 115 75 twelve
1591 2923 229 75 hours-below
1845 2923 40 75 it.
1940 2923 241 75 Confequently
2203 2923 33 75 at
2253 2923 60 75 the

1274 2970 135 75 equator
1424 2970 56 75 the
1497 2970 160 75 days.and
1673 2970 108 75 nights
1797 2970 54 75 are
1874 2970 130 75 equally
2016 2970 76 75 long
2110 2970 201 75 throughout

1273 3017 55 75 the
1345 3017 90 75 year.
1484 3017 112 75 When
1619 3017 57 75 the
1702 3017 149 75 obferver
1878 3017 27 75 is
1922 3017 32 75 in
1972 3017 56 75 the
2048 3017 145 75 fituation
2211 3017 30 75 e,
2267 3017 42 75 he

1271 3066 67 75 fees
1365 3066 57 75 the
1440 3066 200 75 hemilphere
1658 3066 123 75 SEN)
1809 3066 58 75 but
1880 3066 36 75 in
1943 3066 116 75 twelve
2070 3066 113 75 .hours
2212 3066 103 75 after,.
