2493 3387
739 149 486 75 ASTRO

178 220 73 75 pole
268 220 103 75 whilft
392 220 51 75 (he
459 220 157 75 defcribes
632 220 56 75 the
710 220 152 75 northern
885 220 74 75 half
977 220 42 75 of
1036 220 56 75 the
1109 220 97 75 eclip-

179 267 43 75 tic

431 267 36 75 or
483 267 84 75 from
582 267 58 75 her
657 267 88 75 third
762 267 130 75 quarter
908 267 35 75 to
959 267 58 75 her
1034 267 84 75 firft;
1145 267 62 75 and

176 312 107 75 below
298 312 55 75 the
370 312 135 75 horizon
517 312 115 75 during
648 312 58 75 her
718 312 144 75 progrefs
874 312 140 75 through
1031 312 55 75 the
1098 312 106 75 fouth-

175 359 58 75 ern
249 359 74 75 half

487 359 10 75 ;
523 359 124 75 higheft
663 359 33 75 at
712 359 55 75 the
783 359 133 75 change,
941 359 80 75 moll
1043 359 163 75 deprefled

175 405 35 75 at
225 405 56 75 the
298 405 74 75 full.
421 405 67 75 But
504 405 33 75 in
553 405 126 75 winter,
696 405 92 75 when
805 405 55 75 the
877 405 90 75 earth
978 405 27 75 is
1023 405 32 75 at
1071 405 44 75 E,
1140 405 63 75 and

174 452 42 75 its
230 452 94 75 north
341 452 73 75 pole
421 452 144 75 declines
582 452 84 75 from
682 452 56 75 the
753 452 68 75 fun,
847 452 55 75 the
919 452 69 75 new
1003 452 95 75 moon
1115 452 34 75 at
1166 452 37 75 D

175 498 27 75 is
218 498 34 75 at
266 498 59 75 her
340 498 135 75 greatell
491 498 172 75 depreflion
675 498 104 75 below
790 498 55 75 the
857 498 136 75 horizon
1007 498 115 75 NIVS,
1141 498 63 75 and

176 545 55 75 the
248 545 60 75 full
324 545 96 75 moon
433 545 32 75 at
484 545 29 75 B
531 545 33 75 at
580 545 59 75 her
655 545 134 75 greateft
804 545 110 75 height
931 545 99 75 above
1046 545 38 75 it,
1110 545 93 75 rifing

175 591 33 75 at
222 591 59 75 her
296 591 64 75 firft
377 591 131 75 quarter
595 591 62 75 and
672 591 134 75 keeping
818 591 99 75 above
934 591 55 75 the
1000 591 137 75 horizon
1149 591 50 75 till

174 637 52 75 {he
243 637 106 75 comes
365 637 36 75 to
424 637 58 75 her
497 637 88 75 third
601 637 130 75 quarter
747 637 36 75 C.
832 637 48 75 At
902 637 19 75 a
943 637 91 75 mean
1056 637 76 75 ftate
1149 637 52 75 fhe

175 684 26 75 is
219 684 71 75 23-r
304 684 130 75 degrees
460 684 99 75 above
583 684 55 75 the
661 684 137 75 horizon
822 684 33 75 at
880 684 29 75 B
938 684 62 75 and
1023 684 30 75 b,
1078 684 63 75 and
1165 684 34 75 as

175 729 95 75 much
287 729 104 75 below
413 729 26 75 it
462 729 33 75 at
518 729 35 75 D
579 729 63 75 and
666 729 33 75 d,
724 729 94 75 equal
842 729 35 75 to
892 729 56 75 the
963 729 186 75 inclination
1166 729 40 75 of

175 776 55 75 the
246 776 117 75 earth’s
380 776 69 75 axis
467 776 38 75 F.
554 776 77 75 SSB
660 776 63 75 and
738 776 61 75 Srs
816 776 65 75 are,
900 776 33 75 as
950 776 25 75 it
994 776 94 75 were,
1104 776 22 75 a
1141 776 58 75 ray

175 822 40 75 of
233 822 81 75 light
341 822 191 75 proceeding
559 822 84 75 from
671 822 55 75 the
753 822 55 75 fun
836 822 35 75 to
900 822 55 75 the
983 822 118 75 earth;
1137 822 63 75 and

174 868 111 75 fhews,
309 868 70 75 that
394 868 92 75 when
508 868 56 75 the
581 868 91 75 earth
688 868 26 75 is
732 868 33 75 at
782 868 27 75 e,
834 868 56 75 the
905 868 57 75 fun
978 868 26 75 is
1022 868 100 75 above
1142 868 56 75 the

173 914 147 75 horizon,
346 914 130 75 vertical
492 914 36 75 to
544 914 57 75 the
616 914 105 75 tropic
737 914 39 75 of
790 914 148 75 Cancer;
965 914 62 75 and
1038 914 92 75 when
1144 914 56 75 the

174 959 88 75 earth
280 959 25 75 is
322 959 33 75 at
371 959 42 75 E,
437 959 42 75 he
500 959 28 75 is
550 959 104 75 below
676 959 57 75 the
756 959 149 75 horizon,
929 959 133 75 vertical
1084 959 36 75 to
1143 959 55 75 the

174 1008 103 75 tropic
292 1008 40 75 of
351 1008 191 75 Capricorn.

170 1166 160 75 Chaf.
359 1166 93 75 XV.
520 1166 66 75 Of
618 1166 67 75 the
715 1166 155 75 Ebbing
904 1166 87 75 and
1023 1166 173 75 Flowing

557 1218 47 75 of
627 1218 66 75 the
712 1218 89 75 Sea.

216 1326 87 75 The
329 1326 91 75 caufe
446 1326 42 75 of
511 1326 56 75 the
590 1326 85 75 tides
698 1326 66 75 was
788 1326 186 75 difcovered
996 1326 45 75 by
1064 1326 134 75 Kepler,

171 1372 86 75 who,
282 1372 32 75 in
331 1372 49 75 his
402 1372 216 75 Introdufiion
638 1372 32 75 to
695 1372 52 75 the
764 1372 127 75 Phjftcs
908 1372 42 75 of
964 1372 52 75 the
1033 1372 165 75 Heavens,

173 1418 73 75 thus
269 1418 144 75 explains
437 1418 46 75 it:
521 1418 24 75 “
569 1418 77 75 The
670 1418 60 75 orb
754 1418 48 75 of
814 1418 55 75 the
893 1418 168 75 attracting
1078 1418 119 75 power,

174 1463 25 75 “
224 1463 104 75 which
344 1463 27 75 is
387 1463 33 75 in
436 1463 55 75 the
508 1463 106 75 moon,
639 1463 27 75 is
682 1463 161 75 extended
859 1463 33 75 as
909 1463 48 75 far
974 1463 33 75 as
1023 1463 55 75 the
1094 1463 104 75 earth,

160 1483 4 104 ■
164 1509 34 75 “
224 1509 62 75 and
308 1509 104 75 draws
436 1509 56 75 the
514 1509 115 75 waters
653 1509 102 75 under
777 1509 56 75 the
857 1509 104 75 torrid
977 1509 94 75 zone,
1096 1509 103 75 adting

174 1555 24 75 “
223 1555 83 75 upon
319 1555 104 75 places
437 1555 104 75 where
561 1555 26 75 it
603 1555 26 75 is
647 1555 143 75 vertical,
816 1555 164 75 infenfibly
996 1555 41 75 oh
1054 1555 145 75 confined

173 1602 24 75 “
221 1602 66 75 feas
305 1602 62 75 and
388 1602 92 75 bays,
504 1602 58 75 but
578 1602 132 75 fenfibly
725 1602 43 75 on
784 1602 56 75 the
856 1602 111 75 ocean,
992 1602 105 75 whofe
1121 1602 78 75 beds

172 1647 25 75 “
221 1647 54 75 are
290 1647 100 75 large,
415 1647 62 75 and
493 1647 55 75 the
563 1647 116 75 waters
695 1647 81 75 have
791 1647 56 75 the
865 1647 119 75 liberty
999 1647 40 75 of
1059 1647 139 75 recipro-

173 1695 24 75 “
222 1695 127 75 cation;
374 1695 72 75 that
467 1695 39 75 is,
531 1695 41 75 of
590 1695 94 75 rifing
705 1695 62 75 and
790 1695 148 75 falling.”
985 1695 79 75 And
1086 1695 33 75 in
1142 1695 56 75 the

172 1739 82 75 70th
271 1739 80 75 page
368 1739 40 75 of
425 1739 50 75 his
494 1739 115 75 Lunar
638 1739 278 75 AJlronomy:—“
940 1739 67 75 But
1030 1739 56 75 the
1108 1739 91 75 cauje

173 1787 24 75 "
222 1787 40 75 of
280 1787 55 75 the
351 1787 82 75 tides
450 1787 39 75 of
501 1787 54 75 the
571 1787 53 75 fea
639 1787 130 75 appears
782 1787 36 75 to
834 1787 40 75 be
890 1787 55 75 the
961 1787 111 75 bodies
1089 1787 39 75 of
1142 1787 56 75 the

172 1833 26 75 “
222 1833 55 75 fun
301 1833 61 75 and
380 1833 95 75 moon
492 1833 143 75 drawing
650 1833 56 75 the
722 1833 113 75 waters
852 1833 40 75 of
911 1833 55 75 the
978 1833 87 75 fea.”
1111 1833 86 75 This

170 1879 71 75 hint
257 1879 102 75 -being
383 1879 104 75 given,
514 1879 54 75 Sir
592 1879 88 75 Ifaac
703 1879 141 75 Newton
871 1879 166 75 improved
1062 1879 38 75 it,
1134 1879 63 75 and

168 1926 103 75 wrote
282 1926 34 75 fo
333 1926 106 75 amply
454 1926 42 75 on
512 1926 57 75 the
584 1926 131 75 fubjeft,
741 1926 33 75 as
790 1926 36 75 to
841 1926 93 75 make
957 1926 56 75 the
1031 1926 115 75 theory
1161 1926 42 75 of

168 1972 55 75 the
238 1972 82 75 tides
336 1972 33 75 in
386 1972 19 75 a
420 1972 130 75 manner
567 1972 89 75 quite
672 1972 49 75 his
739 1972 94 75 own;
860 1972 44 75 by
918 1972 199 75 difcovering
1140 1972 56 75 the

169 2018 90 75 caufe
275 2018 39 75 of
333 2018 84 75 their
439 2018 93 75 rifing
556 2018 41 75 on
614 2018 55 75 the
690 2018 62 75 fide
768 2018 40 75 of
826 2018 55 75 the
897 2018 91 75 earth
1005 2018 140 75 oppofite
1161 2018 36 75 to

169 2064 55 75 the
241 2064 107 75 moon.
396 2064 67 75 For
489 2064 122 75 Kepler
635 2064 155 75 believed,
815 2064 71 75 that
909 2064 56 75 the
990 2064 146 75 prefence
1160 2064 42 75 of

168 2110 55 75 the
240 2110 94 75 moon
352 2110 182 75 occafioned
550 2110 39 75 an
605 2110 130 75 impulle
753 2110 105 75 which
875 2110 114 75 caufed
1005 2110 135 75 another
1163 2110 32 75 in

168 2155 59 75 her
244 2155 143 75 abfence.

214 2202 76 75 The
309 2202 110 75 power
433 2202 42 75 of
491 2202 127 75 gravity
633 2202 178 75 diminifhes
828 2202 34 75 as
880 2202 55 75 the
952 2202 113 75 fquare
1081 2202 40 75 of
1139 2202 56 75 the

167 2249 136 75 diftance
333 2249 178 75 increafes;
555 2249 62 75 and
650 2249 163 75 therefore
850 2249 55 75 the
937 2249 115 75 waters
1086 2249 108 75 (Plate

166 2296 133 75 XLIV.
313 2296 55 75 fig.
379 2296 49 75 4.)
443 2296 33 75 at
489 2296 33 75 Z
535 2296 40 75 on
584 2296 55 75 the
649 2296 62 75 fide
720 2296 39 75 of
770 2296 55 75 the
835 2296 91 75 earth
940 2296 257 75 ABCDEFGH

166 2341 80 75 next
268 2341 56 75 the
340 2341 95 75 moon
453 2341 47 75 M
520 2341 54 75 are
598 2341 89 75 more
711 2341 156 75 attracted
891 2341 78 75 than
993 2341 55 75 the
1072 2341 120 75 central

166 2387 87 75 parts
266 2387 41 75 of
323 2387 57 75 the
396 2387 90 75 earth
503 2387 26 75 0
547 2387 43 75 by
613 2387 55 75 the
684 2387 108 75 moon,
817 2387 62 75 and
896 2387 57 75 the
970 2387 120 75 central
1107 2387 86 75 parts

166 2434 53 75 are
235 2434 88 75 more
346 2434 155 75 attracted
517 2434 42 75 by
574 2434 58 75 her
648 2434 77 75 than
742 2434 56 75 the
814 2434 117 75 waters
954 2434 41 75 on
1021 2434 55 75 the
1093 2434 100 75 oppo-

165 2480 56 75 fite
237 2480 62 75 fide
315 2480 41 75 of
372 2480 56 75 the
438 2480 90 75 earth
545 2480 33 75 at
595 2480 43 75 n;
665 2480 61 75 and
737 2480 161 75 therefore
914 2480 55 75 the
984 2480 137 75 diftance
1137 2480 53 75 be-

166 2525 102 75 tween
294 2525 56 75 the
373 2525 117 75 earth’s
516 2525 106 75 centre
647 2525 63 75 and
733 2525 55 75 me
804 2525 123 75 waters
943 2525 40 75 on
1001 2525 42 75 its
1069 2525 124 75 furface

165 2570 100 75 under
281 2570 61 75 and
358 2570 139 75 oppofite
513 2570 34 75 to
564 2570 55 75 the
635 2570 94 75 moon
747 2570 65 75 will
833 2570 41 75 be
890 2570 171 75 increafed.
1113 2570 78 75 For,

165 2618 45 75 let
227 2618 90 75 there
340 2618 38 75 be
396 2618 91 75 three
510 2618 110 75 bodies
638 2618 32 75 at
695 2618 47 75 H,
768 2618 39 75 G,
833 2618 62 75 and
913 2618 48 75 D,
986 2618 31 75 if
1035 2618 78 75 they
1137 2618 54 75 are

165 2664 43 75 all
224 2664 131 75 equally
371 2664 155 75 attracted
541 2664 44 75 by
600 2664 55 75 the
675 2664 87 75 body
778 2664 56 75 M,
860 2664 77 75 they
956 2664 66 75 will
1039 2664 42 75 all
1098 2664 93 75 move

163 2710 130 75 equally
310 2710 58 75 faft
384 2710 125 75 toward
524 2710 38 75 it,
588 2710 83 75 their
694 2710 122 75 mutual
840 2710 152 75 diftances
1012 2710 83 75 from
1111 2710 79 75 each

164 2756 93 75 other
278 2756 185 75 continuing
487 2756 55 75 the
566 2756 94 75 fame.
709 2756 37 75 If
765 2756 55 75 the
843 2756 168 75 attraction
1034 2756 41 75 of
1094 2756 42 75 M.
1163 2756 25 75 is

164 2802 150 75 unequal,
340 2802 76 75 then
432 2802 70 75 that
519 2802 85 75 body
620 2802 105 75 which
738 2802 26 75 is
781 2802 77 75 molt
880 2802 141 75 ftrongly
1036 2802 154 75 attracted

163 2849 65 75 will
246 2849 92 75 move
351 2849 115 75 fafteft,
491 2849 62 75 and
570 2849 63 75 this
650 2849 67 75 will
735 2849 137 75 increafe
889 2849 41 75 its
951 2849 137 75 diftance
1105 2849 84 75 from

162 2896 57 75 the
230 2896 93 75 other
340 2896 99 75 body.
487 2896 195 75 Therefore,
707 2896 43 75 by
769 2896 55 75 the
845 2896 62 75 law
923 2896 41 75 of
982 2896 206 75 gravitation,

163 2943 48 75 M
224 2943 64 75 will
307 2943 113 75 attract
433 2943 38 75 H
489 2943 89 75 more
593 2943 141 75 ftrongly
746 2943 76 75 than
839 2943 26 75 it
879 2943 78 75 does
970 2943 38 75 0,
1028 2943 43 75 by
1084 2943 106 75 which

163 2989 54 75 the
233 2989 136 75 diftance
385 2989 142 75 between
545 2989 38 75 H
605 2989 63 75 and
691 2989 27 75 0
744 2989 128 75 wilj.be
893 2989 173 75 increaled,
1092 2989 98 75 and-a

209 3035 96 75 Vol.
325 3035 31 75 I.
396 3035 124 75 Numb,
541 3035 57 75 20.

1072 3035 19 75 3

1303 147 44 75 N
1425 147 41 75 O
1546 147 48 75 M
1673 147 52 75 Y.

2198 147 79 75 473

1257 212 154 75 fpeCtator
1434 212 41 75 on
1492 212 27 75 0
1535 212 64 75 will
1617 212 144 75 perceive
1785 212 41 75 H
1846 212 93 75 rifing
1960 212 113 75 higher
2095 212 125 75 toward
2235 212 48 75 Z.

1255 258 39 75 In
1310 258 64 75 like
1391 258 142 75 manner,
1559 258 26 75 0
1603 258 95 75 being
1710 258 89 75 more
1811 258 140 75 ftrongly
1967 258 155 75 attracted
2139 258 74 75 than
2233 258 50 75 D,

1253 304 27 75 it
1302 304 64 75 will
1393 304 93 75 move
1510 304 124 75 farther
1656 304 141 75 towards
1824 304 48 75 M
1893 304 77 75 than
1996 304 34 75 D
2049 304 99 75 does;
2175 304 109 75 confe-

1254 350 135 75 quently
1405 350 55 75 the
1476 350 137 75 diftance
1630 350 145 75 between
1795 350 27 75 0
1838 350 63 75 and
1918 350 35 75 D
1971 350 66 75 will
2054 350 38 75 be
2108 350 174 75 increafed,

1253 397 62 75 and
1339 397 19 75 a
1379 397 156 75 fpeCtator
1558 397 42 75 on
1626 397 39 75 0,
1692 397 55 75 not
1772 397 180 75 perceiving
1975 397 50 75 his
2050 397 72 75 own
2146 397 136 75 motion,

1252 443 65 75 will
1335 443 50 75 fee
1406 443 32 75 D
1456 443 150 75 receding
1622 443 124 75 farther
1762 443 84 75 from
1862 443 67 75 him
1946 443 142 75 towards
2105 443 43 75 n;
2175 443 42 75 all
2234 443 47 75 ef-

1251 490 79 75 fects
1343 490 62 75 and
1421 490 210 75 appearances
1643 490 95 75 being
1752 490 57 75 the
1824 490 96 75 fame,
1937 490 147 75 whether
2100 490 37 75 D
2153 490 130 75 recedes

1252 536 86 75 from
1356 536 40 75 0,
1421 536 38 75 or
1471 536 27 75 0
1514 536 84 75 from
1617 536 50 75 D.

1298 583 140 75 Suppofe
1476 583 72 75 now
1588 583 91 75 there
1713 583 27 75 is
1780 583 19 75 a
1836 583 133 75 number
2007 583 40 75 of
2081 583 124 75 bodies,
2246 583 34 75 as

1250 630 269 75 ABCDEFGH,
1538 630 111 75 placed
1668 630 102 75 round
1790 630 39 75 0,
1856 630 33 75 fo
1912 630 33 75 as
1963 630 34 75 to
2014 630 83 75 form
2114 630 20 75 a
2150 630 130 75 ilexible

1248 674 38 75 or
1301 674 79 75 fluid
1403 674 92 75 ring;
1522 674 89 75 then,
1637 674 33 75 as
1694 674 55 75 the
1773 674 106 75 whole
1903 674 26 75 is
1955 674 154 75 attracted
2134 674 141 75 towards

1249 721 57 75 M,
1344 721 56 75 the
1425 721 90 75 parts
1544 721 34 75 at
1609 721 39 75 H
1673 721 64 75 and
1765 721 36 75 D
1825 721 66 75 will
1920 721 81 75 have
2030 721 82 75 their
2143 721 141 75 diftance

1248 768 84 75 from
1350 768 26 75 0
1392 768 184 75 increafed;
1602 768 103 75 whilft
1729 768 56 75 the
1809 768 87 75 parts
1919 768 34 75 at
1979 768 31 75 B
2035 768 63 75 and
2122 768 37 75 F,
2186 768 95 75 being

1239 814 118 75 ‘nearly
1374 814 32 75 at
1423 814 54 75 the
1494 814 83 75 fame
1600 814 137 75 diftance
1754 814 83 75 from
1855 814 49 75 M
1923 814 33 75 as
1973 814 27 75 0
2022 814 41 75 is,
2088 814 87 75 thefe
2193 814 86 75 pans

1248 859 66 75 will
1332 859 56 75 not
1405 859 112 75 recede
1533 859 85 75 from
1630 859 60 75 one
1707 859 147 75 another,
1879 859 59 75 but
1952 859 121 75 rather,
2098 859 43 75 by
2153 859 55 75 the
2220 859 60 75 ob-

1246 906 88 75 lique
1357 906 168 75 attraction
1542 906 41 75 of
1603 906 56 75 M,
1685 906 76 75 they
1786 906 65 75 will
1869 906 158 75 approach
2052 906 111 75 nearer
2178 906 36 75 to
2236 906 42 75 0.

1247 953 112 75 Hence
1386 953 56 75 the
1469 953 77 75 fluid
1574 953 70 75 ring
1671 953 66 75 will
1765 953 87 75 form
1883 953 90 75 itfelf
1997 953 68 75 into
2098 953 39 75 an
2168 953 110 75 ellipfa

1249 1000 291 75 ZJBLnKFNZ,
1565 1000 106 75 whofe
1686 1000 113 75 longer
1814 1000 71 75 axis
1914 1000 84 75 nOZ
2023 1000 163 75 produced
2211 1000 68 75 will

1248 1045 68 75 pafs
1332 1045 141 75 through
1489 1045 58 75 M,
1565 1045 63 75 and
1643 1045 41 75 its
1701 1045 122 75 ftiorter
1839 1045 69 75 axis
1926 1045 89 75 BOF
2029 1045 64 75 will
2110 1045 170 75 terminate

1246 1091 32 75 in
1295 1091 30 75 B
1338 1091 62 75 and
1416 1091 39 75 F.
1505 1091 63 75 Let
1580 1091 55 75 the
1654 1091 68 75 ring
1737 1091 40 75 be
1789 1091 86 75 filled
1892 1091 77 75 with
1986 1091 124 75 bodies,
2136 1091 34 75 fo
2187 1091 34 75 as
2239 1091 36 75 to

1246 1138 84 75 form
1348 1138 19 75 a
1382 1138 78 75 fluid
1475 1138 110 75 fphere
1602 1138 102 75 round
1721 1138 52 75 G;
1799 1138 90 75 then,
1916 1138 33 75 as
1966 1138 55 75 the
2045 1138 104 75 whole
2168 1138 109 75 moves

1248 1185 124 75 toward
1390 1185 57 75 M,
1472 1185 55 75 the
1544 1185 76 75 fluid
1645 1185 111 75 fphere
1781 1185 94 75 being
1898 1185 193 75 lengthened
2112 1185 35 75 at
2164 1185 37 75 Z
2215 1185 66 75 and

1249 1230 32 75 n,
1308 1230 65 75 will
1397 1230 116 75 aflume
1538 1230 40 75 an
1602 1230 118 75 oblong
1745 1230 37 75 or
1806 1230 72 75 oval
1903 1230 97 75 form.
2049 1230 37 75 If
2104 1230 49 75 M
2170 1230 28 75 is
2221 1230 57 75 the

1249 1278 107 75 moon,
1379 1278 29 75 O
1428 1278 55 75 the
1508 1278 119 75 earth’s
1653 1278 122 75 centre,
1803 1278 327 75 ABCDEFGHxht
2146 1278 52 75 fea
2221 1278 55 75 co-

1247 1324 110 75 vering
1383 1324 56 75 the
1463 1324 120 75 earth’s
1611 1324 136 75 furface,
1770 1324 29 75 it
1820 1324 27 75 is
1867 1324 138 75 evident,
2030 1324 44 75 by
2098 1324 55 75 the
2174 1324 102 75 above

1248 1371 176 75 reafoning,
1448 1371 71 75 that
1536 1371 102 75 whilft
1653 1371 56 75 the
1733 1371 91 75 earth
1849 1371 44 75 by
1916 1371 41 75 its
1981 1371 126 75 gravity
2129 1371 71 75 falls
2218 1371 59 75 .to-

1247 1417 89 75 ward
1351 1417 55 75 the
1423 1417 107 75 moon,
1555 1417 56 75 the
1629 1417 99 75 water
1743 1417 133 75 direCHy
1893 1417 104 75 below
2020 1417 58 75 her
2102 1417 34 75 at
2163 1417 29 75 B
2209 1417 68 75 will

1246 1463 87 75 fwell
1349 1463 62 75 and
1428 1463 59 75 rife
1509 1463 167 75 gradually
1692 1463 140 75 towards
1847 1463 81 75 her;
1955 1463 64 75 alfo
2043 1463 56 75 the
2115 1463 103 75 water
2242 1463 34 75 at

1250 1509 35 75 D
1303 1509 65 75 will
1386 1509 111 75 recede
1514 1509 83 75 from
1611 1509 54 75 the
1682 1509 120 75 centre,
1822 1509 134 75 (ftriCtly
1972 1509 149 75 fpeaking
2131 1509 57 75 the
2204 1509 73 75 cen-

1247 1556 48 75 tre
1311 1556 129 75 recedes
1457 1556 83 75 from
1558 1556 68 75 D),
1652 1556 62 75 and
1730 1556 59 75 rife
1806 1556 41 75 on
1864 1556 55 75 the
1935 1556 137 75 oppofite
2084 1556 120 75 fide.of
2221 1556 57 75 tire

1247 1601 103 75 earth,
1375 1601 103 75 whilft
1490 1601 55 75 the
1562 1601 100 75 water
1677 1601 33 75 at
1729 1601 28 75 B
1776 1601 62 75 and
1855 1601 27 75 F
1896 1601 26 75 is
1935 1601 174 75 deprefled,
2127 1601 64 75 and
2202 1601 74 75 falls

1246 1648 103 75 below
1366 1648 54 75 the
1438 1648 118 75 former
1571 1648 95 75 level.
1684 1648 5 75 .
1707 1648 133 75 Hence,,
1851 1648 33 75 as
1901 1648 55 75 the
1969 1648 89 75 earth
2071 1648 89 75 turns
2173 1648 105 75 round

1247 1694 41 75 its
1305 1694 70 75 axis
1392 1694 85 75 from
1493 1694 55 75 the
1565 1694 94 75 moon
1676 1694 36 75 to
1728 1694 55 75 the
1799 1694 95 75 moon
1919 1694 91 75 again
2027 1694 33 75 in
2080 1694 67 75 24^
2162 1694 112 75 hours,

1245 1741 90 75 there
1352 1741 66 75 will
1435 1741 39 75 be
1490 1741 66 75 two
1572 1741 82 75 tides
1670 1741 40 75 of
1728 1741 87 75 flood
1832 1741 63 75 and
1917 1741 66 75 two
2006 1741 41 75 of
2066 1741 60 75 ebb
2149 1741 33 75 in
2206 1741 70 75 that

1246 1787 88 75 time,
1360 1787 33 75 as
1410 1787 48 75 we
1475 1787 65 75 find
1557 1787 43 75 by
1612 1787 203 75 experience.

1292 1833 48 75 As
1357 1833 66 75 this
1439 1833 204 75 explanation
1660 1833 40 75 ©f
1718 1833 55 75 the
1789 1833 116 75 ebbing
1922 1833 62 75 and
2008 1833 130 75 flowing
2159 1833 41 75 of
2218 1833 57 75 the

1243 1879 51 75 fea
1308 1879 27 75 is
1358 1879 145 75 deduced
1518 1879 85 75 from
1618 1879 56 75 the
1690 1879 118 75 earth’s
1827 1879 177 75 conftantly
2020 1879 113 75 falling
2149 1879 126 75 toward

1244 1926 54 75 the
1314 1926 95 75 moon
1422 1926 44 75 by
1481 1926 55 75 the
1552 1926 108 75 power
1676 1926 41 75 of
1736 1926 139 75 gravity,
1899 1926 86 75 fome
1999 1926 78 75 may
2093 1926 65 75 find
2173 1926 20 75 a
2209 1926 61 75 dif-

1242 1973 110 75 ficulty
1368 1973 32 75 in
1418 1973 184 75 conceiving
1618 1973 75 75 how
1709 1973 64 75 this
1790 1973 26 75 is
1833 1973 139 75 poflible,
1994 1973 93 75 when
2105 1973 55 75 the
2176 1973 97 75 moon

1243 2018 26 75 is
1287 2018 72 75 full,
1384 2018 38 75 or
1438 2018 31 75 in
1487 2018 174 75 oppofition
1685 2018 34 75 to
1744 2018 54 75 the
1825 2018 67 75 fun,
1918 2018 81 75 fince
2025 2018 56 75 the
2106 2018 91 75 earth
2223 2018 50 75 re-

1243 2065 107 75 volves
1374 2065 97 75 about
1488 2065 56 75 the
1560 2065 67 75 fun,
1653 2065 63 75 and
1739 2065 80 75 muft
1834 2065 197 75 continually
2054 2065 58 75 fall
2131 2065 141 75 towards

1242 2110 37 75 it,
1306 2110 63 75 and
1384 2110 162 75 therefore
1562 2110 116 75 cannot
1693 2110 58 75 fall
1769 2110 151 75 contrary
1945 2110 86 75 ways
2055 2110 36 75 at
2114 2110 55 75 the
2190 2110 83 75 fame

1242 2157 99 75 time;
1368 2157 37 75 or
1422 2157 30 75 if
1471 2157 55 75 the
1549 2157 90 75 earth
1664 2157 28 75 is
1719 2157 175 75 conftantly
1916 2157 112 75 falling
2051 2157 141 75 towards
2216 2157 56 75 the

1242 2203 107 75 moon,
1374 2203 79 75 they
1468 2203 80 75 muft
1564 2203 89 75 come
1670 2203 148 75 together
1834 2203 32 75 at
1881 2203 71 75 laft.
2000 2203 57 75 To
2068 2203 128 75 remove
2207 2203 65 75 this

1242 2250 170 75 difficulty,
1437 2250 45 75 let
1498 2250 26 75 it
1547 2250 40 75 be
1603 2250 195 75 confidered,
1823 2250 71 75 that
1909 2250 26 75 it
1960 2250 26 75 is
2010 2250 58 75 not
2091 2250 55 75 the
2164 2250 111 75 centre

1242 2295 40 75 of
1301 2295 55 75 the
1373 2295 90 75 earth
1481 2295 70 75 that
1575 2295 156 75 defcribes
1755 2295 57 75 the
1836 2295 116 75 annual
1975 2295 86 75 orbit
2088 2295 103 75 round
2215 2295 57 75 the

1241 2342 67 75 fun,
1334 2342 57 75 but
1410 2342 55 75 the
1483 2342 145 75 common
1646 2342 109 75 centre
1770 2342 41 75 of
1829 2342 126 75 gravity
1970 2342 40 75 of
2028 2342 55 75 the
2100 2342 89 75 earth
2207 2342 64 75 and

1240 2389 95 75 moon
1364 2389 169 75 together;
1572 2389 63 75 and
1660 2389 70 75 that
1755 2389 103 75 whilft
1886 2389 55 75 the
1968 2389 92 75 earth
2087 2389 26 75 is
2142 2389 129 75 moving

1241 2435 102 75 round
1358 2435 56 75 the
1430 2435 73 75 fun,,
1516 2435 26 75 it
1559 2435 64 75 alfo
1639 2435 156 75 defcribes
1812 2435 18 75 a
1846 2435 95 75 circle
1958 2435 102 75 round
2072 2435 71 75 that
2161 2435 108 75 centre

1241 2480 39 75 of
1298 2480 139 75 gravity,
1463 2480 96 75 going
1576 2480 34 75 as
1626 2480 95 75 many
1738 2480 93 75 times
1854 2480 103 75 round
1974 2480 74 75 it.in
2066 2480 60 75 one
2143 2480 125 75 revolu-

1239 2527 67 75 tion
1324 2527 97 75 about
1437 2527 55 75 the
1517 2527 56 75 fun
1598 2527 34 75 as
1655 2527 91 75 there
1770 2527 53 75 are
1845 2527 159 75 lunations
2027 2527 38 75 or
2091 2527 125 75 courfes
2233 2527 42 75 of

1239 2574 55 75 the
1311 2574 94 75 moon
1423 2574 103 75 round
1541 2574 55 75 the
1614 2574 89 75 earth
1725 2574 32 75 in
1782 2574 19 75 a
1824 2574 99 75 year;
1948 2574 65 75 and
2034 2574 161 75 therefore
2212 2574 55 75 the

1238 2620 89 75 earth
1345 2620 26 75 is
1388 2620 175 75 conftantly
1580 2620 112 75 falling
1709 2620 139 75 towards
1866 2620 54 75 the
1945 2620 94 75 moon
2062 2620 83 75 from
2163 2620 18 75 a
2196 2620 71 75 tan-

1238 2666 74 75 gent
1328 2666 35 75 to
1387 2666 56 75 the
1469 2666 95 75 circle
1590 2666 27 75 it
1641 2666 158 75 defcribes
1826 2666 103 75 round
1953 2666 56 75 the
2032 2666 66 75 faid
2119 2666 148 75 common

1237 2712 107 75 centre
1360 2712 41 75 of
1419 2712 137 75 gravity.
1604 2712 38 75 In
1663 2712 92 75 Plate
1770 2712 115 75 XLV,
1902 2712 55 75 fig.
1981 2712 30 75 1.
2035 2712 46 75 let
2093 2712 49 75 Af
2154 2712 39 75 be
2209 2712 57 75 the

1236 2758 107 75 moon,
1370 2758 155 75 77T.part
1541 2758 40 75 of
1598 2758 56 75 the
1669 2758 123 75 tnpon’s
1818 2758 97 75 orbit,
1941 2758 62 75 and
2027 2758 29 75 C
2076 2758 55 75 the
2158 2758 109 75 centre

1238 2805 38 75 of
1288 2805 125 75 gravity
1429 2805 39 75 of
1486 2805 56 75 the
1558 2805 91 75 earth
1665 2805 63 75 and
1748 2805 94 75 moon
1854 2805 10 75 ;
1891 2805 103 75 whilft
2009 2805 56 75 the
2082 2805 95 75 moon
2189 2805 77 75 goes

1237 2852 102 75 round
1361 2852 59 75 her
1443 2852 97 75 orbit,
1566 2852 55 75 the
1646 2852 108 75 centre
1779 2852 39 75 of
1837 2852 54 75 the
1915 2852 90 75 earth
2028 2852 158 75 defcribes
2210 2852 56 75 the

1237 2899 94 75 circle
1346 2899 69 75 ged
1428 2899 103 75 round
1547 2899 37 75 C,
1610 2899 35 75 to
1669 2899 109 75 which
1807 2899 96 75 circle
1923 2899 66 75 gak
2013 2899 28 75 is
2066 2899 18 75 a
2109 2899 153 75 tangent;

1235 2945 64 75 and
1320 2945 162 75 therefore
1499 2945 91 75 when
1608 2945 56 75 the
1680 2945 95 75 moon
1792 2945 56 75 has
1865 2945 82 75 gone
1964 2945 83 75 from
2063 2945 50 75 71/
2127 2945 33 75 to
2176 2945 19 75 a
2210 2945 54 75 lit-

1236 2992 44 75 tle
1296 2992 65 75 paft
1377 2992 49 75 IV,
1445 2992 56 75 the
1517 2992 90 75 earth
1624 2992 57 75 has
1692 2992 122 75 moved
1829 2992 83 75 from
1924 2992 24 75 g
1961 2992 34 75 to
2032 2992 18 75 j
2077 2992 63 75 and
2152 2992 30 75 in
2195 2992 72 75 that

1696 3042 20 75 6
1741 3042 35 75 D

2191 3042 77 75 time
