2406 3327
549 116 42 75 A
670 116 41 75 G
788 116 36 75 R
901 116 17 75 I
995 116 36 75 C
1108 116 44 75 U

93 187 88 75 land,
197 187 81 75 vith
291 187 64 75 few
366 187 115 75 flrbnes,
499 187 175 75 therefore,
691 187 28 75 is
731 187 56 75 the
799 187 77 75 only
886 187 76 75 land
972 187 32 75 in
1015 187 107 75 which

93 232 25 75 it
135 232 59 75 can
210 232 39 75 be
266 232 169 75 employed
450 232 79 75 with
548 232 188 75 advantage.

140 278 77 75 The
232 278 72 75 iron
320 278 121 75 plough
457 278 28 75 is
501 278 121 75 fubjed
645 278 35 75 to
704 278 135 75 another
861 278 259 75 iriconveniency.

92 324 111 75 When
228 324 62 75 any
305 324 93 75 thing
414 324 76 75 goes
506 324 125 75 wrong,
656 324 26 75 it
702 324 117 75 cannot
850 324 40 75 be
915 324 141 75 redified
1080 324 42 75 on

93 371 55 75 the
167 371 87 75 field,
278 371 60 75 but
354 371 80 75 muft
449 371 41 75 be
514 371 124 75 carried
664 371 36 75 to
725 371 57 75 the
806 371 130 75 fmithy,
960 371 106 75 which
1094 371 26 75 is

93 417 89 75 often
199 417 33 75 at
248 417 19 75 a
283 417 215 75 confiderable
514 417 150 75 diftance.

293 526 65 75 Of
368 526 138 75 yoking
532 526 129 75 Cattle
679 526 40 75 in
739 526 182 75 Ploughs.

138 604 43 75 It
196 604 26 75 is
236 604 56 75 not
304 604 73 75 eafy
393 604 35 75 to
439 604 174 75 determine
629 604 144 75 whether
789 604 108 75 horfes
914 604 37 75 or
966 604 98 75 oxen,
1082 604 37 75 or

90 650 80 75 both
182 650 160 75 together,
360 650 53 75 are
429 650 79 75 moft
524 650 116 75 proper
655 650 52 75 for
723 650 143 75 drawing
881 650 135 75 ploughs
1028 650 10 75 ;
1064 650 55 75 be-

91 697 103 75 caufe,
219 697 33 75 in
275 697 64 75 this
361 697 146 75 country,
533 697 76 75 fuch
626 697 18 75 a
659 697 245 75 determination
921 697 139 75 depends
1077 697 42 75 on

90 742 239 75 circumftances
355 742 110 75 almoft
482 742 33 75 as
532 742 125 75 various
683 742 34 75 as
743 742 55 75 the
814 742 134 75 number
963 742 154 75 and.fitu-

89 788 88 75 ation
199 788 41 75 of
257 788 99 75 farms
372 788 33 75 in
421 788 39 75 it.
515 788 45 75 If,
584 788 127 75 indeed,
736 788 64 75 real
820 788 114 75 labour
949 788 92 75 alone
1053 788 64 75 was

89 834 155 75 fufficient
261 834 35 75 to
314 834 175 75 determine
505 834 65 75 this
586 834 102 75 point,
714 834 85 75 oxen
815 834 109 75 would
939 834 40 75 be
995 834 122 75 prefer-

90 882 57 75 red
160 882 10 75 ;
197 882 130 75 becaufe
343 882 79 75 they
436 882 66 75 will
518 882 90 75 Hand
623 882 35 75 to
682 882 56 75 the
758 882 151 75 draught,
934 882 65 75 and
1025 882 92 75 over-

90 928 92 75 come
203 928 19 75 a
246 928 160 75 refiftance
433 928 106 75 which
561 928 109 75 horfes
699 928 110 75 would
835 928 88 75 yield
946 928 48 75 to.
1050 928 68 75 We

89 974 78 75 fhall
201 974 161 75 therefore
397 974 123 75 confine
547 974 67 75 this
651 974 84 75 head
761 974 36 75 to
828 974 56 75 the
920 974 130 75 manner
1082 974 42 75 of

90 1020 119 75 yoking
225 1020 111 75 cattle,
361 1020 138 75 without
514 1020 116 75 regard
645 1020 36 75 to
697 1020 55 75 the
768 1020 78 75 kind
870 1020 41 75 of
928 1020 99 75 cattle
1050 1020 67 75 em-

89 1066 130 75 ployed.

134 1113 77 75 The
227 1113 92 75 chief
329 1113 143 75 queftion
487 1113 43 75 on
546 1113 65 75 this
627 1113 119 75 fubjed
772 1113 40 75 is,
838 1113 164 75 Whether
1017 1113 99 75 cattle

87 1159 113 75 fliould
214 1159 41 75 be
281 1159 109 75 yoked
415 1159 33 75 in
467 1159 98 75 pairs,
591 1159 37 75 or
648 1159 34 75 in
706 1159 19 75 a
747 1159 64 75 line
834 1159 112 75 before
973 1159 62 75 one
1059 1159 55 75 an-

86 1205 96 75 other
195 1205 12 75 ?

132 1251 77 75 The
226 1251 78 75 mod
321 1251 146 75 common
495 1251 71 75 way
593 1251 40 75 of
652 1251 121 75 yoking
797 1251 97 75 cattle
916 1251 27 75 is
966 1251 32 75 in
1015 1251 98 75 pairs.

87 1296 145 75 Though
249 1296 77 75 this,
351 1296 85 75 upon
453 1296 55 75 the
527 1296 118 75 whole,
670 1296 41 75 be
735 1296 55 75 the
807 1296 64 75 beft
888 1296 145 75 method,
1059 1296 56 75 yet

86 1343 27 75 it
134 1343 28 75 is
181 1343 120 75 fubjed
317 1343 34 75 to
367 1343 86 75 fome
480 1343 254 75 difadvantages.
790 1343 40 75 In
856 1343 175 75 ploughing
1059 1343 56 75 the

86 1390 137 75 furrows
250 1390 138 75 betwixt
414 1390 56 75 the
497 1390 119 75 ridges,
658 1390 56 75 the
747 1390 97 75 cattle
876 1390 42 75 go
946 1390 85 75 upon
1058 1390 56 75 the

87 1436 162 75 ploughed
263 1436 87 75 land,
378 1436 63 75 and
455 1436 92 75 tread
561 1436 26 75 it
604 1436 95 75 down
715 1436 80 75 with
811 1436 85 75 their
911 1436 78 75 feet,
1007 1436 107 75 which

86 1482 26 75 is
130 1482 175 75 peculiarly
319 1482 126 75 hurtful
462 1482 35 75 to
513 1482 64 75 wet
592 1482 76 75 land
681 1482 10 75 :
725 1482 113 75 When
854 1482 91 75 there
961 1482 26 75 is
1004 1482 58 75 but
1080 1482 33 75 as

87 1528 94 75 much
198 1528 40 75 of
249 1528 56 75 the
322 1528 89 75 ridge
426 1528 206 75 unploughed
655 1528 33 75 as
715 1528 56 75 the
788 1528 97 75 cattle
900 1528 82 75 have
997 1528 118 75 hardly

87 1574 91 75 room
206 1574 34 75 to
268 1574 41 75 go
337 1574 97 75 upon,
460 1574 77 75 they
561 1574 186 75 frequently
774 1574 72 75 give
873 1574 56 75 the
957 1574 120 75 plough
1095 1574 18 75 a

86 1620 112 75 wrong
220 1620 153 75 diredion
400 1620 44 75 by
465 1620 97 75 going
580 1620 69 75 into
664 1620 56 75 the
737 1620 140 75 oppofite
892 1620 144 75 furrow;
1063 1620 50 75 or,

86 1667 107 75 which
208 1667 27 75 is
252 1667 61 75 ftill
329 1667 113 75 worfe,
471 1667 78 75 they
566 1667 52 75 are
635 1667 56 75 apt
716 1667 36 75 to
777 1667 94 75 juftle
899 1667 55 75 the
976 1667 137 75 furrow-

90 1712 98 75 cattle
204 1712 85 75 upon
305 1712 55 75 the
378 1712 161 75 ploughed
553 1712 89 75 land.

133 1757 57 75 To
207 1757 126 75 remove
349 1757 88 75 thefe
453 1757 284 75 inconveniencies,
762 1757 120 75 yoking
893 1757 57 75 the
966 1757 99 75 cattle
1080 1757 34 75 in

88 1803 18 75 a
129 1803 64 75 line
211 1803 58 75 has
298 1803 79 75 been
404 1803 257 75 recommended.
725 1803 67 75 But
819 1803 64 75 this
908 1803 132 75 method
1055 1803 58 75 has

88 1849 78 75 been
182 1849 152 75 attended
349 1849 79 75 with
453 1849 127 75 greater
594 1849 271 75 inconveniencies
882 1849 76 75 than
976 1849 88 75 thofe
1087 1849 26 75 it

85 1895 28 75 is
129 1895 152 75 intended
296 1895 36 75 to
349 1895 143 75 remedy.
552 1895 112 75 When
684 1895 108 75 yoked
819 1895 32 75 in
878 1895 64 75 this
968 1895 143 75 manner,

86 1942 77 75 they
178 1942 41 75 go
237 1942 43 75 all
296 1942 32 75 in
350 1942 56 75 the
422 1942 133 75 furrow,
581 1942 107 75 which
717 1942 108 75 makes
849 1942 25 75 it
890 1942 160 75 neceflary
1077 1942 35 75 to

86 1988 69 75 give
183 1988 55 75 the
272 1988 119 75 plough
421 1988 87 75 more
536 1988 77 75 land
635 1988 79 75 than
741 1988 163 75 ordinary,
938 1988 102 75 either
1068 1988 44 75 by

85 2035 105 75 means
203 2035 40 75 of
255 2035 54 75 the
325 2035 74 75 fock
416 2035 37 75 or
469 2035 128 75 muzzle
609 2035 10 75 ;
658 2035 63 75 and
747 2035 228 75 confequently
1001 2035 109 75 makes

84 2080 55 75 the
155 2080 139 75 draught
310 2080 56 75 too
380 2080 116 75 heavy.
545 2080 142 75 Befides,
711 2080 93 75 when
820 2080 99 75 cattle
934 2080 54 75 are
1004 2080 108 75 yoked

84 2126 32 75 in
133 2126 20 75 a
167 2126 75 75 line,
260 2126 27 75 it
302 2126 87 75 gives
400 2126 86 75 fome
502 2126 41 75 of
553 2126 90 75 them
659 2126 39 75 an
715 2126 206 75 opportunity
938 2126 40 75 of
989 2126 120 75 throw-

85 2172 54 75 ing
154 2172 56 75 the
226 2172 91 75 chief
328 2172 121 75 burden
466 2172 85 75 upon
570 2172 56 75 the
642 2172 123 75 others.
813 2172 112 75 There
937 2172 26 75 is
977 2172 59 75 ftill
1053 2172 54 75 an-

82 2218 97 75 other
204 2218 247 75 inconveniency
473 2218 126 75 attends
623 2218 65 75 this
712 2218 145 75 method.
916 2218 113 75 When
1052 2218 56 75 the

84 2265 97 75 cattle
197 2265 53 75 are
267 2265 41 75 all
325 2265 32 75 in
373 2265 19 75 a
408 2265 75 75 line,
508 2265 56 75 the
580 2265 103 75 whole
700 2265 88 75 force
804 2265 26 75 is
847 2265 127 75 applied
989 2265 35 75 to
1051 2265 56 75 the

83 2311 153 75 diredion
248 2311 43 75 of
303 2311 56 75 the
370 2311 102 75 traces
485 2311 40 75 of
535 2311 56 75 the
607 2311 159 75 hindmoft
780 2311 113 75 horfe;
919 2311 64 75 and
998 2311 108 75 confe-

84 2356 135 75 quently
233 2356 26 75 it
276 2356 115 75 cannot
405 2356 83 75 have
512 2356 76 75 fuch
618 2356 38 75 an
678 2356 103 75 effed'
781 2356 46 75 on
843 2356 56 75 the
926 2356 119 75 plough
1071 2356 33 75 as

83 2402 94 75 when
193 2402 19 75 a
231 2402 71 75 part
318 2402 39 75 of
368 2402 26 75 it
411 2402 26 75 is
453 2402 32 75 in
506 2402 19 75 a
540 2402 89 75 more
645 2402 183 75 horizontal
844 2402 165 75 diredion.

129 2448 92 75 Each
247 2448 41 75 of
310 2448 88 75 thefe
424 2448 161 75 methods,
603 2448 161 75 however,
789 2448 74 75 may
878 2448 40 75 he
935 2448 75 75 ufed
1024 2448 80 75 with

83 2494 176 75 advantage
274 2494 32 75 in
323 2494 120 75 certain
459 2494 260 75 circumftances;
737 2494 120 75 yoking
872 2494 30 75 in
915 2494 96 75 pairs,
1028 2494 34 75 as
1079 2494 26 75 it

82 2541 26 75 is
134 2541 154 75 certainly
303 2541 56 75 the
376 2541 150 75 ftrongeft
536 2541 151 75 draught,
711 2541 111 75 fhould
837 2541 41 75 be
893 2541 164 75 preferred
1071 2541 34 75 in

82 2587 175 75 ploughing
273 2587 68 75 ftifF
353 2587 87 75 land.
497 2587 55 75 On
576 2587 55 75 the
647 2587 93 75 other
766 2587 98 75 hand,
890 2587 120 75 yoking
1025 2587 32 75 in
1086 2587 19 75 a

82 2633 63 75 line
161 2633 134 75 anfwers
311 2633 66 75 beft
392 2633 33 75 in
444 2633 65 75 wet
519 2633 88 75 land,
631 2633 106 75 which
747 2633 27 75 is
786 2633 95 75 liable
896 2633 36 75 to
949 2633 42 75 be
1004 2633 100 75 much

83 2679 75 75 hurt
174 2679 43 75 by
232 2679 55 75 the
303 2679 146 75 treading
468 2679 41 75 of
522 2679 56 75 the
594 2679 110 75 cattle.

427 2790 65 75 Of
513 2790 229 75 Ploughing.

130 2866 236 75 Ploughing
384 2866 27 75 is
431 2866 56 75 the
506 2866 102 75 adion
626 2866 40 75 of
684 2866 57 75 the
769 2866 119 75 plough
916 2866 32 75 in
980 2866 126 75 ftirring

84 2909 63 75 and
163 2909 128 75 turning
311 2909 77 75 over
410 2909 55 75 the
481 2909 70 75 foil.
603 2909 54 75 By
672 2909 137 75 opening
824 2909 56 75 the
897 2909 57 75 foil
971 2909 63 75 and
1049 2909 55 75 en-

83 2955 124 75 iarging
223 2955 54 75 the
294 2955 133 75 furface,
451 2955 27 75 it
493 2955 88 75 gives
597 2955 26 75 it
639 2955 39 75 an
694 2955 208 75 opportunity
913 2955 40 75 of
964 2955 139 75 extrad-

131 3001 96 75 Vol.
243 3001 31 75 I.
298 3001 110 75 No.3.

984 3001 18 75 3

1229 111 36 75 L
1342 111 39 75 T
1459 111 44 75 U
1580 111 37 75 R
1692 111 48 75 E.

2143 111 56 75 57

1170 178 54 75 ing
1243 178 56 75 the
1316 178 165 75 vegetable
1497 178 79 75 food
1595 178 86 75 from
1705 178 56 75 the
1788 178 68 75 air;
1883 178 63 75 and
1972 178 228 75 confequently

1170 225 152 75 increafes
1346 225 57 75 the
1429 225 81 75 food
1536 225 40 75 of
1602 225 118 75 plants.
1769 225 182 75 Ploughing
1974 225 139 75 likewife
2135 225 62 75 dif-

1169 272 101 75 folves
1288 272 62 75 and
1365 272 133 75 reduces
1525 272 36 75 to
1587 272 21 75 a
1631 272 78 75 ftate
1734 272 40 75 of
1795 272 211 75 putrefadion
2022 272 57 75 the
2094 272 101 75 dung,

1170 318 72 75 oils,
1268 318 63 75 and
1349 318 166 75 vegetable
1538 318 175 75 fubftances
1731 318 70 75 that
1825 318 124 75 happen
1965 318 35 75 to
2024 318 40 75 be
2088 318 111 75 mixed

1169 364 78 75 with
1272 364 57 75 the
1350 364 70 75 foil,
1445 364 64 75 and
1529 364 147 75 prepares
1705 364 88 75 them
1809 364 52 75 for
1876 364 145 75 entering
2037 364 55 75 the
2108 364 91 75 roots

1170 410 39 75 of
1235 410 117 75 plants.
1419 410 112 75 When
1555 410 151 75 properly
1732 410 168 75 managed,
1935 410 176 75 ploughing
2141 410 56 75 de-

1169 457 99 75 ftroys
1286 457 118 75 weeds,
1418 457 67 75 and
1503 457 107 75 drains
1628 457 54 75 the
1694 457 74 75 land
1780 457 93 75 when
1886 457 56 75 too
1959 457 77 75 wet.
2071 457 125 75 Hence,

1169 503 175 75 ploughing
1366 503 27 75 is
1425 503 60 75 one
1509 503 41 75 of
1571 503 55 75 the
1650 503 80 75 moft
1756 503 176 75 important
1955 503 183 75 operations
2162 503 35 75 in

1168 550 206 75 agriculture,
1414 550 64 75 and
1508 550 163 75 therefore
1702 550 111 75 merits
1841 550 55 75 the
1925 550 135 75 greateft
2093 550 103 75 atten-

1166 596 80 75 tion.

1213 643 111 75 When
1340 643 175 75 ploughing
1530 643 26 75 is
1577 643 149 75 defigned
1742 643 35 75 to
1789 643 109 75 enrich
1911 643 54 75 the
1982 643 88 75 land,
2097 643 37 75 or
2146 643 49 75 in-

1165 690 104 75 creafe
1285 690 55 75 the
1352 690 80 75 food
1447 690 40 75 of
1494 690 118 75 plants,
1630 690 54 75 the
1702 690 122 75 furface
1840 690 117 75 cannot
1972 690 40 75 be
2028 690 93 75 made
2138 690 58 75 too

1167 735 139 75 uneven;
1325 735 132 75 becaufe
1473 735 55 75 the
1543 735 90 75 more
1649 735 41 75 of
1699 735 27 75 it
1741 735 27 75 is
1785 735 45 75 by
1846 735 64 75 this
1928 735 107 75 means
2053 735 144 75 expofed

1165 782 34 75 to
1216 782 56 75 the
1288 782 154 75 influence
1458 782 40 75 of
1509 782 55 75 the
1581 782 59 75 air.

1211 829 67 75 But
1293 829 94 75 when
1403 829 55 75 the
1470 829 157 75 intention
1643 829 40 75 of
1695 829 175 75 ploughing
1882 829 25 75 is
1920 829 34 75 to
1967 829 127 75 deftroy
2105 829 89 75 feed-

1165 876 118 75 weeds,
1310 876 55 75 the
1381 876 123 75 furface
1521 876 116 75 cannot
1652 876 40 75 be
1708 876 93 75 made
1817 876 56 75 too
1897 876 139 75 fmooth,
2062 876 60 75 nor
2138 876 56 75 the

1164 921 89 75 mold
1269 921 55 75 too
1348 921 101 75 much,
1468 921 123 75 broken
1605 921 10 75 ;
1640 921 144 75 becaufe,
1811 921 45 75 by
1872 921 65 75 this
1959 921 234 75 management,

1164 968 83 75 their
1262 968 182 75 vegetation
1463 968 28 75 is
1508 968 181 75 promoted,
1714 968 64 75 and
1788 968 229 75 confequently
2031 968 78 75 they
2119 968 76 75 may

1164 1015 39 75 be
1220 1015 89 75 more
1325 1015 193 75 completely
1536 1015 168 75 deftroyed
1726 1015 43 75 by
1785 1015 174 75 ploughing
1975 1015 87 75 them
2078 1015 45 75 in.

1211 1061 117 75 Again,
1353 1061 32 75 if
1406 1061 65 75 you
1487 1061 120 75 plough
1623 1061 78 75 with
1718 1061 19 75 a
1753 1061 81 75 view
1850 1061 35 75 to
1902 1061 127 75 remove
2045 1061 147 75 wetnefs,

1163 1108 55 75 the
1234 1108 76 75 land
1325 1108 80 75 muft
1421 1108 39 75 be
1476 1108 66 75 laid
1558 1108 41 75 up
1616 1108 32 75 in
1664 1108 79 75 high
1768 1108 124 75 ridges;
1919 1108 52 75 for
1992 1108 55 75 the
2067 1108 126 75 greater

1164 1154 55 75 the
1234 1154 135 75 number
1392 1154 41 75 of
1453 1154 150 75 furrows,
1628 1154 63 75 and
1704 1154 57 75 the
1778 1154 114 75 higher
1916 1154 56 75 the
1993 1154 118 75 ridges,
2136 1154 57 75 the

1163 1201 99 75 water
1277 1201 26 75 is
1321 1201 88 75 more
1424 1201 232 75 expeditioufty
1670 1201 124 75 carried
1808 1201 60 75 off.

1209 1247 95 75 Thus
1322 1247 54 75 the
1393 1247 131 75 manner
1538 1247 41 75 of
1590 1247 175 75 ploughing
1776 1247 80 75 muft
1873 1247 118 75 always
2008 1247 126 75 depend
2149 1247 42 75 on

1164 1293 54 75 the
1236 1293 105 75 objedt
1360 1293 32 75 in
1409 1293 93 75 view.
1552 1293 32 75 It
1600 1293 184 75 frequently
1800 1293 141 75 happens
1965 1293 128 75 indeed,
2120 1293 72 75 that

1164 1339 65 75 two
1249 1339 37 75 or
1309 1339 89 75 more
1423 1339 40 75 of
1478 1339 87 75 thefe
1584 1339 121 75 objedts
1734 1339 128 75 require
1888 1339 60 75 our
1975 1339 157 75 attention
2158 1339 34 75 in

1164 1386 175 75 ploughing
1354 1386 56 75 the
1425 1386 85 75 fame
1526 1386 88 75 piece
1637 1386 41 75 of
1699 1386 88 75 land.
1836 1386 67 75 But
1920 1386 56 75 the
1992 1386 147 75 methods
2157 1386 32 75 a-

1164 1433 80 75 bove
1261 1433 185 75 mentioned
1474 1433 52 75 are
1554 1433 154 75 perfedtly
1735 1433 166 75 confiftent
1917 1433 79 75 with
2012 1433 91 75 each,
2129 1433 64 75 and

1162 1479 75 75 may
1251 1479 41 75 be
1309 1479 169 75 combined
1492 1479 35 75 fo
1549 1479 33 75 as
1595 1479 35 75 to
1647 1479 119 75 anfwer
1782 1479 62 75 any
1855 1479 158 75 intention
2029 1479 72 75 that
2116 1479 75 75 may

1162 1525 108 75 occur.

1210 1572 38 75 In
1265 1572 187 75 ploughing,
1470 1572 91 75 there
1578 1572 52 75 are
1641 1572 86 75 fome
1744 1572 127 75 general
1884 1572 83 75 rules
1984 1572 35 75 to
2030 1572 41 75 be
2082 1572 107 75 obfer-

1162 1618 73 75 ved,
1252 1618 162 75 whatever
1430 1618 40 75 be
1481 1618 61 75 the
1557 1618 106 75 objedt
1678 1618 30 75 in
1726 1618 93 75 view.
1860 1618 109 75 Thus,
1984 1618 79 75 land
2078 1618 113 75 ftiould

1163 1664 96 75 never
1280 1664 40 75 be
1337 1664 162 75 ploughed
1518 1664 95 75 when
1628 1664 25 75 it
1671 1664 26 75 is
1714 1664 76 75 wet,
1815 1664 131 75 becaufe
1962 1664 55 75 the
2033 1664 157 75 intention

1163 1710 39 75 of
1212 1710 26 75 it
1254 1710 67 75 will
1337 1710 39 75 be
1392 1710 184 75 fruftrated,
1601 1710 163 75 whatever
1780 1710 73 75 may
1880 1710 40 75 be
1948 1710 56 75 the
2025 1710 113 75 nature
2154 1710 42 75 of

1162 1756 55 75 the
1234 1756 70 75 foil.
1353 1756 34 75 A
1412 1756 67 75 ftiff
1500 1756 71 75 foil,
1597 1756 94 75 when
1719 1756 164 75 ploughed
1901 1756 76 75 wet,
2002 1756 84 75 dries
2115 1756 72 75 fud-

1163 1803 107 75 denly,
1285 1803 63 75 and
1359 1803 147 75 becomes
1519 1803 92 75 hard.
1645 1803 37 75 If
1693 1803 18 75 a
1722 1803 82 75 light
1815 1803 58 75 foil
1886 1803 39 75 be
1937 1803 163 75 ploughed
2111 1803 76 75 wet,

1162 1849 54 75 the
1232 1849 100 75 water
1346 1849 129 75 hinders
1492 1849 25 75 it
1533 1849 85 75 from
1634 1849 96 75 being
1741 1849 139 75 reduced
1896 1849 34 75 to
1947 1849 89 75 fmall
2059 1849 129 75 enough

1161 1896 160 75 particles.
1371 1896 128 75 Befides
1523 1896 88 75 thefe
1638 1896 251 75 difadvantages,
1915 1896 55 75 the
1992 1896 113 75 labour
2131 1896 56 75 be-

1161 1942 106 75 comes
1282 1942 79 75 very
1375 1942 107 75 fevere
1498 1942 42 75 on
1557 1942 54 75 the
1628 1942 109 75 cattle,
1763 1942 63 75 and
1851 1942 55 75 the
1934 1942 76 75 land
2037 1942 26 75 is
2090 1942 97 75 much

1160 1987 76 75 hurt
1257 1987 44 75 by
1316 1987 84 75 their
1417 1987 159 75 treading.

1207 2033 97 75 With
1321 2033 115 75 regard
1450 2033 36 75 to
1510 2033 177 75 ploughing
1702 2033 61 75 lee,
1790 2033 38 75 or
1855 2033 138 75 opening
2016 2033 43 75 up
2082 2033 102 75 grafs-

1160 2079 153 75 grounds,
1338 2079 57 75 the
1411 2079 147 75 common
1575 2079 136 75 pradtice
1727 2079 33 75 in
1777 2079 155 75 Scotland
1959 2079 27 75 is
2015 2079 35 75 to
2065 2079 121 75 plough

1159 2125 26 75 it
1200 2125 34 75 as
1250 2125 128 75 fhallow
1394 2125 63 75 and
1472 2125 126 75 narrow
1613 2125 33 75 as
1662 2125 139 75 pofiible,
1827 2125 63 75 and
1914 2125 35 75 to
1973 2125 46 75 let
2035 2125 55 75 the
2118 2125 78 75 turf

1158 2172 86 75 upon
1260 2172 41 75 its
1318 2172 93 75 edge.
1460 2172 99 75 After
1586 2172 63 75 this
1678 2172 96 75 fingle
1801 2172 133 75 furrow,
1971 2172 56 75 the
2048 2172 77 75 land
2156 2172 28 75 is

1158 2219 99 75 fown,
1283 2219 63 75 and
1362 2219 31 75 if
1404 2219 26 75 it
1449 2219 39 75 be
1504 2219 97 75 good,
1628 2219 18 75 a
1667 2219 170 75 profitable
1863 2219 76 75 crop
1960 2219 74 75 may
2061 2219 41 75 be
2125 2219 58 75 ex-

1158 2265 131 75 pedted;
1328 2265 62 75 and
1407 2265 55 75 the
1479 2265 72 75 turf
1561 2265 66 75 will
1652 2265 38 75 be
1719 2265 192 75 completely
1936 2265 107 75 rotten
2070 2265 121 75 before,

1156 2312 79 75 next
1250 2312 120 75 feafon.

1204 2357 54 75 On
1274 2357 56 75 the
1346 2357 160 75 contrary,
1532 2357 32 75 in
1588 2357 154 75 breaking
1768 2357 43 75 up
1839 2357 41 75 of
1901 2357 115 75 barren
2042 2357 86 75 land,
2155 2357 26 75 it

1156 2403 113 75 fhould
1293 2403 39 75 be
1360 2403 163 75 ploughed
1546 2403 92 75 deep,
1671 2403 63 75 and
1759 2403 55 75 the
1838 2403 73 75 turf
1929 2403 118 75 turned
2070 2403 41 75 on
2139 2403 42 75 its

1155 2450 94 75 back.

1554 2561 65 75 Of
1635 2561 160 75 Ridges.

1201 2638 44 75 It
1271 2638 65 75 was
1361 2638 153 75 formerly
1536 2638 165 75 obferved,
1727 2638 71 75 that
1820 2638 175 75 ploughing
2016 2638 33 75 in
2073 2638 106 75 ridges

1155 2683 143 75 removes
1314 2683 145 75 wetnefs,
1484 2683 142 75 enlarges
1644 2683 55 75 the
1715 2683 133 75 furface,
1874 2683 63 75 and
1952 2683 228 75 confequently

1156 2730 118 75 affords
1291 2730 88 75 more
1401 2730 91 75 fpace
1507 2730 52 75 for
1575 2730 54 75 the
1645 2730 104 75 plants
1766 2730 36 75 to
1826 2730 123 75 extradt
1965 2730 214 75 nourifhment

1156 2776 83 75 from
1260 2776 55 75 the
1330 2776 71 75 foil.

1203 2823 110 75 When
1329 2823 56 75 the
1400 2823 57 75 foil
1477 2823 25 75 is
1519 2823 77 75 wet,
1620 2823 56 75 the
1692 2823 107 75 ridges
1816 2823 100 75 ought
1932 2823 35 75 to
1983 2823 40 75 be
2038 2823 138 75 narrow,

1157 2868 61 75 and
1234 2868 104 75 fteep;
1364 2868 144 75 becaufe,
1525 2868 45 75 by
1584 2868 65 75 this
1666 2868 119 75 means,
1809 2868 56 75 the
1877 2868 132 75 number
2024 2868 41 75 of
2070 2868 112 75 drains-

1156 2915 25 75 is
1198 2915 171 75 increafed,
1394 2915 63 75 and
1476 2915 56 75 the
1543 2915 101 75 water
1659 2915 81 75 finds
1756 2915 42 75 its
1815 2915 72 75 way
1897 2915 88 75 more
2002 2915 95 75 eafily
2107 2915 69 75 into

1153 2963 54 75 the
1223 2963 149 75 furrows.
1419 2963 99 75 They
1534 2963 111 75 fhould
1660 2963 138 75 Hkewife
1814 2963 40 75 be
1870 2963 100 75 raifed
1984 2963 78 75 high
2075 2963 32 75 in
2120 2963 57 75 the

1666 3014 27 75 P

2057 3014 121 75 middle
