<?xml version="1.0" encoding="UTF-8"?>
<alto xmlns="http://www.loc.gov/standards/alto/v3/alto.xsd"><Description><MeasurementUnit>pixel</MeasurementUnit><sourceImageInformation><fileName>./data/pdfs/c_188936619/i_144133901/188082693.23.pdf</fileName></sourceImageInformation><OCRProcessing ID="IdOcr"><ocrProcessingStep><processingDateTime>Fri Jul 12 10:37:16 2019
</processingDateTime><processingSoftware><softwareCreator>CONTRIBUTORS</softwareCreator><softwareName>pdfalto</softwareName><softwareVersion>0.1</softwareVersion></processingSoftware></ocrProcessingStep></OCRProcessing></Description><Styles><TextStyle ID="font0" FONTFAMILY="times" FONTSIZE="10.000" FONTTYPE="serif" FONTWIDTH="proportional" FONTCOLOR="#WWWWWW" FONTSTYLE=""/><TextStyle ID="font1" FONTFAMILY="times" FONTSIZE="6.500" FONTTYPE="serif" FONTWIDTH="proportional" FONTCOLOR="#WWWWWW" FONTSTYLE="superscript"/></Styles><Layout><Page ID="Page301" PHYSICAL_IMG_NR="301" WIDTH="2428" HEIGHT="3377"><PrintSpace><TextLine WIDTH="192" HEIGHT="75" ID="p301_t1" HPOS="165" VPOS="117"><String ID="p301_w1" CONTENT="Part" HPOS="165" VPOS="117" WIDTH="99" HEIGHT="75" STYLEREFS="font0"/><SP WIDTH="21" VPOS="117" HPOS="264"/><String ID="p301_w2" CONTENT="VI." HPOS="285" VPOS="117" WIDTH="72" HEIGHT="75" STYLEREFS="font0"/></TextLine><TextLine WIDTH="516" HEIGHT="75" ID="p301_t2" HPOS="733" VPOS="117"><String ID="p301_w3" CONTENT="ANA" HPOS="733" VPOS="117" WIDTH="358" HEIGHT="75" STYLEREFS="font0"/><SP WIDTH="117" VPOS="117" HPOS="1091"/><String ID="p301_w4" CONTENT="T" HPOS="1208" VPOS="117" WIDTH="41" HEIGHT="75" STYLEREFS="font0"/></TextLine><TextLine WIDTH="1030" HEIGHT="75" ID="p301_t3" HPOS="162" VPOS="186"><String ID="p301_w5" CONTENT="Thofe" HPOS="162" VPOS="186" WIDTH="112" HEIGHT="75" STYLEREFS="font0"/><SP WIDTH="15" VPOS="186" HPOS="274"/><String ID="p301_w6" CONTENT="which" HPOS="289" VPOS="186" WIDTH="107" HEIGHT="75" STYLEREFS="font0"/><SP WIDTH="16" VPOS="186" HPOS="396"/><String ID="p301_w7" CONTENT="are" HPOS="412" VPOS="186" WIDTH="52" HEIGHT="75" STYLEREFS="font0"/><SP WIDTH="17" VPOS="186" HPOS="464"/><String ID="p301_w8" CONTENT="found" HPOS="481" VPOS="186" WIDTH="101" HEIGHT="75" STYLEREFS="font0"/><SP WIDTH="15" VPOS="186" HPOS="582"/><String ID="p301_w9" CONTENT="in" HPOS="597" VPOS="186" WIDTH="34" HEIGHT="75" STYLEREFS="font0"/><SP WIDTH="15" VPOS="186" HPOS="631"/><String ID="p301_w10" CONTENT="the" HPOS="646" VPOS="186" WIDTH="56" HEIGHT="75" STYLEREFS="font0"/><SP WIDTH="19" VPOS="186" HPOS="702"/><String ID="p301_w11" CONTENT="hairy" HPOS="721" VPOS="186" WIDTH="92" HEIGHT="75" STYLEREFS="font0"/><SP WIDTH="16" VPOS="186" HPOS="813"/><String ID="p301_w12" CONTENT="fcalp," HPOS="829" VPOS="186" WIDTH="97" HEIGHT="75" STYLEREFS="font0"/><SP WIDTH="24" VPOS="186" HPOS="926"/><String ID="p301_w13" CONTENT="fcrotum," HPOS="950" VPOS="186" WIDTH="152" HEIGHT="75" STYLEREFS="font0"/><SP WIDTH="25" VPOS="186" HPOS="1102"/><String ID="p301_w14" CONTENT="&lt;bc." HPOS="1127" VPOS="186" WIDTH="65" HEIGHT="75" STYLEREFS="font0"/></TextLine><TextLine WIDTH="402" HEIGHT="75" ID="p301_t4" HPOS="166" VPOS="232"><String ID="p301_w15" CONTENT="are" HPOS="166" VPOS="232" WIDTH="53" HEIGHT="75" STYLEREFS="font0"/><SP WIDTH="15" VPOS="232" HPOS="219"/><String ID="p301_w16" CONTENT="fail" HPOS="234" VPOS="232" WIDTH="62" HEIGHT="75" STYLEREFS="font0"/><SP WIDTH="10" VPOS="232" HPOS="296"/><String ID="p301_w17" CONTENT="of" HPOS="306" VPOS="232" WIDTH="41" HEIGHT="75" STYLEREFS="font0"/><SP WIDTH="10" VPOS="232" HPOS="347"/><String ID="p301_w18" CONTENT="other" HPOS="357" VPOS="232" WIDTH="94" HEIGHT="75" STYLEREFS="font0"/><SP WIDTH="9" VPOS="232" HPOS="451"/><String ID="p301_w19" CONTENT="kinds." HPOS="460" VPOS="232" WIDTH="108" HEIGHT="75" STYLEREFS="font0"/></TextLine><TextLine WIDTH="984" HEIGHT="75" ID="p301_t5" HPOS="211" VPOS="279"><String ID="p301_w20" CONTENT="The" HPOS="211" VPOS="279" WIDTH="77" HEIGHT="75" STYLEREFS="font0"/><SP WIDTH="13" VPOS="279" HPOS="288"/><String ID="p301_w21" CONTENT="papillae" HPOS="301" VPOS="279" WIDTH="124" HEIGHT="75" STYLEREFS="font0"/><SP WIDTH="17" VPOS="279" HPOS="425"/><String ID="p301_w22" CONTENT="of" HPOS="442" VPOS="279" WIDTH="41" HEIGHT="75" STYLEREFS="font0"/><SP WIDTH="21" VPOS="279" HPOS="483"/><String ID="p301_w23" CONTENT="the" HPOS="504" VPOS="279" WIDTH="55" HEIGHT="75" STYLEREFS="font0"/><SP WIDTH="16" VPOS="279" HPOS="559"/><String ID="p301_w24" CONTENT="firft" HPOS="575" VPOS="279" WIDTH="64" HEIGHT="75" STYLEREFS="font0"/><SP WIDTH="17" VPOS="279" HPOS="639"/><String ID="p301_w25" CONTENT="and" HPOS="656" VPOS="279" WIDTH="62" HEIGHT="75" STYLEREFS="font0"/><SP WIDTH="15" VPOS="279" HPOS="718"/><String ID="p301_w26" CONTENT="fecond" HPOS="733" VPOS="279" WIDTH="117" HEIGHT="75" STYLEREFS="font0"/><SP WIDTH="11" VPOS="279" HPOS="850"/><String ID="p301_w27" CONTENT="kinds" HPOS="861" VPOS="279" WIDTH="94" HEIGHT="75" STYLEREFS="font0"/><SP WIDTH="18" VPOS="279" HPOS="955"/><String ID="p301_w28" CONTENT="appear" HPOS="973" VPOS="279" WIDTH="115" HEIGHT="75" STYLEREFS="font0"/><SP WIDTH="16" VPOS="279" HPOS="1088"/><String ID="p301_w29" CONTENT="to" HPOS="1104" VPOS="279" WIDTH="35" HEIGHT="75" STYLEREFS="font0"/><SP WIDTH="17" VPOS="279" HPOS="1139"/><String ID="p301_w30" CONTENT="be" HPOS="1156" VPOS="279" WIDTH="39" HEIGHT="75" STYLEREFS="font0"/></TextLine><TextLine WIDTH="1037" HEIGHT="75" ID="p301_t6" HPOS="164" VPOS="325"><String ID="p301_w31" CONTENT="furrounded" HPOS="164" VPOS="325" WIDTH="198" HEIGHT="75" STYLEREFS="font0"/><SP WIDTH="28" VPOS="325" HPOS="362"/><String ID="p301_w32" CONTENT="at" HPOS="390" VPOS="325" WIDTH="31" HEIGHT="75" STYLEREFS="font0"/><SP WIDTH="28" VPOS="325" HPOS="421"/><String ID="p301_w33" CONTENT="their" HPOS="449" VPOS="325" WIDTH="84" HEIGHT="75" STYLEREFS="font0"/><SP WIDTH="22" VPOS="325" HPOS="533"/><String ID="p301_w34" CONTENT="bales" HPOS="555" VPOS="325" WIDTH="88" HEIGHT="75" STYLEREFS="font0"/><SP WIDTH="27" VPOS="325" HPOS="643"/><String ID="p301_w35" CONTENT="by" HPOS="670" VPOS="325" WIDTH="44" HEIGHT="75" STYLEREFS="font0"/><SP WIDTH="27" VPOS="325" HPOS="714"/><String ID="p301_w36" CONTENT="a" HPOS="741" VPOS="325" WIDTH="20" HEIGHT="75" STYLEREFS="font0"/><SP WIDTH="27" VPOS="325" HPOS="761"/><String ID="p301_w37" CONTENT="foft" HPOS="788" VPOS="325" WIDTH="65" HEIGHT="75" STYLEREFS="font0"/><SP WIDTH="27" VPOS="325" HPOS="853"/><String ID="p301_w38" CONTENT="mucilaginous" HPOS="880" VPOS="325" WIDTH="229" HEIGHT="75" STYLEREFS="font0"/><SP WIDTH="26" VPOS="325" HPOS="1109"/><String ID="p301_w39" CONTENT="and," HPOS="1135" VPOS="325" WIDTH="66" HEIGHT="75" STYLEREFS="font0"/></TextLine><TextLine WIDTH="1031" HEIGHT="75" ID="p301_t7" HPOS="165" VPOS="371"><String ID="p301_w40" CONTENT="pretty" HPOS="165" VPOS="371" WIDTH="108" HEIGHT="75" STYLEREFS="font0"/><SP WIDTH="15" VPOS="371" HPOS="273"/><String ID="p301_w41" CONTENT="vifcid" HPOS="288" VPOS="371" WIDTH="98" HEIGHT="75" STYLEREFS="font0"/><SP WIDTH="15" VPOS="371" HPOS="386"/><String ID="p301_w42" CONTENT="fubliance," HPOS="401" VPOS="371" WIDTH="173" HEIGHT="75" STYLEREFS="font0"/><SP WIDTH="25" VPOS="371" HPOS="574"/><String ID="p301_w43" CONTENT="which" HPOS="599" VPOS="371" WIDTH="105" HEIGHT="75" STYLEREFS="font0"/><SP WIDTH="17" VPOS="371" HPOS="704"/><String ID="p301_w44" CONTENT="fills" HPOS="721" VPOS="371" WIDTH="62" HEIGHT="75" STYLEREFS="font0"/><SP WIDTH="13" VPOS="371" HPOS="783"/><String ID="p301_w45" CONTENT="the" HPOS="796" VPOS="371" WIDTH="56" HEIGHT="75" STYLEREFS="font0"/><SP WIDTH="11" VPOS="371" HPOS="852"/><String ID="p301_w46" CONTENT="ioteiftices" HPOS="863" VPOS="371" WIDTH="172" HEIGHT="75" STYLEREFS="font0"/><SP WIDTH="18" VPOS="371" HPOS="1035"/><String ID="p301_w47" CONTENT="between" HPOS="1053" VPOS="371" WIDTH="143" HEIGHT="75" STYLEREFS="font0"/></TextLine><TextLine WIDTH="1036" HEIGHT="75" ID="p301_t8" HPOS="165" VPOS="417"><String ID="p301_w48" CONTENT="them," HPOS="165" VPOS="417" WIDTH="101" HEIGHT="75" STYLEREFS="font0"/><SP WIDTH="24" VPOS="417" HPOS="266"/><String ID="p301_w49" CONTENT="and" HPOS="290" VPOS="417" WIDTH="63" HEIGHT="75" STYLEREFS="font0"/><SP WIDTH="27" VPOS="417" HPOS="353"/><String ID="p301_w50" CONTENT="reprefents" HPOS="380" VPOS="417" WIDTH="175" HEIGHT="75" STYLEREFS="font0"/><SP WIDTH="26" VPOS="417" HPOS="555"/><String ID="p301_w51" CONTENT="a" HPOS="581" VPOS="417" WIDTH="17" HEIGHT="75" STYLEREFS="font0"/><SP WIDTH="22" VPOS="417" HPOS="598"/><String ID="p301_w52" CONTENT="kind," HPOS="620" VPOS="417" WIDTH="90" HEIGHT="75" STYLEREFS="font0"/><SP WIDTH="13" VPOS="417" HPOS="710"/><String ID="p301_w53" CONTENT="of" HPOS="723" VPOS="417" WIDTH="41" HEIGHT="75" STYLEREFS="font0"/><SP WIDTH="19" VPOS="417" HPOS="764"/><String ID="p301_w54" CONTENT="net-work" HPOS="783" VPOS="417" WIDTH="161" HEIGHT="75" STYLEREFS="font0"/><SP WIDTH="23" VPOS="417" HPOS="944"/><String ID="p301_w55" CONTENT="or" HPOS="967" VPOS="417" WIDTH="37" HEIGHT="75" STYLEREFS="font0"/><SP WIDTH="16" VPOS="417" HPOS="1004"/><String ID="p301_w56" CONTENT="heve," HPOS="1020" VPOS="417" WIDTH="94" HEIGHT="75" STYLEREFS="font0"/><SP WIDTH="27" VPOS="417" HPOS="1114"/><String ID="p301_w57" CONTENT="the-" HPOS="1141" VPOS="417" WIDTH="60" HEIGHT="75" STYLEREFS="font0"/></TextLine><TextLine WIDTH="1030" HEIGHT="75" ID="p301_t9" HPOS="166" VPOS="463"><String ID="p301_w58" CONTENT="maihes" HPOS="166" VPOS="463" WIDTH="119" HEIGHT="75" STYLEREFS="font0"/><SP WIDTH="24" VPOS="463" HPOS="285"/><String ID="p301_w59" CONTENT="or" HPOS="309" VPOS="463" WIDTH="38" HEIGHT="75" STYLEREFS="font0"/><SP WIDTH="22" VPOS="463" HPOS="347"/><String ID="p301_w60" CONTENT="holes" HPOS="369" VPOS="463" WIDTH="92" HEIGHT="75" STYLEREFS="font0"/><SP WIDTH="23" VPOS="463" HPOS="461"/><String ID="p301_w61" CONTENT="of" HPOS="484" VPOS="463" WIDTH="39" HEIGHT="75" STYLEREFS="font0"/><SP WIDTH="21" VPOS="463" HPOS="523"/><String ID="p301_w62" CONTENT="which" HPOS="544" VPOS="463" WIDTH="105" HEIGHT="75" STYLEREFS="font0"/><SP WIDTH="18" VPOS="463" HPOS="649"/><String ID="p301_w63" CONTENT="furround" HPOS="667" VPOS="463" WIDTH="158" HEIGHT="75" STYLEREFS="font0"/><SP WIDTH="14" VPOS="463" HPOS="825"/><String ID="p301_w64" CONTENT="each" HPOS="839" VPOS="463" WIDTH="77" HEIGHT="75" STYLEREFS="font0"/><SP WIDTH="18" VPOS="463" HPOS="916"/><String ID="p301_w65" CONTENT="papilla." HPOS="934" VPOS="463" WIDTH="128" HEIGHT="75" STYLEREFS="font0"/><SP WIDTH="50" VPOS="463" HPOS="1062"/><String ID="p301_w66" CONTENT="Tins" HPOS="1112" VPOS="463" WIDTH="84" HEIGHT="75" STYLEREFS="font0"/></TextLine><TextLine WIDTH="1031" HEIGHT="75" ID="p301_t10" HPOS="164" VPOS="512"><String ID="p301_w67" CONTENT="fubftance" HPOS="164" VPOS="512" WIDTH="161" HEIGHT="75" STYLEREFS="font0"/><SP WIDTH="23" VPOS="512" HPOS="325"/><String ID="p301_w68" CONTENT="is" HPOS="348" VPOS="512" WIDTH="26" HEIGHT="75" STYLEREFS="font0"/><SP WIDTH="24" VPOS="512" HPOS="374"/><String ID="p301_w69" CONTENT="commonly" HPOS="398" VPOS="512" WIDTH="183" HEIGHT="75" STYLEREFS="font0"/><SP WIDTH="16" VPOS="512" HPOS="581"/><String ID="p301_w70" CONTENT="called" HPOS="597" VPOS="512" WIDTH="103" HEIGHT="75" STYLEREFS="font0"/><SP WIDTH="16" VPOS="512" HPOS="700"/><String ID="p301_w71" CONTENT="corpus" HPOS="716" VPOS="512" WIDTH="111" HEIGHT="75" STYLEREFS="font0"/><SP WIDTH="23" VPOS="512" HPOS="827"/><String ID="p301_w72" CONTENT="reticuLxre," HPOS="850" VPOS="512" WIDTH="191" HEIGHT="75" STYLEREFS="font0"/><SP WIDTH="23" VPOS="512" HPOS="1041"/><String ID="p301_w73" CONTENT="or" HPOS="1064" VPOS="512" WIDTH="39" HEIGHT="75" STYLEREFS="font0"/><SP WIDTH="23" VPOS="512" HPOS="1103"/><String ID="p301_w74" CONTENT="mu-" HPOS="1126" VPOS="512" WIDTH="69" HEIGHT="75" STYLEREFS="font0"/></TextLine><TextLine WIDTH="116" HEIGHT="75" ID="p301_t11" HPOS="164" VPOS="555"><String ID="p301_w75" CONTENT="eojtm." HPOS="164" VPOS="555" WIDTH="116" HEIGHT="75" STYLEREFS="font0"/></TextLine><TextLine WIDTH="985" HEIGHT="75" ID="p301_t12" HPOS="212" VPOS="602"><String ID="p301_w76" CONTENT="This" HPOS="212" VPOS="602" WIDTH="84" HEIGHT="75" STYLEREFS="font0"/><SP WIDTH="22" VPOS="602" HPOS="296"/><String ID="p301_w77" CONTENT="vafcular" HPOS="318" VPOS="602" WIDTH="143" HEIGHT="75" STYLEREFS="font0"/><SP WIDTH="23" VPOS="602" HPOS="461"/><String ID="p301_w78" CONTENT="texture" HPOS="484" VPOS="602" WIDTH="132" HEIGHT="75" STYLEREFS="font0"/><SP WIDTH="16" VPOS="602" HPOS="616"/><String ID="p301_w79" CONTENT="is" HPOS="632" VPOS="602" WIDTH="26" HEIGHT="75" STYLEREFS="font0"/><SP WIDTH="18" VPOS="602" HPOS="658"/><String ID="p301_w80" CONTENT="of" HPOS="676" VPOS="602" WIDTH="40" HEIGHT="75" STYLEREFS="font0"/><SP WIDTH="19" VPOS="602" HPOS="716"/><String ID="p301_w81" CONTENT="various" HPOS="735" VPOS="602" WIDTH="125" HEIGHT="75" STYLEREFS="font0"/><SP WIDTH="18" VPOS="602" HPOS="860"/><String ID="p301_w82" CONTENT="forms" HPOS="878" VPOS="602" WIDTH="99" HEIGHT="75" STYLEREFS="font0"/><SP WIDTH="21" VPOS="602" HPOS="977"/><String ID="p301_w83" CONTENT=".and" HPOS="998" VPOS="602" WIDTH="66" HEIGHT="75" STYLEREFS="font0"/><SP WIDTH="16" VPOS="602" HPOS="1064"/><String ID="p301_w84" CONTENT="figures" HPOS="1080" VPOS="602" WIDTH="117" HEIGHT="75" STYLEREFS="font0"/></TextLine><TextLine WIDTH="607" HEIGHT="75" ID="p301_t13" HPOS="165" VPOS="649"><String ID="p301_w85" CONTENT="in" HPOS="165" VPOS="649" WIDTH="30" HEIGHT="75" STYLEREFS="font0"/><SP WIDTH="13" VPOS="649" HPOS="195"/><String ID="p301_w86" CONTENT="the" HPOS="208" VPOS="649" WIDTH="56" HEIGHT="75" STYLEREFS="font0"/><SP WIDTH="13" VPOS="649" HPOS="264"/><String ID="p301_w87" CONTENT="different" HPOS="277" VPOS="649" WIDTH="150" HEIGHT="75" STYLEREFS="font0"/><SP WIDTH="11" VPOS="649" HPOS="427"/><String ID="p301_w88" CONTENT="parts" HPOS="438" VPOS="649" WIDTH="87" HEIGHT="75" STYLEREFS="font0"/><SP WIDTH="17" VPOS="649" HPOS="525"/><String ID="p301_w89" CONTENT="of" HPOS="542" VPOS="649" WIDTH="42" HEIGHT="75" STYLEREFS="font0"/><SP WIDTH="18" VPOS="649" HPOS="584"/><String ID="p301_w90" CONTENT="the" HPOS="602" VPOS="649" WIDTH="54" HEIGHT="75" STYLEREFS="font0"/><SP WIDTH="17" VPOS="649" HPOS="656"/><String ID="p301_w91" CONTENT="body." HPOS="673" VPOS="649" WIDTH="99" HEIGHT="75" STYLEREFS="font0"/></TextLine><TextLine WIDTH="985" HEIGHT="75" ID="p301_t14" HPOS="213" VPOS="695"><String ID="p301_w92" CONTENT="The" HPOS="213" VPOS="695" WIDTH="75" HEIGHT="75" STYLEREFS="font0"/><SP WIDTH="16" VPOS="695" HPOS="288"/><String ID="p301_w93" CONTENT="inner" HPOS="304" VPOS="695" WIDTH="90" HEIGHT="75" STYLEREFS="font0"/><SP WIDTH="15" VPOS="695" HPOS="394"/><String ID="p301_w94" CONTENT="furface" HPOS="409" VPOS="695" WIDTH="124" HEIGHT="75" STYLEREFS="font0"/><SP WIDTH="19" VPOS="695" HPOS="533"/><String ID="p301_w95" CONTENT="of" HPOS="552" VPOS="695" WIDTH="40" HEIGHT="75" STYLEREFS="font0"/><SP WIDTH="19" VPOS="695" HPOS="592"/><String ID="p301_w96" CONTENT="the" HPOS="611" VPOS="695" WIDTH="55" HEIGHT="75" STYLEREFS="font0"/><SP WIDTH="14" VPOS="695" HPOS="666"/><String ID="p301_w97" CONTENT="fkin" HPOS="680" VPOS="695" WIDTH="68" HEIGHT="75" STYLEREFS="font0"/><SP WIDTH="17" VPOS="695" HPOS="748"/><String ID="p301_w98" CONTENT="is" HPOS="765" VPOS="695" WIDTH="26" HEIGHT="75" STYLEREFS="font0"/><SP WIDTH="22" VPOS="695" HPOS="791"/><String ID="p301_w99" CONTENT="covered" HPOS="813" VPOS="695" WIDTH="135" HEIGHT="75" STYLEREFS="font0"/><SP WIDTH="18" VPOS="695" HPOS="948"/><String ID="p301_w100" CONTENT="by" HPOS="966" VPOS="695" WIDTH="42" HEIGHT="75" STYLEREFS="font0"/><SP WIDTH="11" VPOS="695" HPOS="1008"/><String ID="p301_w101" CONTENT="very" HPOS="1019" VPOS="695" WIDTH="78" HEIGHT="75" STYLEREFS="font0"/><SP WIDTH="11" VPOS="695" HPOS="1097"/><String ID="p301_w102" CONTENT="fmall" HPOS="1108" VPOS="695" WIDTH="90" HEIGHT="75" STYLEREFS="font0"/></TextLine><TextLine WIDTH="1031" HEIGHT="75" ID="p301_t15" HPOS="166" VPOS="741"><String ID="p301_w103" CONTENT="tubercles," HPOS="166" VPOS="741" WIDTH="171" HEIGHT="75" STYLEREFS="font0"/><SP WIDTH="29" VPOS="741" HPOS="337"/><String ID="p301_w104" CONTENT="commonly" HPOS="366" VPOS="741" WIDTH="182" HEIGHT="75" STYLEREFS="font0"/><SP WIDTH="27" VPOS="741" HPOS="548"/><String ID="p301_w105" CONTENT="called" HPOS="575" VPOS="741" WIDTH="104" HEIGHT="75" STYLEREFS="font0"/><SP WIDTH="23" VPOS="741" HPOS="679"/><String ID="p301_w106" CONTENT="cutaneous" HPOS="702" VPOS="741" WIDTH="173" HEIGHT="75" STYLEREFS="font0"/><SP WIDTH="9" VPOS="741" HPOS="875"/><String ID="p301_w107" CONTENT="glands," HPOS="884" VPOS="741" WIDTH="133" HEIGHT="75" STYLEREFS="font0"/><SP WIDTH="26" VPOS="741" HPOS="1017"/><String ID="p301_w108" CONTENT="or" HPOS="1043" VPOS="741" WIDTH="37" HEIGHT="75" STYLEREFS="font0"/><SP WIDTH="17" VPOS="741" HPOS="1080"/><String ID="p301_w109" CONTENT="gian-" HPOS="1097" VPOS="741" WIDTH="100" HEIGHT="75" STYLEREFS="font0"/></TextLine><TextLine WIDTH="256" HEIGHT="75" ID="p301_t16" HPOS="168" VPOS="786"><String ID="p301_w110" CONTENT="dula" HPOS="168" VPOS="786" WIDTH="83" HEIGHT="75" STYLEREFS="font0"/><SP WIDTH="16" VPOS="786" HPOS="251"/><String ID="p301_w111" CONTENT="mill" HPOS="267" VPOS="786" WIDTH="73" HEIGHT="75" STYLEREFS="font0"/><SP WIDTH="2" VPOS="786" HPOS="340"/><String ID="p301_w112" CONTENT="ares," HPOS="342" VPOS="786" WIDTH="82" HEIGHT="75" STYLEREFS="font0"/></TextLine><TextLine WIDTH="985" HEIGHT="75" ID="p301_t17" HPOS="211" VPOS="833"><String ID="p301_w113" CONTENT="Thefe" HPOS="211" VPOS="833" WIDTH="108" HEIGHT="75" STYLEREFS="font0"/><SP WIDTH="23" VPOS="833" HPOS="319"/><String ID="p301_w114" CONTENT="tubercles" HPOS="342" VPOS="833" WIDTH="158" HEIGHT="75" STYLEREFS="font0"/><SP WIDTH="28" VPOS="833" HPOS="500"/><String ID="p301_w115" CONTENT="are" HPOS="528" VPOS="833" WIDTH="53" HEIGHT="75" STYLEREFS="font0"/><SP WIDTH="25" VPOS="833" HPOS="581"/><String ID="p301_w116" CONTENT="partly" HPOS="606" VPOS="833" WIDTH="109" HEIGHT="75" STYLEREFS="font0"/><SP WIDTH="25" VPOS="833" HPOS="715"/><String ID="p301_w117" CONTENT="fixed" HPOS="740" VPOS="833" WIDTH="88" HEIGHT="75" STYLEREFS="font0"/><SP WIDTH="23" VPOS="833" HPOS="828"/><String ID="p301_w118" CONTENT="in" HPOS="851" VPOS="833" WIDTH="31" HEIGHT="75" STYLEREFS="font0"/><SP WIDTH="18" VPOS="833" HPOS="882"/><String ID="p301_w119" CONTENT="fmall" HPOS="900" VPOS="833" WIDTH="89" HEIGHT="75" STYLEREFS="font0"/><SP WIDTH="17" VPOS="833" HPOS="989"/><String ID="p301_w120" CONTENT="foffulae," HPOS="1006" VPOS="833" WIDTH="133" HEIGHT="75" STYLEREFS="font0"/><SP WIDTH="25" VPOS="833" HPOS="1139"/><String ID="p301_w121" CONTENT="in" HPOS="1164" VPOS="833" WIDTH="32" HEIGHT="75" STYLEREFS="font0"/></TextLine><TextLine WIDTH="1031" HEIGHT="75" ID="p301_t18" HPOS="165" VPOS="879"><String ID="p301_w122" CONTENT="the" HPOS="165" VPOS="879" WIDTH="56" HEIGHT="75" STYLEREFS="font0"/><SP WIDTH="26" VPOS="879" HPOS="221"/><String ID="p301_w123" CONTENT="fubftance" HPOS="247" VPOS="879" WIDTH="160" HEIGHT="75" STYLEREFS="font0"/><SP WIDTH="29" VPOS="879" HPOS="407"/><String ID="p301_w124" CONTENT="of" HPOS="436" VPOS="879" WIDTH="39" HEIGHT="75" STYLEREFS="font0"/><SP WIDTH="19" VPOS="879" HPOS="475"/><String ID="p301_w125" CONTENT="the" HPOS="494" VPOS="879" WIDTH="56" HEIGHT="75" STYLEREFS="font0"/><SP WIDTH="22" VPOS="879" HPOS="550"/><String ID="p301_w126" CONTENT="flcin," HPOS="572" VPOS="879" WIDTH="79" HEIGHT="75" STYLEREFS="font0"/><SP WIDTH="34" VPOS="879" HPOS="651"/><String ID="p301_w127" CONTENT="winch" HPOS="685" VPOS="879" WIDTH="105" HEIGHT="75" STYLEREFS="font0"/><SP WIDTH="29" VPOS="879" HPOS="790"/><String ID="p301_w128" CONTENT="anlvver" HPOS="819" VPOS="879" WIDTH="120" HEIGHT="75" STYLEREFS="font0"/><SP WIDTH="28" VPOS="879" HPOS="939"/><String ID="p301_w129" CONTENT="to" HPOS="967" VPOS="879" WIDTH="34" HEIGHT="75" STYLEREFS="font0"/><SP WIDTH="20" VPOS="879" HPOS="1001"/><String ID="p301_w130" CONTENT=".the" HPOS="1021" VPOS="879" WIDTH="64" HEIGHT="75" STYLEREFS="font0"/><SP WIDTH="27" VPOS="879" HPOS="1085"/><String ID="p301_w131" CONTENT="fame" HPOS="1112" VPOS="879" WIDTH="84" HEIGHT="75" STYLEREFS="font0"/></TextLine><TextLine WIDTH="1032" HEIGHT="75" ID="p301_t19" HPOS="165" VPOS="925"><String ID="p301_w132" CONTENT="number" HPOS="165" VPOS="925" WIDTH="133" HEIGHT="75" STYLEREFS="font0"/><SP WIDTH="15" VPOS="925" HPOS="298"/><String ID="p301_w133" CONTENT="of" HPOS="313" VPOS="925" WIDTH="40" HEIGHT="75" STYLEREFS="font0"/><SP WIDTH="19" VPOS="925" HPOS="353"/><String ID="p301_w134" CONTENT="fmall" HPOS="372" VPOS="925" WIDTH="90" HEIGHT="75" STYLEREFS="font0"/><SP WIDTH="16" VPOS="925" HPOS="462"/><String ID="p301_w135" CONTENT="cavities" HPOS="478" VPOS="925" WIDTH="130" HEIGHT="75" STYLEREFS="font0"/><SP WIDTH="16" VPOS="925" HPOS="608"/><String ID="p301_w136" CONTENT="in" HPOS="624" VPOS="925" WIDTH="32" HEIGHT="75" STYLEREFS="font0"/><SP WIDTH="18" VPOS="925" HPOS="656"/><String ID="p301_w137" CONTENT="the" HPOS="674" VPOS="925" WIDTH="55" HEIGHT="75" STYLEREFS="font0"/><SP WIDTH="17" VPOS="925" HPOS="729"/><String ID="p301_w138" CONTENT="corpus" HPOS="746" VPOS="925" WIDTH="114" HEIGHT="75" STYLEREFS="font0"/><SP WIDTH="17" VPOS="925" HPOS="860"/><String ID="p301_w139" CONTENT="aclipofurn." HPOS="877" VPOS="925" WIDTH="176" HEIGHT="75" STYLEREFS="font0"/><SP WIDTH="39" VPOS="925" HPOS="1053"/><String ID="p301_w140" CONTENT="Their" HPOS="1092" VPOS="925" WIDTH="105" HEIGHT="75" STYLEREFS="font0"/></TextLine><TextLine WIDTH="1030" HEIGHT="75" ID="p301_t20" HPOS="166" VPOS="970"><String ID="p301_w141" CONTENT="excretory" HPOS="166" VPOS="970" WIDTH="170" HEIGHT="75" STYLEREFS="font0"/><SP WIDTH="15" VPOS="970" HPOS="336"/><String ID="p301_w142" CONTENT="dudls" HPOS="351" VPOS="970" WIDTH="89" HEIGHT="75" STYLEREFS="font0"/><SP WIDTH="24" VPOS="970" HPOS="440"/><String ID="p301_w143" CONTENT="open" HPOS="464" VPOS="970" WIDTH="81" HEIGHT="75" STYLEREFS="font0"/><SP WIDTH="25" VPOS="970" HPOS="545"/><String ID="p301_w144" CONTENT="on" HPOS="570" VPOS="970" WIDTH="43" HEIGHT="75" STYLEREFS="font0"/><SP WIDTH="27" VPOS="970" HPOS="613"/><String ID="p301_w145" CONTENT="the" HPOS="640" VPOS="970" WIDTH="57" HEIGHT="75" STYLEREFS="font0"/><SP WIDTH="23" VPOS="970" HPOS="697"/><String ID="p301_w146" CONTENT="outer" HPOS="720" VPOS="970" WIDTH="101" HEIGHT="75" STYLEREFS="font0"/><SP WIDTH="17" VPOS="970" HPOS="821"/><String ID="p301_w147" CONTENT="furfaqe" HPOS="838" VPOS="970" WIDTH="125" HEIGHT="75" STYLEREFS="font0"/><SP WIDTH="16" VPOS="970" HPOS="963"/><String ID="p301_w148" CONTENT="of" HPOS="979" VPOS="970" WIDTH="40" HEIGHT="75" STYLEREFS="font0"/><SP WIDTH="19" VPOS="970" HPOS="1019"/><String ID="p301_w149" CONTENT="the" HPOS="1038" VPOS="970" WIDTH="55" HEIGHT="75" STYLEREFS="font0"/><SP WIDTH="23" VPOS="970" HPOS="1093"/><String ID="p301_w150" CONTENT="fkin," HPOS="1116" VPOS="970" WIDTH="80" HEIGHT="75" STYLEREFS="font0"/></TextLine><TextLine WIDTH="1039" HEIGHT="75" ID="p301_t21" HPOS="165" VPOS="1018"><String ID="p301_w151" CONTENT="fometimes" HPOS="165" VPOS="1018" WIDTH="179" HEIGHT="75" STYLEREFS="font0"/><SP WIDTH="16" VPOS="1018" HPOS="344"/><String ID="p301_w152" CONTENT="in" HPOS="360" VPOS="1018" WIDTH="33" HEIGHT="75" STYLEREFS="font0"/><SP WIDTH="15" VPOS="1018" HPOS="393"/><String ID="p301_w153" CONTENT="the" HPOS="408" VPOS="1018" WIDTH="56" HEIGHT="75" STYLEREFS="font0"/><SP WIDTH="16" VPOS="1018" HPOS="464"/><String ID="p301_w154" CONTENT="papillae," HPOS="480" VPOS="1018" WIDTH="138" HEIGHT="75" STYLEREFS="font0"/><SP WIDTH="25" VPOS="1018" HPOS="618"/><String ID="p301_w155" CONTENT="and" HPOS="643" VPOS="1018" WIDTH="64" HEIGHT="75" STYLEREFS="font0"/><SP WIDTH="21" VPOS="1018" HPOS="707"/><String ID="p301_w156" CONTENT="fometimes" HPOS="728" VPOS="1018" WIDTH="178" HEIGHT="75" STYLEREFS="font0"/><SP WIDTH="23" VPOS="1018" HPOS="906"/><String ID="p301_w157" CONTENT="on" HPOS="929" VPOS="1018" WIDTH="41" HEIGHT="75" STYLEREFS="font0"/><SP WIDTH="23" VPOS="1018" HPOS="970"/><String ID="p301_w158" CONTENT="one" HPOS="993" VPOS="1018" WIDTH="60" HEIGHT="75" STYLEREFS="font0"/><SP WIDTH="23" VPOS="1018" HPOS="1053"/><String ID="p301_w159" CONTENT="fide" HPOS="1076" VPOS="1018" WIDTH="63" HEIGHT="75" STYLEREFS="font0"/><SP WIDTH="23" VPOS="1018" HPOS="1139"/><String ID="p301_w160" CONTENT="of" HPOS="1162" VPOS="1018" WIDTH="42" HEIGHT="75" STYLEREFS="font0"/></TextLine><TextLine WIDTH="101" HEIGHT="75" ID="p301_t22" HPOS="166" VPOS="1061"><String ID="p301_w161" CONTENT="tirem." HPOS="166" VPOS="1061" WIDTH="101" HEIGHT="75" STYLEREFS="font0"/></TextLine><TextLine WIDTH="983" HEIGHT="75" ID="p301_t23" HPOS="213" VPOS="1108"><String ID="p301_w162" CONTENT="The" HPOS="213" VPOS="1108" WIDTH="76" HEIGHT="75" STYLEREFS="font0"/><SP WIDTH="15" VPOS="1108" HPOS="289"/><String ID="p301_w163" CONTENT="gneateft" HPOS="304" VPOS="1108" WIDTH="134" HEIGHT="75" STYLEREFS="font0"/><SP WIDTH="16" VPOS="1108" HPOS="438"/><String ID="p301_w164" CONTENT="part" HPOS="454" VPOS="1108" WIDTH="72" HEIGHT="75" STYLEREFS="font0"/><SP WIDTH="16" VPOS="1108" HPOS="526"/><String ID="p301_w165" CONTENT="of" HPOS="542" VPOS="1108" WIDTH="41" HEIGHT="75" STYLEREFS="font0"/><SP WIDTH="18" VPOS="1108" HPOS="583"/><String ID="p301_w166" CONTENT="them" HPOS="601" VPOS="1108" WIDTH="88" HEIGHT="75" STYLEREFS="font0"/><SP WIDTH="17" VPOS="1108" HPOS="689"/><String ID="p301_w167" CONTENT="furnifhes" HPOS="706" VPOS="1108" WIDTH="153" HEIGHT="75" STYLEREFS="font0"/><SP WIDTH="14" VPOS="1108" HPOS="859"/><String ID="p301_w168" CONTENT="fweat," HPOS="873" VPOS="1108" WIDTH="110" HEIGHT="75" STYLEREFS="font0"/><SP WIDTH="27" VPOS="1108" HPOS="983"/><String ID="p301_w169" CONTENT="and" HPOS="1010" VPOS="1108" WIDTH="60" HEIGHT="75" STYLEREFS="font0"/><SP WIDTH="18" VPOS="1108" HPOS="1070"/><String ID="p301_w170" CONTENT="others" HPOS="1088" VPOS="1108" WIDTH="108" HEIGHT="75" STYLEREFS="font0"/></TextLine><TextLine WIDTH="1031" HEIGHT="75" ID="p301_t24" HPOS="167" VPOS="1154"><String ID="p301_w171" CONTENT="a" HPOS="167" VPOS="1154" WIDTH="18" HEIGHT="75" STYLEREFS="font0"/><SP WIDTH="17" VPOS="1154" HPOS="185"/><String ID="p301_w172" CONTENT="fatty" HPOS="202" VPOS="1154" WIDTH="83" HEIGHT="75" STYLEREFS="font0"/><SP WIDTH="17" VPOS="1154" HPOS="285"/><String ID="p301_w173" CONTENT="oily" HPOS="302" VPOS="1154" WIDTH="68" HEIGHT="75" STYLEREFS="font0"/><SP WIDTH="15" VPOS="1154" HPOS="370"/><String ID="p301_w174" CONTENT="matter" HPOS="385" VPOS="1154" WIDTH="118" HEIGHT="75" STYLEREFS="font0"/><SP WIDTH="12" VPOS="1154" HPOS="503"/><String ID="p301_w175" CONTENT="of" HPOS="515" VPOS="1154" WIDTH="40" HEIGHT="75" STYLEREFS="font0"/><SP WIDTH="11" VPOS="1154" HPOS="555"/><String ID="p301_w176" CONTENT="different" HPOS="566" VPOS="1154" WIDTH="150" HEIGHT="75" STYLEREFS="font0"/><SP WIDTH="13" VPOS="1154" HPOS="716"/><String ID="p301_w177" CONTENT="tiiickneftes," HPOS="729" VPOS="1154" WIDTH="200" HEIGHT="75" STYLEREFS="font0"/><SP WIDTH="19" VPOS="1154" HPOS="929"/><String ID="p301_w178" CONTENT="as" HPOS="948" VPOS="1154" WIDTH="32" HEIGHT="75" STYLEREFS="font0"/><SP WIDTH="14" VPOS="1154" HPOS="980"/><String ID="p301_w179" CONTENT="in" HPOS="994" VPOS="1154" WIDTH="32" HEIGHT="75" STYLEREFS="font0"/><SP WIDTH="13" VPOS="1154" HPOS="1026"/><String ID="p301_w180" CONTENT="the" HPOS="1039" VPOS="1154" WIDTH="54" HEIGHT="75" STYLEREFS="font0"/><SP WIDTH="12" VPOS="1154" HPOS="1093"/><String ID="p301_w181" CONTENT="hairy" HPOS="1105" VPOS="1154" WIDTH="93" HEIGHT="75" STYLEREFS="font0"/></TextLine><TextLine WIDTH="1031" HEIGHT="75" ID="p301_t25" HPOS="166" VPOS="1200"><String ID="p301_w182" CONTENT="fcalp," HPOS="166" VPOS="1200" WIDTH="97" HEIGHT="75" STYLEREFS="font0"/><SP WIDTH="26" VPOS="1200" HPOS="263"/><String ID="p301_w183" CONTENT="in" HPOS="289" VPOS="1200" WIDTH="32" HEIGHT="75" STYLEREFS="font0"/><SP WIDTH="24" VPOS="1200" HPOS="321"/><String ID="p301_w184" CONTENT="the" HPOS="345" VPOS="1200" WIDTH="54" HEIGHT="75" STYLEREFS="font0"/><SP WIDTH="24" VPOS="1200" HPOS="399"/><String ID="p301_w185" CONTENT="back," HPOS="423" VPOS="1200" WIDTH="93" HEIGHT="75" STYLEREFS="font0"/><SP WIDTH="27" VPOS="1200" HPOS="516"/><String ID="p301_w186" CONTENT="behind" HPOS="543" VPOS="1200" WIDTH="119" HEIGHT="75" STYLEREFS="font0"/><SP WIDTH="25" VPOS="1200" HPOS="662"/><String ID="p301_w187" CONTENT="the" HPOS="687" VPOS="1200" WIDTH="54" HEIGHT="75" STYLEREFS="font0"/><SP WIDTH="24" VPOS="1200" HPOS="741"/><String ID="p301_w188" CONTENT="ears," HPOS="765" VPOS="1200" WIDTH="80" HEIGHT="75" STYLEREFS="font0"/><SP WIDTH="28" VPOS="1200" HPOS="845"/><String ID="p301_w189" CONTENT="and" HPOS="873" VPOS="1200" WIDTH="62" HEIGHT="75" STYLEREFS="font0"/><SP WIDTH="23" VPOS="1200" HPOS="935"/><String ID="p301_w190" CONTENT="at" HPOS="958" VPOS="1200" WIDTH="32" HEIGHT="75" STYLEREFS="font0"/><SP WIDTH="25" VPOS="1200" HPOS="990"/><String ID="p301_w191" CONTENT="the" HPOS="1015" VPOS="1200" WIDTH="56" HEIGHT="75" STYLEREFS="font0"/><SP WIDTH="24" VPOS="1200" HPOS="1071"/><String ID="p301_w192" CONTENT="lower" HPOS="1095" VPOS="1200" WIDTH="102" HEIGHT="75" STYLEREFS="font0"/></TextLine><TextLine WIDTH="1031" HEIGHT="75" ID="p301_t26" HPOS="166" VPOS="1246"><String ID="p301_w193" CONTENT="part" HPOS="166" VPOS="1246" WIDTH="72" HEIGHT="75" STYLEREFS="font0"/><SP WIDTH="16" VPOS="1246" HPOS="238"/><String ID="p301_w194" CONTENT="of" HPOS="254" VPOS="1246" WIDTH="40" HEIGHT="75" STYLEREFS="font0"/><SP WIDTH="10" VPOS="1246" HPOS="294"/><String ID="p301_w195" CONTENT="the" HPOS="304" VPOS="1246" WIDTH="56" HEIGHT="75" STYLEREFS="font0"/><SP WIDTH="17" VPOS="1246" HPOS="360"/><String ID="p301_w196" CONTENT="nofe," HPOS="377" VPOS="1246" WIDTH="86" HEIGHT="75" STYLEREFS="font0"/><SP WIDTH="17" VPOS="1246" HPOS="463"/><String ID="p301_w197" CONTENT="where" HPOS="480" VPOS="1246" WIDTH="107" HEIGHT="75" STYLEREFS="font0"/><SP WIDTH="17" VPOS="1246" HPOS="587"/><String ID="p301_w198" CONTENT="this" HPOS="604" VPOS="1246" WIDTH="63" HEIGHT="75" STYLEREFS="font0"/><SP WIDTH="14" VPOS="1246" HPOS="667"/><String ID="p301_w199" CONTENT="matter" HPOS="681" VPOS="1246" WIDTH="115" HEIGHT="75" STYLEREFS="font0"/><SP WIDTH="15" VPOS="1246" HPOS="796"/><String ID="p301_w200" CONTENT="may" HPOS="811" VPOS="1246" WIDTH="73" HEIGHT="75" STYLEREFS="font0"/><SP WIDTH="17" VPOS="1246" HPOS="884"/><String ID="p301_w201" CONTENT="be" HPOS="901" VPOS="1246" WIDTH="40" HEIGHT="75" STYLEREFS="font0"/><SP WIDTH="15" VPOS="1246" HPOS="941"/><String ID="p301_w202" CONTENT="fqueezed" HPOS="956" VPOS="1246" WIDTH="159" HEIGHT="75" STYLEREFS="font0"/><SP WIDTH="11" VPOS="1246" HPOS="1115"/><String ID="p301_w203" CONTENT="out," HPOS="1126" VPOS="1246" WIDTH="71" HEIGHT="75" STYLEREFS="font0"/></TextLine><TextLine WIDTH="439" HEIGHT="75" ID="p301_t27" HPOS="166" VPOS="1293"><String ID="p301_w204" CONTENT="in" HPOS="166" VPOS="1293" WIDTH="32" HEIGHT="75" STYLEREFS="font0"/><SP WIDTH="16" VPOS="1293" HPOS="198"/><String ID="p301_w205" CONTENT="form" HPOS="214" VPOS="1293" WIDTH="84" HEIGHT="75" STYLEREFS="font0"/><SP WIDTH="13" VPOS="1293" HPOS="298"/><String ID="p301_w206" CONTENT="of" HPOS="311" VPOS="1293" WIDTH="39" HEIGHT="75" STYLEREFS="font0"/><SP WIDTH="19" VPOS="1293" HPOS="350"/><String ID="p301_w207" CONTENT="fmall" HPOS="369" VPOS="1293" WIDTH="89" HEIGHT="75" STYLEREFS="font0"/><SP WIDTH="16" VPOS="1293" HPOS="458"/><String ID="p301_w208" CONTENT="worms." HPOS="474" VPOS="1293" WIDTH="131" HEIGHT="75" STYLEREFS="font0"/></TextLine><TextLine WIDTH="984" HEIGHT="75" ID="p301_t28" HPOS="214" VPOS="1338"><String ID="p301_w209" CONTENT="Befides" HPOS="214" VPOS="1338" WIDTH="129" HEIGHT="75" STYLEREFS="font0"/><SP WIDTH="15" VPOS="1338" HPOS="343"/><String ID="p301_w210" CONTENT="thefe" HPOS="358" VPOS="1338" WIDTH="89" HEIGHT="75" STYLEREFS="font0"/><SP WIDTH="25" VPOS="1338" HPOS="447"/><String ID="p301_w211" CONTENT="corpufcles," HPOS="472" VPOS="1338" WIDTH="190" HEIGHT="75" STYLEREFS="font0"/><SP WIDTH="25" VPOS="1338" HPOS="662"/><String ID="p301_w212" CONTENT="there" HPOS="687" VPOS="1338" WIDTH="91" HEIGHT="75" STYLEREFS="font0"/><SP WIDTH="26" VPOS="1338" HPOS="778"/><String ID="p301_w213" CONTENT="are" HPOS="804" VPOS="1338" WIDTH="58" HEIGHT="75" STYLEREFS="font0"/><SP WIDTH="24" VPOS="1338" HPOS="862"/><String ID="p301_w214" CONTENT="other" HPOS="886" VPOS="1338" WIDTH="96" HEIGHT="75" STYLEREFS="font0"/><SP WIDTH="22" VPOS="1338" HPOS="982"/><String ID="p301_w215" CONTENT="fniall" HPOS="1004" VPOS="1338" WIDTH="89" HEIGHT="75" STYLEREFS="font0"/><SP WIDTH="24" VPOS="1338" HPOS="1093"/><String ID="p301_w216" CONTENT="folid" HPOS="1117" VPOS="1338" WIDTH="81" HEIGHT="75" STYLEREFS="font0"/></TextLine><TextLine WIDTH="1034" HEIGHT="75" ID="p301_t29" HPOS="166" VPOS="1384"><String ID="p301_w217" CONTENT="bodies," HPOS="166" VPOS="1384" WIDTH="126" HEIGHT="75" STYLEREFS="font0"/><SP WIDTH="25" VPOS="1384" HPOS="292"/><String ID="p301_w218" CONTENT="almoft" HPOS="317" VPOS="1384" WIDTH="110" HEIGHT="75" STYLEREFS="font0"/><SP WIDTH="16" VPOS="1384" HPOS="427"/><String ID="p301_w219" CONTENT="of" HPOS="443" VPOS="1384" WIDTH="40" HEIGHT="75" STYLEREFS="font0"/><SP WIDTH="19" VPOS="1384" HPOS="483"/><String ID="p301_w220" CONTENT="an" HPOS="502" VPOS="1384" WIDTH="39" HEIGHT="75" STYLEREFS="font0"/><SP WIDTH="25" VPOS="1384" HPOS="541"/><String ID="p301_w221" CONTENT="oval" HPOS="566" VPOS="1384" WIDTH="73" HEIGHT="75" STYLEREFS="font0"/><SP WIDTH="21" VPOS="1384" HPOS="639"/><String ID="p301_w222" CONTENT="figure," HPOS="660" VPOS="1384" WIDTH="112" HEIGHT="75" STYLEREFS="font0"/><SP WIDTH="25" VPOS="1384" HPOS="772"/><String ID="p301_w223" CONTENT="contained" HPOS="797" VPOS="1384" WIDTH="170" HEIGHT="75" STYLEREFS="font0"/><SP WIDTH="21" VPOS="1384" HPOS="967"/><String ID="p301_w224" CONTENT="in" HPOS="988" VPOS="1384" WIDTH="33" HEIGHT="75" STYLEREFS="font0"/><SP WIDTH="24" VPOS="1384" HPOS="1021"/><String ID="p301_w225" CONTENT="the" HPOS="1045" VPOS="1384" WIDTH="56" HEIGHT="75" STYLEREFS="font0"/><SP WIDTH="22" VPOS="1384" HPOS="1101"/><String ID="p301_w226" CONTENT="fuh-;" HPOS="1123" VPOS="1384" WIDTH="77" HEIGHT="75" STYLEREFS="font0"/></TextLine><TextLine WIDTH="1029" HEIGHT="75" ID="p301_t30" HPOS="168" VPOS="1429"><String ID="p301_w227" CONTENT="ftanCe" HPOS="168" VPOS="1429" WIDTH="102" HEIGHT="75" STYLEREFS="font0"/><SP WIDTH="13" VPOS="1429" HPOS="270"/><String ID="p301_w228" CONTENT="of" HPOS="283" VPOS="1429" WIDTH="44" HEIGHT="75" STYLEREFS="font0"/><SP WIDTH="18" VPOS="1429" HPOS="327"/><String ID="p301_w229" CONTENT="the" HPOS="345" VPOS="1429" WIDTH="55" HEIGHT="75" STYLEREFS="font0"/><SP WIDTH="17" VPOS="1429" HPOS="400"/><String ID="p301_w230" CONTENT="flein." HPOS="417" VPOS="1429" WIDTH="78" HEIGHT="75" STYLEREFS="font0"/><SP WIDTH="48" VPOS="1429" HPOS="495"/><String ID="p301_w231" CONTENT="'" HPOS="543" VPOS="1429" WIDTH="8" HEIGHT="75" STYLEREFS="font0"/><String ID="p301_w232" CONTENT="Thefe" HPOS="551" VPOS="1429" WIDTH="101" HEIGHT="75" STYLEREFS="font0"/><SP WIDTH="26" VPOS="1429" HPOS="652"/><String ID="p301_w233" CONTENT="are" HPOS="678" VPOS="1429" WIDTH="53" HEIGHT="75" STYLEREFS="font0"/><SP WIDTH="24" VPOS="1429" HPOS="731"/><String ID="p301_w234" CONTENT="the" HPOS="755" VPOS="1429" WIDTH="55" HEIGHT="75" STYLEREFS="font0"/><SP WIDTH="25" VPOS="1429" HPOS="810"/><String ID="p301_w235" CONTENT="roots" HPOS="835" VPOS="1429" WIDTH="88" HEIGHT="75" STYLEREFS="font0"/><SP WIDTH="18" VPOS="1429" HPOS="923"/><String ID="p301_w236" CONTENT="or" HPOS="941" VPOS="1429" WIDTH="38" HEIGHT="75" STYLEREFS="font0"/><SP WIDTH="16" VPOS="1429" HPOS="979"/><String ID="p301_w237" CONTENT="bulbs" HPOS="995" VPOS="1429" WIDTH="92" HEIGHT="75" STYLEREFS="font0"/><SP WIDTH="26" VPOS="1429" HPOS="1087"/><String ID="p301_w238" CONTENT="from" HPOS="1113" VPOS="1429" WIDTH="84" HEIGHT="75" STYLEREFS="font0"/></TextLine><TextLine WIDTH="1031" HEIGHT="75" ID="p301_t31" HPOS="168" VPOS="1476"><String ID="p301_w239" CONTENT="whence" HPOS="168" VPOS="1476" WIDTH="130" HEIGHT="75" STYLEREFS="font0"/><SP WIDTH="23" VPOS="1476" HPOS="298"/><String ID="p301_w240" CONTENT="the" HPOS="321" VPOS="1476" WIDTH="56" HEIGHT="75" STYLEREFS="font0"/><SP WIDTH="26" VPOS="1476" HPOS="377"/><String ID="p301_w241" CONTENT="hairs" HPOS="403" VPOS="1476" WIDTH="86" HEIGHT="75" STYLEREFS="font0"/><SP WIDTH="24" VPOS="1476" HPOS="489"/><String ID="p301_w242" CONTENT="arife," HPOS="513" VPOS="1476" WIDTH="89" HEIGHT="75" STYLEREFS="font0"/><SP WIDTH="26" VPOS="1476" HPOS="602"/><String ID="p301_w243" CONTENT="and" HPOS="628" VPOS="1476" WIDTH="63" HEIGHT="75" STYLEREFS="font0"/><SP WIDTH="22" VPOS="1476" HPOS="691"/><String ID="p301_w244" CONTENT="fame" HPOS="713" VPOS="1476" WIDTH="85" HEIGHT="75" STYLEREFS="font0"/><SP WIDTH="22" VPOS="1476" HPOS="798"/><String ID="p301_w245" CONTENT="of" HPOS="820" VPOS="1476" WIDTH="41" HEIGHT="75" STYLEREFS="font0"/><SP WIDTH="21" VPOS="1476" HPOS="861"/><String ID="p301_w246" CONTENT="them" HPOS="882" VPOS="1476" WIDTH="89" HEIGHT="75" STYLEREFS="font0"/><SP WIDTH="16" VPOS="1476" HPOS="971"/><String ID="p301_w247" CONTENT="are" HPOS="987" VPOS="1476" WIDTH="53" HEIGHT="75" STYLEREFS="font0"/><SP WIDTH="23" VPOS="1476" HPOS="1040"/><String ID="p301_w248" CONTENT="fituated" HPOS="1063" VPOS="1476" WIDTH="136" HEIGHT="75" STYLEREFS="font0"/></TextLine><TextLine WIDTH="652" HEIGHT="75" ID="p301_t32" HPOS="168" VPOS="1522"><String ID="p301_w249" CONTENT="withirr" HPOS="168" VPOS="1522" WIDTH="117" HEIGHT="75" STYLEREFS="font0"/><SP WIDTH="12" VPOS="1522" HPOS="285"/><String ID="p301_w250" CONTENT="the" HPOS="297" VPOS="1522" WIDTH="55" HEIGHT="75" STYLEREFS="font0"/><SP WIDTH="16" VPOS="1522" HPOS="352"/><String ID="p301_w251" CONTENT="inner" HPOS="368" VPOS="1522" WIDTH="89" HEIGHT="75" STYLEREFS="font0"/><SP WIDTH="17" VPOS="1522" HPOS="457"/><String ID="p301_w252" CONTENT="furface" HPOS="474" VPOS="1522" WIDTH="122" HEIGHT="75" STYLEREFS="font0"/><SP WIDTH="12" VPOS="1522" HPOS="596"/><String ID="p301_w253" CONTENT="of" HPOS="608" VPOS="1522" WIDTH="42" HEIGHT="75" STYLEREFS="font0"/><SP WIDTH="18" VPOS="1522" HPOS="650"/><String ID="p301_w254" CONTENT="the" HPOS="668" VPOS="1522" WIDTH="56" HEIGHT="75" STYLEREFS="font0"/><SP WIDTH="16" VPOS="1522" HPOS="724"/><String ID="p301_w255" CONTENT="fkin." HPOS="740" VPOS="1522" WIDTH="80" HEIGHT="75" STYLEREFS="font0"/></TextLine><TextLine WIDTH="988" HEIGHT="75" ID="p301_t33" HPOS="215" VPOS="1568"><String ID="p301_w256" CONTENT="The" HPOS="215" VPOS="1568" WIDTH="76" HEIGHT="75" STYLEREFS="font0"/><SP WIDTH="23" VPOS="1568" HPOS="291"/><String ID="p301_w257" CONTENT="flcin" HPOS="314" VPOS="1568" WIDTH="67" HEIGHT="75" STYLEREFS="font0"/><SP WIDTH="22" VPOS="1568" HPOS="381"/><String ID="p301_w258" CONTENT="has" HPOS="403" VPOS="1568" WIDTH="56" HEIGHT="75" STYLEREFS="font0"/><SP WIDTH="24" VPOS="1568" HPOS="459"/><String ID="p301_w259" CONTENT="feveral" HPOS="483" VPOS="1568" WIDTH="123" HEIGHT="75" STYLEREFS="font0"/><SP WIDTH="20" VPOS="1568" HPOS="606"/><String ID="p301_w260" CONTENT="confiderable" HPOS="626" VPOS="1568" WIDTH="212" HEIGHT="75" STYLEREFS="font0"/><SP WIDTH="24" VPOS="1568" HPOS="838"/><String ID="p301_w261" CONTENT="openings," HPOS="862" VPOS="1568" WIDTH="166" HEIGHT="75" STYLEREFS="font0"/><SP WIDTH="25" VPOS="1568" HPOS="1028"/><String ID="p301_w262" CONTENT="fome" HPOS="1053" VPOS="1568" WIDTH="85" HEIGHT="75" STYLEREFS="font0"/><SP WIDTH="24" VPOS="1568" HPOS="1138"/><String ID="p301_w263" CONTENT="of" HPOS="1162" VPOS="1568" WIDTH="41" HEIGHT="75" STYLEREFS="font0"/></TextLine><TextLine WIDTH="1030" HEIGHT="75" ID="p301_t34" HPOS="168" VPOS="1614"><String ID="p301_w264" CONTENT="which" HPOS="168" VPOS="1614" WIDTH="105" HEIGHT="75" STYLEREFS="font0"/><SP WIDTH="22" VPOS="1614" HPOS="273"/><String ID="p301_w265" CONTENT="have" HPOS="295" VPOS="1614" WIDTH="81" HEIGHT="75" STYLEREFS="font0"/><SP WIDTH="17" VPOS="1614" HPOS="376"/><String ID="p301_w266" CONTENT="particular" HPOS="393" VPOS="1614" WIDTH="173" HEIGHT="75" STYLEREFS="font0"/><SP WIDTH="23" VPOS="1614" HPOS="566"/><String ID="p301_w267" CONTENT="names" HPOS="589" VPOS="1614" WIDTH="107" HEIGHT="75" STYLEREFS="font0"/><SP WIDTH="12" VPOS="1614" HPOS="696"/><String ID="p301_w268" CONTENT=";" HPOS="708" VPOS="1614" WIDTH="10" HEIGHT="75" STYLEREFS="font0"/><SP WIDTH="25" VPOS="1614" HPOS="718"/><String ID="p301_w269" CONTENT="fuch" HPOS="743" VPOS="1614" WIDTH="76" HEIGHT="75" STYLEREFS="font0"/><SP WIDTH="17" VPOS="1614" HPOS="819"/><String ID="p301_w270" CONTENT="as" HPOS="836" VPOS="1614" WIDTH="34" HEIGHT="75" STYLEREFS="font0"/><SP WIDTH="18" VPOS="1614" HPOS="870"/><String ID="p301_w271" CONTENT="the" HPOS="888" VPOS="1614" WIDTH="54" HEIGHT="75" STYLEREFS="font0"/><SP WIDTH="16" VPOS="1614" HPOS="942"/><String ID="p301_w272" CONTENT="fifl’ure" HPOS="958" VPOS="1614" WIDTH="103" HEIGHT="75" STYLEREFS="font0"/><SP WIDTH="22" VPOS="1614" HPOS="1061"/><String ID="p301_w273" CONTENT="of" HPOS="1083" VPOS="1614" WIDTH="41" HEIGHT="75" STYLEREFS="font0"/><SP WIDTH="18" VPOS="1614" HPOS="1124"/><String ID="p301_w274" CONTENT="the" HPOS="1142" VPOS="1614" WIDTH="56" HEIGHT="75" STYLEREFS="font0"/></TextLine><TextLine WIDTH="1030" HEIGHT="75" ID="p301_t35" HPOS="168" VPOS="1660"><String ID="p301_w275" CONTENT="palpebrse," HPOS="168" VPOS="1660" WIDTH="169" HEIGHT="75" STYLEREFS="font0"/><SP WIDTH="35" VPOS="1660" HPOS="337"/><String ID="p301_w276" CONTENT="the" HPOS="372" VPOS="1660" WIDTH="55" HEIGHT="75" STYLEREFS="font0"/><SP WIDTH="22" VPOS="1660" HPOS="427"/><String ID="p301_w277" CONTENT="nares," HPOS="449" VPOS="1660" WIDTH="104" HEIGHT="75" STYLEREFS="font0"/><SP WIDTH="26" VPOS="1660" HPOS="553"/><String ID="p301_w278" CONTENT="the" HPOS="579" VPOS="1660" WIDTH="54" HEIGHT="75" STYLEREFS="font0"/><SP WIDTH="20" VPOS="1660" HPOS="633"/><String ID="p301_w279" CONTENT="mouth," HPOS="653" VPOS="1660" WIDTH="125" HEIGHT="75" STYLEREFS="font0"/><SP WIDTH="26" VPOS="1660" HPOS="778"/><String ID="p301_w280" CONTENT="the" HPOS="804" VPOS="1660" WIDTH="56" HEIGHT="75" STYLEREFS="font0"/><SP WIDTH="24" VPOS="1660" HPOS="860"/><String ID="p301_w281" CONTENT="external" HPOS="884" VPOS="1660" WIDTH="146" HEIGHT="75" STYLEREFS="font0"/><SP WIDTH="23" VPOS="1660" HPOS="1030"/><String ID="p301_w282" CONTENT="foramen" HPOS="1053" VPOS="1660" WIDTH="145" HEIGHT="75" STYLEREFS="font0"/></TextLine><TextLine WIDTH="1029" HEIGHT="75" ID="p301_t36" HPOS="168" VPOS="1706"><String ID="p301_w283" CONTENT="of" HPOS="168" VPOS="1706" WIDTH="39" HEIGHT="75" STYLEREFS="font0"/><SP WIDTH="19" VPOS="1706" HPOS="207"/><String ID="p301_w284" CONTENT="the" HPOS="226" VPOS="1706" WIDTH="56" HEIGHT="75" STYLEREFS="font0"/><SP WIDTH="15" VPOS="1706" HPOS="282"/><String ID="p301_w285" CONTENT="ears," HPOS="297" VPOS="1706" WIDTH="83" HEIGHT="75" STYLEREFS="font0"/><SP WIDTH="25" VPOS="1706" HPOS="380"/><String ID="p301_w286" CONTENT="the" HPOS="405" VPOS="1706" WIDTH="54" HEIGHT="75" STYLEREFS="font0"/><SP WIDTH="16" VPOS="1706" HPOS="459"/><String ID="p301_w287" CONTENT="anus," HPOS="475" VPOS="1706" WIDTH="91" HEIGHT="75" STYLEREFS="font0"/><SP WIDTH="25" VPOS="1706" HPOS="566"/><String ID="p301_w288" CONTENT="and" HPOS="591" VPOS="1706" WIDTH="63" HEIGHT="75" STYLEREFS="font0"/><SP WIDTH="16" VPOS="1706" HPOS="654"/><String ID="p301_w289" CONTENT="openings" HPOS="670" VPOS="1706" WIDTH="150" HEIGHT="75" STYLEREFS="font0"/><SP WIDTH="18" VPOS="1706" HPOS="820"/><String ID="p301_w290" CONTENT="of" HPOS="838" VPOS="1706" WIDTH="40" HEIGHT="75" STYLEREFS="font0"/><SP WIDTH="18" VPOS="1706" HPOS="878"/><String ID="p301_w291" CONTENT="the" HPOS="896" VPOS="1706" WIDTH="55" HEIGHT="75" STYLEREFS="font0"/><SP WIDTH="18" VPOS="1706" HPOS="951"/><String ID="p301_w292" CONTENT="parts" HPOS="969" VPOS="1706" WIDTH="87" HEIGHT="75" STYLEREFS="font0"/><SP WIDTH="26" VPOS="1706" HPOS="1056"/><String ID="p301_w293" CONTENT="of" HPOS="1082" VPOS="1706" WIDTH="38" HEIGHT="75" STYLEREFS="font0"/><SP WIDTH="21" VPOS="1706" HPOS="1120"/><String ID="p301_w294" CONTENT="ge-" HPOS="1141" VPOS="1706" WIDTH="56" HEIGHT="75" STYLEREFS="font0"/></TextLine><TextLine WIDTH="159" HEIGHT="75" ID="p301_t37" HPOS="168" VPOS="1751"><String ID="p301_w295" CONTENT="neration." HPOS="168" VPOS="1751" WIDTH="159" HEIGHT="75" STYLEREFS="font0"/></TextLine><TextLine WIDTH="987" HEIGHT="75" ID="p301_t38" HPOS="216" VPOS="1798"><String ID="p301_w296" CONTENT="Befides" HPOS="216" VPOS="1798" WIDTH="131" HEIGHT="75" STYLEREFS="font0"/><SP WIDTH="14" VPOS="1798" HPOS="347"/><String ID="p301_w297" CONTENT="thefe," HPOS="361" VPOS="1798" WIDTH="99" HEIGHT="75" STYLEREFS="font0"/><SP WIDTH="26" VPOS="1798" HPOS="460"/><String ID="p301_w298" CONTENT="it" HPOS="486" VPOS="1798" WIDTH="26" HEIGHT="75" STYLEREFS="font0"/><SP WIDTH="11" VPOS="1798" HPOS="512"/><String ID="p301_w299" CONTENT="is" HPOS="523" VPOS="1798" WIDTH="27" HEIGHT="75" STYLEREFS="font0"/><SP WIDTH="16" VPOS="1798" HPOS="550"/><String ID="p301_w300" CONTENT="perforated.by" HPOS="566" VPOS="1798" WIDTH="243" HEIGHT="75" STYLEREFS="font0"/><SP WIDTH="17" VPOS="1798" HPOS="809"/><String ID="p301_w301" CONTENT="an" HPOS="826" VPOS="1798" WIDTH="38" HEIGHT="75" STYLEREFS="font0"/><SP WIDTH="13" VPOS="1798" HPOS="864"/><String ID="p301_w302" CONTENT="infinite" HPOS="877" VPOS="1798" WIDTH="119" HEIGHT="75" STYLEREFS="font0"/><SP WIDTH="18" VPOS="1798" HPOS="996"/><String ID="p301_w303" CONTENT="number" HPOS="1014" VPOS="1798" WIDTH="133" HEIGHT="75" STYLEREFS="font0"/><SP WIDTH="16" VPOS="1798" HPOS="1147"/><String ID="p301_w304" CONTENT="of" HPOS="1163" VPOS="1798" WIDTH="40" HEIGHT="75" STYLEREFS="font0"/></TextLine><TextLine WIDTH="1030" HEIGHT="75" ID="p301_t39" HPOS="166" VPOS="1844"><String ID="p301_w305" CONTENT="fmall" HPOS="166" VPOS="1844" WIDTH="90" HEIGHT="75" STYLEREFS="font0"/><SP WIDTH="17" VPOS="1844" HPOS="256"/><String ID="p301_w306" CONTENT="holes," HPOS="273" VPOS="1844" WIDTH="102" HEIGHT="75" STYLEREFS="font0"/><SP WIDTH="17" VPOS="1844" HPOS="375"/><String ID="p301_w307" CONTENT="called" HPOS="392" VPOS="1844" WIDTH="103" HEIGHT="75" STYLEREFS="font0"/><SP WIDTH="12" VPOS="1844" HPOS="495"/><String ID="p301_w308" CONTENT="pores," HPOS="507" VPOS="1844" WIDTH="106" HEIGHT="75" STYLEREFS="font0"/><SP WIDTH="18" VPOS="1844" HPOS="613"/><String ID="p301_w309" CONTENT="which" HPOS="631" VPOS="1844" WIDTH="103" HEIGHT="75" STYLEREFS="font0"/><SP WIDTH="15" VPOS="1844" HPOS="734"/><String ID="p301_w310" CONTENT="are" HPOS="749" VPOS="1844" WIDTH="53" HEIGHT="75" STYLEREFS="font0"/><SP WIDTH="16" VPOS="1844" HPOS="802"/><String ID="p301_w311" CONTENT="of" HPOS="818" VPOS="1844" WIDTH="39" HEIGHT="75" STYLEREFS="font0"/><SP WIDTH="13" VPOS="1844" HPOS="857"/><String ID="p301_w312" CONTENT="two" HPOS="870" VPOS="1844" WIDTH="67" HEIGHT="75" STYLEREFS="font0"/><SP WIDTH="15" VPOS="1844" HPOS="937"/><String ID="p301_w313" CONTENT="kinds." HPOS="952" VPOS="1844" WIDTH="106" HEIGHT="75" STYLEREFS="font0"/><SP WIDTH="42" VPOS="1844" HPOS="1058"/><String ID="p301_w314" CONTENT="Some" HPOS="1100" VPOS="1844" WIDTH="96" HEIGHT="75" STYLEREFS="font0"/></TextLine><TextLine WIDTH="1025" HEIGHT="75" ID="p301_t40" HPOS="168" VPOS="1890"><String ID="p301_w315" CONTENT="are" HPOS="168" VPOS="1890" WIDTH="53" HEIGHT="75" STYLEREFS="font0"/><SP WIDTH="17" VPOS="1890" HPOS="221"/><String ID="p301_w316" CONTENT="more" HPOS="238" VPOS="1890" WIDTH="88" HEIGHT="75" STYLEREFS="font0"/><SP WIDTH="25" VPOS="1890" HPOS="326"/><String ID="p301_w317" CONTENT="or" HPOS="351" VPOS="1890" WIDTH="37" HEIGHT="75" STYLEREFS="font0"/><SP WIDTH="21" VPOS="1890" HPOS="388"/><String ID="p301_w318" CONTENT="lefs" HPOS="409" VPOS="1890" WIDTH="60" HEIGHT="75" STYLEREFS="font0"/><SP WIDTH="21" VPOS="1890" HPOS="469"/><String ID="p301_w319" CONTENT="perceivable" HPOS="490" VPOS="1890" WIDTH="198" HEIGHT="75" STYLEREFS="font0"/><SP WIDTH="22" VPOS="1890" HPOS="688"/><String ID="p301_w320" CONTENT="to" HPOS="710" VPOS="1890" WIDTH="35" HEIGHT="75" STYLEREFS="font0"/><SP WIDTH="18" VPOS="1890" HPOS="745"/><String ID="p301_w321" CONTENT="the" HPOS="763" VPOS="1890" WIDTH="54" HEIGHT="75" STYLEREFS="font0"/><SP WIDTH="17" VPOS="1890" HPOS="817"/><String ID="p301_w322" CONTENT="naked" HPOS="834" VPOS="1890" WIDTH="104" HEIGHT="75" STYLEREFS="font0"/><SP WIDTH="15" VPOS="1890" HPOS="938"/><String ID="p301_w323" CONTENT="eye.;" HPOS="953" VPOS="1890" WIDTH="79" HEIGHT="75" STYLEREFS="font0"/><SP WIDTH="26" VPOS="1890" HPOS="1032"/><String ID="p301_w324" CONTENT="fuch" HPOS="1058" VPOS="1890" WIDTH="76" HEIGHT="75" STYLEREFS="font0"/><SP WIDTH="26" VPOS="1890" HPOS="1134"/><String ID="p301_w325" CONTENT="as" HPOS="1160" VPOS="1890" WIDTH="33" HEIGHT="75" STYLEREFS="font0"/></TextLine><TextLine WIDTH="1028" HEIGHT="75" ID="p301_t41" HPOS="167" VPOS="1937"><String ID="p301_w326" CONTENT="the" HPOS="167" VPOS="1937" WIDTH="56" HEIGHT="75" STYLEREFS="font0"/><SP WIDTH="16" VPOS="1937" HPOS="223"/><String ID="p301_w327" CONTENT="orifices" HPOS="239" VPOS="1937" WIDTH="124" HEIGHT="75" STYLEREFS="font0"/><SP WIDTH="22" VPOS="1937" HPOS="363"/><String ID="p301_w328" CONTENT="of" HPOS="385" VPOS="1937" WIDTH="41" HEIGHT="75" STYLEREFS="font0"/><SP WIDTH="17" VPOS="1937" HPOS="426"/><String ID="p301_w329" CONTENT="the" HPOS="443" VPOS="1937" WIDTH="55" HEIGHT="75" STYLEREFS="font0"/><SP WIDTH="24" VPOS="1937" HPOS="498"/><String ID="p301_w330" CONTENT="milky" HPOS="522" VPOS="1937" WIDTH="103" HEIGHT="75" STYLEREFS="font0"/><SP WIDTH="15" VPOS="1937" HPOS="625"/><String ID="p301_w331" CONTENT="dudls" HPOS="640" VPOS="1937" WIDTH="88" HEIGHT="75" STYLEREFS="font0"/><SP WIDTH="18" VPOS="1937" HPOS="728"/><String ID="p301_w332" CONTENT="of" HPOS="746" VPOS="1937" WIDTH="40" HEIGHT="75" STYLEREFS="font0"/><SP WIDTH="19" VPOS="1937" HPOS="786"/><String ID="p301_w333" CONTENT="the" HPOS="805" VPOS="1937" WIDTH="55" HEIGHT="75" STYLEREFS="font0"/><SP WIDTH="8" VPOS="1937" HPOS="860"/><String ID="p301_w334" CONTENT=".mammas," HPOS="868" VPOS="1937" WIDTH="165" HEIGHT="75" STYLEREFS="font0"/><SP WIDTH="26" VPOS="1937" HPOS="1033"/><String ID="p301_w335" CONTENT="the" HPOS="1059" VPOS="1937" WIDTH="56" HEIGHT="75" STYLEREFS="font0"/><SP WIDTH="16" VPOS="1937" HPOS="1115"/><String ID="p301_w336" CONTENT="ori-" HPOS="1131" VPOS="1937" WIDTH="64" HEIGHT="75" STYLEREFS="font0"/></TextLine><TextLine WIDTH="1029" HEIGHT="75" ID="p301_t42" HPOS="166" VPOS="1981"><String ID="p301_w337" CONTENT="fices" HPOS="166" VPOS="1981" WIDTH="73" HEIGHT="75" STYLEREFS="font0"/><SP WIDTH="26" VPOS="1981" HPOS="239"/><String ID="p301_w338" CONTENT="of" HPOS="265" VPOS="1981" WIDTH="39" HEIGHT="75" STYLEREFS="font0"/><SP WIDTH="26" VPOS="1981" HPOS="304"/><String ID="p301_w339" CONTENT="the" HPOS="330" VPOS="1981" WIDTH="55" HEIGHT="75" STYLEREFS="font0"/><SP WIDTH="24" VPOS="1981" HPOS="385"/><String ID="p301_w340" CONTENT="excretory" HPOS="409" VPOS="1981" WIDTH="172" HEIGHT="75" STYLEREFS="font0"/><SP WIDTH="21" VPOS="1981" HPOS="581"/><String ID="p301_w341" CONTENT="canals" HPOS="602" VPOS="1981" WIDTH="107" HEIGHT="75" STYLEREFS="font0"/><SP WIDTH="24" VPOS="1981" HPOS="709"/><String ID="p301_w342" CONTENT="of" HPOS="733" VPOS="1981" WIDTH="39" HEIGHT="75" STYLEREFS="font0"/><SP WIDTH="20" VPOS="1981" HPOS="772"/><String ID="p301_w343" CONTENT="the" HPOS="792" VPOS="1981" WIDTH="55" HEIGHT="75" STYLEREFS="font0"/><SP WIDTH="24" VPOS="1981" HPOS="847"/><String ID="p301_w344" CONTENT="cutaneous" HPOS="871" VPOS="1981" WIDTH="173" HEIGHT="75" STYLEREFS="font0"/><SP WIDTH="25" VPOS="1981" HPOS="1044"/><String ID="p301_w345" CONTENT="glands," HPOS="1069" VPOS="1981" WIDTH="126" HEIGHT="75" STYLEREFS="font0"/></TextLine><TextLine WIDTH="531" HEIGHT="75" ID="p301_t43" HPOS="168" VPOS="2027"><String ID="p301_w346" CONTENT="and" HPOS="168" VPOS="2027" WIDTH="60" HEIGHT="75" STYLEREFS="font0"/><SP WIDTH="17" VPOS="2027" HPOS="228"/><String ID="p301_w347" CONTENT="the" HPOS="245" VPOS="2027" WIDTH="55" HEIGHT="75" STYLEREFS="font0"/><SP WIDTH="16" VPOS="2027" HPOS="300"/><String ID="p301_w348" CONTENT="paffages" HPOS="316" VPOS="2027" WIDTH="137" HEIGHT="75" STYLEREFS="font0"/><SP WIDTH="16" VPOS="2027" HPOS="453"/><String ID="p301_w349" CONTENT="of" HPOS="469" VPOS="2027" WIDTH="40" HEIGHT="75" STYLEREFS="font0"/><SP WIDTH="18" VPOS="2027" HPOS="509"/><String ID="p301_w350" CONTENT="the" HPOS="527" VPOS="2027" WIDTH="56" HEIGHT="75" STYLEREFS="font0"/><SP WIDTH="16" VPOS="2027" HPOS="583"/><String ID="p301_w351" CONTENT="hairs." HPOS="599" VPOS="2027" WIDTH="100" HEIGHT="75" STYLEREFS="font0"/></TextLine><TextLine WIDTH="982" HEIGHT="75" ID="p301_t44" HPOS="213" VPOS="2073"><String ID="p301_w352" CONTENT="The" HPOS="213" VPOS="2073" WIDTH="75" HEIGHT="75" STYLEREFS="font0"/><SP WIDTH="17" VPOS="2073" HPOS="288"/><String ID="p301_w353" CONTENT="other" HPOS="305" VPOS="2073" WIDTH="93" HEIGHT="75" STYLEREFS="font0"/><SP WIDTH="11" VPOS="2073" HPOS="398"/><String ID="p301_w354" CONTENT="pores" HPOS="409" VPOS="2073" WIDTH="97" HEIGHT="75" STYLEREFS="font0"/><SP WIDTH="17" VPOS="2073" HPOS="506"/><String ID="p301_w355" CONTENT="are" HPOS="523" VPOS="2073" WIDTH="52" HEIGHT="75" STYLEREFS="font0"/><SP WIDTH="21" VPOS="2073" HPOS="575"/><String ID="p301_w356" CONTENT="imperceptible" HPOS="596" VPOS="2073" WIDTH="237" HEIGHT="75" STYLEREFS="font0"/><SP WIDTH="25" VPOS="2073" HPOS="833"/><String ID="p301_w357" CONTENT="to" HPOS="858" VPOS="2073" WIDTH="35" HEIGHT="75" STYLEREFS="font0"/><SP WIDTH="23" VPOS="2073" HPOS="893"/><String ID="p301_w358" CONTENT="the" HPOS="916" VPOS="2073" WIDTH="56" HEIGHT="75" STYLEREFS="font0"/><SP WIDTH="25" VPOS="2073" HPOS="972"/><String ID="p301_w359" CONTENT="naked" HPOS="997" VPOS="2073" WIDTH="104" HEIGHT="75" STYLEREFS="font0"/><SP WIDTH="22" VPOS="2073" HPOS="1101"/><String ID="p301_w360" CONTENT="eye," HPOS="1123" VPOS="2073" WIDTH="72" HEIGHT="75" STYLEREFS="font0"/></TextLine><TextLine WIDTH="1025" HEIGHT="75" ID="p301_t45" HPOS="167" VPOS="2118"><String ID="p301_w361" CONTENT="but" HPOS="167" VPOS="2118" WIDTH="58" HEIGHT="75" STYLEREFS="font0"/><SP WIDTH="22" VPOS="2118" HPOS="225"/><String ID="p301_w362" CONTENT="vifible" HPOS="247" VPOS="2118" WIDTH="106" HEIGHT="75" STYLEREFS="font0"/><SP WIDTH="16" VPOS="2118" HPOS="353"/><String ID="p301_w363" CONTENT="through" HPOS="369" VPOS="2118" WIDTH="141" HEIGHT="75" STYLEREFS="font0"/><SP WIDTH="15" VPOS="2118" HPOS="510"/><String ID="p301_w364" CONTENT="a" HPOS="525" VPOS="2118" WIDTH="19" HEIGHT="75" STYLEREFS="font0"/><SP WIDTH="15" VPOS="2118" HPOS="544"/><String ID="p301_w365" CONTENT="microfcope;" HPOS="559" VPOS="2118" WIDTH="212" HEIGHT="75" STYLEREFS="font0"/><SP WIDTH="27" VPOS="2118" HPOS="771"/><String ID="p301_w366" CONTENT="and" HPOS="798" VPOS="2118" WIDTH="64" HEIGHT="75" STYLEREFS="font0"/><SP WIDTH="15" VPOS="2118" HPOS="862"/><String ID="p301_w367" CONTENT="their" HPOS="877" VPOS="2118" WIDTH="83" HEIGHT="75" STYLEREFS="font0"/><SP WIDTH="25" VPOS="2118" HPOS="960"/><String ID="p301_w368" CONTENT="exiftence" HPOS="985" VPOS="2118" WIDTH="157" HEIGHT="75" STYLEREFS="font0"/><SP WIDTH="23" VPOS="2118" HPOS="1142"/><String ID="p301_w369" CONTENT="is" HPOS="1165" VPOS="2118" WIDTH="27" HEIGHT="75" STYLEREFS="font0"/></TextLine><TextLine WIDTH="1028" HEIGHT="75" ID="p301_t46" HPOS="166" VPOS="2166"><String ID="p301_w370" CONTENT="Jikewife" HPOS="166" VPOS="2166" WIDTH="139" HEIGHT="75" STYLEREFS="font0"/><SP WIDTH="23" VPOS="2166" HPOS="305"/><String ID="p301_w371" CONTENT="proved" HPOS="328" VPOS="2166" WIDTH="119" HEIGHT="75" STYLEREFS="font0"/><SP WIDTH="25" VPOS="2166" HPOS="447"/><String ID="p301_w372" CONTENT="by" HPOS="472" VPOS="2166" WIDTH="43" HEIGHT="75" STYLEREFS="font0"/><SP WIDTH="23" VPOS="2166" HPOS="515"/><String ID="p301_w373" CONTENT="the" HPOS="538" VPOS="2166" WIDTH="55" HEIGHT="75" STYLEREFS="font0"/><SP WIDTH="25" VPOS="2166" HPOS="593"/><String ID="p301_w374" CONTENT="cutaneous" HPOS="618" VPOS="2166" WIDTH="171" HEIGHT="75" STYLEREFS="font0"/><SP WIDTH="17" VPOS="2166" HPOS="789"/><String ID="p301_w375" CONTENT="tranfpiration," HPOS="806" VPOS="2166" WIDTH="233" HEIGHT="75" STYLEREFS="font0"/><SP WIDTH="26" VPOS="2166" HPOS="1039"/><String ID="p301_w376" CONTENT="and" HPOS="1065" VPOS="2166" WIDTH="62" HEIGHT="75" STYLEREFS="font0"/><SP WIDTH="23" VPOS="2166" HPOS="1127"/><String ID="p301_w377" CONTENT="by" HPOS="1150" VPOS="2166" WIDTH="44" HEIGHT="75" STYLEREFS="font0"/></TextLine><TextLine WIDTH="1028" HEIGHT="75" ID="p301_t47" HPOS="166" VPOS="2211"><String ID="p301_w378" CONTENT="the" HPOS="166" VPOS="2211" WIDTH="56" HEIGHT="75" STYLEREFS="font0"/><SP WIDTH="16" VPOS="2211" HPOS="222"/><String ID="p301_w379" CONTENT="effefts" HPOS="238" VPOS="2211" WIDTH="107" HEIGHT="75" STYLEREFS="font0"/><SP WIDTH="23" VPOS="2211" HPOS="345"/><String ID="p301_w380" CONTENT="of" HPOS="368" VPOS="2211" WIDTH="41" HEIGHT="75" STYLEREFS="font0"/><SP WIDTH="18" VPOS="2211" HPOS="409"/><String ID="p301_w381" CONTENT="topical" HPOS="427" VPOS="2211" WIDTH="118" HEIGHT="75" STYLEREFS="font0"/><SP WIDTH="24" VPOS="2211" HPOS="545"/><String ID="p301_w382" CONTENT="applications;" HPOS="569" VPOS="2211" WIDTH="229" HEIGHT="75" STYLEREFS="font0"/><SP WIDTH="28" VPOS="2211" HPOS="798"/><String ID="p301_w383" CONTENT="and" HPOS="826" VPOS="2211" WIDTH="62" HEIGHT="75" STYLEREFS="font0"/><SP WIDTH="20" VPOS="2211" HPOS="888"/><String ID="p301_w384" CONTENT="from" HPOS="908" VPOS="2211" WIDTH="84" HEIGHT="75" STYLEREFS="font0"/><SP WIDTH="24" VPOS="2211" HPOS="992"/><String ID="p301_w385" CONTENT=".thefe" HPOS="1016" VPOS="2211" WIDTH="88" HEIGHT="75" STYLEREFS="font0"/><SP WIDTH="24" VPOS="2211" HPOS="1104"/><String ID="p301_w386" CONTENT="two" HPOS="1128" VPOS="2211" WIDTH="66" HEIGHT="75" STYLEREFS="font0"/></TextLine><TextLine WIDTH="1029" HEIGHT="75" ID="p301_t48" HPOS="165" VPOS="2257"><String ID="p301_w387" CONTENT="phenomena," HPOS="165" VPOS="2257" WIDTH="217" HEIGHT="75" STYLEREFS="font0"/><SP WIDTH="25" VPOS="2257" HPOS="382"/><String ID="p301_w388" CONTENT="they" HPOS="407" VPOS="2257" WIDTH="77" HEIGHT="75" STYLEREFS="font0"/><SP WIDTH="14" VPOS="2257" HPOS="484"/><String ID="p301_w389" CONTENT="have" HPOS="498" VPOS="2257" WIDTH="81" HEIGHT="75" STYLEREFS="font0"/><SP WIDTH="17" VPOS="2257" HPOS="579"/><String ID="p301_w390" CONTENT="been" HPOS="596" VPOS="2257" WIDTH="79" HEIGHT="75" STYLEREFS="font0"/><SP WIDTH="16" VPOS="2257" HPOS="675"/><String ID="p301_w391" CONTENT="divided" HPOS="691" VPOS="2257" WIDTH="130" HEIGHT="75" STYLEREFS="font0"/><SP WIDTH="14" VPOS="2257" HPOS="821"/><String ID="p301_w392" CONTENT="into" HPOS="835" VPOS="2257" WIDTH="69" HEIGHT="75" STYLEREFS="font0"/><SP WIDTH="14" VPOS="2257" HPOS="904"/><String ID="p301_w393" CONTENT="arterial" HPOS="918" VPOS="2257" WIDTH="129" HEIGHT="75" STYLEREFS="font0"/><SP WIDTH="12" VPOS="2257" HPOS="1047"/><String ID="p301_w394" CONTENT="and" HPOS="1059" VPOS="2257" WIDTH="65" HEIGHT="75" STYLEREFS="font0"/><SP WIDTH="16" VPOS="2257" HPOS="1124"/><String ID="p301_w395" CONTENT="ve-" HPOS="1140" VPOS="2257" WIDTH="54" HEIGHT="75" STYLEREFS="font0"/></TextLine><TextLine WIDTH="168" HEIGHT="75" ID="p301_t49" HPOS="166" VPOS="2304"><String ID="p301_w396" CONTENT="nal" HPOS="166" VPOS="2304" WIDTH="49" HEIGHT="75" STYLEREFS="font0"/><SP WIDTH="14" VPOS="2304" HPOS="215"/><String ID="p301_w397" CONTENT="pores." HPOS="229" VPOS="2304" WIDTH="105" HEIGHT="75" STYLEREFS="font0"/></TextLine><TextLine WIDTH="990" HEIGHT="75" ID="p301_t50" HPOS="179" VPOS="2407"><String ID="p301_w398" CONTENT="THE" HPOS="179" VPOS="2407" WIDTH="120" HEIGHT="75" STYLEREFS="font0"/><SP WIDTH="40" VPOS="2407" HPOS="299"/><String ID="p301_w399" CONTENT="CUTICULA," HPOS="339" VPOS="2407" WIDTH="324" HEIGHT="75" STYLEREFS="font0"/><SP WIDTH="42" VPOS="2407" HPOS="663"/><String ID="p301_w400" CONTENT="OR" HPOS="705" VPOS="2407" WIDTH="77" HEIGHT="75" STYLEREFS="font0"/><SP WIDTH="41" VPOS="2407" HPOS="782"/><String ID="p301_w401" CONTENT="EPIDERMIS." HPOS="823" VPOS="2407" WIDTH="346" HEIGHT="75" STYLEREFS="font0"/></TextLine><TextLine WIDTH="981" HEIGHT="75" ID="p301_t51" HPOS="211" VPOS="2486"><String ID="p301_w402" CONTENT="The" HPOS="211" VPOS="2486" WIDTH="85" HEIGHT="75" STYLEREFS="font0"/><SP WIDTH="32" VPOS="2486" HPOS="296"/><String ID="p301_w403" CONTENT="cutfide" HPOS="328" VPOS="2486" WIDTH="118" HEIGHT="75" STYLEREFS="font0"/><SP WIDTH="17" VPOS="2486" HPOS="446"/><String ID="p301_w404" CONTENT="of" HPOS="463" VPOS="2486" WIDTH="40" HEIGHT="75" STYLEREFS="font0"/><SP WIDTH="19" VPOS="2486" HPOS="503"/><String ID="p301_w405" CONTENT="the" HPOS="522" VPOS="2486" WIDTH="55" HEIGHT="75" STYLEREFS="font0"/><SP WIDTH="16" VPOS="2486" HPOS="577"/><String ID="p301_w406" CONTENT="flcin" HPOS="593" VPOS="2486" WIDTH="66" HEIGHT="75" STYLEREFS="font0"/><SP WIDTH="16" VPOS="2486" HPOS="659"/><String ID="p301_w407" CONTENT="is" HPOS="675" VPOS="2486" WIDTH="27" HEIGHT="75" STYLEREFS="font0"/><SP WIDTH="17" VPOS="2486" HPOS="702"/><String ID="p301_w408" CONTENT="covered" HPOS="719" VPOS="2486" WIDTH="140" HEIGHT="75" STYLEREFS="font0"/><SP WIDTH="18" VPOS="2486" HPOS="859"/><String ID="p301_w409" CONTENT="by" HPOS="877" VPOS="2486" WIDTH="43" HEIGHT="75" STYLEREFS="font0"/><SP WIDTH="18" VPOS="2486" HPOS="920"/><String ID="p301_w410" CONTENT="a" HPOS="938" VPOS="2486" WIDTH="17" HEIGHT="75" STYLEREFS="font0"/><SP WIDTH="18" VPOS="2486" HPOS="955"/><String ID="p301_w411" CONTENT="thin" HPOS="973" VPOS="2486" WIDTH="67" HEIGHT="75" STYLEREFS="font0"/><SP WIDTH="13" VPOS="2486" HPOS="1040"/><String ID="p301_w412" CONTENT="tranfpa-" HPOS="1053" VPOS="2486" WIDTH="139" HEIGHT="75" STYLEREFS="font0"/></TextLine><TextLine WIDTH="1029" HEIGHT="75" ID="p301_t52" HPOS="164" VPOS="2530"><String ID="p301_w413" CONTENT="rent" HPOS="164" VPOS="2530" WIDTH="70" HEIGHT="75" STYLEREFS="font0"/><SP WIDTH="17" VPOS="2530" HPOS="234"/><String ID="p301_w414" CONTENT="web," HPOS="251" VPOS="2530" WIDTH="82" HEIGHT="75" STYLEREFS="font0"/><SP WIDTH="26" VPOS="2530" HPOS="333"/><String ID="p301_w415" CONTENT="clofely" HPOS="359" VPOS="2530" WIDTH="119" HEIGHT="75" STYLEREFS="font0"/><SP WIDTH="11" VPOS="2530" HPOS="478"/><String ID="p301_w416" CONTENT="joined" HPOS="489" VPOS="2530" WIDTH="110" HEIGHT="75" STYLEREFS="font0"/><SP WIDTH="17" VPOS="2530" HPOS="599"/><String ID="p301_w417" CONTENT="to" HPOS="616" VPOS="2530" WIDTH="35" HEIGHT="75" STYLEREFS="font0"/><SP WIDTH="16" VPOS="2530" HPOS="651"/><String ID="p301_w418" CONTENT="it," HPOS="667" VPOS="2530" WIDTH="38" HEIGHT="75" STYLEREFS="font0"/><SP WIDTH="25" VPOS="2530" HPOS="705"/><String ID="p301_w419" CONTENT="which" HPOS="730" VPOS="2530" WIDTH="106" HEIGHT="75" STYLEREFS="font0"/><SP WIDTH="11" VPOS="2530" HPOS="836"/><String ID="p301_w420" CONTENT="is" HPOS="847" VPOS="2530" WIDTH="27" HEIGHT="75" STYLEREFS="font0"/><SP WIDTH="18" VPOS="2530" HPOS="874"/><String ID="p301_w421" CONTENT="called" HPOS="892" VPOS="2530" WIDTH="103" HEIGHT="75" STYLEREFS="font0"/><SP WIDTH="15" VPOS="2530" HPOS="995"/><String ID="p301_w422" CONTENT="epidermis," HPOS="1010" VPOS="2530" WIDTH="183" HEIGHT="75" STYLEREFS="font0"/></TextLine><TextLine WIDTH="495" HEIGHT="75" ID="p301_t53" HPOS="165" VPOS="2578"><String ID="p301_w423" CONTENT="tuticula," HPOS="165" VPOS="2578" WIDTH="156" HEIGHT="75" STYLEREFS="font0"/><SP WIDTH="18" VPOS="2578" HPOS="321"/><String ID="p301_w424" CONTENT="'" HPOS="339" VPOS="2578" WIDTH="7" HEIGHT="75" STYLEREFS="font0"/><String ID="p301_w425" CONTENT="Or" HPOS="346" VPOS="2578" WIDTH="38" HEIGHT="75" STYLEREFS="font0"/><SP WIDTH="14" VPOS="2578" HPOS="384"/><String ID="p301_w426" CONTENT="the" HPOS="398" VPOS="2578" WIDTH="56" HEIGHT="75" STYLEREFS="font0"/><SP WIDTH="14" VPOS="2578" HPOS="454"/><String ID="p301_w427" CONTENT="fcarf-fkin." HPOS="468" VPOS="2578" WIDTH="192" HEIGHT="75" STYLEREFS="font0"/></TextLine><TextLine WIDTH="983" HEIGHT="75" ID="p301_t54" HPOS="211" VPOS="2623"><String ID="p301_w428" CONTENT="The" HPOS="211" VPOS="2623" WIDTH="76" HEIGHT="75" STYLEREFS="font0"/><SP WIDTH="16" VPOS="2623" HPOS="287"/><String ID="p301_w429" CONTENT="fubftance" HPOS="303" VPOS="2623" WIDTH="159" HEIGHT="75" STYLEREFS="font0"/><SP WIDTH="16" VPOS="2623" HPOS="462"/><String ID="p301_w430" CONTENT="of" HPOS="478" VPOS="2623" WIDTH="40" HEIGHT="75" STYLEREFS="font0"/><SP WIDTH="18" VPOS="2623" HPOS="518"/><String ID="p301_w431" CONTENT="the" HPOS="536" VPOS="2623" WIDTH="55" HEIGHT="75" STYLEREFS="font0"/><SP WIDTH="17" VPOS="2623" HPOS="591"/><String ID="p301_w432" CONTENT="cuticula" HPOS="608" VPOS="2623" WIDTH="138" HEIGHT="75" STYLEREFS="font0"/><SP WIDTH="16" VPOS="2623" HPOS="746"/><String ID="p301_w433" CONTENT="appears" HPOS="762" VPOS="2623" WIDTH="130" HEIGHT="75" STYLEREFS="font0"/><SP WIDTH="19" VPOS="2623" HPOS="892"/><String ID="p301_w434" CONTENT="to" HPOS="911" VPOS="2623" WIDTH="35" HEIGHT="75" STYLEREFS="font0"/><SP WIDTH="21" VPOS="2623" HPOS="946"/><String ID="p301_w435" CONTENT="be" HPOS="967" VPOS="2623" WIDTH="41" HEIGHT="75" STYLEREFS="font0"/><SP WIDTH="22" VPOS="2623" HPOS="1008"/><String ID="p301_w436" CONTENT="very" HPOS="1030" VPOS="2623" WIDTH="77" HEIGHT="75" STYLEREFS="font0"/><SP WIDTH="17" VPOS="2623" HPOS="1107"/><String ID="p301_w437" CONTENT="uni-" HPOS="1124" VPOS="2623" WIDTH="70" HEIGHT="75" STYLEREFS="font0"/></TextLine><TextLine WIDTH="1029" HEIGHT="75" ID="p301_t55" HPOS="165" VPOS="2668"><String ID="p301_w438" CONTENT="form" HPOS="165" VPOS="2668" WIDTH="83" HEIGHT="75" STYLEREFS="font0"/><SP WIDTH="17" VPOS="2668" HPOS="248"/><String ID="p301_w439" CONTENT="on" HPOS="265" VPOS="2668" WIDTH="41" HEIGHT="75" STYLEREFS="font0"/><SP WIDTH="23" VPOS="2668" HPOS="306"/><String ID="p301_w440" CONTENT="the" HPOS="329" VPOS="2668" WIDTH="54" HEIGHT="75" STYLEREFS="font0"/><SP WIDTH="17" VPOS="2668" HPOS="383"/><String ID="p301_w441" CONTENT="fide" HPOS="400" VPOS="2668" WIDTH="63" HEIGHT="75" STYLEREFS="font0"/><SP WIDTH="16" VPOS="2668" HPOS="463"/><String ID="p301_w442" CONTENT="next" HPOS="479" VPOS="2668" WIDTH="79" HEIGHT="75" STYLEREFS="font0"/><SP WIDTH="17" VPOS="2668" HPOS="558"/><String ID="p301_w443" CONTENT="the" HPOS="575" VPOS="2668" WIDTH="54" HEIGHT="75" STYLEREFS="font0"/><SP WIDTH="15" VPOS="2668" HPOS="629"/><String ID="p301_w444" CONTENT="/kin," HPOS="644" VPOS="2668" WIDTH="79" HEIGHT="75" STYLEREFS="font0"/><SP WIDTH="26" VPOS="2668" HPOS="723"/><String ID="p301_w445" CONTENT="and" HPOS="749" VPOS="2668" WIDTH="62" HEIGHT="75" STYLEREFS="font0"/><SP WIDTH="25" VPOS="2668" HPOS="811"/><String ID="p301_w446" CONTENT="to" HPOS="836" VPOS="2668" WIDTH="35" HEIGHT="75" STYLEREFS="font0"/><SP WIDTH="23" VPOS="2668" HPOS="871"/><String ID="p301_w447" CONTENT="be" HPOS="894" VPOS="2668" WIDTH="40" HEIGHT="75" STYLEREFS="font0"/><SP WIDTH="27" VPOS="2668" HPOS="934"/><String ID="p301_w448" CONTENT="compofed" HPOS="961" VPOS="2668" WIDTH="168" HEIGHT="75" STYLEREFS="font0"/><SP WIDTH="23" VPOS="2668" HPOS="1129"/><String ID="p301_w449" CONTENT="on" HPOS="1152" VPOS="2668" WIDTH="42" HEIGHT="75" STYLEREFS="font0"/></TextLine><TextLine WIDTH="1031" HEIGHT="75" ID="p301_t56" HPOS="164" VPOS="2712"><String ID="p301_w450" CONTENT="the" HPOS="164" VPOS="2712" WIDTH="56" HEIGHT="75" STYLEREFS="font0"/><SP WIDTH="16" VPOS="2712" HPOS="220"/><String ID="p301_w451" CONTENT="other" HPOS="236" VPOS="2712" WIDTH="95" HEIGHT="75" STYLEREFS="font0"/><SP WIDTH="18" VPOS="2712" HPOS="331"/><String ID="p301_w452" CONTENT="fide" HPOS="349" VPOS="2712" WIDTH="64" HEIGHT="75" STYLEREFS="font0"/><SP WIDTH="23" VPOS="2712" HPOS="413"/><String ID="p301_w453" CONTENT="of" HPOS="436" VPOS="2712" WIDTH="40" HEIGHT="75" STYLEREFS="font0"/><SP WIDTH="20" VPOS="2712" HPOS="476"/><String ID="p301_w454" CONTENT="a" HPOS="496" VPOS="2712" WIDTH="19" HEIGHT="75" STYLEREFS="font0"/><SP WIDTH="14" VPOS="2712" HPOS="515"/><String ID="p301_w455" CONTENT="great" HPOS="529" VPOS="2712" WIDTH="91" HEIGHT="75" STYLEREFS="font0"/><SP WIDTH="16" VPOS="2712" HPOS="620"/><String ID="p301_w456" CONTENT="number" HPOS="636" VPOS="2712" WIDTH="132" HEIGHT="75" STYLEREFS="font0"/><SP WIDTH="16" VPOS="2712" HPOS="768"/><String ID="p301_w457" CONTENT="of" HPOS="784" VPOS="2712" WIDTH="40" HEIGHT="75" STYLEREFS="font0"/><SP WIDTH="10" VPOS="2712" HPOS="824"/><String ID="p301_w458" CONTENT="very" HPOS="834" VPOS="2712" WIDTH="78" HEIGHT="75" STYLEREFS="font0"/><SP WIDTH="15" VPOS="2712" HPOS="912"/><String ID="p301_w459" CONTENT="fine" HPOS="927" VPOS="2712" WIDTH="62" HEIGHT="75" STYLEREFS="font0"/><SP WIDTH="11" VPOS="2712" HPOS="989"/><String ID="p301_w460" CONTENT="fmaUfqua-" HPOS="1000" VPOS="2712" WIDTH="195" HEIGHT="75" STYLEREFS="font0"/></TextLine><TextLine WIDTH="1027" HEIGHT="75" ID="p301_t57" HPOS="165" VPOS="2757"><String ID="p301_w461" CONTENT="mous" HPOS="165" VPOS="2757" WIDTH="89" HEIGHT="75" STYLEREFS="font0"/><SP WIDTH="26" VPOS="2757" HPOS="254"/><String ID="p301_w462" CONTENT="laminae," HPOS="280" VPOS="2757" WIDTH="137" HEIGHT="75" STYLEREFS="font0"/><SP WIDTH="24" VPOS="2757" HPOS="417"/><String ID="p301_w463" CONTENT="without" HPOS="441" VPOS="2757" WIDTH="137" HEIGHT="75" STYLEREFS="font0"/><SP WIDTH="28" VPOS="2757" HPOS="578"/><String ID="p301_w464" CONTENT="any" HPOS="606" VPOS="2757" WIDTH="61" HEIGHT="75" STYLEREFS="font0"/><SP WIDTH="24" VPOS="2757" HPOS="667"/><String ID="p301_w465" CONTENT="appearance" HPOS="691" VPOS="2757" WIDTH="194" HEIGHT="75" STYLEREFS="font0"/><SP WIDTH="25" VPOS="2757" HPOS="885"/><String ID="p301_w466" CONTENT="of" HPOS="910" VPOS="2757" WIDTH="39" HEIGHT="75" STYLEREFS="font0"/><SP WIDTH="19" VPOS="2757" HPOS="949"/><String ID="p301_w467" CONTENT="a" HPOS="968" VPOS="2757" WIDTH="18" HEIGHT="75" STYLEREFS="font0"/><SP WIDTH="27" VPOS="2757" HPOS="986"/><String ID="p301_w468" CONTENT="fibrous" HPOS="1013" VPOS="2757" WIDTH="118" HEIGHT="75" STYLEREFS="font0"/><SP WIDTH="24" VPOS="2757" HPOS="1131"/><String ID="p301_w469" CONTENT="or" HPOS="1155" VPOS="2757" WIDTH="37" HEIGHT="75" STYLEREFS="font0"/></TextLine><TextLine WIDTH="1027" HEIGHT="75" ID="p301_t58" HPOS="164" VPOS="2802"><String ID="p301_w470" CONTENT="vafcular" HPOS="164" VPOS="2802" WIDTH="142" HEIGHT="75" STYLEREFS="font0"/><SP WIDTH="15" VPOS="2802" HPOS="306"/><String ID="p301_w471" CONTENT="texture," HPOS="321" VPOS="2802" WIDTH="141" HEIGHT="75" STYLEREFS="font0"/><SP WIDTH="26" VPOS="2802" HPOS="462"/><String ID="p301_w472" CONTENT="except" HPOS="488" VPOS="2802" WIDTH="113" HEIGHT="75" STYLEREFS="font0"/><SP WIDTH="17" VPOS="2802" HPOS="601"/><String ID="p301_w473" CONTENT="fome" HPOS="618" VPOS="2802" WIDTH="85" HEIGHT="75" STYLEREFS="font0"/><SP WIDTH="15" VPOS="2802" HPOS="703"/><String ID="p301_w474" CONTENT="fmall" HPOS="718" VPOS="2802" WIDTH="90" HEIGHT="75" STYLEREFS="font0"/><SP WIDTH="24" VPOS="2802" HPOS="808"/><String ID="p301_w475" CONTENT="filaments," HPOS="832" VPOS="2802" WIDTH="170" HEIGHT="75" STYLEREFS="font0"/><SP WIDTH="24" VPOS="2802" HPOS="1002"/><String ID="p301_w476" CONTENT="by" HPOS="1026" VPOS="2802" WIDTH="44" HEIGHT="75" STYLEREFS="font0"/><SP WIDTH="16" VPOS="2802" HPOS="1070"/><String ID="p301_w477" CONTENT="which" HPOS="1086" VPOS="2802" WIDTH="105" HEIGHT="75" STYLEREFS="font0"/></TextLine><TextLine WIDTH="524" HEIGHT="75" ID="p301_t59" HPOS="164" VPOS="2848"><String ID="p301_w478" CONTENT="ft" HPOS="164" VPOS="2848" WIDTH="26" HEIGHT="75" STYLEREFS="font0"/><SP WIDTH="15" VPOS="2848" HPOS="190"/><String ID="p301_w479" CONTENT="is" HPOS="205" VPOS="2848" WIDTH="27" HEIGHT="75" STYLEREFS="font0"/><SP WIDTH="12" VPOS="2848" HPOS="232"/><String ID="p301_w480" CONTENT="connedted" HPOS="244" VPOS="2848" WIDTH="172" HEIGHT="75" STYLEREFS="font0"/><SP WIDTH="14" VPOS="2848" HPOS="416"/><String ID="p301_w481" CONTENT="to" HPOS="430" VPOS="2848" WIDTH="36" HEIGHT="75" STYLEREFS="font0"/><SP WIDTH="18" VPOS="2848" HPOS="466"/><String ID="p301_w482" CONTENT="the" HPOS="484" VPOS="2848" WIDTH="53" HEIGHT="75" STYLEREFS="font0"/><SP WIDTH="16" VPOS="2848" HPOS="537"/><String ID="p301_w483" CONTENT="papillae." HPOS="553" VPOS="2848" WIDTH="135" HEIGHT="75" STYLEREFS="font0"/></TextLine><TextLine WIDTH="980" HEIGHT="75" ID="p301_t60" HPOS="210" VPOS="2895"><String ID="p301_w484" CONTENT="This" HPOS="210" VPOS="2895" WIDTH="84" HEIGHT="75" STYLEREFS="font0"/><SP WIDTH="22" VPOS="2895" HPOS="294"/><String ID="p301_w485" CONTENT="fubftance" HPOS="316" VPOS="2895" WIDTH="159" HEIGHT="75" STYLEREFS="font0"/><SP WIDTH="15" VPOS="2895" HPOS="475"/><String ID="p301_w486" CONTENT="is" HPOS="490" VPOS="2895" WIDTH="27" HEIGHT="75" STYLEREFS="font0"/><SP WIDTH="16" VPOS="2895" HPOS="517"/><String ID="p301_w487" CONTENT="very" HPOS="533" VPOS="2895" WIDTH="78" HEIGHT="75" STYLEREFS="font0"/><SP WIDTH="15" VPOS="2895" HPOS="611"/><String ID="p301_w488" CONTENT="folid" HPOS="626" VPOS="2895" WIDTH="81" HEIGHT="75" STYLEREFS="font0"/><SP WIDTH="25" VPOS="2895" HPOS="707"/><String ID="p301_w489" CONTENT="and" HPOS="732" VPOS="2895" WIDTH="61" HEIGHT="75" STYLEREFS="font0"/><SP WIDTH="18" VPOS="2895" HPOS="793"/><String ID="p301_w490" CONTENT="compadt," HPOS="811" VPOS="2895" WIDTH="154" HEIGHT="75" STYLEREFS="font0"/><SP WIDTH="27" VPOS="2895" HPOS="965"/><String ID="p301_w491" CONTENT="but" HPOS="992" VPOS="2895" WIDTH="57" HEIGHT="75" STYLEREFS="font0"/><SP WIDTH="17" VPOS="2895" HPOS="1049"/><String ID="p301_w492" CONTENT="yet" HPOS="1066" VPOS="2895" WIDTH="55" HEIGHT="75" STYLEREFS="font0"/><SP WIDTH="18" VPOS="2895" HPOS="1121"/><String ID="p301_w493" CONTENT="ca-" HPOS="1139" VPOS="2895" WIDTH="51" HEIGHT="75" STYLEREFS="font0"/></TextLine><TextLine WIDTH="1025" HEIGHT="75" ID="p301_t61" HPOS="164" VPOS="2941"><String ID="p301_w494" CONTENT="pable" HPOS="164" VPOS="2941" WIDTH="91" HEIGHT="75" STYLEREFS="font0"/><SP WIDTH="24" VPOS="2941" HPOS="255"/><String ID="p301_w495" CONTENT="of" HPOS="279" VPOS="2941" WIDTH="40" HEIGHT="75" STYLEREFS="font0"/><SP WIDTH="18" VPOS="2941" HPOS="319"/><String ID="p301_w496" CONTENT="being" HPOS="337" VPOS="2941" WIDTH="93" HEIGHT="75" STYLEREFS="font0"/><SP WIDTH="23" VPOS="2941" HPOS="430"/><String ID="p301_w497" CONTENT="extended" HPOS="453" VPOS="2941" WIDTH="162" HEIGHT="75" STYLEREFS="font0"/><SP WIDTH="22" VPOS="2941" HPOS="615"/><String ID="p301_w498" CONTENT="aud" HPOS="637" VPOS="2941" WIDTH="63" HEIGHT="75" STYLEREFS="font0"/><SP WIDTH="22" VPOS="2941" HPOS="700"/><String ID="p301_w499" CONTENT="thickened," HPOS="722" VPOS="2941" WIDTH="182" HEIGHT="75" STYLEREFS="font0"/><SP WIDTH="31" VPOS="2941" HPOS="904"/><String ID="p301_w500" CONTENT="as" HPOS="935" VPOS="2941" WIDTH="33" HEIGHT="75" STYLEREFS="font0"/><SP WIDTH="30" VPOS="2941" HPOS="968"/><String ID="p301_w501" CONTENT="we" HPOS="998" VPOS="2941" WIDTH="49" HEIGHT="75" STYLEREFS="font0"/><SP WIDTH="23" VPOS="2941" HPOS="1047"/><String ID="p301_w502" CONTENT="fee" HPOS="1070" VPOS="2941" WIDTH="50" HEIGHT="75" STYLEREFS="font0"/><SP WIDTH="25" VPOS="2941" HPOS="1120"/><String ID="p301_w503" CONTENT="by" HPOS="1145" VPOS="2941" WIDTH="44" HEIGHT="75" STYLEREFS="font0"/></TextLine><TextLine WIDTH="367" HEIGHT="75" ID="p301_t62" HPOS="1365" VPOS="114"><String ID="p301_w504" CONTENT="o" HPOS="1365" VPOS="114" WIDTH="39" HEIGHT="75" STYLEREFS="font0"/><SP WIDTH="116" VPOS="114" HPOS="1404"/><String ID="p301_w505" CONTENT="M" HPOS="1520" VPOS="114" WIDTH="49" HEIGHT="75" STYLEREFS="font0"/><SP WIDTH="114" VPOS="114" HPOS="1569"/><String ID="p301_w506" CONTENT="Y." HPOS="1683" VPOS="114" WIDTH="49" HEIGHT="75" STYLEREFS="font0"/></TextLine><TextLine WIDTH="78" HEIGHT="75" ID="p301_t63" HPOS="2195" VPOS="114"><String ID="p301_w507" CONTENT="255" HPOS="2195" VPOS="114" WIDTH="78" HEIGHT="75" STYLEREFS="font0"/></TextLine><TextLine WIDTH="1032" HEIGHT="75" ID="p301_t64" HPOS="1244" VPOS="184"><String ID="p301_w508" CONTENT="fteeping" HPOS="1244" VPOS="184" WIDTH="137" HEIGHT="75" STYLEREFS="font0"/><SP WIDTH="16" VPOS="184" HPOS="1381"/><String ID="p301_w509" CONTENT="it" HPOS="1397" VPOS="184" WIDTH="25" HEIGHT="75" STYLEREFS="font0"/><SP WIDTH="10" VPOS="184" HPOS="1422"/><String ID="p301_w510" CONTENT="in" HPOS="1432" VPOS="184" WIDTH="33" HEIGHT="75" STYLEREFS="font0"/><SP WIDTH="18" VPOS="184" HPOS="1465"/><String ID="p301_w511" CONTENT="water," HPOS="1483" VPOS="184" WIDTH="113" HEIGHT="75" STYLEREFS="font0"/><SP WIDTH="25" VPOS="184" HPOS="1596"/><String ID="p301_w512" CONTENT="and" HPOS="1621" VPOS="184" WIDTH="62" HEIGHT="75" STYLEREFS="font0"/><SP WIDTH="13" VPOS="184" HPOS="1683"/><String ID="p301_w513" CONTENT="by" HPOS="1696" VPOS="184" WIDTH="43" HEIGHT="75" STYLEREFS="font0"/><SP WIDTH="13" VPOS="184" HPOS="1739"/><String ID="p301_w514" CONTENT="the" HPOS="1752" VPOS="184" WIDTH="55" HEIGHT="75" STYLEREFS="font0"/><SP WIDTH="15" VPOS="184" HPOS="1807"/><String ID="p301_w515" CONTENT="biifterS" HPOS="1822" VPOS="184" WIDTH="122" HEIGHT="75" STYLEREFS="font0"/><SP WIDTH="18" VPOS="184" HPOS="1944"/><String ID="p301_w516" CONTENT="raifed" HPOS="1962" VPOS="184" WIDTH="100" HEIGHT="75" STYLEREFS="font0"/><SP WIDTH="17" VPOS="184" HPOS="2062"/><String ID="p301_w517" CONTENT="bn" HPOS="2079" VPOS="184" WIDTH="40" HEIGHT="75" STYLEREFS="font0"/><SP WIDTH="19" VPOS="184" HPOS="2119"/><String ID="p301_w518" CONTENT="the" HPOS="2138" VPOS="184" WIDTH="54" HEIGHT="75" STYLEREFS="font0"/><SP WIDTH="17" VPOS="184" HPOS="2192"/><String ID="p301_w519" CONTENT="flan" HPOS="2209" VPOS="184" WIDTH="67" HEIGHT="75" STYLEREFS="font0"/></TextLine><TextLine WIDTH="1032" HEIGHT="75" ID="p301_t65" HPOS="1244" VPOS="229"><String ID="p301_w520" CONTENT="by" HPOS="1244" VPOS="229" WIDTH="43" HEIGHT="75" STYLEREFS="font0"/><SP WIDTH="16" VPOS="229" HPOS="1287"/><String ID="p301_w521" CONTENT="veficatories." HPOS="1303" VPOS="229" WIDTH="210" HEIGHT="75" STYLEREFS="font0"/><SP WIDTH="49" VPOS="229" HPOS="1513"/><String ID="p301_w522" CONTENT="It" HPOS="1562" VPOS="229" WIDTH="32" HEIGHT="75" STYLEREFS="font0"/><SP WIDTH="23" VPOS="229" HPOS="1594"/><String ID="p301_w523" CONTENT="yields" HPOS="1617" VPOS="229" WIDTH="101" HEIGHT="75" STYLEREFS="font0"/><SP WIDTH="26" VPOS="229" HPOS="1718"/><String ID="p301_w524" CONTENT="very" HPOS="1744" VPOS="229" WIDTH="76" HEIGHT="75" STYLEREFS="font0"/><SP WIDTH="24" VPOS="229" HPOS="1820"/><String ID="p301_w525" CONTENT="much" HPOS="1844" VPOS="229" WIDTH="95" HEIGHT="75" STYLEREFS="font0"/><SP WIDTH="24" VPOS="229" HPOS="1939"/><String ID="p301_w526" CONTENT="infwellings" HPOS="1963" VPOS="229" WIDTH="206" HEIGHT="75" STYLEREFS="font0"/><SP WIDTH="11" VPOS="229" HPOS="2169"/><String ID="p301_w527" CONTENT=";" HPOS="2180" VPOS="229" WIDTH="10" HEIGHT="75" STYLEREFS="font0"/><SP WIDTH="28" VPOS="229" HPOS="2190"/><String ID="p301_w528" CONTENT="but" HPOS="2218" VPOS="229" WIDTH="58" HEIGHT="75" STYLEREFS="font0"/></TextLine><TextLine WIDTH="996" HEIGHT="75" ID="p301_t66" HPOS="1246" VPOS="276"><String ID="p301_w529" CONTENT="not" HPOS="1246" VPOS="276" WIDTH="55" HEIGHT="75" STYLEREFS="font0"/><SP WIDTH="17" VPOS="276" HPOS="1301"/><String ID="p301_w530" CONTENT="fo" HPOS="1318" VPOS="276" WIDTH="34" HEIGHT="75" STYLEREFS="font0"/><SP WIDTH="16" VPOS="276" HPOS="1352"/><String ID="p301_w531" CONTENT="much" HPOS="1368" VPOS="276" WIDTH="94" HEIGHT="75" STYLEREFS="font0"/><SP WIDTH="18" VPOS="276" HPOS="1462"/><String ID="p301_w532" CONTENT="as" HPOS="1480" VPOS="276" WIDTH="33" HEIGHT="75" STYLEREFS="font0"/><SP WIDTH="14" VPOS="276" HPOS="1513"/><String ID="p301_w533" CONTENT="the" HPOS="1527" VPOS="276" WIDTH="54" HEIGHT="75" STYLEREFS="font0"/><SP WIDTH="16" VPOS="276" HPOS="1581"/><String ID="p301_w534" CONTENT="flcin," HPOS="1597" VPOS="276" WIDTH="79" HEIGHT="75" STYLEREFS="font0"/><SP WIDTH="27" VPOS="276" HPOS="1676"/><String ID="p301_w535" CONTENT="without" HPOS="1703" VPOS="276" WIDTH="134" HEIGHT="75" STYLEREFS="font0"/><SP WIDTH="17" VPOS="276" HPOS="1837"/><String ID="p301_w536" CONTENT="breaking" HPOS="1854" VPOS="276" WIDTH="153" HEIGHT="75" STYLEREFS="font0"/><SP WIDTH="18" VPOS="276" HPOS="2007"/><String ID="p301_w537" CONTENT="or" HPOS="2025" VPOS="276" WIDTH="38" HEIGHT="75" STYLEREFS="font0"/><SP WIDTH="15" VPOS="276" HPOS="2063"/><String ID="p301_w538" CONTENT="crocking." HPOS="2078" VPOS="276" WIDTH="164" HEIGHT="75" STYLEREFS="font0"/></TextLine><TextLine WIDTH="985" HEIGHT="75" ID="p301_t67" HPOS="1292" VPOS="322"><String ID="p301_w539" CONTENT="Hard" HPOS="1292" VPOS="322" WIDTH="94" HEIGHT="75" STYLEREFS="font0"/><SP WIDTH="15" VPOS="322" HPOS="1386"/><String ID="p301_w540" CONTENT="and" HPOS="1401" VPOS="322" WIDTH="62" HEIGHT="75" STYLEREFS="font0"/><SP WIDTH="22" VPOS="322" HPOS="1463"/><String ID="p301_w541" CONTENT="reiterated" HPOS="1485" VPOS="322" WIDTH="174" HEIGHT="75" STYLEREFS="font0"/><SP WIDTH="14" VPOS="322" HPOS="1659"/><String ID="p301_w542" CONTENT="fridtions" HPOS="1673" VPOS="322" WIDTH="143" HEIGHT="75" STYLEREFS="font0"/><SP WIDTH="17" VPOS="322" HPOS="1816"/><String ID="p301_w543" CONTENT="loofen" HPOS="1833" VPOS="322" WIDTH="107" HEIGHT="75" STYLEREFS="font0"/><SP WIDTH="22" VPOS="322" HPOS="1940"/><String ID="p301_w544" CONTENT="it" HPOS="1962" VPOS="322" WIDTH="25" HEIGHT="75" STYLEREFS="font0"/><SP WIDTH="24" VPOS="322" HPOS="1987"/><String ID="p301_w545" CONTENT="infenfibly," HPOS="2011" VPOS="322" WIDTH="177" HEIGHT="75" STYLEREFS="font0"/><SP WIDTH="26" VPOS="322" HPOS="2188"/><String ID="p301_w546" CONTENT="and" HPOS="2214" VPOS="322" WIDTH="63" HEIGHT="75" STYLEREFS="font0"/></TextLine><TextLine WIDTH="1036" HEIGHT="75" ID="p301_t68" HPOS="1246" VPOS="368"><String ID="p301_w547" CONTENT="prefently" HPOS="1246" VPOS="368" WIDTH="156" HEIGHT="75" STYLEREFS="font0"/><SP WIDTH="16" VPOS="368" HPOS="1402"/><String ID="p301_w548" CONTENT="afterward," HPOS="1418" VPOS="368" WIDTH="184" HEIGHT="75" STYLEREFS="font0"/><SP WIDTH="26" VPOS="368" HPOS="1602"/><String ID="p301_w549" CONTENT="a" HPOS="1628" VPOS="368" WIDTH="18" HEIGHT="75" STYLEREFS="font0"/><SP WIDTH="16" VPOS="368" HPOS="1646"/><String ID="p301_w550" CONTENT="new" HPOS="1662" VPOS="368" WIDTH="70" HEIGHT="75" STYLEREFS="font0"/><SP WIDTH="22" VPOS="368" HPOS="1732"/><String ID="p301_w551" CONTENT="llratum" HPOS="1754" VPOS="368" WIDTH="131" HEIGHT="75" STYLEREFS="font0"/><SP WIDTH="17" VPOS="368" HPOS="1885"/><String ID="p301_w552" CONTENT="arifes," HPOS="1902" VPOS="368" WIDTH="107" HEIGHT="75" STYLEREFS="font0"/><SP WIDTH="26" VPOS="368" HPOS="2009"/><String ID="p301_w553" CONTENT="which" HPOS="2035" VPOS="368" WIDTH="105" HEIGHT="75" STYLEREFS="font0"/><SP WIDTH="17" VPOS="368" HPOS="2140"/><String ID="p301_w554" CONTENT="thruils;" HPOS="2157" VPOS="368" WIDTH="125" HEIGHT="75" STYLEREFS="font0"/></TextLine><TextLine WIDTH="1030" HEIGHT="75" ID="p301_t69" HPOS="1246" VPOS="416"><String ID="p301_w555" CONTENT="the" HPOS="1246" VPOS="416" WIDTH="54" HEIGHT="75" STYLEREFS="font0"/><SP WIDTH="18" VPOS="416" HPOS="1300"/><String ID="p301_w556" CONTENT="firft" HPOS="1318" VPOS="416" WIDTH="63" HEIGHT="75" STYLEREFS="font0"/><SP WIDTH="23" VPOS="416" HPOS="1381"/><String ID="p301_w557" CONTENT="outward," HPOS="1404" VPOS="416" WIDTH="160" HEIGHT="75" STYLEREFS="font0"/><SP WIDTH="23" VPOS="416" HPOS="1564"/><String ID="p301_w558" CONTENT="and" HPOS="1587" VPOS="416" WIDTH="63" HEIGHT="75" STYLEREFS="font0"/><SP WIDTH="21" VPOS="416" HPOS="1650"/><String ID="p301_w559" CONTENT="may" HPOS="1671" VPOS="416" WIDTH="73" HEIGHT="75" STYLEREFS="font0"/><SP WIDTH="16" VPOS="416" HPOS="1744"/><String ID="p301_w560" CONTENT="itfelf" HPOS="1760" VPOS="416" WIDTH="90" HEIGHT="75" STYLEREFS="font0"/><SP WIDTH="19" VPOS="416" HPOS="1850"/><String ID="p301_w561" CONTENT="be" HPOS="1869" VPOS="416" WIDTH="38" HEIGHT="75" STYLEREFS="font0"/><SP WIDTH="21" VPOS="416" HPOS="1907"/><String ID="p301_w562" CONTENT="loofened" HPOS="1928" VPOS="416" WIDTH="151" HEIGHT="75" STYLEREFS="font0"/><SP WIDTH="16" VPOS="416" HPOS="2079"/><String ID="p301_w563" CONTENT="and" HPOS="2095" VPOS="416" WIDTH="64" HEIGHT="75" STYLEREFS="font0"/><SP WIDTH="14" VPOS="416" HPOS="2159"/><String ID="p301_w564" CONTENT="thrult" HPOS="2173" VPOS="416" WIDTH="103" HEIGHT="75" STYLEREFS="font0"/></TextLine><TextLine WIDTH="691" HEIGHT="75" ID="p301_t70" HPOS="1246" VPOS="462"><String ID="p301_w565" CONTENT="outward" HPOS="1246" VPOS="462" WIDTH="145" HEIGHT="75" STYLEREFS="font0"/><SP WIDTH="17" VPOS="462" HPOS="1391"/><String ID="p301_w566" CONTENT="by" HPOS="1408" VPOS="462" WIDTH="43" HEIGHT="75" STYLEREFS="font0"/><SP WIDTH="17" VPOS="462" HPOS="1451"/><String ID="p301_w567" CONTENT="a" HPOS="1468" VPOS="462" WIDTH="17" HEIGHT="75" STYLEREFS="font0"/><SP WIDTH="12" VPOS="462" HPOS="1485"/><String ID="p301_w568" CONTENT="third" HPOS="1497" VPOS="462" WIDTH="88" HEIGHT="75" STYLEREFS="font0"/><SP WIDTH="16" VPOS="462" HPOS="1585"/><String ID="p301_w569" CONTENT="ftratum," HPOS="1601" VPOS="462" WIDTH="141" HEIGHT="75" STYLEREFS="font0"/><SP WIDTH="12" VPOS="462" HPOS="1742"/><String ID="p301_w570" CONTENT=".and" HPOS="1754" VPOS="462" WIDTH="77" HEIGHT="75" STYLEREFS="font0"/><SP WIDTH="14" VPOS="462" HPOS="1831"/><String ID="p301_w571" CONTENT="fo" HPOS="1845" VPOS="462" WIDTH="34" HEIGHT="75" STYLEREFS="font0"/><SP WIDTH="17" VPOS="462" HPOS="1879"/><String ID="p301_w572" CONTENT="on" HPOS="1896" VPOS="462" WIDTH="41" HEIGHT="75" STYLEREFS="font0"/></TextLine><TextLine WIDTH="983" HEIGHT="75" ID="p301_t71" HPOS="1292" VPOS="508"><String ID="p301_w573" CONTENT="The" HPOS="1292" VPOS="508" WIDTH="76" HEIGHT="75" STYLEREFS="font0"/><SP WIDTH="16" VPOS="508" HPOS="1368"/><String ID="p301_w574" CONTENT="epidermis" HPOS="1384" VPOS="508" WIDTH="168" HEIGHT="75" STYLEREFS="font0"/><SP WIDTH="18" VPOS="508" HPOS="1552"/><String ID="p301_w575" CONTENT="adheres" HPOS="1570" VPOS="508" WIDTH="132" HEIGHT="75" STYLEREFS="font0"/><SP WIDTH="17" VPOS="508" HPOS="1702"/><String ID="p301_w576" CONTENT="very" HPOS="1719" VPOS="508" WIDTH="78" HEIGHT="75" STYLEREFS="font0"/><SP WIDTH="24" VPOS="508" HPOS="1797"/><String ID="p301_w577" CONTENT="clofely" HPOS="1821" VPOS="508" WIDTH="117" HEIGHT="75" STYLEREFS="font0"/><SP WIDTH="24" VPOS="508" HPOS="1938"/><String ID="p301_w578" CONTENT="to" HPOS="1962" VPOS="508" WIDTH="35" HEIGHT="75" STYLEREFS="font0"/><SP WIDTH="24" VPOS="508" HPOS="1997"/><String ID="p301_w579" CONTENT="the" HPOS="2021" VPOS="508" WIDTH="55" HEIGHT="75" STYLEREFS="font0"/><SP WIDTH="25" VPOS="508" HPOS="2076"/><String ID="p301_w580" CONTENT="cutaneous" HPOS="2101" VPOS="508" WIDTH="174" HEIGHT="75" STYLEREFS="font0"/></TextLine><TextLine WIDTH="1029" HEIGHT="75" ID="p301_t72" HPOS="1247" VPOS="554"><String ID="p301_w581" CONTENT="papilias," HPOS="1247" VPOS="554" WIDTH="135" HEIGHT="75" STYLEREFS="font0"/><SP WIDTH="27" VPOS="554" HPOS="1382"/><String ID="p301_w582" CONTENT="from" HPOS="1409" VPOS="554" WIDTH="83" HEIGHT="75" STYLEREFS="font0"/><SP WIDTH="18" VPOS="554" HPOS="1492"/><String ID="p301_w583" CONTENT="which" HPOS="1510" VPOS="554" WIDTH="104" HEIGHT="75" STYLEREFS="font0"/><SP WIDTH="15" VPOS="554" HPOS="1614"/><String ID="p301_w584" CONTENT="it" HPOS="1629" VPOS="554" WIDTH="27" HEIGHT="75" STYLEREFS="font0"/><SP WIDTH="17" VPOS="554" HPOS="1656"/><String ID="p301_w585" CONTENT="may" HPOS="1673" VPOS="554" WIDTH="72" HEIGHT="75" STYLEREFS="font0"/><SP WIDTH="16" VPOS="554" HPOS="1745"/><String ID="p301_w586" CONTENT="be" HPOS="1761" VPOS="554" WIDTH="39" HEIGHT="75" STYLEREFS="font0"/><SP WIDTH="16" VPOS="554" HPOS="1800"/><String ID="p301_w587" CONTENT="feparated" HPOS="1816" VPOS="554" WIDTH="164" HEIGHT="75" STYLEREFS="font0"/><SP WIDTH="23" VPOS="554" HPOS="1980"/><String ID="p301_w588" CONTENT="by" HPOS="2003" VPOS="554" WIDTH="43" HEIGHT="75" STYLEREFS="font0"/><SP WIDTH="25" VPOS="554" HPOS="2046"/><String ID="p301_w589" CONTENT="boiling;" HPOS="2071" VPOS="554" WIDTH="140" HEIGHT="75" STYLEREFS="font0"/><SP WIDTH="27" VPOS="554" HPOS="2211"/><String ID="p301_w590" CONTENT="or" HPOS="2238" VPOS="554" WIDTH="38" HEIGHT="75" STYLEREFS="font0"/></TextLine><TextLine WIDTH="791" HEIGHT="75" ID="p301_t73" HPOS="1247" VPOS="601"><String ID="p301_w591" CONTENT="by" HPOS="1247" VPOS="601" WIDTH="41" HEIGHT="75" STYLEREFS="font0"/><SP WIDTH="16" VPOS="601" HPOS="1288"/><String ID="p301_w592" CONTENT="fteeping," HPOS="1304" VPOS="601" WIDTH="150" HEIGHT="75" STYLEREFS="font0"/><SP WIDTH="25" VPOS="601" HPOS="1454"/><String ID="p301_w593" CONTENT="for" HPOS="1479" VPOS="601" WIDTH="51" HEIGHT="75" STYLEREFS="font0"/><SP WIDTH="18" VPOS="601" HPOS="1530"/><String ID="p301_w594" CONTENT="a" HPOS="1548" VPOS="601" WIDTH="17" HEIGHT="75" STYLEREFS="font0"/><SP WIDTH="17" VPOS="601" HPOS="1565"/><String ID="p301_w595" CONTENT="long" HPOS="1582" VPOS="601" WIDTH="74" HEIGHT="75" STYLEREFS="font0"/><SP WIDTH="18" VPOS="601" HPOS="1656"/><String ID="p301_w596" CONTENT="time," HPOS="1674" VPOS="601" WIDTH="89" HEIGHT="75" STYLEREFS="font0"/><SP WIDTH="24" VPOS="601" HPOS="1763"/><String ID="p301_w597" CONTENT="in" HPOS="1787" VPOS="601" WIDTH="31" HEIGHT="75" STYLEREFS="font0"/><SP WIDTH="18" VPOS="601" HPOS="1818"/><String ID="p301_w598" CONTENT="cold" HPOS="1836" VPOS="601" WIDTH="74" HEIGHT="75" STYLEREFS="font0"/><SP WIDTH="17" VPOS="601" HPOS="1910"/><String ID="p301_w599" CONTENT="water." HPOS="1927" VPOS="601" WIDTH="111" HEIGHT="75" STYLEREFS="font0"/></TextLine><TextLine WIDTH="983" HEIGHT="75" ID="p301_t74" HPOS="1294" VPOS="646"><String ID="p301_w600" CONTENT="It" HPOS="1294" VPOS="646" WIDTH="31" HEIGHT="75" STYLEREFS="font0"/><SP WIDTH="28" VPOS="646" HPOS="1325"/><String ID="p301_w601" CONTENT="adheres" HPOS="1353" VPOS="646" WIDTH="133" HEIGHT="75" STYLEREFS="font0"/><SP WIDTH="22" VPOS="646" HPOS="1486"/><String ID="p301_w602" CONTENT="ftiil" HPOS="1508" VPOS="646" WIDTH="61" HEIGHT="75" STYLEREFS="font0"/><SP WIDTH="18" VPOS="646" HPOS="1569"/><String ID="p301_w603" CONTENT="cTofer" HPOS="1587" VPOS="646" WIDTH="99" HEIGHT="75" STYLEREFS="font0"/><SP WIDTH="18" VPOS="646" HPOS="1686"/><String ID="p301_w604" CONTENT="to" HPOS="1704" VPOS="646" WIDTH="35" HEIGHT="75" STYLEREFS="font0"/><SP WIDTH="23" VPOS="646" HPOS="1739"/><String ID="p301_w605" CONTENT="the-corpus" HPOS="1762" VPOS="646" WIDTH="185" HEIGHT="75" STYLEREFS="font0"/><SP WIDTH="18" VPOS="646" HPOS="1947"/><String ID="p301_w606" CONTENT="reticulare," HPOS="1965" VPOS="646" WIDTH="177" HEIGHT="75" STYLEREFS="font0"/><SP WIDTH="27" VPOS="646" HPOS="2142"/><String ID="p301_w607" CONTENT="which" HPOS="2169" VPOS="646" WIDTH="108" HEIGHT="75" STYLEREFS="font0"/></TextLine><TextLine WIDTH="1034" HEIGHT="75" ID="p301_t75" HPOS="1246" VPOS="693"><String ID="p301_w608" CONTENT="is" HPOS="1246" VPOS="693" WIDTH="26" HEIGHT="75" STYLEREFS="font0"/><SP WIDTH="28" VPOS="693" HPOS="1272"/><String ID="p301_w609" CONTENT="eafily" HPOS="1300" VPOS="693" WIDTH="93" HEIGHT="75" STYLEREFS="font0"/><SP WIDTH="17" VPOS="693" HPOS="1393"/><String ID="p301_w610" CONTENT="raifed" HPOS="1410" VPOS="693" WIDTH="99" HEIGHT="75" STYLEREFS="font0"/><SP WIDTH="17" VPOS="693" HPOS="1509"/><String ID="p301_w611" CONTENT="along" HPOS="1526" VPOS="693" WIDTH="93" HEIGHT="75" STYLEREFS="font0"/><SP WIDTH="16" VPOS="693" HPOS="1619"/><String ID="p301_w612" CONTENT="with" HPOS="1635" VPOS="693" WIDTH="79" HEIGHT="75" STYLEREFS="font0"/><SP WIDTH="23" VPOS="693" HPOS="1714"/><String ID="p301_w613" CONTENT="it;" HPOS="1737" VPOS="693" WIDTH="47" HEIGHT="75" STYLEREFS="font0"/><SP WIDTH="26" VPOS="693" HPOS="1784"/><String ID="p301_w614" CONTENT="and" HPOS="1810" VPOS="693" WIDTH="63" HEIGHT="75" STYLEREFS="font0"/><SP WIDTH="24" VPOS="693" HPOS="1873"/><String ID="p301_w615" CONTENT="they" HPOS="1897" VPOS="693" WIDTH="77" HEIGHT="75" STYLEREFS="font0"/><SP WIDTH="16" VPOS="693" HPOS="1974"/><String ID="p301_w616" CONTENT="feem" HPOS="1990" VPOS="693" WIDTH="83" HEIGHT="75" STYLEREFS="font0"/><SP WIDTH="24" VPOS="693" HPOS="2073"/><String ID="p301_w617" CONTENT="to" HPOS="2097" VPOS="693" WIDTH="34" HEIGHT="75" STYLEREFS="font0"/><SP WIDTH="18" VPOS="693" HPOS="2131"/><String ID="p301_w618" CONTENT="be" HPOS="2149" VPOS="693" WIDTH="38" HEIGHT="75" STYLEREFS="font0"/><SP WIDTH="17" VPOS="693" HPOS="2187"/><String ID="p301_w619" CONTENT="true" HPOS="2204" VPOS="693" WIDTH="76" HEIGHT="75" STYLEREFS="font0"/></TextLine><TextLine WIDTH="722" HEIGHT="75" ID="p301_t76" HPOS="1247" VPOS="739"><String ID="p301_w620" CONTENT="portions" HPOS="1247" VPOS="739" WIDTH="144" HEIGHT="75" STYLEREFS="font0"/><SP WIDTH="17" VPOS="739" HPOS="1391"/><String ID="p301_w621" CONTENT="or" HPOS="1408" VPOS="739" WIDTH="37" HEIGHT="75" STYLEREFS="font0"/><SP WIDTH="16" VPOS="739" HPOS="1445"/><String ID="p301_w622" CONTENT="continuations" HPOS="1461" VPOS="739" WIDTH="233" HEIGHT="75" STYLEREFS="font0"/><SP WIDTH="17" VPOS="739" HPOS="1694"/><String ID="p301_w623" CONTENT="of" HPOS="1711" VPOS="739" WIDTH="39" HEIGHT="75" STYLEREFS="font0"/><SP WIDTH="18" VPOS="739" HPOS="1750"/><String ID="p301_w624" CONTENT="each" HPOS="1768" VPOS="739" WIDTH="78" HEIGHT="75" STYLEREFS="font0"/><SP WIDTH="17" VPOS="739" HPOS="1846"/><String ID="p301_w625" CONTENT="other." HPOS="1863" VPOS="739" WIDTH="106" HEIGHT="75" STYLEREFS="font0"/></TextLine><TextLine WIDTH="983" HEIGHT="75" ID="p301_t77" HPOS="1292" VPOS="766"><String ID="p301_w626" CONTENT="The.epidermis" HPOS="1292" VPOS="784" WIDTH="262" HEIGHT="75" STYLEREFS="font0"/><String ID="p301_w627" CONTENT="1" HPOS="1554" VPOS="766" WIDTH="12" HEIGHT="49" STYLEREFS="font1"/><SP WIDTH="12" VPOS="766" HPOS="1566"/><String ID="p301_w628" CONTENT="covers" HPOS="1578" VPOS="784" WIDTH="111" HEIGHT="75" STYLEREFS="font0"/><SP WIDTH="22" VPOS="784" HPOS="1689"/><String ID="p301_w629" CONTENT="the" HPOS="1711" VPOS="784" WIDTH="56" HEIGHT="75" STYLEREFS="font0"/><SP WIDTH="16" VPOS="784" HPOS="1767"/><String ID="p301_w630" CONTENT="flcin" HPOS="1783" VPOS="784" WIDTH="66" HEIGHT="75" STYLEREFS="font0"/><SP WIDTH="23" VPOS="784" HPOS="1849"/><String ID="p301_w631" CONTENT="through" HPOS="1872" VPOS="784" WIDTH="140" HEIGHT="75" STYLEREFS="font0"/><SP WIDTH="18" VPOS="784" HPOS="2012"/><String ID="p301_w632" CONTENT="its" HPOS="2030" VPOS="784" WIDTH="41" HEIGHT="75" STYLEREFS="font0"/><SP WIDTH="17" VPOS="784" HPOS="2071"/><String ID="p301_w633" CONTENT="whole" HPOS="2088" VPOS="784" WIDTH="105" HEIGHT="75" STYLEREFS="font0"/><SP WIDTH="23" VPOS="784" HPOS="2193"/><String ID="p301_w634" CONTENT="ex-" HPOS="2216" VPOS="784" WIDTH="59" HEIGHT="75" STYLEREFS="font0"/></TextLine><TextLine WIDTH="1029" HEIGHT="75" ID="p301_t78" HPOS="1246" VPOS="832"><String ID="p301_w635" CONTENT="tent," HPOS="1246" VPOS="832" WIDTH="79" HEIGHT="75" STYLEREFS="font0"/><SP WIDTH="26" VPOS="832" HPOS="1325"/><String ID="p301_w636" CONTENT="except" HPOS="1351" VPOS="832" WIDTH="116" HEIGHT="75" STYLEREFS="font0"/><SP WIDTH="24" VPOS="832" HPOS="1467"/><String ID="p301_w637" CONTENT="at" HPOS="1491" VPOS="832" WIDTH="32" HEIGHT="75" STYLEREFS="font0"/><SP WIDTH="27" VPOS="832" HPOS="1523"/><String ID="p301_w638" CONTENT="the" HPOS="1550" VPOS="832" WIDTH="55" HEIGHT="75" STYLEREFS="font0"/><SP WIDTH="24" VPOS="832" HPOS="1605"/><String ID="p301_w639" CONTENT="places" HPOS="1629" VPOS="832" WIDTH="104" HEIGHT="75" STYLEREFS="font0"/><SP WIDTH="25" VPOS="832" HPOS="1733"/><String ID="p301_w640" CONTENT="where" HPOS="1758" VPOS="832" WIDTH="107" HEIGHT="75" STYLEREFS="font0"/><SP WIDTH="28" VPOS="832" HPOS="1865"/><String ID="p301_w641" CONTENT="the" HPOS="1893" VPOS="832" WIDTH="54" HEIGHT="75" STYLEREFS="font0"/><SP WIDTH="29" VPOS="832" HPOS="1947"/><String ID="p301_w642" CONTENT="nails" HPOS="1976" VPOS="832" WIDTH="78" HEIGHT="75" STYLEREFS="font0"/><SP WIDTH="27" VPOS="832" HPOS="2054"/><String ID="p301_w643" CONTENT="lie." HPOS="2081" VPOS="832" WIDTH="55" HEIGHT="75" STYLEREFS="font0"/><SP WIDTH="55" VPOS="832" HPOS="2136"/><String ID="p301_w644" CONTENT="It" HPOS="2191" VPOS="832" WIDTH="32" HEIGHT="75" STYLEREFS="font0"/><SP WIDTH="24" VPOS="832" HPOS="2223"/><String ID="p301_w645" CONTENT="is" HPOS="2247" VPOS="832" WIDTH="28" HEIGHT="75" STYLEREFS="font0"/></TextLine><TextLine WIDTH="1026" HEIGHT="75" ID="p301_t79" HPOS="1247" VPOS="878"><String ID="p301_w646" CONTENT="marked" HPOS="1247" VPOS="878" WIDTH="130" HEIGHT="75" STYLEREFS="font0"/><SP WIDTH="17" VPOS="878" HPOS="1377"/><String ID="p301_w647" CONTENT="vvith" HPOS="1394" VPOS="878" WIDTH="78" HEIGHT="75" STYLEREFS="font0"/><SP WIDTH="18" VPOS="878" HPOS="1472"/><String ID="p301_w648" CONTENT="the" HPOS="1490" VPOS="878" WIDTH="53" HEIGHT="75" STYLEREFS="font0"/><SP WIDTH="15" VPOS="878" HPOS="1543"/><String ID="p301_w649" CONTENT="fame" HPOS="1558" VPOS="878" WIDTH="85" HEIGHT="75" STYLEREFS="font0"/><SP WIDTH="17" VPOS="878" HPOS="1643"/><String ID="p301_w650" CONTENT="furrows" HPOS="1660" VPOS="878" WIDTH="135" HEIGHT="75" STYLEREFS="font0"/><SP WIDTH="18" VPOS="878" HPOS="1795"/><String ID="p301_w651" CONTENT="and" HPOS="1813" VPOS="878" WIDTH="62" HEIGHT="75" STYLEREFS="font0"/><SP WIDTH="22" VPOS="878" HPOS="1875"/><String ID="p301_w652" CONTENT="lozenges" HPOS="1897" VPOS="878" WIDTH="149" HEIGHT="75" STYLEREFS="font0"/><SP WIDTH="19" VPOS="878" HPOS="2046"/><String ID="p301_w653" CONTENT="as" HPOS="2065" VPOS="878" WIDTH="32" HEIGHT="75" STYLEREFS="font0"/><SP WIDTH="24" VPOS="878" HPOS="2097"/><String ID="p301_w654" CONTENT="the" HPOS="2121" VPOS="878" WIDTH="56" HEIGHT="75" STYLEREFS="font0"/><SP WIDTH="16" VPOS="878" HPOS="2177"/><String ID="p301_w655" CONTENT="fkin," HPOS="2193" VPOS="878" WIDTH="80" HEIGHT="75" STYLEREFS="font0"/></TextLine><TextLine WIDTH="1033" HEIGHT="75" ID="p301_t80" HPOS="1246" VPOS="925"><String ID="p301_w656" CONTENT="and" HPOS="1246" VPOS="925" WIDTH="62" HEIGHT="75" STYLEREFS="font0"/><SP WIDTH="15" VPOS="925" HPOS="1308"/><String ID="p301_w657" CONTENT="has" HPOS="1323" VPOS="925" WIDTH="58" HEIGHT="75" STYLEREFS="font0"/><SP WIDTH="17" VPOS="925" HPOS="1381"/><String ID="p301_w658" CONTENT="the" HPOS="1398" VPOS="925" WIDTH="55" HEIGHT="75" STYLEREFS="font0"/><SP WIDTH="16" VPOS="925" HPOS="1453"/><String ID="p301_w659" CONTENT="fame" HPOS="1469" VPOS="925" WIDTH="83" HEIGHT="75" STYLEREFS="font0"/><SP WIDTH="12" VPOS="925" HPOS="1552"/><String ID="p301_w660" CONTENT="openings" HPOS="1564" VPOS="925" WIDTH="151" HEIGHT="75" STYLEREFS="font0"/><SP WIDTH="17" VPOS="925" HPOS="1715"/><String ID="p301_w661" CONTENT="and" HPOS="1732" VPOS="925" WIDTH="62" HEIGHT="75" STYLEREFS="font0"/><SP WIDTH="16" VPOS="925" HPOS="1794"/><String ID="p301_w662" CONTENT="pores" HPOS="1810" VPOS="925" WIDTH="92" HEIGHT="75" STYLEREFS="font0"/><SP WIDTH="12" VPOS="925" HPOS="1902"/><String ID="p301_w663" CONTENT=";" HPOS="1914" VPOS="925" WIDTH="9" HEIGHT="75" STYLEREFS="font0"/><SP WIDTH="27" VPOS="925" HPOS="1923"/><String ID="p301_w664" CONTENT="and" HPOS="1950" VPOS="925" WIDTH="62" HEIGHT="75" STYLEREFS="font0"/><SP WIDTH="13" VPOS="925" HPOS="2012"/><String ID="p301_w665" CONTENT="though" HPOS="2025" VPOS="925" WIDTH="122" HEIGHT="75" STYLEREFS="font0"/><SP WIDTH="17" VPOS="925" HPOS="2147"/><String ID="p301_w666" CONTENT="it" HPOS="2164" VPOS="925" WIDTH="25" HEIGHT="75" STYLEREFS="font0"/><SP WIDTH="13" VPOS="925" HPOS="2189"/><String ID="p301_w667" CONTENT="may" HPOS="2202" VPOS="925" WIDTH="77" HEIGHT="75" STYLEREFS="font0"/></TextLine><TextLine WIDTH="1028" HEIGHT="75" ID="p301_t81" HPOS="1247" VPOS="971"><String ID="p301_w668" CONTENT="be" HPOS="1247" VPOS="971" WIDTH="38" HEIGHT="75" STYLEREFS="font0"/><SP WIDTH="16" VPOS="971" HPOS="1285"/><String ID="p301_w669" CONTENT="faid" HPOS="1301" VPOS="971" WIDTH="66" HEIGHT="75" STYLEREFS="font0"/><SP WIDTH="16" VPOS="971" HPOS="1367"/><String ID="p301_w670" CONTENT="to" HPOS="1383" VPOS="971" WIDTH="35" HEIGHT="75" STYLEREFS="font0"/><SP WIDTH="16" VPOS="971" HPOS="1418"/><String ID="p301_w671" CONTENT="pafs" HPOS="1434" VPOS="971" WIDTH="68" HEIGHT="75" STYLEREFS="font0"/><SP WIDTH="17" VPOS="971" HPOS="1502"/><String ID="p301_w672" CONTENT="the" HPOS="1519" VPOS="971" WIDTH="54" HEIGHT="75" STYLEREFS="font0"/><SP WIDTH="17" VPOS="971" HPOS="1573"/><String ID="p301_w673" CONTENT="hounds" HPOS="1590" VPOS="971" WIDTH="122" HEIGHT="75" STYLEREFS="font0"/><SP WIDTH="18" VPOS="971" HPOS="1712"/><String ID="p301_w674" CONTENT="of" HPOS="1730" VPOS="971" WIDTH="40" HEIGHT="75" STYLEREFS="font0"/><SP WIDTH="18" VPOS="971" HPOS="1770"/><String ID="p301_w675" CONTENT="the" HPOS="1788" VPOS="971" WIDTH="55" HEIGHT="75" STYLEREFS="font0"/><SP WIDTH="16" VPOS="971" HPOS="1843"/><String ID="p301_w676" CONTENT="flcin," HPOS="1859" VPOS="971" WIDTH="78" HEIGHT="75" STYLEREFS="font0"/><SP WIDTH="25" VPOS="971" HPOS="1937"/><String ID="p301_w677" CONTENT="where" HPOS="1962" VPOS="971" WIDTH="107" HEIGHT="75" STYLEREFS="font0"/><SP WIDTH="16" VPOS="971" HPOS="2069"/><String ID="p301_w678" CONTENT="it" HPOS="2085" VPOS="971" WIDTH="25" HEIGHT="75" STYLEREFS="font0"/><SP WIDTH="18" VPOS="971" HPOS="2110"/><String ID="p301_w679" CONTENT="is" HPOS="2128" VPOS="971" WIDTH="25" HEIGHT="75" STYLEREFS="font0"/><SP WIDTH="18" VPOS="971" HPOS="2153"/><String ID="p301_w680" CONTENT="conti-" HPOS="2171" VPOS="971" WIDTH="104" HEIGHT="75" STYLEREFS="font0"/></TextLine><TextLine WIDTH="1031" HEIGHT="75" ID="p301_t82" HPOS="1246" VPOS="1017"><String ID="p301_w681" CONTENT="nued" HPOS="1246" VPOS="1017" WIDTH="82" HEIGHT="75" STYLEREFS="font0"/><SP WIDTH="23" VPOS="1017" HPOS="1328"/><String ID="p301_w682" CONTENT="inward," HPOS="1351" VPOS="1017" WIDTH="135" HEIGHT="75" STYLEREFS="font0"/><SP WIDTH="25" VPOS="1017" HPOS="1486"/><String ID="p301_w683" CONTENT="through" HPOS="1511" VPOS="1017" WIDTH="140" HEIGHT="75" STYLEREFS="font0"/><SP WIDTH="24" VPOS="1017" HPOS="1651"/><String ID="p301_w684" CONTENT="the" HPOS="1675" VPOS="1017" WIDTH="55" HEIGHT="75" STYLEREFS="font0"/><SP WIDTH="24" VPOS="1017" HPOS="1730"/><String ID="p301_w685" CONTENT="great" HPOS="1754" VPOS="1017" WIDTH="88" HEIGHT="75" STYLEREFS="font0"/><SP WIDTH="24" VPOS="1017" HPOS="1842"/><String ID="p301_w686" CONTENT="op" HPOS="1866" VPOS="1017" WIDTH="40" HEIGHT="75" STYLEREFS="font0"/><SP WIDTH="5" VPOS="1017" HPOS="1906"/><String ID="p301_w687" CONTENT=".rungs," HPOS="1911" VPOS="1017" WIDTH="119" HEIGHT="75" STYLEREFS="font0"/><SP WIDTH="26" VPOS="1017" HPOS="2030"/><String ID="p301_w688" CONTENT="yet" HPOS="2056" VPOS="1017" WIDTH="54" HEIGHT="75" STYLEREFS="font0"/><SP WIDTH="22" VPOS="1017" HPOS="2110"/><String ID="p301_w689" CONTENT="at" HPOS="2132" VPOS="1017" WIDTH="34" HEIGHT="75" STYLEREFS="font0"/><SP WIDTH="22" VPOS="1017" HPOS="2166"/><String ID="p301_w690" CONTENT="thefe" HPOS="2188" VPOS="1017" WIDTH="89" HEIGHT="75" STYLEREFS="font0"/></TextLine><TextLine WIDTH="674" HEIGHT="75" ID="p301_t83" HPOS="1247" VPOS="1064"><String ID="p301_w691" CONTENT="places" HPOS="1247" VPOS="1064" WIDTH="106" HEIGHT="75" STYLEREFS="font0"/><SP WIDTH="11" VPOS="1064" HPOS="1353"/><String ID="p301_w692" CONTENT="it" HPOS="1364" VPOS="1064" WIDTH="27" HEIGHT="75" STYLEREFS="font0"/><SP WIDTH="15" VPOS="1064" HPOS="1391"/><String ID="p301_w693" CONTENT="lofes" HPOS="1406" VPOS="1064" WIDTH="82" HEIGHT="75" STYLEREFS="font0"/><SP WIDTH="17" VPOS="1064" HPOS="1488"/><String ID="p301_w694" CONTENT="the" HPOS="1505" VPOS="1064" WIDTH="53" HEIGHT="75" STYLEREFS="font0"/><SP WIDTH="17" VPOS="1064" HPOS="1558"/><String ID="p301_w695" CONTENT="name" HPOS="1575" VPOS="1064" WIDTH="90" HEIGHT="75" STYLEREFS="font0"/><SP WIDTH="18" VPOS="1064" HPOS="1665"/><String ID="p301_w696" CONTENT="of" HPOS="1683" VPOS="1064" WIDTH="39" HEIGHT="75" STYLEREFS="font0"/><SP WIDTH="19" VPOS="1064" HPOS="1722"/><String ID="p301_w697" CONTENT="epidermis." HPOS="1741" VPOS="1064" WIDTH="180" HEIGHT="75" STYLEREFS="font0"/></TextLine><TextLine WIDTH="987" HEIGHT="75" ID="p301_t84" HPOS="1293" VPOS="1110"><String ID="p301_w698" CONTENT="When" HPOS="1293" VPOS="1110" WIDTH="111" HEIGHT="75" STYLEREFS="font0"/><SP WIDTH="17" VPOS="1110" HPOS="1404"/><String ID="p301_w699" CONTENT="we" HPOS="1421" VPOS="1110" WIDTH="47" HEIGHT="75" STYLEREFS="font0"/><SP WIDTH="17" VPOS="1110" HPOS="1468"/><String ID="p301_w700" CONTENT="examine" HPOS="1485" VPOS="1110" WIDTH="147" HEIGHT="75" STYLEREFS="font0"/><SP WIDTH="16" VPOS="1110" HPOS="1632"/><String ID="p301_w701" CONTENT="narrowly" HPOS="1648" VPOS="1110" WIDTH="160" HEIGHT="75" STYLEREFS="font0"/><SP WIDTH="15" VPOS="1110" HPOS="1808"/><String ID="p301_w702" CONTENT="the" HPOS="1823" VPOS="1110" WIDTH="56" HEIGHT="75" STYLEREFS="font0"/><SP WIDTH="24" VPOS="1110" HPOS="1879"/><String ID="p301_w703" CONTENT="fmall" HPOS="1903" VPOS="1110" WIDTH="89" HEIGHT="75" STYLEREFS="font0"/><SP WIDTH="16" VPOS="1110" HPOS="1992"/><String ID="p301_w704" CONTENT="pores" HPOS="2008" VPOS="1110" WIDTH="93" HEIGHT="75" STYLEREFS="font0"/><SP WIDTH="16" VPOS="1110" HPOS="2101"/><String ID="p301_w705" CONTENT="or" HPOS="2117" VPOS="1110" WIDTH="38" HEIGHT="75" STYLEREFS="font0"/><SP WIDTH="15" VPOS="1110" HPOS="2155"/><String ID="p301_w706" CONTENT="holes," HPOS="2170" VPOS="1110" WIDTH="110" HEIGHT="75" STYLEREFS="font0"/></TextLine><TextLine WIDTH="1029" HEIGHT="75" ID="p301_t85" HPOS="1246" VPOS="1155"><String ID="p301_w707" CONTENT="through" HPOS="1246" VPOS="1155" WIDTH="139" HEIGHT="75" STYLEREFS="font0"/><SP WIDTH="18" VPOS="1155" HPOS="1385"/><String ID="p301_w708" CONTENT="which" HPOS="1403" VPOS="1155" WIDTH="106" HEIGHT="75" STYLEREFS="font0"/><SP WIDTH="16" VPOS="1155" HPOS="1509"/><String ID="p301_w709" CONTENT="the" HPOS="1525" VPOS="1155" WIDTH="56" HEIGHT="75" STYLEREFS="font0"/><SP WIDTH="15" VPOS="1155" HPOS="1581"/><String ID="p301_w710" CONTENT="fweat" HPOS="1596" VPOS="1155" WIDTH="97" HEIGHT="75" STYLEREFS="font0"/><SP WIDTH="22" VPOS="1155" HPOS="1693"/><String ID="p301_w711" CONTENT="pafles," HPOS="1715" VPOS="1155" WIDTH="110" HEIGHT="75" STYLEREFS="font0"/><SP WIDTH="26" VPOS="1155" HPOS="1825"/><String ID="p301_w712" CONTENT="the" HPOS="1851" VPOS="1155" WIDTH="55" HEIGHT="75" STYLEREFS="font0"/><SP WIDTH="23" VPOS="1155" HPOS="1906"/><String ID="p301_w713" CONTENT="epidermis" HPOS="1929" VPOS="1155" WIDTH="166" HEIGHT="75" STYLEREFS="font0"/><SP WIDTH="24" VPOS="1155" HPOS="2095"/><String ID="p301_w714" CONTENT="feems" HPOS="2119" VPOS="1155" WIDTH="97" HEIGHT="75" STYLEREFS="font0"/><SP WIDTH="25" VPOS="1155" HPOS="2216"/><String ID="p301_w715" CONTENT="to" HPOS="2241" VPOS="1155" WIDTH="34" HEIGHT="75" STYLEREFS="font0"/></TextLine><TextLine WIDTH="1036" HEIGHT="75" ID="p301_t86" HPOS="1246" VPOS="1202"><String ID="p301_w716" CONTENT="enter" HPOS="1246" VPOS="1202" WIDTH="89" HEIGHT="75" STYLEREFS="font0"/><SP WIDTH="17" VPOS="1202" HPOS="1335"/><String ID="p301_w717" CONTENT="thefe," HPOS="1352" VPOS="1202" WIDTH="98" HEIGHT="75" STYLEREFS="font0"/><SP WIDTH="25" VPOS="1202" HPOS="1450"/><String ID="p301_w718" CONTENT="in" HPOS="1475" VPOS="1202" WIDTH="32" HEIGHT="75" STYLEREFS="font0"/><SP WIDTH="20" VPOS="1202" HPOS="1507"/><String ID="p301_w719" CONTENT="order" HPOS="1527" VPOS="1202" WIDTH="96" HEIGHT="75" STYLEREFS="font0"/><SP WIDTH="16" VPOS="1202" HPOS="1623"/><String ID="p301_w720" CONTENT="to" HPOS="1639" VPOS="1202" WIDTH="35" HEIGHT="75" STYLEREFS="font0"/><SP WIDTH="20" VPOS="1202" HPOS="1674"/><String ID="p301_w721" CONTENT="compleat" HPOS="1694" VPOS="1202" WIDTH="158" HEIGHT="75" STYLEREFS="font0"/><SP WIDTH="17" VPOS="1202" HPOS="1852"/><String ID="p301_w722" CONTENT="the" HPOS="1869" VPOS="1202" WIDTH="54" HEIGHT="75" STYLEREFS="font0"/><SP WIDTH="17" VPOS="1202" HPOS="1923"/><String ID="p301_w723" CONTENT="excretory" HPOS="1940" VPOS="1202" WIDTH="171" HEIGHT="75" STYLEREFS="font0"/><SP WIDTH="16" VPOS="1202" HPOS="2111"/><String ID="p301_w724" CONTENT="tubes" HPOS="2127" VPOS="1202" WIDTH="92" HEIGHT="75" STYLEREFS="font0"/><SP WIDTH="20" VPOS="1202" HPOS="2219"/><String ID="p301_w725" CONTENT="of" HPOS="2239" VPOS="1202" WIDTH="43" HEIGHT="75" STYLEREFS="font0"/></TextLine><TextLine WIDTH="1031" HEIGHT="75" ID="p301_t87" HPOS="1247" VPOS="1250"><String ID="p301_w726" CONTENT="the" HPOS="1247" VPOS="1250" WIDTH="54" HEIGHT="75" STYLEREFS="font0"/><SP WIDTH="25" VPOS="1250" HPOS="1301"/><String ID="p301_w727" CONTENT="cutaneous" HPOS="1326" VPOS="1250" WIDTH="171" HEIGHT="75" STYLEREFS="font0"/><SP WIDTH="22" VPOS="1250" HPOS="1497"/><String ID="p301_w728" CONTENT="glands.-" HPOS="1519" VPOS="1250" WIDTH="133" HEIGHT="75" STYLEREFS="font0"/><SP WIDTH="39" VPOS="1250" HPOS="1652"/><String ID="p301_w729" CONTENT="The" HPOS="1691" VPOS="1250" WIDTH="77" HEIGHT="75" STYLEREFS="font0"/><SP WIDTH="28" VPOS="1250" HPOS="1768"/><String ID="p301_w730" CONTENT="foflulse" HPOS="1796" VPOS="1250" WIDTH="119" HEIGHT="75" STYLEREFS="font0"/><SP WIDTH="27" VPOS="1250" HPOS="1915"/><String ID="p301_w731" CONTENT="of" HPOS="1942" VPOS="1250" WIDTH="41" HEIGHT="75" STYLEREFS="font0"/><SP WIDTH="18" VPOS="1250" HPOS="1983"/><String ID="p301_w732" CONTENT="the" HPOS="2001" VPOS="1250" WIDTH="56" HEIGHT="75" STYLEREFS="font0"/><SP WIDTH="28" VPOS="1250" HPOS="2057"/><String ID="p301_w733" CONTENT="hairs" HPOS="2085" VPOS="1250" WIDTH="85" HEIGHT="75" STYLEREFS="font0"/><SP WIDTH="24" VPOS="1250" HPOS="2170"/><String ID="p301_w734" CONTENT="have" HPOS="2194" VPOS="1250" WIDTH="84" HEIGHT="75" STYLEREFS="font0"/></TextLine><TextLine WIDTH="1031" HEIGHT="75" ID="p301_t88" HPOS="1245" VPOS="1295"><String ID="p301_w735" CONTENT="likewife" HPOS="1245" VPOS="1295" WIDTH="137" HEIGHT="75" STYLEREFS="font0"/><SP WIDTH="22" VPOS="1295" HPOS="1382"/><String ID="p301_w736" CONTENT="the" HPOS="1404" VPOS="1295" WIDTH="57" HEIGHT="75" STYLEREFS="font0"/><SP WIDTH="24" VPOS="1295" HPOS="1461"/><String ID="p301_w737" CONTENT="fame" HPOS="1485" VPOS="1295" WIDTH="83" HEIGHT="75" STYLEREFS="font0"/><SP WIDTH="24" VPOS="1295" HPOS="1568"/><String ID="p301_w738" CONTENT="produ&amp;ions" HPOS="1592" VPOS="1295" WIDTH="202" HEIGHT="75" STYLEREFS="font0"/><SP WIDTH="25" VPOS="1295" HPOS="1794"/><String ID="p301_w739" CONTENT="of" HPOS="1819" VPOS="1295" WIDTH="40" HEIGHT="75" STYLEREFS="font0"/><SP WIDTH="19" VPOS="1295" HPOS="1859"/><String ID="p301_w740" CONTENT="the" HPOS="1878" VPOS="1295" WIDTH="54" HEIGHT="75" STYLEREFS="font0"/><SP WIDTH="25" VPOS="1295" HPOS="1932"/><String ID="p301_w741" CONTENT="epidermis," HPOS="1957" VPOS="1295" WIDTH="182" HEIGHT="75" STYLEREFS="font0"/><SP WIDTH="25" VPOS="1295" HPOS="2139"/><String ID="p301_w742" CONTENT="and" HPOS="2164" VPOS="1295" WIDTH="62" HEIGHT="75" STYLEREFS="font0"/><SP WIDTH="22" VPOS="1295" HPOS="2226"/><String ID="p301_w743" CONTENT="it" HPOS="2248" VPOS="1295" WIDTH="28" HEIGHT="75" STYLEREFS="font0"/></TextLine><TextLine WIDTH="1031" HEIGHT="75" ID="p301_t89" HPOS="1246" VPOS="1342"><String ID="p301_w744" CONTENT="feems" HPOS="1246" VPOS="1342" WIDTH="97" HEIGHT="75" STYLEREFS="font0"/><SP WIDTH="17" VPOS="1342" HPOS="1343"/><String ID="p301_w745" CONTENT="to" HPOS="1360" VPOS="1342" WIDTH="35" HEIGHT="75" STYLEREFS="font0"/><SP WIDTH="16" VPOS="1342" HPOS="1395"/><String ID="p301_w746" CONTENT="give" HPOS="1411" VPOS="1342" WIDTH="70" HEIGHT="75" STYLEREFS="font0"/><SP WIDTH="25" VPOS="1342" HPOS="1481"/><String ID="p301_w747" CONTENT="a" HPOS="1506" VPOS="1342" WIDTH="19" HEIGHT="75" STYLEREFS="font0"/><SP WIDTH="20" VPOS="1342" HPOS="1525"/><String ID="p301_w748" CONTENT="foi\t" HPOS="1545" VPOS="1342" WIDTH="66" HEIGHT="75" STYLEREFS="font0"/><SP WIDTH="16" VPOS="1342" HPOS="1611"/><String ID="p301_w749" CONTENT="of" HPOS="1627" VPOS="1342" WIDTH="41" HEIGHT="75" STYLEREFS="font0"/><SP WIDTH="19" VPOS="1342" HPOS="1668"/><String ID="p301_w750" CONTENT="coat" HPOS="1687" VPOS="1342" WIDTH="73" HEIGHT="75" STYLEREFS="font0"/><SP WIDTH="23" VPOS="1342" HPOS="1760"/><String ID="p301_w751" CONTENT="or" HPOS="1783" VPOS="1342" WIDTH="38" HEIGHT="75" STYLEREFS="font0"/><SP WIDTH="22" VPOS="1342" HPOS="1821"/><String ID="p301_w752" CONTENT="bark" HPOS="1843" VPOS="1342" WIDTH="79" HEIGHT="75" STYLEREFS="font0"/><SP WIDTH="25" VPOS="1342" HPOS="1922"/><String ID="p301_w753" CONTENT="to" HPOS="1947" VPOS="1342" WIDTH="34" HEIGHT="75" STYLEREFS="font0"/><SP WIDTH="17" VPOS="1342" HPOS="1981"/><String ID="p301_w754" CONTENT="the" HPOS="1998" VPOS="1342" WIDTH="55" HEIGHT="75" STYLEREFS="font0"/><SP WIDTH="16" VPOS="1342" HPOS="2053"/><String ID="p301_w755" CONTENT="hairs" HPOS="2069" VPOS="1342" WIDTH="84" HEIGHT="75" STYLEREFS="font0"/><SP WIDTH="18" VPOS="1342" HPOS="2153"/><String ID="p301_w756" CONTENT="them-" HPOS="2171" VPOS="1342" WIDTH="106" HEIGHT="75" STYLEREFS="font0"/></TextLine><TextLine WIDTH="1031" HEIGHT="75" ID="p301_t90" HPOS="1246" VPOS="1387"><String ID="p301_w757" CONTENT="felves." HPOS="1246" VPOS="1387" WIDTH="110" HEIGHT="75" STYLEREFS="font0"/><SP WIDTH="51" VPOS="1387" HPOS="1356"/><String ID="p301_w758" CONTENT="Laftly," HPOS="1407" VPOS="1387" WIDTH="123" HEIGHT="75" STYLEREFS="font0"/><SP WIDTH="18" VPOS="1387" HPOS="1530"/><String ID="p301_w759" CONTENT="the" HPOS="1548" VPOS="1387" WIDTH="55" HEIGHT="75" STYLEREFS="font0"/><SP WIDTH="17" VPOS="1387" HPOS="1603"/><String ID="p301_w760" CONTENT="aimoft" HPOS="1620" VPOS="1387" WIDTH="110" HEIGHT="75" STYLEREFS="font0"/><SP WIDTH="12" VPOS="1387" HPOS="1730"/><String ID="p301_w761" CONTENT="imperceptible" HPOS="1742" VPOS="1387" WIDTH="238" HEIGHT="75" STYLEREFS="font0"/><SP WIDTH="15" VPOS="1387" HPOS="1980"/><String ID="p301_w762" CONTENT="duds" HPOS="1995" VPOS="1387" WIDTH="90" HEIGHT="75" STYLEREFS="font0"/><SP WIDTH="16" VPOS="1387" HPOS="2085"/><String ID="p301_w763" CONTENT="of" HPOS="2101" VPOS="1387" WIDTH="41" HEIGHT="75" STYLEREFS="font0"/><SP WIDTH="11" VPOS="1387" HPOS="2142"/><String ID="p301_w764" CONTENT="the" HPOS="2153" VPOS="1387" WIDTH="54" HEIGHT="75" STYLEREFS="font0"/><SP WIDTH="13" VPOS="1387" HPOS="2207"/><String ID="p301_w765" CONTENT="cu-_" HPOS="2220" VPOS="1387" WIDTH="57" HEIGHT="75" STYLEREFS="font0"/></TextLine><TextLine WIDTH="523" HEIGHT="75" ID="p301_t91" HPOS="1246" VPOS="1433"><String ID="p301_w766" CONTENT="taneous" HPOS="1246" VPOS="1433" WIDTH="130" HEIGHT="75" STYLEREFS="font0"/><SP WIDTH="17" VPOS="1433" HPOS="1376"/><String ID="p301_w767" CONTENT="poreS" HPOS="1393" VPOS="1433" WIDTH="93" HEIGHT="75" STYLEREFS="font0"/><SP WIDTH="17" VPOS="1433" HPOS="1486"/><String ID="p301_w768" CONTENT="are" HPOS="1503" VPOS="1433" WIDTH="52" HEIGHT="75" STYLEREFS="font0"/><SP WIDTH="17" VPOS="1433" HPOS="1555"/><String ID="p301_w769" CONTENT="lined" HPOS="1572" VPOS="1433" WIDTH="86" HEIGHT="75" STYLEREFS="font0"/><SP WIDTH="12" VPOS="1433" HPOS="1658"/><String ID="p301_w770" CONTENT="by" HPOS="1670" VPOS="1433" WIDTH="44" HEIGHT="75" STYLEREFS="font0"/><SP WIDTH="15" VPOS="1433" HPOS="1714"/><String ID="p301_w771" CONTENT="it." HPOS="1729" VPOS="1433" WIDTH="40" HEIGHT="75" STYLEREFS="font0"/></TextLine><TextLine WIDTH="693" HEIGHT="75" ID="p301_t92" HPOS="1410" VPOS="1536"><String ID="p301_w772" CONTENT="USES" HPOS="1410" VPOS="1536" WIDTH="165" HEIGHT="75" STYLEREFS="font0"/><SP WIDTH="49" VPOS="1536" HPOS="1575"/><String ID="p301_w773" CONTENT="OF" HPOS="1624" VPOS="1536" WIDTH="77" HEIGHT="75" STYLEREFS="font0"/><SP WIDTH="47" VPOS="1536" HPOS="1701"/><String ID="p301_w774" CONTENT="THE" HPOS="1748" VPOS="1536" WIDTH="133" HEIGHT="75" STYLEREFS="font0"/><SP WIDTH="50" VPOS="1536" HPOS="1881"/><String ID="p301_w775" CONTENT="SKIN." HPOS="1931" VPOS="1536" WIDTH="172" HEIGHT="75" STYLEREFS="font0"/></TextLine><TextLine WIDTH="982" HEIGHT="75" ID="p301_t93" HPOS="1292" VPOS="1614"><String ID="p301_w776" CONTENT="It" HPOS="1292" VPOS="1614" WIDTH="42" HEIGHT="75" STYLEREFS="font0"/><SP WIDTH="20" VPOS="1614" HPOS="1334"/><String ID="p301_w777" CONTENT="is" HPOS="1354" VPOS="1614" WIDTH="26" HEIGHT="75" STYLEREFS="font0"/><SP WIDTH="17" VPOS="1614" HPOS="1380"/><String ID="p301_w778" CONTENT="chiefly" HPOS="1397" VPOS="1614" WIDTH="116" HEIGHT="75" STYLEREFS="font0"/><SP WIDTH="22" VPOS="1614" HPOS="1513"/><String ID="p301_w779" CONTENT="and" HPOS="1535" VPOS="1614" WIDTH="63" HEIGHT="75" STYLEREFS="font0"/><SP WIDTH="24" VPOS="1614" HPOS="1598"/><String ID="p301_w780" CONTENT="properly" HPOS="1622" VPOS="1614" WIDTH="151" HEIGHT="75" STYLEREFS="font0"/><SP WIDTH="22" VPOS="1614" HPOS="1773"/><String ID="p301_w781" CONTENT="the" HPOS="1795" VPOS="1614" WIDTH="56" HEIGHT="75" STYLEREFS="font0"/><SP WIDTH="28" VPOS="1614" HPOS="1851"/><String ID="p301_w782" CONTENT="filamentary" HPOS="1879" VPOS="1614" WIDTH="198" HEIGHT="75" STYLEREFS="font0"/><SP WIDTH="23" VPOS="1614" HPOS="2077"/><String ID="p301_w783" CONTENT="fubftance," HPOS="2100" VPOS="1614" WIDTH="174" HEIGHT="75" STYLEREFS="font0"/></TextLine><TextLine WIDTH="1026" HEIGHT="75" ID="p301_t94" HPOS="1246" VPOS="1661"><String ID="p301_w784" CONTENT="called" HPOS="1246" VPOS="1661" WIDTH="100" HEIGHT="75" STYLEREFS="font0"/><SP WIDTH="17" VPOS="1661" HPOS="1346"/><String ID="p301_w785" CONTENT="the" HPOS="1363" VPOS="1661" WIDTH="54" HEIGHT="75" STYLEREFS="font0"/><SP WIDTH="16" VPOS="1661" HPOS="1417"/><String ID="p301_w786" CONTENT="body" HPOS="1433" VPOS="1661" WIDTH="87" HEIGHT="75" STYLEREFS="font0"/><SP WIDTH="16" VPOS="1661" HPOS="1520"/><String ID="p301_w787" CONTENT="of" HPOS="1536" VPOS="1661" WIDTH="39" HEIGHT="75" STYLEREFS="font0"/><SP WIDTH="20" VPOS="1661" HPOS="1575"/><String ID="p301_w788" CONTENT="the" HPOS="1595" VPOS="1661" WIDTH="55" HEIGHT="75" STYLEREFS="font0"/><SP WIDTH="16" VPOS="1661" HPOS="1650"/><String ID="p301_w789" CONTENT="fkin," HPOS="1666" VPOS="1661" WIDTH="78" HEIGHT="75" STYLEREFS="font0"/><SP WIDTH="27" VPOS="1661" HPOS="1744"/><String ID="p301_w790" CONTENT="which" HPOS="1771" VPOS="1661" WIDTH="104" HEIGHT="75" STYLEREFS="font0"/><SP WIDTH="17" VPOS="1661" HPOS="1875"/><String ID="p301_w791" CONTENT="is" HPOS="1892" VPOS="1661" WIDTH="26" HEIGHT="75" STYLEREFS="font0"/><SP WIDTH="17" VPOS="1661" HPOS="1918"/><String ID="p301_w792" CONTENT="the" HPOS="1935" VPOS="1661" WIDTH="55" HEIGHT="75" STYLEREFS="font0"/><SP WIDTH="23" VPOS="1661" HPOS="1990"/><String ID="p301_w793" CONTENT="univerfaj" HPOS="2013" VPOS="1661" WIDTH="154" HEIGHT="75" STYLEREFS="font0"/><SP WIDTH="24" VPOS="1661" HPOS="2167"/><String ID="p301_w794" CONTENT="inte-" HPOS="2191" VPOS="1661" WIDTH="81" HEIGHT="75" STYLEREFS="font0"/></TextLine><TextLine WIDTH="1029" HEIGHT="75" ID="p301_t95" HPOS="1245" VPOS="1708"><String ID="p301_w795" CONTENT="gument" HPOS="1245" VPOS="1708" WIDTH="130" HEIGHT="75" STYLEREFS="font0"/><SP WIDTH="16" VPOS="1708" HPOS="1375"/><String ID="p301_w796" CONTENT="of" HPOS="1391" VPOS="1708" WIDTH="40" HEIGHT="75" STYLEREFS="font0"/><SP WIDTH="19" VPOS="1708" HPOS="1431"/><String ID="p301_w797" CONTENT="the" HPOS="1450" VPOS="1708" WIDTH="54" HEIGHT="75" STYLEREFS="font0"/><SP WIDTH="17" VPOS="1708" HPOS="1504"/><String ID="p301_w798" CONTENT="body," HPOS="1521" VPOS="1708" WIDTH="98" HEIGHT="75" STYLEREFS="font0"/><SP WIDTH="25" VPOS="1708" HPOS="1619"/><String ID="p301_w799" CONTENT="and" HPOS="1644" VPOS="1708" WIDTH="63" HEIGHT="75" STYLEREFS="font0"/><SP WIDTH="17" VPOS="1708" HPOS="1707"/><String ID="p301_w800" CONTENT="the" HPOS="1724" VPOS="1708" WIDTH="54" HEIGHT="75" STYLEREFS="font0"/><SP WIDTH="16" VPOS="1708" HPOS="1778"/><String ID="p301_w801" CONTENT="bafis" HPOS="1794" VPOS="1708" WIDTH="78" HEIGHT="75" STYLEREFS="font0"/><SP WIDTH="16" VPOS="1708" HPOS="1872"/><String ID="p301_w802" CONTENT="of" HPOS="1888" VPOS="1708" WIDTH="42" HEIGHT="75" STYLEREFS="font0"/><SP WIDTH="18" VPOS="1708" HPOS="1930"/><String ID="p301_w803" CONTENT="all" HPOS="1948" VPOS="1708" WIDTH="42" HEIGHT="75" STYLEREFS="font0"/><SP WIDTH="13" VPOS="1708" HPOS="1990"/><String ID="p301_w804" CONTENT="the" HPOS="2003" VPOS="1708" WIDTH="55" HEIGHT="75" STYLEREFS="font0"/><SP WIDTH="16" VPOS="1708" HPOS="2058"/><String ID="p301_w805" CONTENT="other" HPOS="2074" VPOS="1708" WIDTH="94" HEIGHT="75" STYLEREFS="font0"/><SP WIDTH="15" VPOS="1708" HPOS="2168"/><String ID="p301_w806" CONTENT="cuta-" HPOS="2183" VPOS="1708" WIDTH="91" HEIGHT="75" STYLEREFS="font0"/></TextLine><TextLine WIDTH="923" HEIGHT="75" ID="p301_t96" HPOS="1247" VPOS="1753"><String ID="p301_w807" CONTENT="neous" HPOS="1247" VPOS="1753" WIDTH="97" HEIGHT="75" STYLEREFS="font0"/><SP WIDTH="18" VPOS="1753" HPOS="1344"/><String ID="p301_w808" CONTENT="parts;" HPOS="1362" VPOS="1753" WIDTH="107" HEIGHT="75" STYLEREFS="font0"/><SP WIDTH="28" VPOS="1753" HPOS="1469"/><String ID="p301_w809" CONTENT="each" HPOS="1497" VPOS="1753" WIDTH="77" HEIGHT="75" STYLEREFS="font0"/><SP WIDTH="17" VPOS="1753" HPOS="1574"/><String ID="p301_w810" CONTENT="of" HPOS="1591" VPOS="1753" WIDTH="40" HEIGHT="75" STYLEREFS="font0"/><SP WIDTH="18" VPOS="1753" HPOS="1631"/><String ID="p301_w811" CONTENT="\vhkh" HPOS="1649" VPOS="1753" WIDTH="105" HEIGHT="75" STYLEREFS="font0"/><SP WIDTH="16" VPOS="1753" HPOS="1754"/><String ID="p301_w812" CONTENT="has" HPOS="1770" VPOS="1753" WIDTH="56" HEIGHT="75" STYLEREFS="font0"/><SP WIDTH="18" VPOS="1753" HPOS="1826"/><String ID="p301_w813" CONTENT="its" HPOS="1844" VPOS="1753" WIDTH="41" HEIGHT="75" STYLEREFS="font0"/><SP WIDTH="17" VPOS="1753" HPOS="1885"/><String ID="p301_w814" CONTENT="particular:" HPOS="1902" VPOS="1753" WIDTH="170" HEIGHT="75" STYLEREFS="font0"/><SP WIDTH="18" VPOS="1753" HPOS="2072"/><String ID="p301_w815" CONTENT="ufes." HPOS="2090" VPOS="1753" WIDTH="80" HEIGHT="75" STYLEREFS="font0"/></TextLine><TextLine WIDTH="983" HEIGHT="75" ID="p301_t97" HPOS="1291" VPOS="1800"><String ID="p301_w816" CONTENT="The" HPOS="1291" VPOS="1800" WIDTH="76" HEIGHT="75" STYLEREFS="font0"/><SP WIDTH="16" VPOS="1800" HPOS="1367"/><String ID="p301_w817" CONTENT="flcin" HPOS="1383" VPOS="1800" WIDTH="67" HEIGHT="75" STYLEREFS="font0"/><SP WIDTH="16" VPOS="1800" HPOS="1450"/><String ID="p301_w818" CONTENT="is" HPOS="1466" VPOS="1800" WIDTH="26" HEIGHT="75" STYLEREFS="font0"/><SP WIDTH="18" VPOS="1800" HPOS="1492"/><String ID="p301_w819" CONTENT="able" HPOS="1510" VPOS="1800" WIDTH="69" HEIGHT="75" STYLEREFS="font0"/><SP WIDTH="18" VPOS="1800" HPOS="1579"/><String ID="p301_w820" CONTENT="to" HPOS="1597" VPOS="1800" WIDTH="35" HEIGHT="75" STYLEREFS="font0"/><SP WIDTH="17" VPOS="1800" HPOS="1632"/><String ID="p301_w821" CONTENT="refift" HPOS="1649" VPOS="1800" WIDTH="82" HEIGHT="75" STYLEREFS="font0"/><SP WIDTH="16" VPOS="1800" HPOS="1731"/><String ID="p301_w822" CONTENT="external" HPOS="1747" VPOS="1800" WIDTH="144" HEIGHT="75" STYLEREFS="font0"/><SP WIDTH="20" VPOS="1800" HPOS="1891"/><String ID="p301_w823" CONTENT="injuries" HPOS="1911" VPOS="1800" WIDTH="129" HEIGHT="75" STYLEREFS="font0"/><SP WIDTH="26" VPOS="1800" HPOS="2040"/><String ID="p301_w824" CONTENT="to" HPOS="2066" VPOS="1800" WIDTH="34" HEIGHT="75" STYLEREFS="font0"/><SP WIDTH="17" VPOS="1800" HPOS="2100"/><String ID="p301_w825" CONTENT="a" HPOS="2117" VPOS="1800" WIDTH="18" HEIGHT="75" STYLEREFS="font0"/><SP WIDTH="17" VPOS="1800" HPOS="2135"/><String ID="p301_w826" CONTENT="certain" HPOS="2152" VPOS="1800" WIDTH="122" HEIGHT="75" STYLEREFS="font0"/></TextLine><TextLine WIDTH="1029" HEIGHT="75" ID="p301_t98" HPOS="1244" VPOS="1846"><String ID="p301_w827" CONTENT="degree," HPOS="1244" VPOS="1846" WIDTH="127" HEIGHT="75" STYLEREFS="font0"/><SP WIDTH="25" VPOS="1846" HPOS="1371"/><String ID="p301_w828" CONTENT="and" HPOS="1396" VPOS="1846" WIDTH="63" HEIGHT="75" STYLEREFS="font0"/><SP WIDTH="22" VPOS="1846" HPOS="1459"/><String ID="p301_w829" CONTENT="fuch" HPOS="1481" VPOS="1846" WIDTH="76" HEIGHT="75" STYLEREFS="font0"/><SP WIDTH="20" VPOS="1846" HPOS="1557"/><String ID="p301_w830" CONTENT="iinpreifions," HPOS="1577" VPOS="1846" WIDTH="205" HEIGHT="75" STYLEREFS="font0"/><SP WIDTH="25" VPOS="1846" HPOS="1782"/><String ID="p301_w831" CONTENT="fiidipns," HPOS="1807" VPOS="1846" WIDTH="155" HEIGHT="75" STYLEREFS="font0"/><SP WIDTH="27" VPOS="1846" HPOS="1962"/><String ID="p301_w832" CONTENT="ftrokes," HPOS="1989" VPOS="1846" WIDTH="132" HEIGHT="75" STYLEREFS="font0"/><SP WIDTH="116" VPOS="1846" HPOS="2121"/><String ID="p301_w833" CONTENT="to" HPOS="2237" VPOS="1846" WIDTH="36" HEIGHT="75" STYLEREFS="font0"/></TextLine><TextLine WIDTH="1027" HEIGHT="75" ID="p301_t99" HPOS="1243" VPOS="1894"><String ID="p301_w834" CONTENT="which" HPOS="1243" VPOS="1894" WIDTH="105" HEIGHT="75" STYLEREFS="font0"/><SP WIDTH="17" VPOS="1894" HPOS="1348"/><String ID="p301_w835" CONTENT="the" HPOS="1365" VPOS="1894" WIDTH="55" HEIGHT="75" STYLEREFS="font0"/><SP WIDTH="24" VPOS="1894" HPOS="1420"/><String ID="p301_w836" CONTENT="human" HPOS="1444" VPOS="1894" WIDTH="119" HEIGHT="75" STYLEREFS="font0"/><SP WIDTH="23" VPOS="1894" HPOS="1563"/><String ID="p301_w837" CONTENT="body" HPOS="1586" VPOS="1894" WIDTH="87" HEIGHT="75" STYLEREFS="font0"/><SP WIDTH="22" VPOS="1894" HPOS="1673"/><String ID="p301_w838" CONTENT="is" HPOS="1695" VPOS="1894" WIDTH="27" HEIGHT="75" STYLEREFS="font0"/><SP WIDTH="26" VPOS="1894" HPOS="1722"/><String ID="p301_w839" CONTENT="often" HPOS="1748" VPOS="1894" WIDTH="88" HEIGHT="75" STYLEREFS="font0"/><SP WIDTH="23" VPOS="1894" HPOS="1836"/><String ID="p301_w840" CONTENT="liable," HPOS="1859" VPOS="1894" WIDTH="106" HEIGHT="75" STYLEREFS="font0"/><SP WIDTH="28" VPOS="1894" HPOS="1965"/><String ID="p301_w841" CONTENT="as" HPOS="1993" VPOS="1894" WIDTH="32" HEIGHT="75" STYLEREFS="font0"/><SP WIDTH="24" VPOS="1894" HPOS="2025"/><String ID="p301_w842" CONTENT="would" HPOS="2049" VPOS="1894" WIDTH="108" HEIGHT="75" STYLEREFS="font0"/><SP WIDTH="22" VPOS="1894" HPOS="2157"/><String ID="p301_w843" CONTENT="hurt," HPOS="2179" VPOS="1894" WIDTH="91" HEIGHT="75" STYLEREFS="font0"/></TextLine><TextLine WIDTH="1027" HEIGHT="75" ID="p301_t100" HPOS="1243" VPOS="1939"><String ID="p301_w844" CONTENT="wopnd," HPOS="1243" VPOS="1939" WIDTH="129" HEIGHT="75" STYLEREFS="font0"/><SP WIDTH="26" VPOS="1939" HPOS="1372"/><String ID="p301_w845" CONTENT="and" HPOS="1398" VPOS="1939" WIDTH="60" HEIGHT="75" STYLEREFS="font0"/><SP WIDTH="17" VPOS="1939" HPOS="1458"/><String ID="p301_w846" CONTENT="diforder" HPOS="1475" VPOS="1939" WIDTH="142" HEIGHT="75" STYLEREFS="font0"/><SP WIDTH="16" VPOS="1939" HPOS="1617"/><String ID="p301_w847" CONTENT="the" HPOS="1633" VPOS="1939" WIDTH="54" HEIGHT="75" STYLEREFS="font0"/><SP WIDTH="23" VPOS="1939" HPOS="1687"/><String ID="p301_w848" CONTENT="parts" HPOS="1710" VPOS="1939" WIDTH="87" HEIGHT="75" STYLEREFS="font0"/><SP WIDTH="17" VPOS="1939" HPOS="1797"/><String ID="p301_w849" CONTENT="of" HPOS="1814" VPOS="1939" WIDTH="40" HEIGHT="75" STYLEREFS="font0"/><SP WIDTH="18" VPOS="1939" HPOS="1854"/><String ID="p301_w850" CONTENT="which" HPOS="1872" VPOS="1939" WIDTH="105" HEIGHT="75" STYLEREFS="font0"/><SP WIDTH="16" VPOS="1939" HPOS="1977"/><String ID="p301_w851" CONTENT="it" HPOS="1993" VPOS="1939" WIDTH="26" HEIGHT="75" STYLEREFS="font0"/><SP WIDTH="22" VPOS="1939" HPOS="2019"/><String ID="p301_w852" CONTENT="is" HPOS="2041" VPOS="1939" WIDTH="28" HEIGHT="75" STYLEREFS="font0"/><SP WIDTH="17" VPOS="1939" HPOS="2069"/><String ID="p301_w853" CONTENT="compofed," HPOS="2086" VPOS="1939" WIDTH="184" HEIGHT="75" STYLEREFS="font0"/></TextLine><TextLine WIDTH="692" HEIGHT="75" ID="p301_t101" HPOS="1242" VPOS="1985"><String ID="p301_w854" CONTENT="if" HPOS="1242" VPOS="1985" WIDTH="31" HEIGHT="75" STYLEREFS="font0"/><SP WIDTH="18" VPOS="1985" HPOS="1273"/><String ID="p301_w855" CONTENT="they" HPOS="1291" VPOS="1985" WIDTH="77" HEIGHT="75" STYLEREFS="font0"/><SP WIDTH="16" VPOS="1985" HPOS="1368"/><String ID="p301_w856" CONTENT="were" HPOS="1384" VPOS="1985" WIDTH="84" HEIGHT="75" STYLEREFS="font0"/><SP WIDTH="18" VPOS="1985" HPOS="1468"/><String ID="p301_w857" CONTENT="not" HPOS="1486" VPOS="1985" WIDTH="53" HEIGHT="75" STYLEREFS="font0"/><SP WIDTH="11" VPOS="1985" HPOS="1539"/><String ID="p301_w858" CONTENT="defended" HPOS="1550" VPOS="1985" WIDTH="159" HEIGHT="75" STYLEREFS="font0"/><SP WIDTH="17" VPOS="1985" HPOS="1709"/><String ID="p301_w859" CONTENT="by" HPOS="1726" VPOS="1985" WIDTH="42" HEIGHT="75" STYLEREFS="font0"/><SP WIDTH="17" VPOS="1985" HPOS="1768"/><String ID="p301_w860" CONTENT="the" HPOS="1785" VPOS="1985" WIDTH="54" HEIGHT="75" STYLEREFS="font0"/><SP WIDTH="16" VPOS="1985" HPOS="1839"/><String ID="p301_w861" CONTENT="fkin." HPOS="1855" VPOS="1985" WIDTH="79" HEIGHT="75" STYLEREFS="font0"/></TextLine><TextLine WIDTH="1013" HEIGHT="75" ID="p301_t102" HPOS="1257" VPOS="2033"><String ID="p301_w862" CONTENT="1" HPOS="1257" VPOS="2033" WIDTH="6" HEIGHT="75" STYLEREFS="font0"/><SP WIDTH="27" VPOS="2033" HPOS="1263"/><String ID="p301_w863" CONTENT="The" HPOS="1290" VPOS="2033" WIDTH="75" HEIGHT="75" STYLEREFS="font0"/><SP WIDTH="16" VPOS="2033" HPOS="1365"/><String ID="p301_w864" CONTENT="papillae," HPOS="1381" VPOS="2033" WIDTH="134" HEIGHT="75" STYLEREFS="font0"/><SP WIDTH="7" VPOS="2033" HPOS="1515"/><String ID="p301_w865" CONTENT="are" HPOS="1522" VPOS="2033" WIDTH="53" HEIGHT="75" STYLEREFS="font0"/><SP WIDTH="17" VPOS="2033" HPOS="1575"/><String ID="p301_w866" CONTENT="the" HPOS="1592" VPOS="2033" WIDTH="55" HEIGHT="75" STYLEREFS="font0"/><SP WIDTH="23" VPOS="2033" HPOS="1647"/><String ID="p301_w867" CONTENT="organ" HPOS="1670" VPOS="2033" WIDTH="98" HEIGHT="75" STYLEREFS="font0"/><SP WIDTH="23" VPOS="2033" HPOS="1768"/><String ID="p301_w868" CONTENT="of" HPOS="1791" VPOS="2033" WIDTH="39" HEIGHT="75" STYLEREFS="font0"/><SP WIDTH="17" VPOS="2033" HPOS="1830"/><String ID="p301_w869" CONTENT="feeling," HPOS="1847" VPOS="2033" WIDTH="131" HEIGHT="75" STYLEREFS="font0"/><SP WIDTH="25" VPOS="2033" HPOS="1978"/><String ID="p301_w870" CONTENT="and" HPOS="2003" VPOS="2033" WIDTH="64" HEIGHT="75" STYLEREFS="font0"/><SP WIDTH="24" VPOS="2033" HPOS="2067"/><String ID="p301_w871" CONTENT="contribute" HPOS="2091" VPOS="2033" WIDTH="179" HEIGHT="75" STYLEREFS="font0"/></TextLine><TextLine WIDTH="1025" HEIGHT="75" ID="p301_t103" HPOS="1243" VPOS="2077"><String ID="p301_w872" CONTENT="to" HPOS="1243" VPOS="2077" WIDTH="33" HEIGHT="75" STYLEREFS="font0"/><SP WIDTH="18" VPOS="2077" HPOS="1276"/><String ID="p301_w873" CONTENT="an" HPOS="1294" VPOS="2077" WIDTH="38" HEIGHT="75" STYLEREFS="font0"/><SP WIDTH="17" VPOS="2077" HPOS="1332"/><String ID="p301_w874" CONTENT="univerfal" HPOS="1349" VPOS="2077" WIDTH="154" HEIGHT="75" STYLEREFS="font0"/><SP WIDTH="12" VPOS="2077" HPOS="1503"/><String ID="p301_w875" CONTENT="evacuation," HPOS="1515" VPOS="2077" WIDTH="198" HEIGHT="75" STYLEREFS="font0"/><SP WIDTH="25" VPOS="2077" HPOS="1713"/><String ID="p301_w876" CONTENT="called" HPOS="1738" VPOS="2077" WIDTH="102" HEIGHT="75" STYLEREFS="font0"/><SP WIDTH="16" VPOS="2077" HPOS="1840"/><String ID="p301_w877" CONTENT="infemfible" HPOS="1856" VPOS="2077" WIDTH="160" HEIGHT="75" STYLEREFS="font0"/><SP WIDTH="18" VPOS="2077" HPOS="2016"/><String ID="p301_w878" CONTENT="tranfpiration." HPOS="2034" VPOS="2077" WIDTH="234" HEIGHT="75" STYLEREFS="font0"/></TextLine><TextLine WIDTH="1028" HEIGHT="75" ID="p301_t104" HPOS="1241" VPOS="2123"><String ID="p301_w879" CONTENT="They" HPOS="1241" VPOS="2123" WIDTH="99" HEIGHT="75" STYLEREFS="font0"/><SP WIDTH="16" VPOS="2123" HPOS="1340"/><String ID="p301_w880" CONTENT="likewife" HPOS="1356" VPOS="2123" WIDTH="138" HEIGHT="75" STYLEREFS="font0"/><SP WIDTH="15" VPOS="2123" HPOS="1494"/><String ID="p301_w881" CONTENT="ferve" HPOS="1509" VPOS="2123" WIDTH="87" HEIGHT="75" STYLEREFS="font0"/><SP WIDTH="18" VPOS="2123" HPOS="1596"/><String ID="p301_w882" CONTENT="to" HPOS="1614" VPOS="2123" WIDTH="33" HEIGHT="75" STYLEREFS="font0"/><SP WIDTH="25" VPOS="2123" HPOS="1647"/><String ID="p301_w883" CONTENT="tranfmit" HPOS="1672" VPOS="2123" WIDTH="142" HEIGHT="75" STYLEREFS="font0"/><SP WIDTH="24" VPOS="2123" HPOS="1814"/><String ID="p301_w884" CONTENT="from" HPOS="1838" VPOS="2123" WIDTH="84" HEIGHT="75" STYLEREFS="font0"/><SP WIDTH="22" VPOS="2123" HPOS="1922"/><String ID="p301_w885" CONTENT="without," HPOS="1944" VPOS="2123" WIDTH="151" HEIGHT="75" STYLEREFS="font0"/><SP WIDTH="23" VPOS="2123" HPOS="2095"/><String ID="p301_w886" CONTENT="inwards," HPOS="2118" VPOS="2123" WIDTH="151" HEIGHT="75" STYLEREFS="font0"/></TextLine><TextLine WIDTH="1028" HEIGHT="75" ID="p301_t105" HPOS="1242" VPOS="2169"><String ID="p301_w887" CONTENT="the" HPOS="1242" VPOS="2169" WIDTH="53" HEIGHT="75" STYLEREFS="font0"/><SP WIDTH="16" VPOS="2169" HPOS="1295"/><String ID="p301_w888" CONTENT="fubtle" HPOS="1311" VPOS="2169" WIDTH="103" HEIGHT="75" STYLEREFS="font0"/><SP WIDTH="16" VPOS="2169" HPOS="1414"/><String ID="p301_w889" CONTENT="particles" HPOS="1430" VPOS="2169" WIDTH="148" HEIGHT="75" STYLEREFS="font0"/><SP WIDTH="17" VPOS="2169" HPOS="1578"/><String ID="p301_w890" CONTENT="or" HPOS="1595" VPOS="2169" WIDTH="36" HEIGHT="75" STYLEREFS="font0"/><SP WIDTH="16" VPOS="2169" HPOS="1631"/><String ID="p301_w891" CONTENT="irnprefiions" HPOS="1647" VPOS="2169" WIDTH="190" HEIGHT="75" STYLEREFS="font0"/><SP WIDTH="16" VPOS="2169" HPOS="1837"/><String ID="p301_w892" CONTENT="of" HPOS="1853" VPOS="2169" WIDTH="40" HEIGHT="75" STYLEREFS="font0"/><SP WIDTH="17" VPOS="2169" HPOS="1893"/><String ID="p301_w893" CONTENT="fome" HPOS="1910" VPOS="2169" WIDTH="87" HEIGHT="75" STYLEREFS="font0"/><SP WIDTH="16" VPOS="2169" HPOS="1997"/><String ID="p301_w894" CONTENT="things" HPOS="2013" VPOS="2169" WIDTH="111" HEIGHT="75" STYLEREFS="font0"/><SP WIDTH="21" VPOS="2169" HPOS="2124"/><String ID="p301_w895" CONTENT="applied" HPOS="2145" VPOS="2169" WIDTH="125" HEIGHT="75" STYLEREFS="font0"/></TextLine><TextLine WIDTH="1028" HEIGHT="75" ID="p301_t106" HPOS="1242" VPOS="2216"><String ID="p301_w896" CONTENT="to" HPOS="1242" VPOS="2216" WIDTH="35" HEIGHT="75" STYLEREFS="font0"/><SP WIDTH="17" VPOS="2216" HPOS="1277"/><String ID="p301_w897" CONTENT="the" HPOS="1294" VPOS="2216" WIDTH="55" HEIGHT="75" STYLEREFS="font0"/><SP WIDTH="23" VPOS="2216" HPOS="1349"/><String ID="p301_w898" CONTENT="fkin." HPOS="1372" VPOS="2216" WIDTH="79" HEIGHT="75" STYLEREFS="font0"/><SP WIDTH="48" VPOS="2216" HPOS="1451"/><String ID="p301_w899" CONTENT="The" HPOS="1499" VPOS="2216" WIDTH="76" HEIGHT="75" STYLEREFS="font0"/><SP WIDTH="22" VPOS="2216" HPOS="1575"/><String ID="p301_w900" CONTENT="firft" HPOS="1597" VPOS="2216" WIDTH="64" HEIGHT="75" STYLEREFS="font0"/><SP WIDTH="25" VPOS="2216" HPOS="1661"/><String ID="p301_w901" CONTENT="of" HPOS="1686" VPOS="2216" WIDTH="41" HEIGHT="75" STYLEREFS="font0"/><SP WIDTH="19" VPOS="2216" HPOS="1727"/><String ID="p301_w902" CONTENT="thefe" HPOS="1746" VPOS="2216" WIDTH="87" HEIGHT="75" STYLEREFS="font0"/><SP WIDTH="24" VPOS="2216" HPOS="1833"/><String ID="p301_w903" CONTENT="three" HPOS="1857" VPOS="2216" WIDTH="90" HEIGHT="75" STYLEREFS="font0"/><SP WIDTH="25" VPOS="2216" HPOS="1947"/><String ID="p301_w904" CONTENT="ufes" HPOS="1972" VPOS="2216" WIDTH="67" HEIGHT="75" STYLEREFS="font0"/><SP WIDTH="24" VPOS="2216" HPOS="2039"/><String ID="p301_w905" CONTENT="depepds" HPOS="2063" VPOS="2216" WIDTH="141" HEIGHT="75" STYLEREFS="font0"/><SP WIDTH="22" VPOS="2216" HPOS="2204"/><String ID="p301_w906" CONTENT="on" HPOS="2226" VPOS="2216" WIDTH="44" HEIGHT="75" STYLEREFS="font0"/></TextLine><TextLine WIDTH="1027" HEIGHT="75" ID="p301_t107" HPOS="1242" VPOS="2262"><String ID="p301_w907" CONTENT="the" HPOS="1242" VPOS="2262" WIDTH="54" HEIGHT="75" STYLEREFS="font0"/><SP WIDTH="17" VPOS="2262" HPOS="1296"/><String ID="p301_w908" CONTENT="extremities" HPOS="1313" VPOS="2262" WIDTH="198" HEIGHT="75" STYLEREFS="font0"/><SP WIDTH="17" VPOS="2262" HPOS="1511"/><String ID="p301_w909" CONTENT="of" HPOS="1528" VPOS="2262" WIDTH="41" HEIGHT="75" STYLEREFS="font0"/><SP WIDTH="17" VPOS="2262" HPOS="1569"/><String ID="p301_w910" CONTENT="the" HPOS="1586" VPOS="2262" WIDTH="56" HEIGHT="75" STYLEREFS="font0"/><SP WIDTH="17" VPOS="2262" HPOS="1642"/><String ID="p301_w911" CONTENT="nerves," HPOS="1659" VPOS="2262" WIDTH="123" HEIGHT="75" STYLEREFS="font0"/><SP WIDTH="25" VPOS="2262" HPOS="1782"/><String ID="p301_w912" CONTENT="the" HPOS="1807" VPOS="2262" WIDTH="54" HEIGHT="75" STYLEREFS="font0"/><SP WIDTH="16" VPOS="2262" HPOS="1861"/><String ID="p301_w913" CONTENT="fccond" HPOS="1877" VPOS="2262" WIDTH="115" HEIGHT="75" STYLEREFS="font0"/><SP WIDTH="16" VPOS="2262" HPOS="1992"/><String ID="p301_w914" CONTENT="on" HPOS="2008" VPOS="2262" WIDTH="41" HEIGHT="75" STYLEREFS="font0"/><SP WIDTH="21" VPOS="2262" HPOS="2049"/><String ID="p301_w915" CONTENT="the" HPOS="2070" VPOS="2262" WIDTH="54" HEIGHT="75" STYLEREFS="font0"/><SP WIDTH="17" VPOS="2262" HPOS="2124"/><String ID="p301_w916" CONTENT="arterial" HPOS="2141" VPOS="2262" WIDTH="128" HEIGHT="75" STYLEREFS="font0"/></TextLine><TextLine WIDTH="1029" HEIGHT="75" ID="p301_t108" HPOS="1241" VPOS="2308"><String ID="p301_w917" CONTENT="productions," HPOS="1241" VPOS="2308" WIDTH="216" HEIGHT="75" STYLEREFS="font0"/><SP WIDTH="31" VPOS="2308" HPOS="1457"/><String ID="p301_w918" CONTENT="and" HPOS="1488" VPOS="2308" WIDTH="63" HEIGHT="75" STYLEREFS="font0"/><SP WIDTH="26" VPOS="2308" HPOS="1551"/><String ID="p301_w919" CONTENT="the" HPOS="1577" VPOS="2308" WIDTH="55" HEIGHT="75" STYLEREFS="font0"/><SP WIDTH="28" VPOS="2308" HPOS="1632"/><String ID="p301_w920" CONTENT="third" HPOS="1660" VPOS="2308" WIDTH="89" HEIGHT="75" STYLEREFS="font0"/><SP WIDTH="23" VPOS="2308" HPOS="1749"/><String ID="p301_w921" CONTENT="on" HPOS="1772" VPOS="2308" WIDTH="42" HEIGHT="75" STYLEREFS="font0"/><SP WIDTH="23" VPOS="2308" HPOS="1814"/><String ID="p301_w922" CONTENT="the" HPOS="1837" VPOS="2308" WIDTH="55" HEIGHT="75" STYLEREFS="font0"/><SP WIDTH="24" VPOS="2308" HPOS="1892"/><String ID="p301_w923" CONTENT="productions" HPOS="1916" VPOS="2308" WIDTH="202" HEIGHT="75" STYLEREFS="font0"/><SP WIDTH="28" VPOS="2308" HPOS="2118"/><String ID="p301_w924" CONTENT="of" HPOS="2146" VPOS="2308" WIDTH="40" HEIGHT="75" STYLEREFS="font0"/><SP WIDTH="27" VPOS="2308" HPOS="2186"/><String ID="p301_w925" CONTENT="tha" HPOS="2213" VPOS="2308" WIDTH="57" HEIGHT="75" STYLEREFS="font0"/></TextLine><TextLine WIDTH="101" HEIGHT="75" ID="p301_t109" HPOS="1242" VPOS="2353"><String ID="p301_w926" CONTENT="veins." HPOS="1242" VPOS="2353" WIDTH="101" HEIGHT="75" STYLEREFS="font0"/></TextLine><TextLine WIDTH="981" HEIGHT="75" ID="p301_t110" HPOS="1287" VPOS="2399"><String ID="p301_w927" CONTENT="Tjre" HPOS="1287" VPOS="2399" WIDTH="76" HEIGHT="75" STYLEREFS="font0"/><SP WIDTH="17" VPOS="2399" HPOS="1363"/><String ID="p301_w928" CONTENT="cutaneous" HPOS="1380" VPOS="2399" WIDTH="171" HEIGHT="75" STYLEREFS="font0"/><SP WIDTH="11" VPOS="2399" HPOS="1551"/><String ID="p301_w929" CONTENT="glands" HPOS="1562" VPOS="2399" WIDTH="111" HEIGHT="75" STYLEREFS="font0"/><SP WIDTH="12" VPOS="2399" HPOS="1673"/><String ID="p301_w930" CONTENT="fecrete" HPOS="1685" VPOS="2399" WIDTH="119" HEIGHT="75" STYLEREFS="font0"/><SP WIDTH="17" VPOS="2399" HPOS="1804"/><String ID="p301_w931" CONTENT="an" HPOS="1821" VPOS="2399" WIDTH="38" HEIGHT="75" STYLEREFS="font0"/><SP WIDTH="17" VPOS="2399" HPOS="1859"/><String ID="p301_w932" CONTENT="oily" HPOS="1876" VPOS="2399" WIDTH="69" HEIGHT="75" STYLEREFS="font0"/><SP WIDTH="11" VPOS="2399" HPOS="1945"/><String ID="p301_w933" CONTENT="humour" HPOS="1956" VPOS="2399" WIDTH="138" HEIGHT="75" STYLEREFS="font0"/><SP WIDTH="11" VPOS="2399" HPOS="2094"/><String ID="p301_w934" CONTENT="of" HPOS="2105" VPOS="2399" WIDTH="40" HEIGHT="75" STYLEREFS="font0"/><SP WIDTH="11" VPOS="2399" HPOS="2145"/><String ID="p301_w935" CONTENT="differ-," HPOS="2156" VPOS="2399" WIDTH="112" HEIGHT="75" STYLEREFS="font0"/></TextLine><TextLine WIDTH="1028" HEIGHT="75" ID="p301_t111" HPOS="1241" VPOS="2445"><String ID="p301_w936" CONTENT="ent" HPOS="1241" VPOS="2445" WIDTH="52" HEIGHT="75" STYLEREFS="font0"/><SP WIDTH="14" VPOS="2445" HPOS="1293"/><String ID="p301_w937" CONTENT="confiftences," HPOS="1307" VPOS="2445" WIDTH="213" HEIGHT="75" STYLEREFS="font0"/><SP WIDTH="19" VPOS="2445" HPOS="1520"/><String ID="p301_w938" CONTENT="and" HPOS="1539" VPOS="2445" WIDTH="62" HEIGHT="75" STYLEREFS="font0"/><SP WIDTH="11" VPOS="2445" HPOS="1601"/><String ID="p301_w939" CONTENT="they" HPOS="1612" VPOS="2445" WIDTH="77" HEIGHT="75" STYLEREFS="font0"/><SP WIDTH="12" VPOS="2445" HPOS="1689"/><String ID="p301_w940" CONTENT="are" HPOS="1701" VPOS="2445" WIDTH="52" HEIGHT="75" STYLEREFS="font0"/><SP WIDTH="13" VPOS="2445" HPOS="1753"/><String ID="p301_w941" CONTENT="likewife" HPOS="1766" VPOS="2445" WIDTH="138" HEIGHT="75" STYLEREFS="font0"/><SP WIDTH="13" VPOS="2445" HPOS="1904"/><String ID="p301_w942" CONTENT="the" HPOS="1917" VPOS="2445" WIDTH="54" HEIGHT="75" STYLEREFS="font0"/><SP WIDTH="13" VPOS="2445" HPOS="1971"/><String ID="p301_w943" CONTENT="origin" HPOS="1984" VPOS="2445" WIDTH="103" HEIGHT="75" STYLEREFS="font0"/><SP WIDTH="17" VPOS="2445" HPOS="2087"/><String ID="p301_w944" CONTENT="of" HPOS="2104" VPOS="2445" WIDTH="39" HEIGHT="75" STYLEREFS="font0"/><SP WIDTH="11" VPOS="2445" HPOS="2143"/><String ID="p301_w945" CONTENT="fweat." HPOS="2154" VPOS="2445" WIDTH="115" HEIGHT="75" STYLEREFS="font0"/></TextLine><TextLine WIDTH="979" HEIGHT="75" ID="p301_t112" HPOS="1288" VPOS="2492"><String ID="p301_w946" CONTENT="The" HPOS="1288" VPOS="2492" WIDTH="75" HEIGHT="75" STYLEREFS="font0"/><SP WIDTH="15" VPOS="2492" HPOS="1363"/><String ID="p301_w947" CONTENT="epidermis" HPOS="1378" VPOS="2492" WIDTH="167" HEIGHT="75" STYLEREFS="font0"/><SP WIDTH="16" VPOS="2492" HPOS="1545"/><String ID="p301_w948" CONTENT="ferves" HPOS="1561" VPOS="2492" WIDTH="103" HEIGHT="75" STYLEREFS="font0"/><SP WIDTH="17" VPOS="2492" HPOS="1664"/><String ID="p301_w949" CONTENT="to" HPOS="1681" VPOS="2492" WIDTH="35" HEIGHT="75" STYLEREFS="font0"/><SP WIDTH="15" VPOS="2492" HPOS="1716"/><String ID="p301_w950" CONTENT="keep" HPOS="1731" VPOS="2492" WIDTH="81" HEIGHT="75" STYLEREFS="font0"/><SP WIDTH="12" VPOS="2492" HPOS="1812"/><String ID="p301_w951" CONTENT="the" HPOS="1824" VPOS="2492" WIDTH="55" HEIGHT="75" STYLEREFS="font0"/><SP WIDTH="15" VPOS="2492" HPOS="1879"/><String ID="p301_w952" CONTENT="pencils" HPOS="1894" VPOS="2492" WIDTH="119" HEIGHT="75" STYLEREFS="font0"/><SP WIDTH="16" VPOS="2492" HPOS="2013"/><String ID="p301_w953" CONTENT="or" HPOS="2029" VPOS="2492" WIDTH="38" HEIGHT="75" STYLEREFS="font0"/><SP WIDTH="12" VPOS="2492" HPOS="2067"/><String ID="p301_w954" CONTENT="nervous" HPOS="2079" VPOS="2492" WIDTH="134" HEIGHT="75" STYLEREFS="font0"/><SP WIDTH="17" VPOS="2492" HPOS="2213"/><String ID="p301_w955" CONTENT="fi-" HPOS="2230" VPOS="2492" WIDTH="37" HEIGHT="75" STYLEREFS="font0"/></TextLine><TextLine WIDTH="1025" HEIGHT="75" ID="p301_t113" HPOS="1242" VPOS="2537"><String ID="p301_w956" CONTENT="laments" HPOS="1242" VPOS="2537" WIDTH="133" HEIGHT="75" STYLEREFS="font0"/><SP WIDTH="17" VPOS="2537" HPOS="1375"/><String ID="p301_w957" CONTENT="of" HPOS="1392" VPOS="2537" WIDTH="39" HEIGHT="75" STYLEREFS="font0"/><SP WIDTH="19" VPOS="2537" HPOS="1431"/><String ID="p301_w958" CONTENT="the" HPOS="1450" VPOS="2537" WIDTH="54" HEIGHT="75" STYLEREFS="font0"/><SP WIDTH="18" VPOS="2537" HPOS="1504"/><String ID="p301_w959" CONTENT="papillae" HPOS="1522" VPOS="2537" WIDTH="122" HEIGHT="75" STYLEREFS="font0"/><SP WIDTH="23" VPOS="2537" HPOS="1644"/><String ID="p301_w960" CONTENT="in" HPOS="1667" VPOS="2537" WIDTH="32" HEIGHT="75" STYLEREFS="font0"/><SP WIDTH="17" VPOS="2537" HPOS="1699"/><String ID="p301_w961" CONTENT="an" HPOS="1716" VPOS="2537" WIDTH="39" HEIGHT="75" STYLEREFS="font0"/><SP WIDTH="21" VPOS="2537" HPOS="1755"/><String ID="p301_w962" CONTENT="even" HPOS="1776" VPOS="2537" WIDTH="77" HEIGHT="75" STYLEREFS="font0"/><SP WIDTH="17" VPOS="2537" HPOS="1853"/><String ID="p301_w963" CONTENT="fituatiem," HPOS="1870" VPOS="2537" WIDTH="159" HEIGHT="75" STYLEREFS="font0"/><SP WIDTH="25" VPOS="2537" HPOS="2029"/><String ID="p301_w964" CONTENT="and" HPOS="2054" VPOS="2537" WIDTH="64" HEIGHT="75" STYLEREFS="font0"/><SP WIDTH="14" VPOS="2537" HPOS="2118"/><String ID="p301_w965" CONTENT="without" HPOS="2132" VPOS="2537" WIDTH="135" HEIGHT="75" STYLEREFS="font0"/></TextLine><TextLine WIDTH="1031" HEIGHT="75" ID="p301_t114" HPOS="1241" VPOS="2585"><String ID="p301_w966" CONTENT="confufion.;" HPOS="1241" VPOS="2585" WIDTH="182" HEIGHT="75" STYLEREFS="font0"/><SP WIDTH="27" VPOS="2585" HPOS="1423"/><String ID="p301_w967" CONTENT="and" HPOS="1450" VPOS="2585" WIDTH="62" HEIGHT="75" STYLEREFS="font0"/><SP WIDTH="23" VPOS="2585" HPOS="1512"/><String ID="p301_w968" CONTENT="it" HPOS="1535" VPOS="2585" WIDTH="25" HEIGHT="75" STYLEREFS="font0"/><SP WIDTH="23" VPOS="2585" HPOS="1560"/><String ID="p301_w969" CONTENT="hkewife" HPOS="1583" VPOS="2585" WIDTH="138" HEIGHT="75" STYLEREFS="font0"/><SP WIDTH="23" VPOS="2585" HPOS="1721"/><String ID="p301_w970" CONTENT="moderates" HPOS="1744" VPOS="2585" WIDTH="178" HEIGHT="75" STYLEREFS="font0"/><SP WIDTH="26" VPOS="2585" HPOS="1922"/><String ID="p301_w971" CONTENT="the" HPOS="1948" VPOS="2585" WIDTH="54" HEIGHT="75" STYLEREFS="font0"/><SP WIDTH="23" VPOS="2585" HPOS="2002"/><String ID="p301_w972" CONTENT="irnpreUions" HPOS="2025" VPOS="2585" WIDTH="190" HEIGHT="75" STYLEREFS="font0"/><SP WIDTH="17" VPOS="2585" HPOS="2215"/><String ID="p301_w973" CONTENT="of" HPOS="2232" VPOS="2585" WIDTH="40" HEIGHT="75" STYLEREFS="font0"/></TextLine><TextLine WIDTH="294" HEIGHT="75" ID="p301_t115" HPOS="1241" VPOS="2629"><String ID="p301_w974" CONTENT="external" HPOS="1241" VPOS="2629" WIDTH="149" HEIGHT="75" STYLEREFS="font0"/><SP WIDTH="10" VPOS="2629" HPOS="1390"/><String ID="p301_w975" CONTENT="objeCts." HPOS="1400" VPOS="2629" WIDTH="135" HEIGHT="75" STYLEREFS="font0"/></TextLine><TextLine WIDTH="977" HEIGHT="75" ID="p301_t116" HPOS="1288" VPOS="2677"><String ID="p301_w976" CONTENT="Another" HPOS="1288" VPOS="2677" WIDTH="150" HEIGHT="75" STYLEREFS="font0"/><SP WIDTH="16" VPOS="2677" HPOS="1438"/><String ID="p301_w977" CONTENT="ufe" HPOS="1454" VPOS="2677" WIDTH="52" HEIGHT="75" STYLEREFS="font0"/><SP WIDTH="16" VPOS="2677" HPOS="1506"/><String ID="p301_w978" CONTENT="of" HPOS="1522" VPOS="2677" WIDTH="40" HEIGHT="75" STYLEREFS="font0"/><SP WIDTH="19" VPOS="2677" HPOS="1562"/><String ID="p301_w979" CONTENT="the" HPOS="1581" VPOS="2677" WIDTH="54" HEIGHT="75" STYLEREFS="font0"/><SP WIDTH="16" VPOS="2677" HPOS="1635"/><String ID="p301_w980" CONTENT="epidermis" HPOS="1651" VPOS="2677" WIDTH="168" HEIGHT="75" STYLEREFS="font0"/><SP WIDTH="16" VPOS="2677" HPOS="1819"/><String ID="p301_w981" CONTENT="is" HPOS="1835" VPOS="2677" WIDTH="27" HEIGHT="75" STYLEREFS="font0"/><SP WIDTH="18" VPOS="2677" HPOS="1862"/><String ID="p301_w982" CONTENT="to" HPOS="1880" VPOS="2677" WIDTH="34" HEIGHT="75" STYLEREFS="font0"/><SP WIDTH="16" VPOS="2677" HPOS="1914"/><String ID="p301_w983" CONTENT="regulate" HPOS="1930" VPOS="2677" WIDTH="144" HEIGHT="75" STYLEREFS="font0"/><SP WIDTH="23" VPOS="2677" HPOS="2074"/><String ID="p301_w984" CONTENT="the" HPOS="2097" VPOS="2677" WIDTH="56" HEIGHT="75" STYLEREFS="font0"/><SP WIDTH="23" VPOS="2677" HPOS="2153"/><String ID="p301_w985" CONTENT="cuta-" HPOS="2176" VPOS="2677" WIDTH="89" HEIGHT="75" STYLEREFS="font0"/></TextLine><TextLine WIDTH="1024" HEIGHT="75" ID="p301_t117" HPOS="1241" VPOS="2723"><String ID="p301_w986" CONTENT="neous" HPOS="1241" VPOS="2723" WIDTH="96" HEIGHT="75" STYLEREFS="font0"/><SP WIDTH="17" VPOS="2723" HPOS="1337"/><String ID="p301_w987" CONTENT="evacuations" HPOS="1354" VPOS="2723" WIDTH="200" HEIGHT="75" STYLEREFS="font0"/><SP WIDTH="20" VPOS="2723" HPOS="1554"/><String ID="p301_w988" CONTENT="already" HPOS="1574" VPOS="2723" WIDTH="129" HEIGHT="75" STYLEREFS="font0"/><SP WIDTH="16" VPOS="2723" HPOS="1703"/><String ID="p301_w989" CONTENT="mentioned," HPOS="1719" VPOS="2723" WIDTH="194" HEIGHT="75" STYLEREFS="font0"/><SP WIDTH="26" VPOS="2723" HPOS="1913"/><String ID="p301_w990" CONTENT="the-" HPOS="1939" VPOS="2723" WIDTH="62" HEIGHT="75" STYLEREFS="font0"/><SP WIDTH="15" VPOS="2723" HPOS="2001"/><String ID="p301_w991" CONTENT="molt" HPOS="2016" VPOS="2723" WIDTH="78" HEIGHT="75" STYLEREFS="font0"/><SP WIDTH="17" VPOS="2723" HPOS="2094"/><String ID="p301_w992" CONTENT="confider-" HPOS="2111" VPOS="2723" WIDTH="154" HEIGHT="75" STYLEREFS="font0"/></TextLine><TextLine WIDTH="718" HEIGHT="75" ID="p301_t118" HPOS="1240" VPOS="2769"><String ID="p301_w993" CONTENT="able" HPOS="1240" VPOS="2769" WIDTH="69" HEIGHT="75" STYLEREFS="font0"/><SP WIDTH="17" VPOS="2769" HPOS="1309"/><String ID="p301_w994" CONTENT="of" HPOS="1326" VPOS="2769" WIDTH="40" HEIGHT="75" STYLEREFS="font0"/><SP WIDTH="17" VPOS="2769" HPOS="1366"/><String ID="p301_w995" CONTENT="which" HPOS="1383" VPOS="2769" WIDTH="104" HEIGHT="75" STYLEREFS="font0"/><SP WIDTH="16" VPOS="2769" HPOS="1487"/><String ID="p301_w996" CONTENT="is" HPOS="1503" VPOS="2769" WIDTH="28" HEIGHT="75" STYLEREFS="font0"/><SP WIDTH="16" VPOS="2769" HPOS="1531"/><String ID="p301_w997" CONTENT="infenfible" HPOS="1547" VPOS="2769" WIDTH="161" HEIGHT="75" STYLEREFS="font0"/><SP WIDTH="16" VPOS="2769" HPOS="1708"/><String ID="p301_w998" CONTENT="tranlpiration." HPOS="1724" VPOS="2769" WIDTH="234" HEIGHT="75" STYLEREFS="font0"/></TextLine><TextLine WIDTH="950" HEIGHT="75" ID="p301_t119" HPOS="1273" VPOS="2873"><String ID="p301_w999" CONTENT="THE" HPOS="1273" VPOS="2873" WIDTH="100" HEIGHT="75" STYLEREFS="font0"/><SP WIDTH="30" VPOS="2873" HPOS="1373"/><String ID="p301_w1000" CONTENT="MEMBRANA^ADIPOSA," HPOS="1403" VPOS="2873" WIDTH="540" HEIGHT="75" STYLEREFS="font0"/><SP WIDTH="32" VPOS="2873" HPOS="1943"/><String ID="p301_w1001" CONTENT="AND" HPOS="1975" VPOS="2873" WIDTH="105" HEIGHT="75" STYLEREFS="font0"/><SP WIDTH="34" VPOS="2873" HPOS="2080"/><String ID="p301_w1002" CONTENT="FAT." HPOS="2114" VPOS="2873" WIDTH="109" HEIGHT="75" STYLEREFS="font0"/></TextLine><TextLine WIDTH="988" HEIGHT="75" ID="p301_t120" HPOS="1284" VPOS="2952"><String ID="p301_w1003" CONTENT="The" HPOS="1284" VPOS="2952" WIDTH="84" HEIGHT="75" STYLEREFS="font0"/><SP WIDTH="21" VPOS="2952" HPOS="1368"/><String ID="p301_w1004" CONTENT="fecond" HPOS="1389" VPOS="2952" WIDTH="115" HEIGHT="75" STYLEREFS="font0"/><SP WIDTH="16" VPOS="2952" HPOS="1504"/><String ID="p301_w1005" CONTENT="univerfal" HPOS="1520" VPOS="2952" WIDTH="155" HEIGHT="75" STYLEREFS="font0"/><SP WIDTH="16" VPOS="2952" HPOS="1675"/><String ID="p301_w1006" CONTENT="integument" HPOS="1691" VPOS="2952" WIDTH="202" HEIGHT="75" STYLEREFS="font0"/><SP WIDTH="12" VPOS="2952" HPOS="1893"/><String ID="p301_w1007" CONTENT="of" HPOS="1905" VPOS="2952" WIDTH="39" HEIGHT="75" STYLEREFS="font0"/><SP WIDTH="20" VPOS="2952" HPOS="1944"/><String ID="p301_w1008" CONTENT="the" HPOS="1964" VPOS="2952" WIDTH="55" HEIGHT="75" STYLEREFS="font0"/><SP WIDTH="15" VPOS="2952" HPOS="2019"/><String ID="p301_w1009" CONTENT="human" HPOS="2034" VPOS="2952" WIDTH="117" HEIGHT="75" STYLEREFS="font0"/><SP WIDTH="13" VPOS="2952" HPOS="2151"/><String ID="p301_w1010" CONTENT="body,," HPOS="2164" VPOS="2952" WIDTH="108" HEIGHT="75" STYLEREFS="font0"/></TextLine></PrintSpace></Page></Layout></alto>