2483 3387
177 176 85 75 4°4

654 162 42 75 a
774 162 37 75 r
890 162 17 75 r

1102 164 42 75 II
1222 164 49 75 M
1328 164 36 75 E
1440 164 40 75 T
1557 164 17 75 I
1652 164 36 75 C
1767 164 50 75 K.

178 229 153 75 integers,
350 229 105 75 where
472 229 56 75 the
542 229 133 75 method
686 229 41 75 of
738 229 146 75 dividing
894 229 45 75 by
952 229 182 75 9,59,9^9,
1153 229 67 75 &c.

180 277 26 75 is
223 277 183 75 explained.

484 351 113 75 Hence
613 351 26 75 it
657 351 141 75 follows,
816 351 70 75 that
903 351 32 75 if
946 351 49 75 we
1011 351 62 75 add
1087 351 55 75 the
1158 351 64 75 cir-

438 398 65 75 cles
515 398 34 75 as
561 398 79 75 they
651 398 101 75 (land,
772 398 138 75 without
922 398 146 75 minding
1079 398 62 75 any
1153 398 69 75 car-

438 445 85 75 riage
541 445 83 75 from
641 445 55 75 the
713 445 72 75 left,
803 445 63 75 and
883 445 33 75 to
934 445 55 75 the
1007 445 67 75 fum
1092 445 63 75 add
1167 445 55 75 the

437 493 185 75 excrefcent
629 493 110 75 "figure
756 493 42 75 on
816 493 56 75 the
884 493 61 75 left
962 493 41 75 of
1014 493 56 75 the
1087 493 136 75 decimal

432 540 101 75 point,
559 540 49 75 we
636 540 77 75 (hall
736 540 82 75 have
843 540 55 75 the
924 540 61 75 full
1013 540 66 75 fum
1103 540 41 75 of
1166 540 55 75 the

209 590 173 75 2.110628
432 590 126 75 circles,
583 590 83 75 both
691 590 32 75 as
747 590 36 75 to
808 590 55 75 the
888 590 137 75 integral
1051 590 63 75 and
1136 590 85 75 frac-

364 637 18 75 2
437 637 100 75 tional
553 637 83 75 part,
659 637 34 75 as
707 637 36 75 jn
761 637 54 75 the
835 637 136 75 margin.

198 683 190 75 2.110630,
408 683 5 75 ,

227 754 83 75 Pure
328 754 173 75 repeaters,
526 754 97 75 being
641 754 54 75 the
713 754 200 75 numerators
936 754 40 75 of
996 754 113 75 vulgar
1134 754 85 75 frac-

179 802 97 75 tions,
301 802 108 75 whofe
425 802 222 75 denominator
663 802 26 75 is
708 802 21 75 9
745 802 35 75 as
796 802 92 75 often
905 802 96 75 taken
1018 802 34 75 as
1070 802 55 75 the
1137 802 82 75 digit

178 847 25 75 is
221 847 162 75 repeated,
408 847 74 75 may
497 847 41 75 be
555 847 104 75 added
673 847 31 75 in
722 847 54 75 the
788 847 85 75 fame
889 847 132 75 manner
1037 847 33 75 as
1088 847 127 75 circles.

178 894 66 75 But
262 894 29 75 in
310 894 163 75 examples
489 894 87 75 clear
591 894 40 75 of
643 894 182 75 circulates,
851 894 55 75 the
932 894 133 75 method
1086 894 132 75 prefcri-

178 942 63 75 bed
261 942 32 75 in
311 942 82 75 Cafe
410 942 48 75 II.
483 942 28 75 is
529 942 192 75 preferable.

203 1020 165 75 .857142,

203 1070 164 75 .571428,

203 1113 165 75 .857142,

203 1160 165 75 .714285,

179 1254 189 75 2.999999,

179 1393 176 75 3.000000

444 1207 138 75 1.9999,

222 2420 89 75 Here
328 2420 55 75 the
399 2420 141 75 dividual
562 2420 97 75 being
681 2420 57 75 the

173 2467 84 75 fame
281 2467 77 75 with
384 2467 55 75 the
466 2467 128 75 fecond,
621 2467 19 75 a
664 2467 72 75 new

175 2516 95 75 circle
285 2516 124 75 begins.

838 2564 145 75 *16100

398 2666 64 75 IV.
512 2666 210 75 Svbtraftion
746 2666 42 75 of
803 2666 182 75 Decimals.

1593 306 36 75 L.

1462 352 97 75 From
1586 352 44 75 48

1462 399 82 75 Sub.

1603 246 232 75 Example
1886 246 31 75 I.

1772 308 33 75 d.
1871 308 42 75 L.

1768 355 21 75 6
1822 355 178 75 =48.525

1770 406 299 75 8^=18.634375

1612 402 19 75 8
1678 402 39 75 12

1461 497 113 75 Rem..
1587 497 44 75 29
1676 497 40 75 17

1606 575 134 75 Exam

1594 637 38 75 67.

1461 680 20 75 r
1491 680 69 75 rom
1587 680 44 75 54
1698 680 17 75 2

1462 728 81 75 Sub.
1588 728 43 75 36
1699 728 17 75 3

1769 497 46 75 94
1823 497 36 75 =
1866 497 197 75 29:890625

1760 576 16 75 p
1789 576 20 75 l
1823 576 18 75 e
1885 576 49 75 II.

1782 637 45 75 lb.
1887 637 38 75 C.

1781 684 38 75 21
1831 684 36 75 =
1878 684 151 75 54.6875

1757 740 9 75 .
1783 740 42 75 14
1833 740 36 75 =
1880 740 127 75 36.875

1458 822 98 75 Rem.

1694 822 18 75 3
1779 822 41 75 17
1829 822 37 75 =
1876 822 149 75 17.8125

466 1019 121 75 .6666,
684 1019 38 75 In
742 1019 120 75 adding
874 1019 113 75 circles
1003 1019 62 75 and
1078 1019 76 75 pure
1168 1019 49 75 re-

468 1067 118 75 .6666,
633 1067 128 75 peaters
779 1067 44 75 by
839 1067 56 75 the
912 1067 135 75 method
1070 1067 74 75 now
1158 1067 59 75 ex-

469 1114 117 75 .6666,
635 1114 141 75 plained,
786 1114 26 75 it
825 1114 65 75 will
905 1114 178 75 fometimes
1093 1114 124 75 happen

587 1158 70 75 that
682 1158 56 75 the
764 1158 165 75 fra&ional
958 1158 73 75 part
1054 1158 42 75 of
1114 1158 57 75 the

631 1205 68 75 fum
731 1205 67 75 will
822 1205 41 75 be
887 1205 19 75 a
928 1205 95 75 feries
1047 1205 42 75 of
1114 1205 103 75 nines,

633 1253 32 75 as
694 1253 34 75 in
755 1253 58 75 the
836 1253 145 75 margin:
1009 1253 79 75 And
1103 1253 31 75 in
1153 1253 64 75 this

634 1299 80 75 cafe,
740 1299 55 75 the
808 1299 185 75 numerator
1009 1299 41 75 of
1061 1299 55 75 the
1132 1299 85 75 frac-

630 1345 68 75 tion
709 1345 95 75 being
819 1345 56 75 the
892 1345 84 75 fame
992 1345 78 75 with
1088 1345 56 75 the
1160 1345 57 75 de-

629 1393 193 75 nominator,
839 1393 42 75 its
898 1393 92 75 value
1006 1393 67 75 will
1091 1393 39 75 be
1146 1393 70 75 uni-

634 1439 55 75 ty;
724 1439 63 75 and
810 1439 206 75 accordingly
1044 1439 12 75 1
1079 1439 80 75 muft
1176 1439 39 75 be

176 1486 105 75 added
297 1486 36 75 to
350 1486 56 75 the
423 1486 136 75 integral
573 1486 85 75 part.
691 1486 68 75 But
775 1486 32 75 in
826 1486 118 75 adding
960 1486 79 75 pure
1056 1486 160 75 repeaters

174 1534 44 75 by
235 1534 56 75 the
308 1534 131 75 method
457 1534 32 75 in
520 1534 81 75 Cafe
619 1534 48 75 II.
692 1534 65 75 this
776 1534 116 75 cannot
910 1534 139 75 happen.

222 1581 52 75 By
292 1581 71 75 way
388 1581 41 75 of
448 1581 107 75 proof,
580 1581 49 75 we
654 1581 76 75 fhall
756 1581 77 75 here
858 1581 65 75 add
952 1581 42 75 all
1021 1581 57 75 the
1102 1581 114 75 vulgar

175 1628 150 75 fractions
342 1628 32 75 in
392 1628 143 75 Examp.
554 1628 30 75 I.
611 1628 61 75 and
691 1628 116 75 reduce
824 1628 85 75 their
932 1628 67 75 fum
1025 1628 36 75 to
1088 1628 20 75 a
1130 1628 85 75 mixt

175 1675 145 75 number,
348 1675 187 75 continuing
553 1675 56 75 the
625 1675 133 75 divifion
775 1675 35 75 to
827 1675 19 75 a
862 1675 150 75 decimal.

176 1754 24 75 4
215 1754 37 75 +
270 1754 23 75 t
308 1754 38 75 +
362 1754 48 75 tt
426 1754 38 75 +
488 1754 49 75 Ir
559 1754 37 75 =
617 1754 121 75 tVtYt
762 1754 39 75 4*
829 1754 115 75 '4rff
966 1754 38 75 +
1028 1754 122 75 AVtt
1174 1754 39 75 4"

174 1815 120 75 Trrrr
307 1797 36 49 =

608 1860 461 75 14553)30716(2.110630,

736 1909 115 75 29106

1528 917 463 75 Approximates.

1315 995 38 75 In
1370 995 192 75 fubtra&ing
1578 995 250 75 approximates,
1853 995 124 75 negleft
1993 995 56 75 the
2065 995 189 75 right-hand
2271 995 37 75 fi-

1267 1045 79 75 gure
1362 1045 41 75 of
1415 1045 58 75 the
1495 1045 194 75 remainder,
1712 1045 35 75 as
1771 1045 188 75 uncertain;
1985 1045 59 75 but
2070 1045 41 75 an
2134 1045 71 75 unit
2233 1045 76 75 bor-

1268 1091 109 75 rowed
1392 1091 42 75 on
1452 1091 55 75 the
1535 1091 89 75 right
1648 1091 138 75 muft»be
1803 1091 122 75 repaid,
1947 1091 35 75 as
1998 1091 33 75 in
2048 1091 55 75 the
2115 1091 67 75 two
2195 1091 111 75 exam-

1266 1137 68 75 ples
1355 1137 182 75 following.

1467 1184 65 75 Ex.
1563 1184 31 75 1.

1974 1184 68 75 Ex.
2069 1184 35 75 2.

1267 1231 99 75 From
1393 1231 176 75 783.0625

1833 1231 100 75 From
1959 1231 176 75 549,4643

1268 1277 80 75 Sub.
1391 1277 197 75 495.28571
1605 1277 40 75 4-

1835 1277 82 75 Sub.
1984 1277 152 75 78.0875

1265 1371 97 75 Rem.
1389 1371 177 75 287.7767
1632 1371 135 75 certain.
1831 1371 99 75 Rem.
1956 1371 156 75 471.376
2159 1371 133 75 certain.

1312 1428 109 75 Rule
1439 1428 49 75 II.
1537 1428 39 75 If
1593 1428 62 75 one
1672 1428 39 75 of
1722 1428 56 75 the
1791 1428 93 75 given
1900 1428 153 75 decimals
2065 1428 26 75 is
2110 1428 19 75 a
2145 1428 157 75 repeater,

1265 1475 62 75 and
1344 1475 55 75 the
1411 1475 95 75 other
1521 1475 19 75 a
1556 1475 102 75 finite'
1658 1475 151 75 decimal,
1827 1475 72 75 give
1916 1475 55 75 the
1984 1475 146 75 repeater
2142 1475 60 75 one
2214 1475 91 75 place

1266 1523 88 75 more
1370 1523 77 75 than
1465 1523 56 75 the
1537 1523 89 75 finite
1642 1523 149 75 decimal,
1818 1523 64 75 and
1903 1523 33 75 in
1957 1523 195 75 fubtraiting
2175 1523 129 75 borrow

1267 1569 20 75 9
1305 1569 41 75 on
1362 1569 56 75 the
1434 1569 88 75 right
1537 1569 100 75 hand.

1312 1616 68 75 But
1395 1616 31 75 if
1444 1616 81 75 both
1542 1616 104 75 major
1662 1616 64 75 and
1741 1616 104 75 minor
1861 1616 121 75 repeat,
2008 1616 72 75 give
2096 1616 89 75 them
2202 1616 40 75 an
2266 1616 32 75 e-

1265 1663 76 75 qua!
1354 1663 137 75 number
1509 1663 41 75 of
1568 1663 119 75 places,
1712 1663 61 75 and
1791 1663 78 75 then
1879 1663 139 75 fubtraft
2035 1663 34 75 as
2086 1663 114 75 above.

1501 1711 65 75 Ex.
1589 1711 30 75 1.

1359 1758 98 75 From
1478 1758 153 75 •7i4583'
1631 1758 23 75 3

1357 1805 86 75 Sub.
1479 1805 152 75 .634375

1755 1711 65 75 Ex.
1840 1711 33 75 2.

1755 1761 79 75 .525

1758 1792 4 104 ■
1762 1818 98 75 2333

1986 1711 54 75 Ex'
2040 1711 11 75 .
2071 1711 39 75 3.’

1957 1759 178 75 .9989583-

1962 1806 176 75 .0291666

1357 1898 98 75 Rem.
1478 1898 179 75 .0802083'
1755 1898 107 75 .1916
1958 1898 180 75 .9697916

1309 1952 39 75 In
1364 1952 68 75 Ex.
1452 1952 31 75 x.
1501 1952 63 75 and
1576 1952 34 75 2.
1635 1952 64 75 you
1717 1952 72 75 give
1806 1952 56 75 the
1879 1952 146 75 repeater
2036 1952 61 75 one
2109 1952 89 75 place
2210 1952 89 75 more

1258 1999 80 75 than
1356 1999 56 75 the
1428 1999 88 75 finite
1532 1999 149 75 decimal,
1707 1999 63 75 and
1786 1999 45 75 by
1841 1999 66 75 this
1919 1999 108 75 means
2044 1999 64 75 you
2121 1999 109 75 obtain
2242 1999 56 75 the

1262 2045 163 75 repeating
1449 2045 100 75 figure
1574 2045 40 75 of
1632 2045 56 75 the
1712 2045 193 75 remainder.
1952 2045 117 75 Butin
2093 2045 71 75 Ex.
2183 2045 34 75 3.
2233 2045 66 75 you

1262 2093 73 75 give
1351 2093 55 75 the
1423 2093 67 75 two
1507 2093 160 75 repeaters
1684 2093 39 75 an
1740 2093 96 75 equal
1847 2093 134 75 number
1997 2093 41 75 of
2055 2093 121 75 places.

1310 2139 38 75 In
1364 2139 69 75 Ex.
1450 2139 31 75 2.
1501 2139 63 75 and
1582 2139 33 75 3.
1639 2139 66 75 you
1715 2139 130 75 borrow
1862 2139 22 75 9
1901 2139 42 75 on
1958 2139 56 75 the
2031 2139 88 75 right
2134 2139 100 75 hand.

1310 2187 108 75 Rule
1438 2187 67 75 III.
1554 2187 38 75 If
1611 2187 80 75 both
1702 2187 55 75 the
1773 2187 93 75 given
1890 2187 153 75 decimals
2059 2187 40 75 be
2116 2187 180 75 circulates,

1261 2234 93 75 make
1371 2234 55 75 the
1443 2234 111 75 circles
1572 2234 249 75 conterminous,
1847 2234 64 75 and
1926 2234 92 75 work
2034 2234 34 75 as
2085 2234 31 75 in
2133 2234 162 75 integers;

1262 2279 77 75 only
1362 2279 38 75 if,
1433 2279 33 75 in
1494 2279 56 75 the
1575 2279 164 75 left-hand
1766 2279 128 75 column
1922 2279 40 75 of
1988 2279 57 75 the
2071 2279 126 75 circles,
2231 2279 66 75 you

1263 2328 132 75 forefee,
1421 2328 84 75 that,
1526 2328 31 75 in
1575 2328 192 75 fubtradting
1783 2328 56 75 the
1854 2328 102 75 figure
1972 2328 40 75 of
2024 2328 56 75 the
2097 2328 103 75 minor
2211 2328 87 75 from

1261 2374 72 75 that
1344 2374 41 75 of
1395 2374 56 75 the
1463 2374 117 75 major,
1596 2374 61 75 one
1670 2374 79 75 muft
1763 2374 39 75 be
1818 2374 183 75 borrowed,
2017 2374 113 75 in,this
2147 2374 69 75 cafe
2233 2374 65 75 add

1267 2422 11 75 I
1300 2422 36 75 to
1352 2422 56 75 the
1425 2422 191 75 right-hand
1638 2422 101 75 figure
1762 2422 41 75 of
1820 2422 57 75 the
1893 2422 118 75 minor,
2037 2422 63 75 and
2122 2422 78 75 then
2223 2422 73 75 fub-

1261 2468 92 75 tradl.

1308 2516 37 75 If
1363 2516 60 75 one
1439 2516 42 75 of
1498 2516 57 75 the
1578 2516 93 75 given
1688 2516 152 75 decimals
1864 2516 41 75 be
1928 2516 19 75 a
1962 2516 166 75 circulate,
2152 2516 64 75 and
2239 2516 57 75 the

1259 2562 94 75 other
1369 2562 19 75 a
1403 2562 156 75 repeater,
1585 2562 72 75 give
1673 2562 57 75 the
1747 2562 144 75 repeater
1909 2562 56 75 the
1981 2562 86 75 form
2083 2562 40 75 of
2133 2562 20 75 a
2169 2562 127 75 conter-

1257 2609 127 75 minous
1397 2609 164 75 circulate,
1587 2609 63 75 and
1668 2609 76 75 then
1760 2609 140 75 fubtradt
1917 2609 33 75 as
1967 2609 114 75 above.

1306 2656 37 75 If
1360 2656 61 75 one
1437 2656 40 75 of
1496 2656 55 75 the
1568 2656 94 75 given
1676 2656 154 75 decimals
1854 2656 40 75 be
1919 2656 20 75 a
1962 2656 164 75 circulate,
2152 2656 62 75 and
2237 2656 58 75 the

1258 2702 93 75 other
1374 2702 19 75 a
1416 2702 88 75 finite
1520 2702 149 75 decimal,
1693 2702 123 75 extend
1830 2702 56 75 the
1902 2702 89 75 finite
2007 2702 72 75 part
2098 2702 41 75 of
2157 2702 57 75 the
2230 2702 62 75 cir-

222 2748 108 75 Rule
348 2748 31 75 I.
428 2748 97 75 Place
541 2748 56 75 the
613 2748 103 75 minor
733 2748 102 75 under
857 2748 56 75 the
941 2748 115 75 major,
1081 2748 34 75 fo
1138 2748 72 75 that
1253 2748 107 75 culate
1377 2748 36 75 to
1435 2748 34 75 as
1486 2748 96 75 many
1593 2748 106 75 places
1716 2748 34 75 as
1770 2748 91 75 there
1882 2748 52 75 are
1950 2748 117 75 figures
2083 2748 31 75 in
2132 2748 56 75 the
2203 2748 90 75 finite

175 2794 69 75 that
261 2794 55 75 the
332 2794 106 75 points
458 2794 74 75 may
548 2794 41 75 be
604 2794 32 75 in
653 2794 60 75 one
734 2794 148 75 column;
909 2794 63 75 and
996 2794 90 75 then,
1111 2794 31 75 if
1151 2794 58 75 the
1256 2794 149 75 decimal,
1431 2794 62 75 and
1509 2794 76 75 then
1603 2794 150 75 fubtradt.

174 2841 91 75 given
283 2841 152 75 decimals
454 2841 40 75 be
511 2841 87 75 finite
615 2841 37 75 or
668 2841 234 75 approximate,
927 2841 92 75 work
1035 2841 34 75 as
1086 2841 32 75 in
1135 2841 72 75 fub-
1302 2841 154 75 Examp.
1474 2841 30 75 I.
1553 2841 98 75 From
1668 2841 305 75 ^=.6,428571,
2005 2841 273 75 =.64,2857x4,

175 2889 140 75 traftioir
326 2889 41 75 of
377 2889 151 75 integers.

1556 2889 81 75 Sub.
1668 2889 610 75 -4^=.17,857142*=.17,857142,

222 2935 36 75 If
267 2935 57 75 the
340 2935 105 75 major
460 2935 60 75 and
545 2935 103 75 minor
663 2935 82 75 have
761 2935 57 75 not
845 2935 55 75 the
923 2935 84 75 fame
1021 2935 136 75 number
1171 2935 43 75 of

173 2981 119 75 places,
317 2981 135 75 imagine
468 2981 55 75 the
539 2981 77 75 void
631 2981 106 75 places
759 2981 37 75 to
818 2981 40 75 be
874 2981 89 75 filled
986 2981 43 75 up
1052 2981 81 75 with
1160 2981 46 75 ci-

1923 2981 97 75 Rem.
2050 2981 224 75 .46,428571,

173 3029 108 75 phers.

1300 3029 40 75 In
1356 3029 64 75 this
1436 3029 161 75 example,
1622 3029 145 75 becaufe,
1792 3029 35 75 in
1842 3029 57 75 the
1914 3029 165 75 left-hand
2101 3029 127 75 column
2250 3029 43 75 of

2230 3077 57 75 the
