2428 3377
148 138 77 75 i6o

189 208 77 75 The
282 208 64 75 o/Ta
361 208 62 75 nafi
440 208 53 75 are
510 208 113 75 placed
641 208 33 75 at
689 208 56 75 the
760 208 100 75 upper
876 208 70 75 part
959 208 38 75 of
1009 208 55 75 the
1077 208 92 75 nofe;

142 255 103 75 —the
261 255 65 75 olTa
340 255 114 75 unguis
468 255 52 75 are
537 255 33 75 at
585 255 56 75 the
653 255 135 75 internal
804 255 108 75 canthi
928 255 40 75 of
979 255 55 75 the
1050 255 121 75 orbits;

143 283 2 49 :
145 301 110 75 —o)Ta
269 301 154 75 malarum
433 301 84 75 form
532 301 55 75 the
604 301 201 75 prominence
816 301 41 75 of
868 301 55 75 the
935 301 116 75 cheeks
1063 301 110 75 ;—of-

142 346 35 75 fa
204 346 180 75 biaxillaria
406 346 85 75 form
519 346 54 75 the
589 346 63 75 fide
669 346 40 75 of
720 346 55 75 the
792 346 86 75 nbfe,
901 346 80 75 with
997 346 56 75 the
1070 346 103 75 whole

144 393 100 75 lower
260 393 62 75 and
349 393 70 75 fore
441 393 72 75 part
538 393 40 75 of
599 393 55 75 the
671 393 98 75 upper
781 393 79 75 jaw,
879 393 63 75 and
963 393 56 75 the
1039 393 135 75 greatell

144 442 88 75 fhare
248 442 40 75 of
310 442 55 75 tire
381 442 79 75 roof
470 442 41 75 of
520 442 55 75 the
592 442 112 75 mouth
718 442 126 75 ;—ofla
859 442 97 75 palati
973 442 53 75 are
1042 442 134 75 (ituated

146 485 32 75 at
210 485 56 75 the
292 485 171 75 back-part
494 485 41 75 of
553 485 54 75 the
627 485 117 75 palate,
769 485 138 75 noftrils,
931 485 64 75 and
1018 485 158 75 orbit;—

145 532 63 75 ofla
224 532 164 75 fpongiofa
404 532 53 75 are
479 532 72 75 feen
567 532 33 75 in
616 532 55 75 the
688 532 98 75 lower
801 532 72 75 part
889 532 39 75 of
940 532 54 75 the
1009 532 92 75 nares
1115 532 61 75 ;—

146 578 63 75 and
225 578 56 75 the
297 578 110 75 vomer
423 578 90 75 helps
529 578 34 75 to
580 578 141 75 feparate
738 578 86 75 thefe
840 578 65 75 two
922 578 144 75 cavities.

191 625 77 75 The
280 625 102 75 bones
399 625 40 75 of
449 625 56 75 the
521 625 99 75 upper
632 625 66 75 jaw
726 625 54 75 are
803 625 113 75 joined
943 625 35 75 to
1006 625 56 75 the
1078 625 98 75 bones

145 671 41 75 of
196 671 56 75 the
267 671 141 75 fltulLby
430 671 56 75 the
512 671 203 75 fchindylefis
744 671 63 75 and
830 671 123 75 futures
975 671 130 75 already
1120 671 56 75 de-

142 718 127 75 fcribed
284 718 33 75 as
331 718 147 75 common
493 718 35 75 to
544 718 56 75 the
617 718 141 75 cranium
771 718 61 75 and
844 718 82 75 face,
952 718 63 75 and
1030 718 78 75 they
1124 718 53 75 are

146 766 173 75 connedted
334 766 35 75 to
395 766 79 75 each
500 766 94 75 other
621 766 44 75 by
692 766 181 75 gomphofis
901 766 63 75 and
991 766 108 75 fifteen
1126 766 51 75 fu-

145 810 101 75 tures.

192 857 77 75 The
285 857 180 75 gomphofis
482 857 77 75 only
576 857 26 75 is
619 857 107 75 where
749 857 56 75 the
833 857 90 75 teeth
950 857 53 75 are
1029 857 89 75 fixed
1144 857 34 75 in

146 903 84 75 their
245 903 139 75 fockets,
403 903 62 75 and
476 903 56 75 the
548 903 200 75 fchindylefis
760 903 27 75 is
800 903 82 75 only,
888 903 106 75 where
1010 903 55 75 the
1081 903 97 75 edges

145 950 40 75 of
195 950 56 75 the
265 950 112 75 vomer
392 950 54 75 are
466 950 115 75 joined
595 950 35 75 to
646 950 97 75 other-
758 950 112 75 bones.

192 996 77 75 The
295 996 65 75 firfl:
388 996 26 75 is
440 996 55 75 the
523 996 149 75 anterior
698 996 105 75 nafal,
840 996 105 75 which
979 996 27 75 is
1033 996 141 75 ftreight,

147 1042 62 75 and
225 1042 113 75 placed
353 1042 248 75 longitudinally
616 1042 33 75 in
665 1042 56 75 the
737 1042 120 75 middle
879 1042 159 75 fore-part
1062 1042 41 75 of
1123 1042 55 75 the

145 1089 89 75 Bpfe.

192 1136 77 75 The
282 1136 120 75 fcconb
418 1136 63 75 and
497 1136 88 75 third
601 1136 54 75 are
670 1136 56 75 the
738 1136 125 75 lateral
873 1136 104 75 nafal,
1002 1136 105 75 which
1125 1136 52 75 are

145 1182 33 75 at
194 1182 78 75 each
287 1182 64 75 fide
372 1182 42 75 of
431 1182 55 75 the
510 1182 86 75 nofe,
622 1182 63 75 and
709 1182 110 75 almofl:
843 1182 132 75 parallel
992 1182 35 75 to
1043 1182 55 75 the
1114 1182 64 75 firfl:

145 1229 119 75 future.

194 1275 91 75 Each
303 1275 40 75 of
357 1275 55 75 the
429 1275 65 75 two
510 1275 151 75 lacrymal
686 1275 27 75 is
737 1275 111 75 almofl:
864 1275 225 75 femicircular,
1114 1275 64 75 and

145 1322 26 75 is
188 1322 114 75 placed
320 1322 102 75 round
439 1322 56 75 the
509 1322 155 75 lacrymal
675 1322 140 75 •groove.

193 1368 75 75 The
283 1368 87 75 fixth
387 1368 62 75 and
463 1368 130 75 feventh
611 1368 53 75 are
692 1368 55 75 the
765 1368 149 75 internal
926 1368 146 75 orbitar:
1098 1368 78 75 each

145 1414 41 75 of
198 1414 105 75 which
320 1414 27 75 is
362 1414 164 75 extended
548 1414 167 75 obliquely
730 1414 83 75 from
838 1414 56 75 the
916 1414 121 75 middle
1061 1414 41 75 of
1121 1414 56 75 the

145 1461 100 75 lower
261 1461 63 75 fide
341 1461 41 75 of
400 1461 39 75 an
455 1461 86 75 orbit
558 1461 34 75 to
615 1461 56 75 the
687 1461 80 75 edge
784 1461 40 75 of
843 1461 41 75 its
900 1461 86 75 bafe.

191 1508 77 75 The
292 1508 65 75 two
373 1508 147 75 external
536 1508 137 75 orbitars
698 1508 53 75 are
776 1508 182 75 continued,
983 1508 79 75 each
1089 1508 88 75 from

145 1554 56 75 the
224 1554 63 75 end
315 1554 40 75 of
377 1554 56 75 the
448 1554 138 75 internal
614 1554 133 75 orbitar,
773 1554 35 75 to
824 1554 55 75 the
897 1554 99 75 under
1013 1554 63 75 and
1091 1554 85 75 fore-

145 1600 73 75 part
239 1600 41 75 of
295 1600 55 75 the
374 1600 114 75 cheek.

193 1647 77 75 The
287 1647 90 75 tenth
394 1647 26 75 is
438 1647 54 75 the
510 1647 195 75 myjlachial,
730 1647 107 75 which
853 1647 130 75 reaches
1000 1647 77 75 only
1093 1647 85 75 from

146 1692 56 75 the
218 1692 100 75 lower
341 1692 71 75 part
429 1692 39 75 of
479 1692 56 75 the
550 1692 123 75 feptura
690 1692 123 75 narium
829 1692 35 75 to
880 1692 144 75 between
1041 1692 55 75 the
1112 1692 66 75 two

146 1739 122 75 middle
288 1739 112 75 dentes
415 1739 162 75 incifores.

193 1785 77 75 The
293 1785 222 75 longitudinal
537 1785 114 75 palate
676 1785 109 75 future
820 1785 153 75 flretches
1008 1785 85 75 from
1122 1785 56 75 the

148 1831 121 75 middle
286 1831 39 75 of
337 1831 55 75 the
408 1831 152 75 foremoft
572 1831 94 75 teeth
683 1831 143 75 through
855 1831 56 75 the
936 1831 121 75 middle
1074 1831 39 75 of
1136 1831 42 75 all

147 1878 55 75 the
225 1878 117 75 palate.

194 1924 77 75 The
288 1924 181 75 tranfverfe
476 1924 113 75 palate
601 1924 60 75 one
677 1924 75 75 runs
770 1924 103 75 acrofs
886 1924 54 75 the
953 1924 116 75 palate,
1086 1924 90 75 near-

149 1971 34 75 er
200 1971 55 75 the
276 1971 82 75 back
374 1971 76 75 than
466 1971 56 75 the
541 1971 159 75 fore-part
716 1971 40 75 of
770 1971 38 75 it.

197 2017 90 75 Each
304 2017 39 75 of
355 2017 55 75 the
425 2017 67 75 two
501 2017 303 75 falato-ntaxillary
821 2017 26 75 is
872 2017 33 75 at
928 2017 56 75 the
1007 2017 171 75 back-part

149 2063 39 75 of
201 2063 55 75 the
276 2063 63 75 fide
355 2063 41 75 of
406 2063 78 75 each
501 2063 120 75 noftril.

194 2109 77 75 The
288 2109 145 75 fifteenth
451 2109 27 75 is
492 2109 54 75 the
554 2109 146 75 fpinous,
726 2109 107 75 which
848 2109 27 75 is
891 2109 33 75 in
941 2109 54 75 the
1011 2109 121 75 middle
1143 2109 40 75 of

149 2156 56 75 the
222 2156 99 75 lower
338 2156 71 75 part
434 2156 40 75 of
492 2156 55 75 the
575 2156 136 75 noftrils.
760 2156 86 75 This
874 2156 74 75 may
975 2156 135 75 perhaps
1139 2156 39 75 be

148 2201 109 75 rather
273 2201 140 75 thought
429 2201 19 75 a
463 2201 118 75 double
596 2201 215 75 fchindylefis.

196 2248 109 75 Thefe
320 2248 123 75 futures
468 2248 40 75 of
526 2248 54 75 the
596 2248 70 75 face
689 2248 81 75 have
791 2248 59 75 not
871 2248 76 75 fuch
973 2248 205 75 confpicuous

149 2294 214 75 indentations
380 2294 32 75 as
434 2294 90 75 thofe
541 2294 40 75 of
592 2294 56 75 the
671 2294 79 75 fkull
767 2294 93 75 have.

197 2340 98 75 Ossa
314 2340 113 75 Nasi,
445 2340 34 75 fo
496 2340 113 75 named
624 2340 86 75 from
726 2340 83 75 their
826 2340 145 75 fituation
988 2340 33 75 at
1036 2340 55 75 the
1104 2340 74 75 root

149 2387 40 75 of
201 2387 56 75 the
273 2387 87 75 nofe,
377 2387 54 75 are
444 2387 75 75 each
534 2387 40 75 of
581 2387 38 75 an
631 2387 155 75 irregular
802 2387 119 75 oblong
936 2387 112 75 fquare
1065 2387 113 75 figure,

149 2432 95 75 being
270 2432 147 75 broadeft
444 2432 34 75 at
505 2432 84 75 their
616 2432 100 75 lower
744 2432 74 75 end,
851 2432 170 75 narroweft
1049 2432 18 75 a
1094 2432 84 75 little

149 2479 114 75 higher
279 2479 77 75 than
370 2479 87 75 their
472 2479 141 75 middle;
633 2479 63 75 and
706 2479 167 75 becoming
884 2479 172 75 fomewhat
1073 2479 105 75 larger

150 2525 32 75 at
198 2525 55 75 the
271 2525 68 75 top,
364 2525 107 75 where
487 2525 78 75 they
577 2525 53 75 are
642 2525 121 75 ragged
780 2525 62 75 and
858 2525 145 75 thickeft,
1022 2525 63 75 and
1100 2525 80 75 have

150 2572 18 75 a
184 2572 168 75 curvature
369 2572 168 75 forwards,
556 2572 70 75 that
638 2572 83 75 their
733 2572 184 75 connexion
929 2572 79 75 with
1020 2572 55 75 the
1091 2572 88 75 fron-

150 2618 46 75 tal
212 2618 83 75 bone
313 2618 101 75 might
434 2618 39 75 be
495 2618 154 75 ftronger.
745 2618 107 75 Thefe
867 2618 101 75 bones
985 2618 53 75 are
1055 2618 124 75 convex

150 2664 192 75 externally,
368 2664 62 75 and
449 2664 135 75 thereby
608 2664 106 75 better
738 2664 82 75 refill:
845 2664 61 75 any
930 2664 141 75 violence
1095 2664 84 75 from

151 2710 158 75 without;
336 2710 63 75 and
414 2710 77 75 they
507 2710 53 75 are
577 2710 137 75 concave
738 2710 184 75 internally,
946 2710 52 75 for
1014 2710 165 75 enlarging

150 2757 56 75 the
223 2757 107 75 cavity
353 2757 40 75 of
402 2757 57 75 the
478 2757 86 75 nofe.

197 2803 77 75 The
289 2803 100 75 lower
415 2803 81 75 edge
523 2803 40 75 of
585 2803 87 75 thefe
699 2803 98 75 bones
825 2803 28 75 is
879 2803 150 75 unequal,
1062 2803 63 75 and
1151 2803 27 75 is

151 2848 157 75 ftretched
319 2848 161 75 outwards
498 2848 63 75 and
575 2848 198 75 backwards,
798 2848 35 75 to
852 2848 70 75 join
939 2848 55 75 the
1010 2848 169 75 cartilages

150 2894 41 75 of
202 2894 55 75 the
274 2894 289 75 noftrils.—Their
580 2894 139 75 anterior
744 2894 63 75 fide
830 2894 27 75 is
881 2894 103 75 thick,
1009 2894 168 75 efpecially

152 2939 113 75 above,
290 2939 62 75 and
367 2939 149 75 unequal,
542 2939 70 75 that
628 2939 85 75 their
729 2939 199 75 conjunction
945 2939 34 75 to
991 2939 78 75 each
1082 2939 95 75 other

149 2986 104 75 might
270 2986 38 75 be
325 2986 159 75 ftronger;
509 2986 64 75 and
602 2986 19 75 a
646 2986 91 75 final!
754 2986 93 75 rifing
862 2986 73 75 may
951 2986 40 75 be
1007 2986 184 75 remarked'

2097 131 100 75 Part
2215 131 31 75 I.

1216 205 41 75 on
1275 205 84 75 their
1374 205 89 75 inner
1475 205 92 75 edge,
1593 205 109 75 where
1717 205 81 75 they
1807 205 54 75 are
1873 205 157 75 fuflained
2044 205 45 75 by
2105 205 55 75 the
2176 205 68 75 fep-

1220 252 68 75 tum
1306 252 135 75 narium.
1537 252 104 75 Their
1657 252 153 75 pofterior
1826 252 76 75 fide,
1929 252 33 75 at
1983 252 41 75 its
2050 252 100 75 upper
2166 252 80 75 half,

1221 298 55 75 has
1293 298 181 75 externally
1487 298 18 75 a
1520 298 184 75 depreffion,
1732 298 106 75 where
1854 298 25 75 it
1901 298 26 75 is
1950 298 194 75 overlopped
2161 298 88 75 fome

1223 344 69 75 way
1309 344 43 75 by
1368 344 55 75 the
1439 344 170 75 maxillary
1631 344 111 75 bones,
1768 344 96 75 while
1879 344 41 75 its
1937 344 99 75 lower
2052 344 74 75 half
2137 344 111 75 covers

1221 390 87 75 thefe
1324 390 120 75 bones:
1477 390 52 75 By
1552 390 107 75 which
1686 390 215 75 contrivance,
1924 390 77 75 they
2018 390 43 75 do
2084 390 57 75 not
2163 390 88 75 yield

1221 438 93 75 eafily
1330 438 34 75 to
1380 438 137 75 preflure
1534 438 125 75 applied
1676 438 34 75 to
1726 438 84 75 their
1825 438 158 75 fore-part
1999 438 38 75 or
2054 438 94 75 fides.

1269 484 41 75 A-
1321 484 89 75 fmall
1426 484 75 75 hole
1518 484 27 75 is
1562 484 184 75 frequently
1762 484 35 75 to
1813 484 39 75 be
1869 484 153 75 obferved
2032 484 41 75 on
2090 484 86 75 their
2192 484 58 75 ex-

1222 529 102 75 ternal
1352 529 135 75 furface,
1519 529 69 75 into
1611 529 106 75 which
1744 529 78 75 two,
1855 529 104 75 three,
1984 529 37 75 or
2045 529 75 75 four
2145 529 104 75 holes,

1224 575 103 75 which
1346 575 115 75 appear
1484 575 183 75 internally,
1692 575 169 75 terminate
1889 575 52 75 for
1968 575 55 75 the
2045 575 207 75 tranfmiflioij

1224 622 40 75 of
1277 622 91 75 fmali
1391 622 110 75 veins;
1527 622 179 75 fometimes
1730 622 55 75 the
1801 622 90 75 holes
1908 622 42 75 go
1973 622 42 75 no
2030 622 126 75 further
2173 622 79 75 than

1228 669 56 75 the
1301 669 131 75 cancelli
1449 669 40 75 of
1500 669 54 75 the
1571 669 112 75 bones.

1267 715 75 75 The
1358 715 85 75 nafal
1460 715 98 75 bones
1576 715 53 75 are
1645 715 71 75 firm
1730 715 61 75 and
1802 715 94 75 folid,
1914 715 81 75 with
2007 715 78 75 very
2097 715 64 75 few
2173 715 77 75 cells

1222 761 38 75 or
1276 761 132 75 cancelli
1423 761 32 75 in
1472 761 102 75 them.

1269 807 100 75 They
1385 807 53 75 are
1460 807 113 75 joined
1602 807 99 75 above
1729 807 35 75 to
1791 807 55 75 the
1870 807 120 75 frontal
2017 807 95 75 bone,
2137 807 43 75 by
2196 807 57 75 the

1224 854 119 75 middle
1360 854 40 75 of
1410 854 55 75 the
1481 854 173 75 tranfverfe
1669 854 107 75 future
1788 854 178 75 ;—behind
1966 886 14 49 v
2004 854 35 75 to
2063 854 56 75 the
2135 854 117 75 maxil-

1223 900 70 75 lary
1308 900 112 75 bones,
1445 900 44 75 by
1508 900 55 75 the
1579 900 112 75 lateral
1709 900 85 75 nafal
1809 900 122 75 futures
1944 900 176 75 ;—below,
2146 900 35 75 to
2199 900 55 75 the

1225 946 167 75 cartilages
1413 946 41 75 of
1471 946 56 75 the
1543 946 257 75 nofe;—before
1824 946 35 75 to
1879 946 60 75 one
1957 946 146 75 another,
2127 946 44 75 by
2198 946 56 75 the

1224 993 139 75 anterior
1379 993 85 75 nafal
1477 993 106 75 future
1595 993 244 75 ;—internally,
1856 993 34 75 to
1906 993 56 75 the
1978 993 122 75 feptum
2116 993 142 75 narium.'

1270 1040 109 75 Thefe
1396 1040 98 75 bones
1509 1040 89 75 ferve
1614 1040 35 75 to
1664 1040 96 75 cover
1776 1040 62 75 and
1853 1040 119 75 defend
1986 1040 56 75 the
2058 1040 74 75 root
2147 1040 41 75 of
2198 1040 56 75 the

1225 1087 86 75 nofe.

1274 1133 104 75 Ossa
1397 1133 172 75 Unguis,
1588 1133 37 75 or
1638 1133 280 75 Lacrymalia,
1937 1133 53 75 are
2004 1133 35 75 fo
2055 1133 126 75 named,
2198 1133 55 75 be-

1224 1179 91 75 caufe
1341 1179 85 75 their
1448 1179 100 75 figure
1576 1179 63 75 and
1662 1179 182 75 magnitude
1861 1179 54 75 are
1930 1179 180 75 fomething
2125 1179 78 75 near
2218 1179 36 75 to

1225 1225 89 75 thofe
1331 1225 40 75 of
1381 1225 19 75 a
1415 1225 63 75 nail
1495 1225 41 75 of
1547 1225 87 75 one’s
1652 1225 135 75 fingure,
1805 1225 63 75 and
1878 1225 131 75 becaufe
2021 1225 55 75 the
2088 1225 84 75 tears
2185 1225 68 75 pafs

1225 1271 83 75 upon
1329 1271 87 75 them
1440 1271 68 75 into
1525 1271 55 75 the
1597 1271 85 75 nofe.

1271 1317 105 75 Their
1391 1317 146 75 external
1552 1317 123 75 furface
1687 1317 27 75 is
1727 1317 165 75 compofed
1907 1317 39 75 of
1958 1317 65 75 two
2034 1317 126 75 fmooth
2178 1317 76 75 con-

1226 1364 128 75 cavities
1372 1364 63 75 and
1458 1364 18 75 a
1499 1364 66 75 mid
1586 1364 31 75 1?
1634 1364 102 75 ridge.
1833 1364 76 75 The
1936 1364 172 75 depreffion
2135 1364 122 75 behind

1225 1411 99 75 forms
1342 1411 18 75 a
1375 1411 90 75 fmall
1481 1411 88 75 fhare
1586 1411 40 75 of
1636 1411 56 75 the
1709 1411 85 75 orbit
1810 1411 52 75 for
1876 1411 56 75 the
1949 1411 140 75 eye-ball
2111 1411 36 75 to
2162 1411 94 75 move

1225 1458 53 75 on,
1304 1458 62 75 and
1381 1458 56 75 the
1457 1458 60 75 one
1532 1458 111 75 before
1659 1458 27 75 is
1704 1458 19 75 a
1738 1458 80 75 deep
1834 1458 241 75 perpendicular
2090 1458 103 75 canal,
2218 1458 39 75 or

1224 1504 89 75 fofla,
1339 1504 106 75 larger
1460 1504 100 75 above
1576 1504 76 75 than
1669 1504 116 75 below,
1811 1504 182 75 containing
2008 1504 70 75 part
2090 1504 41 75 of
2138 1504 54 75 the
2207 1504 48 75 la-

1224 1551 120 75 crymal
1360 1551 51 75 fac
1427 1551 62 75 and
1504 1551 86 75 duCl.
1638 1551 85 75 This
1740 1551 26 75 is
1784 1551 55 75 the
1856 1551 70 75 part
1950 1551 70 75 that
2046 1551 102 75 ought
2163 1551 36 75 to
2216 1551 40 75 be

1225 1597 128 75 pierced
1376 1597 33 75 in
1435 1597 56 75 the
1514 1597 90 75 great
1620 1597 164 75 operation
1805 1597 52 75 for
1873 1597 56 75 the
1945 1597 101 75 fiftula
2060 1597 194 75 lacrymalis.

1225 1644 132 75 —This
1373 1644 79 75 fofla
1479 1644 39 75 of
1541 1644 55 75 the
1618 1644 83 75 bone
1717 1644 26 75 is
1761 1644 197 75 cribriform,
1983 1644 38 75 or
2040 1644 56 75 has
2125 1644 18 75 a
2166 1644 91 75 great

1224 1690 133 75 number
1379 1690 42 75 of
1441 1690 91 75 fmall
1555 1690 90 75 holes
1674 1690 141 75 through
1842 1690 38 75 it,
1916 1690 71 75 that
2017 1690 55 75 the
2098 1690 157 75 filaments

1225 1737 85 75 from
1325 1737 56 75 the
1397 1737 188 75 membrane
1594 1737 106 75 which
1715 1737 80 75 lines
1807 1737 38 75 it,
1861 1737 189 75 infinuating
2066 1737 189 75 themfelves

1226 1783 69 75 into
1312 1783 88 75 thefe
1414 1783 103 75 holes,
1544 1783 102 75 might
1667 1783 132 75 prevent
1816 1783 19 75 a
1848 1783 177 75 feparation
2042 1783 39 75 of
2088 1783 54 75 the
2155 1783 99 75 mem-

1226 1829 108 75 brane,
1348 1829 63 75 and
1421 1829 109 75 fecure
1543 1829 54 75 the
1611 1829 80 75 bone
1703 1829 31 75 in
1748 1829 41 75 its
1801 1829 124 75 natural
1939 1829 158 75 fituation.
2177 1829 77 75 The

1227 1875 89 75 ridge
1332 1875 145 75 between
1494 1875 88 75 thefe
1599 1875 65 75 two
1681 1875 130 75 cavities
1828 1875 41 75 of
1879 1875 55 75 the
1951 1875 36 75 os
2004 1875 127 75 unguis,
2155 1875 28 75 is
2200 1875 55 75 the

1225 1920 115 75 proper
1356 1920 168 75 boundary
1540 1920 40 75 of
1592 1920 54 75 the
1658 1920 86 75 orbit
1757 1920 32 75 at
1805 1920 42 75 its
1862 1920 137 75 internal
2017 1920 133 75 canthus
2163 1920 9 75 ;
2192 1920 64 75 and

1225 1966 128 75 beyond
1372 1966 272 75 which-furgeons
1659 1966 112 75 fhould
1787 1966 56 75 not
1866 1966 138 75 proceed
2019 1966 185 75 backwards
2221 1966 34 75 in

1224 2012 196 75 performing
1436 2012 180 75 operations
1632 2012 89 75 here.
1812 2012 81 75 The
1903 2012 136 75 internal
2052 2012 36 75 or
2103 2012 153 75 pofterior

1223 2059 122 75 furface
1361 2059 40 75 of
1413 2059 63 75 this
1492 2059 84 75 bone
1592 2059 123 75 confifts
1732 2059 39 75 of
1783 2059 19 75 a
1817 2059 121 75 furrow
1954 2059 31 75 in
2003 2059 55 75 the
2083 2059 120 75 middle
2219 2059 41 75 of

1225 2106 65 75 two
1313 2106 209 75 convexities.

1272 2153 77 75 The
1367 2153 162 75 fubftance
1545 2153 41 75 of
1596 2153 55 75 the
1676 2153 36 75 os
1736 2153 114 75 unguis
1878 2153 28 75 is
1935 2153 33 75 as
1991 2153 70 75 thin
2086 2153 33 75 as
2143 2153 111 75 paper,

1227 2199 63 75 and
1304 2199 79 75 very
1398 2199 112 75 brittle
1524 2199 10 75 ;
1561 2199 106 75 which
1691 2199 26 75 is
1741 2199 55 75 the
1820 2199 108 75 reafon
1944 2199 72 75 that
2040 2199 89 75 thofe
2156 2199 99 75 bones

1228 2246 52 75 are
1297 2246 88 75 often
1404 2246 140 75 wanting
1567 2246 33 75 in
1624 2246 171 75 fkeletons,
1820 2246 63 75 and
1904 2246 82 75 need
2007 2246 85 75 little
2114 2246 90 75 force
2220 2246 36 75 to

1227 2293 104 75 pierce
1347 2293 89 75 them
1452 2293 33 75 in
1504 2293 100 75 living
1619 2293 147 75 fubjects.

1274 2338 90 75 Each
1382 2338 40 75 of
1435 2338 85 75 thefe
1537 2338 99 75 bones
1661 2338 27 75 is
1709 2338 125 75 joined,
1859 2338 113 75 above,
1999 2338 34 75 to
2056 2338 55 75 the
2134 2338 121 75 frontal

1225 2384 94 75 bone,
1344 2384 45 75 by
1405 2384 72 75 part
1499 2384 40 75 of
1550 2384 56 75 the
1621 2384 173 75 tranfverfe
1813 2384 308 75 future;—behind,
2146 2384 36 75 to
2199 2384 56 75 the

1227 2431 35 75 os
1282 2431 128 75 planum
1426 2431 41 75 of
1484 2431 56 75 the
1564 2431 144 75 ethmoid
1734 2431 94 75 bone,
1853 2431 44 75 by
1912 2431 55 75 the
1987 2431 83 75 fame
2085 2431 182 75 future;—.

1226 2477 123 75 before,
1374 2477 62 75 and
1452 2477 116 75 below,
1592 2477 36 75 to
1644 2477 55 75 the
1715 2477 169 75 maxillary
1901 2477 94 75 bone,
2020 2477 42 75 by
2078 2477 56 75 the
2149 2477 121 75 lacry-'

1227 2523 63 75 mal
1306 2523 360 75 future;—internally,
1691 2523 56 75 the
1775 2523 63 75 ofla
1862 2523 113 75 unguis
2002 2523 96 75 cover
2116 2523 85 75 fome
2218 2523 42 75 of

1225 2570 55 75 the
1299 2570 80 75 finus
1396 2570 223 75 ethmoidales.

1274 2616 108 75 Thefe
1405 2616 184 75 unguiform
1608 2616 98 75 bones
1730 2616 145 75 cofnpofe
1891 2616 56 75 the
1964 2616 138 75 anterior
2117 2616 137 75 internal

1228 2662 86 75 parts
1326 2662 40 75 of
1377 2662 54 75 the
1448 2662 113 75 orbits,
1586 2662 95 75 lodge
1698 2662 18 75 a
1731 2662 87 75 fhare
1835 2662 40 75 of
1885 2662 55 75 the
1956 2662 151 75 lacrymal
2123 2662 51 75 fac
2190 2662 65 75 and

1226 2707 85 75 duft,
1337 2707 63 75 and
1416 2707 96 75 cover
1536 2707 55 75 the
1619 2707 154 75 eithmoid
1801 2707 289 75 cells.-——Their
2106 2707 146 75 fituation

1227 2754 62 75 and
1304 2754 113 75 tender
1434 2754 160 75 fubftance
1609 2754 93 75 make
1719 2754 18 75 a
1752 2754 67 75 rafh
1837 2754 149 75 operator
2012 2754 32 75 in
2071 2754 119 75 danger
2217 2754 40 75 of

1226 2801 180 75 deftroying
1423 2801 19 75 a
1457 2801 214 75 confiderable
1688 2801 87 75 fiiare
1791 2801 41 75 of
1843 2801 56 75 the
1915 2801 100 75 organ
2037 2801 40 75 of
2094 2801 155 75 fmelling,

1225 2847 93 75 when
1334 2847 41 75 he
1390 2847 26 75 is
1434 2847 196 75 performing
1646 2847 55 75 the
1711 2847 173 75 -operation
1901 2847 41 75 of
1958 2847 55 75 the
2031 2847 100 75 fiftula
2146 2847 105 75 lacry-

1224 2894 103 75 malis.

1274 2940 98 75 Ossa
1400 2940 205 75 Malarum
1635 2940 54 75 are
1716 2940 55 75 the
1799 2940 178 75 prominent
2003 2940 114 75 fquare
2151 2940 98 75 bones

1225 2986 104 75 which
1346 2986 84 75 form
1446 2986 56 75 the
1519 2986 100 75 cheek
1631 2986 40 75 on
1689 2986 78 75 each
1783 2986 76 75 fide,
1936 2986 134 75 Before,
2087 2986 89 75 their
2183 2986 66 75 fur-
2263 2986 11 75 ‘

2175 3028 75 75 -face

691 138 39 75 A
843 138 43 75 N
1002 138 43 75 A
1160 138 39 75 T
1317 138 39 75 O
1474 138 48 75 M
1638 138 54 75 Y.
