2493 3387
193 202 26 49 4
219 170 58 75 $o

760 170 497 75 ASTRO

241 238 68 75 We
332 238 53 75 are
408 238 145 75 credibly
568 238 161 75 informed
752 238 84 75 from
861 238 56 75 the
940 238 169 75 teftimony
1124 238 40 75 of
1175 238 56 75 the

198 284 153 75 ancients,
376 284 71 75 that
471 284 91 75 there
588 284 64 75 was
675 284 19 75 a
716 284 81 75 total
818 284 115 75 eclipfe
949 284 39 75 of
1008 284 57 75 the
1082 284 56 75 fun
1161 284 72 75 pre-

198 332 105 75 didted
318 332 44 75 by
376 332 125 75 Thales
530 332 35 75 to
593 332 123 75 happen
744 332 33 75 in
802 332 55 75 the
884 332 111 75 fourth
1024 332 75 75 year
1117 332 39 75 of
1179 332 56 75 the

201 378 82 75 48th
311 378 188 75 Olympiad,
524 378 103 75 either
655 378 33 75 at
718 378 111 75 Sardis
856 378 37 75 or
921 378 138 75 Miletus
1086 378 32 75 in
1146 378 88 75 Aha,

200 426 107 75 where
322 426 124 75 Thales
464 426 76 75 then
567 426 133 75 redded.
749 426 92 75 That
866 426 76 75 year
965 426 209 75 correfponds
1201 426 36 75 to

202 470 54 75 the
276 470 103 75 585th
407 470 77 75 year
512 470 110 75 before
639 470 109 75 Chrift
763 470 10 75 ;
812 470 93 75 when
922 470 208 75 accordingly
1146 470 91 75 there

202 518 164 75 happened
379 518 18 75 a
413 518 79 75 very
508 518 96 75 dgnal
621 518 114 75 eclipfe
753 518 40 75 of
802 518 57 75 the
876 518 68 75 fun,
963 518 41 75 on
1028 518 56 75 the
1102 518 82 75 28th
1202 518 41 75 of

201 565 95 75 May,
323 565 174 75 anfwering
513 565 35 75 to
565 565 55 75 the
637 565 126 75 prefent
784 565 77 75 10th
879 565 41 75 of
930 565 72 75 that
1018 565 126 75 month,
1162 565 75 75 cen-

203 612 58 75 tral
280 612 140 75 through
436 612 110 75 North
564 612 164 75 America,
753 612 55 75 the
824 612 94 75 fouth
936 612 85 75 parts
1039 612 40 75 of
1102 612 134 75 France,

202 659 99 75 Italy,
327 659 64 75 fee.
418 659 33 75 as
469 659 50 75 far
536 659 33 75 as
587 659 140 75 Athens,
753 659 37 75 or
807 659 55 75 the
886 659 69 75 ides
981 659 32 75 in
1039 659 56 75 the
1112 659 127 75 Aegean

203 706 51 75 fea
267 706 10 75 ;
304 706 107 75 which
428 706 26 75 is
472 706 56 75 the
546 706 132 75 fartheft
695 706 70 75 that
790 706 80 75 even
887 706 56 75 the
960 706 153 75 Caroline
1137 706 102 75 tables

205 753 91 75 carry
313 753 51 75 it;
392 753 62 75 and
470 753 229 75 confequently
715 753 92 75 make
832 753 25 75 it
882 753 143 75 invifible
1041 753 35 75 to
1092 753 63 75 any
1171 753 71 75 part

203 800 40 75 of
250 800 86 75 Afia^
354 800 31 75 in
399 800 55 75 the
467 800 80 75 total
561 800 161 75 charafter
736 800 11 75 ;
766 800 123 75 though
902 800 92 75 there
1008 800 52 75 are
1073 800 86 75 good
1171 800 72 75 rea-

205 847 70 75 fons
292 847 34 75 to
344 847 122 75 believe
489 847 71 75 that
588 847 26 75 it
640 847 166 75 extended
828 847 36 75 to
891 847 161 75 Babylon,
1078 847 62 75 and
1156 847 87 75 went

205 893 95 75 down
325 893 123 75 central
475 893 78 75 over
576 893 72 75 that
672 893 79 75 city.
800 893 68 75 We
884 893 54 75 are
961 893 57 75 not
1042 893 149 75 however
1208 893 35 75 to

205 938 147 75 imagine,
378 938 72 75 that
477 938 26 75 it
520 938 64 75 was
609 938 47 75 fet
683 938 112 75 before
824 938 26 75 it
877 938 66 75 pad
973 938 110 75 Sardis
1109 938 64 75 and
1188 938 56 75 the

206 987 119 75 Afiatic
342 987 117 75 towns,
486 987 108 75 where
608 987 56 75 the
676 987 160 75 predidlor
852 987 88 75 lived
953 987 11 75 ;
989 987 133 75 becaufe
1139 987 40 75 an
1195 987 48 75 in-

205 1033 108 75 vilible
330 1033 113 75 eclipfe
469 1033 96 75 could
582 1033 81 75 have
688 1033 80 75 been
785 1033 41 75 of
845 1033 42 75 no
912 1033 119 75 fervice
1054 1033 37 75 to
1111 1033 133 75 demon-

207 1080 95 75 ilrate
318 1080 49 75 his
385 1080 111 75 ability
512 1080 33 75 in
570 1080 220 75 aftronomical
815 1080 136 75 fciences
968 1080 36 75 to
1024 1080 50 75 his
1092 1080 152 75 country-

207 1127 85 75 men,
318 1127 34 75 as
368 1127 27 75 it
411 1127 96 75 could
524 1127 71 75 give
611 1127 43 75 no
670 1127 100 75 proof
782 1127 40 75 of
833 1127 41 75 its
893 1127 127 75 reality;

256 1173 65 75 For
338 1173 16 75 a
367 1173 123 75 farther
505 1173 201 75 illudration,
730 1173 214 75 Thucydides
961 1173 128 75 relates,
1116 1173 93 75 That
1227 1173 18 75 a

209 1220 82 75 folar
308 1220 115 75 eclipfe
445 1220 166 75 happened
628 1220 42 75 on
697 1220 18 75 a
743 1220 165 75 fummer’s
936 1220 63 75 day
1016 1220 32 75 in
1073 1220 55 75 the
1145 1220 99 75 after-

208 1267 97 75 noon,
342 1267 31 75 in
402 1267 56 75 the
484 1267 66 75 firft
577 1267 77 75 year
682 1267 40 75 of
744 1267 56 75 the
828 1267 248 75 Peloponnedan
1100 1267 79 75 war,
1212 1267 34 75 fo

209 1314 102 75 great,
337 1314 71 75 that
433 1314 57 75 the
508 1314 76 75 ftars
610 1314 170 75 appeared.
829 1314 151 75 Rhodius
1005 1314 65 75 was
1098 1314 101 75 viftor
1214 1314 33 75 in

209 1361 55 75 the
281 1361 152 75 Olympic
449 1361 107 75 games
573 1361 56 75 the
645 1361 110 75 fourth
773 1361 77 75 year
873 1361 39 75 of
932 1361 54 75 the
1004 1361 66 75 faid
1086 1361 78 75 war,
1191 1361 55 75 be-

208 1407 55 75 ing
281 1407 64 75 alfo
361 1407 55 75 the
435 1407 111 75 fourth
562 1407 39 75 of
612 1407 55 75 the
686 1407 43 75 87
735 1407 34 75 th
786 1407 188 75 Olympiad,
999 1407 41 75 on
1057 1407 56 75 the
1138 1407 107 75 428th

208 1454 76 75 year
301 1454 110 75 before
429 1454 121 75 Chrift.
601 1454 45 75 So
669 1454 70 75 that
763 1454 56 75 the
836 1454 114 75 eclipfe
966 1454 80 75 muft
1069 1454 81 75 have
1167 1454 78 75 hap-

209 1502 103 75 pened
327 1502 33 75 in
377 1502 55 75 the
450 1502 41 75 43
503 1502 41 75 ift
560 1502 77 75 year
652 1502 111 75 before
781 1502 108 75 Chrift
903 1502 11 75 ;
940 1502 62 75 and
1019 1502 43 75 by
1078 1502 167 75 computa-

211 1548 68 75 tion
294 1548 26 75 it
337 1548 144 75 appears,
507 1548 72 75 that
595 1548 41 75 on
653 1548 55 75 the
725 1548 90 75 third
833 1548 41 75 of
890 1548 125 75 Auguft
1038 1548 92 75 there
1145 1548 65 75 was
1228 1548 19 75 a

211 1595 96 75 fignal
324 1595 113 75 eclipfe
459 1595 106 75 which
585 1595 109 75 would
719 1595 81 75 have
823 1595 66 75 part
913 1595 77 75 over
1007 1595 140 75 Athens,
1172 1595 74 75 cen-

212 1642 61 75 tral
290 1642 97 75 about
404 1642 21 75 6
442 1642 33 75 in
490 1642 56 75 the
563 1642 146 75 evening,
734 1642 60 75 but
809 1642 106 75 which
927 1642 60 75 our
1004 1642 125 75 prefent
1144 1642 103 75 tables

210 1688 94 75 bring
319 1688 42 75 no
378 1688 123 75 farther
517 1688 78 75 than
611 1688 56 75 the
692 1688 126 75 ancient
843 1688 113 75 Syrtes
980 1688 41 75 on
1038 1688 56 75 the
1110 1688 136 75 African

211 1735 96 75 coaft,
333 1735 100 75 above
450 1735 69 75 400
536 1735 91 75 miles
643 1735 87 75 from
746 1735 127 75 Athens
889 1735 10 75 ;
926 1735 106 75 which
1049 1735 153 75 differing
1213 1735 33 75 in

211 1782 70 75 that
298 1782 69 75 cafe
382 1782 59 75 but
458 1782 20 75 9
494 1782 111 75 digits,
631 1782 97 75 could
743 1782 44 75 by
803 1782 42 75 no
862 1782 108 75 means
986 1782 125 75 exhibit
1123 1782 55 75 the
1196 1782 50 75 re-

211 1829 163 75 markable
390 1829 150 75 darknefs
568 1829 123 75 recited
717 1829 44 75 by
777 1829 65 75 this
858 1829 151 75 hiftorian
1025 1829 9 75 ;
1066 1829 55 75 the
1138 1829 109 75 centre

211 1876 163 75 therefore
390 1876 98 75 feems
500 1876 35 75 to
551 1876 81 75 have
648 1876 65 75 part
730 1876 127 75 Athens
874 1876 98 75 about
989 1876 21 75 6
1027 1876 33 75 in
1082 1876 56 75 the
1152 1876 94 75 even-

209 1923 69 75 ing,
304 1923 63 75 and
393 1923 158 75 probably
567 1923 104 75 might
698 1923 41 75 go
756 1923 95 75 down
879 1923 98 75 about
997 1923 187 75 Jerufalem,
1209 1923 39 75 or

213 1969 75 75 near
304 1969 38 75 it,
368 1969 151 75 contrary
530 1969 34 75 to
578 1969 55 75 the
644 1969 207 75 conftruiftion
865 1969 39 75 of
916 1969 56 75 the
989 1969 124 75 prefent
1129 1969 116 75 tables.

212 2016 109 75 Thefe
346 2016 107 75 things
479 2016 53 75 are
556 2016 77 75 only
654 2016 151 75 obviated
832 2016 42 75 by
899 2016 72 75 way
992 2016 40 75 of
1052 2016 128 75 caution
1212 2016 36 75 to

215 2063 55 75 the
300 2063 124 75 prefent
457 2063 222 75 aftronomers,
720 2063 32 75 in
781 2063 237 75 re-computing
1058 2063 125 75 ancient
1213 2063 35 75 e-

216 2110 111 75 clipfes
354 2110 10 75 ;
412 2110 62 75 and
498 2110 78 75 they
608 2110 74 75 may
711 2110 147 75 examine
886 2110 55 75 the
978 2110 114 75 eclipfe
1117 2110 40 75 of
1187 2110 63 75 Ni-

218 2156 77 75 cias,
321 2156 34 75 fo
371 2156 78 75 fatal
474 2156 36 75 to
533 2156 57 75 the
613 2156 165 75 Athenian
802 2156 98 75 fleet;
935 2156 71 75 that
1029 2156 105 75 which
1158 2156 93 75 over-

223 2202 103 75 threw
343 2202 55 75 the
413 2202 217 75 Macedonian
648 2202 102 75 army,
775 2202 66 75 &c.

265 2249 36 75 In
319 2249 62 75 any
397 2249 87 75 year,
510 2249 55 75 the
581 2249 134 75 number
731 2249 40 75 of
782 2249 130 75 eclipfes
925 2249 40 75 of
976 2249 80 75 both
1068 2249 183 75 luminaries

217 2296 115 75 cannot
349 2296 39 75 be
403 2296 61 75 lefs
481 2296 77 75 than
571 2296 78 75 two,
675 2296 59 75 nor
749 2296 90 75 more
856 2296 77 75 than
949 2296 93 75 feven
1057 2296 10 75 ;
1094 2296 55 75 the
1172 2296 81 75 moft

217 2344 91 75 ufual
326 2344 134 75 number
476 2344 25 75 is
520 2344 86 75 four,
635 2344 64 75 and
726 2344 26 75 it
779 2344 27 75 is
823 2344 80 75 very
919 2344 71 75 rare
1006 2344 36 75 to
1065 2344 82 75 have
1163 2344 89 75 more

1337 166 43 75 N
1460 166 39 75 O
1580 166 48 75 M
1706 166 54 75 Y.

1279 236 76 75 than
1372 236 60 75 fix.
1481 236 67 75 For
1564 236 57 75 the
1637 236 55 75 fun
1710 236 99 75 pafles
1825 236 45 75 by
1885 236 80 75 both
1983 236 56 75 the
2056 236 99 75 nodes
2173 236 57 75 but
2244 236 81 75 onc^

1282 283 124 75 a-year,
1432 283 103 75 unlefs
1551 283 41 75 he
1611 283 97 75 paffes
1726 283 41 75 by
1785 283 61 75 one
1863 283 40 75 of
1922 283 88 75 them
2029 283 31 75 in
2079 283 55 75 the
2151 283 173 75 beginning

1283 330 40 75 of
1334 330 56 75 the
1407 330 77 75 year
1498 330 10 75 ;
1535 330 63 75 and
1614 330 30 75 if
1668 330 41 75 he
1731 330 91 75 does,
1847 330 41 75 he
1912 330 65 75 will
2007 330 69 75 pafs
2105 330 44 75 by
2167 330 54 75 the
2238 330 84 75 fame

1285 377 83 75 node
1385 377 91 75 again
1493 377 19 75 a
1527 377 84 75 little
1625 377 113 75 before
1754 377 56 75 the
1834 377 77 75 year
1934 377 41 75 be
1992 377 132 75 finilhed
2137 377 11 75 ;
2178 377 145 75 becaufe,

1286 424 32 75 as
1339 424 88 75 thefe
1444 424 106 75 points
1574 424 93 75 move
1688 424 67 75 19^
1769 424 133 75 degrees
1924 424 175 75 backward
2118 424 98 75 every
2232 424 91 75 year,

1286 471 55 75 the
1357 471 56 75 fun
1430 471 66 75 will
1515 471 90 75 come
1630 471 36 75 to
1686 471 103 75 either
1806 471 39 75 of
1866 471 88 75 them
1976 471 63 75 173
2068 471 79 75 days
2169 471 83 75 after
2269 471 57 75 the

1287 517 105 75 other.
1441 517 79 75 And
1535 517 93 75 when
1645 517 104 75 either
1775 517 84 75 node
1886 517 27 75 is
1938 517 113 75 within
2074 517 39 75 17
2139 517 132 75 degrees
2289 517 42 75 of

1287 565 56 75 the
1357 565 57 75 fun
1432 565 33 75 at
1494 565 56 75 the
1574 565 77 75 time
1679 565 41 75 of
1742 565 71 75 new
1836 565 109 75 moon,
1970 565 57 75 the
2055 565 56 75 fun
2141 565 67 75 will
2235 565 40 75 be
2292 565 35 75 e-

1287 611 130 75 clipfed.
1466 611 49 75 At
1540 611 56 75 the
1619 611 203 75 fubfequent-
1838 611 188 75 oppofition,
2060 611 56 75 the
2140 611 97 75 moon
2259 611 68 75 will

1287 658 39 75 be
1342 658 138 75 eclipfed
1495 658 32 75 in
1540 658 56 75 the
1607 658 95 75 other
1714 658 96 75 node,
1835 658 62 75 and
1909 658 90 75 come
2011 658 104 75 round
2127 658 35 75 to
2174 658 55 75 the
2246 658 82 75 next

1289 705 202 75 conjundion
1508 705 92 75 again
1617 705 54 75 ere
1688 705 55 75 the
1760 705 121 75 former
1898 705 83 75 node
1997 705 38 75 be
2052 705 40 75 17
2110 705 133 75 degrees
2260 705 68 75 paft

1290 752 55 75 the
1370 752 69 75 fun,
1465 752 63 75 and
1553 752 67 75 will
1644 752 163 75 therefore
1828 752 113 75 eclipfe
1965 752 67 75 him
2060 752 105 75 again.
2214 752 114 75 When

1290 799 92 75 three
1398 799 130 75 eclipfes
1546 799 57 75 fall
1621 799 98 75 about
1734 799 106 75 either
1852 799 95 75 node,
1973 799 56 75 the
2040 799 216 75 like-numbef
2272 799 56 75 ge-

1291 846 122 75 nerally
1428 846 74 75 falls
1521 846 105 75 about
1650 846 56 75 the
1726 846 141 75 oppofite
1882 846 10 75 ;
1919 846 34 75 as
1976 846 56 75 the
2051 846 56 75 fun
2124 846 110 75 comes
2251 846 34 75 to
2301 846 29 75 it

1291 891 32 75 in
1344 891 62 75 173
1427 891 79 75 days
1534 891 198 75 afterward;
1770 891 64 75 and
1860 891 49 75 fix
1934 891 161 75 lunations
2124 891 128 75 contain
2270 891 60 75 but

1293 938 73 75 four
1393 938 77 75 days
1488 938 101 75 more.
1637 938 109 75 Thus,
1772 938 90 75 there
1890 938 73 75 may
1980 938 40 75 be
2048 938 66 75 two
2137 938 130 75 eclipfes
2292 938 42 75 of

1293 986 54 75 the
1364 986 68 75 fun,
1451 986 63 75 and
1530 986 61 75 one
1607 986 40 75 of
1665 986 56 75 the
1737 986 107 75 moon,
1864 986 98 75 about
1976 986 80 75 each
2079 986 41 75 of
2138 986 59 75 her
2214 986 114 75 nodes.

1292 1031 67 75 But
1378 1031 94 75 when
1489 1031 56 75 the
1562 1031 96 75 moon
1679 1031 138 75 changes
1833 1031 32 75 in
1889 1031 103 75 either
2008 1031 40 75 of
2066 1031 56 75 the
2138 1031 113 75 nodes,
2276 1031 53 75 {he

1295 1079 115 75 cannot
1426 1079 40 75 be
1483 1079 76 75 near
1574 1079 127 75 enough
1717 1079 57 75 the
1790 1079 94 75 other
1901 1079 82 75 node
2000 1079 32 75 at
2048 1079 56 75 the
2120 1079 80 75 next
2216 1079 60 75 full
2293 1079 37 75 to

1292 1126 40 75 be
1348 1126 138 75 eclipfed
1500 1126 10 75 ;
1537 1126 63 75 and
1615 1126 33 75 in
1669 1126 47 75 fix
1731 1126 93 75 lunar
1840 1126 129 75 months
1994 1126 174 75 afterward
2193 1126 52 75 Ihe
2262 1126 68 75 will

1293 1173 120 75 change
1429 1173 76 75 near
1522 1173 56 75 the
1594 1173 95 75 other
1705 1173 84 75 node
1804 1173 9 75 :
1845 1173 33 75 in
1895 1173 88 75 thefe
2003 1173 85 75 cafes
2106 1173 91 75 there
2214 1173 57 75 can
2288 1173 43 75 be

1294 1218 57 75 but
1368 1218 66 75 two
1450 1218 130 75 eclipfes
1597 1218 32 75 in
1647 1218 19 75 a
1680 1218 89 75 year,
1794 1218 63 75 and
1874 1218 78 75 they
1968 1218 53 75 are
2038 1218 79 75 both
2135 1218 40 75 of
2186 1218 56 75 the
2258 1218 71 75 fun.

1339 1266 33 75 A
1389 1266 113 75 longer
1518 1266 112 75 period
1646 1266 77 75 than
1751 1266 56 75 the
1832 1266 102 75 above
1950 1266 197 75 mentioned,
2172 1266 53 75 for
2241 1266 90 75 com-

1293 1312 111 75 paring
1421 1312 63 75 and
1503 1312 185 75 examining
1703 1312 130 75 eclipfes
1859 1312 106 75 which
1989 1312 125 75 happen
2130 1312 33 75 at
2187 1312 77 75 long
2280 1312 51 75 in-

1294 1360 116 75 tervals
1422 1360 40 75 of
1474 1360 89 75 time,
1588 1360 28 75 is
1633 1360 68 75 557
1718 1360 106 75 years,
1845 1360 41 75 21
1905 1360 92 75 days,
2020 1360 38 75 18
2077 1360 111 75 hours,
2209 1360 43 75 30
2270 1360 61 75 mi-

1294 1406 105 75 nutes,
1423 1406 36 75 11
1480 1406 132 75 feconds
1627 1406 11 75 ;
1674 1406 32 75 in
1725 1406 105 75 which
1850 1406 78 75 time
1950 1406 92 75 there
2060 1406 52 75 are
2130 1406 93 75 6890
2240 1406 93 75 mean

1294 1454 158 75 lunations
1468 1454 10 75 ;
1505 1454 64 75 and
1584 1454 57 75 the
1656 1454 57 75 fun
1730 1454 162 75 ancLnode
1908 1454 85 75 meet
2010 1454 92 75 again
2118 1454 35 75 fo
2169 1454 109 75 nearly
2295 1454 35 75 as

1295 1499 35 75 to
1347 1499 39 75 be
1402 1499 58 75 but
1482 1499 37 75 11
1540 1499 132 75 feconds
1685 1499 141 75 diftant;
1852 1499 57 75 but
1926 1499 78 75 then
2020 1499 26 75 it
2062 1499 26 75 is
2101 1499 57 75 not
2174 1499 55 75 the
2245 1499 85 75 fame

1295 1546 113 75 eclipfe
1426 1546 71 75 that
1513 1546 139 75 returns,
1682 1546 34 75 as
1733 1546 30 75 in
1782 1546 56 75 the
1854 1546 125 75 ftiorter
1994 1546 113 75 period
2124 1546 101 75 above
2242 1546 88 75 men-

1295 1593 122 75 tioned.

1295 1719 35 75 A
1376 1719 84 75 Lift
1502 1719 46 75 of
1582 1719 182 75 EdipfcS)
1810 1719 85 75 and
1931 1719 198 75 hiftorical
2169 1719 164 75 Events,

1353 1775 134 75 which
1508 1775 201 75 happened
1726 1775 115 75 about
1861 1775 67 75 the
1936 1775 114 75 fame
2076 1775 122 75 times,
2225 1775 109 75 from

1352 1833 281 75 Ricciolus.

1341 1921 120 75 Before
1478 1921 172 75 Christ.

1437 1975 79 75 July

1325 2250 63 75 721
1441 2248 119 75 March

1736 1965 79 75 But,
1840 1965 172 75 according
2030 1965 37 75 to
2087 1965 38 75 an
2148 1965 55 75 old
2223 1965 111 75 kalen-

1689 2012 70 75 dar,
1785 2012 65 75 this
1867 2012 113 75 eclipfe
1997 2012 41 75 of
2057 2012 54 75 the
2135 2012 56 75 fun
2209 2012 64 75 was
2290 2012 44 75 on

1692 2059 54 75 the
1761 2059 70 75 21ft
1844 2059 40 75 of
1895 2059 109 75 April,
2029 2059 43 75 on
2084 2059 104 75 which
2202 2059 63 75 day
2277 2059 58 75 the

1696 2106 204 75 foundations
1914 2106 41 75 of
1968 2106 105 75 Rome
2089 2106 84 75 were
2188 2106 66 75 laid
2268 2106 10 75 ;
2308 2106 33 75 if

1695 2156 48 75 tye
1780 2156 74 75 may
1890 2156 123 75 believe
2043 2156 180 75 Taruntius
2262 2156 73 75 Fir-

1695 2200 124 75 manus.

1740 2248 33 75 A
1786 2248 81 75 total
1879 2248 114 75 eclipfe
2005 2248 41 75 of
2056 2248 55 75 the
2124 2248 109 75 moon.
2257 2248 79 75 The

1695 2294 62 75 Afi'
1757 2294 85 75 yrian
1854 2294 119 75 empire
1986 2294 33 75 at
2031 2294 40 75 an
2087 2294 63 75 end
2163 2294 11 75 ;
2199 2294 57 75 the
2268 2294 67 75 Ba-

1694 2340 151 75 bylonian
1861 2340 196 75 eftablifhed.

219 2491 54 75 not
289 2491 75 75 over
380 2491 106 75 before
502 2491 53 75 the
578 2491 89 75 moon
681 2491 78 75 fet:
786 2491 81 75 But,
894 2491 34 75 by
946 2491 76 75 mojl
1037 2491 42 75 of
1086 2491 60 75 our
1162 2491 229 75 aftronomical
1404 2491 114 75 tables,
1545 2491 52 75 the
1624 2491 88 75 moon
1728 2491 72 75 ivas
1816 2491 55 75 fet
1894 2491 37 75 at
1950 2491 142 75 Babylon
2108 2491 84 75 half
2195 2491 45 75 an
2256 2491 81 75 hoar

218 2539 107 75 before
343 2539 53 75 the
413 2539 111 75 eclipfe
542 2539 100 75 began
655 2539 10 75 ;
691 2539 35 75 in
746 2539 108 75 •which
871 2539 82 75 cafe,
971 2539 90 75 there
1077 2539 96 75 could
1186 2539 82 75 have
1284 2539 75 75 been
1376 2539 38 75 no
1427 2539 164 75 pojjibility
1610 2539 42 75 of
1660 2539 165 75 obferving
1840 2539 41 75 it.
1932 2539 66 75 The
2006 2539 120 75 fecond
2140 2539 114 75 eclipfe
2263 2539 74 75 was

223 2583 148 75 ohferved
384 2583 37 75 at
446 2583 220 75 Alexandria,
694 2583 139 75 Septem.
854 2583 79 75 22d,
960 2583 52 75 the
1021 2583 83 75 year
1126 2583 108 75 before
1249 2583 109 75 Chrift
1376 2583 87 75 201;
1505 2583 111 75 where
1637 2583 54 75 the
1716 2583 89 75 moon
1829 2583 66 75 rofe
1911 2583 40 75 fo
1974 2583 93 75 much
2091 2583 145 75 eclipfed,
2262 2583 75 75 that

221 2632 54 75 the
291 2632 108 75 eclipft
418 2632 82 75 muft
517 2632 80 75 have
613 2632 100 75 begun
736 2632 96 75 about
849 2632 83 75 half
946 2632 44 75 an
1013 2632 80 75 hour
1116 2632 107 75 before
1230 2632 62 75 fhe
1310 2632 87 75 rofe:
1422 2632 163 75 Whereas,
1612 2632 34 75 by
1672 2632 76 75 meft
1765 2632 43 75 of
1820 2632 59 75 our
1896 2632 113 75 tables,
2032 2632 53 75 the
2108 2632 173 75 beginning
2303 2632 43 75 of

223 2678 65 75 this
303 2678 112 75 eclipfe
430 2678 72 75 was
514 2678 55 75 not
582 2678 57 75 till
653 2678 96 75 about
771 2678 40 75 10
829 2678 140 75 minutes
991 2678 93 75 after
1100 2678 52 75 the
1176 2678 88 75 moon
1289 2678 67 75 rofe
1372 2678 36 75 at
1426 2678 219 75 Alexandria.
1697 2678 83 75 Had
1800 2678 82 75 thefe
1898 2678 127 75 eclipfes
2042 2678 100 75 begun
2157 2678 69 75 and
2236 2678 105 75 ended

223 2725 100 75 while
340 2725 53 75 the
398 2725 68 75 fun
482 2725 72 75 was
577 2725 101 75 below
695 2725 53 75 the
764 2725 146 75 horizon,
936 2725 52 75 we
1011 2725 103 75 might
1130 2725 81 75 have
1225 2725 178 75 imagined,
1428 2725 76 75 that
1521 2725 38 75 as
1575 2725 54 75 the
1644 2725 151 75 ancients
1819 2725 67 75 had
1905 2725 39 75 no
1969 2725 127 75 certain
2111 2725 72 75 way
2200 2725 43 75 of
2249 2725 87 75 mea-

215 2772 121 75 furing
363 2772 91 75 time,
480 2772 68 75 they
576 2772 104 75 might
708 2772 79 75 have
803 2772 75 75 been
885 2772 40 75 fo
936 2772 65 75 far
1017 2772 153 75 miflaken
1188 2772 35 75 in
1243 2772 53 75 the
1311 2772 108 75 hours,
1445 2772 73 75 that
1533 2772 53 75 we
1602 2772 96 75 could
1722 2772 55 75 not
1804 2772 80 75 have
1911 2772 75 75 laid
2009 2772 60 75 any
2088 2772 101 75 ftrefs
2218 2772 38 75 on
2284 2772 53 75 the

224 2817 134 75 acounts
367 2817 101 75 given
485 2817 34 75 by
536 2817 96 75 them.
683 2817 69 75 But
769 2817 50 75 as,
845 2817 36 75 in
898 2817 53 75 the
957 2817 77 75 firft
1051 2817 123 75 eclipfe,
1200 2817 53 75 the
1276 2817 88 75 moon
1380 2817 73 75 was
1463 2817 68 75 fet,
1555 2817 71 75 and
1644 2817 216 75 confequently
1889 2817 53 75 the
1959 2817 68 75 fun
2056 2817 97 75 rifen,
2178 2817 106 75 before
2306 2817 32 75 it

226 2866 71 75 was
314 2866 96 75 over;
436 2866 70 75 and
520 2866 35 75 in
572 2866 53 75 the
635 2866 119 75 fecond
770 2866 112 75 eclipfe
903 2866 53 75 the
962 2866 68 75 fun
1046 2866 72 75 was
1125 2866 66 75 ft,
1218 2866 69 75 and
1301 2866 53 75 the
1377 2866 88 75 moon
1483 2866 53 75 not
1554 2866 98 75 rifen,
1680 2866 58 75 til!
1745 2866 90 75 fome
1858 2866 78 75 time
1952 2866 91 75 after
2059 2866 27 75 it
2110 2866 99 75 began
2224 2866 9 75 ;
2252 2866 86 75 thefe

226 2912 58 75 are
290 2912 83 75 fuch
393 2912 246 75 circumftances
655 2912 38 75 as
710 2912 53 75 the
777 2912 160 75 obfervers
955 2912 97 75 could
1076 2912 54 75 not
1146 2912 117 75 poffibly
1288 2912 35 75 be
1342 2912 154 75 miftaken
1513 2912 47 75 in.
1611 2912 65 75 Mr
1693 2912 132 75 Struyk,
1843 2912 35 75 in
1897 2912 52 75 the
1954 2912 179 75 following
2155 2912 180 75 catalogue^

226 2956 288 75 notwithftanding
530 2956 52 75 the
599 2956 125 75 exprefs
739 2956 109 75 words
875 2956 43 75 of
936 2956 158 75 Ptolemy,
1114 2956 77 75 puts
1214 2956 95 75 down
1333 2956 84 75 thefe
1438 2956 67 75 two
1528 2956 127 75 eclipfes
1679 2956 38 75 as
1739 2956 150 75 obferved
1908 2956 37 75 at
1970 2956 147 75 Athens;
2142 2956 110 75 where
2267 2956 69 75 they

224 3004 105 75 might
343 3004 80 75 have
440 3004 74 75 been
521 3004 77 75 feen
615 3004 37 75 as
676 3004 108 75 above,
809 3004 140 75 without
965 3004 61 75 any
1043 3004 216 75 acceleration
1276 3004 42 75 of
1333 3004 57 75 the
1406 3004 102 75 moon'
1508 3004 16 75 s
1549 3004 132 75 motion,
1709 3004 124 75 Athens
1864 3004 95 75 being
1983 3004 45 75 20
2057 3004 127 75 degrees
2202 3004 84 75 weft
2303 3004 43 75 of

226 3050 92 75 Baby
321 3050 64 75 lon,
412 3050 69 75 and
496 3050 19 75 7
537 3050 127 75 degrees
688 3050 78 75 weft
790 3050 44 75 of
841 3050 220 75 Alexandria.

2280 3090 56 75 An
