2493 3387
227 186 82 75 476

782 186 497 75 ASTRO

230 250 33 75 at
278 250 58 75 her
352 250 88 75 third
457 250 141 75 quarter.
645 250 40 75 In
702 250 116 75 fpring,
845 250 55 75 the
924 250 209 75 phenomema
1148 250 41 75 of
1203 250 56 75 the

230 297 64 75 sirfl
310 297 131 75 quarter
456 297 119 75 anfwer
591 297 34 75 to
642 297 90 75 thofe
748 297 39 75 of
807 297 56 75 the
885 297 89 75 third
998 297 130 75 quarter
1152 297 33 75 in
1201 297 55 75 au-

233 344 89 75 tumn
337 344 9 75 ;
373 344 63 75 and
451 344 71 75 vice
545 344 105 75 vsrfa.
698 344 77 75 The
799 344 111 75 nearer
935 344 60 75 any
1012 344 78 75 time
1114 344 26 75 is
1160 344 35 75 to
1212 344 45 75 ei-

230 390 74 75 ther
320 390 41 75 of
371 390 87 75 thefe
475 390 135 75 feafons,
635 390 54 75 the
707 390 88 75 more
819 390 55 75 the
890 390 82 75 tides
997 390 131 75 partake
1143 390 41 75 of
1202 390 56 75 the

230 438 198 75 phenomena
443 438 40 75 of
494 438 88 75 thefe
597 438 122 75 feafons
733 438 11 75 ;
770 438 63 75 and
849 438 31 75 in
905 438 55 75 the
978 438 119 75 middle
1113 438 145 75 between

231 482 61 75 any
307 482 66 75 two
388 482 40 75 of
446 482 89 75 them
560 482 56 75 the
644 482 81 75 tides
743 482 54 75 are
821 482 34 75 at
871 482 19 75 a
905 482 92 75 mean
1013 482 78 75 ftate
1115 482 144 75 between

231 530 89 75 thofe
334 530 42 75 of
387 530 92 75 both.

278 575 37 75 In
332 575 80 75 open
422 575 86 75 Teas,
533 575 54 75 the
612 575 83 75 tides
711 575 61 75 rife
792 575 59 75 but
868 575 35 75 to
920 575 80 75 very
1015 575 89 75 fmall
1131 575 128 75 heights

231 622 31 75 in
290 622 187 75 proportion
500 622 37 75 to
555 622 86 75 what
657 622 78 75 they
751 622 43 75 do
821 622 33 75 in
877 622 253 75 wide-mouthed
1147 622 112 75 rivers,

232 669 137 75 opening
385 669 31 75 in
428 669 56 75 the
501 669 152 75 direiftion
671 669 39 75 of
730 669 55 75 the
802 669 111 75 ftream
938 669 40 75 of
996 669 81 75 tide.
1124 669 78 75 For,
1227 669 33 75 in

232 717 148 75 channels
397 717 143 75 growing
556 717 162 75 narrower
732 717 181 75 gradually,
938 717 56 75 the
1005 717 101 75 water
1124 717 26 75 is
1167 717 93 75 accu-

231 763 141 75 mulated
388 763 44 75 by
448 763 55 75 the
520 763 175 75 opposition
711 763 40 75 of
770 763 55 75 the
849 763 196 75 contra<5Hng
1060 763 84 75 bank
1159 763 10 75 ;
1195 763 66 75 like

232 808 18 75 a
274 808 106 75 gentle
396 808 98 75 wind,
520 808 84 75 little
627 808 60 75 felt
712 808 41 75 on
778 808 38 75 an
841 808 81 75 open
950 808 97 75 plain,
1073 808 58 75 but
1154 808 107 75 ftrong

231 855 60 75 and
312 855 84 75 brilk
420 855 31 75 in
469 855 18 75 a
503 855 118 75 ftreet;
646 855 170 75 efpecially
831 855 31 75 if
881 855 56 75 the
953 855 99 75 wider
1068 855 63 75 end
1146 855 41 75 of
1205 855 55 75 the

231 901 93 75 ftreet
341 901 39 75 be
397 901 78 75 next
492 901 55 75 the
563 901 97 75 plain,
690 901 63 75 and
768 901 32 75 in
817 901 54 75 the
889 901 71 75 way
976 901 40 75 of
1027 901 55 75 the
1098 901 98 75 wind.

279 949 74 75 The
371 949 83 75 tides
471 949 53 75 are
541 949 34 75 fo
591 949 149 75 retarded
756 949 32 75 in
806 949 84 75 their
906 949 122 75 paffage
1041 949 140 75 through
1197 949 63 75 dif-

230 995 104 75 ferent
351 995 101 75 flioals
470 995 62 75 and
548 995 163 75 channels,
737 995 63 75 and
816 995 166 75 otherwife
998 995 34 75 fo
1044 995 156 75 varioufly
1212 995 48 75 af-

230 1042 105 75 fected
358 1042 42 75 by
417 1042 129 75 linking
563 1042 118 75 again!!
703 1042 93 75 capes
825 1042 60 75 and
914 1042 187 75 headlands,
1126 1042 72 75 that
1224 1042 35 75 to

230 1088 150 75 different
395 1088 104 75 places
517 1088 78 75 they
614 1088 122 75 happen
754 1088 32 75 at
807 1088 42 75 all
867 1088 155 75 diftances
1038 1088 40 75 of
1089 1088 64 75 the,
1163 1088 98 75 moon

229 1134 83 75 from
330 1134 55 75 the
401 1134 154 75 meridian
570 1134 11 75 ;
607 1134 229 75 confequently
853 1134 32 75 at
900 1134 42 75 all
958 1134 98 75 hours
1078 1134 40 75 of
1140 1134 54 75 the
1210 1134 49 75 lu-

229 1180 56 75 nar
298 1180 74 75 day.
420 1180 77 75 The
516 1180 66 75 tide
600 1180 193 75 propagated
810 1180 43 75 by
864 1180 55 75 the
935 1180 96 75 moon
1048 1180 32 75 in
1101 1180 55 75 the
1173 1180 87 75 Ger-

230 1226 73 75 man
320 1226 111 75 ocean,
456 1226 92 75 when
565 1226 52 75 the
640 1226 26 75 is
687 1226 91 75 three
806 1226 98 75 hours
927 1226 67 75 pal!
1021 1226 55 75 the
1092 1226 167 75 meridian,

229 1274 90 75 takes
341 1274 39 75 12
397 1274 97 75 hours
512 1274 34 75 to
558 1274 91 75 come
665 1274 83 75 from
765 1274 114 75 thence
895 1274 35 75 to
955 1274 277 75 London-^Bridge
1244 1274 12 75 *

230 1320 107 75 where
363 1320 27 75 it
407 1320 117 75 arrives
540 1320 44 75 by
595 1320 56 75 the
667 1320 77 75 time
760 1320 71 75 that
851 1320 19 75 a
887 1320 69 75 new
970 1320 67 75 tide
1063 1320 28 75 is
1108 1320 102 75 raifed
1226 1320 34 75 in

229 1367 57 75 the
302 1367 110 75 ocean.
461 1367 78 75 And
556 1367 161 75 therefore
734 1367 92 75 when
837 1367 56 75 the
909 1367 94 75 moon
1015 1367 58 75 has
1091 1367 96 75 north
1203 1367 56 75 de-

229 1413 165 75 clination,
420 1413 62 75 and
497 1413 49 75 we
557 1413 112 75 Ihould
684 1413 111 75 expeCl
809 1413 54 75 the
879 1413 67 75 tide
962 1413 33 75 at
1012 1413 140 75 London
1168 1413 35 75 to
1219 1413 41 75 be

229 1460 136 75 greatel!
380 1460 93 75 when
497 1460 57 75 the
579 1460 93 75 moon
701 1460 26 75 is
756 1460 101 75 above
875 1460 54 75 the
954 1460 149 75 horizon,
1128 1460 49 75 we
1193 1460 67 75 find

229 1505 26 75 it
271 1505 27 75 is
315 1505 98 75 leal!;
449 1505 63 75 and
533 1505 55 75 the
612 1505 151 75 contrary
787 1505 92 75 when
903 1505 53 75 fhe
972 1505 56 75 has
1046 1505 91 75 fouth
1158 1505 100 75 decli-

228 1553 124 75 nation.
400 1553 49 75 At
465 1553 117 75 feveral
600 1553 104 75 places
721 1553 25 75 it
774 1553 25 75 is
817 1553 77 75 high
918 1553 100 75 water
1045 1553 90 75 three
1158 1553 99 75 hours

229 1600 111 75 before
356 1600 55 75 the
427 1600 95 75 moon
539 1600 107 75 comes
670 1600 36 75 to
730 1600 56 75 the
809 1600 154 75 meridian
977 1600 11 75 ;
1025 1600 57 75 but
1106 1600 70 75 that
1192 1600 66 75 tide

230 1646 105 75 which
353 1646 54 75 the
420 1646 94 75 moon
532 1646 109 75 pulhes
659 1646 33 75 as
709 1646 25 75 it
751 1646 83 75 were
850 1646 111 75 before
976 1646 70 75 her,
1071 1646 27 75 is
1115 1646 76 75 only
1202 1646 56 75 the

229 1693 67 75 tide
319 1693 138 75 oppofite
474 1693 35 75 to
525 1693 71 75 that
612 1693 104 75 which
739 1693 65 75 was
828 1693 101 75 raifed
955 1693 43 75 by
1014 1693 58 75 her
1095 1693 92 75 when
1206 1693 52 75 Ihe

229 1738 65 75 was
311 1738 73 75 nine
399 1738 98 75 hours
514 1738 65 75 pall
595 1738 55 75 the
667 1738 141 75 oppofite
825 1738 166 75 meridian.

276 1785 112 75 There
404 1785 53 75 are
472 1785 42 75 no
526 1785 82 75 tides
620 1785 33 75 in
669 1785 100 75 lakes,
794 1785 131 75 becaufe
937 1785 77 75 they
1026 1785 53 75 are
1094 1785 165 75 generally

229 1831 35 75 fo
280 1831 102 75 fmall,
408 1831 70 75 that
494 1831 92 75 when
613 1831 56 75 the
685 1831 96 75 moon
808 1831 25 75 is
851 1831 131 75 vertical
1002 1831 53 75 Ihe
1078 1831 129 75 attraCls
1224 1831 34 75 e-

229 1877 97 75 every
342 1877 71 75 part
440 1877 40 75 of
501 1877 88 75 them
616 1877 98 75 alike,
738 1877 62 75 and
826 1877 174 75 therefore,
1026 1877 44 75 by
1088 1877 170 75 rendering

230 1924 43 75 all
300 1924 55 75 the
371 1924 99 75 water
488 1924 130 75 equally
633 1924 94 75 light,
752 1924 42 75 no
810 1924 71 75 part
898 1924 39 75 of
959 1924 26 75 it
1007 1924 57 75 can
1091 1924 40 75 be
1156 1924 102 75 raifed

230 1970 112 75 higher
367 1970 76 75 than
468 1970 147 75 another.
672 1970 76 75 The
774 1970 262 75 Mediterranean
1061 1970 62 75 and
1151 1970 107 75 Baltic

228 2016 68 75 feas
321 2016 97 75 fuffer
442 2016 78 75 very
536 2016 89 75 fmall
647 2016 188 75 elevations,
861 2016 130 75 becaufe
1015 2016 55 75 the
1095 2016 94 75 inlets
1213 2016 44 75 by

228 2063 106 75 which
351 2063 80 75 they
446 2063 230 75 communicate
692 2063 79 75 with
795 2063 57 75 the
867 2063 98 75 ocean
990 2063 54 75 are
1067 2063 35 75 fo
1117 2063 139 75 narrow,

230 2109 71 75 that
317 2109 78 75 they
406 2109 127 75 cannot,
559 2109 31 75 in
604 2109 34 75 fo
654 2109 86 75 Ihort
756 2109 20 75 a
794 2109 90 75 time,
910 2109 121 75 receive
1048 2109 36 75 or
1095 2109 164 75 difcharge

228 2157 127 75 enough
371 2157 35 75 to
423 2157 76 75 raife
512 2157 38 75 or
564 2157 67 75 fink
646 2157 84 75 their
745 2157 138 75 furfaces
899 2157 146 75 fenfibly.

278 2203 61 75 Air
353 2203 96 75 being
472 2203 120 75 lighter
608 2203 77 75 than
705 2203 112 75 water,
850 2203 62 75 and
932 2203 55 75 the
1004 2203 123 75 furface
1143 2203 42 75 of
1203 2203 55 75 the

230 2250 198 75 atmofphere
451 2250 93 75 being
566 2250 111 75 nearer
701 2250 35 75 to
756 2250 55 75 the
828 2250 95 75 moon
950 2250 76 75 than
1054 2250 56 75 the
1136 2250 123 75 furface

230 2294 41 75 of
293 2294 56 75 the
364 2294 63 75 fea,
452 2294 26 75 it
506 2294 116 75 cannot
650 2294 38 75 be
705 2294 143 75 doubted
875 2294 71 75 that
973 2294 56 75 the
1053 2294 94 75 moon
1165 2294 93 75 raifes

228 2342 97 75 much
341 2342 113 75 higher
470 2342 82 75 tides
568 2342 32 75 in
617 2342 54 75 the
684 2342 48 75 air
746 2342 77 75 than
839 2342 32 75 in
883 2342 54 75 the
946 2342 63 75 fea.
1059 2342 78 75 And
1151 2342 105 75 there-

230 2388 70 75 fore
311 2388 96 75 many
422 2388 80 75 have
518 2388 174 75 wondered
707 2388 75 75 why
799 2388 55 75 the
865 2388 147 75 mercury
1023 2388 77 75 does
1116 2388 57 75 not
1190 2388 68 75 fink

229 2434 33 75 in
278 2434 56 75 the
350 2434 180 75 barometer
546 2434 92 75 when
654 2434 55 75 the
725 2434 124 75 moons
867 2434 102 75 adtion
985 2434 40 75 on
1038 2434 55 75 the
1108 2434 149 75 particles

231 2480 41 75 of
283 2480 45 75 air
345 2480 107 75 makes
469 2480 87 75 them
573 2480 119 75 lighter
704 2480 31 75 as
749 2480 50 75 Ihe
816 2480 98 75 palfes
930 2480 77 75 over
1019 2480 55 75 the
1090 2480 166 75 meridian.

228 2527 69 75 But
320 2527 49 75 we
391 2527 81 75 mull
495 2527 154 75 confider,
673 2527 72 75 that
768 2527 33 75 as
826 2527 87 75 thefe
937 2527 149 75 particles
1107 2527 53 75 are
1185 2527 69 75 ren-

231 2574 99 75 dered
345 2574 131 75 lighter,
500 2574 19 75 a
534 2574 127 75 greater
676 2574 133 75 number
824 2574 41 75 of
878 2574 89 75 them
982 2574 28 75 is
1026 2574 232 75 accumulated,

230 2619 83 75 until
330 2619 55 75 the
401 2619 172 75 deficiency
589 2619 40 75 of
639 2619 125 75 gravity
780 2619 39 75 be
835 2619 92 75 made
946 2619 42 75 up
1005 2619 44 75 by
1067 2619 56 75 the
1147 2619 111 75 height

230 2666 42 75 of
283 2666 55 75 the
356 2666 125 75 column
497 2666 10 75 ;
534 2666 62 75 and
618 2666 77 75 then
719 2666 92 75 there
833 2666 28 75 is
886 2666 38 75 an
950 2666 221 75 equilibrium,
1196 2666 63 75 and

232 2713 227 75 confequently
475 2713 39 75 an
536 2713 95 75 equal
650 2713 137 75 prefiure
808 2713 85 75 upon
917 2713 56 75 the
989 2713 147 75 mercury
1151 2713 34 75 as
1202 2713 55 75 be-

232 2760 71 75 fore
317 2760 11 75 ;
354 2760 34 75 fo
404 2760 70 75 that
490 2760 26 75 it
533 2760 115 75 cannot
663 2760 40 75 be
720 2760 134 75 affedted
868 2760 44 75 by
924 2760 55 75 the
995 2760 96 75 aerial
1103 2760 95 75 tides.

233 2860 137 75 Chap.
401 2860 110 75 XVI.
590 2860 65 75 Of
685 2860 165 75 Eclipfes
873 2860 14 75 :
934 2860 118 75 Their
1087 2860 172 75 Number

288 2917 85 75 and
388 2917 170 75 Periods,
616 2917 35 75 A
681 2917 107 75 large
816 2917 206 75 Catalogue
1040 2917 47 75 of
1106 2917 152 75 ancient

290 2973 86 75 and
399 2973 147 75 modern
575 2973 177 75 Eclipfes.

273 3046 137 75 Every
428 3046 107 75 planet
551 3046 63 75 and
628 3046 135 75 fatellite
779 3046 27 75 is
822 3046 198 75 illuminated
1041 3046 44 75 by
1100 3046 56 75 the
1172 3046 56 75 fun
1242 3046 13 75 ;

1339 181 43 75 N
1458 181 42 75 O
1578 181 50 75 M
1723 181 53 75 Y.

1306 253 63 75 and
1385 253 77 75 calls
1480 253 19 75 a
1525 253 126 75 lhadow
1677 253 142 75 towards
1846 253 72 75 that
1945 253 90 75 point
2058 253 41 75 of
2119 253 56 75 the
2198 253 136 75 heavens

1305 299 106 75 which
1427 299 27 75 is
1482 299 140 75 oppofite
1650 299 35 75 to
1707 299 55 75 the
1789 299 68 75 fun.
1906 299 85 75 This
2008 299 127 75 lhadow
2150 299 28 75 is
2201 299 135 75 nothing

1306 345 57 75 but
1380 345 18 75 a
1414 345 157 75 privation
1586 345 40 75 of
1641 345 85 75 light
1742 345 32 75 in
1791 345 55 75 the
1861 345 91 75 fpace
1967 345 58 75 hid
2039 345 85 75 from
2140 345 56 75 the
2218 345 56 75 fun
2291 345 44 75 by

1307 393 55 75 the
1378 393 125 75 opaque
1515 393 85 75 body
1613 393 71 75 that
1700 393 172 75 intercepts
1886 393 50 75 his
1954 393 86 75 rays.

1354 439 110 75 When
1481 439 56 75 the
1553 439 83 75 funs
1652 439 82 75 light
1762 439 26 75 is
1813 439 34 75 fo
1873 439 198 75 intercepted
2093 439 44 75 by
2153 439 55 75 the
2224 439 110 75 moon,

1307 485 71 75 that
1395 485 34 75 to
1446 485 62 75 any
1523 485 89 75 place
1630 485 39 75 of
1680 485 55 75 the
1751 485 91 75 earth
1859 485 54 75 the
1930 485 56 75 fun
2009 485 131 75 appears
2168 485 107 75 partly
2297 485 39 75 or

1307 532 121 75 wholly
1444 532 149 75 covered,
1611 532 40 75 he
1667 532 26 75 is
1709 532 66 75 faid
1791 532 35 75 to
1843 532 138 75 undergo
1991 532 45 75 an
2047 532 112 75 eclipfe
2174 532 4 75 ,
2198 532 137 75 though,

1307 578 150 75 properly
1473 578 161 75 fpeaking,
1651 578 27 75 it
1689 578 26 75 is
1732 578 77 75 only
1825 578 39 75 an
1880 578 114 75 eclipfe
2009 578 40 75 of
2060 578 70 75 that
2146 578 72 75 part
2233 578 40 75 of
2279 578 59 75 the

1308 623 89 75 earth
1431 623 107 75 where
1570 623 56 75 the
1657 623 123 75 moons
1816 623 125 75 lhadow
1976 623 38 75 or
2048 623 174 75 penumbra
2247 623 88 75 falls.

1307 670 111 75 When
1450 670 55 75 the
1537 670 91 75 earth
1655 670 105 75 comes
1792 670 143 75 between
1962 670 56 75 the
2045 670 55 75 fun
2136 670 61 75 and
2225 670 109 75 moon,

1309 716 54 75 the
1381 716 95 75 moon
1492 716 74 75 falls
1582 716 69 75 into
1675 716 55 75 the
1746 716 119 75 earths
1882 716 144 75 lhadow;
2052 716 74 75 and,
2151 716 116 75 having
2293 716 44 75 no

1308 762 83 75 light
1414 762 40 75 of
1471 762 59 75 her
1548 762 86 75 own,
1659 762 52 75 Ihe
1733 762 111 75 fuffers
1862 762 18 75 a
1897 762 64 75 real
1984 762 113 75 eclipfe
2114 762 84 75 from
2215 762 55 75 the
2286 762 49 75 in-

1307 810 175 75 terception
1504 810 41 75 of
1567 810 55 75 the
1645 810 84 75 funs
1751 810 86 75 rays.
1884 810 113 75 When
2014 810 54 75 the
2084 810 56 75 fun
2156 810 27 75 is
2200 810 138 75 eclipfed

1307 855 34 75 to
1361 855 50 75 us,
1428 855 56 75 the
1499 855 124 75 moons
1637 855 208 75 inhabitants,
1862 855 41 75 on
1921 855 55 75 the
1991 855 62 75 fide
2067 855 78 75 next
2161 855 55 75 the
2232 855 104 75 earth,

1307 902 50 75 fee
1376 902 59 75 her
1446 902 126 75 lhadow
1589 902 65 75 like
1671 902 19 75 a
1704 902 81 75 dark
1801 902 70 75 fpot
1887 902 169 75 travelling
2072 902 77 75 over
2164 902 56 75 the
2232 902 104 75 earth,

1307 949 98 75 about
1416 949 94 75 twice
1526 949 34 75 as
1576 949 60 75 fall
1652 949 33 75 as
1701 949 43 75 its
1761 949 185 75 equatoreal
1963 949 86 75 parts
2066 949 106 75 move,
2197 949 62 75 and
2281 949 58 75 the

1306 995 83 75 fame
1405 995 72 75 way
1500 995 33 75 as
1550 995 79 75 they
1645 995 104 75 move.
1799 995 111 75 When
1937 995 55 75 the
2015 995 97 75 moon
2132 995 26 75 is
2181 995 34 75 in
2239 995 39 75 an
2303 995 18 75 e

1307 1041 107 75 clipfe,
1440 1041 57 75 the
1515 1041 57 75 fun
1588 1041 131 75 appears
1741 1041 137 75 eclipfed
1893 1041 35 75 to
1944 1041 69 75 her,
2039 1041 81 75 total
2136 1041 35 75 to
2188 1041 42 75 all
2247 1041 90 75 thofe

1307 1087 87 75 parts
1411 1087 43 75 on
1469 1087 105 75 which
1593 1087 54 75 the
1664 1087 120 75 earths
1800 1087 128 75 lhadow
1944 1087 87 75 falls,
2057 1087 63 75 and
2146 1087 40 75 of
2203 1087 33 75 as
2260 1087 77 75 long

1307 1134 207 75 continuance
1534 1134 33 75 as
1584 1134 79 75 they
1679 1134 53 75 are
1748 1134 33 75 in
1797 1134 55 75 the
1867 1134 140 75 lhadow.

1355 1180 91 75 That
1469 1180 56 75 the
1541 1180 88 75 earth
1658 1180 27 75 is
1715 1180 153 75 fpherical
1887 1180 67 75 (for
1976 1180 56 75 the
2048 1180 74 75 hills
2139 1180 73 75 take
2229 1180 52 75 off
2295 1180 43 75 no

1307 1227 87 75 more
1411 1227 86 75 from
1519 1227 55 75 the
1593 1227 171 75 roundnefs
1793 1227 41 75 of
1859 1227 56 75 the
1936 1227 104 75 earth,
2066 1227 76 75 than
2170 1227 105 75 grains
2302 1227 41 75 of

1308 1271 69 75 dull
1392 1271 43 75 do
1451 1271 85 75 from
1553 1271 55 75 the
1624 1271 172 75 roundnefs
1825 1271 40 75 of
1882 1271 18 75 a
1919 1271 146 75 common
2090 1271 112 75 globe)
2228 1271 26 75 is
2271 1271 65 75 evi-

1308 1318 77 75 dent
1403 1318 84 75 from
1503 1318 55 75 the
1579 1318 99 75 figure
1699 1318 40 75 of
1757 1318 41 75 its
1816 1318 126 75 lhadow
1957 1318 42 75 on
2017 1318 55 75 the
2088 1318 115 75 moon;
2230 1318 106 75 which

1306 1364 26 75 is
1349 1364 117 75 always
1483 1364 149 75 bounded
1647 1364 43 75 by
1710 1364 17 75 a
1743 1364 134 75 circular
1901 1364 76 75 line,
2003 1364 154 75 although
2173 1364 55 75 the
2245 1364 92 75 earth

1306 1411 26 75 is
1350 1411 185 75 inceflantly
1550 1411 129 75 turning
1695 1411 41 75 its
1753 1411 151 75 different
1916 1411 79 75 fides
2011 1411 35 75 to
2069 1411 55 75 the
2141 1411 108 75 moon,
2275 1411 64 75 and

1306 1457 78 75 very
1399 1457 121 75 feldom
1537 1457 98 75 Ihews
1652 1457 54 75 the
1722 1457 84 75 fame
1822 1457 62 75 fide
1900 1457 36 75 to
1951 1457 58 75 her
2025 1457 32 75 in
2074 1457 149 75 different
2238 1457 98 75 eclip-

1307 1504 60 75 fes,
1401 1504 130 75 becaufe
1564 1504 79 75 they
1669 1504 121 75 feldom
1816 1504 125 75 happen
1969 1504 33 75 at
2029 1504 55 75 the
2108 1504 83 75 fame
2223 1504 113 75 hours.

1306 1551 103 75 Were
1426 1551 55 75 the
1495 1551 90 75 earth
1603 1551 115 75 fhaped
1733 1551 64 75 like
1813 1551 19 75 a
1851 1551 104 75 round
1970 1551 55 75 flat
2041 1551 98 75 plate,
2156 1551 41 75 its
2209 1551 129 75 lhadow

1307 1598 108 75 would
1437 1598 77 75 only
1530 1598 40 75 be
1586 1598 136 75 circular
1737 1598 93 75 when
1847 1598 103 75 either
1977 1598 40 75 of
2037 1598 42 75 its
2097 1598 78 75 fides
2202 1598 136 75 direftly

1306 1644 93 75 faced
1416 1644 55 75 the
1487 1644 115 75 moon;
1628 1644 62 75 and
1706 1644 89 75 more
1810 1644 39 75 or
1867 1644 59 75 lefs
1946 1644 153 75 elliptical
2115 1644 34 75 as
2165 1644 57 75 the
2243 1644 92 75 earth

1304 1691 166 75 happened
1486 1691 35 75 to
1532 1691 41 75 be
1585 1691 115 75 turned
1716 1691 89 75 more
1821 1691 37 75 or
1873 1691 58 75 lefs
1949 1691 163 75 obliquely
2128 1691 140 75 towards
2279 1691 57 75 tbs

1305 1737 95 75 moon
1417 1737 91 75 when
1526 1737 52 75 Ihe
1589 1737 26 75 is
1632 1737 145 75 eclipfed.
1827 1737 77 75 The
1921 1737 122 75 moons
2060 1737 149 75 different
2225 1737 111 75 phafes

1306 1783 96 75 prove
1429 1783 59 75 her
1512 1783 35 75 to
1571 1783 40 75 be
1636 1783 123 75 round;
1784 1783 66 75 for,
1875 1783 34 75 as
1925 1783 52 75 Ihe
1992 1783 96 75 keeps
2106 1783 59 75 Hill
2182 1783 55 75 the
2252 1783 85 75 fame

1303 1829 62 75 fide
1382 1829 139 75 towards
1534 1829 55 75 the
1601 1829 103 75 earth,
1722 1829 31 75 if
1764 1829 70 75 that
1851 1829 63 75 fide
1926 1829 83 75 were
2026 1829 67 75 flat,
2111 1829 33 75 as
2161 1829 26 75 it
2204 1829 132 75 appears

1304 1876 36 75 to
1355 1876 51 75 be,
1431 1876 54 75 Ihe
1505 1876 107 75 would
1637 1876 96 75 never
1746 1876 41 75 be
1803 1876 108 75 vifible
1927 1876 83 75 from
2027 1876 56 75 the
2099 1876 89 75 third
2204 1876 132 75 quarter

1303 1923 35 75 to
1362 1923 55 75 the
1440 1923 88 75 firfl;
1555 1923 62 75 and
1633 1923 85 75 from
1732 1923 57 75 the
1805 1923 64 75 firli
1887 1923 130 75 quarter
2032 1923 36 75 to
2088 1923 55 75 the
2160 1923 99 75 third,
2283 1923 53 75 Ihe

1303 1968 109 75 would
1427 1968 116 75 appear
1559 1968 33 75 as
1610 1968 104 75 round
1736 1968 34 75 as
1786 1968 93 75 when
1904 1968 48 75 we
1968 1968 55 75 fay
2035 1968 62 75 Jhe
2112 1968 30 75 is
2154 1968 97 75 full;
2278 1968 56 75 be-

1306 2015 101 75 caufe,
1434 2015 32 75 at
1494 2015 56 75 the
1579 2015 61 75 end
1667 2015 41 75 of
1730 2015 59 75 her
1808 2015 64 75 firll
1896 2015 144 75 quarter,
2073 2015 56 75 the
2152 2015 83 75 funs
2252 2015 84 75 light

1304 2061 107 75 would
1429 2061 90 75 come
1543 2061 33 75 as
1593 2061 156 75 fuddenly
1764 2061 42 75 on
1822 2061 43 75 all
1881 2061 60 75 her
1955 2061 63 75 fide
2045 2061 80 75 next
2147 2061 56 75 the
2228 2061 104 75 earth,

1303 2109 33 75 as
1357 2109 26 75 it
1398 2109 78 75 does
1493 2109 41 75 on
1553 2109 16 75 a
1585 2109 56 75 flat
1657 2109 87 75 wall,
1769 2109 62 75 and
1854 2109 43 75 go
1925 2109 50 75 off
1991 2109 33 75 as
2049 2109 149 75 abruptly
2220 2109 32 75 at
2277 2109 56 75 the

1305 2155 61 75 end
1382 2155 40 75 of
1432 2155 58 75 her
1506 2155 88 75 third
1610 2155 143 75 quarter.

1351 2201 37 75 If
1399 2201 55 75 the
1470 2201 90 75 earth
1589 2201 62 75 and
1666 2201 55 75 fun
1738 2201 83 75 were
1848 2201 131 75 equally
2004 2201 101 75 large,
2129 2201 56 75 the
2212 2201 121 75 earths

1304 2249 127 75 lhadow
1448 2249 109 75 would
1572 2249 40 75 be
1632 2249 156 75 infinitely
1804 2249 173 75 extended/
1995 2249 62 75 and
2075 2249 42 75 all
2133 2249 41 75 of
2180 2249 54 75 the
2250 2249 86 75 fame

1304 2295 77 75 bulk
1396 2295 10 75 ;
1432 2295 64 75 and
1511 2295 56 75 the
1583 2295 106 75 planet
1706 2295 106 75 Mars,
1836 2295 32 75 in
1892 2295 102 75 either
2021 2295 42 75 of
2079 2295 42 75 its
2149 2295 100 75 nodes
2271 2295 64 75 and

1303 2341 138 75 oppofite
1452 2341 35 75 to
1494 2341 55 75 the
1560 2341 69 75 fun,
1639 2341 109 75 would
1759 2341 40 75 be
1810 2341 135 75 eclipfed
1956 2341 32 75 in
1999 2341 54 75 the
2062 2341 119 75 earths
2193 2341 141 75 lhadow.

1302 2388 103 75 Were
1421 2388 55 75 the
1493 2388 90 75 earth
1600 2388 102 75 larger
1720 2388 77 75 than
1814 2388 55 75 the
1885 2388 69 75 fun,
1971 2388 42 75 its
2025 2388 127 75 Ihadow
2162 2388 108 75 would
2281 2388 49 75 in-

1303 2435 103 75 creafe
1418 2435 31 75 in
1461 2435 78 75 bulk
1550 2435 220 75 thefartherit
1780 2435 173 75 extended,
1963 2435 63 75 and
2031 2435 108 75 would
2150 2435 114 75 eclipfe
2277 2435 56 75 the

1303 2481 89 75 great
1420 2481 122 75 planets
1570 2481 126 75 Jupiter
1713 2481 63 75 and
1793 2481 131 75 Saturn,
1950 2481 77 75 with
2044 2481 42 75 all
2103 2481 84 75 their
2204 2481 124 75 moons,

1304 2528 91 75 when
1419 2528 78 75 they
1512 2528 83 75 were
1612 2528 140 75 oppofite
1775 2528 34 75 to
1826 2528 56 75 the
1897 2528 70 75 fun.
2026 2528 67 75 But
2116 2528 32 75 as
2165 2528 108 75 Mars,
2298 2528 34 75 in

1304 2572 186 75 oppofition,
1515 2572 96 75 never
1626 2572 74 75 falls
1716 2572 69 75 into
1807 2572 59 75 the
1879 2572 118 75 earths
2014 2572 138 75 lhadow,
2177 2572 156 75 although

1302 2620 40 75 he
1363 2620 26 75 is
1406 2620 57 75 not
1478 2620 76 75 then
1568 2620 100 75 above
1685 2620 43 75 42
1747 2620 137 75 millions
1902 2620 39 75 of
1952 2620 90 75 miles
2061 2620 82 75 from
2155 2620 55 75 the
2227 2620 104 75 earth,

1302 2665 26 75 it
1350 2665 27 75 is
1405 2665 85 75 plain
1514 2665 68 75 that
1599 2665 56 75 the
1678 2665 90 75 earth
1785 2665 26 75 is
1827 2665 96 75 much
1938 2665 60 75 lefs
2018 2665 76 75 than
2111 2665 55 75 the
2183 2665 54 75 fun
2250 2665 10 75 ;
2279 2665 54 75 for

1302 2713 167 75 otherwife
1485 2713 42 75 its
1543 2713 128 75 lhadow
1690 2713 94 75 could
1802 2713 57 75 not
1874 2713 62 75 end
1951 2713 33 75 in
2001 2713 123 75 a-point
2142 2713 31 75 at
2190 2713 34 75 fo
2240 2713 90 75 fmall

1302 2759 20 75 a
1336 2759 149 75 diftance.
1534 2759 37 75 If
1583 2759 55 75 the
1650 2759 54 75 fun
1717 2759 63 75 and
1795 2759 96 75 moon
1915 2759 81 75 were
2013 2759 129 75 equally
2156 2759 100 75 large,
2274 2759 56 75 the

1302 2806 124 75 moons
1445 2806 127 75 Ihadow
1588 2806 109 75 would
1713 2806 42 75 go
1771 2806 41 75 on
1828 2806 35 75 to
1879 2806 56 75 the
1951 2806 89 75 earth
2068 2806 78 75 with
2168 2806 40 75 an
2235 2806 94 75 equal

1301 2852 148 75 breadth,
1474 2852 63 75 and
1553 2852 97 75 cover
1666 2852 19 75 a
1699 2852 128 75 portion
1843 2852 40 75 of
1893 2852 56 75 the
1965 2852 120 75 earths
2102 2852 121 75 furface
2239 2852 90 75 more

1301 2899 76 75 than
1395 2899 91 75 2000
1499 2899 89 75 miles
1601 2899 113 75 broad,
1732 2899 76 75 even
1826 2899 30 75 if
1873 2899 25 75 it
1915 2899 56 75 fell
1988 2899 134 75 direftly
2138 2899 116 75 again!!
2271 2899 56 75 the

1301 2944 119 75 earths
1432 2944 119 75 centre,
1567 2944 36 75 as
1619 2944 70 75 feen
1707 2944 82 75 from
1803 2944 55 75 the
1870 2944 94 75 moon
1976 2944 10 75 ;
2013 2944 61 75 and
2091 2944 92 75 much
2202 2944 87 75 more
2300 2944 33 75 if

1302 2993 25 75 it
1339 2993 56 75 fell
1414 2993 166 75 obliquely
1592 2993 40 75 on
1649 2993 55 75 the
1720 2993 89 75 earth
1822 2993 9 75 :
1858 2993 67 75 But
1942 2993 54 75 the
2019 2993 122 75 moons
2158 2993 124 75 lhadow
2298 2993 28 75 is

1301 3038 119 75 feldom
1441 3038 65 75 150
1522 3038 89 75 miles
1628 3038 101 75 broad
1741 3038 31 75 at
1789 3038 56 75 the
1861 3038 104 75 earth,
1990 3038 102 75 unlefs
2107 3038 92 75 when
2211 3038 25 75 it
2251 3038 73 75 falls

2247 3082 78 75 very
