2498 3377
591 188 39 75 A
690 188 41 75 N
793 188 40 75 O

1123 188 19 75 (
1201 188 37 75 g:

231 251 96 75 Somi
345 251 39 75 of
396 251 55 75 the
472 251 149 75 ancients'
631 251 78 75 ufed
723 251 26 75 it
766 251 34 75 to
818 251 118 75 denote
953 251 160 75 fervitude
1127 251 10 75 ;
1164 251 57 75 the

228 297 146 75 Romans
391 297 203 75 reprefented
613 297 45 75 by
673 297 27 75 it
717 297 119 75 liberty
852 297 64 75 and
932 297 151 75 nobility.
1145 297 32 75 It
1192 297 27 75 is

229 344 38 75 an
285 344 137 75 emblem
439 344 40 75 of
490 344 139 75 fecrecy,
654 344 31 75 if
705 344 26 75 it
755 344 82 75 have
854 344 18 75 a
888 344 84 75 feal;
1000 344 63 75 and
1080 344 40 75 of
1130 344 88 75 love,

227 392 30 75 if
268 392 55 75 the
340 392 132 75 cypher,
497 392 56 75 the
570 392 84 75 face,
679 392 37 75 or
732 392 57 75 the
805 392 84 75 arms
906 392 39 75 of
961 392 56 75 the
1034 392 112 75 perfon
1162 392 56 75 be-

227 438 95 75 lotrnd
340 438 54 75 are
412 438 155 75 ingraved
582 438 86 75 upon
685 438 41 75 it.

181 487 313 75 ANNULLING,
521 487 19 75 a
566 487 83 75 term
671 487 181 75 fometimes
868 487 77 75 ufed
963 487 49 75 for
1030 487 188 75 cancelling,

229 532 36 75 or
280 532 129 75 making
424 532 89 75 void,
539 532 20 75 a
574 532 94 75 deed,
694 532 159 75 fentence,
878 532 39 75 or
937 532 55 75 the
1009 532 78 75 like.

181 581 349 75 ANNUNClADA,
557 581 281 75 Annuntiada,
872 581 39 75 or
934 581 284 75 Annuntiata,

228 626 39 75 an
291 626 96 75 order
411 626 41 75 of
474 626 206 75 knighthood
706 626 33 75 in
768 626 122 75 Savoy,
914 626 65 75 firft
995 626 165 75 inftituted
1175 626 45 75 by

226 673 166 75 Amadeus
408 673 31 75 I.
464 673 34 75 in
514 673 56 75 the
587 673 75 75 year
684 673 88 75 1409
784 673 11 75 ;
821 673 85 75 their
922 673 101 75 collar
1038 673 65 75 was
1120 673 40 75 of
1177 673 39 75 15

227 721 96 75 links,
348 721 196 75 interwoven
562 721 60 75 one
638 721 80 75 with
735 721 147 75 another,
907 721 33 75 in
959 721 86 75 form
1061 721 40 75 of
1113 721 19 75 a
1147 721 73 75 true

226 768 118 75 lover’s
360 768 94 75 knot,
480 768 64 75 and
558 768 57 75 the
631 768 119 75 motto,
780 768 40 75 F.
837 768 44 75 E.
900 768 46 75 R.
963 768 49 75 T-.
1037 768 181 75 fignifying,

228 815 169 75 Fortitude
412 815 73 75 ejus
508 815 147 75 Rkodutn
672 815 119 75 tenuit.
840 815 165 75 Amadeus
1021 815 102 75 VIII.
1138 815 84 75 gave

228 861 54 75 the
301 861 89 75 name
409 861 223 75 Annunciada
658 861 35 75 to
711 861 63 75 this
791 861 108 75 order,
926 861 105 75 which
1060 861 81 75 was.
1152 861 67 75 for-

230 909 102 75 merly
359 909 118 75 known
500 909 45 75 by
562 909 72 75 that
656 909 42 75 of
717 909 53 75 ths
794 909 75 75 knot
895 909 43 75 of
954 909 81 75 love,
1061 909 159 75 changing

229 957 33 75 at
278 957 56 75 the
351 957 84 75 fame
452 957 77 75 time
557 957 56 75 the
636 957 104 75 image
768 957 41 75 of
832 957 40 75 St
888 957 149 75 Maurice
1053 957 115 75 patron
1184 957 41 75 of

229 1003 120 75 Savoy,
375 1003 106 75 which
497 1003 90 75 hung
610 1003 32 75 at
659 1003 56 75 the
732 1003 112 75 collar,
870 1003 52 75 for
937 1003 72 75 that
1026 1003 41 75 of
1077 1003 55 75 the
1141 1003 78 75 Vir-

228 1049 52 75 gin
295 1049 110 75 Mary,
432 1049 74 75 and,
524 1049 118 75 inftead
659 1049 41 75 of
710 1049 56 75 the
784 1049 104 75 motto
905 1049 314 75 above-mentioned,

228 1095 201 75 fubfiituting
445 1095 55 75 the
517 1095 107 75 words
641 1095 40 75 of
691 1095 57 75 the
767 1095 123 75 angel’s
906 1095 184 75 falutation.

180 1144 182 75 Annunci
370 1144 76 75 ada
460 1144 26 75 is
500 1144 64 75 alfo
576 1144 58 75 the
648 1144 72 75 tide
740 1144 39 75 of
795 1144 121 75 feveral
928 1144 151 75 religious
1092 1144 125 75 orders,

227 1190 162 75 inftituted
408 1190 34 75 at
461 1190 152 75 different
635 1190 108 75 times,
769 1190 63 75 and
859 1190 33 75 at
918 1190 152 75 different
1099 1190 118 75 places,

226 1238 33 75 in
276 1238 124 75 honour
416 1238 41 75 of
469 1238 56 75 the
541 1238 236 75 annunciation.
829 1238 62 75 See
914 1238 57 75 the
994 1238 79 75 next
1093 1238 124 75 article.

181 1284 401 75 ANNUNCIATION,
609 1284 56 75 the
682 1284 119 75 tidings
818 1284 141 75 brought
982 1284 45 75 by
1054 1284 55 75 the
1127 1284 91 75 angel

227 1330 137 75 Gabriel
392 1330 35 75 to
455 1330 56 75 the
538 1330 118 75 Virgin
681 1330 101 75 Mary
809 1330 41 75 of
873 1330 56 75 the
956 1330 199 75 incarnation
1183 1330 41 75 of

229 1378 121 75 Chrift.

275 1424 237 75 Annunciation
527 1424 29 75 is
574 1424 64 75 alfo
656 1424 18 75 a
690 1424 134 75 feflival,
849 1424 77 75 kept
954 1424 44 75 by
1022 1424 56 75 the
1094 1424 123 75 church

229 1473 41 75 on
287 1473 55 75 the
361 1473 40 75 25
407 1473 37 75 th
460 1473 39 75 of
510 1473 133 75 March,
668 1473 33 75 in
719 1473 283 75 commemoration
1018 1473 41 75 of
1070 1473 88 75 thefe
1175 1473 40 75 ti-

227 1519 105 75 dings.

273 1566 40 75 In
329 1566 55 75 the
403 1566 133 75 Romifli
556 1566 134 75 church,
716 1566 42 75 on
777 1566 64 75 this
859 1566 89 75 feaft,
975 1566 54 75 the
1046 1566 80 75 pope
1143 1566 70 75 per-

227 1613 99 75 forms
350 1613 57 75 the
424 1613 169 75 ceremony
609 1613 41 75 of
665 1613 162 75 marrying
850 1613 37 75 or
904 1613 191 75 cloyflering
1111 1613 17 75 a
1146 1613 68 75 cer-

226 1660 67 75 tain
310 1660 132 75 number
459 1660 40 75 of
516 1660 155 75 maidens,
697 1660 75 75 who
789 1660 53 75 are
859 1660 166 75 prefented
1043 1660 34 75 to
1097 1660 67 75 him
1181 1660 32 75 in

227 1708 56 75 the
309 1708 133 75 church,
467 1708 133 75 clothed
627 1708 32 75 in
683 1708 100 75 white
805 1708 102 75 ferge,
932 1708 63 75 and
1018 1708 138 75 muffled,
1171 1708 43 75 up

228 1754 85 75 from
332 1754 84 75 head
432 1754 35 75 to
492 1754 93 75 foot:
620 1754 53 75 An
698 1754 110 75 officer
828 1754 104 75 Hands
954 1754 57 75 by,
1036 1754 79 75 with
1139 1754 74 75 pur-

226 1801 47 75 fes
291 1801 183 75 containing
490 1801 90 75 notes
593 1801 41 75 of
644 1801 74 75 fifty
730 1801 123 75 crowns
867 1801 51 75 for
930 1801 89 75 thofe
1036 1801 73 75 who
1122 1801 92 75 make

227 1848 111 75 choice
355 1848 40 75 of
408 1848 167 75 marriage,
601 1848 62 75 and
679 1848 91 75 notes
787 1848 40 75 of
844 1848 19 75 a
877 1848 147 75 hundred
1047 1848 52 75 for
1123 1848 91 75 thofe

227 1895 75 75 who
322 1895 94 75 chafe
436 1895 55 75 the
509 1895 73 75 vei-i.

277 1940 239 75 Annunciation
533 1940 27 75 is
576 1940 140 75 likewife
732 1940 19 75 a
766 1940 72 75 title
862 1940 93 75 given
978 1940 46 75 by
1047 1940 57 75 the
1126 1940 88 75 Jews

280 1987 71 75 part
367 1987 43 75 of
418 1987 56 75 the
489 1987 172 75 ceremony
672 1987 41 75 of
724 1987 55 75 the
797 1987 155 75 paffover.
1018 1987 7 75 _

181 2033 381 75 ANNUNTIATOR,
581 2033 55 75 the
649 2033 90 75 name
751 2033 40 75 of
802 2033 39 75 an
855 2033 108 75 officer
979 2033 33 75 in
1025 2033 55 75 the
1093 2033 119 75 church

229 2082 39 75 of
280 2082 274 75 Conftantinople.
618 2082 30 75 It
665 2082 65 75 was
747 2082 49 75 his
814 2082 136 75 bufinefs
967 2082 35 75 to
1024 2082 119 75 inform
1159 2082 56 75 the

229 2127 115 75 people
360 2127 41 75 of
418 2127 56 75 the
491 2127 137 75 feflivals
646 2127 71 75 that
733 2127 84 75 were
845 2127 35 75 to
904 2127 40 75 be
971 2127 194 75 celebrated.

182 2173 321 75 ANOCTORON,
530 2173 18 75 a
564 2173 83 75 term
666 2173 75 75 ufed
753 2173 43 75 by
813 2173 85 75 fome
910 2173 214 75 ecclefiaftical
1141 2173 73 75 wri-

230 2219 64 75 ters
311 2219 53 75 for
380 2219 18 75 a
413 2219 133 75 church.
599 2219 61 75 See
673 2219 185 75 Church.

182 2267 246 75 ANOCISTI,
454 2267 33 75 in
504 2267 154 75 zoology,
683 2267 40 75 an
739 2267 140 75 obfolete
895 2267 93 75 name
1005 2267 40 75 of
1056 2267 55 75 the
1128 2267 86 75 echi-

232 2314 72 75 nus.
353 2314 63 75 See
432 2314 192 75 Echinus.

182 2361 254 75 ANODYNE,
461 2361 32 75 in
509 2361 185 75 pharmacy,
720 2361 19 75 a
755 2361 83 75 term
854 2361 127 75 applied
996 2361 36 75 to
1044 2361 171 75 medicines

230 2407 105 75 which
353 2407 144 75 mitigate
513 2407 86 75 pain.

280 2453 132 75 Among
436 2453 160 75 anodynes
618 2453 74 75 may
707 2453 40 75 be
764 2453 161 75 reckoned
942 2453 41 75 all
1000 2453 148 75 relaxing
1168 2453 50 75 re-

229 2501 133 75 medies,
387 2501 148 75 dilutees,
561 2501 63 75 and
647 2501 172 75 medicines
847 2501 107 75 which
969 2501 44 75 by
1029 2501 62 75 any
1108 2501 108 75 means

231 2547 127 75 deflroy
381 2547 175 75 acrimony,
582 2547 37 75 or
647 2547 95 75 expel
771 2547 97 75 wind,
894 2547 149 75 together
1065 2547 80 75 with
1162 2547 56 75 the

230 2591 182 75 compound
421 2591 5 75 ,
433 2591 174 75 medicines
630 2591 41 75 of
694 2591 55 75 the
770 2591 105 75 ffiops,
901 2591 105 75 which
1029 2591 70 75 pafs
1117 2591 100 75 under

232 2643 64 75 this
313 2643 112 75 name;
444 2643 75 75 fuch
533 2643 33 75 as
579 2643 56 75 the
648 2643 145 75 anodyne
810 2643 118 75 balfam
942 2643 92 75 made
1049 2643 40 75 of
1100 2643 119 75 Caftile

232 2689 87 75 foap,
344 2689 120 75 opium,
489 2689 174 75 camphire,
687 2689 129 75 faffron,
842 2689 63 75 and
920 2689 90 75 fpirit
1026 2689 40 75 of
1076 2689 94 75 wine.

188 2732 368 75 ANOLYMPIADS,
588 2732 32 75 in
645 2732 144 75 Grecian
817 2732 171 75 antiquity,
1013 2732 39 75 an
1081 2732 138 75 appella-

236 2783 67 75 tion
328 2783 92 75 given
436 2783 44 75 by
495 2783 56 75 the
574 2783 127 75 Elaeans
726 2783 34 75 to
788 2783 76 75 fuch
888 2783 152 75 Olympic
1056 2783 106 75 games
1185 2783 35 75 as

237 2830 63 75 had
316 2830 81 75 been
413 2830 182 75 celebrated
609 2830 102 75 under
728 2830 55 75 the
799 2830 155 75 direftion
969 2830 41 75 of
1020 2830 94 75 other
1125 2830 93 75 Hates

234 2875 118 75 befides
368 2875 203 75 themfelves.
620 2875 63 75 See
699 2875 228 75 Olympiad.

191 2919 411 75 ANOMOLISTICAL
634 2919 95 75 Year,
769 2919 32 75 in
830 2919 190 75 aHronomy,
1057 2919 56 75 the
1140 2919 77 75 time

236 2968 70 75 that
322 2968 56 75 the
394 2968 91 75 earth
502 2968 89 75 takes
617 2968 35 75 to
676 2968 69 75 pafs
769 2968 142 75 through
935 2968 58 75 her
1011 2968 105 75 orbit:
1143 2968 27 75 it
1190 2968 28 75 is

237 3015 64 75 alfo
318 3015 103 75 called
436 3015 56 75 the
512 3015 171 75 periodical
699 3015 88 75 year.

281 3062 75 75 The
373 3062 91 75 fpace
488 3062 40 75 of
547 3062 76 75 time
637 3062 174 75 belonging
826 3062 35 75 to
877 3062 65 75 this
958 3062 75 75 year
1050 3062 27 75 is
1094 3062 126 75 greater

1246 188 38 75 14
1339 188 20 75 )

1656 188 43 75 A
1756 188 43 75 N
1857 188 28 75 S

1315 250 76 75 than
1409 250 55 75 the
1478 250 135 75 tropical
1636 250 89 75 year,
1750 250 41 75 on
1808 250 136 75 account
1960 250 40 75 of
2012 250 55 75 the
2084 250 167 75 preceffion
2268 250 40 75 of

1316 297 54 75 the
1383 297 190 75 equinoxes.
1616 297 61 75 See
1690 297 255 75 Precession,
1964 297 63 75 and
2042 297 260 75 Astronomy.

1268 344 324 75 ANOMALOUS,
1618 344 18 75 a
1652 344 82 75 term
1752 344 127 75 applied
1895 344 35 75 to
1950 344 162 75 whatever
2128 344 27 75 is
2180 344 123 75 irregu-

1315 391 60 75 lar,
1401 391 37 75 or
1454 391 141 75 deviates
1612 391 84 75 from
1708 391 57 75 the
1777 391 68 75 rule
1857 391 153 75 obferved
2027 391 44 75 by
2086 391 95 75 other
2196 391 108 75 things

1316 438 39 75 of
1368 438 56 75 the
1442 438 65 75 like
1523 438 136 75 nature.-

1265 486 261 75 ANOMALY,
1551 486 33 75 in
1608 486 191 75 aflronomy,
1826 486 39 75 an
1891 486 204 75 irregularity
2111 486 32 75 in
2160 486 56 75 the
2233 486 69 75 mo-

1316 532 66 75 tion
1400 532 39 75 of
1450 532 55 75 the
1521 532 136 75 planets,
1683 532 150 75 whereby
1849 532 78 75 they
1942 532 126 75 deviate
2093 532 86 75 from
2197 532 55 75 the
2270 532 32 75 a-

1317 579 128 75 phelion
1462 579 37 75 or
1516 579 133 75 apogee.

1267 626 212 75 ANOMIA,
1504 626 34 75 in
1555 626 152 75 zoology,
1733 626 18 75 a
1768 626 98 75 genus
1891 626 39 75 of
1950 626 203 75 fflell-infeAs
2169 626 133 75 belong-

1315 672 54 75 ing
1388 672 34 75 to
1438 672 55 75 the
1510 672 95 75 order
1621 672 41 75 of
1678 672 124 75 vermes
1819 672 147 75 teHacea.
2014 672 77 75 The
2107 672 100 75 ligula
2223 672 28 75 is
2269 672 33 75 e-

1316 719 213 75 marginated,
1556 719 64 75 and
1647 719 55 75 the
1731 719 64 75 cilii
1822 719 53 75 are
1903 719 88 75 fixed
2018 719 35 75 to
2080 719 56 75 the
2163 719 141 75 fuperior

1317 768 112 75 valve;
1455 768 25 75 it
1496 768 57 75 has
1578 768 66 75 two
1660 768 95 75 lineal
1768 768 121 75 brachii
1904 768 112 75 longer
2031 768 80 75 than
2126 768 55 75 the
2193 768 106 75 body:

1315 815 76 75 The
1403 815 107 75 valves
1526 815 43 75 of
1579 815 57 75 the
1647 815 76 75 ffiell
1740 815 54 75 are
1811 815 108 75 equal.
1967 815 112 75 There
2096 815 53 75 are
2171 815 42 75 25
2234 815 69 75 fpe-

1317 860 63 75 cies
1404 860 40 75 of
1463 860 56 75 the
1547 860 134 75 anomia'
1681 860 12 75 ;
1727 860 76 75 fuch
1831 860 40 75 of
1890 860 87 75 them
2003 860 106 75 whofe
2131 860 120 75 hifiory
2276 860 27 75 is

1317 908 129 75 known,
1473 908 52 75 are
1544 908 42 75 all
1602 908 123 75 natives
1742 908 41 75 of
1794 908 55 75 the
1868 908 175 75 European
2059 908 79 75 feas.

1267 956 323 75 ANOMOEANS,
1631 956 32 75 in
1692 956 268 75 church-hiHory,
1993 956 126 75 ancient
2144 956 155 75 heretics,

1314 1002 74 75 who
1405 1002 133 75 afferted
1553 1002 72 75 that
1652 1002 57 75 the
1725 1002 67 75 Son
1810 1002 64 75 was
1891 1002 41 75 of
1954 1002 18 75 a
1994 1002 114 75 nature
2135 1002 165 75 different,

1316 1048 62 75 and
1401 1048 33 75 in
1451 1048 135 75 nothing
1607 1048 65 75 like
1689 1048 36 75 to
1741 1048 71 75 that
1829 1048 40 75 of
1880 1048 57 75 the
1958 1048 133 75 Father.

1267 1095 515 75 ANOMORHOMBOIDIA,
1808 1095 33 75 in
1869 1095 124 75 natural
2009 1095 134 75 hifiory,
2169 1095 18 75 a
2203 1095 98 75 genus

1315 1141 40 75 of
1366 1141 179 75 cryfialline
1560 1141 100 75 fpars,
1687 1141 41 75 of
1744 1141 44 75 no
1799 1141 210 75 determinate
2026 1141 97 75 form,
2140 1141 95 75 eafily
2250 1141 52 75 fif-

1315 1189 64 75 file,
1405 1189 60 75 but
1492 1189 143 75 cleaving
1651 1189 90 75 more
1758 1189 123 75 readily
1896 1189 32 75 in
1952 1189 39 75 an
2015 1189 183 75 horizontal
2224 1189 77 75 than

1315 1234 30 75 in
1363 1234 18 75 a
1396 1234 240 75 perpendicular
1651 1234 166 75 diredion,
1842 1234 84 75 their
1943 1234 101 75 plates
2061 1234 94 75 being
2170 1234 130 75 compo-

1315 1282 53 75 fed
1381 1282 39 75 of
1431 1282 158 75 irregular
1604 1282 236 75 arrangements
1856 1282 40 75 of
1905 1282 90 75 ihort
2012 1282 63 75 and
2091 1282 89 75 thick
2191 1282 108 75 rhom-

1313 1328 105 75 boidal
1436 1328 214 75 concretions.
1700 1328 62 75 See
1780 1328 113 75 Spar.

1264 1376 187 75 ANONA,
1476 1376 32 75 in
1525 1376 133 75 botany,
1685 1376 18 75 a
1718 1376 98 75 genus
1833 1376 40 75 of
1884 1376 57 75 the
1959 1376 188 75 polyandria
2163 1376 136 75 polygy-

1313 1422 52 75 nia
1380 1422 92 75 clafs.
1521 1422 77 75 The
1622 1422 86 75 calix
1723 1422 28 75 is
1769 1422 243 75 three-leaved;
2039 1422 54 75 the
2120 1422 101 75 petal?
2246 1422 54 75 are

1315 1468 67 75 fix;
1410 1468 57 75 the
1498 1468 79 75 fruit
1605 1468 27 75 is
1657 1468 18 75 a
1698 1468 149 75 roundiffi
1872 1468 96 75 berry
1996 1468 182 75 containing
2205 1468 96 75 many

1312 1515 101 75 feeds.
1474 1515 113 75 There
1614 1515 54 75 are
1684 1515 20 75 8
1722 1515 117 75 fpecies
1866 1515 41 75 of
1925 1515 55 75 the
2008 1515 114 75 anona,
2147 1515 70 75 viz.
2242 1515 59 75 the

1310 1562 166 75 muricata,
1501 1562 176 75 fquambfa,
1705 1562 359 75 reticulata,.paluflris,
2090 1562 122 75 glabra,
2239 1562 59 75 tri-

1310 1608 87 75 loba,
1422 1608 154 75 Afiatica,
1600 1608 63 75 and
1679 1608 169 75 Africana.
1896 1608 59 75 All
1972 1608 40 75 of
2023 1608 89 75 them
2130 1608 121 75 natives
2263 1608 42 75 of

1310 1655 55 75 the
1382 1655 119 75 Indies.

1262 1702 198 75 ANONIS,
1486 1702 31 75 in
1542 1702 132 75 botany.
1725 1702 63 75 See
1805 1702 174 75 Ononis.

1261 1750 289 75 ANONYMOS,
1575 1750 33 75 in
1625 1750 131 75 botany,
1782 1750 19 75 a
1825 1750 163 75 fynonime
2011 1750 41 75 of
2072 1750 18 75 a
2117 1750 117 75 fpecies
2263 1750 41 75 of

1311 1797 201 75 fpermacoce
1528 1797 63 75 and
1613 1797 121 75 feveral
1758 1797 94 75 other
1875 1797 117 75 plants.
2044 1797 63 75 See
2125 1797 173 75 Sperma-

1313 1842 109 75 coce.

1262 1890 325 75 ANONYMOUS,
1605 1890 178 75 fomething
1794 1890 71 75 that
1876 1890 27 75 is
1915 1890 166 75 namelefs,
2095 1890 37 75 or
2144 1890 39 75 of
2190 1890 107 75 which

1310 1935 54 75 the
1381 1935 91 75 name
1488 1935 26 75 is
1532 1935 184 75 concealed.

1261 1980 269 75 Anonymous,
1556 1980 32 75 in
1605 1980 181 75 chemifiry.
1836 1980 62 75 See
1914 1980 311 75 Adiaphorous.

1262 2028 249 75 ANOREXY,
1536 2028 32 75 in
1586 2028 167 75 medicine,
1779 2028 18 75 a
1813 2028 144 75 loathing
1973 2028 40 75 of
2032 2028 97 75 meat,
2155 2028 38 75 or
2208 2028 87 75 want

1310 2075 39 75 of
1361 2075 152 75 appetite.

1263 2122 151 75 ANOT.
1465 2122 62 75 See
1544 2122 156 75 Annot.

1267 2170 29 75 A
1303 2170 153 75 NOTH,
1482 2170 60 75 one
1559 2170 39 75 of
1613 2170 56 75 the
1688 2170 101 75 Scilly
1805 2170 127 75 iflands.
1982 2170 62 75 See
2063 2170 46 75 Sc
2117 2170 105 75 illy.

1266 2215 188 75 ANOUT,
1482 2215 19 75 a
1524 2215 89 75 fmall
1637 2215 99 75 ifland
1758 2215 32 75 in
1815 2215 57 75 the
1900 2215 233 75 Schagerrack,
2165 2215 38 75 or
2226 2215 72 75 that

1313 2262 72 75 part
1405 2262 40 75 of
1456 2262 56 75 the
1528 2262 51 75 fea
1595 2262 41 75 of
1647 2262 168 75 Denmark
1831 2262 106 75 which
1952 2262 58 75 has
2027 2262 147 75 Norway
2189 2262 41 75 on
2241 2262 58 75 the

1313 2309 108 75 north,
1448 2309 134 75 Jutland
1596 2309 41 75 on
1650 2309 56 75 the
1719 2309 87 75 wefi,
1831 2309 63 75 and
1910 2309 55 75 the
1980 2309 54 75 ifle
2050 2309 40 75 of
2102 2309 141 75 Zealand
2255 2309 42 75 on

1315 2357 54 75 the
1385 2357 92 75 fouth
1490 2357 10 75 ;
1527 2357 25 75 it
1569 2357 57 75 lies
1644 2357 30 75 in
1697 2357 37 75 13
1734 2339 25 49 0
1779 2357 43 75 E.
1835 2357 88 75 long,
1941 2357 63 75 and
2023 2357 64 75 56°
2108 2357 115 75 36'N.
2236 2357 58 75 lat.

1266 2403 144 75 ANSA,
1436 2403 20 75 a
1479 2403 84 75 river
1585 2403 33 75 in
1642 2403 101 75 Friuli
1758 2403 151 75 in’Italy,
1935 2403 106 75 which
2057 2403 199 75 difchafges'
2256 2403 41 75 it-

1315 2450 64 75 felf
1390 2450 68 75 into
1474 2450 55 75 the
1546 2450 75 75 gulf
1632 2450 41 75 of
1683 2450 135 75 Venice.

1267 2497 156 75 ANSiE,
1439 2497 32 75 in
1488 2497 199 75 aHronomy,.
1696 2497 57 75 the
1769 2497 87 75 parts
1872 2497 40 75 of
1925 2497 146 75 Saturn’s
2089 2497 84 75 ring,
2191 2497 105 75 which

1316 2544 52 75 are
1384 2544 36 75 to
1435 2544 41 75 be
1490 2544 74 75 feen
1579 2544 42 75 on
1635 2544 79 75 each
1730 2544 64 75 fide
1810 2544 40 75 of
1860 2544 71 75 that
1947 2544 119 75 planet,
2091 2544 94 75 when
2199 2544 97 75 view-

1315 2590 40 75 ed
1377 2590 139 75 through
1534 2590 18 75 a
1566 2590 171 75 telefcope.
1787 2590 62 75 See
1864 2590 269 75 Astronomy.

1270 2637 140 75 ANSE,
1436 2637 19 75 a
1477 2637 91 75 fmall
1591 2637 87 75 town
1704 2637 40 75 of
1761 2637 123 75 France
1900 2637 32 75 in
1948 2637 55 75 the
2023 2637 180 75 Lyonnois,
2223 2637 74 75 four

1314 2681 133 75 leagues,
1456 2681 95 75 north
1573 2681 39 75 of
1624 2681 126 75 Lyons.

1268 2729 398 75 ANSEL-WEIGHT,
1680 2729 56 75 the
1747 2729 83 75 fame
1842 2729 78 75 with
1933 2729 259 75 auneel-weight.
2234 2729 63 75 See

1314 2775 175 75 Auncel.

1269 2824 231 75 ANSELM’/
1518 2824 80 75 Art,
1624 2824 38 75 or
1678 2824 51 75 St
1748 2824 190 75 Anselm’/
1956 2824 81 75 Art.
2087 2824 62 75 See
2165 2824 101 75 Art.

1269 2870 173 75 ANSER,
1467 2870 33 75 in
1515 2870 220 75 ornithology,
1759 2870 57 75 the
1832 2870 106 75 trivial
1955 2870 90 75 name
2058 2870 40 75 of
2105 2870 19 75 a
2134 2870 115 75 fpecies
2262 2870 41 75 of

1317 2917 66 75 ans.
1433 2917 62 75 See
1510 2917 57 75 An
1576 2917 31 75 s.

1269 2962 232 75 ANSERES,
1520 2962 55 75 the
1592 2962 92 75 name
1700 2962 105 75 which
1823 2962 152 75 Linnteus
1992 2962 86 75 gives
2092 2962 35 75 to
2143 2962 49 75 his
2209 2962 89 75 third

1316 3010 94 75 order
1427 3010 40 75 of
1478 3010 100 75 birds.
1642 3010 86 75 This
1756 3010 95 75 order
1878 3010 26 75 is
1930 3010 222 75 difiinguilhed
2174 3010 44 75 by
2242 3010 55 75 the

1317 3056 166 75 following
1500 3056 127 75 marks:
1652 3056 78 75 The
1747 3056 80 75 beak
1843 3056 26 75 is
1886 3056 135 75 covered
2038 3056 78 75 with
2134 3056 18 75 a
2170 3056 126 75 fmooth

2229 3098 66 75 fitin
