2493 3387
699 171 41 75 A
817 171 27 75 S
922 171 39 75 T
1039 171 37 75 R
1154 171 32 75 C

137 247 95 75 6480
246 247 93 75 years
355 247 121 75 hence;
495 247 62 75 and
572 247 32 75 in
616 247 117 75 double
745 247 42 75 of
798 247 68 75 that
879 247 88 75 time,
986 247 38 75 or
1041 247 128 75 12,960

126 291 117 75 -years,
267 291 27 75 it
317 291 65 75 will
401 291 38 75 be
456 291 141 75 direfted
621 291 139 75 towards
786 291 55 75 the
867 291 61 75 ftar
953 291 37 75 or
1014 291 89 75 point
1120 291 46 75 C;

138 337 105 75 which
261 337 64 75 will
343 337 76 75 then
444 337 39 75 be
507 337 55 75 the
587 337 96 75 north
708 337 74 75 pole
805 337 41 75 of
864 337 56 75 the
944 337 149 75 heavens,
1119 337 46 75 al-

136 384 124 75 though
277 384 25 75 it
318 384 26 75 is
364 384 32 75 at
412 384 124 75 prefent
553 384 48 75 Si
616 384 132 75 degrees
764 384 93 75 fouth
875 384 40 75 of
933 384 56 75 the
1006 384 109 75 zenith
1131 384 42 75 of

137 430 140 75 London
294 430 40 75 L.
382 430 77 75 The
475 430 124 75 prefent
618 430 132 75 pofition
767 430 41 75 of
826 430 54 75 the
896 430 136 75 equator
1047 430 117 75 E0^_,

136 477 65 75 will
226 477 75 75 then
330 477 40 75 be
396 477 145 75 changed
564 477 69 75 into
658 477 87 75 eOq;
771 477 56 75 the
851 477 104 75 tropic
980 477 40 75 of
1039 477 126 75 Cancer

137 523 134 75 TSBZ,
296 523 69 75 into
381 523 95 75 Vt25
495 523 10 75 ;
532 523 63 75 and
610 523 56 75 the
683 523 103 75 tropic
803 523 39 75 of
861 523 174 75 Capricorn
1053 523 109 75 VTrs,

134 569 69 75 into
220 569 107 75 trsZ;
354 569 35 75 as
405 569 27 75 is
457 569 129 75 evident
610 569 44 75 by
679 569 55 75 the
757 569 114 75 figure.
919 569 77 75 And
1014 569 55 75 the
1093 569 70 75 fun,

135 616 31 75 in
183 616 55 75 the
254 616 82 75 fame
355 616 73 75 part
443 616 41 75 of
496 616 55 75 the
567 616 135 75 heavens
720 616 106 75 where
837 616 41 75 he
894 616 26 75 is
934 616 72 75 now
1018 616 77 75 over
1107 616 57 75 the

135 662 127 75 earthly
277 662 104 75 tropic
399 662 39 75 of
450 662 189 75 Capricorn,
665 662 62 75 and
743 662 106 75 makes
866 662 56 75 the
938 662 130 75 fhorteft
1084 662 79 75 days

136 709 60 75 and
213 709 120 75 longed
349 709 108 75 nights
474 709 32 75 in
525 709 54 75 the
596 709 151 75 northern
763 709 209 75 hemifphere,
998 709 64 75 will
1085 709 78 75 then

134 755 40 75 be
190 755 76 75 over
282 755 56 75 the
350 755 125 75 earthly
486 755 104 75 tropic
606 755 40 75 of
665 755 137 75 Cancer,
827 755 62 75 and
906 755 91 75 make
1013 755 55 75 the
1084 755 79 75 days

135 801 121 75 longed
284 801 62 75 and
374 801 106 75 nights
506 801 143 75 fhorted.
716 801 46 75 So
793 801 70 75 that
890 801 26 75 it
943 801 66 75 will
1037 801 127 75 require

141 849 126 75 12,960
294 849 91 75 years
412 849 56 75 yet
490 849 102 75 more,
625 849 37 75 or
687 849 130 75 25,920
844 849 86 75 from
957 849 56 75 the
1040 849 125 75 prefent

133 894 90 75 time,
249 894 35 75 to
299 894 93 75 bring
407 894 55 75 the
473 894 95 75 north
584 894 73 75 pole
676 894 43 75 N
732 894 90 75 quite
838 894 116 75 round,
971 894 34 75 fo
1023 894 33 75 as
1073 894 35 75 to
1125 894 39 75 be

134 940 139 75 directed
286 940 139 75 towards
440 940 72 75 that
528 940 90 75 point
634 940 40 75 of
692 940 56 75 the
765 940 137 75 heavens
927 940 105 75 which
1050 940 26 75 is
1092 940 72 75 ver-

136 986 74 75 tical
226 986 34 75 to
276 986 27 75 it
320 986 32 75 at
369 986 136 75 prefent.
554 986 79 75 And
648 986 91 75 then,
763 986 64 75 and
841 986 59 75 not
925 986 50 75 till
995 986 89 75 then,
1109 986 57 75 the

134 1033 82 75 fame
231 1033 78 75 dars
327 1033 104 75 which
444 1033 34 75 at
492 1033 126 75 prefent
634 1033 142 75 defcribe
787 1033 56 75 the
859 1033 148 75 equator,
1033 1033 132 75 tropiqp,

134 1080 60 75 and
220 1080 92 75 polar
338 1080 125 75 circles,
489 1080 65 75 be.
578 1080 46 75 by
648 1080 56 75 the
731 1080 118 75 earth’s
877 1080 126 75 diurnal
1029 1080 136 75 motion,

135 1126 66 75 will
217 1126 141 75 defcribe
375 1126 88 75 them
479 1126 77 75 over
573 1126 104 75 again.

137 1258 164 75 Chap.
332 1258 110 75 XIII.
499 1258 80 75 The
606 1258 129 75 moorts
758 1258 165 75 furface
950 1258 213 75 mountain-

190 1312 63 75 ous
267 1312 12 75 :
325 1312 81 75 Her
427 1312 141 75 phafes
599 1312 192 75 deferibed
805 1312 8 75 .
863 1312 83 75 Her
957 1312 105 75 path
1085 1312 85 75 and

193 1371 65 75 the
289 1371 123 75 paths
451 1371 47 75 of
525 1371 180 75 Jupiter’
763 1371 115 75 moons
914 1371 249 75 delineated:

192 1427 80 75 The
293 1427 232 75 proportions
541 1427 46 75 of
608 1427 66 75 the
692 1427 203 75 diameters
919 1427 48 75 of
986 1427 103 75 their
1107 1427 56 75 or-

196 1482 94 75 bits,
319 1482 85 75 and
429 1482 99 75 thofe
552 1482 49 75 of
622 1482 181 75 Saturn’s
844 1482 133 75 moons,
1006 1482 36 75 to
1070 1482 94 75 each

195 1540 119 75 other,
344 1540 86 75 and
455 1540 123 75 to-ihe
597 1540 186 75 diameter
802 1540 46 75 of
874 1540 66 75 the
962 1540 95 75 Sun.

184 1638 56 75 By
257 1638 133 75 looking
406 1638 33 75 at
462 1638 55 75 the
533 1638 96 75 moon
653 1638 78 75 with
758 1638 39 75 an
821 1638 151 75 ordinary
997 1638 168 75 telefcope,

136 1684 49 75 we
197 1684 143 75 perceive
356 1684 71 75 that
443 1684 58 75 her
512 1684 123 75 furface
651 1684 27 75 is
695 1684 174 75 diverfified
883 1684 78 75 with
978 1684 76 75 long
1070 1684 95 75 tracts

137 1729 38 75 of
195 1729 184 75 prodigious
397 1729 79 75 high
494 1729 177 75 mountains
690 1729 62 75 and
776 1729 80 75 deep
874 1729 144 75 cavities.
1068 1729 97 75 Some

136 1776 39 75 of
194 1776 59 75 her
267 1776 193 75 mountains,
486 1776 44 75 by
553 1776 184 75 comparing
762 1776 83 75 their
868 1776 112 75 height
1004 1776 78 75 with
1107 1776 58 75 her

135 1822 154 75 diameter
307 1822 122 75 (which
452 1822 26 75 is
503 1822 91 75 2180
619 1822 106 75 miles)
750 1822 54 75 are
825 1822 102 75 found
952 1822 33 75 to
1010 1822 39 75 be
1074 1822 90 75 three

135 1869 97 75 times
244 1869 114 75 higher
381 1869 76 75 than
474 1869 55 75 the
551 1869 123 75 highed
690 1869 74 75 hills
780 1869 42 75 on
844 1869 60 75 our
926 1869 104 75 earth.
1079 1869 84 75 This

136 1916 189 75 ruggednefs
342 1916 48 75 of
401 1916 55 75 the
472 1916 123 75 moon’s
619 1916 123 75 furface
757 1916 27 75 is
807 1916 39 75 of
865 1916 88 75 great
976 1916 53 75 ufe
1054 1916 35 75 to
1110 1916 52 75 us,

137 1961 43 75 by
203 1961 160 75 refle&ing
390 1961 55 75 the
473 1961 85 75 fun’s
582 1961 83 75 light
696 1961 36 75 to
761 1961 42 75 all
832 1961 102 75 fides;
976 1961 52 75 for
1051 1961 31 75 if
1110 1961 54 75 the

135 2008 94 75 moon
240 2008 91 75 .were
354 2008 125 75 fmooth
503 2008 62 75 and
581 2008 139 75 polifhed
736 2008 65 75 like
824 2008 18 75 a
859 2008 241 75 looking-glafs,
1126 2008 38 75 or

134 2054 135 75 covered
287 2054 78 75 with
382 2054 111 75 water,
518 2054 52 75 (he
593 2054 97 75 could
706 2054 97 75 never
825 2054 165 75 didribute
1006 2054 55 75 the
1077 2054 85 75 fun’s

135 2100 82 75 light
233 2100 42 75 all
291 2100 102 75 round
406 2100 10 75 ;
444 2100 76 75 only
531 2100 32 75 in
575 2100 86 75 fome
677 2100 149 75 pofitions
844 2100 50 75 the
906 2100 110 75 would
1031 2100 83 75 fhew
1126 2100 36 75 us

137 2146 48 75 his
201 2146 104 75 image
325 2146 42 75 no
382 2146 110 75 bigger
510 2146 76 75 than
604 2146 19 75 a
639 2146 101 75 point,
765 2146 58 75 but
839 2146 78 75 with
935 2146 74 75 fuch
1027 2146 18 75 a
1067 2146 95 75 ludre

136 2192 34 75 as
182 2192 108 75 would
305 2192 40 75 be
361 2192 125 75 hurtful
502 2192 35 75 to
554 2192 58 75 our
629 2192 87 75 eyes.

181 2239 76 75 The
273 2239 123 75 moon’s
413 2239 122 75 furface
550 2239 95 75 being
660 2239 35 75 fo
706 2239 133 75 uneven,
865 2239 95 75 many
975 2239 81 75 have
1074 2239 87 75 won-

136 2286 96 75 dered
250 2286 75 75 why
342 2286 57 75 her
414 2286 80 75 edge
518 2286 129 75 appears
665 2286 57 75 not
743 2286 131 75 jagged,
900 2286 32 75 as
950 2286 72 75 well
1049 2286 33 75 as
1106 2286 55 75 the

135 2332 94 75 curve
253 2332 162 75 bounding
431 2332 55 75 the
510 2332 82 75 light
617 2332 62 75 and
702 2332 80 75 dark
806 2332 118 75 places.
974 2332 67 75 But
1064 2332 30 75 if
1114 2332 48 75 we

135 2377 151 75 confider,
310 2377 71 75 that
397 2377 86 75 what
501 2377 46 75 we
564 2377 61 75 call
645 2377 55 75 the
716 2377 80 75 edge
812 2377 39 75 of
871 2377 56 75 the
947 2377 123 75 moon’s
1094 2377 68 75 dilk

135 2424 27 75 is
179 2424 57 75 not
252 2424 19 75 a
285 2424 96 75 {ingle
396 2424 64 75 line
483 2424 45 75 fet
551 2424 103 75 round
677 2424 80 75 with
782 2424 192 75 mountains,
998 2424 33 75 in
1055 2424 105 75 which

136 2469 68 75 cafe
232 2469 25 75 it
279 2469 109 75 would
410 2469 115 75 appear
548 2469 187 75 irregularly
759 2469 163 75 indented,
948 2469 57 75 but
1032 2469 19 75 a
1072 2469 89 75 large

135 2515 81 75 zone
240 2515 116 75 having
379 2515 94 75 many
497 2515 178 75 mountains
696 2515 89 75 lying
808 2515 119 75 behind
950 2515 60 75 one
1027 2515 134 75 another

135 2562 85 75 from
231 2562 55 75 the
302 2562 174 75 obferver’s
492 2562 70 75 eye,
588 2562 48 75 we
647 2562 76 75 ftiall
741 2562 64 75 find
823 2562 70 75 that
910 2562 55 75 the
981 2562 179 75 mountains

136 2608 32 75 in
183 2608 85 75 fome
286 2608 82 75 rows
382 2608 64 75 will
463 2608 39 75 be
520 2608 138 75 oppofite
675 2608 36 75 to
728 2608 55 75 the
800 2608 85 75 vales
902 2608 33 75 in
952 2608 121 75 others,
1099 2608 64 75 and

136 2654 33 75 fo
185 2654 45 75 fill
256 2654 42 75 up
321 2654 55 75 the
398 2654 200 75 inequalities
622 2654 34 75 as
680 2654 35 75 to
739 2654 92 75 make
854 2654 57 75 her
933 2654 115 75 appear
1073 2654 89 75 quite

136 2700 121 75 round;
281 2700 64 75 jud
369 2700 34 75 as
428 2700 91 75 when
544 2700 61 75 one
629 2700 91 75 looks
746 2700 33 75 at
796 2700 38 75 an
851 2700 129 75 orange,
1006 2700 154 75 although

136 2747 40 75 its
190 2747 170 75 roughnefs
374 2747 39 75 be
430 2747 76 75 very
522 2747 188 75 difcernible
727 2747 40 75 on
785 2747 55 75 the
856 2747 62 75 fide
931 2747 78 75 next
1022 2747 54 75 the
1089 2747 71 75 eye,

136 2793 167 75 efpecially
319 2793 31 75 if
368 2793 55 75 the
439 2793 54 75 fun
512 2793 37 75 or
569 2793 18 75 a
604 2793 111 75 candle
735 2793 100 75 ftiines
852 2793 166 75 obliquely
1034 2793 40 75 on
1091 2793 72 75 that

136 2838 76 75 fide,
239 2838 52 75 yet
309 2838 54 75 the
375 2838 62 75 line
453 2838 202 75 terminating
668 2838 55 75 the
738 2838 107 75 vilible
862 2838 71 75 part
951 2838 60 75 dill
1031 2838 130 75 appears

135 2885 125 75 fmooth
277 2885 62 75 and
356 2885 91 75 even.

185 2931 47 75 As
249 2931 54 75 the
320 2931 56 75 fun
393 2931 56 75 can
475 2931 77 75 only
567 2931 160 75 enlighten
745 2931 71 75 that
840 2931 69 75 half
932 2931 40 75 of
990 2931 56 75 the
1070 2931 91 75 earth

136 2977 102 75 which
257 2977 9 75 *
266 2959 17 49 s
300 2959 33 49 at
350 2977 61 75 any
427 2977 140 75 moment
591 2977 115 75 turned
721 2977 140 75 towards
878 2977 79 75 him,
983 2977 61 75 and
1068 2977 95 75 being

137 3024 186 75 withdrawn
341 3024 82 75 from
447 3024 55 75 the
519 3024 139 75 oppofite
673 3024 81 75 half,
777 3024 105 75 leaves
899 3024 25 75 it
939 3024 33 75 in
987 3024 149 75 darknefs
1149 3024 11 75 ;

185 3072 98 75 Vox.
298 3072 41 75 '!.
389 3072 70 75 No.
482 3072 56 75 20.

1041 3072 17 75 3

1192 170 3 75 1
1273 170 44 75 N
1394 170 41 75 O
1513 170 48 75 M
1637 170 52 75 Y.

2167 170 82 75 465

1213 240 35 75 fo
1264 240 41 75 he
1328 240 140 75 likewife
1484 240 81 75 doth
1583 240 35 75 to
1635 240 55 75 the
1707 240 118 75 moon;
1851 240 80 75 only
1948 240 77 75 with
2051 240 63 75 this
2139 240 112 75 differ-

1214 287 89 75 ence,
1331 287 69 75 that
1417 287 55 75 the
1489 287 91 75 earth
1599 287 95 75 being
1710 287 198 75 furrounded
1923 287 43 75 by
1983 287 38 75 an
2034 287 211 75 atjnofphere,

1213 333 62 75 and
1293 333 55 75 the
1371 333 96 75 moon
1483 333 120 75 having
1626 333 94 75 none,
1746 333 49 75 we
1820 333 80 75 have
1923 333 140 75 twilight
2088 333 82 75 after
2191 333 55 75 the

1212 380 55 75 fun
1284 380 62 75 fets
1358 380 8 75 ;
1366 354 9 104 ■
1394 380 59 75 but
1477 380 55 75 the
1556 380 94 75 lunar
1672 380 195 75 inhabitants
1893 380 81 75 have
2000 380 38 75 an
2062 380 185 75 immediate

1211 426 161 75 tranfition
1400 426 86 75 from
1515 426 54 75 the
1598 426 154 75 brighted
1780 426 157 75 fun-fhine
1966 426 34 75 to
2028 426 55 75 the
2108 426 140 75 blacked

1211 473 163 75 darknefs.
1434 473 77 75 For,
1545 473 109 75 (Plate
1676 473 136 75 XLIII.
1838 473 56 75 fig.
1917 473 51 75 3.)
2000 473 46 75 let
2074 473 103 75 tkrsiv
2204 473 40 75 be

1212 519 55 75 the
1283 519 104 75 earth,
1406 519 62 75 and
1486 519 261 75 ABCDEFGH
1761 519 55 75 the
1832 519 96 75 moon
1941 519 31 75 in
1988 519 89 75 eight
2094 519 151 75 different

1210 566 88 75 parts
1315 566 40 75 of
1373 566 58 75 her
1447 566 98 75 orbit.
1595 566 49 75 As
1668 566 56 75 the
1748 566 92 75 earth
1865 566 91 75 turns
1981 566 103 75 round
2108 566 40 75 its
2171 566 72 75 axis

1209 613 85 75 from
1311 613 73 75 wed
1400 613 35 75 to
1452 613 75 75 ead,
1545 613 93 75 when
1656 613 62 75 any
1733 613 90 75 place
1840 613 106 75 comes
1958 613 34 75 to
2006 613 13 75 t
2035 613 56 75 the
2104 613 139 75 twilight

1210 659 110 75 begins
1337 659 104 75 there,
1467 659 62 75 and
1554 659 92 75 when
1663 659 26 75 it
1709 659 144 75 revolves
1870 659 83 75 from
1970 659 115 75 thence
2102 659 34 75 to
2153 659 19 75 r
2188 659 57 75 the

1210 706 55 75 the
1281 706 56 75 fun
1354 706 26 75 S
1397 706 74 75 rifes
1486 706 9 75 ;
1523 706 93 75 when
1632 706 56 75 the
1706 706 88 75 place
1810 706 107 75 comes
1934 706 35 75 to
1983 706 16 75 s
2017 706 55 75 the
2093 706 55 75 fun
2167 706 75 75 fets,

1209 752 63 75 and
1287 752 93 75 when
1396 752 26 75 it
1446 752 106 75 comes
1576 752 35 75 to
1635 752 33 75 ou
1685 752 55 75 the
1757 752 139 75 twilight
1913 752 91 75 ends.
2053 752 67 75 But
2136 752 34 75 as
2188 752 56 75 the

1209 799 94 75 moon
1320 799 90 75 turns
1427 799 102 75 round
1545 799 58 75 her
1620 799 83 75 axis,
1721 799 105 75 which
1843 799 27 75 is
1887 799 77 75 only
1979 799 79 75 once
2075 799 163 75 a-month,

1204 845 59 75 the
1287 845 142 75 moment
1453 845 71 75 that
1549 845 60 75 any
1634 845 90 75 point
1746 845 40 75 of
1804 845 59 75 her
1887 845 123 75 furface
2035 845 105 75 comes
2153 845 5 75 ,
2168 845 34 75 to
2220 845 19 75 r

1215 891 66 75 (fee
1298 891 55 75 the
1370 891 94 75 moon
1483 891 31 75 at
1532 891 56 75 GJ
1607 891 55 75 the
1678 891 54 75 fun
1751 891 75 75 rifes
1838 891 91 75 there
1945 891 137 75 without
2098 891 62 75 any
2170 891 72 75 pre-

1209 938 92 75 vious
1326 938 143 75 warning
1496 938 44 75 by
1564 938 161 75 twilight;
1751 938 65 75 and
1840 938 93 75 when
1962 938 54 75 the
2040 938 84 75 fame
2151 938 91 75 point

1212 985 105 75 comes
1330 985 35 75 to
1381 985 15 75 /
1409 985 55 75 the
1481 985 55 75 fiut
1553 985 74 75 fets,
1654 985 63 75 and
1728 985 70 75 that
1809 985 90 75 point
1915 985 76 75 goes
2007 985 69 75 into
2091 985 151 75 darknefs

1211 1031 34 75 as
1263 1031 94 75 black
1373 1031 33 75 as
1424 1031 32 75 at
1472 1031 170 75 midnight.

1258 1077 76 75 The
1350 1077 95 75 moon
1463 1077 94 75 being
1580 1077 39 75 an
1643 1077 124 75 opaque
1790 1077 156 75 fpherical
1966 1077 100 75 body,
2093 1077 68 75 (for
2183 1077 59 75 her

1210 1124 74 75 hills
1301 1124 74 75 take
1392 1124 52 75 off
1462 1124 42 75 no
1522 1124 87 75 more
1627 1124 84 75 from
1729 1124 57 75 her
1804 1124 171 75 roundnefs
1993 1124 77 75 than
2096 1124 55 75 the
2174 1124 68 75 ine-

1209 1170 149 75 qualities
1376 1170 40 75 on
1434 1170 56 75 the
1506 1170 122 75 fufface
1651 1170 40 75 of
1711 1170 37 75 an
1765 1170 119 75 orange
1906 1170 90 75 takes
2017 1170 54 75 off
2090 1170 84 75 from
2197 1170 43 75 its

1207 1217 205 75 roundnefs),
1438 1217 49 75 we
1503 1217 59 75 can
1579 1217 76 75 only
1671 1217 50 75 fee
1738 1217 69 75 that
1824 1217 71 75 part
1910 1217 40 75 of
1961 1217 56 75 the
2034 1217 207 75 enlightened

1206 1263 75 75 half
1292 1263 40 75 of
1351 1263 56 75 her
1422 1263 102 75 which
1542 1263 26 75 is
1585 1263 140 75 towards
1743 1263 54 75 the
1814 1263 105 75 eatth.
1969 1263 78 75 And
2063 1263 175 75 therefore,

1206 1310 94 75 when
1317 1310 54 75 the
1388 1310 96 75 moon
1499 1310 26 75 is
1544 1310 33 75 at
1597 1310 43 75 A,
1665 1310 32 75 in
1722 1310 202 75 coojundtion
1941 1310 78 75 with
2043 1310 57 75 the
2125 1310 56 75 fun
2199 1310 39 75 S,

1207 1356 58 75 her
1281 1356 80 75 dark
1380 1356 70 75 half
1470 1356 25 75 is
1513 1356 139 75 towards
1678 1356 54 75 the
1756 1356 104 75 earth,
1886 1356 63 75 and
1970 1356 52 75 (lie
2045 1356 194 75 difappears,

1209 1402 32 75 as
1260 1402 32 75 at
1308 1402 49 75 a,.
1367 1402 91 75 there
1476 1402 93 75 being
1580 1402 42 75 no
1638 1402 83 75 light
1737 1402 40 75 on
1790 1402 72 75 that
1877 1402 74 75 half
1970 1402 34 75 to
2017 1402 118 75 render
2152 1402 26 75 it
2189 1402 48 75 vi-

1209 1450 86 75 fible.
1345 1450 109 75 When
1468 1450 55 75 ihe
1540 1450 106 75 comes
1663 1450 35 75 to
1720 1450 58 75 her
1794 1450 64 75 fird
1875 1450 106 75 odtant
2002 1450 32 75 at
2054 1450 41 75 B,
2121 1450 38 75 or
2183 1450 57 75 has

1209 1496 81 75 gone
1306 1496 40 75 an
1363 1496 109 75 eighth
1481 1496 80 75 ipart
1577 1496 41 75 of
1637 1496 57 75 her
1710 1496 85 75 orbit
1811 1496 85 75 from
1913 1496 57 75 her
1988 1496 214 75 conjunflion,
2221 1496 19 75 a

1210 1542 131 75 quarter
1358 1542 40 75 of
1416 1542 57 75 her
1489 1542 203 75 enlightened
1704 1542 63 75 fide
1784 1542 26 75 is
1827 1542 140 75 towards
1985 1542 55 75 the
2053 1542 104 75 earth,
2176 1542 64 75 and

1210 1589 51 75 file
1277 1589 131 75 appears
1425 1589 136 75 horned,
1579 1589 33 75 as
1625 1589 33 75 at
1674 1589 30 75 b.
1753 1589 111 75 When
1876 1589 51 75 {he
1944 1589 55 75 has
2016 1589 82 75 gone
2115 1589 18 75 a
2144 1589 98 75 quar-

1211 1634 49 75 ter
1283 1634 40 75 of
1341 1634 59 75 her
1423 1634 87 75 orbit
1534 1634 85 75 from
1642 1634 145 75 between
1812 1634 54 75 the
1892 1634 91 75 earth
2000 1634 61 75 and
2078 1634 55 75 fun
2150 1634 35 75 to
2201 1634 39 75 C,

1210 1682 51 75 {he
1278 1682 98 75 {hews
1393 1682 37 75 us
1446 1682 61 75 one
1530 1682 74 75 half
1622 1682 40 75 of
1681 1682 58 75 her
1763 1682 206 75 enlightened
1993 1682 75 75 fide,
2094 1682 34 75 as
2152 1682 33 75 at
2208 1682 29 75 c,

1211 1728 61 75 and
1289 1728 48 75 we
1354 1728 65 75 fay,
1445 1728 51 75 fixe
1513 1728 26 75 is
1563 1728 19 75 a
1597 1728 132 75 quarter
1745 1728 67 75 old.
1862 1728 49 75 At
1927 1728 36 75 D
1989 1728 30 75 in
2043 1728 59 75 her
2124 1728 118 75 fecond

1210 1776 116 75 odtant,
1351 1776 63 75 and
1430 1776 43 75 by
1489 1776 138 75 {hewing
1644 1776 36 75 us
1698 1776 88 75 more
1810 1776 40 75 of
1868 1776 59 75 her
1950 1776 205 75 enlightened
2178 1776 63 75 fide

1209 1821 51 75 {he
1277 1821 131 75 appears
1424 1821 148 75 gibbous,
1598 1821 32 75 as
1649 1821 32 75 at
1697 1821 34 75 d.
1781 1821 48 75 At
1851 1821 30 75 E
1898 1821 58 75 her
1973 1821 105 75 whole
2101 1821 139 75 enlight-

1207 1868 85 75 ened
1314 1868 63 75 fide
1405 1868 25 75 is
1458 1868 140 75 towards
1627 1868 55 75 the
1710 1868 103 75 earth,
1840 1868 62 75 and
1925 1868 160 75 therefore
2106 1868 53 75 Ihe
2182 1868 55 75 ap-

1207 1915 90 75 pears
1324 1915 116 75 round,
1474 1915 33 75 as
1532 1915 32 75 at
1588 1915 29 75 e,
1650 1915 92 75 when
1767 1915 48 75 we
1839 1915 66 75 fay,
1939 1915 25 75 it
1988 1915 26 75 is
2039 1915 60 75 full
2112 1915 6 75 .
2127 1915 109 75 moon.

1208 1962 37 75 In
1257 1962 57 75 her
1331 1962 90 75 third
1438 1962 106 75 odtant
1562 1962 31 75 at
1610 1962 38 75 F,
1674 1962 70 75 part
1761 1962 41 75 of
1820 1962 57 75 her
1892 1962 82 75 dark
1991 1962 61 75 fide
2068 1962 95 75 being
2187 1962 51 75 to-

1207 2008 103 75 wards
1327 2008 55 75 the
1407 2008 103 75 earth,
1536 2008 51 75 fire
1613 2008 89 75 again
1729 2008 129 75 appears
1886 2008 148 75 gibbous,
2059 2008 62 75 and
2145 2008 27 75 is
2195 2008 43 75 on

1208 2054 54 75 the
1278 2054 159 75 decreafe,
1464 2054 32 75 as
1510 2054 32 75 at
1555 2054 38 75 f.
1642 2054 50 75 At
1709 2054 29 75 G
1756 2054 48 75 we
1821 2054 49 75 fee
1884 2054 63 75 juft
1958 2054 61 75 one
2035 2054 74 75 half
2120 2054 40 75 of
2178 2054 56 75 hef

1207 2101 204 75 enlightened
1422 2101 75 75 fide,
1515 2101 61 75 and
1591 2101 51 75 {he
1655 2101 132 75 appears
1805 2101 72 75 half
1883 2101 185 75 decreafed,
2087 2101 36 75 or
2135 2101 31 75 in
2179 2101 58 75 her

1207 2146 88 75 third
1312 2146 142 75 quarter,
1480 2146 33 75 as
1532 2146 32 75 at
1581 2146 38 75 g.
1670 2146 48 75 At
1739 2146 33 75 H
1787 2146 47 75 we
1853 2146 77 75 only
1946 2146 49 75 fee
2013 2146 18 75 a
2047 2146 131 75 quarter
2201 2146 41 75 of

1206 2193 57 75 her
1279 2193 204 75 enlightened
1500 2193 75 75 fide,
1601 2193 94 75 being
1712 2193 32 75 in
1767 2193 59 75 her
1850 2193 109 75 fourth
1985 2193 118 75 odtant,
2129 2193 108 75 where

1207 2240 50 75 {he
1274 2240 131 75 appears
1421 2240 135 75 horned,
1582 2240 34 75 as
1642 2240 32 75 at
1700 2240 34 75 h.
1781 2240 78 75 And
1883 2240 32 75 at
1939 2240 45 75 A,
2008 2240 117 75 having
2148 2240 87 75 corn-

1207 2285 126 75 pleated
1349 2285 58 75 her
1424 2285 108 75 courfe
1550 2285 83 75 from
1651 2285 54 75 the
1717 2285 55 75 fun
1789 2285 35 75 to
1840 2285 55 75 Hie
1907 2285 54 75 fun
1979 2285 103 75 again,
2108 2285 51 75 Ihe
2170 2285 63 75 dif-

1207 2332 143 75 appears,
1373 2332 61 75 and
1450 2332 49 75 we
1524 2332 65 75 fiy,
1614 2332 27 75 it
1666 2332 25 75 is
1716 2332 71 75 new
1812 2332 108 75 moon.
1968 2332 101 75 Thus,
2087 2332 32 75 in
2136 2332 98 75 going

1207 2378 83 75 from
1317 2378 34 75 A
1373 2378 34 75 to
1424 2378 43 75 E,
1494 2378 54 75 the
1565 2378 95 75 moon
1685 2378 98 75 feems
1808 2378 198 75 continually
2022 2378 34 75 to
2072 2378 137 75 increafe
2222 2378 11 75 ;

1207 2424 61 75 and
1284 2424 31 75 in
1333 2424 95 75 going
1445 2424 83 75 from
1549 2424 8 75 .
1557 2424 22 75 ff
1597 2424 34 75 to
1650 2424 44 75 A,
1719 2424 36 75 to
1770 2424 145 75 decreafe
1932 2424 31 75 in
1981 2424 54 75 the
2051 2424 84 75 fame
2161 2424 73 75 pro-

1207 2470 124 75 portion
1344 2470 9 75 ;
1380 2470 117 75 having
1514 2470 63 75 like
1593 2470 109 75 phafes
1719 2470 33 75 at
1767 2470 94 75 equal
1874 2470 152 75 diftances
2044 2470 84 75 from
2146 2470 36 75 A
2196 2470 38 75 or

1206 2517 41 75 E,
1274 2517 57 75 but
1343 2517 34 75 as
1389 2517 71 75 feen
1474 2517 83 75 from
1574 2517 54 75 the
1645 2517 54 75 fun
1717 2517 37 75 S,
1779 2517 51 75 fhe
1847 2517 26 75 is
1887 2517 116 75 always
2016 2517 73 75 full.

1251 2563 76 75 The
1345 2563 93 75 moon
1457 2563 129 75 appears
1604 2563 55 75 not
1670 2563 154 75 perfedtly
1841 2563 103 75 round
1956 2563 92 75 when
2061 2563 51 75 ftie
2128 2563 26 75 is
2172 2563 61 75 full

1206 2609 31 75 in
1262 2609 54 75 the
1340 2609 122 75 higheft
1486 2609 37 75 or
1546 2609 107 75 loweft
1676 2609 71 75 part
1772 2609 39 75 of
1830 2609 57 75 her
1909 2609 96 75 orbit,
2031 2609 130 75 becaufe
2184 2609 50 75 we

1206 2655 79 75 have
1303 2655 55 75 not
1371 2655 18 75 a
1404 2655 60 75 full
1482 2655 79 75 view
1578 2655 40 75 of
1635 2655 59 75 her
1710 2655 203 75 enlightened
1932 2655 60 75 fide
2009 2655 32 75 at
2053 2655 70 75 that
2142 2655 89 75 time.

1206 2702 109 75 When
1333 2702 58 75 full
1411 2702 30 75 in
1459 2702 54 75 the
1532 2702 122 75 higheft
1671 2702 69 75 part
1758 2702 39 75 of
1816 2702 57 75 her
1890 2702 96 75 orbit,
2013 2702 18 75 a
2046 2702 89 75 fmall
2152 2702 79 75 defi-

1204 2748 111 75 ciency
1326 2748 129 75 appears
1472 2748 41 75 on
1525 2748 57 75 her
1598 2748 100 75 lower
1713 2748 79 75 edge
1804 2748 10 75 ;
1833 2748 62 75 and
1906 2748 54 75 the
1979 2748 148 75 contrary
2139 2748 93 75 when

1207 2793 58 75 full
1283 2793 30 75 in
1332 2793 53 75 the
1397 2793 109 75 loweft
1521 2793 69 75 part
1607 2793 40 75 of
1666 2793 57 75 her
1739 2793 98 75 orbit.

1255 2839 29 75 It
1302 2839 24 75 is
1345 2839 82 75 plain
1447 2839 43 75 by
1506 2839 55 75 the
1582 2839 111 75 figure,
1717 2839 72 75 that
1807 2839 90 75 when
1914 2839 55 75 the
1982 2839 94 75 moon
2094 2839 137 75 changes

1207 2886 35 75 to
1266 2886 53 75 the
1344 2886 101 75 earth,
1471 2886 54 75 the
1549 2886 90 75 earth
1665 2886 129 75 appears
1818 2886 59 75 full
1903 2886 35 75 to
1955 2886 55 75 the
2025 2886 118 75 moon;
2169 2886 63 75 and

1206 2934 70 75 vice
1292 2934 103 75 verfa.
1444 2934 65 75 For
1532 2934 92 75 when
1648 2934 56 75 the
1729 2934 95 75 moon
1849 2934 26 75 is
1899 2934 32 75 at
1957 2934 45 75 A,
2025 2934 70 75 new
2119 2934 33 75 to
2176 2934 56 75 the

1208 2979 101 75 earth,
1335 2979 55 75 the
1406 2979 104 75 wdiole
1522 2979 203 75 enlightened
1741 2979 62 75 fide
1815 2979 40 75 of
1871 2979 54 75 the
1942 2979 89 75 earth
2048 2979 25 75 is
2091 2979 140 75 towards

1206 3027 54 75 the
1276 3027 117 75 moon.;
1423 3027 63 75 and
1503 3027 21 75 w
1533 3027 61 75 hen
1611 3027 54 75 the
1678 3027 95 75 moon
1787 3027 29 75 is
1833 3027 32 75 at
1882 3027 42 75 E,
1941 3027 59 75 full
2013 3027 34 75 to
2060 3027 54 75 the
2125 3027 105 75 earth,

1639 3075 19 75 6
1702 3075 30 75 B

2186 3075 41 75 its
