2483 3387
644 177 1051 75 ARITHMETIC
1774 177 49 75 K.

2214 177 89 75 37c

177 254 44 75 26
237 254 51 75 for
303 254 19 75 a
338 254 200 75 remainder;
573 254 106 75 which
704 254 46 75 fet
775 254 116 75 below,
917 254 64 75 and
1004 254 138 75 proceed
1173 254 36 75 to

175 298 57 75 the
250 298 159 75 quarters,
434 298 120 75 faying,
576 298 14 75 i
611 298 132 75 quarter
759 298 171 75 borrowed
945 298 63 75 and
1027 298 16 75 3
1063 298 93 75 make
1174 298 33 75 4,

175 344 106 75 which
296 344 85 75 from
394 344 13 75 1
421 344 63 75 you
497 344 127 75 cannot,
638 344 57 75 but
706 344 85 75 from
805 344 33 75 4,
851 344 56 75 the
919 344 134 75 number
1064 344 41 75 of
1112 344 97 75 quar-

175 390 64 75 ters
255 390 33 75 in
309 390 14 75 1
343 390 44 75 C.
413 390 62 75 and
491 390 23 75 o
530 390 147 75 remains,
703 390 106 75 which
833 390 23 75 o
879 390 104 75 added
1006 390 35 75 to
1069 390 12 75 1
1103 390 32 75 in
1151 390 57 75 the

175 436 102 75 major
293 436 88 75 gives
402 436 13 75 1
435 436 53 75 for
505 436 18 75 a
545 436 197 75 remainder;
770 436 104 75 which
892 436 46 75 fet
955 436 108 75 down,
1091 436 62 75 and
1164 436 43 75 go

175 482 39 75 on
233 482 34 75 to
282 482 55 75 the
354 482 42 75 C.
424 482 105 75 which
552 482 54 75 are
630 482 153 75 integers,
809 482 120 75 faying,
959 482 14 75 1
994 482 43 75 C.
1063 482 143 75 borrow-

174 529 41 75 ed
241 529 63 75 and
336 529 21 75 9
386 529 93 75 make
512 529 53 75 10,
603 529 107 75 which
738 529 85 75 from
851 529 22 75 4
902 529 64 75 you
993 529 129 75 cannot,
1147 529 60 75 but

173 576 85 75 from
287 576 54 75 14,
366 576 67 75 &c.

391 679 66 75 III.
506 679 69 75 The
590 679 114 75 Proof
709 679 44 75 of
758 679 222 75 Subtraftion.

219 763 248 75 Merchants
486 763 61 75 and
566 763 70 75 men
655 763 40 75 of
718 763 137 75 bufinefs
872 763 52 75 ufe
941 763 41 75 no
1000 763 94 75 other
1110 763 104 75 proof

172 809 119 75 befides
316 809 19 75 a
359 809 111 75 revifal
498 809 41 75 of
561 809 56 75 the
645 809 104 75 work,
774 809 37 75 or
828 809 136 75 running
981 809 77 75 over
1074 809 26 75 it
1123 809 18 75 a
1157 809 47 75 fe-

171 856 84 75 cond
270 856 77 75 time
361 856 11 75 ;
399 856 57 75 but
475 856 26 75 it
517 856 26 75 is
561 856 88 75 ufual
665 856 31 75 in
714 856 127 75 fchools
858 856 36 75 to
914 856 58 75 put
996 856 55 75 the
1079 856 129 75 learner

170 902 86 75 upon
272 902 139 75 proving
423 902 56 75 the
495 902 177 75 operation,
698 902 43 75 by
762 902 87 75 fome
871 902 41 75 of
935 902 57 75 the
1020 902 91 75 three
1138 902 68 75 me-

171 948 95 75 thods
285 948 178 75 following,
489 948 70 75 viz.

223 995 30 75 1.
277 995 77 75 The
370 995 91 75 work
476 995 76 75 may
572 995 43 75 be
635 995 123 75 proved
772 995 45 75 by
837 995 165 75 addition;
1029 995 52 75 for
1097 995 31 75 if
1139 995 65 75 you

170 1040 64 75 add
262 1040 55 75 the
340 1040 178 75 remainder
540 1040 39 75 to
599 1040 55 75 the
672 1040 116 75 minor,
813 1040 56 75 the
885 1040 69 75 fum
970 1040 125 75 will.be
1110 1040 96 75 equal

172 1086 35 75 to
224 1086 55 75 the
295 1086 116 75 major,
439 1086 33 75 as
490 1086 32 75 in
539 1086 55 75 the
610 1086 170 75 following
794 1086 161 75 example.

446 1146 139 75 Exarnp.
696 1146 42 75 L.
798 1146 29 75 s.
888 1146 33 75 d.

493 1192 104 75 major
692 1192 40 75 73
789 1192 39 75 15
883 1192 42 75 10

490 1238 103 75 minor
689 1238 44 75 48
788 1238 38 75 12
900 1238 23 75 6

492 1330 79 75 rem.
687 1330 42 75 25
806 1330 18 75 3
900 1330 22 75 4

492 1422 101 75 proof
686 1422 41 75 73
784 1422 38 75 15
879 1422 41 75 10

220 1479 32 75 2.
278 1479 52 75 By
346 1479 213 75 fubtradhon;
587 1479 51 75 for
660 1479 32 75 if
715 1479 64 75 you
797 1479 140 75 fubtrad!
955 1479 55 75 the
1028 1479 178 75 remainder

168 1524 84 75 from
265 1524 54 75 the
335 1524 115 75 major,
468 1524 55 75 the
539 1524 173 75 difference
730 1524 65 75 will
808 1524 40 75 be
863 1524 96 75 equal
973 1524 34 75 to
1020 1524 55 75 the
1087 1524 116 75 minor,

168 1570 38 75 as
220 1570 141 75 follows.

782 1618 40 75 L.
882 1618 29 75 s,
973 1618 35 75 d.

389 1666 90 75 5847
574 1666 103 75 major
774 1666 41 75 73
867 1666 43 75 .15
964 1666 46 75 10

390 1712 90 75 2569
575 1712 105 75 minor
774 1712 44 75 48
872 1712 40 75 12
986 1712 21 75 6

389 1804 90 75 3278
574 1804 82 75 rem.
776 1804 43 75 25
894 1804 17 75 3
985 1804 23 75 4

386 1896 90 75 25-69
572 1896 101 75 proof
768 1896 47 75 48
866 1896 40 75 12
981 1896 27 75 (y

216 1948 32 75 3.
274 1948 54 75 By
344 1948 115 75 carting
476 1948 61 75 our
557 1948 55 75 the
630 1948 81 75 9’s;.
727 1948 53 75 for
802 1948 57 75 the
874 1948 103 75 major
993 1948 97 75 being
1104 1948 93 75 equal

167 1994 35 75 to
218 1994 57 75 the
291 1994 65 75 fum
373 1994 40 75 of
424 1994 55 75 the
496 1994 105 75 minor
616 1994 63 75 and
699 1994 189 75 remainder,
913 1994 33 75 if
964 1994 63 75 you
1056 1994 62 75 cart
1142 1994 56 75 the

168 2040 49 75 9’s
234 2040 57 75 out
312 2040 40 75 of
363 2040 55 75 the
439 2040 116 75 major,
580 2040 63 75 and
659 2040 89 75 place
769 2040 55 75 the
840 2040 110 75 excefs
968 2040 33 75 at
1016 2040 56 75 the
1089 2040 56 75 top
1161 2040 43 75 of

165 2086 56 75 the
239 2086 98 75 crofs,
362 2086 62 75 and
441 2086 76 75 then
534 2086 62 75 cart
612 2086 55 75 the
686 2086 49 75 9’s
752 2086 57 75 out
825 2086 40 75 of
877 2086 55 75 the
947 2086 105 75 minor
1067 2086 63 75 and
1144 2086 52 75 re-

166 2131 155 75 mainder,
346 2131 34 75 as
396 2131 31 75 if
438 2131 78 75 they
532 2131 83 75 were
631 2131 95 75 items
739 2131 32 75 in
789 2131 155 75 addition,
961 2131 62 75 and
1039 2131 89 75 place
1139 2131 60 75 the

167 2177 110 75 excefs
294 2177 33 75 at
343 2177 55 75 the
420 2177 70 75 foot
506 2177 40 75 of
558 2177 56 75 the
631 2177 98 75 crofs,
753 2177 26 75 it
801 2177 27 75 is
855 2177 87 75 plain
968 2177 56 75 the
1046 2177 100 75 figure
1162 2177 38 75 at

166 2224 56 75 the
238 2224 56 75 top
317 2224 62 75 and
394 2224 85 75 foot,
501 2224 35 75 if
545 2224 56 75 the
615 2224 92 75 work
723 2224 40 75 be
780 2224 181 75 right,.will
979 2224 39 75 be
1029 2224 56 75 the
1097 2224 96 75 fame.

167 2270 101 75 Only,
304 2270 32 75 in
364 2270 136 75 proving
522 2270 192 75 fubtradtion
742 2270 43 75 of
806 2270 130 75 money,
977 2270 219 75 Avoirdupois

166 2316 132 75 weight,
324 2316 65 75 <bc.
414 2316 71 75 care
502 2316 79 75 murt
595 2316 39 75 be
650 2316 96 75 taken
758 2316 34 75 to
809 2316 92 75 begin
915 2316 80 75 with
1006 2316 56 75 the
1074 2316 122 75 higheft

168 2364 249 75 denomination,
442 2364 154 75 reducing
628 2364 119 75 always
775 2364 56 75 the
860 2364 109 75 excefs
991 2364 36 75 to
1042 2364 55 75 the
1116 2364 83 75 next

165 2409 133 75 inferior
314 2409 251 75 denomination,
583 2409 34 75 as
633 2409 114 75 taught
759 2409 38 75 in.
804 2409 56 75 the
876 2409 102 75 proof
987 2409 42 75 of
1038 2409 159 75 addition.

167 2456 60 75 See
243 2456 56 75 the
314 2456 167 75 following
500 2456 160 75 example.

549 2521 41 75 L.
648 2521 29 75 s.
737 2521 34 75 d.

377 2565 104 75 major
540 2565 43 75 73
637 2565 44 75 15.
731 2565 42 75 10

377 2611 104 75 minor
540 2611 44 75 48
637 2611 39 75 12
749 2611 22 75 6

376 2704 81 75 rem.
536 2704 54 75 25.
653 2704 19 75 3
746 2704 22 75 4

958 2670 28 75 T

231 2840 164 75 Chap.
425 2840 73 75 IV.
557 2840 569 75 Multiplication.

1260 247 102 75 under
1385 247 56 75 the
1466 247 146 75 common
1637 247 90 75 name
1755 247 41 75 of
1808 247 156 75 faftors;
1991 247 63 75 and
2081 247 56 75 the
2162 247 136 75 number

1260 294 112 75 arifing
1388 294 85 75 from
1489 294 55 75 the
1560 294 246 75 multiplication
1834 294 41 75 of
1893 294 55 75 the
1975 294 62 75 one
2061 294 44 75 by
2129 294 55 75 the
2200 294 97 75 other

1260 340 25 75 is
1306 340 105 75 called
1430 340 56 75 the
1509 340 148 75 produft,
1693 340 62 75 and
1777 340 181 75 fometimes
1987 340 55 75 the
2059 340 92 75 fatt,
2177 340 38 75 or
2239 340 56 75 the

1259 388 174 75 rettangle.
1483 388 37 75 If
1535 388 19 75 a
1576 388 176 75 multiplier
1777 388 126 75 confifts
1929 388 42 75 of
1992 388 67 75 two
2085 388 37 75 or
2149 388 91 75 more
2256 388 38 75 fi-

1259 433 106 75 gures,
1391 433 56 75 the
1474 433 150 75 numbers
1648 433 113 75 arifing
1788 433 85 75 from
1901 433 55 75 the
1984 433 246 75 multiplication
2259 433 44 75 of

1259 480 87 75 thefe
1361 480 121 75 feveral
1499 480 116 75 figures
1627 480 68 75 into
1707 480 56 75 the
1780 480 233 75 multiplicand,
2032 480 53 75 are
2098 480 103 75 called
2211 480 85 75 par-

1258 527 137 75 ticular,
1421 527 38 75 or
1468 527 136 75 partial
1611 527 177 75 produtts;
1816 527 62 75 and
1890 527 84 75 their
1990 527 68 75 fum
2075 527 26 75 is
2115 527 105 75 called
2237 527 57 75 the

1257 572 85 75 total
1350 572 150 75 produh.

1304 622 254 75 Multiplication
1582 622 77 75 then
1682 622 26 75 is
1732 622 56 75 the
1805 622 110 75 taking
1935 622 37 75 or
1997 622 163 75 repeating
2175 622 41 75 of
2237 622 57 75 the

1257 668 235 75 multiplicand,
1502 668 33 75 as
1548 668 90 75 often
1650 668 33 75 as
1694 668 55 75 the
1761 668 173 75 multiplier
1947 668 142 75 contains
2099 668 104 75 unity.
2229 668 63 75 Or,

1304 715 267 75 Multiplication,
1597 715 85 75 from
1700 715 19 75 a
1735 715 224 75 multiplicand
1984 715 64 75 and
2074 715 19 75 a
2119 715 176 75 multiplier

1256 762 105 75 given,
1387 762 81 75 finds
1485 762 19 75 a
1522 762 87 75 third
1637 762 145 75 number,
1808 762 105 75 called
1937 762 56 75 the
2010 762 164 75 produft,.
2186 762 108 75 which

1257 807 143 75 contains
1417 807 55 75 the
1491 807 222 75 multiplicand
1728 807 34 75 as
1779 807 90 75 often
1885 807 35 75 as
1942 807 56 75 the
2015 807 175 75 multiplier
2217 807 78 75 con-

1257 852 80 75 tains
1356 852 104 75 unity.

1304 900 113 75 Hence
1444 900 245 75 multiplication
1707 900 135 75 fupplies
1861 900 55 75 the
1932 900 90 75 place
2038 900 41 75 of
2089 900 96 75 many
2201 900 93 75 addi-

1257 945 84 75 tions
1352 945 11 75 ;
1389 945 53 75 for
1457 945 31 75 if
1499 945 56 75 the
1570 945 220 75 multiplicand
1807 945 39 75 be
1862 945 151 75 repeated
2029 945 38 75 or
2082 945 48 75 fet
2146 945 94 75 down
2259 945 35 75 as

1258 991 87 75 often
1363 991 32 75 as
1421 991 91 75 there
1540 991 53 75 are
1620 991 86 75 units
1730 991 32 75 in
1788 991 55 75 the
1870 991 189 75 multiplier,
2084 991 57 75 the
2163 991 68 75 fum
2257 991 43 75 of

1257 1037 102 75 thefe,
1382 1037 96 75 taken
1496 1037 43 75 by
1555 1037 155 75 addition,
1737 1037 65 75 will
1827 1037 39 75 be
1890 1037 94 75 equal
2013 1037 37 75 to
2075 1037 55 75 the
2157 1037 137 75 product

1256 1083 44 75 by
1322 1083 258 75 multiplication.
1629 1083 109 75 Thus,
1766 1083 95 75 5X3
1875 1083 37 75 =
1928 1083 122 75 15=5
2066 1083 38 75 +
2126 1083 17 75 5
2162 1083 38 75 +
2219 1083 32 75 5.

1305 1131 76 75 The
1397 1131 66 75 firft
1482 1131 63 75 and
1559 1131 110 75 loweff
1686 1131 64 75 flrep
1766 1131 32 75 in
1815 1131 247 75 multiplication
2083 1131 40 75 is,
2149 1131 35 75 to
2208 1131 87 75 mul-

1257 1176 83 75 tiply
1355 1176 60 75 one
1431 1176 85 75 digit
1529 1176 44 75 by
1589 1176 134 75 another
1735 1176 9 75 ;
1764 1176 62 75 and
1838 1176 56 75 the
1906 1176 64 75 fairt
1982 1176 37 75 or
2031 1176 134 75 number
2177 1176 117 75 thence

1259 1223 114 75 arifing
1397 1223 27 75 is
1441 1223 102 75 called
1561 1223 18 75 a
1591 1223 112 75 Jingle
1712 1223 151 75 produtt.
1911 1223 87 75 This
2016 1223 196 75 elementary
2227 1223 66 75 ftep

1259 1269 74 75 may
1359 1269 38 75 be
1427 1269 131 75 learned
1587 1269 84 75 from
1701 1269 55 75 the
1783 1269 167 75 following
1978 1269 100 75 table,
2108 1269 185 75 commonly

1256 1317 103 75 called
1373 1317 212 75 Pythagoras'
1585 1317 18 75 s
1616 1317 87 75 table
1715 1317 43 75 of
1760 1317 256 75 multiplication
2029 1317 10 75 :
2058 1317 105 75 which
2176 1317 26 75 is
2216 1317 77 75 con-

1256 1366 215 75 fultedthus;
1497 1366 74 75 feek
1599 1366 60 75 one
1681 1366 41 75 of
1742 1366 55 75 the
1821 1366 98 75 digits
1936 1366 37 75 or
1990 1366 151 75 numbers
2167 1366 41 75 on
2234 1366 58 75 the

1256 1409 93 75 head,
1376 1409 63 75 and
1455 1409 56 75 the
1527 1409 95 75 other
1638 1409 41 75 on
1699 1409 56 75 the
1770 1409 61 75 left
1847 1409 83 75 fide,,
1949 1409 108 75 and.in
2076 1409 54 75 the
2147 1409 92 75 angle
2256 1409 43 75 of

1256 1456 141 75 meeting
1419 1456 63 75 you
1509 1456 82 75 have
1615 1456 85 75 their
1727 1456 146 75 produdt.
1922 1456 76 75 The
2014 1456 149 75 learner,,
2178 1456 112 75 before

1257 1501 40 75 he
1314 1501 135 75 proceed
1465 1501 137 75 further,
1628 1501 100 75 ought
1745 1501 34 75 to
1795 1501 54 75 get
1862 1501 55 75 the
1929 1501 86 75 table
2032 1501 43 75 by
2090 1501 106 75 heart.

1303 1549 56 75 To
1379 1549 230 75 Pythagoras’s
1633 1549 87 75 table
1737 1549 53 75 are
1806 1549 77 75 here
1900 1549 117 75 added,
2046 1549 41 75 on
2105 1549 135 75 account
2256 1549 46 75 of

1256 1595 83 75 their
1355 1595 185 75 ufefiilnefs,
1558 1595 56 75 the
1629 1595 148 75 produ&s
1794 1595 42 75 of
1846 1595 55 75 the
1917 1595 151 75 numbers
2089 1595 54 75 10,
2161 1595 53 75 11,
2233 1595 55 75 12.

210 2935 42 75 In
267 2935 244 75 multiplication
523 2935 91 75 there
626 2935 54 75 are
692 2935 66 75 two
769 2935 148 75 numbers
930 2935 105 75 given,
1048 2935 70 75 viz.
1136 2935 61 75 one

165 2983 34 75 to
214 2983 40 75 be
271 2983 193 75 multiplied,
489 2983 103 75 called
616 2983 56 75 the
696 2983 250 75 multiplicand;
984 2983 62 75 and
1062 2983 136 75 another

164 3028 71 75 that
251 3028 174 75 multiplies
452 3028 40 75 it,
518 3028 103 75 called
646 3028 57 75 the
727 3028 206 75 multiplier;
960 3028 88 75 thefe
1072 3028 66 75 two
1154 3028 44 75 go

1468 2917 30 75 I.
1546 2917 269 75 Multiplication
1842 2917 43 75 of
1900 2917 159 75 Integers.

1298 2984 107 75 Rule
1431 2984 31 75 I.
1513 2984 58 75 Set
1587 2984 57 75 the
1661 2984 177 75 multiplier
1855 2984 107 75 below
1981 2984 55 75 the
2053 2984 233 75 multiplicand,

1250 3031 34 75 fo
1300 3031 33 75 as
1350 3031 64 75 like
1431 3031 105 75 places
1553 3031 74 75 may
1644 3031 89 75 Hand
1753 3031 100 75 under
1867 3031 107 75 other,
2000 3031 69 75 viz.
2087 3031 83 75 units
2188 3031 101 75 under
2296 3031 8 75 r

2182 3083 122 75 -units,.
