2396 3377
495 107 245 75 ANA

1036 107 19 75 (

106 174 395 75 ANACLINOPALE,
518 174 116 75 among
650 174 56 75 the
723 174 125 75 ancient
864 174 141 75 athlete,
1023 174 20 75 a
1058 174 79 75 kind

155 223 40 75 of
205 223 171 75 wreftjing,
389 223 184 75 performed
587 223 42 75 on
646 223 55 75 the
717 223 137 75 ground.

106 268 388 75 ANACLINTERIA,
520 268 32 75 in
580 268 172 75 antiquity,
782 268 89 75 thofe
900 268 86 75 parts
1014 268 42 75 of
1082 268 56 75 the

156 316 164 75 triclinear
335 316 135 75 couches
495 316 42 75 on
561 316 107 75 which
684 316 19 75 a
728 316 127 75 cufhion
878 316 66 75 was
961 316 112 75 placed
1087 316 53 75 for

154 362 184 75 fupporting
354 362 56 75 the
425 362 95 75 head.

105 409 357 75 ANACOLLEMA,
481 409 18 75 a
515 409 205 75 compofition
736 409 41 75 of
791 409 171 75 aftringent
978 409 160 75 powders,

152 456 126 75 applied
295 456 43 75 by
354 456 55 75 the
426 456 140 75 ancients
583 456 35 75 to
635 456 56 75 the
708 456 95 75 head,
820 456 35 75 to
875 456 132 75 prevent
1020 456 119 75 deduc-

154 503 84 75 tions
253 503 41 75 on
313 503 55 75 the
384 503 87 75 eyes.

107 550 355 75 ANACREONTIC
480 550 100 75 verfe,
597 550 32 75 in
653 550 126 75 ancient
803 550 127 75 poetry,
960 550 19 75 a
999 550 82 75 kind
1105 550 41 75 of

154 596 101 75 verfe,
279 596 33 75 fo
334 596 104 75 called
454 596 84 75 from
554 596 40 75 its
612 596 95 75 being
723 596 95 75 much
829 596 77 75 ufed
928 596 44 75 by
988 596 55 75 the
1065 596 76 75 poet

154 642 183 75 Anacreon.
387 642 32 75 It
435 642 125 75 confifts
576 642 40 75 of
634 642 92 75 three
742 642 65 75 feet
828 642 63 75 and
907 642 38 75 an
962 642 81 75 half,
1068 642 72 75 ufu-

154 690 66 75 ally
234 690 153 75 fpondees
405 690 62 75 and
482 690 168 75 iambufes,
678 690 63 75 and
767 690 180 75 fometimes
975 690 141 75 anapefts
1129 690 8 75 :

156 735 87 75 Such
259 735 27 75 is
304 735 71 75 that
390 735 41 75 of
442 735 141 75 Horace,

345 805 117 75 Lydia,
481 805 54 75 die
544 805 64 75 per
622 805 118 75 otnnes.

106 875 271 75 ANACRISIS,
395 875 115 75 among
527 875 156 75 civilians,
701 875 38 75 an
755 875 219 75 inveftigation
988 875 40 75 of
1035 875 105 75 truth,

153 920 229 75 interrogation
407 920 39 75 of
463 920 169 75 witneffes,
654 920 63 75 and
732 920 128 75 inquiry
877 920 92 75 made
992 920 70 75 into
1078 920 63 75 any

154 968 75 75 fa£t,
247 968 167 75 fcfpecially
431 968 43 75 by
486 968 139 75 torture.

108 1015 260 75 ANACUICS,
392 1015 30 75 in
435 1015 197 75 geography,
652 1015 19 75 a
686 1015 111 75 people
814 1015 40 75 of
864 1015 110 75 Brazil
990 1015 33 75 in
1040 1015 100 75 Ame-

157 1062 76 75 rica.

107 1108 306 75 ANACYCLUS,
427 1108 33 75 in
475 1108 133 75 botany,
626 1108 19 75 a
656 1108 97 75 genus
766 1108 41 75 of
817 1108 55 75 the
889 1108 179 75 fyngenefia
1083 1108 57 75 po-

154 1155 138 75 lygamia
315 1155 156 75 fuperflua
494 1155 91 75 clafs.
632 1155 78 75 The
734 1155 176 75 receptacle
932 1155 41 75 of
991 1155 55 75 tne
1066 1155 75 75 ana-

154 1202 109 75 cyclus
290 1202 26 75 is
341 1202 215 75 paleaceous;
589 1202 55 75 the
667 1202 121 75 pappus
816 1202 236 75 emarginated;
1080 1202 62 75 and

155 1249 56 75 the
239 1249 89 75 feeds
352 1249 82 75 have
467 1249 281 75 membranaceous
785 1249 108 75 edges.
942 1249 120 75 There'
1089 1249 53 75 are

156 1295 90 75 three
273 1295 118 75 fpecies
408 1295 45 75 of
465 1295 65 75 this
549 1295 111 75 genus,
679 1295 66 75 viz.
766 1295 54 75 the
837 1295 149 75 creticus,
1004 1295 138 75 orienta-

154 1340 51 75 lis,
223 1340 63 75 and
301 1340 190 75 valentinus,
518 1340 42 75 all
577 1340 122 75 natiyes
720 1340 40 75 of
771 1340 56 75 the
845 1340 73 75 eafl.

107 1386 376 75 ANADAVADyEA,
500 1386 33 75 in
550 1386 218 75 ornithology,
786 1386 18 75 a
816 1386 173 75 barbarous
1006 1386 90 75 name
1109 1386 40 75 of

158 1433 16 75 a
191 1433 120 75 fpecies
329 1433 39 75 of
380 1433 91 75 aland
476 1433 29 75 a.
555 1433 62 75 See
633 1433 179 75 Alauda.

107 1480 263 75 ANADEMA,
395 1480 32 75 in
452 1480 173 75 antiquity,
646 1480 132 75 denotes
797 1480 55 75 the
868 1480 79 75 fillet
962 1480 105 75 which
1086 1480 55 75 the

154 1526 93 75 kings
267 1526 40 75 of
328 1526 105 75 Perfia
456 1526 87 75 wore
570 1526 103 75 round
701 1526 83 75 their
800 1526 94 75 head.
944 1526 33 75 It
1008 1526 133 75 denotes

155 1573 65 75 alfo
237 1573 18 75 a
276 1573 79 75 kind
371 1573 40 75 of
433 1573 167 75 ornament
627 1573 105 75 which
749 1573 123 75 women
889 1573 86 75 wore
998 1573 41 75 on
1056 1573 87 75 their

155 1619 96 75 heads
267 1619 64 75 like
349 1619 18 75 a
383 1619 144 75 garland.

107 1664 339 75 ANADIPLOSIS,
467 1664 31 75 in
524 1664 142 75 rhetoric
689 1664 62 75 and
773 1664 127 75 poetry,
930 1664 18 75 a
972 1664 169 75 repetition

156 1711 40 75 of
206 1711 55 75 the
278 1711 55 75 hid
349 1711 91 75 word
455 1711 41 75 of
518 1711 19 75 a
552 1711 76 75 line,
653 1711 38 75 or
707 1711 104 75 claufe
827 1711 40 75 of
879 1711 20 75 a
919 1711 158 75 fentonce,
1107 1711 33 75 in

157 1757 55 75 the
227 1757 172 75 beginning
415 1757 41 75 of
466 1757 56 75 the
538 1757 100 75 next:
664 1757 110 75 Thus,

202 1826 163 75 Pierides,
384 1826 52 75 vos
452 1826 65 75 hec
522 1826 143 75 facietis
681 1826 142 75 maxima
847 1826 96 75 Gallo
953 1826 13 75 :

202 1873 109 75 Gallo,
329 1873 96 75 cujus
440 1873 104 75 amor,
568 1873 60 75 8cc.

199 1919 45 75 Ft
262 1919 172 75 matuthiis
451 1919 171 75 accredula
639 1919 127 75 vocibus
782 1919 113 75 injlat,

201 1965 133 75 Vocibus
350 1965 113 75 inftat,
489 1965 33 75 ip
540 1965 131 75 ajfiduas
680 1965 90 75 jacit
796 1965 54 75 ore
866 1965 159 75 querelas,

105 2036 240 75 ANADOLI,
363 2036 55 75 the
434 2036 92 75 name
546 2036 43 75 by
600 2036 106 75 which
719 2036 55 75 the
787 2036 112 75 Turks
917 2036 61 75 call
990 2036 149 75 Natclia.

155 2082 278 75 SeeNAToniA.

105 2128 180 75 Anadoli
305 2128 121 75 hijfari,
452 2128 19 75 a
498 2128 92 75 name
617 2128 93 75 given
737 2128 46 75 by
804 2128 56 75 the
887 2128 112 75 Turks
1026 2128 36 75 to
1082 2128 57 75 the

153 2175 91 75 caftle
260 2175 41 75 of
311 2175 55 75 the
383 2175 227 75 Dardanelles,
628 2175 41 75 on
686 2175 55 75 the
759 2175 119 75 Afiatic
894 2175 76 75 fide.

105 2222 258 75 ANADOSIS,
388 2222 115 75 among
519 2222 188 75 phyficians,
725 2222 56 75 the
796 2222 201 75 dihribution
1017 2222 41 75 of
1082 2222 55 75 the

152 2267 128 75 aliment
297 2267 76 75 over
389 2267 54 75 the
460 2267 98 75 body.

104 2315 361 75 ANADROMOUS,
482 2315 115 75 among
612 2315 257 75 ichthyplogifts,
898 2315 17 75 a
936 2315 91 75 name
1043 2315 93 75 given

151 2359 34 75 to
201 2359 76 75 fuch
294 2359 89 75 fifhes
400 2359 33 75 as
456 2359 42 75 go
514 2359 36 75 to
570 2359 55 75 the
653 2359 51 75 fea
727 2359 84 75 from
835 2359 55 75 the
913 2359 83 75 fielh
1022 2359 115 75 waters

150 2406 33 75 at
198 2406 100 75 ftated
313 2406 136 75 feafons,
473 2406 61 75 and
557 2406 109 75 return
684 2406 82 75 back
789 2406 104 75 again,
918 2406 77 75 fuch
1019 2406 33 75 as
1082 2406 55 75 the

149 2452 131 75 falmon,
304 2452 65 75 fee.
421 2452 61 75 See
500 2452 174 75 Salmon.

103 2498 261 75 ANiEDEIA,.
374 2498 33 75 in
428 2498 141 75 Grecian
587 2498 173 75 antiquity,
783 2498 19 75 a
818 2498 78 75 fiool
915 2498 149 75 whereon
1080 2498 57 75 the

151 2545 132 75 accufed
299 2545 112 75 perfon
427 2545 66 75 was
510 2545 113 75 placed
640 2545 34 75 to
691 2545 92 75 make
800 2545 50 75 his
867 2545 146 75 defence.

102 2590 337 75 ANAESTHESIA,
450 2590 133 75 fignifies
599 2590 17 75 a
633 2590 160 75 privation
810 2590 39 75 of
862 2590 177 75 thelenfes.

102 2637 298 75 ANAGALLIS,
429 2637 33 75 in
487 2637 130 75 botany,
645 2637 18 75 a
686 2637 98 75 genus
809 2637 41 75 of
869 2637 57 75 the
947 2637 190 75 pentandria

149 2682 193 75 monogynia
373 2682 92 75 clafs.
518 2682 78 75 The
628 2682 121 75 corolla
781 2682 41 75 cf
848 2682 64 75 this
944 2682 88 75 plant
1059 2682 76 75 ccn-

149 2727 63 75 fifls
245 2727 41 75 of
312 2727 61 75 one
406 2727 126 75 rotated
559 2727 98 75 petal.
704 2727 113 75 There
842 2727 53 75 are
919 2727 83 75 four
1019 2727 117 75 fpecies

150 2774 39 75 of
212 2774 164 75 anagallis,
402 2774 70 75 viz.
495 2774 55 75 the
574 2774 147 75 arvenfis,
750 2774 38 75 or
803 2774 82 75 male
902 2774 187 75 pimpernel,
1118 2774 18 75 a

148 2819 104 75 native
276 2819 41 75 of
328 2819 149 75 Britain.;
504 2819 54 75 fne
575 2819 141 75 monelli,
743 2819 18 75 a
783 2819 105 75 native
913 2819 45 75 of
981 2819 152 75 Verona;

150 2865 56 75 the
232 2865 139 75 latifolia
394 2865 62 75 and
477 2865 56 75 the
548 2865 149 75 linifolia,
730 2865 79 75 both
826 2865 120 75 natives
965 2865 41 75 of
1024 2865 110 75 Spain.

151 2912 78 75 The
247 2912 150 75 anagallis
415 2912 26 75 is
458 2912 152 75 fuppofed
632 2912 35 75 to
683 2912 39 75 be
740 2912 151 75 deterfive
912 2912 62 75 and
993 2912 141 75 healing.

103 2959 380 75 ANAGARSKAYE,
501 2959 19 75 a
542 2959 66 75 city
629 2959 40 75 of
685 2959 209 75 Mufcovitilh
916 2959 157 75 Tartary,
1101 2959 34 75 in

196 3006 101 75 Vol.
315 3006 30 75 I.
394 3006 69 75 No.
482 3006 35 75 6.

969 3006 18 75 a

1178 107 13 75 i
1255 107 18 75 )

1605 107 244 75 ANA

1232 174 56 75 the
1314 174 150 75 province
1482 174 40 75 of
1545 174 137 75 Dauria,
1710 174 76 75 near
1808 174 56 75 the
1880 174 110 75 fource
2006 174 41 75 of
2063 174 56 75 the
2136 174 87 75 river

1234 220 138 75 Amour.
1422 220 62 75 See
1501 220 158 75 Amour.

1188 268 364 75 ANAGLYPHICE,
1570 268 38 75 or
1623 268 301 75 Anaglyptice,
1950 268 132 75 denotes
2099 268 56 75 the
2172 268 51 75 art

1235 314 40 75 of
1286 314 182 75 emboffing.
1518 314 61 75 See
1596 314 242 75 Embossing.

1189 362 206 75 ANAGNI,
1419 362 21 75 a
1455 362 87 75 town
1560 362 41 75 of
1623 362 86 75 Italy
1725 362 31 75 in
1774 362 55 75 the
1846 362 238 75 Campagna>di
2100 362 121 75 Roma,

1233 407 134 75 fituated
1393 407 97 75 about
1520 407 41 75 32
1589 407 90 75 miles
1696 407 45 75 E.
1759 407 45 75 of
1821 407 118 75 Rome,
1972 407 33 75 in
2027 407 38 75 13
2065 389 22 49 0
2103 407 57 75 45'
2176 407 46 75 E.

1233 453 89 75 long,
1341 453 62 75 and
1420 453 42 75 42
1462 435 23 49 0
1501 453 48 75 N.
1566 453 58 75 lat.

1187 502 319 75 ANAGNOSTA,
1522 502 39 75 or
1576 502 279 75 Anagnostes,
1872 502 32 75 in
1921 502 175 75 antiquity,
2114 502 18 75 a
2144 502 79 75 kind

1237 546 39 75 of
1294 546 131 75 literary
1440 546 137 75 fervant,
1595 546 143 75 retained
1762 546 31 75 in
1810 546 56 75 the
1882 546 135 75 families
2035 546 40 75 of
2094 546 129 75 perfbns

1237 593 39 75 of
1282 593 189 75 diliindtion,
1485 593 106 75 whofe
1608 593 90 75 chief
1709 593 134 75 bufinefs
1861 593 64 75 was
1942 593 36 75 to
1990 593 76 75 read
2083 593 34 75 to
2134 593 89 75 them

1237 640 115 75 during
1368 640 112 75 meals,
1498 640 37 75 or
1551 640 32 75 at
1601 640 62 75 any
1678 640 95 75 other
1785 640 77 75 time
1879 640 92 75 when
1995 640 77 75 they
2088 640 84 75 were
2189 640 34 75 at

1196 687 10 75 ,
1235 687 126 75 leifure.

1709 687 10 75 .

1189 734 342 75 ANAGOGICAL,
1549 734 133 75 fignifies
1699 734 198 75 myfterious,
1914 734 226 75 tranfporting,
2159 734 64 75 and

1238 780 25 75 is
1287 780 77 75 ufed
1379 780 35 75 to
1431 780 127 75 exprefs
1575 780 161 75 whatever
1752 780 138 75 elevates
1908 780 55 75 the
1979 780 99 75 mind.

1189 828 255 75 ANAGOGY,
1459 828 37 75 or
1506 828 211 75 Anagoge,
1728 828 115 75 among
1855 828 215 75 ecclefialtical
2082 828 143 75 writers,

1236 874 55 75 the
1316 874 159 75 elevation
1497 874 42 75 of
1550 874 55 75 the
1621 874 88 75 mind
1725 874 36 75 to
1783 874 108 75 things
1909 874 135 75 celeftial
2060 874 63 75 and
2137 874 85 75 eteo-

1238 921 65 75 nal.

1188 968 263 75 ANAGRAM,
1469 968 31 75 in
1521 968 132 75 matters
1669 968 41 75 of
1720 968 177 75 literature,
1914 968 19 75 a
1953 968 217 75 tranfpofition
2188 968 43 75 of

1237 1014 54 75 the
1307 1014 111 75 letters
1436 1014 39 75 of
1486 1014 85 75 fome
1589 1014 103 75 name,
1702 1014 152 75 whereby
1866 1014 18 75 a
1895 1014 69 75 new
1977 1014 91 75 word
2083 1014 26 75 is
2123 1014 100 75 form-

1234 1060 52 75 ed,
1305 1060 102 75 either
1422 1060 36 75 to
1475 1060 56 75 the
1548 1060 174 75 advantage
1733 1060 39 75 or
1788 1060 223 75 difadvantage
2027 1060 40 75 of
2078 1060 56 75 the
2151 1060 72 75 per-

1234 1107 54 75 fon
1306 1107 37 75 or
1361 1107 91 75 thing
1469 1107 35 75 to
1527 1107 105 75 which
1650 1107 55 75 the
1722 1107 91 75 name
1829 1107 146 75 belongs.
2023 1107 96 75 Thus
2136 1107 86 75 from

1235 1154 157 75 Galenus,
1413 1154 28 75 is
1469 1154 127 75 formed
1622 1154 170 75 Angelas;
1819 1154 85 75 from
1934 1154 122 75 James,
2086 1154 135 75 Simea;

1236 1201 60 75 and
1313 1201 34 75 fo
1363 1201 40 75 of
1422 1201 123 75 others.

1188 1247 456 75 ANAGRAMMATIST,
1656 1247 18 75 a
1690 1247 111 75 perfon
1811 1247 75 75 who
1902 1247 161 75 compofes
2080 1247 38 75 or
2134 1247 90 75 deals

1236 1294 101 75 much,
1348 1294 32 75 in
1398 1294 177 75 anagrams.

1188 1341 248 75 ANAGROS,
1461 1341 33 75 in
1512 1341 190 75 commerce,
1728 1341 17 75 a
1765 1341 141 75 meafure
1922 1341 54 75 for
1991 1341 89 75 grain
2096 1341 78 75 ufed
2190 1341 34 75 in

1235 1386 192 75 fomejpties
1444 1386 39 75 of
1496 1386 110 75 Spain,
1624 1386 207 75 particularly
1859 1386 33 75 at
1910 1386 140 75 Seville;
2085 1386 45 75 46
2148 1386 76 75 ana-

1236 1434 74 75 gros
1329 1434 93 75 make
1441 1434 97 75 about
1559 1434 68 75 10^
1642 1434 147 75 quarters
1806 1434 40 75 of
1856 1434 152 75 London.

1188 1480 305 75 ANAGYRISjin
1511 1480 131 75 botany,
1654 1480 19 75 a
1688 1480 98 75 genus
1800 1480 40 75 of
1851 1480 56 75 the
1921 1480 171 75 decandria
2110 1480 115 75 mono-

1239 1526 95 75 gynia
1350 1526 91 75 clafs.
1489 1526 85 75 This
1601 1526 89 75 plant
1707 1526 59 75 has
1791 1526 17 75 a
1838 1526 255 75 papilionaceous
2122 1526 102 75 vexil-

1234 1573 80 75 lum,
1339 1573 56 75 the
1419 1573 56 75 alas
1500 1573 41 75 of
1567 1573 106 75 which
1697 1573 53 75 are
1774 1573 122 75 fhorter
1920 1573 76 75 than
2022 1573 55 75 the
2102 1573 119 75 carina.

1231 1620 77 75 The
1324 1620 124 75 capfule
1464 1620 27 75 is
1508 1620 19 75 a
1541 1620 160 75 legumen.
1750 1620 112 75 There
1885 1620 26 75 is
1932 1620 78 75 only
2102 1620 118 75 fpecies

1235 1665 40 75 of
1286 1665 166 75 anagyrif,.
1464 1665 69 75 viz.
1552 1665 55 75 the
1623 1665 120 75 faetida,
1772 1665 17 75 a
1806 1665 104 75 native
1927 1665 40 75 of
1977 1665 244 75 Spa^feicily,

1236 1712 63 75 arid
1315 1712 99 75 Italy.
1460 1712 200 75 The-kaves
1677 1712 52 75 are
1745 1712 112 75 faidto
1869 1712 39 75 be
1920 1712 152 75 laxative,
2090 1712 62 75 and
2166 1712 57 75 the

1236 1759 89 75 feeds
1342 1759 128 75 emetic.

1188 1805 248 75 ANALABE,
1462 1805 34 75 in
1512 1805 55 75 the
1592 1805 113 75 Greek
1721 1805 133 75 church,
1880 1805 18 75 a
1914 1805 70 75 part
2001 1805 40 75 cf
2063 1805 55 75 the
2134 1805 89 75 drefs

1236 1852 41 75 of
1295 1852 55 75 the
1367 1852 118 75 eaftern
1510 1852 126 75 monks,
1665 1852 192 75 anfwerable
1881 1852 35 75 to
1939 1852 56 75 the
2019 1852 145 75 fcapular
2186 1852 43 75 of

1234 1899 55 75 the
1305 1899 88 75 weft.
1444 1899 61 75 See
1519 1899 218 75 Scapular.

1189 1943 282 75 AN.cLECTA,
1496 1943 38 75 or
1551 1943 246 75 Analectes,
1821 1943 33 75 in
1871 1943 173 75 antiquity,
2063 1943 17 75 a
2096 1943 126 75 fervant

1235 1992 106 75 whofe
1357 1992 216 75 employment
1596 1992 27 75 it
1642 1992 64 75 wjs
1723 1992 35 75 to
1773 1992 113 75 gather
1902 1992 42 75 up
1961 1992 55 75 the
2033 1992 137 75 off-falls
2186 1992 42 75 of

1234 2037 116 75 tables.

1187 2083 230 75 Analecta,
1444 2083 156 75 atialetts,
1624 2083 32 75 in
1679 2083 19 75 a
1712 2083 133 75 literary
1859 2083 97 75 fenfe,
1982 2083 27 75 is
2024 2083 77 75 ufed
2112 2083 36 75 to
2164 2083 57 75 de-

1233 2131 74 75 note
1324 2131 19 75 a
1358 2131 167 75 colledtion
1537 2131 39 75 of
1588 2131 88 75 fmall
1694 2131 115 75 pieces,
1820 2131 33 75 as
1863 2131 112 75 effays^
1985 2131 153 75 remarks,
2154 2131 64 75 fee.

1184 2176 300 75 ANALEMMA,
1525 2176 33 75 in
1590 2176 177 75 geometry,
1808 2176 18 75 a
1866 2176 176 75 projettion
2085 2176 40 75 of
2163 2176 57 75 the

1232 2222 110 75 fphere
1359 2222 41 75 on
1416 2222 56 75 the
1489 2222 92 75 plane
1605 2222 40 75 of
1665 2222 54 75 the
1735 2222 166 75 meridian,
1924 2222 296 75 orthographically

1233 2268 91 75 made
1341 2268 42 75 by
1399 2268 132 75 ftraight
1548 2268 78 75 lines
1644 2268 62 75 and
1722 2268 136 75 ellipfes,
1883 2268 55 75 the
1962 2268 57 75 eye
2036 2268 95 75 being
2147 2268 72 75 fup-

1232 2315 97 75 pofed
1345 2315 31 75 at
1394 2315 39 75 an
1457 2315 121 75 infinite
1594 2315 149 75 diftance,
1769 2315 62 75 and
1853 2315 32 75 in
1908 2315 57 75 the
1988 2315 64 75 eaft
2083 2315 37 75 or
2144 2315 78 75 weft

1235 2361 105 75 points
1357 2361 40 75 of
1416 2361 55 75 the
1488 2361 151 75 horizon.

1185 2407 240 75 Analemma,
1450 2407 132 75 denotes
1616 2407 61 75 like
1681 2407 71 75 wife
1785 2407 38 75 an
1857 2407 184 75 inftrument
2062 2407 41 75 of
2129 2407 88 75 brafs

1232 2453 36 75 or
1284 2453 108 75 wood,
1406 2453 85 75 upon
1508 2453 105 75 which
1632 2453 63 75 this
1713 2453 78 75 kind
1806 2453 40 75 of
1856 2453 175 75 projeftion
2048 2453 26 75 is
2091 2453 125 75 drawn,

1231 2500 79 75 with
1335 2500 38 75 an
1401 2500 137 75 horizon
1555 2500 62 75 and
1641 2500 106 75 curfor
1764 2500 92 75 fitted
1880 2500 34 75 to
1938 2500 38 75 it,
2004 2500 141 75 wherein
2162 2500 56 75 the

1230 2546 141 75 folftitial
1395 2546 120 75 colure,
1531 2546 72 75 "End
1620 2546 43 75 all
1688 2546 112 75 circles
1815 2546 131 75 parallel
1963 2546 35 75 to
2013 2546 38 75 it,
2086 2546 67 75 will
2177 2546 41 75 be

1231 2594 182 75 concentric
1429 2594 111 75 circles
1591 2594 41 75 all
1650 2594 112 75 circles
1779 2594 129 75 oblique
1925 2594 35 75 to
1977 2594 55 75 the
2048 2594 72 75 eye,
2149 2594 68 75 will

1229 2639 40 75 be
1292 2639 142 75 ellipfes;
1461 2639 62 75 and
1539 2639 42 75 all
1606 2639 111 75 circles
1734 2639 105 75 whofe
1866 2639 107 75 planes
1990 2639 69 75 pafs
2075 2639 142 75 through

1230 2686 54 75 the
1301 2686 71 75 eye,
1397 2686 66 75 will
1483 2686 38 75 be
1539 2686 86 75 right
1641 2686 92 75 lines.

1277 2733 76 75 The
1369 2733 52 75 ufe
1437 2733 41 75 of
1489 2733 63 75 this
1569 2733 185 75 inftrument
1778 2733 27 75 is
1830 2733 36 75 tp
1887 2733 82 75 ftiew
1986 2733 54 75 the
2067 2733 149 75 common

1230 2780 217 75 aftronomical
1462 2780 173 75 problems,
1661 2780 106 75 which
1782 2780 28 75 it
1826 2780 66 75 will
1921 2780 55 75 do,
2005 2780 123 75 though
2157 2780 58 75 not

1228 2825 79 75 very
1322 2825 139 75 exadlly,
1478 2825 103 75 unlefs
1598 2825 26 75 it
1640 2825 40 75 be
1696 2825 78 75 very
1786 2825 100 75 large.

1180 2874 280 75 ANALEPSIS,
1478 2874 55 75 the
1550 2874 238 75 augmentation
1803 2874 37 75 or
1856 2874 154 75 nutrition
2023 2874 41 75 of
2074 2874 38 75 an
2125 2874 86 75 ema-

1227 2919 103 75 ciated
1346 2919 99 75 body.

1181 2967 322 75 ANALEPTICS,
1521 2967 184 75 reftorative
1722 2967 38 75 or
1777 2967 181 75 nourifhing
1980 2967 185 75 medicines.

1415 3017 34 75 N
1464 3017 24 75 n

2090 3017 120 75 ANA-
