2428 3377
152 172 79 75 282

695 172 43 75 A
853 172 43 75 N
1011 172 42 75 A
1165 172 40 75 T

152 239 96 75 being
264 239 35 75 at
312 239 56 75 the
385 239 84 75 fame
486 239 90 75 time,
595 239 63 75 and
672 239 45 75 by
739 239 57 75 the
812 239 84 75 fame
911 239 122 75 means,
1058 239 60 75 lefs
1136 239 50 75 re-

153 285 88 75 iifted
258 285 37 75 or
314 285 120 75 preffed
450 285 84 75 upon
549 285 10 75 ;
586 285 55 75 the
658 285 140 75 ambient
818 285 46 75 air
885 285 103 75 yields
1005 285 36 75 to
1057 285 55 75 the
1130 285 58 75 ex-

153 331 102 75 ternal
272 331 87 75 prefl'
359 331 64 75 ure,
449 331 61 75 and
534 331 168 75 infinuates
730 331 91 75 itfelf
842 331 70 75 into
937 331 42 75 all
1005 331 55 75 the
1084 331 105 75 places

153 378 107 75 where
272 378 55 75 the
344 378 136 75 preffure
497 378 26 75 is
540 378 199 75 diminifhed,
764 378 70 75 that
851 378 39 75 is,
915 378 69 75 into
1007 378 55 75 the
1080 378 108 75 afpera

153 425 130 75 arteria,
309 425 62 75 and
388 425 68 75 into
473 425 42 75 all
533 425 56 75 the
601 425 224 75 ramifications
842 425 40 75 of
900 425 55 75 the
974 425 155 75 bronchia
1145 425 43 75 all

152 472 56 75 the
220 472 83 75 way'
303 472 35 75 to
351 472 55 75 the
418 472 142 75 veficles.
591 472 87 75 This
694 472 27 75 is
733 472 87 75 what
832 472 27 75 is
869 472 102 75 called
980 472 206 75 infpiration.

199 518 86 75 This
303 518 121 75 motion
437 518 40 75 of
488 518 183 75 infpiration
688 518 26 75 is
731 518 246 75 inflantaneous,
1003 518 62 75 and
1082 518 104 75 ceafes

151 566 33 75 in
198 566 18 75 a
231 566 142 75 moment
384 566 45 75 by
445 566 55 75 the
517 566 181 75 relaxation
718 566 40 75 of
765 566 55 75 the
832 566 180 75 intercoftal
1030 566 131 75 mufcles
1173 566 10 75 ;

150 613 58 75 the
224 613 106 75 elaftic
352 613 168 75 ligaments
549 613 62 75 and
628 613 167 75 cartilages
818 613 40 75 of
883 613 55 75 the
956 613 65 75 ribs
1038 613 148 75 bringing

150 659 90 75 them
267 659 82 75 back
374 659 34 75 at
424 659 55 75 the
497 659 82 75 fame
603 659 77 75 time
711 659 35 75 to
772 659 84 75 their
877 659 120 75 former
1024 659 160 75 fituation.

150 706 86 75 This
248 706 138 75 motion,
403 706 44 75 by
457 706 106 75 which
577 706 56 75 the
650 706 66 75 ribs
730 706 53 75 are
795 706 164 75 deprelfed
972 706 63 75 and
1046 706 140 75 brought

150 752 113 75 nearer
279 752 78 75 each
374 752 105 75 othet*,
504 752 27 75 is
548 752 125 75 termed
688 752 195 75 expiratic/n.

196 799 77 75 The
289 799 189 75 pulmonary
494 799 131 75 arteries
651 799 63 75 and
741 799 87 75 veins
856 799 106 75 which
992 799 194 75 accompany

149 846 57 75 the
235 846 154 75 bronchia
413 846 140 75 through
582 846 43 75 all
653 846 84 75 their
764 846 238 75 ramifications,
1028 846 61 75 and
1117 846 68 75 fur-

149 892 105 75 round
270 892 55 75 the
341 892 140 75 veficles,
505 892 144 75 tranfmit
666 892 57 75 the
738 892 100 75 blood
855 892 141 75 through
1012 892 85 75 their
1112 892 72 75 nar-

150 940 70 75 row
236 940 153 75 capillary
403 940 214 75 extremities,
642 940 63 75 and
721 940 136 75 thereby
869 940 122 75 change
1007 940 37 75 or
1060 940 127 75 modify

149 986 39 75 it,
215 986 33 75 at
268 986 75 75 leaft
359 986 33 75 in
409 986 91 75 three
516 986 152 75 different
684 986 160 75 manners.

197 1033 77 75 The
290 1033 64 75 firft
373 1033 122 75 change
519 1033 37 75 or
573 1033 217 75 modification
810 1033 107 75 which
934 1033 56 75 the
1009 1033 100 75 blood
1127 1033 58 75 un-

150 1080 135 75 dergoes
301 1080 33 75 in
351 1080 55 75 the
422 1080 106 75 lungs,
553 1080 27 75 is
597 1080 35 75 to
644 1080 82 75 have
738 1080 55 75 the
808 1080 164 75 cohefionS
988 1080 40 75 of
1039 1080 41 75 its
1092 1080 90 75 parts

149 1127 135 75 broken,
310 1127 36 75 to
361 1127 40 75 be
414 1127 197 75 attenuated,
636 1127 162 75 pounded,
824 1127 75 75 and,
917 1127 34 75 as
967 1127 28 75 it
1010 1127 97 75 were,
1121 1127 61 75 .re-

148 1173 104 75 duced
269 1173 35 75 to
320 1173 143 75 powder.
511 1173 78 75 The
612 1173 116 75 fecond
755 1173 43 75 is,
821 1173 37 75 to
874 1173 40 75 be
931 1173 154 75 deprived
1104 1173 41 75 of
1164 1173 19 75 a

149 1220 121 75 certain
287 1220 148 75 quantity
454 1220 40 75 of
506 1220 115 75 ferum,
647 1220 106 75 which
775 1220 171 75 tranfpires
969 1220 140 75 through
1126 1220 56 75 the
1201 1220 8 75 <
1209 1220 5 75 -

148 1267 107 75 kings,
281 1267 63 75 and
362 1267 28 75 is
404 1267 88 75 what
512 1267 49 75 we
574 1267 181 75 commonly
772 1267 59 75 call
848 1267 56 75 the
920 1267 127 75 breath.
1104 1267 79 75 The

150 1314 89 75 third
256 1314 26 75 is
300 1314 35 75 to
347 1314 41 75 be
399 1314 32 75 in
444 1314 19 75 a
479 1314 131 75 manner
626 1314 196 75 reanimated
834 1314 44 75 by
895 1314 55 75 the
963 1314 226 75 imprdlionof

147 1361 57 75 the
218 1361 59 75 air.

430 1438 466 75 OESOPHAGUS.

194 1503 85 75 The
303 1503 189 75 oefophagus
505 1503 27 75 is
550 1503 19 75 a
585 1503 88 75 canal
691 1503 105 75 partly
810 1503 170 75 mufcular,
1004 1503 63 75 and
1078 1503 106 75 partly

148 1549 235 75 membranous,
421 1549 133 75 fituated
578 1549 120 75 behind
725 1549 55 75 the
808 1549 133 75 trachea
965 1549 129 75 arteria,
1121 1549 64 75 and

148 1596 111 75 before
276 1596 63 75 the.
348 1596 154 75 vertebrae
519 1596 40 75 of
570 1596 56 75 the
650 1596 94 75 back,
769 1596 85 75 from
882 1596 77 75 near
982 1596 56 75 the
1062 1596 121 75 middle

148 1643 40 75 of
199 1643 56 75 the
271 1643 93 75 neck,
381 1643 96 75 down
494 1643 35 75 to
546 1643 56 75 the
614 1643 100 75 lower
726 1643 70 75 part
813 1643 40 75 of
865 1643 56 75 the
937 1643 140 75 thorax;
1096 1643 86 75 from

146 1690 131 75 whence
303 1690 27 75 it
346 1690 99 75 paffes
462 1690 69 75 into
546 1690 57 75 the
620 1690 155 75 abdomen
794 1690 142 75 through
965 1690 18 75 a
1009 1690 175 75 particular

147 1736 75 75 hole
238 1736 40 75 of
289 1736 56 75 the
366 1736 90 75 fmall
482 1736 37 75 or
541 1736 133 75 inferior
691 1736 117 75 mufcle
836 1736 40 75 of
899 1736 55 75 the
983 1736 199 75 diaphragm,

147 1783 64 75 and
226 1783 77 75 ends
321 1783 32 75 at
370 1783 55 75 the
441 1783 100 75 upper
558 1783 107 75 orifice
681 1783 41 75 of
737 1783 55 75 the
807 1783 154 75 ftomach.

195 1828 32 75 It
251 1828 27 75 is
296 1828 92 75 made
416 1828 43 75 up
483 1828 41 75 of
542 1828 119 75 feveral
687 1828 104 75 coats,
817 1828 110 75 almoft
954 1828 33 75 in
1015 1828 56 75 the
1098 1828 84 75 fame

147 1875 132 75 manner
295 1875 34 75 as
347 1875 55 75 the
419 1875 154 75 ftomach,
598 1875 40 75 of
650 1875 104 75 which
771 1875 27 75 it
815 1875 28 75 is
867 1875 56 75 the
948 1875 233 75 continuation.

146 1923 77 75 The
236 1923 64 75 firft
317 1923 84 75 coat,
419 1923 97 75 while
532 1923 31 75 in
581 1923 56 75 the
653 1923 132 75 thorax,
802 1923 27 75 is
848 1923 124 75 formed
986 1923 75 75 only
1072 1923 44 75 by
1127 1923 56 75 the

148 1970 199 75 duplicature
359 1970 40 75 of
411 1970 55 75 the
483 1970 154 75 pofterior
652 1970 73 75 part
741 1970 41 75 of
793 1970 56 75 the
862 1970 230 75 mediaftinum,
1120 1970 64 75 and

444 2142 745 75 EXPLANATION

146 2258 153 75 Figure
323 2258 31 75 i.
379 2258 99 75 fhews
503 2258 55 75 the
580 2258 146 75 contents
743 2258 40 75 of
792 2258 55 75 the
864 2258 120 75 thorax
1001 2258 62 75 and
1080 2258 98 75 abdo-

544 2304 83 75 men,
656 2304 32 75 in
705 2304 74 75 fitu.

151 2359 32 75 3,
206 2359 79 75 Top
301 2359 41 75 of
353 2359 55 75 the
423 2359 144 75 trachea,
592 2359 38 75 or
649 2359 188 75 wind-pipe.
889 2359 19 75 2
928 2359 33 75 2,
986 2359 76 75 The
1080 2359 98 75 inter-

194 2405 50 75 nal
259 2405 128 75 jugular
402 2405 102 75 veins.
540 2405 18 75 3
572 2405 33 75 3,
622 2405 77 75 The
715 2405 180 75 fubclavian
912 2405 101 75 veins.
1051 2405 34 75 4,
1101 2405 78 75 The

192 2451 82 75 vena
290 2451 77 75 cava
382 2451 205 75 defcendens.
651 2451 32 75 5,
709 2451 76 75 The
813 2451 87 75 right
920 2451 118 75 auricle
1066 2451 40 75 of
1123 2451 57 75 the

193 2498 105 75 heart.
349 2498 34 75 6,
407 2498 77 75 The
508 2498 87 75 right
615 2498 168 75 ventricle.
835 2498 33 75 7,
893 2498 79 75 Pait
988 2498 40 75 of
1047 2498 55 75 the
1118 2498 62 75 left

193 2544 166 75 ventricle.
410 2544 35 75 8,
468 2544 78 75 The
564 2544 91 75 aorta
671 2544 181 75 afcendens.
905 2544 34 75 9,
964 2544 76 75 The
1053 2544 125 75 pulmo-

191 2592 79 75 nary
287 2592 120 75 artery.
460 2592 54 75 10,
541 2592 77 75 The
644 2592 85 75 right
757 2592 89 75 lung,
871 2592 72 75 part
966 2592 42 75 of
1027 2592 106 75 which
1150 2592 27 75 is

193 2639 53 75 cut
262 2639 52 75 off
326 2639 37 75 to
380 2639 153 75 Ihewthe
547 2639 90 75 great
653 2639 238 75 blood-veflels.
944 2639 37 75 n
981 2671 24 49 y
1023 2639 78 75 The
1118 2639 60 75 left

193 2685 79 75 lung
291 2685 113 75 entire.
467 2685 116 75 1212,
607 2685 77 75 The
713 2685 138 75 anterior
868 2685 81 75 edge
967 2685 41 75 of
1029 2685 57 75 the
1109 2685 67 75 dia-

191 2732 145 75 phragm.
391 2732 118 75 1313*
531 2732 58 75 Th
589 2714 20 49 e
634 2732 66 75 two
723 2732 90 75 great
832 2732 89 75 lobes
944 2732 40 75 of
1003 2732 56 75 the
1082 2732 93 75 liver.

197 2779 53 75 $4,
274 2779 78 75 The
367 2779 210 75 ligamentum
593 2779 184 75 rotundum.
832 2779 53 75 15,
909 2779 78 75 The
1003 2779 65 75 gall
1086 2779 90 75 blad-

192 2825 70 75 der.
316 2825 57 75 16,
396 2825 77 75 The
501 2825 152 75 ftomaeh.
707 2825 41 75 17
770 2825 55 75 17,
848 2825 78 75 The
945 2825 148 75 jejunum
1115 2825 63 75 and

191 2872 103 75 ilium.
348 2872 56 75 18,
427 2872 77 75 The
522 2872 119 75 fpleen.

143 2941 88 75 Fig.
258 2941 35 75 2.
343 2941 117 75 Shews
474 2941 55 75 the
553 2941 116 75 organs
697 2941 196 75 fubfervient
918 2941 36 75 to
981 2941 57 75 the
1065 2941 112 75 chylo*

191 2986 98 75 poetic
303 2986 269 75 vifcera,with
588 2986 90 75 thole
694 2986 40 75 of
745 2986 95 75 urine,
852 2986 62 75 and
930 2986 197 75 generation.

146 3043 16 75 j
185 3043 31 75 1,
239 3043 76 75 The
330 3043 104 75 under
448 3043 62 75 fide
527 3043 41 75 of
587 3043 55 75 the
659 3043 66 75 two
741 3043 90 75 great
847 3043 92 75 lobes
955 3043 40 75 of
1007 3043 55 75 the
1079 3043 92 75 liver.

244 3090 146 75 Lobulus
408 3090 146 75 Spigelii.
611 3090 39 75 2,.
669 3090 78 75 The
762 3090 208 75 ligamentum
986 3090 183 75 rotundum.

1321 172 39 75 O
1476 172 49 75 M
1637 172 54 75 Y.

2075 172 101 75 Part
2200 172 71 75 VI.

1235 236 26 75 is
1280 236 142 75 wanting
1446 236 101 75 above
1573 236 56 75 the
1656 236 120 75 thorax
1801 236 63 75 and
1888 236 57 75 the
1972 236 95 75 neck,
2092 236 107 75 where
2217 236 55 75 the

1237 283 91 75 outer
1356 283 73 75 coat
1454 283 40 75 of
1509 283 55 75 the
1584 283 189 75 cefophagus
1802 283 26 75 is
1854 283 78 75 only
1953 283 19 75 a
1995 283 218 75 continuation
2237 283 40 75 of

1238 329 56 75 the
1311 329 132 75 cellular
1454 329 161 75 fubftance
1627 329 172 75 belonging
1811 329 35 75 to
1857 329 56 75 the
1926 329 232 75 neighbouring
2170 329 101 75 parts.

1259 376 5 75 .
1280 376 78 75 The
1370 376 117 75 fecond
1503 376 73 75 coat
1591 376 27 75 is
1636 376 169 75 mufcular,
1824 376 94 75 being
1931 376 92 75 made
2042 376 41 75 up
2100 376 40 75 of
2152 376 120 75 feveral

1235 423 96 75 ftrata
1347 423 38 75 of
1398 423 98 75 flelhy
1513 423 106 75 fibres.

1283 470 76 75 The
1376 470 88 75 third
1480 470 27 75 is
1524 470 125 75 termed
1665 470 55 75 the
1738 470 136 75 nervous
1891 470 85 75 coat,
2002 470 63 75 and
2076 470 27 75 is
2122 470 66 75 like
2202 470 71 75 that

1236 517 40 75 of
1286 517 55 75 the
1358 517 138 75 ftomach
1514 517 63 75 and
1593 517 173 75 inteftines.

1282 564 75 75 The
1374 564 109 75 fourth
1507 564 38 75 9r
1573 564 170 75 innermoft
1760 564 73 75 coat
1850 564 167 75 refembles
2033 564 32 75 in
2081 564 88 75 fome
2184 564 87 75 mea-

1234 611 71 75 fure
1329 611 71 75 that
1424 611 40 75 of
1484 611 55 75 the
1566 611 173 75 inteftines,
1765 611 117 75 except
1905 611 72 75 that
2004 611 119 75 inftead
2151 611 40 75 of
2214 611 56 75 the

1234 657 68 75 villi
1318 657 25 75 it
1359 657 58 75 has
1434 657 91 75 fmall
1541 657 63 75 and
1626 657 79 75 very
1722 657 86 75 fliort
1832 657 139 75 papillas.
2034 657 162 75 Through
2214 657 57 75 the

1234 705 93 75 pores
1352 705 41 75 of
1411 705 65 75 this
1500 705 86 75 coat,
1612 705 19 75 a
1656 705 100 75 vifcid
1779 705 132 75 lympha
1938 705 27 75 is
1989 705 198 75 continually
2207 705 62 75 dif-

1234 751 151 75 charged.

1279 798 77 75 The
1372 798 189 75 cefophagus
1578 798 84 75 from
1678 798 41 75 its
1740 798 78 75 very
1834 798 184 75 beginning,
2044 798 89 75 turns
2151 798 18 75 a
2184 798 86 75 little

1233 844 35 75 to
1285 844 56 75 the
1363 844 63 75 left
1450 844 98 75 hand,
1573 844 65 75 and
1664 844 161 75 naturally
1849 844 76 75 runs
1950 844 95 75 along
2062 844 56 75 the
2133 844 61 75 left
2210 844 58 75 ex-

1233 890 156 75 tremities
1413 890 40 75 of
1471 890 55 75 the
1544 890 167 75 cartilages
1736 890 41 75 of
1798 890 56 75 the
1879 890 109 75 afpera
2016 890 127 75 arteria.
2191 890 78 75 The

1233 938 132 75 thyroid
1390 938 108 75 gland,
1523 938 148 75 pharynx
1696 938 62 75 and
1782 938 130 75 larynx,
1937 938 79 75 /hall
2040 938 39 75 be
2098 938 172 75 defcribed

1233 985 33 75 in
1284 985 135 75 another
1435 985 103 75 place.

1352 1088 279 75 DUCTUS
1671 1088 478 75 THORACICUS.

1276 1167 85 75 The
1381 1167 146 75 thoracic
1542 1167 75 75 dudl
1632 1167 28 75 is
1676 1167 18 75 a
1711 1167 70 75 thin
1810 1167 199 75 tranfpareilt
2033 1167 103 75 canal,
2162 1167 106 75 which

1230 1215 74 75 runs
1333 1215 42 75 up
1402 1215 85 75 from
1510 1215 57 75 the
1595 1215 235 75 receptaculum
1857 1215 100 75 chyli,
1983 1215 95 75 along
2102 1215 54 75 the
2180 1215 90 75 fpina

1230 1261 94 75 dorfi,
1342 1261 145 75 between
1504 1261 55 75 the
1574 1261 82 75 vena
1672 1261 121 75 azygos
1811 1261 63 75 and
1893 1261 103 75 aorta,
2015 1261 33 75 as
2065 1261 76 75 high
2159 1261 33 75 as
2210 1261 58 75 the

1231 1308 73 75 fifth
1324 1308 149 75 vertebra
1488 1308 40 75 of
1539 1308 56 75 the
1611 1308 93 75 back,
1728 1308 38 75 or
1788 1308 128 75 higher.
1966 1308 98 75 From
2093 1308 115 75 thence
2239 1308 28 75 it

1232 1354 98 75 paffes
1347 1354 118 75 behind
1474 1354 56 75 the
1541 1354 92 75 aorta
1647 1354 127 75 toward
1791 1354 56 75 the
1865 1354 60 75 left
1940 1354 99 75 hand,
2058 1354 61 75 and
2136 1354 131 75 afcends

1233 1401 119 75 behind
1371 1401 56 75 the
1443 1401 61 75 left
1518 1401 181 75 fubclavian
1722 1401 86 75 vein,
1833 1401 107 75 where
1967 1401 26 75 it
2020 1401 185 75 terminates
2232 1401 35 75 in

1232 1449 86 75 fome
1341 1449 136 75 fubje<5ts
1501 1449 44 75 by
1568 1449 20 75 a
1611 1449 80 75 kind
1714 1449 41 75 of
1773 1449 147 75 veficula,
1945 1449 32 75 in
1995 1449 109 75 others
2120 1449 43 75 by
2179 1449 89 75 feve-

1233 1496 47 75 ral
1297 1496 155 75 branches
1468 1496 114 75 united
1597 1496 161 75 together,
1783 1496 63 75 and
1871 1496 97 75 opens
1992 1496 70 75 into
2085 1496 57 75 the
2169 1496 98 75 back-

1231 1543 64 75 fide
1311 1543 42 75 of
1363 1543 56 75 the
1442 1543 180 75 fubclavian
1639 1543 72 75 vein
1728 1543 76 75 near
1821 1543 56 75 the
1900 1543 122 75 outfide
2038 1543 41 75 of
2093 1543 55 75 the
2165 1543 100 75 inter-

1231 1590 52 75 nal
1295 1590 144 75 jugular.

1285 1636 86 75 This
1392 1636 89 75 canal
1514 1636 27 75 is
1572 1636 185 75 plentifully
1794 1636 161 75 furnilhed
1986 1636 78 75 with
2097 1636 169 75 femilunar

1230 1683 107 75 valves
1353 1683 116 75 turned
1487 1683 146 75 upward.
1696 1683 49 75 Its
1770 1683 136 75 opening
1929 1683 68 75 into
2013 1683 56 75 the
2086 1683 181 75 fubclavian

1231 1730 73 75 vein
1320 1730 33 75 in
1370 1730 55 75 the
1440 1730 119 75 human
1578 1730 102 75 body,
1703 1730 40 75 is,
1768 1730 31 75 in
1818 1730 55 75 the
1892 1730 89 75 place
2006 1730 40 75 of
2065 1730 120 75 valves,
2210 1730 55 75 co-

1232 1777 97 75 vered
1345 1777 45 75 by
1405 1777 120 75 feveral
1545 1777 168 75 pellicula:,
1739 1777 34 75 fo
1793 1777 146 75 difpofed
1957 1777 33 75 as
2008 1777 35 75 to
2067 1777 115 75 permit
2207 1777 58 75 the

1231 1823 148 75 entrance
1403 1823 40 75 of
1464 1823 57 75 the
1549 1823 94 75 chyle
1673 1823 69 75 into
1771 1823 56 75 the
1854 1823 84 75 vein,
1973 1823 63 75 and
2063 1823 115 75 hinder
2208 1823 58 75 the

1230 1870 98 75 blood
1341 1870 84 75 from
1442 1870 134 75 running
1588 1870 69 75 into
1671 1870 53 75 the
1737 1870 88 75 dudt.
1850 1870 31 75 Tt
1894 1870 26 75 is
1937 1870 179 75 fometimes
2133 1870 131 75 double,

1231 1916 60 75 one
1307 1916 89 75 lying
1413 1916 42 75 on
1472 1916 77 75 each
1568 1916 76 75 fide,
1670 1916 62 75 and
1756 1916 180 75 fometimes
1952 1916 26 75 it
1994 1916 28 75 is
2039 1916 226 75 accompanied

1231 1963 44 75 by
1294 1963 188 75 appendices
1498 1963 104 75 called
1611 1963 285 75 pampiniformes.

1267 2144 83 75 of
1425 2144 332 75 PLATE
1815 2144 148 75 XIX.

1278 2255 34 75 3,
1335 2255 78 75 The
1440 2255 227 75 gall-bladder.
1730 2255 34 75 4,
1788 2255 78 75 The
1898 2255 164 75 pancreas.
2123 2255 35 75 5,
2183 2255 79 75 The

1275 2301 116 75 fpleen.
1450 2301 21 75 6
1491 2301 33 75 6,
1549 2301 78 75 The
1650 2301 149 75 kidneys.
1860 2301 30 75 7,
1916 2301 77 75 The
2021 2301 90 75 aorta
2134 2301 129 75 defcen-

1275 2348 90 75 dens.
1435 2348 35 75 8,
1503 2348 94 75 Vena
1622 2348 79 75 cava
1728 2348 182 75 afcendens.
1969 2348 21 75 9
2009 2348 34 75 9,
2067 2348 77 75 The
2172 2348 89 75 renal

1273 2395 88 75 veins
1379 2395 150 75 covering
1544 2395 56 75 the
1618 2395 144 75 arteries.
1824 2395 54 75 10,
1904 2395 33 75 A
1956 2395 99 75 probe
2078 2395 102 75 under
2206 2395 60 75 the

1275 2441 168 75 fpermatic
1462 2441 109 75 veffels
1589 2441 62 75 and
1679 2441 19 75 a
1721 2441 47 75 bit
1797 2441 40 75 of
1855 2441 56 75 the
1927 2441 134 75 inferior
2077 2441 186 75 mefenteric

1277 2488 120 75 artery,
1423 2488 61 75 and
1512 2488 79 75 over
1617 2488 56 75 the
1698 2488 136 75 ureters.
1888 2488 36 75 11
1950 2488 55 75 11,
2029 2488 77 75 The
2123 2488 144 75 ureters^

1281 2538 39 75 12
1344 2538 53 75 12,
1414 2538 77 75 Tire
1508 2538 74 75 iliac
1599 2538 131 75 arteries
1747 2538 62 75 and
1825 2538 102 75 veins.
1974 2538 40 75 13
2047 2538 77 75 The
2142 2538 119 75 reftam

1274 2581 194 75 inteftinum.
1522 2581 55 75 14;
1600 2581 78 75 The
1693 2581 137 75 bladder
1846 2581 41 75 of
1897 2581 103 75 urine.

1225 2659 89 75 Fig.
1343 2659 34 75 3.
1417 2659 112 75 Shews
1547 2659 55 75 the
1619 2659 196 75 chylopcetic
1832 2659 130 75 vifcera,
1988 2659 63 75 and
2061 2659 114 75 organs
2187 2659 72 75 fub-

1318 2702 135 75 fervient
1468 2702 36 75 to
1520 2702 101 75 them,
1646 2702 97 75 taken
1759 2702 58 75 out
1833 2702 41 75 of
1885 2702 56 75 the
1956 2702 88 75 body
2059 2702 114 75 intire..

1225 2765 34 75 A
1275 2765 45 75 A,
1346 2765 75 75 The
1433 2765 104 75 under
1552 2765 64 75 fide
1633 2765 40 75 of
1683 2765 57 75 the
1757 2765 67 75 two
1840 2765 90 75 great
1946 2765 89 75 lobes
2048 2765 40 75 of
2099 2765 54 75 the
2165 2765 93 75 liver.

1273 2811 42 75 B,
1341 2811 229 75 Ligamentum
1602 2811 183 75 rotundum.
1849 2811 44 75 C,
1925 2811 77 75 The
2029 2811 228 75 gall-bladder.

1274 2856 48 75 D,
1340 2856 126 75 Dudlus
1484 2856 146 75 cyfticus.
1679 2856 188 75 E,.Du<ftus
1880 2856 177 75 hepaticus^
2106 2856 40 75 E,
2165 2856 93 75 Duc-

1273 2904 51 75 tus
1359 2904 177 75 communis
1569 2904 228 75 choledochus.
1864 2904 48 75 G,
1944 2904 94 75 Vena
2078 2904 179 75 portarum.

1272 2951 47 75 H,
1345 2951 132 75 Arteria
1492 2951 156 75 hepatica.
1689 2951 64 75 II,
1777 2951 78 75 The
1872 2951 150 75 ftomach.
2072 2951 92 75 KK,
2189 2951 69 75 Ve-

1273 2997 46 75 nae
1355 2997 31 75 &
1421 2997 123 75 aijtgrise
1576 2997 298 75 gaftro-epiploicas,
1907 2997 125 75 dextrae
2060 2997 29 75 &
2117 2997 137 75 finiftrae.

1272 3043 31 75 L
1321 3043 44 75 L,
1391 3043 98 75 Venae
1505 3043 31 75 &
1552 3043 121 75 arteriae
1691 3043 172 75 coronariae
1880 3043 181 75 ventriculi,
2102 3043 53 75 M,
2178 3043 84 75 The,

1267 3091 119 75 fpleen.
1410 3091 93 75 NN,
1518 3091 205 75 Mefocolon,
1741 3091 79 75 with
1835 3091 43 75 its
1894 3091 122 75 veffels,
2050 3091 131 75 QOO,
2199 3091 54 75 In-

2108 3132 148 75 teftinum
