2428 3377
138 137 103 75 Part
269 137 33 75 I.

708 137 355 75 ANA

128 203 162 75 preffions,
314 203 28 75 is
358 203 57 75 the
430 203 101 75 lower
545 203 73 75 part
634 203 41 75 of
692 203 56 75 the
763 203 79 75 fofia
857 203 52 75 for
921 203 55 75 the
995 203 112 75 lateral
1124 203 36 75 fi-

127 250 59 75 nus
203 250 42 75 on
262 250 78 75 each
355 250 77 75 fide.
528 250 8 75 '
536 250 68 75 The
620 250 90 75 inner
725 250 122 75 furface
864 250 40 75 of
914 250 56 75 the
986 250 176 75 cuneiform

127 295 158 75 apophyfe
302 295 27 75 is
347 295 91 75 made
454 295 138 75 concave
614 295 51 75 for
691 295 55 75 the
771 295 162 75 reception
958 295 40 75 of
1018 295 54 75 the
1095 295 66 75 me-

127 341 90 75 dulla
228 341 184 75 oblongata,
436 341 64 75 and
516 341 39 75 of
574 341 55 75 the
645 341 113 75 bafilar
774 341 202 75 artery.—A
993 341 122 75 furrow
1135 341 27 75 is

127 387 93 75 made
239 387 42 75 on
303 387 77 75 each
399 387 76 75 fide,
500 387 76 75 near
591 387 56 75 the
663 387 96 75 edges
783 387 41 75 of
842 387 64 75 this
922 387 138 75 procefs,
1084 387 44 75 by
1145 387 19 75 a

126 434 81 75 finus
233 434 40 75 of
298 434 56 75 the
378 434 82 75 dura
480 434 115 75 mater,
627 434 105 75 which
757 434 133 75 empties
914 434 91 75 i’tfelf
1022 434 69 75 into
1108 434 55 75 the

128 479 113 75 lateral
257 479 96 75 finus.

173 526 76 75 The
264 526 91 75 holes
372 526 42 75 of
432 526 64 75 this
513 526 83 75 bone
609 526 54 75 are
679 526 183 75 commonly
878 526 60 75 five
955 526 126 75 proper,
1101 526 63 75 and

116 572 77 75 ,two
209 572 147 75 common
373 572 35 75 to
425 572 26 75 it
464 572 62 75 and
541 572 35 75 to
593 572 55 75 the
665 572 156 75 temporal
844 572 238 75 bones.—The
1100 572 63 75 firit

126 619 40 75 of
185 619 56 75 the
264 619 116 75 proper
404 619 104 75 holes,
533 619 105 75 called
650 619 157 75 foramen
832 619 163 75 magnum,
1020 619 85 75 from
1121 619 41 75 its

125 665 76 75 fize,
226 665 26 75 is
271 665 220 75 immediately
506 665 121 75 behind
642 665 55 75 the
721 665 192 75 wedge-like
937 665 137 75 procefs,
1100 665 64 75 and

126 711 111 75 allows
254 711 19 75 a
289 711 123 75 paflage
427 711 35 75 to
479 711 55 75 the
552 711 139 75 medulla
706 711 186 75 oblongata,
917 711 88 75 nervi
1027 711 135 75 acceflb-

126 757 51 75 rii,
203 757 35 75 to
262 757 56 75 the
340 757 158 75 vertebral
520 757 145 75 arteries,
690 757 63 75 and
769 757 180 75 fometimes
966 757 35 75 to
1017 757 56 75 the
1089 757 72 75 ver-

127 803 104 75 tebral
254 803 98 75 veins.
436 803 62 75 -At
522 803 78 75 each
625 803 63 75 fide
712 803 40 75 of
771 803 63 75 this
862 803 90 75 great
975 803 86 75 hole,
1086 803 75 75 near

124 850 41 75 its
191 850 171 75 fore-part,
389 850 62 75 and
474 850 218 75 immediately
716 850 100 75 above
842 850 55 75 the
920 850 166 75 condyles,
1112 850 48 75 we

125 896 119 75 always
261 896 67 75 find
351 896 19 75 a
393 896 88 75 hole,
507 896 178 75 fometimes
702 896 79 75 two,
806 896 106 75 which
928 896 76 75 foon
1021 896 88 75 unite
1127 896 31 75 a-

125 942 72 75 gain
221 942 68 75 into
313 942 60 75 one
398 942 71 75 that
493 942 97 75 opens
613 942 201 75 externally;
841 942 141 75 through
999 942 88 75 thefe
1104 942 55 75 the

124 989 92 75 ninth
238 989 68 75 pair
329 989 40 75 of
389 989 110 75 nerves
525 989 42 75 go
590 989 58 75 out
673 989 40 75 of
732 989 56 75 the
812 989 219 75 fkull.—The
1047 989 112 75 fourth

126 1034 63 75 and
213 1034 74 75 fifth
311 1034 90 75 holes
426 1034 105 75 pierce
554 1034 85 75 from
662 1034 120 75 behind
796 1034 56 75 the
869 1034 136 75 condyle
1021 1034 41 75 of
1080 1034 78 75 each

125 1081 76 75 fide,
226 1081 69 75 into
312 1081 55 75 the
383 1081 84 75 folfae
485 1081 40 75 of
544 1081 55 75 the
622 1081 111 75 lateral
750 1081 133 75 finufes;
910 1081 79 75 they
1004 1081 87 75 ferve
1107 1081 52 75 for

124 1127 55 75 the
196 1127 123 75 paffage
335 1127 40 75 of
394 1127 56 75 the
475 1127 136 75 cervical
636 1127 88 75 veins
750 1127 34 75 to
800 1127 87 75 thefe
903 1127 127 75 finufes.
1079 1127 78 75 Oft*-

122 1174 39 75 en
174 1174 60 75 one
250 1174 40 75 of
307 1174 88 75 thefe
415 1174 89 75 holes
525 1174 25 75 is
569 1174 151 75 wanting,
745 1174 179 75 fometimes
942 1174 93 75 both,
1062 1174 93 75 when

126 1220 54 75 the
208 1220 86 75 veins
318 1220 68 75 pais
414 1220 141 75 through
581 1220 55 75 the
665 1220 88 75 great
778 1220 155 75 foramen.
1030 1220 128 75 Befides

124 1266 86 75 thefe
222 1266 73 75 five,
322 1266 48 75 we
386 1266 185 75 frequently
588 1266 84 75 meet
693 1266 77 75 with
795 1266 93 75 other
905 1266 89 75 h&les
1011 1266 76 75 near
1102 1266 55 75 the

124 1312 95 75 edges
242 1312 42 75 of
302 1312 65 75 this
391 1312 96 75 bone,
513 1312 51 75 for
588 1312 55 75 the
669 1312 203 75 tranfmifiion
898 1312 40 75 of
956 1312 109 75 veins;
1100 1312 58 75 but

125 1358 81 75 the:-'
224 1358 131 75 number
372 1358 62 75 and
450 1358 155 75 diameter
621 1358 52 75 are
685 1358 78 75 very
773 1358 176 75 uncertain.
997 1358 77 75 The
1091 1358 66 75 two

123 1404 146 75 common
294 1404 156 75 foramina
473 1404 54 75 are
550 1404 57 75 the
629 1404 89 75 large
742 1404 154 75 irregular
912 1404 103 75 holes,
1041 1404 60 75 one
1125 1404 30 75 in

124 1450 78 75 each
226 1450 75 75 fide,
326 1450 156 75 between,
493 1450 56 75 the
574 1450 77 75 fides
678 1450 40 75 of
736 1450 55 75 the
817 1450 177 75 cuneiform
1017 1450 139 75 procefs,

123 1498 63 75 and
202 1498 54 75 the
273 1498 97 75 edges
386 1498 39 75 of
437 1498 55 75 the
508 1498 130 75 petrous
655 1498 110 75 bones.
816 1498 37 75 In
872 1498 17 75 a
901 1498 107 75 recent
1024 1498 132 75 fubjedf,

124 1544 17 75 a
158 1544 106 75 ftrong
282 1544 182 75 membrane
481 1544 75 75 runs
577 1544 84 75 crofs
678 1544 85 75 from
780 1544 60 75 one
859 1544 62 75 fide
937 1544 36 75 to
989 1544 55 75 the
1060 1544 95 75 other

127 1590 42 75 of
186 1590 76 75 each
281 1590 40 75 of
335 1590 88 75 thefe
440 1590 104 75 holes.

168 1638 76 75 The
261 1638 148 75 occipital
432 1638 82 75 bone
538 1638 26 75 is
590 1638 116 75 among
729 1638 55 75 the
808 1638 133 75 thickeft
958 1638 40 75 of
1016 1638 55 75 the
1088 1638 68 75 cra-

124 1683 99 75 nium,
248 1683 124 75 though
399 1683 175 75 unequally
601 1683 55 75 fo;
690 1683 50 75 for
768 1683 25 75 it
820 1683 26 75 is
873 1683 143 75 ftronger
1043 1683 112 75 above,

122 1729 107 75 where
246 1729 26 75 it
296 1729 57 75 has
379 1729 42 75 no
446 1729 94 75 other
563 1729 132 75 defence
711 1729 77 75 than
813 1729 55 75 the
893 1729 147 75 common
1065 1729 91 75 tegu-

122 1775 116 75 ments,
264 1775 78 75 than
368 1775 27 75 it
422 1775 26 75 is
477 1775 116 75 below,
619 1775 118 75 where,
763 1775 95 75 being
885 1775 120 75 prefled
1032 1775 44 75 by
1100 1775 55 75 the

122 1821 88 75 lobes
228 1821 39 75 of
288 1821 55 75 the
365 1821 89 75 brain
478 1821 64 75 and
564 1821 192 75 cerebellum
778 1821 42 75 on
843 1821 60 75 one
928 1821 74 75 fide,
1028 1821 69 75 and,
1111 1821 45 75 by

122 1868 55 75 the
194 1868 101 75 addon
313 1868 39 75 of
372 1868 54 75 the
443 1868 132 75 mufcles
592 1868 40 75 on
650 1868 56 75 the
722 1868 104 75 other,
851 1868 25 75 it
892 1868 26 75 is
931 1868 34 75 fo
981 1868 78 75 very
1070 1868 82 75 thin,

122 1915 32 75 as
173 1915 33 75 to
219 1915 39 75 be
274 1915 196 75 diaphanous
483 1915 31 75 in
528 1915 94 75 many
638 1915 109 75 Ikulls.

166 1961 78 75 The
260 1961 148 75 occipital
425 1961 82 75 bone
522 1961 27 75 is
563 1961 113 75 joined
690 1961 100 75 above
807 1961 35 75 to
858 1961 56 75 the
937 1961 64 75 ofla
1016 1961 138 75 parieta-

121 2007 44 75 lia
181 2007 62 75 and
259 2007 159 75 triquetra
433 2007 91 75 when
548 2007 136 75 prefent,
709 2007 45 75 by
769 2007 56 75 the
841 2007 165 75 lambdoid
1022 2007 129 75 future;

119 2053 194 75 —laterally
326 2053 35 75 to
377 2053 55 75 the
449 2053 154 75 temporal
622 2053 110 75 bones,
757 2053 44 75 by
817 2053 55 75 the
889 2053 215 75 additamenta
1119 2053 40 75 of

121 2098 55 75 the
191 2098 164 75 lambdoid
369 2098 283 75 future;—below
676 2098 34 75 to
735 2098 55 75 the
814 2098 153 75 fphenoid
988 2098 95 75 bone,
1110 2098 44 75 by

121 2143 54 75 the
198 2143 63 75 end
277 2143 38 75 of
334 2143 41 75 its
392 2143 176 75 cuneiform
584 2143 138 75 procefs,
748 2143 31 75 in
805 2143 55 75 the
885 2143 83 75 fame
992 2143 72 75 way
1081 2143 71 75 that

121 2190 164 75 epiphyfes
304 2190 63 75 and
383 2190 83 75 their
483 2190 97 75 bones
598 2190 52 75 are
670 2190 124 75 joined.
890 2190 75 75 The
981 2190 36 75 os
1035 2190 116 75 occipi-

121 2236 41 75 tis
179 2236 26 75 is
227 2236 112 75 joined
353 2236 44 75 by
413 2236 18 75 a
443 2236 121 75 .double
581 2236 201 75 articulation
805 2236 34 75 to
856 2236 55 75 the
927 2236 64 75 firfl:
1007 2236 148 75 vertebra

120 2282 40 75 of
178 2282 56 75 the
252 2282 93 75 neck,
369 2282 77 75 each
464 2282 135 75 condyle
615 2282 95 75 being
726 2282 145 75 received
886 2282 69 75 into
972 2282 19 75 a
1012 2282 142 75 fuperior

119 2328 132 75 oblique
267 2328 125 75 procefs
410 2328 39 75 of
469 2328 70 75 that
555 2328 161 75 vertebra.

167 2375 51 75 Os
242 2375 250 75 Ethmoides,
517 2375 38 75 or
571 2375 55 75 the
642 2375 161 75 fieve-like
826 2375 95 75 bone,
946 2375 57 75 has
1027 2375 58 75 got
1112 2375 42 75 its

120 2421 91 75 name
229 2421 83 75 from
330 2421 56 75 the
402 2421 89 75 great
508 2421 132 75 number
662 2421 40 75 of
720 2421 89 75 fmall
831 2421 91 75 holes
947 2421 77 75 with
1048 2421 105 75 which

119 2467 71 75 that
215 2467 71 75 part
311 2467 41 75 of
370 2467 25 75 it
418 2467 65 75 firfl:
506 2467 93 75 taken
622 2467 106 75 notice
751 2467 40 75 of
808 2467 27 75 is
853 2467 138 75 pierced.
1042 2467 110 75 When

118 2514 64 75 this
199 2514 83 75 bone
297 2514 26 75 is
341 2514 113 75 entire,
480 2514 55 75 the
551 2514 101 75 figure
674 2514 40 75 of
732 2514 26 75 it
781 2514 27 75 is
832 2514 56 75 not
914 2514 95 75 eafily
1034 2514 117 75 defcri-

116 2560 62 75 bed
190 2560 9 75 ;
226 2560 70 75 but,
322 2560 45 75 by
382 2560 129 75 a-detail
528 2560 40 75 of
579 2560 39 75 its
635 2560 117 75 feveral
770 2560 101 75 parts,
896 2560 86 75 fome
994 2560 71 75 idea
1077 2560 74 75 may

117 2606 39 75 be
172 2606 147 75 afforded
342 2606 41 75 of
401 2606 53 75 the
472 2606 125 75 whole;
625 2606 62 75 and
702 2606 162 75 therefore
881 2606 48 75 we
948 2606 75 75 fhall
1041 2606 107 75 diflin-

116 2652 85 75 guiflr
219 2652 26 75 it
262 2652 69 75 into
347 2652 56 75 the
421 2652 181 75 cribriform
618 2652 127 75 lamella
761 2652 77 75 with
865 2652 41 75 its
930 2652 137 75 procefs,
1093 2652 56 75 the

114 2698 84 75 nafal
215 2698 139 75 lamella,
381 2698 134 75 celluke,
541 2698 62 75 and
620 2698 64 75 ofla
700 2698 174 75 fpongiofa.

161 2744 77 75 The
256 2744 68 75 thin
341 2744 185 75 horizontal
548 2744 137 75 lamella,
711 2744 26 75 is
763 2744 43 75 all
833 2744 131 75 (except
986 2744 41 75 its
1050 2744 96 75 back-

111 2789 88 75 part)
219 2789 129 75 pierced
360 2789 166 75 obliquely
542 2789 43 75 by
598 2789 18 75 a
625 2789 97 75 .great
738 2789 132 75 number
881 2789 40 75 of
937 2789 90 75 final]
1038 2789 108 75 holes,

113 2835 140 75 through
270 2835 108 75 -which
395 2835 54 75 the
467 2835 155 75 filaments
638 2835 41 75 of
688 2835 58 75 the
761 2835 157 75 olfadtory
934 2835 110 75 nerves
1062 2835 81 75 pafs.

205 2881 97 75 From
321 2881 55 75 tlse
392 2881 120 75 middle
528 2881 40 75 of
586 2881 55 75 the
658 2881 136 75 internal
817 2881 63 75 fide
902 2881 41 75 of
961 2881 64 75 this
1040 2881 99 75 plate,

110 2926 20 75 a
153 2926 88 75 thick
257 2926 125 75 procefs
399 2926 75 75 rifes
497 2926 161 75 upwards,
687 2926 75 75 and,
788 2926 94 75 being
899 2926 121 75 highefl
1036 2926 31 75 at
1086 2926 55 75 the

110 2972 170 75 fore-part,
312 2972 166 75 gradually
503 2972 144 75 becomes
672 2972 112 75 lower,
810 2972 34 75 as
869 2972 32 75 it.
923 2972 26 75 is
978 2972 162 75 extended

158 3020 95 75 VIol.
271 3020 29 75 I.
327 3020 69 75 No.
418 3020 32 75 7.

928 3020 17 75 3

1176 134 38 75 T
1329 134 39 75 O
1484 134 49 75 M
1646 134 52 75 Y.

2164 134 77 75 157

1209 201 198 75 backwards.
1457 201 98 75 From
1572 201 85 75 fome
1673 201 212 75 refemblance
1907 201 105 75 which
2036 201 63 75 this
2116 201 125 75 procefs

1212 247 64 75 was
1292 247 159 75 imagined
1467 247 35 75 to
1517 247 81 75 have
1616 247 34 75 to
1667 247 19 75 a
1702 247 107 75 cock’s
1822 247 106 75 comb,
1953 247 26 75 it
1995 247 56 75 has
2068 247 79 75 been
2164 247 78 75 call-

1212 293 41 75 ed
1267 293 100 75 crifla
1378 293 99 75 galli.
1526 293 76 75 The
1619 293 71 75 falx
1705 293 27 75 is
1749 293 172 75 conned!ed
1944 293 35 75 to
1994 293 41 75 its
2053 293 100 75 ridge,
2180 293 62 75 and

1210 338 35 75 to
1273 338 54 75 the
1356 338 225 75 unperforated
1607 338 72 75 part
1703 338 41 75 of
1762 338 54 75 the
1840 338 181 75 cribriform
2048 338 96 75 plate.

1211 385 111 75 When
1340 385 54 75 the
1410 385 90 75 crifta
1515 385 27 75 is
1565 385 113 75 broke,
1704 385 41 75 its
1762 385 71 75 bafe
1848 385 27 75 is
1891 385 179 75 fometimes
2088 385 103 75 found
2206 385 36 75 to

1212 431 38 75 be
1266 431 132 75 hollow,
1423 431 79 75 with
1518 431 41 75 its
1577 431 106 75 cavity
1699 431 135 75 opening
1850 431 68 75 into
1934 431 56 75 the
2007 431 87 75 nofe.

1260 478 96 75 From
1374 478 55 75 the
1452 478 120 75 middle
1596 478 40 75 of
1654 478 56 75 the
1734 478 93 75 outer
1851 478 122 75 furface
1998 478 40 75 of
2056 478 55 75 the
2128 478 113 75 cribri-

1210 524 84 75 form
1318 524 138 75 lamella,
1482 524 18 75 a
1523 524 70 75 thin
1609 524 81 75 folid
1705 524 84 75 plate
1811 524 26 75 is
1856 524 159 75 extended
2038 524 203 75 downwards

1212 569 71 75 and-
1297 569 168 75 forwards,
1490 569 117 75 having
1632 569 55 75 the
1709 569 83 75 fame
1816 569 146 75 common
1985 569 73 75 bafe
2082 569 78 75 with
2185 569 56 75 the

1211 616 90 75 crifta
1316 616 90 75 galli.
1455 616 178 75 Generally
1654 616 27 75 it
1704 616 26 75 is
1755 616 58 75 not
1836 616 128 75 exadtly
1986 616 253 75 perpendicular,

1209 663 59 75 but
1285 663 26 75 is
1327 663 140 75 inclined
1483 663 34 75 to
1534 663 60 75 one
1610 663 63 75 fide
1689 663 38 75 or
1738 663 106 75 other,
1871 663 61 75 and
1944 663 161 75 therefore
2116 663 124 75 divides

1210 709 54 75 the
1281 709 106 75 cavity
1403 709 40 75 of
1461 709 56 75 the
1532 709 75 75 nofe
1623 709 186 75 unequally.
1857 709 48 75 Its
1921 709 184 75 inclination
2122 709 35 75 to
2180 709 62 75 one

1210 755 73 75 fide,
1309 755 63 75 and
1398 755 125 75 flexure
1546 755 32 75 in
1603 755 56 75 the
1684 755 130 75 middle,
1839 755 27 75 is
1882 755 180 75 fometimes
2078 755 34 75 fo
2134 755 104 75 great,

1211 802 69 75 that
1297 802 25 75 it
1340 802 61 75 fills
1417 802 43 75 up
1477 802 18 75 a
1511 802 87 75 large
1621 802 87 75 ftiare
1732 802 40 75 of
1791 802 60 75 one
1875 802 41 75 of
1934 802 55 75 the
2016 802 136 75 noftrils,
2177 802 64 75 and

1209 848 57 75 has
1283 848 79 75 been
1379 848 133 75 miftook
1537 848 51 75 for
1612 848 18 75 a
1653 848 133 75 polypus
1809 848 185 75 there.—It
2015 848 26 75 is
2064 848 69 75 thin
2149 848 32 75 at
2197 848 42 75 its

1209 894 71 75 rife,
1307 894 62 75 and
1396 894 109 75 rather
1528 894 61 75 ftill
1613 894 128 75 thinner
1765 894 31 75 in
1822 894 40 75 its
1891 894 141 75 middle;
2058 894 55 75 yet
2140 894 98 75 after-

1209 941 116 75 wards,
1351 941 139 75 towards
1507 941 41 75 its
1565 941 100 75 lower
1680 941 93 75 edge,
1801 941 26 75 it
1843 941 147 75 becomes
2007 941 137 75 thicker,
2168 941 72 75 that

1208 987 40 75 its
1265 987 202 75 conjumflion
1484 987 78 75 with
1580 987 53 75 the
1645 987 99 75 bones
1760 987 63 75 and
1836 987 122 75 middle
1969 987 152 75 cartilage
2133 987 40 75 of
2184 987 56 75 the

1207 1034 73 75 pofe
1295 1034 104 75 might
1411 1034 40 75 be
1468 1034 119 75 firmer.

1254 1081 47 75 At
1319 1081 18 75 a
1351 1081 85 75 little
1452 1081 137 75 diftance
1601 1081 85 75 from
1701 1081 79 75 each
1797 1081 61 75 fide
1870 1081 41 75 of
1921 1081 65 75 diis
2002 1081 146 75 external
2163 1081 75 75 pro-

1206 1127 79 75 cefs,
1311 1127 18 75 a
1352 1127 131 75 cellular
1506 1127 62 75 and
1583 1127 121 75 fpongy
1720 1127 85 75 bony
1821 1127 158 75 fubflance
1995 1127 139 75 depends
2152 1127 86 75 from

1206 1173 55 75 the
1277 1173 181 75 cribriform
1475 1173 97 75 plate.
1608 1173 77 75 The
1702 1173 138 75 number
1847 1173 61 75 and
1926 1173 99 75 figure
2037 1173 40 75 of
2088 1173 55 75 the
2160 1173 78 75 cells

1205 1219 30 75 in
1254 1219 62 75 this
1334 1219 155 75 irregular
1505 1219 123 75 procefs
1646 1219 40 75 of
1696 1219 79 75 each
1791 1219 74 75 fide,
1890 1219 53 75 are
1960 1219 77 75 very
2053 1219 184 75 uncertain;

1207 1266 75 75 only
1305 1266 55 75 the
1383 1266 79 75 cells
1484 1266 81 75 open
1582 1266 68 75 into
1666 1266 78 75 each
1760 1266 105 75 other,
1892 1266 62 75 and
1968 1266 69 75 into
2055 1266 55 75 the
2133 1266 108 75 cavity

1207 1312 39 75 of
1265 1312 55 75 the
1332 1312 93 75 nofe:
1452 1312 76 75 The
1545 1312 191 75 uppermoft,
1761 1312 104 75 which
1883 1312 53 75 are
1953 1312 104 75 below
2073 1312 55 75 the
2148 1312 91 75 aper-

1206 1360 71 75 ture
1294 1360 43 75 of.
1353 1360 55 75 the
1428 1360 119 75 frontal
1563 1360 125 75 finufes,
1714 1360 51 75 are
1783 1360 125 75 formed
1923 1360 66 75 like
2005 1360 138 75 funnels.

1206 1406 75 75 The
1308 1406 93 75 outer
1428 1406 120 75 furface
1575 1406 41 75 of
1634 1406 89 75 thofe
1750 1406 77 75 cells
1852 1406 26 75 is
1903 1406 124 75 fmooth
2054 1406 63 75 and
2138 1406 98 75 plain,

1207 1453 105 75 where
1329 1453 64 75 this
1410 1453 82 75 bone
1509 1453 90 75 aflifts
1616 1453 33 75 in
1666 1453 180 75 compofing
1868 1453 55 75 the
1946 1453 108 75 orbit;
2083 1453 33 75 at
2132 1453 107 75 which

1207 1499 101 75 place,
1333 1499 42 75 on
1391 1499 78 75 each
1485 1499 76 75 fide,
1586 1499 26 75 it
1628 1499 57 75 has
1710 1499 55 75 got
1788 1499 55 75 the
1867 1499 91 75 name
1974 1499 41 75 of
2033 1499 31 75 os
2075 1499 161 75 planum;

1206 1545 41 75 on
1263 1545 55 75 the
1335 1545 98 75 upper
1456 1545 80 75 edge
1561 1545 40 75 of
1619 1545 118 75 which,
1763 1545 19 75 a
1804 1545 91 75 fmall
1917 1545 96 75 notch
2031 1545 38 75 or
2083 1545 65 75 two
2164 1545 75 75 may

1205 1592 179 75 fometimes
1401 1592 39 75 be
1454 1592 163 75 obferved,
1642 1592 106 75 which
1763 1592 42 75 go
1822 1592 34 75 to
1873 1592 54 75 the
1944 1592 171 75 formation
2131 1592 40 75 of
2182 1592 56 75 the

1206 1638 136 75 internal
1359 1638 122 75 orbitar
1497 1638 104 75 holes.

1253 1685 115 75 Below
1387 1685 55 75 the
1461 1685 76 75 cells
1555 1685 40 75 of
1614 1685 76 75 each
1707 1685 75 75 fide,
1808 1685 18 75 a
1843 1685 70 75 thin
1929 1685 85 75 plate
2030 1685 27 75 is
2074 1685 164 75 extended

1205 1731 151 75 inwards,
1382 1731 63 75 and
1460 1731 78 75 then
1556 1731 139 75 bending
1711 1731 106 75 down,
1842 1731 26 75 it
1884 1731 146 75 becomes
2047 1731 101 75 thick,
2174 1731 64 75 and

1204 1778 40 75 of
1263 1778 18 75 a
1296 1778 122 75 fpongy
1438 1778 141 75 texture.
1677 1778 84 75 This
1781 1778 122 75 fpongy
1918 1778 70 75 part
2004 1778 26 75 is
2047 1778 187 75 triangular)

1204 1824 78 75 with
1300 1824 18 75 a
1335 1824 130 75 ftreight
1480 1824 98 75 upper
1602 1824 81 75 edge
1704 1824 112 75 placed
1837 1824 228 75 horizontally,
2090 1824 40 75 an
2147 1824 88 75 ante-

1204 1870 65 75 rior
1285 1870 60 75 one
1362 1870 132 75 flaming
1510 1870 84 75 from
1619 1870 129 75 above,'
1748 1870 210 75 downwards
1980 1870 63 75 and
2063 1870 171 75 forwards,

1166 1917 12 75 ‘
1203 1917 62 75 and
1278 1917 78 75 with
1374 1917 17 75 a
1407 1917 174 75 pendulous
1599 1917 123 75 convex
1736 1917 59 75 one
1807 1917 241 75 below.—The
2060 1917 100 75 upper
2172 1917 63 75 and

1205 1964 101 75 lower
1318 1964 96 75 edges
1427 1964 167 75 terminate
1609 1964 32 75 in
1658 1964 18 75 a
1684 1964 97 75 ’fltarp
1793 1964 89 75 point
1898 1964 256 75 behind.—The
2170 1964 65 75 fide

1203 2010 39 75 of
1260 2010 64 75 this
1342 2010 175 75 pfendulous
1533 2010 120 75 fpongy
1665 2010 71 75 part
1752 2010 79 75 next
1847 2010 35 75 to
1898 2010 55 75 the
1969 2010 122 75 feptum
2111 2010 124 75 narium

1201 2056 26 75 is
1245 2056 136 75 convex,
1400 2056 61 75 and
1473 2056 42 75 its
1531 2056 146 75 external
1689 2056 63 75 fide
1763 2056 26 75 is
1802 2056 150 75 concave.
2048 2056 107 75 Thefe
2168 2056 66 75 two

1201 2102 153 75 procefles
1377 2102 40 75 of
1436 2102 54 75 the
1514 2102 143 75 ethmoid
1672 2102 82 75 bone
1769 2102 81 75 have
1863 2102 60 75 got
1939 2102 55 75 the
2006 2102 90 75 name
2113 2102 41 75 of
2171 2102 63 75 offa

1191 2149 182 75 fpongiofa,
1399 2149 36 75 or
1458 2149 173 75 turhinata
1645 2149 152 75 fuperior
1799 2149 34 75 a,
1857 2149 84 75 from
1958 2149 84 75 their
2058 2149 173 75 fubftance,

1201 2195 111 75 figure,
1338 2195 63 75 and
1416 2195 158 75 fituation.

1248 2241 57 75 All
1331 2241 55 75 the
1411 2241 242 75 prominencies,
1679 2241 127 75 cavities
1831 2241 64 75 and
1918 2241 164 75 meanders
2107 2241 40 75 of
2166 2241 65 75 this

1200 2286 144 75 ethmoid
1367 2286 96 75 bone,
1488 2286 53 75 are
1564 2286 137 75 covered
1721 2286 78 75 with
1826 2286 19 75 a
1872 2286 217 75 continuation
2116 2286 40 75 of
2174 2286 57 75 the

1198 2332 183 75 hiembrane
1393 2332 40 75 of
1443 2332 56 75 the
1515 2332 136 75 noftrils,
1676 2332 32 75 in
1725 2332 20 75 a
1754 2332 108 75 recent
1878 2332 132 75 fubjeft.
2105 2332 48 75 Its
2169 2332 60 75 ho-

1200 2379 136 75 rizontal
1361 2379 180 75 cribriform
1565 2379 86 75 plate
1672 2379 27 75 is
1714 2379 120 75 lodged
1858 2379 142 75 between
2028 2379 54 75 the
2107 2379 123 75 orbifar

1198 2425 154 75 procefles
1370 2425 40 75 of
1420 2425 55 75 the
1490 2425 119 75 frontal
1625 2425 94 75 bone,
1745 2425 34 75 to
1792 2425 105 75 which
1914 2425 25 75 it
1951 2425 25 75 is
1990 2425 113 75 joined
2118 2425 43 75 by
2173 2425 57 75 the

1200 2471 143 75 ethmoid
1359 2471 119 75 future,
1496 2471 115 75 except
1628 2471 33 75 at
1677 2471 55 75 the
1749 2471 181 75 back-part,
1949 2471 107 75 where
2073 2471 25 75 it
2114 2471 26 75 is
2153 2471 75 75 con-

1199 2516 110 75 nefted
1325 2516 78 75 with
1421 2516 55 75 the
1499 2516 175 75 cuneiform
1690 2516 94 75 bone,
1810 2516 41 75 by
1872 2516 19 75 a
1906 2516 105 75 future
2027 2516 147 75 common
2191 2516 37 75 to

1200 2564 77 75 both
1289 2564 87 75 thefe
1393 2564 110 75 bones.
1598 2564 123 75 Where
1739 2564 54 75 the
1810 2564 63 75 ofla
1890 2564 92 75 plana
2005 2564 53 75 are
2080 2564 146 75 contigu-

1198 2609 57 75 ous
1274 2609 33 75 to
1324 2609 55 75 the
1395 2609 118 75 frontal
1530 2609 80 75 bone
1622 2609 113 75 within
1748 2609 54 75 the
1814 2609 96 75 orbit,
1929 2609 83 75 their
2023 2609 204 75 cenjundtioa

1197 2655 25 75 is
1249 2655 157 75 reckoned
1430 2655 71 75 part
1526 2655 39 75 of
1592 2655 55 75 the
1674 2655 172 75 tranfverfe
1873 2655 119 75 future.
2082 2655 144 75 -Farther

1197 2702 140 75 forward
1352 2702 76 75 than
1446 2702 54 75 the
1517 2702 63 75 ofla
1596 2702 104 75 plana,
1726 2702 54 75 the
1794 2702 76 75 cells
1888 2702 53 75 are
1958 2702 137 75 covered
2111 2702 40 75 by
2170 2702 56 75 the

1196 2748 64 75 ofla
1276 2748 123 75 unguis,
1426 2748 104 75 which
1548 2748 53 75 are
1613 2748 55 75 not
1684 2748 85 75 only
1777 2748 190 75 contiguous
1985 2748 33 75 to
2030 2748 88 75 thefe
2134 2748 90 75 cells,

1194 2794 58 75 but
1269 2794 114 75 cannot
1399 2794 39 75 be
1454 2794 164 75 feparated
1633 2794 84 75 from
1734 2794 100 75 them,
1851 2794 138 75 without
2001 2794 153 75 breaking
2169 2794 56 75 the

1194 2840 85 75 bony
1295 2840 333 75 fubftance.—Below
1644 2840 55 75 the
1717 2840 63 75 ofla
1799 2840 112 75 unguis
1929 2840 62 75 and
2006 2840 104 75 plana,
2136 2840 88 75 thefe

1192 2887 74 75 cells
1291 2887 62 75 and
1369 2887 63 75 ofla
1449 2887 165 75 fpongiofa
1630 2887 53 75 are
1700 2887 193 75 overlopped
1915 2887 43 75 by
1981 2887 55 75 the
2052 2887 172 75 maxillary

1191 2934 109 75 bones.
1397 2934 76 75 The
1490 2934 131 75 cellular
1639 2934 71 75 part
1730 2934 39 75 of
1788 2934 78 75 each
1883 2934 202 75 palate-bone
2102 2934 26 75 is
2146 2934 75 75 con-

1172 2982 142 75 vtiguous
1339 2982 35 75 to
1400 2982 78 75 each
1504 2982 36 75 os
1566 2982 125 75 planum
1717 2982 63 75 and
1803 2982 77 75 ceils
1897 2982 324 75 backwards.—The

1684 3035 32 75 R
1733 3035 17 75 r

2123 3035 100 75 lower
