2517 3387
569 195 32 75 B
663 195 40 75 O
763 195 38 75 T

1131 195 18 75 C
1210 195 81 75 <527
1348 195 18 75 )

1696 195 34 75 B
1792 195 39 75 O
1891 195 39 75 T

237 267 48 75 fix
298 267 42 75 of
349 267 88 75 them
453 267 172 75 belonging
641 267 35 75 to
693 267 242 75 independents.
989 267 77 75 The
1091 267 134 75 number

238 314 40 75 of
289 314 41 75 its
347 314 194 75 inhabitants
559 314 51 75 are
629 314 169 75 computed
825 314 34 75 to
885 314 40 75 be
951 314 98 75 about
1077 314 147 75 fourteen

238 359 167 75 thoufand.

190 405 292 75 BOSWORTH,
508 405 18 75 a
542 405 122 75 market
682 405 86 75 town
792 405 40 75 of
853 405 253 75 Leiccfterftiire,
1131 405 93 75 fitua-

239 452 54 75 ted
318 452 97 75 about
431 452 110 75 eleven
559 452 91 75 miles
668 452 183 75 fouth-weft
879 452 39 75 of
942 452 161 75 Leicelter
1118 452 8 75 :
1162 452 61 75 W.

239 498 86 75 long.
358 498 33 75 i°
412 498 54 75 25'
466 498 12 75 ,
505 498 63 75 and
585 498 47 75 N.
650 498 58 75 lat.
730 498 39 75 52
769 480 20 49 0
809 498 67 75 45'.

190 546 198 75 BOTALE
394 546 174 75 foramen*
590 546 32 75 in
639 546 162 75 anatomy,
828 546 18 75 a
873 546 91 75 name
991 546 94 75 given
1108 546 36 75 to
1170 546 58 75 the

557 849 564 75 BOX

193 1054 244 75 BOTANY
464 1054 27 75 is
518 1054 76 75 that
613 1054 119 75 branch
762 1054 40 75 0/
825 1054 125 75 natural
978 1054 126 75 hiftory.
1121 1054 112 75 which.

292 1100 97 75 treats
402 1100 40 75 of
453 1100 55 75 the
520 1100 81 75 ufes,
616 1100 189 75 charadters,
819 1100 121 75 claifes,
958 1100 124 75 orders,
1098 1100 127 75 genera,

195 1145 62 75 and
273 1145 117 75 fpecies
407 1145 40 75 of
457 1145 117 75 plants.

242 1193 119 75 Before
378 1193 49 75 we
442 1193 137 75 explain:
596 1193 55 75 the
678 1193 80 75 moll
785 1193 163 75 approve^
968 1193 135 75 method
1119 1193 40 75 of
1177 1193 49 75 di-

624 1348 27 75 S
668 1348 24 75 e
708 1348 25 75 c
748 1348 47 75 t.
835 1348 32 75 J.
947 1348 189 75 USE
1174 1348 28 75 S

195 1468 188 75 WHen
401 1468 64 75 this
482 1468 119 75 fcience
618 1468 25 75 is
661 1468 124 75 carried
813 1468 41 75 no
883 1468 125 75 further
1033 1468 77 75 than
1126 1468 35 75 to
1178 1468 47 75 di-

324 1512 144 75 ftinguiih
485 1512 59 75 one
568 1512 88 75 plant
679 1512 88 75 from,
781 1512 146 75 another,
944 1512 42 75 its
1003 1512 69 75 ufes
1095 1512 53 75 are
1165 1512 63 75 few

196 1562 60 75 and
270 1562 237 75 uninterefting.
533 1562 171 75 However,
716 1562 78 75 even
805 1562 66 75 this
883 1562 140 75 exercife
1033 1562 28 75 is
1076 1562 154 75 attended

195 1607 76 75 with
289 1607 85 75 fome
390 1607 206 75 advantages.
645 1607 32 75 It
705 1607 26 75 is
759 1607 55 75 the
831 1607 77 75 firfl,
935 1607 62 75 and
1024 1607 18 75 a
1070 1607 159 75 neceflary

194 1655 63 75 ftep
273 1655 140 75 towards
430 1655 198 75 difcovering
644 1655 89 75 thofe
753 1655 40 75 of
804 1655 18 75 a
838 1655 90 75 more
945 1655 93 75 noble
1056 1655 89 75 kind.
1195 1655 33 75 It

193 1701 27 75 is
248 1701 56 75 the
335 1701 178 75 rudiments
534 1701 39 75 of
591 1701 55 75 the
663 1701 120 75 fcience
792 1701 13 75 ^
833 1701 61 75 and
911 1701 79 75 mult
1006 1701 164 75 therefore
1187 1701 40 75 be

195 1747 152 75 acquired
364 1747 109 75 before
491 1747 47 75 we
555 1747 57 75 can
629 1747 113 75 expedt
765 1747 34 75 to
817 1747 101 75 arrive
935 1747 32 75 at
984 1747 61 75 any
1069 1747 157 75 improve-

194 1792 88 75 ment
298 1792 71 75 that
386 1792 73 75 may
475 1792 39 75 be
531 1792 100 75 ufeful
655 1792 35 75 to
714 1792 163 75 mankind.
927 1792 85 75 This
1031 1792 70 75 part
1119 1792 39 75 of
1170 1792 58 75 bo-

194 1839 77 75 tany
287 1839 26 75 is
330 1839 140 75 likewife
485 1839 89 75 more
591 1839 156 75 complete
764 1839 63 75 and
843 1839 176 75 fyftematic
1035 1839 77 75 than
1128 1839 96 75 many

194 1886 95 75 other
305 1886 154 75 branches
476 1886 40 75 of
526 1886 122 75 natural
667 1886 131 75 hiftory.
833 1886 52 75 By
901 1886 108 75 means
1021 1886 40 75 of
1072 1886 55 75 the
1144 1886 78 75 claf-

194 1932 71 75 fical
283 1932 60 75 and
360 1932 126 75 generic
501 1932 119 75 marks,
640 1932 46 75 we
703 1932 53 75 are
773 1932 135 75 enabled
923 1932 31 75 in
972 1932 19 75 a
1007 1932 63 75 few
1087 1932 147 75 minutes.

194 1978 35 75 to
245 1978 140 75 difcovcr
403 1978 54 75 the
485 1978 91 75 name
593 1978 39 75 of
645 1978 60 75 any
723 1978 99 75 plant,
849 1978 84 75 from
951 1978 160 75 whatever
1129 1978 95 75 quar-

193 2025 48 75 ter
260 2025 39 75 of
310 2025 55 75 the
383 2025 94 75 globe
494 2025 23 75 it
537 2025 71 75 may
621 2025 38 75 be
676 2025 153 75 brought.
878 2025 85 75 Tfns
976 2025 26 75 is
1015 2025 211 75 exceedingly

194 2072 141 75 curious,
360 2072 63 75 and
438 2072 181 75 altogether
646 2072 175 75 incredible
837 2072 35 75 to
889 2072 112 75 people
1019 2072 207 75 unacquaint-

196 2114 39 75 ed
252 2114 79 75 with
347 2114 55 75 the
418 2114 113 75 nature
546 2114 40 75 of
598 2114 55 75 the
670 2114 133 75 fcience.
837 2114 109 75 When
964 2114 49 75 we
1029 2114 80 75 have
1125 2114 104 75 learnt

195 2160 56 75 the
267 2160 104 75 name,
388 2160 48 75 we
453 2160 53 75 are
522 2160 76 75 then
614 2160 33 75 in
659 2160 17 75 a
688 2160 143 75 capacity
846 2160 41 75 of
898 2160 177 75 confulting
1093 2160 131 75 authors

196 2206 78 75 with
292 2206 113 75 regard
422 2206 35 75 to
472 2206 55 75 the
555 2206 137 75 peculiar
720 2206 177 75 properties
921 2206 40 75 of
984 2206 55 75 the
1065 2206 101 75 plant,
1191 2206 35 75 fo

196 2253 50 75 far
262 2253 32 75 as
312 2253 77 75 they
406 2253 53 75 are
475 2253 130 75 known.

242 2300 140 75 Befides,
407 2300 91 75 there
514 2300 26 75 is
558 2300 37 75 an
613 2300 147 75 elegance
784 2300 61 75 and
870 2300 172 75 fymmetry
1057 2300 32 75 in
1105 2300 131 75 plants,,

194 2346 105 75 which
328 2346 72 75 give
428 2346 61 75 rife
513 2346 35 75 to
576 2346 96 75 many
699 2346 164 75 agreeable
890 2346 169 75 emotions.
1119 2346 106 75 Their

193 2393 100 75 parts,
319 2393 65 75 like
401 2393 89 75 thofe
502 2393 40 75 of
554 2393 143 75 animals,
723 2393 54 75 are
789 2393 149 75 poflefied
950 2393 44 75 of
1001 2393 41 75 all
1055 2393 54 75 the
1126 2393 97 75 beau-

193 2439 59 75 ties
278 2439 40 75 of
337 2439 119 75 utility,
483 2439 186 75 regularity,
695 2439 201 75 uniformity,
922 2439 107 75 order,
1063 2439 61 75 and
1149 2439 74 75 pro-

192 2486 141 75 portion.
382 2486 140 75 Neither
538 2486 26 75 is
581 2486 91 75 there
689 2486 61 75 any
767 2486 78 75 clafs
870 2486 46 75 of
926 2486 129 75 natural,
1066 2486 110 75 bodies
1193 2486 31 75 in

194 2532 104 75 which
324 2532 56 75 the
407 2532 118 75 beauty
550 2532 40 75 of
612 2532 122 75 variety
759 2532 108 75 makes
893 2532 74 75 fuch
997 2532 35 75 a.
1044 2532 113 75 capital
1186 2532 36 75 fi-

194 2578 87 75 gure.
314 2578 85 75 This
416 2578 125 75 variety
557 2578 26 75 is
600 2578 115 75 chiefly
733 2578 165 75 exhibited
910 2578 31 75 in
955 2578 58 75 the
1025 2578 197 75 magnitude,

193 2625 112 75 figure,
332 2625 123 75 colour,
480 2625 114 75 odour,
620 2625 62 75 and
707 2625 78 75 tafte
817 2625 40 75 of
885 2625 193 75 vegetables.
1129 2625 33 75 It
1197 2625 26 75 is

193 2672 162 75 therefore
364 2672 124 75 natural
501 2672 35 75 to
548 2672 124 75 expedf,
684 2672 71 75 that
767 2672 38 75 th'
805 2672 18 75 e
836 2672 91 75 ftudy
936 2672 40 75 of
983 2672 118 75 botany
1112 2672 113 75 fhould

193 2718 80 75 have
286 2718 84 75 fome
387 2718 153 75 influence
557 2718 31 75 in
606 2718 183 75 improving,
800 2718 58 75 our
875 2718 88 75 tafte.

241 2763 66 75 But
323 2763 33 75 as
373 2763 120 75 botany
509 2763 26 75 is
551 2763 194 75 confeffedly
762 2763 17 75 a
796 2763 118 75 branch
937 2763 39 75 of
987 2763 123 75 natural
1126 2763 98 75 hifto-

193 2809 49 75 ry,
269 2809 56 75 the
341 2809 134 75 bot-anift
492 2809 100 75 ought
619 2809 55 75 not
702 2809 35 75 to
766 2809 128 75 confine,
913 2809 50 75 his
988 2809 178 75 refearches
1189 2809 35 75 to

192 2856 56 75 the
264 2856 86 75 mere
366 2856 106 75 names
490 2856 263 75 and.charadters
775 2856 40 75 of
835 2856 116 75 plants.
1000 2856 54 75 He
1071 2856 100 75 ought
1189 2856 35 75 to

193 2903 123 75 inquire
344 2903 69 75 into
441 2903 84 75 their
553 2903 162 75 qualities.
763 2903 109 75 Thefe
900 2903 174 75 qualities,,
1095 2903 127 75 indeed,

192 2948 92 75 when
305 2948 48 75 we
370 2948 67 75 talk
455 2948 39 75 of
506 2948 179 75 vegetables
712 2948 32 75 in
770 2948 138 75 general,
935 2948 52 75 are
1014 2948 211 75 exceedingly

192 2995 181 75 numerous,
399 2995 62 75 and
478 2995 54 75 the
549 2995 216 75 inveftigation
779 2995 40 75 of
830 2995 93 75 many
936 2995 40 75 of
990 2995 88 75 them
1095 2995 124 75 attend-

192 3042 38 75 ed
247 3042 78 75 with
342 3042 75 75 fueh
430 3042 169 75 difficulty,
617 3042 69 75 that
699 3042 42 75 no
757 3042 126 75 perfoh,
909 3042 149 75 however
1074 3042 146 75 induftri-

1322 258 143 75 foramen
1484 258 102 75 ovale,
1614 258 84 75 from
1711 258 121 75 Botall,
1859 258 157 75 phyfician
2036 258 34 75 to
2084 258 135 75 Charles
2237 258 64 75 IX,

1321 306 34 75 to
1372 306 107 75 whom
1503 306 55 75 the
1579 306 166 75 difcovery
1761 306 40 75 of
1812 306 25 75 it
1853 306 27 75 is
1899 306 153 75 afcribed.
2102 306 63 75 See
2181 306 122 75 Fora-

1323 352 74 75 men
1417 352 102 75 ovale.

1275 398 261 75 BOTANIST,
1561 398 19 75 a
1610 398 111 75 perfon
1749 398 111 75 fkilled
1883 398 33 75 in
1948 398 133 75 botany.
2147 398 61 75 See
2236 398 67 75 Bo-

1325 445 116 75 tany.

1274 490 348 75 BOTANOPHILI,
1648 490 128 75 perfons
1794 490 73 75 who
1883 490 81 75 have
1980 490 123 75 treated
2122 490 40 75 of
2185 490 118 75 plants,

1320 538 56 75 not
1393 538 33 75 as
1444 538 164 75 botanifts,
1634 538 58 75 but
1708 538 33 75 as
1761 538 185 75 gardeners,
1971 538 188 75 phyficians,
2184 538 28 75 6
2220 538 29 75 c.

1311 847 78 75 A

1582 847 83 75 N

1844 847 99 75 Y.

1274 1049 201 75 ftinguifhing
1491 1049 118 75 plants,
1633 1049 27 75 it
1677 1049 65 75 will
1760 1049 56 75 not
1832 1049 40 75 be
1890 1049 160 75 improper
2062 1049 37 75 to,
2113 1049 127 75 inquire
2257 1049 47 75 in-

1274 1096 35 75 to
1326 1096 55 75 the
1398 1096 111 75 nature
1526 1096 39 75 of
1577 1096 55 75 the
1649 1096 133 75 fcience,
1808 1096 61 75 and
1898 1096 85 75 what
2013 1096 102 75 ufeful
2145 1096 36 75 or
2213 1096 93 75 orna-

1276 1142 116 75 mental
1410 1142 147 75 purpofes
1575 1142 73 75 may
1673 1142 39 75 be
1737 1142 154 75 expebted
1918 1142 84 75 from
2031 1142 56 75 the
2115 1142 190 75 cultivation

1276 1190 39 75 of
1334 1190 40 75 it.

1277 1348 26 75 o
1328 1348 23 75 E
1427 1348 448 75 BOTANY.

1275 1466 69 75 ous,
1370 1466 57 75 can
1444 1466 75 75 ever
1535 1466 112 75 expedf
1664 1466 34 75 to
1714 1466 114 75 unfold
1844 1466 56 75 the
1916 1466 118 75 whole.
2083 1466 67 75 But
2168 1466 62 75 this
2245 1466 61 75 cir-

1277 1513 176 75 cumftance
1470 1513 78 75 does
1565 1513 56 75 not
1639 1513 104 75 afford
1760 1513 61 75 any
1838 1513 167 75 argument
2032 1513 50 75 for
2110 1513 100 75 lofing
2227 1513 81 75 fight

1276 1559 40 75 of
1328 1559 109 75 utility
1454 1559 208 75 altogether,.
1697 1559 55 75 On
1780 1559 56 75 the
1864 1559 161 75 contrary,
2050 1559 26 75 it
2098 1559 27 75 is
2152 1559 56 75 the
2230 1559 85 75 only,

1277 1606 95 75 thing
1385 1606 70 75 that
1469 1606 57 75 can
1543 1606 72 75 give
1631 1606 125 75 dignity
1772 1606 35 75 to
1824 1606 54 75 the
1895 1606 121 75 fcience'
2016 1606 10 75 ,
2053 1606 37 75 or
2106 1606 111 75 entitle
2233 1606 26 75 it
2272 1606 35 75 to

1276 1653 39 75 be
1329 1653 118 75 ranked
1464 1653 33 75 as
1515 1653 18 75 a
1551 1653 117 75 branch
1686 1653 39 75 of
1739 1653 123 75 natural
1878 1653 134 75 hiftory.
2060 1653 113 75 There
2198 1653 26 75 is
2249 1653 59 75 but

1275 1700 84 75 little
1375 1700 139 75 pleafure
1530 1700 32 75 in
1579 1700 146 75 ftudying
1748 1700 19 75 a
1790 1700 120 75 science
1927 1700 104 75 which
2049 1700 26 75 is
2093 1700 128 75 already
2238 1700 67 75 car-

1276 1745 68 75 ried
1360 1745 34 75 to
1410 1745 42 75 its
1468 1745 122 75 higheft
1607 1745 87 75 pitch
1719 1745 40 75 of
1781 1745 241 75 improvement.
2071 1745 77 75 The
2166 1745 141 75 profpedt

1276 1791 38 75 of
1326 1791 197 75 difcovering
1540 1791 60 75 any
1617 1791 91 75 thing
1725 1791 70 75 that
1812 1791 73 75 may
1908 1791 40 75 be
1977 1791 99 75 ufeful
2098 1791 34 75 to
2151 1791 153 75 mankind

1272 1838 173 75 ftimulates
1461 1838 59 75 our
1536 1838 242 75 induftry,.and
1806 1838 106 75 makes
1940 1838 36 75 us
1997 1838 165 75 profecute
2178 1838 59 75 our
2255 1838 61 75 re-,

1272 1884 141 75 fearches
1439 1884 78 75 with
1533 1884 114 75 vigour
1663 1884 63 75 and
1742 1884 145 75 alacrity.

1319 1932 33 75 A
1370 1932 146 75 botanift,
1543 1932 38 75 or
1597 1932 38 75 an
1653 1932 143 75 inquirer
1812 1932 68 75 into
1896 1932 56 75 the
1952 1914 8 49 -
1960 1932 121 75 nature
2098 1932 62 75 and
2177 1932 130 75 proper-

1273 1978 58 75 ties
1351 1978 40 75 of
1403 1978 198 75 vegetables,
1622 1978 102 75 ought
1751 1978 35 75 to
1813 1978 100 75 diredt
1940 1978 49 75 his
2006 1978 96 75 views
2119 1978 189 75 principaily

1275 2024 139 75 towards
1431 2024 54 75 the
1503 2024 218 75 inyeftigaticn
1749 2024 40 75 of
1812 2024 109 75 ufefur
1942 2024 160 75 qualities.
2161 2024 65 75 For
2244 2024 63 75 this

1275 2070 145 75 purpofc,
1444 2070 33 75 in
1506 2070 182 75 examining
1717 2070 115 75 plants,
1858 2070 41 75 he
1928 2070 111 75 fliould
2062 2070 141 75 confider
2221 2070 85 75 whe-

1277 2115 71 75 ther
1365 2115 78 75 they
1464 2115 41 75 be
1521 2115 150 75 poflefTed
1685 2115 40 75 of
1737 2115 59 75 any
1815 2115 149 75 qualities
1981 2115 105 75 which
2103 2115 74 75 may
2193 2115 117 75 render

1273 2161 87 75 them
1378 2161 40 75 of
1430 2161 51 75 ufe
1506 2161 31 75 in
1555 2161 89 75 food,
1670 2161 32 75 in
1719 2161 167 75 medicine,
1911 2161 37 75 or
1965 2161 32 75 in
2015 2161 61 75 any
2092 2161 41 75 of
2154 2161 55 75 the
2225 2161 80 75 arts.

1272 2208 109 75 Thefe
1398 2208 51 75 are
1466 2208 120 75 objedts
1604 2208 127 75 worthy
1759 2208 54 75 the
1838 2208 156 75 attention
2011 2208 41 75 of
2071 2208 232 75 philofophers.

1272 2254 65 75 Let
1348 2254 37 75 us
1402 2254 146 75 examine
1564 2254 55 75 the
1644 2254 155 75 afliftance
1816 2254 70 75 that
1902 2254 75 75 may
1991 2254 40 75 be
2048 2254 155 75 expedted
2219 2254 86 75 from

1272 2302 54 75 the
1339 2302 90 75 ftudy
1441 2302 40 75 of
1487 2302 120 75 botany
1616 2302 78 75 with
1707 2302 113 75 regard
1834 2302 34 75 to
1880 2302 86 75 thefe
1978 2302 172 75 important
2163 2302 140 75 articles.

1326 2394 27 75 1.
1373 2394 262 75 Food.—Many
1651 2394 130 75 animals
1795 2394 52 75 are
1860 2394 154 75 endowed
2031 2394 78 75 with
2126 2394 39 75 an
2182 2394 133 75 inftinc-.

1272 2440 64 75 tive
1349 2440 123 75 faculty
1488 2440 40 75 of
1541 2440 120 75 readily
1674 2440 234 75 diftinguifhing
1921 2440 144 75 whether
2077 2440 55 75 the
2144 2440 78 75 food
2236 2440 70 75 that

1273 2487 25 75 is
1318 2487 162 75 prefented
1498 2487 34 75 to
1549 2487 87 75 them
1653 2487 40 75 be
1711 2487 135 75 noxious
1864 2487 38 75 or
1927 2487 150 75 falutary.
2141 2487 174 75 Mankind-

1272 2533 79 75 have
1360 2533 45 75 no
1421 2533 75 75 fuch
1508 2533 134 75 inftindf.
1690 2533 190 75 Theymuft
1895 2533 82 75 have
1994 2533 144 75 recourfe
2154 2533 35 75 to
2206 2533 102 75 expe-'
2308 2533 14 75 -

1272 2582 104 75 rience
1404 2582 62 75 and
1494 2582 212 75 obfervatiom
1767 2582 66 75 But
1850 2582 87 75 thefe
1953 2582 54 75 are
2024 2582 57 75 not
2095 2582 157 75 fiifficient
2268 2582 49 75 to,

1273 2626 95 75 guide
1385 2626 35 75 us
1440 2626 30 75 in
1484 2626 96 75 every
1597 2626 80 75 cafe.
1726 2626 76 75 The
1815 2626 148 75 traveller
1975 2626 29 75 is
2020 2626 90 75 often
2126 2626 123 75 allured
2261 2626 53 75 by.

1273 2672 55 75 the
1361 2672 234 75 agreeablenefs
1624 2672 39 75 of
1686 2672 91 75 fmell
1803 2672 61 75 and
1892 2672 77 75 tafte
1994 2672 34 75 to
2056 2672 52 75 eat
2135 2672 168 75 poilbnous

1273 2720 107 75 fruits.
1429 2720 138 75 Neither
1589 2720 64 75 will
1683 2720 19 75 a
1728 2720 135 75 general:
1883 2720 127 75 caution
2037 2720 57 75 not
2109 2720 36 75 to
2162 2720 52 75 eat
2242 2720 62 75 any

1273 2765 89 75 thing
1379 2765 56 75 but
1452 2765 85 75 what
1554 2765 48 75 we
1627 2765 94 75 know
1738 2765 85 75 from
1839 2765 188 75 experience
2044 2765 34 75 to
2095 2765 39 75 be
2150 2765 153 75 falutarv,

1274 2811 117 75 anfwer
1408 2811 29 75 in
1456 2811 96 75 every
1568 2811 201 75 emergency.
1819 2811 33 75 A
1868 2811 94 75 fliip’s
1981 2811 166 75 company,
2167 2811 33 75 in
2221 2811 83 75 wain

1272 2859 39 75 of
1323 2859 183 75 provifions,
1536 2859 71 75 may
1626 2859 39 75 be
1682 2859 125 75 thrown
1825 2859 83 75 upon
1926 2859 37 75 an
1983 2859 319 75 uninhabited.coaft,
2302 2841 9 49 :

1273 2905 36 75 or
1326 2905 18 75 a
1360 2905 102 75 defert
1473 2905 110 75 ifland.
1631 2905 137 75 Totally
1783 2905 148 75 ignorant
1947 2905 40 75 of
1997 2905 55 75 the
2069 2905 112 75 nature
2197 2905 39 75 of
2247 2905 55 75 the

1272 2952 103 75 plants
1398 2952 106 75 which
1522 2952 78 75 they
1620 2952 82 75 meet
1721 2952 293 75 with;—difeafes,
2040 2952 37 75 or
2104 2952 136 75 fca/city
2267 2952 41 75 of

1271 2999 142 75 animals,
1437 2999 74 75 may
1529 2999 114 75 render
1670 2999 25 75 it
1719 2999 177 75 abfolutely
1911 2999 161 75 neceflary
2088 2999 36 75 to
2140 2999 93 75 make
2249 2999 54 75 ufe

1270 3046 39 75 of
1319 3046 165 75 vegetable
1503 3046 211 75 foodthe
1730 3046 218 75 cbnfequence
1964 3046 26 75 is
2008 3046 169 75 dreadful:
2204 3046 107 75 They-

2225 3099 80 75 mult
