2483 3387
235 210 81 75 402

705 210 42 75 A
823 210 38 75 R
938 210 21 75 I
1035 210 41 75 T
1152 210 47 75 H

282 271 65 75 Ex.
372 271 138 75 Reduce
602 271 36 75 to
655 271 40 75 an
711 271 163 75 improper
888 271 115 75 vulgar
1019 271 148 75 fra&ion.

475 329 61 75 8vT
515 367 20 75 8

363 459 102 75 Num.
493 459 43 75 75
550 510 35 75 =
602 510 34 75 V
655 510 36 75 —
691 492 26 49 8
731 510 25 75 T

394 553 91 75 Den.
503 553 21 75 9

285 605 237 75 Approximate
537 605 152 75 decimals
704 605 97 75 being
820 605 178 75 imperfeft,
1023 605 117 75 cannot
1162 605 41 75 be
1219 605 59 75 ex-

241 654 84 75 actly
337 654 139 75 reduced
487 654 82 75 back
580 654 35 75 to
627 654 56 75 the
695 654 114 75 vulgar
820 654 151 75 fradtions
984 654 84 75 from
1082 654 104 75 which
1200 654 79 75 they

239 701 151 75 refulted.
440 701 66 75 But
523 701 30 75 if
573 701 56 75 the
645 701 223 75 approximate
896 701 40 75 be
962 701 183 75 completed
1160 701 45 75 by
1221 701 55 75 an-

240 747 119 75 nexing
376 747 35 75 to
427 747 25 75 it
470 747 19 75 a
504 747 112 75 vulgar
632 747 148 75 fradtion,
806 747 150 75 whereof
967 747 56 75 the
1041 747 179 75 remainder
1240 747 40 75 of

240 794 56 75 the
319 794 133 75 divifion
476 794 26 75 is
528 794 55 75 the
607 794 197 75 numerator,
830 794 63 75 and
912 794 56 75 the
992 794 119 75 divifor
1134 794 57 75 the
1218 794 57 75 de-

239 841 193 75 nominator,
456 841 65 75 you
545 841 78 75 ftiall
647 841 82 75 have
753 841 19 75 a
796 841 85 75 mixt
905 841 145 75 number,
1075 841 108 75 which
1210 841 66 75 you

240 888 74 75 may
340 888 117 75 reduce
485 888 35 75 to
548 888 39 75 an
611 888 165 75 improper
804 888 114 75 vulgar
940 888 134 75 fradtion
1089 888 10 75 ;
1137 888 77 75 then
1239 888 36 75 to

238 935 56 75 the
322 935 224 75 denominator
573 935 106 75 annex
707 935 32 75 as
769 935 95 75 many
889 935 125 75 ciphers
1043 935 34 75 as
1105 935 91 75 there
1221 935 54 75 are

238 983 117 75 figures
379 983 33 75 in
435 983 57 75 the
516 983 223 75 approximate
753 983 11 75 ;
798 983 64 75 and
886 983 63 75 this
974 983 136 75 fradtion
1134 983 141 75 reduced

237 1029 36 75 to
288 1029 43 75 its
348 1029 109 75 lowed
472 1029 112 75 terms,
609 1029 68 75 will
700 1029 40 75 be
757 1029 54 75 the
827 1029 162 75 primitive
1005 1029 112 75 vulgar
1140 1029 135 75 fradtion

239 1077 164 75 required.

287 1130 124 75 Phob.
433 1130 65 75 VI.
547 1130 56 75 To
620 1130 117 75 reduce
753 1130 110 75 unlike
879 1130 113 75 circles
1016 1130 36 75 to
1067 1130 111 75 others
1202 1130 72 75 that

237 1178 56 75 are
308 1178 116 75 fimilar
440 1178 63 75 and
515 1178 252 75 conterminous.

288 1224 129 75 Similar
433 1224 39 75 or
494 1224 66 75 like
576 1224 112 75 circles
705 1224 54 75 are
782 1224 77 75 fuch
876 1224 34 75 as
931 1224 109 75 confift
1055 1224 41 75 of
1114 1224 40 75 an
1178 1224 96 75 equal

236 1270 135 75 number
386 1270 41 75 of
441 1270 119 75 places.

284 1318 109 75 Thus,
421 1318 71 75 .27,
517 1318 64 75 and
607 1318 72 75 .09,
703 1318 54 75 are
783 1318 116 75 fimilar
926 1318 128 75 circles,
1088 1318 34 75 as
1150 1318 124 75 confid-

237 1366 55 75 ing
308 1366 40 75 of
359 1366 68 75 two
443 1366 105 75 places
565 1366 91 75 each.
706 1366 68 75 But
793 1366 70 75 .63,
881 1366 64 75 and
963 1366 94 75 .148,
1074 1366 54 75 are
1139 1366 132 75 unlike;

236 1412 57 75 the
321 1412 121 75 former
468 1412 168 75 confiding
661 1412 41 75 of
726 1412 78 75 two,
830 1412 64 75 and
921 1412 56 75 the
1004 1412 99 75 latter
1119 1412 40 75 of
1181 1412 91 75 three

236 1459 120 75 places.

285 1505 250 75 Conterminous
554 1505 112 75 circles
683 1505 53 75 are
752 1505 75 75 fuch
845 1505 35 75 as
894 1505 96 75 begin
1006 1505 63 75 and
1085 1505 63 75 end
1163 1505 34 75 at
1216 1505 56 75 the

234 1553 86 75 fame
336 1553 138 75 didance
492 1553 85 75 from
593 1553 56 75 the
665 1553 136 75 decimal
819 1553 103 75 point.

282 1600 108 75 Thus,
418 1600 164 75 .153846,
600 1600 63 75 and
680 1600 166 75 .384615,
864 1600 55 75 are
930 1600 236 75 conterminous
1180 1600 11 75 ;
1213 1600 57 75 be-

223 1647 8 75 '
231 1647 95 75 caufe
341 1647 78 75 they
435 1647 79 75 both
539 1647 94 75 begin
650 1647 34 75 at
708 1647 57 75 the
790 1647 88 75 place
895 1647 41 75 of
956 1647 128 75 primes,
1110 1647 62 75 and
1189 1647 81 75 have

234 1694 42 75 an
311 1694 98 75 equal
443 1694 135 75 number
612 1694 42 75 of
677 1694 118 75 places.
859 1694 78 75 And
968 1694 202 75 .0,714285,
1206 1694 65 75 and

237 1743 203 75 .7,85714:2,
458 1743 53 75 are
528 1743 250 75 conterminous,
795 1743 133 75 becaufe
940 1743 78 75 they
1030 1743 79 75 both
1127 1743 94 75 begin
1235 1743 34 75 at

234 1788 57 75 the
307 1788 90 75 place
413 1788 41 75 of
463 1788 146 75 feconds,
627 1788 63 75 and
701 1788 81 75 have
794 1788 55 75 the
861 1788 84 75 fame
957 1788 134 75 number
1102 1788 41 75 of
1150 1788 117 75 places.

234 1833 69 75 But
322 1833 70 75 .81,
417 1833 63 75 and
498 1833 109 75 .1,36,
632 1833 55 75 are
708 1833 58 75 not
794 1833 249 75 conterminous,
1068 1833 57 75 the
1148 1833 122 75 former

234 1880 173 75 beginning
426 1880 33 75 at
480 1880 57 75 the
561 1880 89 75 place
674 1880 41 75 of
734 1880 130 75 primes,
889 1880 63 75 and
972 1880 55 75 the
1051 1880 98 75 latter
1164 1880 33 75 at
1213 1880 57 75 the

233 1927 92 75 place
340 1927 42 75 of
399 1927 146 75 feconds.
593 1927 120 75 Again,
742 1927 71 75 .63,
838 1927 63 75 and
926 1927 95 75 .481,
1046 1927 54 75 are
1119 1927 57 75 not
1192 1927 77 75 con-

233 1974 189 75 terminous,
444 1974 134 75 becaufe
604 1974 80 75 they
699 1974 81 75 have
805 1974 57 75 not
885 1974 57 75 the
969 1974 84 75 fame
1077 1974 135 75 number
1232 1974 41 75 of

231 2022 109 75 places
355 2022 9 75 ;
391 2022 53 75 for
460 2022 113 75 circles
598 2022 117 75 cannot
739 2022 40 75 be
803 2022 237 75 conterminous
1062 2022 104 75 unlefs
1191 2022 78 75 they

233 2068 42 75 be
292 2068 32 75 at
340 2068 55 75 the
412 2068 84 75 fame
512 2068 78 75 time
606 2068 128 75 fimilar.

281 2115 123 75 Unlike
421 2115 115 75 circles
553 2115 54 75 are
621 2115 141 75 reduced
782 2115 36 75 to
833 2115 118 75 fimilar
970 2115 76 75 ones
1074 2115 44 75 by
1132 2115 57 75 the
1205 2115 63 75 fol-

232 2162 122 75 lowing

279 2208 127 75 Rule.
453 2208 86 75 Find
554 2208 57 75 the
634 2208 78 75 lead
734 2208 147 75 multiple
906 2208 41 75 of
964 2208 57 75 the
1043 2208 150 75 numbers
1210 2208 57 75 de-

233 2255 114 75 noting
366 2255 56 75 the
437 2255 136 75 number
593 2255 41 75 of
644 2255 108 75 places
768 2255 33 75 in
821 2255 56 75 the
893 2255 120 75 feveral
1031 2255 93 75 given
1141 2255 126 75 circles,

233 2302 62 75 and
307 2302 120 75 extend
445 2302 78 75 each
540 2302 42 75 of
591 2302 57 75 the
662 2302 97 75 given
769 2302 112 75 circles
897 2302 35 75 to
946 2302 33 75 as
996 2302 95 75 many
1107 2302 107 75 places
1231 2302 35 75 as

232 2351 94 75 there
342 2351 54 75 are
410 2351 88 75 units
513 2351 34 75 in
559 2351 56 75 the
630 2351 77 75 lead
723 2351 160 75 multiple.

656 2395 109 75 Thus,
782 2395 37 75 to
835 2395 115 75 reduce
961 2395 56 75 the
1028 2395 110 75 unlike
1154 2395 113 75 circles

235 2446 70 75 .63,
340 2446 38 75 =
395 2446 168 75 .636363,
614 2446 70 75 .63,
710 2446 62 75 and
792 2446 94 75 .148,
903 2446 36 75 to
955 2446 116 75 fimilar
1093 2446 92 75 ones,
1209 2446 59 75 ex-

236 2491 93 75 .148,
341 2491 37 75 =
395 2491 166 75 .148148,
609 2491 77 75 tend
713 2491 81 75 both
810 2491 112 75 circles
946 2491 38 75 to
1004 2491 48 75 fix
1068 2491 120 75 places,
1213 2491 56 75 be-

611 2537 91 75 caufe
714 2537 22 75 6
752 2537 28 75 is
796 2537 55 75 the
867 2537 75 75 lead
959 2537 145 75 multiple
1116 2537 40 75 of
1168 2537 20 75 2
1206 2537 62 75 and

234 2584 35 75 3,
292 2584 56 75 the
364 2584 132 75 number
509 2584 41 75 of
560 2584 106 75 places
682 2584 34 75 in
731 2584 56 75 the
803 2584 94 75 given
916 2584 127 75 circles.

279 2631 39 75 In
338 2631 20 75 a
381 2631 96 75 circle
494 2631 62 75 any
572 2631 61 75 one
649 2631 40 75 of
708 2631 56 75 the
789 2631 190 75 circulating
1000 2631 118 75 figures
1134 2631 76 75 may
1224 2631 42 75 be

230 2678 92 75 made
339 2678 56 75 the
412 2678 64 75 fird
493 2678 39 75 of
544 2678 55 75 the
617 2678 109 75 circle.
774 2678 111 75 Thus,
912 2678 122 75 7.592,
1059 2678 74 75 may
1149 2678 39 75 be
1205 2678 59 75 ex-

231 2724 123 75 preffed
370 2724 89 75 thus,
485 2724 183 75 7.5,925,;
702 2724 39 75 or
764 2724 89 75 thus,
884 2724 203 75 7.59,259,;
1116 2724 62 75 and
1195 2724 71 75 that
1307 2724 81 75 fore,

230 2772 138 75 without
381 2772 157 75 changing
553 2772 42 75 its
607 2772 93 75 value
714 2772 9 75 :
751 2772 228 75 confequently
990 2772 19 75 a
1020 2772 80 75 pure
1111 2772 155 75 circulate

230 2819 74 75 may
320 2819 57 75 put
393 2819 42 75 on
451 2819 56 75 the
523 2819 85 75 form
624 2819 41 75 of
676 2819 19 75 a
713 2819 83 75 mixt
813 2819 166 75 circulate,
1001 2819 32 75 if
1043 2819 62 75 one
1120 2819 38 75 or
1174 2819 102 75 more:

229 2866 118 75 figures
367 2866 41 75 on
429 2866 57 75 the
501 2866 61 75 left
577 2866 41 75 he
634 2866 47 75 fet
698 2866 80 75 afide
803 2866 52 75 for
875 2866 55 75 the
946 2866 88 75 finite
1050 2866 96 75 part;
1175 2866 100 75 thus,.

232 2917 219 75 .72,=.7,27,
475 2917 108 75 where
601 2917 47 75 .7,
665 2917 27 75 is
708 2917 57 75 the
781 2917 88 75 finite
884 2917 84 75 part.

275 2958 92 75 That
388 2958 55 75 the
467 2958 93 75 value
576 2958 28 75 is
628 2958 57 75 not
709 2958 143 75 changed
875 2958 75 75 may
972 2958 41 75 be
1036 2958 76 75 thus
1128 2958 133 75 demon-

230 3004 131 75 drated.
470 3052 107 75 .7*27,
589 3052 37 75 =
635 3052 74 75 ^f-§
717 3052 37 75 =
763 3052 95 75 -5-5-=
871 3052 71 75 .72.

274 3098 111 75 Hence
402 3098 67 75 two
484 3098 39 75 or
538 3098 88 75 more
643 3098 93 75 given
753 3098 111 75 circles
881 3098 74 75 may
970 3098 40 75 be
1027 3098 92 75 made
1131 3098 127 75 conter-

227 3147 138 75 minous,
381 3147 45 75 by
442 3147 57 75 the
510 3147 168 75 following

1275 217 50 75 M
1402 217 36 75 E
1516 217 40 75 T
1633 217 20 75 I
1732 217 36 75 C
1846 217 52 75 K.

1374 275 123 75 Rule.
1549 275 58 75 Set
1625 275 82 75 afide
1723 275 45 75 by
1786 275 19 75 a
1821 275 126 75 comma
1968 275 42 75 on
2034 275 56 75 the
2114 275 74 75 left,
2213 275 34 75 as
2269 275 96 75 many

1328 322 115 75 figures
1461 322 33 75 as
1516 322 92 75 there
1624 322 54 75 are
1693 322 106 75 places
1815 322 34 75 in
1864 322 56 75 the
1935 322 123 75 longed
2081 322 90 75 finite
2190 322 85 75 part,
2301 322 63 75 and

1327 369 77 75 then
1422 369 135 75 prolong
1572 369 57 75 the
1644 369 121 75 feveral
1782 369 112 75 circles
1911 369 35 75 to
1962 369 35 75 as
2012 369 97 75 many
2124 369 108 75 places
2248 369 34 75 as
2298 369 68 75 will

1328 416 91 75 make
1434 416 86 75 them
1537 416 129 75 fimilar.

1376 462 64 75 Ex.
1464 462 58 75 To
1538 462 93 75 make
1650 462 131 75 .54,63,
1807 462 64 75 and
1941 462 134 75 .54>63,
2086 462 38 75 =
2137 462 228 75 .54,636363,

1330 511 132 75 .9,148,
1487 511 253 75 conterminous.

1942 511 132 75 .9,148,
2086 511 37 75 =
2136 511 228 75 .91,481481,

1376 557 104 75 Here,
1521 557 132 75 becaufe
1696 557 71 75 .54,
1811 557 58 75 the

1328 604 121 75 longed
1466 604 87 75 finite
1570 604 85 75 part,
1680 604 126 75 confids
1831 604 41 75 of
1891 604 66 75 two
1980 604 119 75 places,
2127 604 46 75 fet
2190 604 82 75 afide
2291 604 72 75 .91,

1328 650 31 75 in
1382 650 57 75 the
1461 650 96 75 other
1578 650 167 75 circulate,
1770 650 53 75 for
1844 650 20 75 a
1888 650 89 75 finite
1993 650 85 75 part,
2104 650 62 75 and
2189 650 78 75 then
2288 650 76 75 pro-

1325 696 78 75 long
1415 696 78 75 both
1505 696 115 75 circles
1632 696 36 75 to
1680 696 47 75 fix
1738 696 120 75 places,
1869 696 106 75 which
1988 696 130 75 renders
2132 696 88 75 them
2233 696 128 75 fimilar.

1562 805 67 75 III.
1678 805 163 75 Addition
1864 805 45 75 of
1922 805 186 75 Decimals.

1372 883 109 75 Rule
1507 883 32 75 I.
1588 883 97 75 Place
1701 883 55 75 the
1772 883 94 75 given
1881 883 153 75 decimals
2050 883 34 75 fo
2097 883 71 75 that
2181 883 55 75 the
2252 883 107 75 points

1326 929 74 75 may
1421 929 90 75 dand
1532 929 135 75 diredtly
1690 929 103 75 under
1814 929 80 75 each
1917 929 107 75 other,
2050 929 63 75 and
2133 929 230 75 confequently

1327 977 107 75 tenths
1450 977 102 75 under
1567 977 122 75 tenths,
1713 977 201 75 hundredths
1932 977 101 75 under
2048 977 202 75 hundredths
2267 977 65 75 <bc,
2348 977 11 75 ;

1326 1023 89 75 then,
1441 1023 32 75 if
1484 1023 56 75 the
1555 1023 95 75 given
1666 1023 153 75 decimals
1836 1023 40 75 be
1900 1023 43 75 all
1961 1023 90 75 finite
2071 1023 39 75 or
2125 1023 235 75 approximate,

1326 1070 69 75 add.
1407 1070 87 75 them
1507 1070 34 75 as
1558 1070 154 75 integers,
1735 1070 151 75 inferting
1897 1070 56 75 the
1968 1070 137 75 decimal
2121 1070 90 75 point
2226 1070 137 75 direftly

1326 1117 101 75 under
1444 1117 54 75 the
1515 1117 127 75 column
1659 1117 41 75 of
1718 1117 120 75 points.
1885 1117 78 75 The
1980 1117 118 75 figures
2114 1117 43 75 on
2177 1117 55 75 the
2247 1117 62 75 left
2325 1117 41 75 of

1325 1164 55 75 the
1396 1164 91 75 point
1504 1164 53 75 are
1573 1164 152 75 integers,
1744 1164 62 75 and
1826 1164 90 75 thofe
1932 1164 42 75 on
1991 1164 56 75 the
2064 1164 86 75 right
2167 1164 54 75 are
2237 1164 19 75 a
2271 1164 89 75 deci-

1324 1210 64 75 mal
1404 1210 40 75 of
1456 1210 55 75 the
1527 1210 136 75 integer,
1688 1210 165 75 confiding
1868 1210 41 75 of
1926 1210 34 75 as
1977 1210 96 75 many
2089 1210 106 75 places
2211 1210 35 75 as
2270 1210 91 75 there

1324 1258 54 75 are
1392 1258 115 75 figures
1520 1258 31 75 in
1568 1258 56 75 the
1640 1258 123 75 longed
1777 1258 41 75 of
1830 1258 54 75 the
1900 1258 93 75 given
2010 1258 166 75 decimals.

1373 1305 75 75 The
1465 1305 166 75 operation
1647 1305 27 75 is
1690 1305 56 75 the
1769 1305 84 75 fame
1876 1305 78 75 here
1970 1305 34 75 as
2020 1305 34 75 in
2125 1305 70 75 Ex.

1325 1352 142 75 addition
1480 1352 41 75 of
1526 1352 113 75 vulgar
1654 1352 171 75 fractions;
1844 1352 53 75 for
1913 1352 18 75 a
1947 1352 110 75 cipher

1324 1398 41 75 on
1393 1398 57 75 the
1481 1398 88 75 right
1602 1398 41 75 of
1673 1398 19 75 a
1723 1398 137 75 decimal
1888 1398 79 75 does
1998 1398 59 75 not

1324 1447 122 75 change
1462 1447 43 75 its
1520 1447 112 75 value:
1659 1447 46 75 If,
1728 1447 177 75 therefore,
1930 1447 128 75 ciphers

1322 1493 40 75 be
1380 1493 158 75 annexed,
1561 1493 35 75 fo
1615 1493 34 75 as
1666 1493 36 75 to
1718 1493 73 75 give
1807 1493 250 75 every.decimal

1322 1540 55 75 the
1393 1540 84 75 Time
1497 1540 133 75 number
1647 1540 40 75 of
1698 1540 118 75 places,
1835 1540 33 75 as
1885 1540 27 75 is
1928 1540 84 75 done
2023 1540 33 75 in

1321 1588 55 75 the
1393 1588 136 75 margin,
1554 1588 79 75 they
1648 1588 67 75 will
1740 1588 43 75 by
1800 1588 65 75 this
1881 1588 108 75 means
2012 1588 41 75 be

1320 1635 140 75 reduced
1498 1635 36 75 to
1574 1635 19 75 a
1632 1635 149 75 common
1817 1635 236 75 denominator,
2095 1635 104 75 3.495
2238 1635 18 75 3
2256 1667 23 49 T
2279 1635 79 75 Wi3

1320 1682 68 75 viz.
1424 1682 100 75 1000.

1368 1730 99 75 Note,
1492 1730 38 75 If
1541 1730 56 75 the
1613 1730 152 75 decimals
1777 1730 36 75 to
1823 1730 42 75 be
1888 1730 104 75 added
2009 1730 53 75 are
2079 1730 40 75 of
2130 1730 151 75 different
2297 1730 57 75 de-

1319 1778 224 75 nominations,
1562 1778 64 75 fird
1643 1778 117 75 reduce
1775 1778 90 75 them
1887 1778 36 75 to
1938 1778 62 75 one
2016 1778 251 75 denomination,
2292 1778 65 75 and

1320 1823 78 75 then
1415 1823 76 75 add.
1540 1823 78 75 The
1648 1823 111 75 reafon
1786 1823 40 75 is,
1852 1823 132 75 becaufe
1999 1823 66 75 like
2081 1823 110 75 things
2205 1823 77 75 only
2298 1823 61 75 can

1319 1870 39 75 be
1374 1870 105 75 added
1490 1870 38 75 or
1544 1870 193 75 fubtraded.

1364 1917 64 75 Ex.
1476 1917 108 75 What
1600 1917 27 75 is
1643 1917 57 75 the
1714 1917 68 75 fum
1799 1917 42 75 of
1858 1917 113 75 .7251.
1992 1917 64 75 and
2080 1917 81 75 .625
2171 1917 28 75 s.
2212 1917 14 75 ?

1364 1964 90 75 Here
1469 1964 64 75 you
1550 1964 74 75 may
1640 1964 103 75 either
1759 1964 117 75 reduce
1893 1964 56 75 the
1966 1964 136 75 decimal
2126 1964 41 75 of
2184 1964 20 75 a
2226 1964 129 75 fhilling

1316 2010 36 75 to
1371 2010 71 75 that
1460 2010 40 75 of
1510 2010 19 75 a
1544 2010 121 75 pound,
1690 2010 38 75 or
1744 2010 63 75 you
1824 2010 75 75 may
1918 2010 117 75 reduce
2051 2010 56 75 the
2122 2010 137 75 decimal
2275 2010 41 75 of
2334 2010 21 75 a

1315 2058 107 75 pound
1446 2058 36 75 to
1509 2058 72 75 that
1604 2058 42 75 of
1664 2058 17 75 a
1697 2058 138 75 fhilling.

1363 2105 82 75 Fird
1458 2105 116 75 reduce
1586 2105 56 75 the
1654 2105 136 75 decimal
1802 2105 41 75 of
1851 2105 18 75 a
1880 2105 127 75 fhilling
2018 2105 37 75 to
2066 2105 72 75 that
2154 2105 42 75 of
2202 2105 19 75 a
2232 2105 120 75 pound,

1314 2152 43 75 by
1365 2152 371 75 /eduftion-afcending,
1754 2152 71 75 viz.
1845 2152 109 75 divide
1977 2152 44 75 by
2043 2152 60 75 20,
2120 2152 34 75 as
2169 2152 143 75 follows.

1504 2247 345 75 2o).6250o(.03125

1723 2294 78 75 .725

1995 2294 28 75 ^

1613 2385 78 75 Sum
1718 2385 125 75 .75625
1853 2385 36 75 =
1901 2385 40 75 15
1996 2385 44 75 li

1364 2442 173 75 Secondly,
1562 2442 117 75 reduce
1697 2442 55 75 the
1768 2442 137 75 decimal
1928 2442 42 75 of
1980 2442 19 75 a
2016 2442 108 75 pound
2140 2442 36 75 to
2192 2442 71 75 that
2281 2442 41 75 of
2332 2442 19 75 a

1314 2488 136 75 fhilling,
1474 2488 44 75 by
1541 2488 394 75 redu&ion-defcending;
1971 2488 74 75 that
2067 2488 42 75 is,
2134 2488 150 75 multiply
2307 2488 45 75 by

1315 2537 57 75 20,
1397 2537 34 75 as
1448 2537 141 75 follows.

1814 2583 79 75 .725
1907 2583 27 75 1.

1358 2629 77 75 The
1467 2629 120 75 anfwer
1620 2629 79 75 here

1872 2629 47 75 20

1309 2676 27 75 is
1373 2676 56 75 the
1460 2676 83 75 fame
1575 2676 35 75 as
1641 2676 56 75 be-

1744 2862 20 75 ;.
1784 2862 92 75 15.1-;
1936 2862 82 75 fum.

1755 3144 29 75 f.
1802 3144 60 75 2.0

2146 3187 200 75 AprRoxi"
