2483 3387
162 197 19 49 S
181 165 63 75 66

636 165 43 75 A
754 165 38 75 R
868 165 20 75 I
963 165 41 75 T
1080 165 44 75 H
1201 165 49 75 M
1325 165 36 75 E
1437 165 40 75 T
1551 165 21 75 I
1649 165 38 75 C
1762 165 52 75 K.

165 233 198 75 quently.be
396 233 38 75 of
453 233 127 75 Tyrian
608 233 177 75 invention.
845 233 98 75 From
959 233 76 75 Afia
1050 233 28 75 it
1093 233 106 75 paffed

164 281 69 75 into
260 281 125 75 Egypt,
418 281 107 75 where
553 281 26 75 it
606 281 66 75 was
699 281 126 75 greatly
852 281 188 75 cultivated.
1099 281 100 75 From

164 327 115 75 thence
295 327 27 75 it
343 327 66 75 was
433 327 199 75 tranfmitted
648 327 35 75 to
701 327 55 75 the
776 327 142 75 Greeks,
942 327 76 75 who
1034 327 166 75 conveyed

166 373 26 75 it
209 373 34 75 to
260 373 56 75 the
336 373 144 75 Romans
504 373 79 75 with
613 373 174 75 additiortal
809 373 261 75 improvements.
1118 373 80 75 But,

165 420 86 75 from
263 420 85 75 feme
359 420 144 75 treatifes
520 420 41 75 of
571 420 56 75 the
644 420 140 75 ancients
801 420 175 75 remaining
988 420 42 75 on
1045 420 66 75 this
1129 420 71 75 fub-

161 466 80 75 jett,
265 466 27 75 it
310 466 129 75 appears
456 466 72 75 that
544 466 85 75 their
652 466 206 75 arhhmetick
873 466 66 75 was
956 466 97 75 much
1069 466 133 75 inferior

166 514 35 75 to
224 514 72 75 that
319 514 40 75 of
380 514 56 75 the
463 514 163 75 moderns.

213 605 183 75 Number,
422 605 106 75 which
545 605 27 75 is
596 605 56 75 the
673 605 106 75 objeft
795 605 41 75 of
848 605 214 75 arithmetick,
1087 605 27 75 is
1131 605 72 75 that

164 653 106 75 which
287 653 134 75 anfwers
439 653 135 75 dire&ly
590 653 35 75 to
642 653 55 75 the
714 653 156 75 queftion.
887 653 87 75 How
992 653 94 75 many
1098 653 12 75 ?
1139 653 62 75 and

163 699 27 75 is
207 699 104 75 either
327 699 39 75 an
383 699 82 75 unit,
490 699 39 75 or
544 699 85 75 fome
646 699 71 75 part
734 699 38 75 or
787 699 87 75 pans
899 699 41 75 of
959 699 40 75 an
1024 699 81 75 unit,
1130 699 37 75 or
1184 699 19 75 a

165 746 174 75 multitude
355 746 40 75 of
406 746 98 75 units.

212 793 57 75 To
285 793 19 75 a
318 793 113 75 perfon
446 793 118 75 having
580 793 55 75 the
659 793 71 75 idea
746 793 40 75 of
805 793 135 75 number
960 793 35 75 in
1022 793 50 75 his
1099 793 102 75 mind,

164 840 58 75 the
238 840 169 75 following
426 840 160 75 queftions
603 840 162 75 naturally
784 840 110 75 occur,
919 840 70 75 viz.
1020 840 31 75 i.
1076 840 85 75 How
1175 840 27 75 is

165 886 77 75 fuch
258 886 19 75 a
292 886 134 75 number
441 886 36 75 to
494 886 41 75 be
562 886 167 75 exprefled
756 886 36 75 or
820 886 130 75 written
963 886 12 75 ?
1014 886 113 75 Hence
1154 886 48 75 we

165 932 82 75 have
263 932 172 75 Notation.
486 932 32 75 2.
544 932 107 75 What
674 932 27 75 is
718 932 56 75 the
801 932 68 75 fum
897 932 44 75 of
959 932 66 75 two
1052 932 37 75 or
1113 932 89 75 more

165 979 175 75 numbers?
368 979 113 75 Hence
497 979 174 75 Addition.
722 979 33 75 3.
780 979 107 75 What
905 979 27 75 is
956 979 56 75 the
1029 979 173 75 difference

167 1027 40 75 of
217 1027 67 75 two
300 1027 93 75 given
415 1027 150 75 numbers
579 1027 12 75 ?
629 1027 113 75 Hence
763 1027 216 75 Subtraction.
1035 1027 35 75 4.
1096 1027 106 75 What

165 1074 67 75 will
253 1074 39 75 be
308 1074 56 75 the
382 1074 97 75 refult
498 1074 39 75 or
557 1074 132 75 produCt
705 1074 41 75 of
757 1074 18 75 a
791 1074 93 75 given
901 1074 133 75 number
1052 1074 150 75 repeated

165 1119 39 75 or
220 1119 96 75 taken
335 1119 19 75 a
369 1119 124 75 certain
509 1119 135 75 number
667 1119 40 75 of
724 1119 94 75 times
831 1119 12 75 ?
870 1119 114 75 Hence
999 1119 202 75 Multiplica-

167 1166 82 75 tion.
302 1166 33 75 5.
359 1166 90 75 How
472 1166 90 75 often
585 1166 28 75 is
639 1166 60 75 one
714 1166 95 75 given
826 1166 134 75 number
977 1166 170 75 contained
1168 1166 35 75 in

167 1211 158 75 another?
361 1211 113 75 Hence
498 1211 159 75 Divifion.

214 1258 109 75 Thefe
351 1258 75 75 five,
461 1258 70 75 viz.
565 1258 175 75 Notation,
775 1258 175 75 Addition,
984 1258 215 75 Subtraction,

166 1304 269 75 Multiplication,
460 1304 63 75 and
539 1304 160 75 Divifion,
724 1304 54 75 are
793 1304 57 75 the
866 1304 89 75 chief
966 1304 101 75 parts,
1091 1304 38 75 or
1149 1304 51 75 ra-

168 1352 73 75 ther
256 1352 55 75 the
327 1352 107 75 whole
450 1352 40 75 of
501 1352 200 75 arithmetic;
728 1352 34 75 as
778 1352 97 75 every
891 1352 212 75 arithmetical
1125 1352 76 75 ope-

167 1399 107 75 ration
291 1399 141 75 requires
449 1399 56 75 the
522 1399 52 75 ufe
590 1399 40 75 of
640 1399 86 75 fome
742 1399 41 75 of
793 1399 101 75 them,
919 1399 63 75 and
997 1399 135 75 nothing
1143 1399 59 75 but

167 1445 20 75 a
203 1445 115 75 proper
340 1445 141 75 mixture
497 1445 41 75 of
557 1445 88 75 them
661 1445 27 75 is
705 1445 160 75 neceffary
890 1445 33 75 in
948 1445 63 75 any
1038 1445 165 75 operation

167 1491 183 75 whatever.;
377 1491 75 75 and,
476 1491 44 75 by
537 1491 39 75 an
593 1491 122 75 Arabic
731 1491 96 75 term,
852 1491 87 75 thefe
957 1491 53 75 are
1027 1491 105 75 called
1147 1491 57 75 the

168 1539 190 75 algorithm.

375 1683 160 75 Chap.
565 1683 30 75 I.
662 1683 344 75 Notation.

219 1779 217 75 Notation
460 1779 26 75 is
504 1779 71 75 that
592 1779 71 75 part
682 1779 41 75 of
737 1779 181 75 arithmetic
933 1779 107 75 which
1059 1779 146 75 explains

177 1827 57 75 the
256 1827 136 75 method
407 1827 40 75 of
458 1827 129 75 writing
604 1827 108 75 down,
737 1827 44 75 by
803 1827 178 75 characters
999 1827 38 75 or
1052 1827 153 75 fymbols,

174 1873 64 75 any
264 1873 134 75 number
426 1873 166 75 expreffed
618 1873 33 75 in
678 1873 130 75 words;
835 1873 35 75 as
897 1873 66 75 alfo
990 1873 55 75 the
1072 1873 72 75 way
1171 1873 40 75 of

173 1918 133 75 reading
323 1918 37 75 or
382 1918 188 75 expreffing,
596 1918 33 75 in
656 1918 120 75 words,
801 1918 63 75 any
891 1918 135 75 number
1053 1918 93 75 given
1173 1918 34 75 in

173 1965 189 75 characters-
376 1965 38 75 or
437 1965 153 75 fymbols,
639 1965 67 75 But
723 1965 55 75 the
796 1965 65 75 firft
877 1965 40 75 of
928 1965 86 75 thefe
1032 1965 26 75 is
1075 1965 131 75 proper-

169 2012 37 75 ly
222 2012 158 75 notation,
406 2012 65 75 and
491 2012 55 75 the
568 2012 57 75 laft
648 2012 26 75 is
691 2012 88 75 more
796 2012 125 75 ufually
936 2012 103 75 called
1055 2012 151 75 numera-

174 2059 81 75 tion.

220 2105 78 75 The
314 2105 108 75 things
439 2105 76 75 then
531 2105 121 75 proper
665 2105 35 75 to
715 2105 41 75 be
774 2105 178 75 comprifed
975 2105 32 75 in
1029 2105 65 75 this
1111 2105 95 75 chap-

176 2152 53 75 ter
255 2152 66 75 are,
351 2152 30 75 1.
406 2152 78 75 The
510 2152 114 75 figural
651 2152 157 75 notation.
859 2152 34 75 2.
917 2152 228 75 Numeration,
1170 2152 38 75 or

176 2198 56 75 the
258 2198 73 75 way
358 2198 40 75 of
420 2198 132 75 reading
575 2198 164 75 numbers.
790 2198 34 75 3.
849 2198 222 75 Defcriptions
1093 2198 41 75 of
1152 2198 56 75 the

175 2243 103 75 kinds-
286 2243 38 75 or
339 2243 119 75 fpecies
474 2243 40 75 of
525 2243 162 75 numbers.

483 2347 31 75 I.
563 2347 144 75 Figural
726 2347 176 75 Notation.

225 2430 33 75 A
263 2430 25 75 w
301 2430 82 75 unit,
409 2430 38 75 or
464 2430 105 75 unity,
585 2430 27 75 is
624 2430 70 75 that
710 2430 135 75 number
855 2430 46 75 by
915 2430 109 75 which
1037 2430 62 75 any
1115 2430 93 75 thing

177 2476 28 75 is
222 2476 104 75 called
342 2476 61 75 one
423 2476 46 75 of
473 2476 44 75 its
530 2476 91 75 kind.
671 2476 34 75 It
727 2476 27 75 is
774 2476 55 75 the
845 2476 65 75 firft
925 2476 152 75 number;
1104 2476 63 75 and
1182 2476 31 75 if

179 2523 36 75 to
233 2523 26 75 it
276 2523 39 75 be
333 2523 103 75 added
452 2523 135 75 another
602 2523 83 75 unit,
708 2523 51 75 we
774 2523 79 75 fttall
865 2523 82 75 have
966 2523 134 75 another
1115 2523 91 75 num-

179 2570 57 75 ber
256 2570 103 75 called
381 2570 86 75 two;
493 2570 64 75 and
572 2570 31 75 if
621 2570 34 75 to
671 2570 64 75 this
755 2570 57 75 laft
835 2570 141 75 another
985 2570 73 75 unit
1070 2570 41 75 be
1127 2570 81 75 add-

180 2616 58 75 ed,
257 2616 49 75 we
329 2616 77 75 {hall
430 2616 82 75 have
540 2616 134 75 another
699 2616 134 75 number
860 2616 106 75 called
992 2616 89 75 three
1099 2616 11 75 ;
1145 2616 63 75 and

180 2662 87 75 thus,
292 2662 45 75 by
352 2662 56 75 the
425 2662 161 75 continual
605 2662 143 75 addition
765 2662 40 75 of
816 2662 38 75 an
871 2662 83 75 unit,
980 2662 176 75 therewill
1175 2662 34 75 a-

181 2704 61 75 rife
257 2704 41 75 an
310 2704 122 75 infinite
446 2704 139 75 increafe
596 2704 40 75 of
653 2704 163 75 numbers.
863 2704 55 75 On
934 2704 56 75 the
1007 2704 201 75 otherhand,

180 2755 32 75 if
230 2755 85 75 from
339 2755 93 75 unity
455 2755 62 75 any
544 2755 72 75 part
643 2755 43 75 be
706 2755 190 75 fubtraCled,
922 2755 64 75 and
1008 2755 98 75 again
1124 2755 85 75 from

180 2801 73 75 that
269 2801 71 75 part
357 2801 136 75 another
512 2801 72 75 part
598 2801 41 75 be
662 2801 96 75 taken
782 2801 102 75 away,
910 2801 63 75 and
988 2801 66 75 this
1070 2801 39 75 Be
1126 2801 84 75 done

182 2847 208 75 continually,
415 2847 52 75 we
480 2847 77 75 {hall
573 2847 81 75 have
670 2847 39 75 an
736 2847 122 75 infinite
882 2847 146 75 decreafe
1054 2847 41 75 of
1118 2847 90 75 num-

181 2894 88 75 bers.
314 2894 68 75 But
398 2894 123 75 though
537 2894 146 75 number,
706 2894 221 75 with-relpeCl:
943 2894 35 75 to
993 2894 218 75 increafe-and

181 2940 158 75 decreafe,
364 2940 38 75 be
426 2940 134 75 infinite,
584 2940 63 75 and
670 2940 110 75 knows
805 2940 43 75 no
871 2940 97 75 limits
981 2940 11 75 ;
1016 2940 56 75 yet
1095 2940 54 75 ten
1172 2940 37 75 fi-

182 2986 107 75 gures,
313 2986 158 75 varioufly
487 2986 168 75 combined
682 2986 37 75 or
749 2986 162 75 repeated,
937 2986 52 75 are
1007 2986 103 75 found
1125 2986 83 75 fuffi-

183 3031 84 75 dent
282 3031 41 75 to
335 3031 63 75 exp
401 3031 63 75 refs
484 3031 62 75 any
562 3031 140 75 number,
723 3031 206 75 whatfoever.
982 3031 131 75 Theft,,
1131 3031 80 75 with

1243 229 56 75 the
1316 229 133 75 method
1471 229 40 75 of
1522 229 146 75 notation
1684 229 44 75 by
1745 229 100 75 them,
1870 229 85 75 were
1971 229 169 75 originally
2156 229 121 75 invent-

1246 275 41 75 ed
1302 275 43 75 by
1362 275 85 75 fome
1463 275 41 75 of
1514 275 56 75 the
1587 275 118 75 eaftern
1723 275 139 75 nations,
1886 275 157 75 probably
2060 275 55 75 the
2128 275 148 75 Indians;

1246 322 188 75 afterwards
1450 322 167 75 improved
1629 322 42 75 by
1683 322 55 75 the
1751 322 182 75 Arabians;
1952 322 62 75 and
2026 322 33 75 at
2071 322 56 75 laft
2139 322 141 75 brought

1246 368 77 75 over
1347 368 36 75 to
1406 368 144 75 Europe,
1576 368 207 75 particularly
1807 368 68 75 into
1898 368 138 75 Britain,
2061 368 138 75 betwixt
2225 368 56 75 the

1246 415 91 75 tenth
1357 415 62 75 and
1436 415 128 75 twelfth
1581 415 147 75 century.
1778 415 97 75 From
1893 415 55 75 the
1963 415 55 75 ten
2034 415 117 75 fingers
2168 415 39 75 of
2226 415 56 75 the

1247 462 114 75 hands,
1386 462 42 75 on
1444 462 108 75 which
1568 462 26 75 it
1610 462 80 75 hath
1714 462 82 75 been
1823 462 89 75 ufual
1946 462 36 75 to
2008 462 153 75 compute
2189 462 91 75 num-

1247 510 85 75 bers,
1369 510 117 75 figures
1515 510 84 75 were
1626 510 105 75 called
1752 510 114 75 digiti.
1919 510 106 75 Their
2049 510 97 75 form,
2172 510 107 75 order,

1250 557 64 75 and
1336 557 107 75 value,
1469 557 53 75 are
1539 557 33 75 as
1590 557 127 75 follows
1733 557 9 75 :

1300 603 12 75 1
1333 603 87 75 One,
1452 603 39 75 an
1516 603 82 75 unit,
1623 603 38 75 or
1687 603 106 75 unity,
1828 603 19 75 2
1847 635 8 49 l
1855 603 92 75 vtwo,
1983 603 17 75 3
2019 603 103 75 three,
2156 603 20 75 4
2194 603 91 75 four,

1252 650 15 75 j
1287 650 73 75 five,
1387 650 21 75 6
1424 650 60 75 fix,
1512 650 18 75 7
1548 650 106 75 feven,
1673 650 19 75 8
1706 650 102 75 eight,
1827 650 20 75 9
1860 650 86 75 nine,
1964 650 23 75 o
1999 650 121 75 cipher,
2146 650 134 75 nought,

1248 695 80 75 null,
1353 695 37 75 or
1407 695 146 75 nothing.
1603 695 53 75 Of
1674 695 100 75 theft,
1800 695 55 75 the
1882 695 63 75 firft
1961 695 85 75 nine,
2071 695 33 75 in
2120 695 161 75 contradi-

1248 744 143 75 ftinCtion
1407 744 35 75 to
1458 744 55 75 the
1531 744 120 75 cipher,
1677 744 54 75 are
1747 744 105 75 ca\\ed.
1861 744 193 75 Jignificant
2060 744 139 75 figures.

1295 790 76 75 The
1387 790 93 75 value
1504 790 41 75 of
1563 790 56 75 the
1635 790 117 75 figures
1768 790 75 75 now
1859 790 134 75 affigned
2017 790 26 75 is
2068 790 103 75 called
2198 790 87 75 their

1236 837 121 75 Jimple
1381 837 110 75 value,
1516 837 33 75 as
1575 837 95 75 being
1696 837 72 75 that
1795 837 106 75 which
1929 837 78 75 they
2033 837 81 75 have
2130 837 31 75 in
2180 837 104 75 them-

1247 883 113 75 ftlves,
1377 883 38 75 or
1432 883 93 75 when
1537 883 78 75 they
1627 883 89 75 ftand
1728 883 104 75 alone.
1864 883 69 75 But
1947 883 94 75 when
2058 883 67 75 two
2140 883 38 75 or
2194 883 91 75 more

1249 930 117 75 figures
1388 930 53 75 are
1457 930 112 75 joined
1596 930 33 75 as
1657 930 34 75 in
1716 930 19 75 a
1761 930 76 75 line,
1862 930 56 75 the
1933 930 116 75 figures
2066 930 76 75 then
2160 930 126 75 receive

1248 976 64 75 alfo
1335 976 19 75 a
1376 976 84 75 local
1483 976 93 75 value
1603 976 85 75 from
1716 976 57 75 the
1799 976 91 75 place
1906 976 33 75 in
1955 976 107 75 which
2085 976 78 75 they
2180 976 102 75 ftand,

1247 1023 173 75 reckoning
1431 1023 55 75 the
1499 1023 94 75 order
1605 1023 40 75 of
1657 1023 105 75 places
1774 1023 86 75 from
1871 1023 56 75 the
1940 1023 190 75 right-hand
2141 1023 143 75 towards

1247 1071 55 75 the
1318 1071 73 75 left,
1416 1071 88 75 thus,

1495 1431 540 75 777777777777

1298 1492 32 75 A
1346 1492 101 75 figure
1463 1492 145 75 {landing
1623 1492 32 75 in
1673 1492 56 75 the
1745 1492 64 75 firft
1825 1492 90 75 place
1931 1492 57 75 has
2012 1492 79 75 only
2113 1492 42 75 its
2176 1492 113 75 fimple

1251 1538 92 75 value
1355 1538 11 75 ;
1393 1538 59 75 but
1473 1538 19 75 a
1508 1538 100 75 figure
1624 1538 32 75 in
1674 1538 55 75 the
1748 1538 115 75 fecond
1879 1538 89 75 place
1984 1538 58 75 has
2055 1538 53 75 ten
2120 1538 93 75 times
2229 1538 59 75 the

1251 1585 94 75 value
1361 1585 26 75 it
1406 1585 110 75 would
1530 1585 82 75 have
1624 1585 38 75 in
1677 1585 57 75 the
1745 1585 65 75 firft
1821 1585 111 75 place;
1953 1585 62 75 and
2032 1585 19 75 a
2066 1585 100 75 figure
2182 1585 31 75 in
2229 1585 57 75 the

1252 1631 89 75 third
1357 1631 89 75 place
1462 1631 57 75 has
1543 1631 55 75 ten
1621 1631 93 75 times
1731 1631 56 75 the
1803 1631 92 75 value
1911 1631 26 75 it
1954 1631 108 75 would
2083 1631 80 75 have
2180 1631 32 75 in
2228 1631 57 75 the

1252 1678 115 75 fecond
1383 1678 111 75 place;
1521 1678 65 75 and
1608 1678 191 75 univerfally
1826 1678 19 75 a
1867 1678 101 75 figure
1995 1678 32 75 in
2055 1678 62 75 any
2144 1678 142 75 fuperior

1252 1725 89 75 place
1363 1725 61 75 has
1438 1725 55 75 ten
1509 1725 92 75 times
1623 1725 55 75 the
1694 1725 93 75 value
1813 1725 28 75 it
1863 1725 111 75 would
1988 1725 81 75 have
2086 1725 31 75 in
2134 1725 56 75 the
2206 1725 81 75 next

1252 1771 133 75 inferior
1401 1771 103 75 place.

1299 1818 114 75 Hence
1428 1818 26 75 it
1469 1818 27 75 is
1513 1818 99 75 plain,
1636 1818 71 75 that
1719 1818 18 75 a
1753 1818 100 75 figure
1869 1818 31 75 in
1917 1818 56 75 the
1989 1818 65 75 firft
2070 1818 88 75 place
2174 1818 113 75 limply

1252 1864 134 75 fignifies
1403 1864 35 75 fo
1452 1864 97 75 many
1571 1864 86 75 units
1681 1864 34 75 as
1743 1864 56 75 the
1825 1864 102 75 figure
1951 1864 180 75 exprefles;
2157 1864 57 75 but
2230 1864 58 75 the

1253 1910 84 75 fame
1353 1910 101 75 figure
1478 1910 162 75 advanced
1657 1910 36 75 to
1709 1910 56 75 the
1780 1910 116 75 fecond
1912 1910 90 75 place
2024 1910 66 75 will
2114 1910 114 75 fignify
2251 1910 38 75 fo

1254 1957 95 75 many
1365 1957 89 75 tens;
1480 1957 34 75 in
1541 1957 56 75 the
1624 1957 89 75 third
1738 1957 103 75 place,
1866 1957 31 75 it
1916 1957 67 75 will
2010 1957 113 75 fignjfy
2139 1957 35 75 fo
2190 1957 96 75 many

1254 2003 183 75 hundreds;
1463 2003 33 75 in
1522 2003 56 75 the
1601 2003 110 75 fourth
1741 2003 102 75 place,
1868 2003 34 75 fo
1919 2003 95 75 many
2030 2003 196 75 thoufands;
2253 2003 33 75 in

1256 2050 53 75 the
1325 2050 74 75 fifth
1415 2050 103 75 place,
1535 2050 34 75 fo
1580 2050 95 75 many
1686 2050 54 75 ten
1752 2050 193 75 thoufands;
1964 2050 31 75 in
2011 2050 56 75 the
2083 2050 85 75 fixth
2183 2050 104 75 place,

1255 2097 34 75 fo
1304 2097 96 75 many
1414 2097 147 75 hundred
1578 2097 194 75 thoufands;
1799 2097 63 75 and
1888 2097 33 75 in
1945 2097 56 75 the
2025 2097 131 75 feventh
2183 2097 107 75 place,

1255 2144 34 75 fo
1305 2144 96 75 many
1418 2144 152 75 millions,
1597 2144 66 75 e5rc.
1709 2144 111 75 Thus,
1847 2144 21 75 7
1883 2144 32 75 in
1933 2144 56 75 the
2005 2144 64 75 firft
2092 2144 102 75 place,
2219 2144 69 75 will

1256 2190 118 75 denote
1396 2190 92 75 feven
1512 2190 108 75 units;
1645 2190 34 75 in
1694 2190 56 75 the
1766 2190 117 75 fecond
1899 2190 102 75 place,
2026 2190 93 75 ftven
2141 2190 84 75 tens,
2249 2190 45 75 or

1256 2237 152 75 feventy;
1434 2237 33 75 in
1478 2237 56 75 the
1546 2237 89 75 third
1646 2237 103 75 place,
1765 2237 92 75 feven
1868 2237 170 75 hundred;
2063 2237 33 75 in
2109 2237 55 75 the
2176 2237 112 75 fourth

1255 2284 111 75 place,,
1383 2284 93 75 ftven
1493 2284 170 75 thoufand,
1689 2284 66 75 <bc.

1302 2330 110 75 Every
1436 2330 91 75 three
1553 2330 119 75 places,
1696 2330 173 75 reckoning
1891 2330 85 75 from
2000 2330 57 75 the
2083 2330 207 75 right-hand,

1257 2378 93 75 make
1366 2378 19 75 a
1399 2378 74 75 half
1484 2378 132 75 period;
1642 2378 63 75 and
1726 2378 57 75 the
1804 2378 189 75 right-hand
2008 2378 120 75 figures
2142 2378 40 75 of
2199 2378 89 75 thefe

1255 2424 213 75 half-periods
1485 2424 53 75 are
1555 2424 124 75 termed
1706 2424 89 75 units
1823 2424 63 75 and
1910 2424 171 75 thoufands
2108 2424 45 75 by
2171 2424 115 75 turns;

1256 2471 55 75 the
1327 2471 120 75 middle
1472 2471 100 75 figure
1592 2471 27 75 is
1644 2471 119 75 always
1787 2471 84 75 tens,
1897 2471 62 75 and
1982 2471 57 75 the
2060 2471 166 75 left-hand
2248 2471 37 75 fi-

1256 2516 77 75 gure
1353 2516 117 75 always
1486 2516 176 75 hundreds.

1301 2564 88 75 Two
1405 2564 226 75 half-periods,
1656 2564 37 75 or
1710 2564 48 75 fix
1773 2564 120 75 places,
1918 2564 94 75 make
2029 2564 18 75 a
2063 2564 61 75 full
2147 2564 112 75 period
2274 2564 17 75 *,

1258 2610 63 75 and
1339 2610 56 75 the
1415 2610 140 75 periods,
1580 2610 175 75 reckoning
1772 2610 85 75 from
1872 2610 59 75 the
1947 2610 188 75 right-hand
2146 2610 148 75 towards

1257 2657 55 75 the
1328 2657 74 75 left,
1427 2657 53 75 are
1496 2657 95 75 titled
1606 2657 34 75 as
1656 2657 141 75 follows,
1822 2657 69 75 viz.
1917 2657 56 75 the
1989 2657 64 75 firft
2068 2657 27 75 is
2108 2657 55 75 the
2176 2657 112 75 period

1258 2704 40 75 of
1309 2704 89 75 units
1409 2704 4 75 '
1413 2704 6 75 ,
1446 2704 56 75 the
1514 2704 127 75 fecond,
1659 2704 71 75 that
1746 2704 40 75 of
1796 2704 165 75 millions;
1988 2704 53 75 the
2055 2704 88 75 third
2154 2704 25 75 is
2193 2704 95 75 titled

1258 2750 177 75 bimilliom
1435 2782 15 49 r
1470 2750 38 75 or
1524 2750 152 75 bilfions;
1702 2750 58 75 the
1776 2750 124 75 fourth,
1924 2750 203 75 trimillions,
2152 2750 38 75 or
2209 2750 78 75 tril-

1259 2797 82 75 lions
1353 2797 10 75 ;
1389 2797 55 75 the
1470 2797 87 75 fifth,
1583 2797 238 75 quadrillions;
1855 2797 56 75 the
1934 2797 96 75 fixth,
2056 2797 230 75 quintillions;

1259 2844 56 75 the
1330 2844 129 75 ftventh
1466 2844 208 75 fextillions;
1686 2844 55 75 the

1883 2844 207 75 feptillions;
2109 2844 56 75 the
2181 2844 112 75 ninth,

1238 2890 7 75 *
1259 2890 179 75 oftillions;
1465 2890 55 75 the
1540 2890 105 75 tenth,
1670 2890 184 75 nonillions,
1879 2890 61 75 &c.

1306 2935 225 75 Half-periods
1560 2935 53 75 are
1639 2935 123 75 ufually
1787 2935 225 75 diftinguilhed
2037 2935 85 75 from
2147 2935 60 75 one
2231 2935 57 75 an-

1260 2983 93 75 other
1368 2983 43 75 by
1428 2983 18 75 a
1462 2983 137 75 comma,
1627 2983 64 75 and
1705 2983 61 75 full
1780 2983 127 75 periods
1924 2983 43 75 by
1979 2983 17 75 a
2012 2983 90 75 point
2118 2983 37 75 or
2171 2983 116 75 colon;

1261 3031 33 75 as
1318 3031 33 75 in
1367 3031 55 75 the
1438 3031 167 75 following

2042 3073 244 75 TABLE.
