2397 3387
587 31 35 75 B
715 31 40 75 O
846 31 40 75 O
974 31 38 75 K
1063 31 15 75 -
1128 31 39 75 K

228 108 32 75 3.
285 108 37 75 If
334 108 53 75 the
405 108 62 75 firfl;
479 108 109 75 advice
604 108 52 75 be,
682 108 88 75 That
789 108 54 75 the
860 108 100 75 goods
977 108 52 75 are
1047 108 13 75 r

180 155 60 75 and
260 155 40 75 all
314 155 66 75 fold
393 155 40 75 on
448 155 87 75 time,
560 155 90 75 enter
668 155 34 75 A
728 155 39 75 B.
787 155 48 75 my
852 155 139 75 accompt
1007 155 39 75 on
1061 155 77 75 time
1151 155 53 75 Dr

181 202 34 75 to
231 202 134 75 Voyage,
391 202 50 75 for
458 202 56 75 the
529 202 72 75 neat
619 202 152 75 proceeds

229 245 33 75 4.
288 245 35 75 If
335 245 55 75 the
406 245 64 75 firlt
487 245 107 75 advice
612 245 52 75 be,
690 245 91 75 That
797 245 78 75 they
891 245 52 75 are
960 245 156 75 received,
1142 245 62 75 and

180 293 43 75 all
240 293 79 75 fold,
345 293 70 75 part
431 293 51 75 for
498 293 98 75 ready
612 293 127 75 money,
764 293 70 75 part
850 293 41 75 on
907 293 89 75 time,
1022 293 89 75 enter

227 335 158 75 Sundries
401 335 68 75 Drs
486 335 34 75 to
536 335 130 75 Voyage,
692 335 53 75 viz

275 385 45 75 A.
333 385 29 75 B
388 385 46 75 my
442 385 140 75 acconipt
591 385 145 75 current,
747 385 51 75 for
806 385 54 75 the
869 385 114 75 money
992 385 30 75 in
1032 385 48 75 his
1089 385 113 75 hands,

274 430 45 75 A.
335 430 41 75 B.
391 430 46 75 my
450 430 140 75 accompt
602 430 38 75 on
652 430 88 75 time,
758 430 52 75 for
820 430 55 75 the
886 430 93 75 debts
991 430 212 75 outftanding.

232 475 29 75 5.
288 475 37 75 If
337 475 54 75 the
409 475 61 75 firft
488 475 109 75 advice
614 475 52 75 be,
690 475 91 75 That
797 475 53 75 the
868 475 100 75 goods
986 475 52 75 are
1056 475 55 75 not
1127 475 77 75 only

181 520 144 75 received
341 520 61 75 and
420 520 65 75 fold
485 552 28 49 K
524 520 60 75 but
600 520 17 75 a
630 520 97 75 cargo
739 520 124 75 fhipped
876 520 31 75 in
920 520 120 75 return,
1059 520 60 75 and
1132 520 72 75 now

182 568 33 75 at
232 568 49 75 fea
299 568 10 75 ;
344 568 76 75 here
443 568 91 75 there
551 568 53 75 are
619 568 91 75 three
726 568 144 75 varieties
937 568 30 75 1.
993 568 35 75 If
1041 568 55 75 the
1112 568 92 75 value

180 615 40 75 of
232 615 55 75 the
302 615 95 75 cargo
413 615 133 75 inward,
573 615 76 75 with
667 615 130 75 charges
814 615 71 75 paid
902 615 42 75 by
961 615 54 75 the
1033 615 111 75 fattor,
1164 615 41 75 be

180 659 94 75 equal
290 659 34 75 to
342 659 55 75 the
413 659 72 75 neat
503 659 164 75 proceeds,
691 659 89 75 enter
802 659 120 75 Voyage
946 659 119 75 inward
1092 659 53 75 Dr
1169 659 35 75 to

316 702 157 75 outward,
499 702 50 75 for
565 702 55 75 the
632 702 71 75 neat
716 702 164 75 proceeds.
931 702 32 75 2.
988 702 36 75 If
1037 702 54 75 the
1104 702 101 75 faftor

178 749 110 75 overfh
302 749 19 75 p
337 749 54 75 the
408 749 71 75 neat
497 749 163 75 proceeds,
697 749 89 75 enter
802 749 121 75 Voyage
946 749 120 75 inward
1093 749 51 75 Dr
1168 749 36 75 to

179 795 171 75 Sundries,
377 795 65 75 viz.
468 795 34 75 to
514 795 120 75 Voyage
645 795 144 75 outward
821 795 49 75 for
884 795 54 75 the
951 795 73 75 neat
1037 795 57 75 pro
1115 795 86 75 eeds,

178 835 62 75 and
252 835 35 75 to
301 835 113 75 Faflor
426 835 46 75 my
483 835 301 75 accompt-current.
804 835 49 75 for
866 835 54 75 the
933 835 71 75 re{\.
1056 835 32 75 3.
1116 835 34 75 If
1164 835 39 75 he

178 885 165 75 underfhip
360 885 54 75 the
432 885 70 75 neat
516 885 164 75 proceeds,
698 885 89 75 enter
803 885 159 75 Sundries
982 885 80 75 (viz.
1082 885 122 75 Voyage

177 932 134 75 inward,
337 932 50 75 for
403 932 40 75 its
469 932 102 75 value,
598 932 61 75 and
685 932 45 75 A.
758 932 41 75 B.
827 932 47 75 my
897 932 141 75 accompt
1056 932 145 75 current,

176 976 53 75 for
244 976 55 75 the
315 976 74 75 reft)
410 976 69 75 Drs
495 976 35 75 to
545 976 121 75 Voyage
681 976 159 75 outward.
890 976 90 75 June
1002 976 37 75 18

224 1024 35 75 6.
286 1024 36 75 If
334 1024 54 75 the
407 1024 63 75 firft
487 1024 109 75 advice
613 1024 51 75 be,
693 1024 142 75 whether
853 1024 82 75 from
962 1024 54 75 the
1041 1024 101 75 faftor
1169 1024 34 75 —

176 1068 62 75 any
255 1068 86 75 body
367 1068 73 75 elfe,
478 1068 91 75 That
593 1068 55 75 the
673 1068 64 75 (hip
762 1068 63 75 and
850 1068 96 75 cargo
970 1068 26 75 is
1013 1068 58 75 loft
1089 1068 32 75 at

176 1112 91 75 there
283 1112 66 75 will
367 1112 38 75 be
423 1112 63 75 alfo

176 1158 84 75 were
275 1158 57 75 not
346 1158 138 75 infured,

177 1202 53 75 for
246 1202 54 75 the
317 1202 103 75 whole
435 1202 57 75 vah

178 1248 69 75 red,
265 1248 115 75 charge
398 1248 53 75 the
467 1248 143 75 Infurer,
637 1248 37 75 or
686 1248 95 75 Cajh,
806 1248 31 75 if
847 1248 61 75 you
923 1248 52 75 get

820 1062 5 75 1
850 1062 96 75 cargo
970 1062 27 75 is
1013 1062 58 75 loft
1089 1062 32 75 at
1138 1062 63 75 fea,

826 1109 26 75 t.
886 1109 37 75 If
942 1109 55 75 the
1021 1109 98 75 goods
1144 1109 59 75 loft

510 1155 89 75 enter
615 1155 105 75 Profit
739 1155 68 75 and
829 1155 76 75 Lo/s
930 1155 54 75 Dr
1007 1155 35 75 to
1066 1155 134 75 Voyage,

504 1202 35 75 le.
590 1202 32 75 2.
649 1202 36 75 If
697 1202 53 75 the
767 1202 99 75 goods
879 1202 58 75 loft
951 1202 81 75 were
1056 1202 40 75 all
1118 1202 82 75 infu-

303 1293 51 75 Dr
371 1293 34 75 to
420 1293 132 75 Voyage.
604 1293 31 75 3.
663 1293 35 75 If
711 1293 68 75 part
796 1293 39 75 of
846 1293 22 75 tl

339 1339 89 75 make
446 1339 158 75 Sundries
623 1339 44 75 f'

179 1430 34 75 to
229 1430 91 75 Voy*i

1124 1245 75 75 pay-

1030 1291 74 75 only
1117 1291 82 75 were

624 1336 80 75 (viz.
722 1336 54 75 the
797 1336 142 75 Infurer,
966 1336 36 75 or
1027 1336 94 75 Cajh,
1148 1336 50 75 for

520 1384 58 75 and
598 1384 103 75 Profit
719 1384 69 75 and
804 1384 86 75 Lofs,
908 1384 49 75 for
971 1384 54 75 the
1040 1384 74 75 reft)
1131 1384 67 75 Drs

458 1431 53 75 the
529 1431 104 75 whole
651 1431 73 75 lofs.

314 1508 29 75 I.
380 1508 17 75 §
424 1508 33 75 2.
507 1508 66 75 The
590 1508 85 75 cafes
692 1508 43 75 of
741 1508 52 75 the
799 1508 122 75 Jecond
931 1508 126 75 advice.

220 1568 41 75 In
277 1568 215 75 journalizing
508 1568 18 75 a
542 1568 113 75 fecond
673 1568 37 75 or
726 1568 86 75 third
837 1568 122 75 advice,
987 1568 115 75 refpeft
1119 1568 80 75 muft

174 1613 39 75 be
228 1613 63 75 had
308 1613 35 75 to
359 1613 54 75 the
430 1613 92 75 entry
539 1613 68 75 that
624 1613 63 75 was
706 1613 91 75 made
819 1613 84 75 upon
927 1613 55 75 the
1005 1613 110 75 advice
1139 1613 55 75 im-

171 1661 173 75 mediately
369 1661 184 75 preceeding
568 1661 9 75 ;
601 1661 50 75 for
668 1661 160 75 whatever
854 1661 63 75 was
934 1661 76 75 then
1030 1661 63 75 Dr,
1119 1661 80 75 muft

171 1704 40 75 be
227 1704 73 75 now
316 1704 91 75 made
425 1704 58 75 Cr.
534 1704 74 75 And
626 1704 173 75 therefore,
824 1704 163 75 fuppofing
1008 1704 54 75 the
1081 1704 63 75 firft
1162 1704 37 75 or

170 1748 119 75 former
303 1748 109 75 advice
425 1748 76 75 was.
518 1748 91 75 That
622 1748 53 75 the
688 1748 97 75 fadtor
795 1748 62 75 had
867 1748 140 75 received
1019 1748 54 75 the
1082 1748 114 75 goods,

172 1794 56 75 but
245 1794 66 75 fold
335 1794 82 75 none
441 1794 39 75 of
499 1794 99 75 them,
623 1794 55 75 the
695 1794 92 75 entry
803 1794 36 75 to
856 1794 37 75 be
910 1794 90 75 made
1018 1794 81 75 upon
1116 1794 18 75 a
1151 1794 30 75 fe

169 1840 82 75 cond
270 1840 108 75 advice
396 1840 62 75 will
477 1840 38 75 be
531 1840 35 75 as
583 1840 30 75 in
631 1840 54 75 the
702 1840 84 75 cafes
804 1840 175 75 following.

217 1887 76 75 Cafe
322 1887 28 75 1.
376 1887 36 75 If
424 1887 55 75 the
499 1887 89 75 fecon
602 1887 7 75 1
628 1887 109 75 advice
754 1887 51 75 be,
830 1887 91 75 That
939 1887 49 75 the
1010 1887 101 75 goods
1128 1887 64 75 for-

168 1932 102 75 merlv
288 1932 141 75 received
455 1932 52 75 are
532 1932 72 75 now
629 1932 79 75 fold,
734 1932 30 75 in
791 1932 104 75 whole
918 1932 37 75 or
979 1932 31 75 in
1034 1932 82 75 part,
1143 1932 51 75 for

167 1976 98 75 ready
283 1976 126 75 money,
434 1976 89 75 enter
548 1976 46 75 A.
627 1976 39 75 B.
692 1976 48 75 my
764 1976 291 75 accompt-current
1081 1976 52 75 Dr
1158 1976 35 75 to

166 2022 83 75 ditto
261 2022 47 75 my
329 2022 132 75 tccompt
479 2022 43 75 of
528 2022 89 75 qoods
658 2022 50 75 for
726 2022 71 75 neat
816 2022 148 75 proceeds

214 2071 32 75 2.
273 2071 37 75 If
327 2071 54 75 the
401 2071 112 75 fecond
532 2071 109 75 advice
660 2071 51 75 be.
736 2071 89 75 That
843 2071 99 75 goods
960 2071 142 75 received
1122 2071 51 75 for

164 2112 104 75 tnerly
283 2112 52 75 are
354 2112 70 75 row
442 2112 66 75 fold
548 2112 30 75 in
599 2112 101 75 whole
718 2112 36 75 or
772 2112 30 75 in
822 2112 80 75 part,
929 2112 41 75 on
989 2112 87 75 time,
1103 2112 89 75 en'er

166 2157 37 75 A
233 2157 28 75 B
292 2157 47 75 my
352 2157 140 75 accompt
512 2157 38 75 on
575 2157 78 75 time
680 2157 49 75 Dr
756 2157 34 75 to
814 2157 83 75 ditto
921 2157 11 75 7

214 2248 14 75 3
263 2248 220 75 Ifthefecond
496 2248 104 75 advi:e
615 2248 49 75 he.
692 2248 89 75 That
801 2248 100 75 goods
925 2248 151 75 formerly
1089 2248 97 75 recei-

166 2291 60 75 ved
241 2291 51 75 are
306 2291 71 75 now
384 2291 66 75 old,
465 2291 69 75 part
545 2291 50 75 for
604 2291 96 75 ready
713 2291 129 75 money,
859 2291 68 75 part
941 2291 39 75 on
994 2291 86 75 time,
1100 2291 89 75 enter
1211 2291 7 75 <

213 2340 157 75 Sundries
388 2340 67 75 Drs
472 2340 35 75 to
524 2340 42 75 A,
587 2340 30 75 B
648 2340 47 75 my
707 2340 138 75 accompt
859 2340 42 75 of
903 2340 103 75 goods,
1029 2340 51 75 viz

262 2384 37 75 A
325 2384 30 75 B
394 2384 45 75 my
462 2384 139 75 accotnpt
618 2384 146 75 current,
790 2384 51 75 for
865 2384 54 75 the
944 2384 114 75 money
1083 2384 30 75 in
1137 2384 49 75 his

307 2429 17 75 h
337 2429 79 75 mds.

259 2476 34 75 A
317 2476 30 75 B
375 2476 46 75 my
433 2476 139 75 accompt
584 2476 38 75 on
634 2476 88 75 time,
741 2476 50 75 for
803 2476 54 75 the
870 2476 198 75 outftanding
1080 2476 104 75 debts.

208 2520 65 75 Bur
291 2520 29 75 if
333 2520 53 75 the
403 2520 118 75 former
530 2520 106 75 advice
654 2520 61 75 had
729 2520 89 75 been,
841 2520 85 75 That
941 2520 54 75 the
1008 2520 98 75 faftor
1122 2520 62 75 had

160 2566 67 75 fold
246 2566 80 75 your
342 2566 100 75 goods
460 2566 39 75 on
515 2566 87 75 time,
628 2566 74 75 then
735 2566 82 75 upon
835 2566 61 75 this
911 2566 200 75 fuppofition,
1130 2566 55 75 the

160 2613 110 75 adv.ce
285 2613 70 75 that
372 2613 105 75 comes
494 2613 89 75 next,
601 2613 142 75 whether
759 2613 113 75 fecond
889 2613 37 75 or
943 2613 100 75 third,
1061 2613 25 75 is
1098 2613 70 75 iour

160 2658 50 75 nal
227 2658 58 75 zed
306 2658 33 75 as
357 2658 140 75 follows.

206 2703 77 75 Cafe
311 2703 11 75 1
367 2703 35 75 If
422 2703 54 75 the
493 2703 78 75 next
595 2703 109 75 advice
729 2703 51 75 be.
805 2703 93 75 That
922 2703 55 75 the
1002 2703 99 75 fattor
1125 2703 57 75 has

159 2747 72 75 now
260 2747 141 75 received
425 2747 146 75 payment
595 2747 38 75 of
658 2747 55 75 the
737 2747 90 75 debts
852 2747 210 75 outftanding,
1094 2747 89 75 enter

159 2794 45 75 A.
224 2794 41 75 B.
288 2794 46 75 my
351 2794 141 75 accompt
509 2794 131 75 current
668 2794 52 75 Dr
742 2794 34 75 to
800 2794 82 75 ditto
906 2794 46 75 my
975 2794 142 75 accompt
1142 2794 39 75 on

159 2841 91 75 time,
272 2841 51 75 for
341 2841 53 75 the
409 2841 70 75 fum.
492 2841 142 75 received
650 2841 43 75 by
710 2841 77 75 him.

1257 25 34 75 E
1379 25 34 75 E
1498 25 34 75 P
1620 25 19 75 I
1726 25 42 75 N
1856 25 51 75 G.

2176 25 105 75 (*B)

1302 95 31 75 2.
1367 95 37 75 If
1416 95 55 75 the
1488 95 78 75 next
1584 95 111 75 advice
1711 95 51 75 be,
1786 95 91 75 That
1888 95 38 75 he
1940 95 55 75 has
2008 95 113 75 indeed
2133 95 147 75 received

1250 139 150 75 payment
1424 139 38 75 of
1484 139 54 75 the
1562 139 106 75 debts,
1706 139 57 75 but
1785 139 64 75 was
1865 139 126 75 obliged
2010 139 34 75 to
2061 139 93 75 allow
2172 139 106 75 abate-

1249 185 98 75 ment,
1373 185 51 75 for
1441 185 106 75 inlack
1564 185 34 75 of
1615 185 113 75 goods,
1753 185 36 75 or
1806 185 51 75 for
1873 185 92 75 other
1983 185 135 75 reafons,
2143 185 89 75 enter

1300 230 158 75 Sundries
1478 230 66 75 Drs
1563 230 35 75 xo
1615 230 45 75 A.
1685 230 47 75 B.
1757 230 45 75 my
1819 230 141 75 accompt
1978 230 38 75 on
2033 230 87 75 t:me.
2142 230 64 75 viz.

1343 279 44 75 A.
1410 279 41 75 B.
1470 279 47 75 my
1527 279 304 75 accotnpt-current,
1856 279 53 75 fty
1926 279 55 75 the
1995 279 69 75 fum
2080 279 145 75 received
2235 279 42 75 by

1389 323 78 75 him,

1342 369 105 75 Profit
1463 369 69 75 and
1542 369 86 75 Lofs,
1653 369 51 75 for
1721 369 55 75 the
1794 369 64 75 fum
1876 369 128 75 abated.

1294 435 99 75 Prob.
1414 435 32 75 3.
1472 435 44 75 K.
1532 435 44 75 L.
1609 435 8 75 '
1617 435 58 75 De'
1675 435 444 75 oxoeandQrt&worapplied,
2136 435 96 75 when

1437 480 133 75 returns
1586 480 59 75 are
1663 480 93 75 made
1765 480 64 75 you
1851 480 33 75 hy
1903 480 52 75 the
1961 480 128 75 Jador.

1446 537 141 75 Returns
1605 537 53 75 are
1676 537 92 75 made
1786 537 136 75 mgoods
1939 537 35 75 or
1991 537 88 75 bills.

1392 593 45 75 K.
1495 593 69 75 §1.
1617 593 66 75 The
1694 593 86 75 cafes
1791 593 43 75 of
1840 593 132 75 returns
1985 593 34 75 in
2025 593 109 75 goods.

1680 631 4 104 ■
1709 657 65 75 (hip
1800 657 58 75 off,
1883 657 60 75 and
1969 657 124 75 confign
2116 657 101 75 goods
2241 657 36 75 to

1581 702 62 75 you
1661 702 130 75 thereof
1804 702 39 75 by
1863 702 76 75 poll,
1966 702 109 75 before
2092 702 54 75 the
2162 702 114 75 arrival

1579 749 62 75 Voy

1827 749 7 75 '

1297 657 76 75 Cafe
1400 657 32 75 t.
1458 657 38 75 If

1250 702 151 75 yourtelf,
1427 702 9 75 1

1249 747 40 75 of
1302 747 53 75 the
1372 747 77 75 (hip,
1474 747 89 75 enter
1578 747 125 75 Voyage
1716 747 92 75 from

1948 747 55 75 Dr
2028 747 34 75 to
2086 747 45 75 A.
2160 747 41 75 B.
2228 747 48 75 tny

1248 794 303 75 accompt-current,
1578 794 50 75 for
1645 794 64 75 coit
1726 794 62 75 and
1811 794 133 75 charges
1969 794 38 75 of
2031 794 53 75 the
2109 794 106 75 cargo,
2241 794 34 75 as

1244 840 61 75 per
1322 840 127 75 faiftor’s
1467 840 137 75 invoice.

1298 888 31 75 2.
1357 888 37 75 If
1405 888 54 75 the
1477 888 99 75 fa&or
1593 888 65 75 (hip
1674 888 50 75 off
1733 888 100 75 goods
1850 888 51 75 for
1924 888 150 75 yourfelf,
2112 888 39 75 of
2172 888 103 75 which

1249 932 63 75 you
1333 932 80 75 have
1430 932 42 75 no
1496 932 120 75 advice,
1642 932 37 75 or
1702 932 39 75 of
1761 932 103 75 which
1890 932 62 75 you
1978 932 85 75 book
2086 932 40 75 no
2152 932 123 75 advice,

1249 977 85 75 prior
1351 977 35 75 to
1405 977 53 75 the
1475 977 112 75 arrival
1607 977 39 75 of
1658 977 55 75 the
1729 977 78 75 (hip,
1832 977 90 75 enter

1296 1023 101 75 Goods
1415 1023 142 75 received
1575 1023 53 75 Dr
1647 1023 34 75 to
1699 1023 170 75 Sundries,
1895 1023 64 75 viz.

1328 1070 57 75 To
1405 1070 32 75 A
1467 1070 41 75 B.
1528 1070 47 75 my
1587 1070 298 75 account-current,
1903 1070 52 75 for
1969 1070 64 75 coft
2049 1070 62 75 and
2127 1070 147 75 charges,

1390 1116 32 75 as
1437 1116 58 75 per
1512 1116 133 75 invoice,

1343 1161 54 75 To
1413 1161 95 75 Cajh,
1534 1161 50 75 for
1600 1161 71 75 new
1688 1161 131 75 charges
1837 1161 71 75 paid
1926 1161 87 75 here.

1296 1208 31 75 3.
1355 1208 36 75 If
1404 1208 79 75 your
1501 1208 99 75 faiftor
1614 1208 44 75 A.
1679 1208 41 75 B.
1740 1208 33 75 at
1792 1208 142 75 Leghorn
1948 1208 42 75 (h'
1990 1208 21 75 p
2024 1208 51 75 off
2086 1208 99 75 goods
2217 1208 57 75 not

1247 1251 34 75 to
1297 1251 151 75 yourfelf.
1477 1251 55 75 but
1571 1251 42 75 by
1630 1251 80 75 your
1727 1251 106 75 order,
1858 1251 36 75 to
1909 1251 29 75 C
1962 1251 48 75 D.
2033 1251 11 75 )

1249 1299 124 75 LJbon,
1399 1299 62 75 and
1478 1299 103 75 advife
1601 1299 61 75 you
1680 1299 68 75 ther

1246 1345 52 75 the
1317 1345 134 75 invoice,
1478 1345 89 75 enter
1585 1345 122 75 Voyage
1712 1345 95 75 from
1825 1345 16 75 1

1688 1255 22 75 ir
1727 1255 105 75 oroer,
1859 1255 34 75 to
1910 1255 21 75 o
1962 1255 48 75 sa.
2033 1255 79 75 your
2129 1255 99 75 ractor
2241 1255 32 75 at

1696 1303 118 75 hereof,
1843 1303 40 75 by
1900 1303 128 75 fending
2040 1303 61 75 you
2116 1303 17 75 a
2146 1303 80 75 copy
2239 1303 41 75 of

1688 1349 19 75 e
1712 1349 95 75 from
1825 1349 143 75 Leghorn
1987 1349 31 75 to
2036 1349 113 75 Lijbon
2167 1349 52 75 Dr
2238 1349 47 75 to-

1689 1395 48 75 nt,
1764 1395 50 75 for
1830 1395 65 75 colt
1911 1395 62 75 and
1990 1395 144 75 charges,
2166 1395 33 75 as
2211 1395 62 75 per

1384 2012 44 75 L.
1479 2012 17 75 §
1518 2012 31 75 2.
1587 2012 67 75 The
1676 2012 86 75 cafes
1786 2012 42 75 of
1835 2012 129 75 returns
1984 2012 35 75 in
2035 2012 87 75 bills.

1287 2078 76 75 Cafe
1384 2078 28 75 1.
1438 2078 39 75 If
1496 2078 62 75 you
1580 2078 89 75 draw
1692 2078 82 75 upon
1805 2078 80 75 your
1908 2078 113 75 fadfor,
2056 2078 59 75 and
2142 2078 122 75 receive

1241 2123 125 75 prefent
1380 2123 114 75 money
1512 2123 49 75 for
1577 2123 55 75 the
1649 2123 67 75 bill,
1744 2123 88 75 enter
1849 2123 83 75 Cajh
1957 2123 52 75 Dr
2035 2123 34 75 to
2150 2123 43 75 B.
2216 2123 47 75 my

1239 2169 303 75 accompt-current,
1568 2169 51 75 for
1634 2169 92 75 value
1741 2169 40 75 of
1792 2169 54 75 the
1864 2169 54 75 bill

1287 2217 32 75 2.
1346 2217 36 75 If
1401 2217 63 75 you
1481 2217 87 75 draw
1585 2217 83 75 upon
1683 2217 80 75 your
1780 2217 112 75 fadtor,
1917 2217 61 75 and
1994 2217 71 75 give
2081 2217 55 75 the
2153 2217 107 75 remit-

1238 2260 48 75 ter
1303 2260 17 75 a
1336 2260 63 75 day
1416 2260 53 75 for
1485 2260 145 75 payment
1648 2260 10 75 ;
1683 2260 38 75 or
1736 2260 31 75 if
1778 2260 62 75 you
1859 2260 69 75 owe
1946 2260 54 75 the
2017 2260 154 75 remitter,
2197 2260 61 75 and

1220 2288 2 49 1
1237 2306 71 75 give
1325 2306 65 75 him
1410 2306 54 75 the
1480 2306 56 75 bill
1555 2306 32 75 as
1607 2306 165 75 payment;
1799 2306 89 75 enter
1905 2306 55 75 the
1978 2306 161 75 Remitter
2156 2306 52 75 Dr
2225 2306 35 75 to

1242 2352 40 75 A.
1311 2352 29 75 B
1380 2352 47 75 my
1441 2352 304 75 accompt-current,
1781 2352 52 75 for
1856 2352 55 75 the
1935 2352 92 75 value
2051 2352 40 75 of
2118 2352 55 75 the
2202 2352 57 75 bill

1237 2408 81 75 7«b
1341 2408 52 75 i?-

1285 2445 30 75 3.
1344 2445 36 75 If
1398 2445 61 75 you
1485 2445 89 75 draw
1596 2445 85 75 upon
1704 2445 81 75 your
1809 2445 98 75 fadlor
1932 2445 45 75 A.
2004 2445 43 75 B.
2073 2445 133 75 payable
2222 2445 35 75 to

1236 2488 81 75 your
1333 2488 36 75 fa'
1369 2488 63 75 dfor
1446 2488 36 75 C.
1503 2488 35 75 D
1570 2488 115 75 charge
1702 2488 36 75 C.
1757 2488 49 75 D.
1824 2488 48 75 my
1889 2488 289 75 aceompt-current
2204 2488 53 75 Dr

1235 2535 35 75 to
1288 2535 45 75 A.
1354 2535 28 75 B
1414 2535 47 75 my
1476 2535 300 75 accompt.current,
1797 2535 47 75 for
1864 2535 91 75 value
1971 2535 39 75 of
2022 2535 53 75 the
2092 2535 69 75 bill.

1284 2582 33 75 4.
1344 2582 36 75 If
1391 2582 80 75 your
1488 2582 99 75 fadfor
1603 2582 92 75 remit
1713 2582 62 75 you
1794 2582 18 75 a
1828 2582 68 75 bill,
1922 2582 53 75 for
1992 2582 105 75 which
2118 2582 62 75 you
2205 2582 50 75 re-

1236 2627 85 75 ceive
1338 2627 123 75 prefent
1479 2627 160 75 payment,
1664 2627 89 75 enter
1768 2627 83 75 Cajh
1869 2627 53 75 Dr
1946 2627 35 75 xo
1997 2627 46 75 A.
2063 2627 43 75 B.
2131 2627 47 75 my
2200 2627 53 75 ac-

1234 2675 101 75 compt
1351 2675 145 75 current,
1525 2675 50 75 for
1592 2675 55 75 the
1664 2675 91 75 value
1773 2675 39 75 of
1825 2675 53 75 the
1891 2675 68 75 bill.

1285 2720 29 75 5.
1342 2720 35 75 If
1389 2720 79 75 your
1485 2720 98 75 fadtor
1599 2720 93 75 remit
1709 2720 63 75 you
1790 2720 17 75 a
1824 2720 67 75 bill,
1916 2720 133 75 payable
2066 2720 31 75 at
2110 2720 93 75 (ingle
2216 2720 38 75 or

1233 2766 116 75 double
1367 2766 121 75 ufance,
1513 2766 37 75 or
1567 2766 60 75 any
1637 2766 92 75 other
1746 2766 76 75 time
1838 2766 83 75 after
1936 2766 74 75 date
2026 2766 37 75 or
2071 2766 101 75 fight;
2195 2766 57 75 up-

1233 2811 40 75 on
1291 2811 122 75 getting
1429 2811 54 75 the
1502 2811 55 75 bill
1574 2811 161 75 accepted,
1753 2811 90 75 enter
1860 2811 87 75 Bills
1964 2811 176 75 receivable
2152 2811 52 75 Dr
2218 2811 33 75 to

1232 2858 43 75 A,
1291 2858 42 75 B,
1344 2858 47 75 my
1407 2858 300 75 accompt.current,
1720 2858 51 75 for
1781 2858 90 75 value
1881 2858 39 75 of
1928 2858 55 75 the
1996 2858 69 75 bill.
2083 2858 89 75 Sept.
2194 2858 55 75 30.

2160 2918 32 75 6,
2219 2918 39 75 if
