2517 3387
842 195 34 75 B
994 195 40 75 O
1152 195 39 75 T

211 266 144 75 Softnefs
365 266 36 75 or
410 266 149 75 hardnefs
576 266 41 75 of
628 266 141 75 texture,
791 266 163 75 elafticity,
972 266 265 75 inflammability,

210 312 207 75 aftringency,
443 312 122 75 colour,
592 312 64 75 he.
705 312 112 75 Hence
832 312 85 75 fome
936 312 103 75 plants
1057 312 53 75 are
1122 312 115 75 proper

206 358 53 75 for
282 358 149 75 domeftic
455 358 139 75 utenfils,
628 358 109 75 others
765 358 52 75 for
840 358 110 75 dying,
988 358 143 75 tanning,
1168 358 67 75 he.

209 405 96 75 Some
321 405 74 75 may
411 405 39 75 be
466 405 54 75 apt
537 405 34 75 to
587 405 92 75 think
697 405 70 75 that
784 405 147 75 qualities
947 405 42 75 of
1010 405 63 75 this
1089 405 77 75 kind
1183 405 53 75 are

209 450 56 75 not
281 450 55 75 tite
363 450 118 75 proper
509 450 121 75 objeds
646 450 41 75 of
710 450 132 75 botany.
891 450 66 75 But
975 450 30 75 if
1026 450 56 75 the
1110 450 124 75 natural

208 496 146 75 hiftorian
377 496 38 75 be
433 496 31 75 at
495 496 117 75 liberty
628 496 35 75 to
680 496 238 75 negled-ufeful
935 496 161 75 qualities,
1121 496 40 75 he
1178 496 56 75 de-

204 544 105 75 ferves
326 544 84 75 little
427 544 115 75 thanks
559 544 52 75 for
626 544 195 75 expatiating
838 544 41 75 on
903 544 89 75 thofe
1009 544 70 75 that
1096 544 53 75 are
1166 544 67 75 ufe-

207 589 72 75 lefs.
328 589 32 75 It
377 589 107 75 would
501 589 39 75 be
559 589 121 75 foreign
699 589 34 75 to
750 589 58 75 our
820 589 103 75 defign
941 589 31 75 in
990 589 63 75 this
1071 589 101 75 place,
1199 589 35 75 to

208 636 181 75 enumerate
405 636 56 75 the
490 636 170 75 particular
677 636 101 75 plants
796 636 69 75 that
882 636 59 75 are
951 636 76 75 ufed
1044 636 51 75 for
1111 636 54 75 the
1180 636 54 75 va-

207 682 86 75 rious
310 682 148 75 purpofes
475 682 39 75 of
526 682 55 75 the
598 682 173 75 mechanic.
820 682 66 75 We
903 682 76 75 fliall
1004 682 162 75 however,
1191 682 44 75 by

209 728 70 75 way
290 728 40 75 of
353 728 166 75 fpecimen,
545 728 124 75 fubjoin
686 728 18 75 a
720 728 48 75 lifl
784 728 40 75 of
835 728 103 75 plants
956 728 70 75 that
1042 728 122 75 change
1179 728 56 75 the

209 774 110 75 colour
330 774 39 75 of
381 774 104 75 cloths
497 774 62 75 and
576 774 93 75 other
683 774 186 75 fubftances.

384 872 132 75 List
544 872 243 75 0/Dying
817 872 229 75 Plants.

490 952 461 75 YELLOW.

256 1008 173 75 Curcuma,
453 1008 38 75 or
507 1008 164 75 turmeric.
720 1008 85 75 This
824 1008 89 75 plant
925 1008 103 75 grows
1042 1008 32 75 in
1091 1008 55 75 the
1160 1008 75 75 Eaft

208 1055 129 75 Indies;
363 1055 56 75 the
435 1055 73 75 root
520 1055 40 75 of
570 1055 25 75 it
612 1055 102 75 tinges
731 1055 18 75 a
761 1055 70 75 rich
848 1055 117 75 yellow
981 1055 132 75 colour;
1140 1055 55 75 but
1209 1055 26 75 it

208 1101 25 75 is
251 1101 56 75 not
324 1101 78 75 very
413 1101 147 75 durable.

256 1147 130 75 Rumex
397 1147 191 75 maritimus,
614 1147 37 75 or
675 1147 115 75 golden
814 1147 96 75 dock,
943 1147 105 75 grows
1072 1147 43 75 on
1139 1147 94 75 road-

210 1193 91 75 fides,
326 1193 65 75 he.
439 1193 76 75 The
531 1193 73 75 root
619 1193 79 75 dyes
715 1193 18 75 a
744 1193 61 75 fine
822 1193 127 75 yellow.

254 1240 201 75 Thalidrum
465 1240 129 75 flavum,
612 1240 38 75 or
665 1240 228 75 meadow-rue,
911 1240 105 75 grows
1033 1240 31 75 in
1082 1240 149 75 marfhes,

209 1285 39 75 on
261 1285 55 75 the
329 1285 97 75 banks
440 1285 39 75 of
491 1285 111 75 rivers,
621 1285 65 75 he.
722 1285 91 75 Both
823 1285 55 75 the
895 1285 71 75 root
976 1285 66 75 and
1058 1285 54 75 the
1128 1285 105 75 leaves

207 1332 62 75 dye
287 1332 17 75 a
314 1332 78 75 very
408 1332 80 75 deep
505 1332 127 75 yellow.

255 1378 114 75 Urtica
384 1378 116 75 dioica,
526 1378 37 75 or
579 1378 146 75 common
734 1378 112 75 nettle.
886 1378 76 75 The
974 1378 137 75 country
1121 1378 112 75 people

208 1424 61 75 dye
286 1424 75 75 eggs
378 1424 18 75 a
408 1424 154 75 beautiful
580 1424 117 75 yellow
709 1424 77 75 with
804 1424 54 75 tbe
876 1424 86 75 roots
970 1424 39 75 of
1021 1424 63 75 this
1103 1424 86 75 plant
1202 1424 33 75 at

209 1471 56 75 the
281 1471 77 75 feaft
378 1471 39 75 of
429 1471 123 75 Ealler.

258 1518 164 75 Santalum
439 1518 118 75 album,
583 1518 38 75 or
637 1518 96 75 white
748 1518 138 75 fanders.
922 1518 77 75 The
1011 1518 94 75 wood
1118 1518 40 75 of
1169 1518 64 75 this

209 1564 79 75 tree,
314 1564 104 75 which
438 1564 28 75 is
482 1564 19 75 a
516 1564 104 75 native
637 1564 41 75 of
700 1564 55 75 the
772 1564 75 75 Eall
875 1564 127 75 Indies,'
1019 1564 78 75 dyes
1114 1564 19 75 a
1148 1564 86 75 good

209 1610 126 75 yellow.

255 1657 168 75 LawCmia
445 1657 140 75 inermis,
611 1657 36 75 or
664 1657 146 75 alkanna,
835 1657 61 75 is-a
913 1657 87 75 fmall
1029 1657 92 75 flirub
1139 1657 93 75 culti-

208 1703 94 75 vated
313 1703 32 75 in
361 1703 73 75 Alia
449 1703 62 75 and
523 1703 125 75 Africa.
697 1703 75 75 The
789 1703 75 75 Hem
878 1703 61 75 and
955 1703 153 75 branches
1117 1703 41 75 of
1168 1703 63 75 this

209 1749 87 75 plant
314 1749 103 75 afford
433 1749 38 75 an
488 1749 159 75 excellent
664 1749 135 75 yellow;
826 1749 56 75 the
899 1749 120 75 natives
1046 1749 87 75 paint
1151 1749 83 75 their

208 1797 109 75 bodies
346 1797 77 75 with
440 1797 37 75 it.
526 1797 77 75 The
627 1797 83 75 root,
746 1797 154 75 prepared
923 1797 78 75 with
1031 1797 198 75 quick-lime,

208 1843 86 75 gives
312 1843 18 75 a
345 1843 62 75 fine
434 1843 120 75 fhining
578 1843 67 75 red.
695 1843 76 75 The
799 1843 120 75 natives
936 1843 53 75 ufe
1013 1843 25 75 it
1067 1843 50 75 for
1132 1843 100 75 dying

206 1890 83 75 their
305 1890 100 75 teeth,
431 1890 92 75 nails,
548 1890 99 75 faces,
672 1890 55 75 the
743 1890 99 75 mains
858 1890 41 75 of
921 1890 83 75 their
1019 1890 121 75 horfes,
1165 1890 65 75 lea-

207 1935 82 75 ther,
316 1935 63 75 he.

253 1984 116 75 Morus
392 1984 157 75 tindoria,
575 1984 37 75 or
629 1984 103 75 fuflic,
758 1984 105 75 grows
888 1984 31 75 in
943 1984 162 75 America.
1153 1984 77 75 The

204 2030 95 75 wood
310 2030 39 75 of
360 2030 65 75 this
448 2030 67 75 tree
533 2030 25 75 is
574 2030 32 75 in
623 2030 90 75 great
730 2030 112 75 efteem
859 2030 116 75 among
991 2030 94 75 dyers
1109 2030 50 75 for
1176 2030 54 75 the

204 2076 62 75 fine
278 2076 115 75 yellow
405 2076 26 75 it
448 2076 133 75 affords.

252 2120 166 75 Rhamnus
435 2120 157 75 frangula,
617 2120 38 75 or
671 2120 54 75 the
752 2120 93 75 black
872 2120 241 75 berry-bearing
1130 2120 100 75 alder,

206 2167 102 75 grows
325 2167 31 75 in
373 2167 110 75 woods
500 2167 61 75 and
575 2167 133 75 hedges.
743 2167 77 75 The
837 2167 79 75 bark
933 2167 101 75 ringes
1047 2167 18 75 a
1081 2167 66 75 dull
1161 2167 67 75 yel-

205 2212 63 75 low
280 2212 8 75 ;
316 2212 62 75 and
394 2212 53 75 the
463 2212 110 75 unripe
589 2212 119 75 berries
726 2212 62 75 dye
804 2212 136 75 woollen
954 2212 87 75 fluffs
1058 2212 108 75 green.

253 2259 166 75 Rhamnus
447 2259 204 75 catharticus,
676 2259 37 75 or
729 2259 135 75 purging
892 2259 208 75 buck-thorn,
1126 2259 105 75 grows

204 2305 76 75 wild
297 2305 32 75 in
353 2305 110 75 woods
486 2305 62 75 and
563 2305 132 75 hedges.
742 2305 76 75 The
835 2305 79 75 bark
937 2305 88 75 gives
1043 2305 17 75 a
1077 2305 154 75 beautiful

207 2352 127 75 ytllow.

252 2399 164 75 Rhamnus
430 2399 113 75 minor,
557 2399 104 75 grows
673 2399 32 75 in
718 2399 54 75 the
784 2399 148 75 fouthern
941 2399 86 75 parts
1040 2399 38 75 of
1085 2399 143 75 Europe.

202 2444 76 75 The
296 2444 118 75 berries
430 2444 72 75 give
519 2444 37 75 an
574 2444 159 75 excfellent
750 2444 127 75 yellow.

250 2492 92 75 Rhus
361 2492 157 75 Coriaria,
543 2492 37 75 of
592 2492 139 75 ftnnach,
758 2492 104 75 grows
880 2492 30 75 in
924 2492 98 75 Italy,
1049 2492 64 75 he.
1153 2492 77 75 The

203 2538 78 75 bark
304 2538 40 75 of
355 2538 54 75 the
426 2538 74 75 ftem
518 2538 86 75 gives
621 2538 17 75 a
659 2538 116 75 yellow
794 2538 123 75 colour,
943 2538 61 75 and
1022 2538 55 75 the
1099 2538 80 75 bark
1195 2538 40 75 of

203 2584 54 75 the
274 2584 70 75 root
361 2584 18 75 a
395 2584 159 75 yellowifh
571 2584 70 75 red.

248 2632 148 75 Berberis
412 2632 150 75 vulgaris,
588 2632 159 75 barberry*
756 2632 37 75 or
815 2632 287 75 pipperidge-bufh.
1151 2632 78 75 The

201 2677 71 75 root
284 2677 40 75 of
336 2677 63 75 this
416 2677 88 75 plant
517 2677 86 75 gives
620 2677 39 75 an
676 2677 158 75 excellent
851 2677 115 75 yellow
984 2677 35 75 to
1037 2677 87 75 cloth
1137 2677 8 75 ;
1166 2677 63 75 and

200 2724 54 75 the
267 2724 78 75 bark
362 2724 86 75 gives
465 2724 123 75 leather
605 2724 17 75 a
634 2724 154 75 beautiful
805 2724 116 75 yellow
937 2724 122 75 colour.

247 2770 123 75 Pruhus
391 2770 181 75 domeftica,
590 2770 37 75 or
640 2770 146 75 common
803 2770 211 75 plumb-tree.
1035 2770 78 75 The
1131 2770 97 75 coun-

198 2817 52 75 try
259 2817 113 75 people
389 2817 52 75 ufe
457 2817 55 75 the
529 2817 79 75 bark
621 2817 50 75 for
687 2817 98 75 dying
802 2817 85 75 their
904 2817 86 75 cloth
1008 2817 134 75 yellow.

245 2863 103 75 Pyrus
364 2863 115 75 malus,
504 2863 37 75 or
558 2863 189 75 apple-tree.
795 2863 75 75 The
893 2863 93 75 dyers
1004 2863 52 75 ufe
1074 2863 55 75 the
1148 2863 80 75 bark

197 2909 51 75 for
264 2909 107 75 giving
384 2909 87 75 cloth
489 2909 16 75 a
519 2909 117 75 yellow
654 2909 122 75 colour.

244 2957 158 75 Carpinus
419 2957 138 75 betulus,
583 2957 54 75 the
657 2957 81 75 horn
760 2957 36 75 or
819 2957 80 75 hard
917 2957 91 75 beam
1026 2957 82 75 tree,
1134 2957 94 75 horfe

197 3002 35 75 or
248 3002 196 75 horrvbeach
458 3002 79 75 tree,
562 3002 104 75 grows
684 3002 33 75 in
737 3002 122 75 v/oods.
906 3002 77 75 The
1011 3002 79 75 bark
1106 3002 27 75 is
1150 3002 78 75 ufed

196 3049 34 75 as
243 3049 22 75 a
275 3049 118 75 yellow
410 3049 74 75 dye.

290 3096 95 75 Vol.
410 3096 31 75 I.
489 3096 71 75 No.
581 3096 56 75 27.

1307 193 40 75 A
1461 193 42 75 N
1619 193 51 75 Y.

1325 263 123 75 Refeda
1458 263 133 75 luteola,
1599 263 37 75 or
1644 263 212 75 bafe-rocket,
1866 263 103 75 grows
1981 263 29 75 in
2021 263 120 75 pallure
2159 263 153 75 grounds,

1284 310 172 75 meadows,
1482 310 62 75 and
1571 310 169 75 efpecially
1758 310 41 75 on
1818 310 17 75 a
1864 310 115 75 chalky
1996 310 67 75 foil;
2112 310 84 75 This
2222 310 89 75 herb,

1284 355 102 75 which
1405 355 26 75 is
1448 355 18 75 a
1482 355 105 75 native
1604 355 38 75 of
1655 355 167 75 Scotland,
1848 355 87 75 gives
1953 355 88 75 cloth
2060 355 17 75 a
2094 355 79 75 moft
2190 355 119 75 beauti-

1283 402 46 75 ful
1346 402 118 75 yellow
1476 402 123 75 colour,
1617 402 62 75 and
1691 402 25 75 is
1729 402 93 75 much
1837 402 74 75 ufed
1925 402 43 75 by
1979 402 107 75 dyers,
2106 402 72 75 who
2194 402 118 75 import

1283 448 25 75 it
1325 448 31 75 in
1370 448 87 75 large
1474 448 184 75 quantities,
1685 448 122 75 though
1825 448 24 75 it
1862 448 102 75 might
1977 448 38 75 be
2032 448 93 75 eaiily
2139 448 173 75 cultivated

1282 495 32 75 in
1330 495 59 75 our
1405 495 73 75 own
1495 495 147 75 country.

1330 543 163 75 Serratula
1509 543 156 75 tindloria,
1690 543 38 75 or
1744 543 174 75 faw-wort,
1944 543 104 75 grows
2074 543 29 75 in
2121 543 111 75 woods
2250 543 62 75 and

1282 589 172 75 meadows.
1502 589 86 75 This
1616 589 87 75 plant
1720 589 88 75 gives
1836 589 55 75 the
1919 589 82 75 fame
2022 589 112 75 colour
2154 589 77 75 with
2256 589 55 75 the

1282 635 119 75 refeda,
1426 635 75 75 and,
1525 635 124 75 though
1677 635 56 75 not
1756 635 33 75 fo
1807 635 167 75 beautiful,
1999 635 25 75 is
2043 635 95 75 much
2166 635 75 75 uled
2267 635 43 75 by

1281 681 107 75 dyers.

1340 729 208 75 Hierachium
1584 729 221 75 umbellatum,
1848 729 37 75 or
1918 729 253 75 narrow-leaved
2213 729 99 75 bufhy

1283 774 197 75 hawkweed,
1504 774 105 75 grows
1627 774 31 75 in
1676 774 122 75 woods,
1823 774 133 75 hedges,
1981 774 62 75 and
2059 774 145 75 gravelly
2221 774 86 75 foils.

1280 820 84 75 This
1382 820 87 75 plant
1488 820 87 75 gives
1593 820 18 75 a
1619 820 77 75 very
1712 820 60 75 fine
1790 820 127 75 yellow.

1330 868 165 75 Acanthus
1512 868 117 75 mollis,
1655 868 26 75 is
1700 868 17 75 a
1730 868 103 75 native
1845 868 40 75 of
1897 868 96 75 Italy.
2042 868 33 75 It
2091 868 131 75 appears
2239 868 71 75 that

1281 913 63 75 this
1358 913 88 75 plant
1462 913 64 75 was
1544 913 75 75 ufed
1636 913 42 75 by
1690 913 55 75 the
1757 913 138 75 ancients
1910 913 50 75 for
1976 913 98 75 dying
2090 913 138 75 yellow-:

1375 960 44 75 Et
1436 960 247 75 circumtextum
1698 960 105 75 croceo
1820 960 144 75 vetamen
1980 960 150 75 acantbo,
2189 960 118 75 Yirg.

1328 1007 119 75 Bidens
1460 1007 171 75 tripartita,
1641 1007 38 75 or
1692 1007 85 75 trifid
1787 1007 97 75 water
1901 1007 289 75 hemp-agrimony,
2202 1007 105 75 grows

1281 1053 31 75 in
1322 1053 122 75 marfhy
1457 1053 117 75 places.
1599 1053 84 75 This
1697 1053 85 75 plant
1795 1053 86 75 gives
1895 1053 17 75 a
1924 1053 107 75 pretty
2043 1053 124 75 elegant
2180 1053 127 75 yellow.

1331 1100 177 75 Xanthium
1529 1100 209 75 flrumarium,
1762 1100 37 75 or
1812 1100 91 75 leffer
1921 1100 154 75 burdock,
2101 1100 104 75 grows
2234 1100 76 75 near

1281 1146 172 75 dunghills.
1481 1146 108 75 When
1603 1146 62 75 this
1682 1146 88 75 plant
1782 1146 26 75 is
1821 1146 107 75 boiled
1939 1146 113 75 entire,
2071 1146 146 75 together
2230 1146 78 75 with

1282 1192 54 75 the
1353 1192 90 75 fruit,
1469 1192 24 75 it
1510 1192 85 75 gives
1613 1192 18 75 a
1643 1192 107 75 pretty
1767 1192 85 75 good
1868 1192 128 75 yellow.

1329 1239 91 75 Salix
1437 1239 184 75 pentandra,
1646 1239 38 75 or
1700 1239 95 75 fweet
1811 1239 130 75 willow.
1991 1239 77 75 The
2094 1239 92 75 dried
2202 1239 105 75 leaves

1282 1285 69 75 give
1368 1285 19 75 a
1402 1285 61 75 fine
1478 1285 129 75 yellow.

1328 1332 117 75 Bettila
1472 1332 83 75 alba,
1580 1332 38 75 or
1634 1332 187 75 birch-tree.
1870 1332 76 75 The
1974 1332 103 75 leaves
2102 1332 72 75 give
2191 1332 18 75 a
2226 1332 80 75 faint

1281 1378 115 75 yellow
1412 1378 111 75 colour
1540 1378 34 75 to
1591 1378 101 75 cloth.

1329 1425 136 75 Stachys
1482 1425 149 75 filvatica,
1649 1425 37 75 or
1698 1425 233 75 hedge-nettle,
1948 1425 105 75 grows
2070 1425 32 75 in
2118 1425 108 75 woods
2245 1425 62 75 and

1280 1471 132 75 hedges,
1438 1471 61 75 and
1518 1471 87 75 gives
1618 1471 18 75 a
1652 1471 116 75 yellow
1784 1471 112 75 colour
1911 1471 34 75 to
1963 1471 100 75 cloth.

1328 1520 179 75 Centaurea
1520 1520 103 75 jacea,
1648 1520 37 75 or
1702 1520 145 75 common
1872 1520 185 75 knapweed,
2082 1520 105 75 grows
2204 1520 31 75 in
2252 1520 61 75 pa-*

1281 1564 81 75 fture
1381 1564 61 75 and
1459 1564 112 75 barren
1587 1564 152 75 grounds.
1787 1564 84 75 This
1891 1564 85 75 pTant
2000 1564 27 75 is
2045 1564 88 75 often
2151 1564 74 75 ufed
2242 1564 32 75 as
2288 1564 19 75 a

1280 1612 224 75 fuccedaneum
1521 1612 51 75 for
1588 1612 55 75 the
1655 1612 151 75 ferratula
1822 1612 219 75 orfaw-woft.

1327 1659 198 75 Polygonum
1541 1659 174 75 perficaria,
1740 1659 81 75 dead
1838 1659 36 75 or
1891 1659 125 75 fpotted
2032 1659 144 75 arfmart,
2201 1659 106 75 grows

1281 1704 31 75 in
1329 1704 196 75 corn-fields,
1551 1704 65 75 he.
1642 1704 62 75 and
1719 1704 77 75 dyes
1814 1704 87 75 cloth
1920 1704 127 75 yellow.

1328 1751 187 75 Lyfimacha
1527 1751 149 75 vulgaris,
1689 1751 117 75 yellow
1818 1751 225 75 willow-herb,
2056 1751 37 75 or
2105 1751 201 75 loofe-Arife,

1280 1797 103 75 grows
1400 1797 30 75 in
1444 1797 148 75 marlhes,
1617 1797 63 75 and
1696 1797 41 75 on
1751 1797 55 75 the
1819 1797 99 75 banks
1928 1797 41 75 of
1982 1797 109 75 rivers.
2129 1797 83 75 This
2226 1797 82 75 herb

1280 1843 66 75 laid
1363 1843 35 75 to
1413 1843 63 75 dye
1493 1843 125 75 yellow.

1327 1891 147 75 Scabiofa
1490 1891 126 75 fuccifa,
1642 1891 37 75 or
1691 1891 189 75 devils-bit,
1906 1891 104 75 grows
2028 1891 30 75 in
2072 1891 158 75 meadows
2244 1891 61 75 and

1277 1939 289 75 paflure-grounds,
1603 1939 76 75 The
1695 1939 92 75 dried
1802 1939 105 75 leaves
1924 1939 71 75 give
2008 1939 18 75 a
2042 1939 117 75 yellow
2171 1939 112 75 colour
2293 1939 18 75 p

1277 1983 58 75 but
1351 1983 26 75 it
1393 1983 26 75 is
1436 1983 120 75 feldom
1573 1983 86 75 ufed.

1324 2032 177 75 Anthyllus
1526 2032 189 75 vulneraria,
1741 2032 241 75 kidney-vetch,
2016 2032 37 75 or
2076 2032 227 75 ladies-finger,

1278 2077 106 75 grows
1401 2077 41 75 on
1458 2077 62 75 dry
1539 2077 289 75 pafture-grounds.
1877 2077 76 75 The
1970 2077 136 75 country
2123 2077 110 75 people
2251 2077 59 75 ufe-

1279 2122 63 75 this
1360 2122 86 75 plant
1464 2122 50 75 for
1525 2122 99 75 dying
1640 2122 83 75 their
1739 2122 88 75 cloth
1844 2122 129 75 yellow.

1325 2170 123 75 Lichen
1462 2170 179 75 juniperus,
1665 2170 37 75 or
1717 2170 318 75 juniper-liverwort,
2061 2170 163 75 grows-on
2250 2170 61 75 the-

1278 2216 111 75 trunks
1417 2216 61 75 and
1506 2216 153 75 branches
1677 2216 46 75 of
1745 2216 96 75 trees.
1905 2216 125 75 Lichen
2058 2216 183 75 parietinus,
2266 2216 39 75 or

1278 2262 145 75 commoft
1434 2262 192 75 liver-wort,
1643 2262 104 75 grows
1765 2262 40 75 on
1819 2262 89 75 walls
1920 2262 62 75 and
1993 2262 55 75 the
2065 2262 77 75 bark
2156 2262 39 75 of
2206 2262 97 75 trees.

1278 2309 124 75 Lichen
1429 2309 208 75 candelarius,
1666 2309 37 75 or
1731 2309 116 75 yellow
1871 2309 173 75 liverwort.
2092 2309 109 75 Thefe
2218 2309 89 75 three

1277 2355 115 75 fpecies
1409 2355 39 75 of
1470 2355 162 75 liverwort
1648 2355 53 75 are
1726 2355 75 75 ufed
1817 2355 43 75 by
1884 2355 54 75 the
1954 2355 148 75 common
2126 2355 110 75 people
2253 2355 52 75 for

1277 2401 97 75 dying
1391 2401 84 75 their
1491 2401 88 75 fluffs
1596 2401 129 75 yellow.

1325 2449 169 75 Anthemis
1521 2449 158 75 tindloria,
1710 2449 38 75 or
1775 2449 146 75 common
1952 2449 139 75 ox-eye,
2129 2449 103 75 grows
2262 2449 42 75 on

1277 2493 73 75 high
1362 2493 154 75 grounds.
1564 2493 75 75 The
1653 2493 123 75 flowers
1793 2493 70 75 give
1876 2493 16 75 a
1906 2493 107 75 bright
2029 2493 115 75 yellow
2157 2493 122 75 colour.

1326 2542 263 75 Chterophyllum
1616 2542 158 75 fylveflre,
1808 2542 76 75 wild
1909 2542 114 75 cicely*
2049 2542 37 75 or
2113 2542 189 75 cow-weed,

1277 2587 103 75 grows
1396 2587 33 75 in
1451 2587 132 75 hedges,
1608 2587 65 75 he.
1721 2587 77 75 The
1813 2587 107 75 umbel
1936 2587 38 75 or
2002 2587 72 75 tops
2091 2587 62 75 and
2177 2587 126 75 flowers

1278 2633 39 75 of
1328 2633 64 75 this
1408 2633 88 75 plant
1512 2633 71 75 give
1600 2633 38 75 an
1655 2633 159 75 excellent
1831 2633 129 75 yellow.

1323 2681 141 75 Thafpia
1485 2681 120 75 villofa,
1632 2681 37 75 or
1692 2681 117 75 deadly
1835 2681 118 75 carrot,
1984 2681 106 75 grows
2117 2681 31 75 in
2178 2681 96 75 Spain

1278 2727 60 75 and
1353 2727 42 75 its
1416 2727 105 75 umbel
1539 2727 25 75 is
1586 2727 76 75 ufed
1679 2727 33 75 as
1729 2727 19 75 a
1764 2727 116 75 yellow
1902 2727 62 75 dye
1982 2727 42 75 by
2040 2727 55 75 the
2112 2727 194 75 inhabitants

1277 2774 38 75 of
1327 2774 69 75 that
1414 2774 148 75 country.

1894 2774 8 75 -
1971 2774 4 75 .

2177 2774 4 75 .
2208 2774 6 75 .
2296 2774 13 75 :

1324 2820 131 75 Genifta
1482 2820 156 75 timfloria,
1663 2820 98 75 green
1780 2820 116 75 -wood,
1920 2820 201 75 dyers-weed
2139 2820 37 75 or
2196 2820 109 75 v/cad-

1277 2866 124 75 waxen,
1426 2866 104 75 grows
1547 2866 32 75 in
1592 2866 291 75 pafture-grounds,
1911 2866 64 75 he.
2017 2866 82 75 The
2116 2866 123 75 flowers
2252 2866 53 75 are

1277 2912 94 75 much
1386 2912 76 75 .ufed
1480 2912 36 75 as
1533 2912 18 75 a
1568 2912 116 75 yellow
1701 2912 75 75 dye.

1324 2961 194 75 Hypericum
1546 2961 210 75 perforatum,
1790 2961 36 75 or
1852 2961 52 75 St.
1930 2961 115 75 Johns
2070 2961 95 75 wort,
2197 2961 105 75 grows

1277 3006 114 75 among
1407 3006 207 75 brulh-wood
1630 3006 60 75 and
1707 3006 32 75 in
1755 3006 133 75 hedges.
1936 3006 76 75 The
2030 3006 121 75 flowers
2166 3006 51 75 are
2229 3006 77 75 ufed

1277 3052 34 75 as
1329 3052 18 75 a
1362 3052 118 75 yellow
1497 3052 75 75 dye,
1598 3052 58 75 but
1672 3052 25 75 it
1713 3052 100 75 is-not
1830 3052 97 75 much
1940 3052 166 75 efteemed.

1706 3109 17 75 7
1778 3109 35 75 X

1158 3108 16 75 3

2190 3098 116 75 Calen-
