2397 3387
511 145 233 75 BAT

1102 145 126 75 (53

213 214 87 75 ever,
325 214 55 75 the
398 214 115 75 Jewifh
539 214 125 75 writers
693 214 60 75 call
781 214 66 75 this
875 214 20 75 a
922 214 175 75 revelation
1114 214 86 75 from

214 262 108 75 God’s
340 262 79 75 will,
445 262 106 75 which
571 262 41 75 he
629 262 93 75 made
738 262 35 75 to
797 262 51 75 his
864 262 116 75 chofen
1003 262 127 75 people,
1150 262 52 75 af-

215 308 50 75 ter
281 308 42 75 all
338 308 108 75 verbal
463 308 186 75 prophecies
665 308 66 75 had
747 308 111 75 ceafed
877 308 32 75 in
926 308 111 75 Ifrael.

168 356 246 75 Bath-zw/#/,
440 356 18 75 a
474 356 112 75 mixed
608 356 111 75 metal,
744 356 169 75 otherwife
937 356 104 75 called
1059 356 118 75 prince
1188 356 18 75 s

216 402 111 75 metal.
378 402 63 75 See
456 402 180 75 Prince’s
652 402 160 75 Metal.

168 447 253 75 BATH-m?/dT.
472 447 62 75 See
550 447 56 75 the
618 447 112 75 article
746 447 128 75 Bath.
924 447 13 75 *

167 496 136 75 BATH
307 496 44 75 A,
377 496 56 75 the
452 496 92 75 name
561 496 39 75 of
612 496 66 75 two
695 496 116 75 towns,
837 496 55 75 the
912 496 60 75 one
989 496 32 75 in
1044 496 160 75 Barbary,

214 542 33 75 in
261 542 54 75 the
331 542 154 75 kingdom
502 542 40 75 of
553 542 143 75 Algiers,
722 542 61 75 and
802 542 55 75 the
873 542 96 75 other
985 542 32 75 in
1033 542 172 75 Hungary,

215 589 85 75 upon
316 589 56 75 the
388 589 101 75 banks
506 589 40 75 of
557 589 55 75 the
633 589 152 75 Danube.

165 636 241 75 BATHING,
439 636 57 75 the
528 636 150 75 walking,
710 636 145 75 foaking,
880 636 157 75 fuppling,
1069 636 135 75 refrelh-

215 682 67 75 ing,
307 682 199 75 moiftening,
532 682 65 75 <bc.
623 682 55 75 the
695 682 101 75 body,
822 682 36 75 or
886 682 62 75 any
976 682 71 75 part
1063 682 139 75 thereof,

216 729 30 75 in
274 729 111 75 water,
409 729 120 75 liquor,
557 729 64 75 <bc.
647 729 52 75 for
727 729 141 75 pleafure
896 729 37 75 or
957 729 124 75 health.
1143 729 62 75 See

214 776 128 75 Bath.

168 824 186 75 Bathing
375 824 22 75 a
411 824 131 75 falcon,
568 824 27 75 is
620 824 106 75 when,
752 824 132 75 weaned
905 824 84 75 from
1006 824 58 75 her
1080 824 128 75 ramage

215 870 162 75 fooleries,
403 870 51 75 Ihe
471 870 26 75 is
510 870 124 75 offered
650 870 85 75 fome
752 870 101 75 water
869 870 35 75 to
924 870 98 75 bathe
1038 870 123 75 berfelf
1172 870 33 75 in

216 917 18 75 a
250 917 110 75 bafon,
387 917 108 75 where
511 917 51 75 Ihe
579 917 74 75 may
670 917 88 75 Hand
781 917 42 75 up
848 917 36 75 to
907 917 59 75 her
982 917 122 75 thighs.
1153 917 53 75 By

214 964 64 75 this
297 964 107 75 means
420 964 52 75 Ihe
492 964 129 75 gathers
639 964 139 75 ftrength
796 964 62 75 and
874 964 161 75 boldnefs.

166 1011 256 75 BATHMUS,
448 1011 32 75 in
498 1011 163 75 anatomy,
686 1011 133 75 denotes
833 1011 55 75 the
900 1011 107 75 cavity
1023 1011 40 75 of
1074 1011 19 75 a
1108 1011 97 75 bone,

213 1057 93 75 fitted
322 1057 35 75 to
374 1057 122 75 receive
512 1057 56 75 the
588 1057 204 75 prominence
816 1057 40 75 of
867 1057 135 75 another
1019 1057 94 75 bone.

166 1103 267 75 BATICALA,
458 1103 31 75 in
507 1103 197 75 geography,
730 1103 18 75 a
763 1103 155 75 kingdom
936 1103 39 75 of
986 1103 105 75 India,
1120 1103 85 75 upon

214 1150 55 75 the
286 1150 85 75 coaft
386 1150 40 75 of
437 1150 164 75 Malabar,
627 1150 35 75 to
678 1150 56 75 the
751 1150 95 75 north
864 1150 40 75 of
921 1150 56 75 the
993 1150 152 75 kingdom
1170 1150 40 75 of

213 1197 138 75 Canara.

165 1245 159 75 BATIS,
349 1245 32 75 in
398 1245 153 75 zoology*
575 1245 57 75 the
648 1245 106 75 trivial
775 1245 91 75 name
883 1245 40 75 of
934 1245 18 75 a
967 1245 119 75 fpecies
1103 1245 42 75 of
1155 1245 49 75 ra-

211 1290 48 75 ja.
310 1290 62 75 See
391 1290 117 75 Raja.

165 1338 226 75 BATMAN,
409 1338 31 75 in
458 1338 192 75 commerce,
668 1338 18 75 a
697 1338 79 75 kind
793 1338 40 75 of
843 1338 120 75 weight
975 1338 52 75 ufe
1040 1338 33 75 at
1090 1338 113 75 Smyr-

215 1383 52 75 na,
293 1383 183 75 containing
500 1383 47 75 fix
569 1383 77 75 okes
674 1383 41 75 of
733 1383 75 75 four
824 1383 147 75 hundred
988 1383 106 75 drams
1111 1383 91 75 each,

212 1430 36 75 w'
248 1430 69 75 hich
341 1430 131 75 amount
488 1430 36 75 to
544 1430 121 75 fixteen
681 1430 137 75 pounds,
844 1430 48 75 fix
916 1430 131 75 ounces,
1072 1430 63 75 and
1151 1430 51 75 fif-

211 1477 73 75 teen
300 1477 107 75 drams
425 1477 40 75 of
475 1477 132 75 Englilh
628 1477 133 75 weight.

162 1525 185 75 BATON,
374 1525 37 75 or
427 1525 171 75 Baston.
649 1525 62 75 See
728 1525 177 75 Baston.

162 1571 363 75 BATRACHITES,
551 1571 38 75 or
612 1571 270 75 Frog-stone,
918 1571 19 75 a
963 1571 78 75 kind
1066 1571 40 75 of
1129 1571 73 75 gem

211 1617 182 75 mentioned
413 1617 44 75 by
472 1617 56 75 the
544 1617 155 75 ancients,
725 1617 62 75 and
813 1617 34 75 fo
871 1617 105 75 called
990 1617 87 75 from
1092 1617 43 75 its
1153 1617 48 75 re-

213 1664 152 75 fembling
383 1664 54 75 the
455 1664 112 75 colour
584 1664 40 75 of
635 1664 18 75 a
673 1664 86 75 frog.

163 1711 591 75 BATRACHOMYOMACHIA,
779 1711 56 75 the
858 1711 102 75 battle
983 1711 40 75 of
1041 1711 56 75 the
1113 1711 89 75 frogs

213 1757 61 75 and
292 1757 55 75 the
364 1757 94 75 mice,
482 1757 55 75 the
553 1757 72 75 title
648 1757 41 75 of
700 1757 19 75 a
734 1757 63 75 fine
813 1757 170 75 burlefque
998 1757 106 75 poem,
1129 1757 73 75 ufu-

209 1805 66 75 ally
292 1805 141 75 afcribed
449 1805 36 75 to
500 1805 138 75 Homer.

257 1851 77 75 The
350 1851 120 75 fubjedt
482 1851 39 75 of
537 1851 55 75 the
604 1851 91 75 work
711 1851 27 75 is
750 1851 56 75 the
818 1851 97 75 death
931 1851 40 75 of
981 1851 220 75 Pfycharpax,

209 1898 20 75 a
243 1898 121 75 moufe,
381 1898 56 75 fon
454 1898 35 75 to
506 1898 180 75 Toxartes,
704 1898 86 75 who,
808 1898 94 75 being
919 1898 153 75 mounted
1088 1898 41 75 on
1147 1898 55 75 the

210 1944 43 75 on
270 1944 55 75 the
341 1944 83 75 back
441 1944 41 75 of
498 1944 247 75 Phyfignathus,
771 1944 19 75 a
816 1944 87 75 frog,
928 1944 41 75 on
986 1944 19 75 a
1020 1944 124 75 voyage
1166 1944 36 75 to

209 1990 59 75 her
284 1990 121 75 palace,
429 1990 37 75 to
482 1990 106 75 which
612 1990 52 75 Ihe
691 1990 64 75 had
771 1990 122 75 invited
909 1990 78 75 him,
1013 1990 65 75 was
1094 1990 107 75 feized

209 2037 80 75 with
310 2037 81 75 fear,
417 2037 93 75 when
526 2037 40 75 he
583 2037 63 75 faw
662 2037 131 75 himfelf
804 2037 33 75 in
854 2037 56 75 the
935 2037 120 75 middle
1082 2037 40 75 of
1144 2037 57 75 the

209 2084 100 75 pond,
334 2084 34 75 fo
385 2084 71 75 that
471 2084 41 75 he
528 2084 144 75 tumbled
689 2084 52 75 off
752 2084 63 75 and
831 2084 65 75 was
908 2084 165 75 drowned.
1111 2084 89 75 Phy-

211 2131 160 75 fignathus
389 2131 95 75 being
499 2131 161 75 fufpedted
676 2131 35 75 to
735 2131 82 75 have
837 2131 116 75 lhaken
972 2131 69 75 him
1059 2131 51 75 off
1122 2131 79 75 with

209 2178 120 75 defign,
348 2178 56 75 the
420 2178 81 75 mice
513 2178 180 75 demanded
703 2178 206 75 fatisfadlion,
927 2178 63 75 and
1000 2178 201 75 unanimouf-

211 2224 34 75 ly
261 2224 150 75 declared
430 2224 66 75 war
512 2224 118 75 again!!
649 2224 55 75 the
721 2224 103 75 frogs.

164 2272 184 75 BATTA,
373 2272 19 75 a
407 2272 149 75 province
574 2272 40 75 of
624 2272 56 75 the
697 2272 154 75 kingdom
869 2272 40 75 of
929 2272 115 75 Congo
1060 2272 33 75 in
1109 2272 92 75 Afri-

212 2318 49 75 ca,
286 2318 104 75 which
416 2318 28 75 is
467 2318 142 75 watered
624 2318 44 75 by
685 2318 56 75 the
758 2318 85 75 river
859 2318 151 75 Barbela.

164 2365 270 75 BATTALIA,
458 2365 133 75 denotes
619 2365 40 75 an
686 2365 91 75 army
801 2365 111 75 drawn
930 2365 43 75 up
1000 2365 33 75 in
1058 2365 94 75 order
1169 2365 42 75 of

211 2411 113 75 battle.

163 2458 305 75 BATTALION,
486 2458 19 75 a
517 2458 88 75 fmall
617 2458 88 75 body
717 2458 40 75 of
767 2458 154 75 infantry,
940 2458 121 75 ranged
1072 2458 33 75 in
1117 2458 84 75 form

213 2505 41 75 of
265 2505 113 75 battle,
404 2505 61 75 and
483 2505 99 75 ready
597 2505 37 75 to
650 2505 134 75 engage.

258 2553 34 75 A
312 2553 157 75 battalion
485 2553 123 75 ufually
625 2553 143 75 contains
793 2553 85 75 from
904 2553 17 75 5
948 2553 35 75 to
1007 2553 69 75 800
1100 2553 71 75 men
1187 2553 11 75 ;

211 2597 58 75 but
284 2597 55 75 the
355 2597 133 75 number
504 2597 26 75 it
546 2597 124 75 confifts
687 2597 40 75 of
738 2597 27 75 is
781 2597 57 75 not
855 2597 210 75 determined.
1100 2597 99 75 They

209 2646 54 75 are
280 2646 110 75 armed
410 2646 78 75 with
507 2646 164 75 firelocks,
695 2646 133 75 fwords,
855 2646 63 75 and
933 2646 177 75 bayonets;
1136 2646 64 75 and

210 2692 131 75 divided
356 2692 69 75 into
448 2692 139 75 thirteen
606 2692 193 75 companies,
824 2692 61 75 one
908 2692 41 75 of
959 2692 108 75 which
1083 2692 26 75 is
1126 2692 73 75 gre-

210 2739 138 75 nadiers.
396 2739 101 75 They
520 2739 53 75 are
590 2739 122 75 ufually
728 2739 108 75 drawn
853 2739 43 75 up
911 2739 78 75 with
1008 2739 46 75 fix
1070 2739 73 75 men
1166 2739 33 75 in

208 2785 66 75 file,
300 2785 37 75 or
353 2785 60 75 one
430 2785 111 75 before
564 2785 146 75 another.
767 2785 97 75 Some
892 2785 172 75 regiments
1091 2785 108 75 confifl:

209 2832 58 75 but
285 2832 41 75 of
339 2832 60 75 one
415 2832 170 75 battalion,
609 2832 109 75 others
734 2832 54 75 are
804 2832 130 75 divided
960 2832 70 75 into
1058 2832 75 75 four
1160 2832 37 75 or

207 2879 74 75 five.

162 2927 213 75 BATTEL,
402 2927 18 75 a
437 2927 86 75 town
541 2927 40 75 of
605 2927 126 75 Suffex,
757 2927 48 75 fix
832 2927 90 75 miles
948 2927 96 75 north
1066 2927 40 75 of
1127 2927 71 75 Ha-

211 2972 108 75 ftings,
344 2972 32 75 in
467 2972 44 75 E.
529 2972 89 75 long,
643 2972 62 75 and
725 2972 63 75 50°
809 2972 55 75 55'
883 2972 49 75 N.
949 2972 58 75 lat.

164 3022 216 75 BATTEN,
407 3022 18 75 a
436 3022 92 75 name
544 3022 71 75 that
631 3022 163 75 workmen
811 3022 72 75 give
898 3022 36 75 to
951 3022 19 75 a
985 3022 154 75 fcantling
1161 3022 42 75 of

1238 146 24 75 o
1320 146 18 75 )

1685 146 236 75 BAT

1296 216 136 75 wooden
1448 216 85 75 (luff,
1559 216 86 75 from
1660 216 67 75 two
1753 216 37 75 to
1815 216 73 75 four
1911 216 108 75 inches
2035 216 115 75 broad,
2176 216 62 75 and
2256 216 30 75 a-

1298 262 78 75 bout
1393 262 61 75 one
1471 262 73 75 inch
1562 262 111 75 thick;
1690 262 58 75 the
1764 262 112 75 length
1892 262 26 75 is
1936 262 109 75 pretty
2061 262 227 75 confiderable,

1298 308 58 75 but
1369 308 256 75 undetermined.

1347 357 85 75 This
1457 357 82 75 term
1556 357 27 75 is
1600 357 114 75 chiefly
1735 357 76 75 ufed
1836 357 31 75 in
1884 357 151 75 fpeaking
2059 357 40 75 of
2111 357 97 75 doors
2226 357 65 75 and

1299 404 155 75 windows
1472 404 40 75 of
1523 404 105 75 (hops,
1647 404 65 75 <bc.
1737 404 106 75 which
1855 404 53 75 are
1922 404 55 75 not
1993 404 125 75 framed
2134 404 40 75 of
2185 404 106 75 whole

1300 449 84 75 deal,
1411 449 65 75 foe.
1501 449 80 75 with
1605 449 108 75 ftyles,
1745 449 88 75 rails,
1858 449 62 75 and
1949 449 130 75 pannels
2104 449 65 75 like
2193 449 99 75 wain-

1298 497 81 75 fcot,
1397 497 58 75 but
1472 497 53 75 are
1538 497 92 75 made
1642 497 34 75 to
1689 497 115 75 appear
1821 497 34 75 as
1872 497 30 75 if
1915 497 77 75 they
2009 497 97 75 were,
2126 497 44 75 by
2182 497 107 75 means

1300 543 38 75 of
1352 543 89 75 thefe
1468 543 141 75 battens,
1634 543 145 75 bradded
1806 543 42 75 on
1876 543 55 75 the
1959 543 85 75 plain
2069 543 101 75 board
2187 543 104 75 round

1300 591 54 75 the
1382 591 110 75 edges,
1526 591 63 75 and
1614 591 181 75 fometimes
1823 591 84 75 crofs
1935 591 101 75 them,
2073 591 62 75 and
2159 591 41 75 up
2228 591 63 75 and

1298 637 107 75 down.

1251 686 351 75 BATTENBURY,
1628 686 18 75 a
1662 686 87 75 town
1767 686 39 75 of
1818 686 116 75 Dutch
1951 686 237 75 Guelderland,
2214 686 75 75 fitu-

1299 731 74 75 ated
1392 731 41 75 on
1450 731 55 75 the
1522 731 96 75 north
1635 731 89 75 Ihore
1737 731 40 75 of
1788 731 56 75 the
1865 731 84 75 river
1968 731 123 75 Made,
2110 731 39 75 %|
2149 731 71 75 moft
2232 731 57 75 op-

1299 778 97 75 pofite
1414 778 34 75 to
1464 778 204 75 Ravenftein,
1693 778 32 75 in
1744 778 17 75 5
1761 760 25 49 0
1808 778 55 75 3c/
1878 778 45 75 E.
1941 778 89 75 long,
2056 778 61 75 and
2143 778 40 75 51
2183 760 26 49 0
2233 778 56 75 45'

1300 825 47 75 N.
1366 825 57 75 lat.

1253 873 305 75 BATTEP^ING,
1583 873 56 75 the
1667 873 163 75 attacking
1859 873 18 75 a
1905 873 102 75 place,
2033 873 104 75 work,
2162 873 38 75 or
2232 873 58 75 the

1299 917 77 75 like,
1395 917 78 75 with
1490 917 107 75 heavy
1607 917 158 75 artillery.

1347 965 55 75 To
1418 965 106 75 batter
1539 965 32 75 in
1588 965 129 75 breach,
1743 965 27 75 is
1786 965 36 75 to
1837 965 76 75 play
1929 965 152 75 furioully
2093 965 41 75 on
2151 965 19 75 a
2186 965 104 75 work,

1300 1012 33 75 as
1350 1012 55 75 the
1422 1012 92 75 angle
1531 1012 40 75 of
1581 1012 19 75 a
1611 1012 197 75 half-moon,
1833 1012 32 75 in
1882 1012 96 75 order
2005 1012 34 75 to
2058 1012 152 75 demolilh
2227 1012 63 75 and

1301 1059 91 75 make
1412 1059 17 75 a
1449 1059 79 75 gape
1545 1059 136 75 therein.
1732 1059 38 75 In
1792 1059 63 75 this
1884 1059 78 75 they
1985 1059 132 75 obferve
2140 1059 97 75 never
2254 1059 35 75 to

1300 1105 55 75 fire
1373 1105 18 75 a
1406 1105 89 75 piece
1520 1105 32 75 at
1578 1105 55 75 the
1650 1105 68 75 top,
1746 1105 57 75 but
1828 1105 42 75 all
1894 1105 37 75 at
1957 1105 56 75 the
2039 1105 140 75 bottom,
2204 1105 85 75 from

1300 1152 91 75 three
1409 1152 35 75 to
1461 1152 49 75 fix
1534 1152 67 75 feet
1617 1152 84 75 from
1723 1152 55 75 the
1794 1152 139 75 ground.

1348 1199 76 75 The
1440 1199 129 75 battery
1589 1199 40 75 of
1649 1199 18 75 a
1691 1199 92 75 camp
1804 1199 27 75 is
1855 1199 125 75 ufually
1995 1199 197 75 furrounded
2210 1199 79 75 with

1298 1244 19 75 a
1332 1244 126 75 trench,
1485 1244 63 75 and
1565 1244 185 75 pallifadoes
1768 1244 32 75 at
1818 1244 55 75 the
1890 1244 139 75 bottom,
2056 1244 78 75 with
2151 1244 67 75 two
2235 1244 53 75 re-

1298 1292 117 75 doubts
1432 1292 41 75 on
1491 1292 55 75 the
1567 1292 112 75 wings,
1705 1292 37 75 or
1759 1292 119 75 certain
1896 1292 105 75 places
2018 1292 40 75 of
2070 1292 97 75 arms,
2194 1292 93 75 capa-

1299 1338 52 75 ble
1375 1338 41 75 of
1434 1338 151 75 covering
1612 1338 54 75 the
1691 1338 111 75 troops
1827 1338 105 75 which
1962 1338 54 75 arfe
2040 1338 173 75 appointed
2234 1338 54 75 for

1297 1386 85 75 their
1397 1386 145 75 defence.
1592 1386 62 75 See
1669 1386 206 75 Battery.

1250 1434 135 75 Batte
1394 1434 226 75 ring-//Vc£/,
1639 1434 37 75 or
1692 1434 104 75 pieces
1810 1434 39 75 of
1860 1434 140 75 battery.
2050 1434 62 75 See
2125 1434 160 75 Cannon

1297 1479 62 75 and
1376 1479 210 75 Gunnery.
1598 1479 8 75 '

1250 1527 342 75 BATTERiNG-r«w,
1618 1527 32 75 in
1667 1527 172 75 antiquity.
1891 1527 61 75 See
1968 1527 105 75 Ram.

1250 1574 357 75 BATTERiNG-r^/rw,
1634 1574 32 75 in
1683 1574 163 75 heraldry,
1873 1574 19 75 a
1918 1574 144 75 bearing,
2087 1574 39 75 or
2152 1574 72 75 coat
2252 1574 40 75 of

1298 1619 95 75 arms,
1411 1619 189 75 refembling
1616 1619 55 75 the
1688 1619 142 75 military
1844 1619 105 75 enfign
1962 1619 40 75 of
2012 1619 56 75 the
2080 1619 84 75 fame
2181 1619 105 75 name.

1299 1666 61 75 See
1377 1666 92 75 Plate
1486 1666 63 75 LI.
1574 1666 56 75 fig.
1653 1666 53 75 10.

1250 1715 246 75 BATTERY,
1529 1715 33 75 in
1594 1715 56 75 the
1682 1715 142 75 military
1854 1715 64 75 art,
1954 1715 19 75 a
1999 1715 132 75 parapet
2158 1715 128 75 thrown

1298 1759 41 75 up
1357 1759 36 75 to
1409 1759 96 75 cover
1521 1759 55 75 the
1593 1759 151 75 gunners,
1769 1759 63 75 and
1846 1759 73 75 men
1936 1759 169 75 employed
2121 1759 98 75 about
2231 1759 56 75 the

1297 1806 93 75 guns,
1416 1806 85 75 from
1517 1806 55 75 the
1593 1806 140 75 enemy’s
1750 1806 80 75 Ihot.
1880 1806 86 75 This
1978 1806 130 75 parapet
2123 1806 27 75 is
2167 1806 55 75 cut
2237 1806 49 75 in-

1297 1852 35 75 to
1349 1852 220 75 embraffures,
1598 1852 52 75 for
1666 1852 55 75 the
1739 1852 121 75 cannon
1878 1852 35 75 to
1930 1852 56 75 fire
2004 1852 155 75 through.
2206 1852 80 75 The

1296 1900 113 75 height
1426 1900 40 75 of
1477 1900 56 75 the
1545 1900 219 75 embraflures,
1782 1900 41 75 on
1840 1900 56 75 the
1912 1900 110 75 infide,
2039 1900 27 75 is
2084 1900 98 75 about
2194 1900 91 75 three

1296 1944 83 75 feet;
1405 1944 59 75 but
1476 1944 78 75 they
1569 1944 42 75 go
1630 1944 121 75 Hoping
1766 1944 101 75 lower
1883 1944 35 75 to
1930 1944 55 75 the
1998 1944 132 75 outfide.
2178 1944 108 75 Their

1295 1993 153 75 widenefs
1465 1993 26 75 is
1509 1993 65 75 two
1591 1993 37 75 or
1644 1993 91 75 three
1751 1993 79 75 feet,
1855 1993 59 75 but
1930 1993 81 75 open
2028 1993 36 75 to
2080 1993 44 75 fix
2139 1993 37 75 or
2191 1993 94 75 feven

1297 2038 41 75 on
1354 2038 56 75 the
1426 2038 136 75 outfide.
1609 2038 78 75 The
1714 2038 81 75 mafs
1811 2038 40 75 of
1875 2038 92 75 earth
1995 2038 70 75 that
2092 2038 26 75 is
2146 2038 140 75 betwixt

1296 2086 66 75 two
1378 2086 219 75 embraflures,
1622 2086 27 75 is
1666 2086 103 75 called
1781 2086 55 75 the
1853 2086 134 75 merlon.
2034 2086 78 75 The
2132 2086 153 75 platform

1297 2133 39 75 of
1348 2133 19 75 a
1381 2133 128 75 battery
1526 2133 27 75 is
1575 2133 19 75 a
1610 2133 82 75 floor
1715 2133 40 75 of
1774 2133 112 75 planks
1904 2133 60 75 and
1982 2133 145 75 fleepers,
2152 2133 36 75 to
2205 2133 82 75 keep

1296 2179 55 75 the
1367 2179 119 75 wheels
1504 2179 40 75 of
1562 2179 56 75 the
1634 2179 80 75 guns
1742 2179 84 75 from
1851 2179 121 75 finking
1993 2179 69 75 into
2089 2179 56 75 the
2168 2179 114 75 earth;

1296 2226 62 75 and
1385 2226 26 75 is
1435 2226 118 75 always
1570 2226 92 75 made
1689 2226 121 75 Hoping
1826 2226 141 75 towards
1985 2226 55 75 the
2064 2226 219 75 embraflures,

1296 2273 79 75 both
1392 2273 35 75 to
1443 2273 115 75 hinder
1574 2273 55 75 the
1646 2273 135 75 reverfe,
1806 2273 64 75 and
1886 2273 34 75 to
1936 2273 157 75 facilitate
2110 2273 54 75 the
2177 2273 107 75 bring-

1297 2320 54 75 ing
1366 2320 83 75 back
1466 2320 40 75 of
1516 2320 56 75 the
1588 2320 76 75 gun.

1250 2369 192 75 Battery
1467 2369 43 75 of
1522 2369 140 75 mortars
1691 2369 111 75 differs
1819 2369 84 75 from
1928 2369 19 75 a
1973 2369 130 75 battery
2126 2369 41 75 of
2188 2369 94 75 guns,

1296 2414 53 75 for
1379 2414 26 75 it
1426 2414 27 75 is
1477 2414 78 75 funk
1576 2414 69 75 into
1669 2414 56 75 the
1747 2414 137 75 ground,
1914 2414 62 75 and
1999 2414 57 75 has
2082 2414 41 75 no
2145 2414 138 75 embraf-

1296 2462 99 75 fures.

1248 2509 335 75 CV-'j/t-Batteries
1601 2509 53 75 are
1670 2509 67 75 two
1748 2509 167 75 batteries,
1940 2509 105 75 which
2057 2509 75 75 play
2143 2509 141 75 athwart

1296 2555 60 75 one
1372 2555 146 75 another,
1544 2555 84 75 upon
1646 2555 56 75 the
1726 2555 84 75 fame
1834 2555 105 75 thing,
1963 2555 140 75 forming
2124 2555 91 75 there
2243 2555 41 75 an

1295 2601 103 75 angle,
1417 2601 63 75 and
1491 2601 128 75 beating
1636 2601 77 75 with
1731 2601 89 75 more
1836 2601 144 75 violence
1997 2601 61 75 and
2071 2601 211 75 deftruflion;

1294 2648 131 75 becaufe
1441 2648 88 75 what
1546 2648 61 75 one
1623 2648 101 75 bullet
1741 2648 122 75 lhakes,
1887 2648 55 75 the
1959 2648 93 75 other
2067 2648 89 75 beats
2173 2648 109 75 down.

1248 2695 191 75 Battery
1448 2695 86 75 funk
1551 2695 38 75 or
1605 2695 127 75 buried,
1757 2695 27 75 is
1801 2695 93 75 when
1911 2695 41 75 its
1970 2695 153 75 platform
2138 2695 27 75 is
2188 2695 93 75 funk,

1294 2741 37 75 or
1357 2741 46 75 let
1428 2741 95 75 down
1547 2741 70 75 into
1640 2741 56 75 the
1724 2741 138 75 ground,
1886 2741 34 75 fo
1942 2741 72 75 that
2038 2741 91 75 there
2145 2741 80 75 mult
2242 2741 40 75 be

1294 2789 147 75 trenches
1459 2789 54 75 cut
1529 2789 31 75 in
1579 2789 54 75 the
1649 2789 105 75 earth,
1780 2789 117 75 againft
1924 2789 55 75 the
1995 2789 144 75 muzzles
2164 2789 41 75 of
2225 2789 57 75 the

1294 2836 92 75 guns,
1411 2836 53 75 for
1483 2836 88 75 them
1594 2836 35 75 to
1652 2836 57 75 fire
1737 2836 58 75 out
1822 2836 45 75 at,
1895 2836 63 75 and
1974 2836 36 75 to
2037 2836 87 75 ferve
2147 2836 51 75 for
2215 2836 66 75 em-

1293 2883 168 75 braflures.
1492 2883 9 75 .

1246 2930 192 75 Battery
1458 2930 193 75 d'enfilade,
1676 2930 27 75 is
1721 2930 60 75 one
1797 2930 71 75 that
1890 2930 120 75 fcours,
2036 2930 37 75 or
2089 2930 119 75 fweeps
2226 2930 56 75 the

1294 2976 105 75 whole
1414 2976 111 75 length
1542 2976 41 75 of
1594 2976 18 75 a
1628 2976 132 75 ftraight
1776 2976 76 75 line.

1246 3027 189 75 Battery
1456 3027 39 75 en
1512 3027 134 75 echarpe
1661 3027 27 75 is
1706 3027 72 75 that
1793 3027 105 75 which
1913 3027 91 75 plays
2021 3027 178 75 obqliuely.

2176 3071 102 75 Bat-
