2477 3395
562 175 233 75 BOX

1123 175 101 75 (6

217 247 80 75 foot,
323 247 36 75 to
385 247 31 75 as
442 247 95 75 mat!)'
563 247 87 75 parts
676 247 40 75 of
735 247 54 75 the
813 247 77 75 fail;
916 247 77 75 only
1016 247 56 75 the
1096 247 105 75 mizen

217 294 47 75 bo'
264 294 104 75 .v-line
380 294 26 75 is
420 294 136 75 fattened
570 294 34 75 to
618 294 53 75 the
684 294 99 75 lower
794 294 61 75 end
867 294 39 75 of
918 294 56 75 the
986 294 92 75 yard.
1114 294 85 75 This

215 341 77 75 rope
320 341 130 75 belongs
477 341 35 75 to
536 341 42 75 all
605 341 84 75 fails,
726 341 117 75 except
873 341 57 75 the
958 341 147 75 fprit-fail
1136 341 63 75 and

217 386 75 75 fprit
309 386 139 75 top-fail.
496 386 76 75 The
589 386 51 75 ufe
656 386 40 75 of
707 386 55 75 the
778 386 152 75 bow-line
943 386 27 75 is
987 386 35 75 to
1035 386 91 75 make
1143 386 56 75 the

215 432 71 75 fails
304 432 86 75 Hand
406 432 90 75 fharp
512 432 37 75 or
560 432 96 75 dole,
682 432 36 75 or
736 432 50 75 by,
796 432 19 75 a
830 432 98 75 wind.

264 478 102 75 Sharp
389 478 55 75 the
472 478 165 75 bow-line,
662 478 25 75 is
715 478 71 75 hale
813 478 26 75 it
861 478 128 75 taught,
1017 478 38 75 or
1080 478 67 75 pull
1172 478 26 75 it

215 524 93 75 hard.
359 524 82 75 Hale
457 524 42 75 up
516 524 54 75 the
592 524 165 75 bow-line,
781 524 71 75 that
874 524 40 75 is,
940 524 66 75 pull
1030 524 27 75 it
1080 524 118 75 harder

213 571 141 75 forward
370 571 54 75 on.
474 571 114 75 Check
604 571 37 75 or
656 571 81 75 eafe,
762 571 37 75 or
815 571 59 75 run
895 571 41 75 up
953 571 55 75 the
1030 571 165 75 bow-line,

213 616 70 75 that
299 616 39 75 is,
364 616 45 75 let
421 616 25 75 it
462 616 40 75 be
519 616 88 75 more
623 616 93 75 flack.

168 662 336 75 BowLiNG-Ar/V/ifj-,
530 662 53 75 are
606 662 53 75 the
677 662 91 75 ropes
784 662 44 75 by
844 662 104 75 which
966 662 54 75 the
1043 662 74 75 bow
1133 662 64 75 line

213 707 26 75 is
258 707 139 75 fattened
413 707 35 75 to
464 707 55 75 the
536 707 89 75 leech
641 707 40 75 of
700 707 56 75 the
771 707 66 75 fail.

167 754 185 75 Bowling
359 754 8 75 '
367 754 79 75 knot
452 754 8 75 ^
485 754 18 75 a
528 754 79 75 knot
624 754 69 75 that
718 754 64 75 will
795 754 54 75 not
866 754 68 75 flip,
952 754 45 75 by
1019 754 106 75 which
1143 754 55 75 the

213 801 152 75 bow-line
377 801 103 75 bridle
496 801 26 75 is
539 801 139 75 fattened
694 801 34 75 to
740 801 55 75 the
807 801 149 75 cringles.

166 847 310 75 BowLiNG-^raw,
502 847 18 75 a
535 847 77 75 kind
628 847 40 75 of
686 847 155 75 parterre,
866 847 63 75 laid
942 847 78 75 with
1038 847 61 75 fine
1115 847 80 75 turf,
1216 847 8 75 -

213 892 145 75 defigned
375 892 51 75 for
442 892 55 75 the
513 892 139 75 exercife
669 892 40 75 of
720 892 153 75 bowling.
914 892 62 75 See
993 892 203 75 Bowling.

168 940 197 75 BOW-/z<r/,
390 940 115 75 among
521 940 184 75 fportfmen.
757 940 61 75 See
834 940 101 75 Net.

165 985 184 75 Bow-/Wi,
375 985 114 75 among
501 985 165 75 artificers.
717 985 61 75 See
797 985 93 75 Saw.

166 1032 183 75 BOWSE,
375 1032 31 75 in
432 1032 55 75 the
508 1032 234 75 fea-language,
767 1032 132 75 fignifies
923 1032 34 75 as
982 1032 95 75 much
1103 1032 34 75 as
1162 1032 35 75 to

211 1077 72 75 hale
310 1077 38 75 or
371 1077 81 75 pull.
500 1077 96 75 Thus
620 1077 139 75 bowling
783 1077 85 75 upon
893 1077 18 75 a
934 1077 86 75 tack,
1044 1077 26 75 is
1087 1077 110 75 haling

214 1123 82 75 upon
313 1123 20 75 a
347 1123 87 75 tack.
483 1123 114 75 Bowfe
613 1123 104 75 away,
742 1123 69 75 that
828 1123 39 75 is,
892 1123 67 75 pull
982 1123 90 75 away
1088 1123 42 75 all
1147 1123 49 75 to-

215 1168 121 75 gether.

167 1215 87 75 Bow
271 1215 124 75 sprit,
421 1215 37 75 or
482 1215 259 75 Bolt-sprit,
766 1215 20 75 a
808 1215 79 75 kind
910 1215 40 75 of
966 1215 90 75 matt,
1081 1215 116 75 retting

215 1261 155 75 flopewife
393 1261 40 75 on
458 1261 56 75 the
539 1261 82 75 head
645 1261 40 75 of
704 1261 54 75 the
776 1261 89 75 main
882 1261 93 75 ftern,
1001 1261 62 75 and
1079 1261 117 75 having

213 1307 41 75 its
272 1307 98 75 lower
386 1307 62 75 end
465 1307 138 75 fattened
620 1307 34 75 to
671 1307 54 75 the
741 1307 143 75 partners
901 1307 40 75 of
953 1307 53 75 the
1019 1307 175 75 fore-matt,

214 1353 60 75 and
292 1353 121 75 farther
429 1353 170 75 fupported
615 1353 43 75 by
674 1353 56 75 the
746 1353 162 75 fore-ftay.
959 1353 32 75 It
1007 1353 118 75 carries
1141 1353 56 75 the

215 1401 158 75 fprit-fail,
398 1401 77 75 fprit
493 1401 140 75 top-fail,
659 1401 62 75 and
744 1401 165 75 jak-ftaff;
937 1401 60 75 and
1021 1401 41 75 its
1085 1401 111 75 length

216 1445 25 75 is
257 1445 120 75 ufually
394 1445 54 75 the
460 1445 83 75 fame
559 1445 76 75 with
654 1445 69 75 that
739 1445 40 75 of
796 1445 56 75 the
870 1445 174 75 fore-matt.

169 1491 408 75 Bow-sprit-ladder.
627 1491 61 75 See
706 1491 175 75 Ladder.

170 1538 247 75 BOWYERS,
455 1538 154 75 artificers
634 1538 107 75 whofe
764 1538 213 75 employment
1000 1538 37 75 or
1062 1538 133 75 occupa-

215 1584 66 75 tion
294 1584 25 75 it
330 1584 26 75 is
373 1584 35 75 to
424 1584 92 75 make
532 1584 101 75 bows.
680 1584 113 75 There
808 1584 26 75 is
852 1584 18 75 a
886 1584 155 75 company
1058 1584 38 75 of
1109 1584 86 75 bow-

215 1631 72 75 yers
303 1631 31 75 in
347 1631 56 75 the
419 1631 66 75 city
502 1631 39 75 of
553 1631 151 75 London,
729 1631 64 75 firft
805 1631 223 75 incorporated
1041 1631 30 75 in
1094 1631 100 75 1623.

168 1677 110 75 BOX,
304 1677 32 75 in
353 1677 39 75 its
408 1677 80 75 moft
511 1677 145 75 common
682 1677 211 75 acceptation,
918 1677 131 75 denotes
1066 1677 19 75 a
1106 1677 90 75 fmall

216 1723 84 75 cheft
317 1723 37 75 or
371 1723 99 75 coffer
487 1723 49 75 for
553 1723 131 75 holding
700 1723 120 75 things.

263 1769 204 75 Fire-boxes,
491 1769 36 75 or
552 1769 234 75 tinder-boxes,
811 1769 74 75 pay,
910 1769 41 75 on
973 1769 221 75 importation,

214 1814 20 75 a
256 1814 81 75 duty
353 1814 40 75 of
413 1814 17 75 3
441 1814 29 75 s.
492 1814 41 75 io
533 1846 25 49 T
558 1814 81 75 *^d.
658 1814 55 75 the
735 1814 108 75 grofs;
871 1814 144 75 whereof
1038 1814 16 75 3
1066 1814 28 75 s.
1112 1814 81 75 4|d.

215 1860 25 75 is
258 1860 108 75 repaid
382 1860 40 75 on
439 1860 217 75 exportation.
705 1860 151 75 Wooden
877 1860 232 75 money-boxes
1134 1860 61 75 pay

218 1909 55 75 3$.
294 1909 127 75 y-rlod-
443 1891 13 49 t
456 1909 12 75 l
468 1891 30 49 ie
519 1909 109 75 grofs;
657 1909 145 75 whereof
824 1909 55 75 3s.
900 1909 125 75 2-rVed.
1044 1909 25 75 is
1088 1909 107 75 repaid

214 1952 40 75 on
282 1952 214 75 exportation.
552 1952 195 75 Nett-boxes
775 1952 61 75 pay
868 1952 35 75 11
923 1952 27 75 s.
981 1952 128 75 bT^d.
1138 1952 56 75 the

213 2000 108 75 grofs;
350 2000 144 75 whereof
519 2000 77 75 10s.
627 2000 75 75 i{d.
729 2000 26 75 is
784 2000 119 75 repaid.
952 2000 240 75 Pepper-boxes

213 2046 61 75 pay
303 2046 20 75 4
338 2046 28 75 s.
402 2046 44 75 3-t
446 2028 10 49 9
456 2046 73 75 oV1'
541 2046 5 75 *
594 2046 146 75 whereof
769 2046 17 75 3
808 2046 27 75 s.
866 2046 127 75 9-iT^d.
1020 2046 26 75 is
1071 2046 121 75 repaid.

214 2092 123 75 French
354 2092 113 75 boxes,
486 2092 50 75 for
551 2092 246 75 marmalade-or
808 2092 95 75 jelly,
921 2092 61 75 pay
993 2092 77 75 each
1087 2092 106 75 dozen

218 2137 15 75 3
244 2137 28 75 s.

418 2137 9 75 5
453 2137 148 75 whereof
622 2137 55 75 is.
704 2137 127 75 9iVtyd.
856 2137 27 75 is
909 2137 120 75 repaid.
1090 2137 100 75 Sand-

215 2183 99 75 boxes
331 2183 61 75 pay
410 2183 58 75 3s.
490 2183 147 75 lo-r^d.
655 2183 55 75 the
732 2183 109 75 grofs;
869 2183 147 75 whereof
1037 2183 55 75 3s.
1111 2183 80 75 44-d.

214 2229 25 75 is
252 2229 119 75 repaid.
420 2229 225 75 Snuff-boxes,
669 2229 31 75 if
719 2229 40 75 of
776 2229 107 75 wood,
908 2229 61 75 pay
987 2229 17 75 2
1015 2229 28 75 s.
1060 2229 33 75 4-
1093 2261 17 49 r

1110 2211 5 49 7

1115 2261 63 49 s^d
1178 2229 13 75 .

213 2275 55 75 the
278 2275 104 75 dozen
394 2275 10 75 ;
430 2275 146 75 whereof
588 2275 18 75 2
617 2275 27 75 s.
667 2275 123 75 i-j^y^d.
810 2275 26 75 is
850 2275 106 75 repaid
968 2275 8 75 :
1005 2275 30 75 if
1046 2275 40 75 of
1097 2275 93 75 horn,

215 2322 76 75 they
307 2322 61 75 pay
391 2322 58 75 4s.
476 2322 128 75 9-rlrod-
629 2322 56 75 the
707 2322 125 75 dozen;
861 2322 58 75 4s.
948 2322 16 75 3
964 2354 24 49 T
988 2322 30 75 V
1018 2354 19 49 5
1037 2322 35 75 d.
1099 2322 95 75 being

214 2368 107 75 drawn
347 2368 103 75 back:
481 2368 30 75 if
531 2368 39 75 of
587 2368 91 75 ivory
702 2368 39 75 or
765 2368 233 75 tortoife-.fhell,
1031 2368 77 75 they
1130 2368 63 75 pay

216 2414 56 75 9s.
291 2414 129 75 b.^d.
444 2414 54 75 the
519 2414 126 75 dozen;
678 2414 146 75 whereof
844 2414 57 75 8s.
929 2414 77 75 74<1.
1031 2414 26 75 is
1081 2414 109 75 drawn

214 2460 91 75 back.
356 2460 202 75 Soap-boxes
581 2460 61 75 pay
667 2460 18 75 7
697 2460 27 75 s.
751 2460 56 75 8-/
807 2492 10 49 a
817 2460 62 75 %d.
905 2460 55 75 the
984 2460 107 75 fhock,
1116 2460 73 75 con-

213 2509 120 75 taining
349 2509 84 75 fixty
445 2509 113 75 boxes.
607 2509 213 75 Spice-boxes
836 2509 62 75 pay
920 2509 52 75 is.
996 2509 11 75 i
1007 2541 28 49 T

1035 2491 68 49 s^d
1103 2509 15 75 .
1137 2509 55 75 the

214 2553 116 75 dozen.
377 2553 285 75 Tobacco-boxes,
692 2553 62 75 pay
781 2553 15 75 5
809 2553 28 75 s.
861 2553 22 75 9
883 2585 87 49 7^d
970 2553 17 75 .
1012 2553 55 75 the
1090 2553 99 75 grofs.

213 2600 248 75 Touch-boxes,
486 2600 135 75 covered
637 2600 78 75 with
730 2600 134 75 leather,
889 2600 62 75 pay
968 2600 77 75 only
1062 2600 128 75 b-s^d.

213 2645 54 75 the
283 2645 103 75 dozen
399 2645 9 75 ;
427 2645 57 75 but
496 2645 29 75 if
537 2645 54 75 the
606 2645 122 75 leather
740 2645 39 75 be
791 2645 54 75 the
862 2645 78 75 mott
951 2645 144 75 valuable
1108 2645 82 75 part,

212 2693 78 75 they
305 2693 61 75 pay
383 2693 56 75 bs.
462 2693 13 75 1
486 2693 11 75 i
497 2725 28 49 T
525 2693 28 75 y
553 2725 20 49 T
573 2693 35 75 d.
626 2693 50 75 for
688 2693 95 75 every
797 2693 44 75 20
850 2693 26 75 s.
889 2693 93 75 value
994 2693 83 75 upon
1089 2693 76 75 oath
1178 2693 9 75 :

212 2738 31 75 if
261 2738 136 75 covered
413 2738 75 75 with
507 2738 115 75 velvet,
648 2738 77 75 they
740 2738 62 75 pay
819 2738 18 75 2
848 2738 27 75 s.
898 2738 148 75 10-s^d.
1064 2738 56 75 the
1132 2738 58 75 do-

213 2785 58 75 zen
284 2785 8 75 :
320 2785 61 75 and
398 2785 30 75 if
439 2785 39 75 of
489 2785 82 75 iron,
595 2785 37 75 or
649 2785 92 75 other
759 2785 93 75 metal
866 2785 70 75 gilt,
960 2785 75 75 they
1051 2785 62 75 pay
1132 2785 16 75 3
1161 2785 28 75 s.

216 2835 148 75 10-r^d.
381 2835 54 75 the
450 2835 104 75 dozen
566 2835 8 75 :
601 2835 32 75 in
650 2835 43 75 all
710 2835 106 75 which
829 2835 98 75 cafes,
952 2835 18 75 a
986 2835 204 75 proportion-

212 2878 69 75 able
297 2878 187 75 draw-back
500 2878 26 75 is
539 2878 148 75 allowed.

164 2925 82 75 Box
262 2925 27 75 is
306 2925 64 75 alfo
394 2925 75 75 ufed
484 2925 51 75 for
557 2925 37 75 an
618 2925 162 75 uncertain
803 2925 147 75 quantity
972 2925 37 75 or
1025 2925 160 75 meafure:

212 2971 70 75 thus
300 2971 18 75 a
343 2971 65 75 box
433 2971 40 75 of
491 2971 187 75 quickfilver
704 2971 141 75 contains
869 2971 85 75 from
978 2971 59 75 one
1060 2971 35 75 to
1121 2971 67 75 twq

211 3018 94 75 Vol.
331 3018 31 75 I.
411 3018 123 75 Numb.
555 3018 56 75 28.

1066 3018 18 75 3

1230 183 52 75 57
1340 183 19 75 )

1670 183 35 75 B
1764 183 37 75 R

1295 241 145 75 hundred
1459 241 139 75 weight;
1626 241 17 75 a
1660 241 66 75 box
1742 241 41 75 of
1794 241 169 75 prunellas,
1982 241 76 75 only
2080 241 38 75 14
2131 241 122 75 pounds
2266 241 11 75 5

1294 286 18 75 a
1328 286 67 75 box
1407 286 40 75 of
1464 286 86 75 rings
1568 286 51 75 for
1630 286 92 75 keys,
1747 286 66 75 two
1825 286 100 75 grofs,
1951 286 65 75 Cpt.

1247 333 81 75 Box
1340 333 43 75 cf
1390 333 20 75 a
1422 333 130 75 plough,
1577 333 56 75 the
1649 333 189 75 crofs-piece
1856 333 30 75 in
1902 333 55 75 the
1969 333 80 75 head
2062 333 41 75 of
2112 333 19 75 a
2142 333 132 75 plough,

1294 380 105 75 which
1416 380 145 75 fupports
1579 380 55 75 the
1645 380 66 75 two
1727 380 214 75 crow-ttaves.
1993 380 60 75 See
2069 380 177 75 Plough.

1245 426 100 75 Box,
1371 426 37 75 or
1432 426 84 75 Box
1537 426 113 75 tree,
1675 426 32 75 in
1732 426 131 75 botany,
1892 426 54 75 the
1972 426 131 75 Englifh
2126 426 92 75 name
2241 426 40 75 of

1293 472 54 75 the
1363 472 119 75 buxus.
1532 472 62 75 See
1610 472 151 75 Buxus.

1244 519 245 75 BOXBERG,
1516 519 17 75 a
1550 519 86 75 town
1647 519 40 75 of
1706 519 167 75 Germany
1889 519 32 75 in
1937 519 189 75 Franconia,
2142 519 132 75 belong-

1291 563 55 75 ing
1362 563 36 75 to
1414 563 55 75 the
1486 563 117 75 debtor
1619 563 148 75 palatine.

1244 611 212 75 BOXTEL,
1482 611 18 75 a
1517 611 86 75 town
1620 611 40 75 of
1679 611 114 75 Dutch
1817 611 155 75 Brabant,
1997 611 134 75 fituated
2154 611 40 75 on
2219 611 56 75 the

1291 656 83 75 river
1400 656 161 75 Bommel,
1586 656 97 75 about
1707 656 88 75 eight
1819 656 90 75 miles
1926 656 92 75 louth
2035 656 39 75 of
2093 656 179 75 Boifleduc,

1292 702 30 75 in
1344 702 15 75 5
1359 684 21 49 0
1403 702 51 75 ib'
1471 702 43 75 E.
1528 702 88 75 long,
1643 702 59 75 and
1718 702 16 75 5
1747 702 7 75 1
1754 684 26 49 0
1797 702 54 75 3c/
1867 702 47 75 N.
1933 702 58 75 lat.

1244 750 288 75 BOXTHUDE,
1563 750 18 75 a
1609 750 86 75 town
1723 750 41 75 of
1787 750 55 75 the
1868 750 108 75 duchy
2003 750 39 75 of
2060 750 150 75 Bremen,
2242 750 32 75 in

1291 794 177 75 Germany,
1494 794 97 75 about
1606 794 110 75 fifteen
1733 794 91 75 miles
1843 794 73 75 welt
1933 794 40 75 of
1986 794 204 75 Hamburgh,
2213 794 63 75 and

1291 841 121 75 fubjedt
1436 841 36 75 to
1496 841 56 75 the
1568 841 118 75 debtor
1709 841 40 75 of
1767 841 176 75 Hanover;
1969 841 43 75 E.
2029 841 90 75 long.
2141 841 20 75 9
2161 823 23 49 0
2208 841 65 75 ib\

1293 887 60 75 and
1371 887 46 75 N.
1435 887 58 75 lat.
1515 887 39 75 53
1554 869 25 49 0
1601 887 54 75 50'
1655 887 11 75 .

1244 934 177 75 BOYAR,
1446 934 19 75 a
1476 934 82 75 term
1575 934 72 75 ufed
1661 934 52 75 for
1724 934 18 75 a
1758 934 138 75 grandee
1912 934 40 75 of
1963 934 106 75 Ruffia
2084 934 64 75 and
2163 934 110 75 Tran-

1291 980 150 75 fylvania.

1339 1027 137 75 Becman
1492 1027 83 75 fays,
1600 1027 71 75 that
1687 1027 56 75 the
1759 1027 115 75 boyars
1898 1027 53 75 are
1975 1027 56 75 the
2055 1027 100 75 upper
2177 1027 93 75 nobi-

1291 1071 59 75 lity
1362 1071 10 75 ;
1399 1071 63 75 and
1478 1071 91 75 adds,
1595 1071 71 75 that
1683 1071 55 75 the
1755 1071 89 75 Czar
1860 1071 40 75 of
1919 1071 169 75 Mufcovy,
2114 1071 32 75 in
2157 1071 50 75 his
2223 1071 50 75 di-

1292 1119 132 75 plomas,
1450 1119 105 75 names
1574 1119 53 75 the
1645 1119 117 75 boyars,
1777 1119 110 75 before
1899 1119 56 75 the
1971 1119 190 75 waywodes.
2212 1119 62 75 See

1292 1166 226 75 Waywode.

1245 1212 176 75 BOYAU,
1447 1212 31 75 in
1495 1212 219 75 fortification,
1740 1212 19 75 a
1773 1212 88 75 ditch
1880 1212 135 75 covered
2037 1212 78 75 with
2141 1212 17 75 a
2181 1212 91 75 para-

1291 1257 62 75 pet,
1382 1257 104 75 which
1515 1257 102 75 ferves
1642 1257 33 75 as
1700 1257 19 75 a
1745 1257 265 75 communication
2036 1257 142 75 between
2206 1257 65 75 two

1291 1305 156 75 trenches.
1498 1305 32 75 It
1545 1305 75 75 runs
1637 1305 130 75 parallel
1791 1305 36 75 to
1844 1305 54 75 the
1920 1305 107 75 works
2050 1305 38 75 of
2107 1305 54 75 the
2185 1305 87 75 body

1292 1351 39 75 of
1349 1351 55 75 the
1426 1351 101 75 place,
1553 1351 63 75 and
1639 1351 18 75 i'
1657 1351 83 75 erves
1766 1351 33 75 as
1825 1351 18 75 a
1860 1351 62 75 line
1939 1351 40 75 of
1997 1351 274 75 ccntravallation,

1293 1396 53 75 not
1358 1396 75 75 only
1451 1396 35 75 to
1502 1396 111 75 hinder
1631 1396 55 75 the
1688 1396 116 75 Tallies
1825 1396 39 75 of
1882 1396 54 75 the
1953 1396 155 75 befieged,
2134 1396 56 75 but
2207 1396 65 75 alfo

1292 1443 33 75 to
1342 1443 105 75 fecure
1465 1443 54 75 the
1536 1443 128 75 miners.
1715 1443 66 75 But
1798 1443 91 75 when
1907 1443 25 75 it
1949 1443 27 75 is
1993 1443 17 75 a
2031 1443 171 75 particular
2218 1443 54 75 cut

1292 1489 67 75 that
1388 1489 74 75 runs
1489 1489 85 75 from
1604 1489 53 75 the
1686 1489 146 75 trenches
1857 1489 36 75 to
1917 1489 95 75 cover
2036 1489 85 75 fome
2146 1489 68 75 fpot
2236 1489 42 75 of

1291 1537 136 75 ground,
1445 1537 25 75 it
1487 1537 26 75 is
1529 1537 108 75 drawn
1655 1537 32 75 fo
1704 1537 32 75 as
1755 1537 55 75 not
1822 1537 34 75 to
1873 1537 38 75 be
1929 1537 168 75 enfiladed,
2115 1537 37 75 or
2164 1537 106 75 fcour-

1291 1582 38 75 ed
1342 1582 42 75 by
1400 1582 56 75 the
1472 1582 68 75 (hot
1557 1582 83 75 from
1654 1582 54 75 the
1725 1582 99 75 town.

1244 1628 173 75 BOYER,
1443 1628 18 75 a
1477 1628 87 75 fmall
1584 1628 89 75 vefiel
1690 1628 39 75 of
1750 1628 132 75 burden,
1909 1628 188 75 refembling
2115 1628 17 75 a
2149 1628 117 75 fmack,

1290 1675 77 75 with
1384 1675 76 75 only
1476 1675 60 75 one
1554 1675 75 75 matt
1641 1675 61 75 and
1720 1675 18 75 a
1754 1675 176 75 bolt-fprit.

1243 1722 165 75 BOYES,
1434 1722 174 75 idolatrous
1634 1722 109 75 puefts
1767 1722 114 75 among
1908 1722 55 75 the
1986 1722 127 75 favages
2133 1722 42 75 of
2194 1722 76 75 Flo-

1292 1766 80 75 rida.

1335 1813 109 75 Every
1460 1813 93 75 priett
1569 1813 126 75 attends
1719 1813 18 75 a
1752 1813 171 75 particular
1946 1813 79 75 idol,
2051 1813 62 75 and
2133 1813 55 75 the
2214 1813 55 75 na-

1291 1860 78 75 tives
1387 1860 126 75 addrefs
1537 1860 186 75 tbemfelves
1748 1860 34 75 to
1805 1860 54 75 the
1883 1860 93 75 prieft
1992 1860 41 75 of
2050 1860 71 75 that
2143 1860 66 75 idol
2237 1860 34 75 to

1290 1906 104 75 which
1412 1906 77 75 they
1506 1906 110 75 intend
1632 1906 35 75 to
1683 1906 62 75 pay
1757 1906 83 75 their
1856 1906 163 75 devotion.

1334 1953 75 75 The
1420 1953 66 75 idol
1503 1953 26 75 is
1542 1953 135 75 invoked
1694 1953 32 75 in
1743 1953 126 75 hymns,
1888 1953 62 75 and
1964 1953 51 75 his
2027 1953 87 75 ufual
2130 1953 138 75 offering

1289 1998 25 75 is
1328 1998 60 75 the'
1398 1998 107 75 fmoke
1521 1998 41 75 of
1581 1998 147 75 tobacco.

1242 2046 175 75 BOYNE,
1442 2046 19 75 a
1478 2046 82 75 river
1584 2046 40 75 of
1643 2046 139 75 Ireland,
1809 2046 117 75 which,
1953 2046 109 75 taking
2085 2046 40 75 its
2153 2046 59 75 rife
2236 2046 33 75 in

1288 2091 142 75 Queens
1457 2091 132 75 county,
1619 2091 33 75 in
1679 2091 55 75 the
1761 2091 149 75 province
1937 2091 39 75 of
2004 2091 156 75 Leintter,
2195 2091 74 75 runs

1288 2138 174 75 north-eaft
1480 2138 42 75 by
1536 2138 95 75 Trim
1649 2138 61 75 and
1727 2138 122 75 Cavan,
1867 2138 63 75 and
1946 2138 71 75 falls
2034 2138 69 75 into
2120 2138 53 75 the
2190 2138 78 75 Irifli

1289 2184 144 75 channel,
1459 2184 18 75 a
1491 2184 84 75 little
1587 2184 104 75 below
1704 2184 188 75 Drogheda.

1240 2231 208 75 BOZOLO,
1474 2231 18 75 a
1509 2231 85 75 town
1612 2231 39 75 of
1669 2231 55 75 the
1747 2231 107 75 duchy
1877 2231 41 75 of
1935 2231 150 75 Mantua,
2110 2231 97 75 about
2230 2231 38 75 12

1288 2276 89 75 miles
1400 2276 184 75 fouth-weft
1608 2276 40 75 of
1667 2276 70 75 that
1759 2276 86 75 city;
1871 2276 44 75 E.
1933 2276 87 75 Jong.
2045 2276 72 75 n,
2142 2276 62 75 and
2219 2276 49 75 N.

1288 2322 56 75 lat.
1364 2322 66 75 44
1451 2322 68 75 40'.

1241 2369 28 75 B
1287 2369 221 75 QUADRO,
1540 2369 241 75 Quadrato,
1814 2369 38 75 or
1883 2369 179 75 Durale,
2095 2369 30 75 in
2159 2369 107 75 mufic,

1286 2414 102 75 called
1399 2414 42 75 by
1454 2414 53 75 the
1520 2414 124 75 French
1656 2414 17 75 b
1686 2414 131 75 quarre,
1835 2414 83 75 from
1931 2414 40 75 its
1981 2414 98 75 figure
2142 2414 7 75 .
2182 2414 86 75 This

1289 2461 24 75 is
1331 2461 85 75 what
1433 2461 48 75 we
1497 2461 60 75 call
1576 2461 27 75 B
1620 2461 123 75 natural
1760 2461 37 75 or
1813 2461 102 75 flvarp,
1940 2461 32 75 in
1992 2461 176 75 dittinbtion
2185 2461 35 75 to
2232 2461 34 75 3

1288 2508 63 75 mol
1369 2508 37 75 or
1421 2508 66 75 fiat.
1541 2508 61 75 See
1614 2508 118 75 Flat,
1758 2508 62 75 and
1837 2508 140 75 Sharp.

1334 2554 36 75 If
1388 2554 55 75 the
1458 2554 55 75 flat
1538 2554 32 75 (9
1593 2554 38 75 be
1646 2554 112 75 placed
1782 2554 110 75 before
1915 2554 18 75 a
1958 2554 73 75 note
2055 2554 32 75 in
2114 2554 54 75 the
2193 2554 73 75 tho-

1288 2600 101 75 rough
1405 2600 81 75 bafs,
1511 2600 25 75 it
1553 2600 172 75 intimates,
1750 2600 70 75 that
1836 2600 41 75 its
1894 2600 87 75 third
1993 2600 26 75 is
2037 2600 34 75 to
2083 2600 39 75 be
2141 2600 100 75 minor
2253 2600 13 75 ;

1287 2647 62 75 and
1365 2647 28 75 if
1413 2647 112 75 placed
1541 2647 78 75 with
1643 2647 60 75 any
1722 2647 108 75 cipher
1845 2647 77 75 over
1940 2647 17 75 a
1974 2647 74 75 note
2064 2647 32 75 in
2113 2647 54 75 the
2185 2647 82 75 bafs,

1287 2693 33 75 as
1343 2693 75 75 ^36,
1443 2693 37 75 or

1693 2693 25 75 it
1735 2693 145 75 denotes,
1897 2693 70 75 that
1980 2693 54 75 the
2050 2693 72 75 fifth
2135 2693 38 75 or
2183 2693 86 75 fivth

1285 2742 125 75 thereto
1424 2742 54 75 are
1494 2742 35 75 to
1546 2742 38 75 be
1600 2742 67 75 flat.
1715 2742 68 75 But
1805 2742 30 75 if
1854 2742 200 75 the.quadro
2075 2742 31 75 Jij
2135 2742 38 75 be
2199 2742 68 75 pla-

1287 2786 58 75 ced
1362 2786 73 75 over
1449 2786 60 75 any
1525 2786 87 75 note,
1637 2786 37 75 or
1692 2786 76 75 with
1787 2786 19 75 a
1825 2786 119 75 cipher,
1970 2786 32 75 in
2029 2786 54 75 the
2109 2786 159 75 thorough

1286 2831 81 75 bafs,
1392 2831 25 75 it
1434 2831 56 75 has
1507 2831 56 75 the
1579 2831 151 75 contrary
1745 2831 115 75 efifedt;
1887 2831 51 75 for
1961 2831 133 75 thereby
2116 2831 55 75 the
2194 2831 75 75 note

1286 2881 35 75 or
1334 2881 133 75 interval
1484 2881 129 75 thereto
1629 2881 25 75 is
1673 2881 99 75 raifed
1789 2881 35 75 to
1840 2881 41 75 its
1899 2881 123 75 natural
2039 2881 105 75 order.

1239 2926 247 75 BRABANT,
1512 2926 17 75 a
1542 2926 86 75 large
1642 2926 149 75 province
1803 2926 39 75 of
1854 2926 54 75 the
1925 2926 229 75 Netherlands,
2179 2926 90 75 lying

1287 2973 152 75 eattward
1454 2973 40 75 of
1513 2973 153 75 Flanders
1684 2973 12 75 ;
1722 2973 55 75 the
1792 2973 124 75 greater
1930 2973 72 75 part
2017 2973 39 75 of
2074 2973 25 75 it
2111 2973 26 75 is
2154 2973 119 75 fubjedt

1686 3019 19 75 8
1730 3019 36 75 D

2236 3019 36 75 to
