2483 3387
658 199 41 75 A
776 199 36 75 R
890 199 18 75 I
987 199 39 75 T
1098 199 44 75 H
1219 199 50 75 M
1343 199 35 75 E
1453 199 38 75 T
1568 199 18 75 I
1666 199 35 75 C
1778 199 50 75 K.

2236 199 77 75 373

246 272 39 75 In
302 272 204 75 multiplying
521 272 45 75 by
586 272 54 75 12,
666 272 33 75 as
716 272 33 75 in
765 272 69 75 Ex.
853 272 33 75 8.
913 272 25 75 it
954 272 26 75 is
999 272 89 75 more
1111 272 65 75 Ex.
1195 272 35 75 8.

195 318 106 75 tifual,
326 318 63 75 and
416 318 132 75 equally
573 318 83 75 eafy,
683 318 35 75 to
739 318 138 75 proceed
901 318 43 75 by
965 318 123 75 faying,
1147 318 43 75 48

200 364 115 75 twelve
339 364 93 75 times
456 364 20 75 8
494 364 92 75 make
604 364 57 75 96,
688 364 73 75 and,
786 364 116 75 fetting
918 364 96 75 down
1030 364 56 75 the
1150 364 40 75 12

202 413 33 75 6,
261 413 65 75 fay,
352 413 116 75 twelve
490 413 93 75 times
601 413 21 75 4
647 413 27 75 is
702 413 57 75 48,
785 413 63 75 and
872 413 20 75 9
916 413 124 75 carried
1062 413 27 75 is

203 467 66 75 5.7J
295 467 105 75 which
411 467 47 75 fet
474 467 107 75 down,
607 467 63 75 and
686 467 55 75 the
754 467 133 75 product
902 467 27 75 is
945 467 79 75 576.
1122 467 68 75 576

249 502 32 75 5.
307 502 37 75 If
354 502 56 75 the
426 502 176 75 multiplier
617 502 109 75 confift
742 502 41 75 of
793 502 56 75 the
860 502 83 75 fame
955 502 100 75 figure
1066 502 164 75 repeated,

198 549 34 75 as
257 549 77 75 in,
362 549 81 75 222,
471 549 79 75 333,
579 549 80 75 777,
686 549 64 75 &c.
775 549 150 75 multiply
946 549 44 75 by
1007 549 56 75 the
1079 549 97 75 unit’s
1193 549 36 75 fi-

199 595 89 75 gure,
314 595 63 75 and
392 595 58 75 out
466 595 41 75 of
524 595 72 75 that
607 595 134 75 produdl
751 595 93 75 make
859 595 42 75 up
918 595 55 75 the
985 595 81 75 total
1083 595 145 75 produdt,

198 641 88 75 thus.
335 641 105 75 Begin
456 641 33 75 at
505 641 56 75 the
577 641 86 75 right
675 641 99 75 hand,
799 641 62 75 and
877 641 64 75 firil
954 641 73 75 take
1040 641 60 75 one
1117 641 113 75 figure,

195 688 78 75 then
286 688 56 75 the
354 688 68 75 fum
434 688 41 75 of
480 688 79 75 two,
572 688 76 75 then
661 688 56 75 the
727 688 69 75 fum
808 688 41 75 of
859 688 103 75 three,
982 688 65 75 <&c.
1065 688 165 75 repeating

196 734 55 75 the
268 734 164 75 operation
452 734 62 75 (till
529 734 86 75 from
632 734 55 75 the
703 734 87 75 right
805 734 99 75 hand,
930 734 33 75 as
981 734 90 75 often
1091 734 34 75 as
1138 734 91 75 there

195 780 55 75 are
266 780 116 75 figures
399 780 33 75 in
448 780 56 75 the
528 780 193 75 multiplier;
749 780 77 75 then
842 780 176 75 negle<5Hng
1041 780 56 75 the
1120 780 103 75 right-

195 825 86 75 hand
297 825 113 75 figure,
436 825 38 75 or
489 825 100 75 figure
605 825 31 75 in
652 825 57 75 the
724 825 65 75 firft
811 825 102 75 place,
939 825 74 75 take
1037 825 55 75 the
1107 825 69 75 fum
1188 825 46 75 of

195 872 34 75 as
245 872 95 75 many
355 872 117 75 figures
488 872 125 75 toward
625 872 54 75 the
695 872 61 75 left
771 872 86 75 hand
869 872 34 75 a!
916 872 55 75 the
983 872 176 75 multiplier
1169 872 59 75 has

194 919 106 75 places
312 919 11 75 ;
349 919 62 75 and
426 919 33 75 if
476 919 90 75 there
582 919 40 75 be
639 919 56 75 not
710 919 35 75 fo
761 919 107 75 many,
893 919 75 75 take
981 919 56 75 the
1051 919 69 75 fum
1132 919 42 75 of
1184 919 44 75 all

194 965 55 75 the
265 965 116 75 figures
398 965 90 75 there
506 965 73 75 are;
609 965 91 75 then,
724 965 178 75 neglecting
918 965 57 75 the
991 965 116 75 figures
1123 965 33 75 in
1172 965 57 75 the

194 1011 64 75 firft
267 1011 185 75 andfecond
462 1011 102 75 place,
580 1011 96 75 begin
688 1011 33 75 at
735 1011 56 75 the
805 1011 100 75 figure
913 1011 33 75 in
961 1011 55 75 the
1025 1011 89 75 third
1125 1011 102 75 place,

196 1056 138 75 proceed
344 1056 33 75 as
389 1056 133 75 before;
548 1056 64 75 and
623 1056 75 75 thus
710 1056 41 75 go
763 1056 43 75 on
818 1056 50 75 till
880 1056 57 75 the
947 1056 58 75 laft
1016 1056 39 75 or
1065 1056 165 75 left-hand

194 1102 101 75 figure
310 1102 27 75 is
354 1102 96 75 taken
465 1102 33 75 in
515 1102 112 75 alone;
655 1102 33 75 as
705 1102 33 75 in
750 1102 55 75 the
822 1102 166 75 following
1004 1102 176 75 examples.

218 1148 64 75 Ex.
306 1148 30 75 1.

617 1148 64 75 Ex.
700 1148 35 75 2.

945 1148 65 75 Ex.
1030 1148 33 75 3.

244 1198 89 75 7645

642 1198 90 75 4983

1019 1198 44 75 38

291 1244 40 75 33

663 1244 70 75 666

971 1244 92 75 4444

216 1332 114 75 22935
348 1332 51 75 pr.
412 1332 43 75 by
469 1332 33 75 3.
615 1332 114 75 29898
747 1332 150 75 pr.by6.
997 1332 62 75 xya
1077 1332 148 75 pr.by4.

195 1424 137 75 252285
351 1424 94 75 total.
569 1424 160 75 3318678
747 1424 94 75 total.
924 1424 134 75 168872
1077 1424 94 75 total.

241 1473 34 75 6.
299 1473 78 75 The
393 1473 164 75 operation
573 1473 75 75 may
663 1473 185 75 frequently
863 1473 41 75 be
926 1473 156 75 rendered
1103 1473 122 75 fhorter

193 1515 38 75 or
258 1515 107 75 eafier,
398 1515 103 75 either
528 1515 44 75 by
599 1515 156 75 addition,
785 1515 205 75 fubtraCtion,
1026 1515 39 75 or
1092 1515 19 75 a
1133 1515 90 75 more

192 1562 108 75 Ample
322 1562 266 75 multiplication;
615 1562 63 75 and
694 1562 55 75 the
766 1562 85 75 cafes
874 1562 41 75 of
932 1562 65 75 this
1019 1562 78 75 kind
1113 1562 53 75 are
1187 1562 36 75 fo

191 1608 171 75 numerous
379 1608 63 75 and
458 1608 139 75 various,
623 1608 71 75 that
710 1608 78 75 they
804 1608 101 75 admit
922 1608 41 75 of
980 1608 42 75 no
1038 1608 183 75 limitation.

192 1655 136 75 Confult
344 1655 56 75 the
416 1655 167 75 following
599 1655 162 75 examples
774 1655 63 75 and
853 1655 184 75 directions.

380 1702 63 75 Ex.
466 1702 31 75 1.

639 1702 64 75 Ex.
719 1702 33 75 2.

894 1702 67 75 Ex.
980 1702 33 75 3.

427 1753 67 75 438

686 1753 68 75 374

945 1753 69 75 746

448 1795 45 75 87

711 1795 44 75 56

969 1795 45 75 84

405 1888 91 75 3066

663 1888 92 75 2244

920 1888 94 75 2984

381 1933 92 75 3504

642 1933 90 75 1870

899 1933 89 75 5968

379 2026 115 75 38106

639 2026 115 75 20944

897 2026 116 75 62664

233 2070 114 75 Work
361 2070 57 75 the
432 2070 101 75 above
549 2070 163 75 examples
729 2070 33 75 as
778 2070 143 75 follows.

238 2115 69 75 Ex.
331 2115 29 75 1.
409 2115 157 75 Multiply
582 2115 43 75 by
644 2115 32 75 7,
701 2115 61 75 and
781 2115 63 75 add
859 2115 71 75 that
950 2115 133 75 produCt
1107 2115 35 75 to
1164 2115 56 75 the

188 2161 233 75 multiplicand,
447 2161 119 75 inftead
581 2161 41 75 of
641 2161 204 75 multiplying
862 2161 43 75 by
921 2161 34 75 8.

237 2207 68 75 Ex.
325 2207 33 75 2.
407 2207 159 75 Multiply
581 2207 43 75 by
642 2207 33 75 6,
702 2207 61 75 and
779 2207 57 75 out
852 2207 40 75 of
909 2207 72 75 that
996 2207 134 75 produCt
1146 2207 71 75 fub-

190 2253 79 75 traCt
284 2253 56 75 the
357 2253 231 75 multiplicand,
613 2253 121 75 inftead
750 2253 41 75 of
808 2253 203 75 multiplying
1027 2253 45 75 by
1090 2253 32 75 5.

236 2300 69 75 Ex.
325 2300 33 75 3.
406 2300 160 75 Multiply
576 2300 44 75 by
632 2300 33 75 4,
684 2300 64 75 and
759 2300 118 75 double
891 2300 69 75 that
972 2300 134 75 produCt
1117 2300 51 75 for
1181 2300 34 75 8.

282 2402 49 75 II.
372 2402 268 75 Multiplication
655 2402 46 75 of
715 2402 55 75 the
787 2402 96 75 parts
901 2402 43 75 of
960 2402 159 75 Integers.

233 2481 90 75 Here
340 2481 91 75 there
447 2481 53 75 are
512 2481 92 75 three
619 2481 98 75 cafes.

238 2527 30 75 1.
295 2527 38 75 If
351 2527 81 75 your
444 2527 173 75 multiplier
628 2527 26 75 is
667 2527 18 75 a
700 2527 97 75 Angle
813 2527 94 75 digit,
931 2527 47 75 fet
994 2527 26 75 it
1040 2527 102 75 under
1158 2527 55 75 the

187 2574 83 75 units
294 2574 99 75 figure
410 2574 40 75 of
468 2574 55 75 the
538 2574 109 75 loweft
663 2574 249 75 denomination,
938 2574 149 75 multiply
1102 2574 25 75 it
1144 2574 68 75 into

187 2619 41 75 all
246 2619 55 75 the
318 2619 87 75 parts
422 2619 40 75 of
473 2619 55 75 the
543 2619 231 75 multiplicand,
793 2619 170 75 beginning
975 2619 32 75 at
1023 2619 55 75 the
1090 2619 120 75 loweft,

186 2664 225 75 and^arrying
427 2664 118 75 always
562 2664 40 75 as-
612 2664 31 75 in
667 2664 156 75 addition,
848 2664 37 75 or
909 2664 172 75 according
1104 2664 36 75 to
1157 2664 55 75 the

185 2711 92 75 value
294 2711 39 75 of
352 2711 55 75 the
422 2711 80 75 next
517 2711 140 75 luperior
674 2711 102 75 place.

232 2756 150 75 Examp.
431 2756 105 75 What
559 2756 27 75 is
609 2756 55 75 the
687 2756 86 75 price
797 2756 40 75 of
858 2756 18 75 7
894 2756 96 75 packs
1007 2756 39 75 of
1065 2756 89 75 cloth
1179 2756 33 75 at

184 2805 45 75 L,.
248 2805 58 75 64,
325 2805 20 75 8
364 2805 27 75 s.
414 2805 107 75 ioid.
541 2805 63 75 per
618 2805 82 75 pack
712 2805 12 75 ?

210 2849 40 75 L.
286 2849 30 75 s.
366 2849 31 75 d.
517 2849 90 75 Here
631 2849 65 75 fay,
724 2849 20 75 7
762 2849 92 75 times
881 2849 19 75 2
927 2849 25 75 is
975 2849 53 75 14,
1054 2849 106 75 which
1183 2849 27 75 is
1231 2849 5 75 '

209 2897 46 75 64
291 2897 20 75 8
356 2897 67 75 ioi
473 2897 17 75 3
509 2897 98 75 pence
623 2897 61 75 and
703 2897 18 75 2
740 2897 157 75 farthings
920 2897 97 75 over;
1043 2897 47 75 fet
1114 2897 96 75 down

379 2942 18 75 7
415 2942 13 75 ‘
470 2942 55 75 the
543 2942 19 75 2
582 2942 169 75 farthings,
778 2942 62 75 and
851 2942 93 75 carry
962 2942 16 75 3
998 2942 34 75 to
1049 2942 54 75 the
1120 2942 89 75 place

417 2993 39 75 of
474 2993 109 75 pence,
608 2993 120 75 faying,
758 2993 17 75 7
793 2993 93 75 times
907 2993 40 75 10
970 2993 28 75 is
1017 2993 56 75 70,
1099 2993 63 75 and

185 3036 63 75 451
289 3036 20 75 2

466 3036 17 75 3
500 3036 5 75 ,
505 3018 74 49 that
601 3036 17 75 I
643 3036 124 75 carried
789 3036 107 75 makes
923 3036 57 75 73,
1004 3036 106 75 which
1135 3036 28 75 is
1187 3036 22 75 6

465 3083 139 75 fliillings
631 3083 63 75 and
724 3083 14 75 1
774 3083 131 75 penny:
946 3083 47 75 fet
1024 3083 96 75 down
1152 3083 57 75 the

229 3126 97 75 Vol.
351 3126 31 75 I.
430 3126 72 75 No.
532 3126 53 75 16.

1154 3126 17 75 a

1283 268 13 75 I
1317 268 117 75 penny,
1460 268 62 75 and
1538 268 92 75 carry
1648 268 21 75 6
1694 268 35 75 to
1754 268 56 75 the
1835 268 89 75 place
1949 268 39 75 of
2007 268 153 75 {hillings,
2188 268 123 75 faying’

1281 314 19 75 7
1318 314 91 75 times
1428 314 20 75 8
1462 314 26 75 is
1504 314 56 75 56,
1586 314 62 75 and
1666 314 21 75 6
1704 314 70 75 that
1791 314 16 75 I
1821 314 124 75 carried
1961 314 25 75 is
2000 314 58 75 62,
2083 314 107 75 which
2202 314 93 75 make
2295 296 18 49 3

1282 361 16 75 3
1318 361 121 75 pc-nds
1464 361 62 75 and
1545 361 18 75 2
1582 361 161 75 (hillings;
1770 361 46 75 fet
1841 361 95 75 down
1960 361 56 75 the
2034 361 18 75 2
2070 361 154 75 (hillings,
2250 361 63 75 and

1280 407 92 75 carry
1391 407 18 75 3
1424 407 35 75 to
1475 407 56 75 the
1548 407 88 75 place
1653 407 41 75 of
1712 407 123 75 pounds
1853 407 104 75 which
1975 407 53 75 are
2044 407 153 75 integers.

1328 455 32 75 2.
1387 455 37 75 If
1443 455 81 75 your
1541 455 174 75 multiplier
1731 455 124 75 confifts
1873 455 39 75 of
1931 455 66 75 two
2013 455 38 75 or
2075 455 88 75 more
2180 455 130 75 figures,

1277 499 150 75 multiply
1442 499 196 75 continually
1654 499 44 75 by
1721 499 42 75 its
1788 499 192 75 component
2003 499 101 75 parts,
2129 499 38 75 or
2190 499 43 75 by
2255 499 57 75 the

1278 546 191 75 component
1497 546 87 75 parts
1612 546 40 75 of
1677 546 56 75 the
1757 546 169 75 compofite
1951 546 132 75 number
2105 546 71 75 that
2204 546 105 75 comes

1277 592 119 75 neareft
1423 592 34 75 to
1480 592 38 75 it,
1544 592 63 75 and
1629 592 78 75 then
1732 592 150 75 multiply
1898 592 55 75 the
1978 592 94 75 given
2087 592 223 75 multiplicand

1277 638 42 75 by
1335 638 54 75 the
1401 638 173 75 difference
1590 638 40 75 of
1649 638 55 75 the
1721 638 188 75 multiplier,
1935 638 63 75 and
2013 638 57 75 the
2085 638 119 75 neareft
2221 638 101 75 com-'

1277 685 97 75 pofite
1390 685 154 75 number:
1572 685 56 75 the
1651 685 68 75 fum
1735 685 38 75 or
1790 685 173 75 difference
1983 685 148 75 of.thefe
2147 685 65 75 two
2235 685 74 75 pro-

1275 730 89 75 ducts
1381 730 26 75 is
1421 730 54 75 the
1492 730 133 75 anfwer.

1322 777 150 75 Examp.
1491 777 30 75 I.
1570 777 107 75 What
1695 777 27 75 is
1739 777 57 75 the
1813 777 87 75 price
1916 777 42 75 of
1979 777 42 75 56
2041 777 43 75 C.
2101 777 148 75 tobacco,
2275 777 34 75 at

1276 824 44 75 L.
1340 824 18 75 2
1380 824 8 75 :
1412 824 43 75 14
1474 824 9 75 :
1504 824 48 75 9^
1568 824 63 75 per
1647 824 43 75 C.

1323 870 89 75 Here
1429 870 55 75 the
1500 870 190 75 component
1714 870 87 75 parts
1818 870 54 75 are
1889 870 21 75 8
1935 870 63 75 and
2017 870 40 75 7;
2083 870 54 75 for
2152 870 108 75 8X7
2273 870 36 75 =

1280 918 64 75 56:
1372 918 176 75 therefore.

1324 962 158 75 Multiply
1493 962 64 75 firft
1569 962 43 75 by
1624 962 34 75 8,
1676 962 64 75 and
1751 962 71 75 that
1839 962 133 75 produCt
1988 962 45 75 by
2127 962 41 75 L.
2185 962 29 75 s.
2273 962 34 75 d.

1279 1008 41 75 7;
1347 1008 50 75 or,
1422 1008 105 75 which
1545 1008 65 75 will
1627 1008 71 75 give
1716 1008 54 75 the
1786 1008 83 75 fame
1895 1008 132 75 anfwer,
2124 1008 19 75 2
2181 1008 43 75 14
2261 1008 48 75 9!'

1276 1054 148 75 multiply
1440 1054 64 75 firft
1520 1054 43 75 by
1582 1054 32 75 7,
1640 1054 63 75 and
1718 1054 76 75 then
1810 1054 72 75 that
1899 1054 135 75 produCt

2262 1054 19 75 8

1275 1100 43 75 by
1334 1100 34 75 8.

2094 1151 42 75 21
2180 1151 100 75 186

2265 1206 17 75 7

2076 1298 61 75 153
2201 1298 21 75 9
2259 1298 22 75 6

1320 1333 153 75 Examp.
1490 1333 48 75 II.
1587 1333 105 75 What
1704 1333 26 75 is
1747 1333 56 75 the
1818 1333 87 75 price
1920 1333 41 75 of
1986 1333 63 75 126
2066 1333 97 75 yards
2180 1333 41 75 of
2238 1333 66 75 vel-

1272 1377 65 75 vet,
1362 1377 34 75 at
1412 1377 44 75 L.
1478 1377 16 75 3
1518 1377 8 75 :
1547 1377 19 75 8
1588 1377 9 75 :
1618 1377 21 75 4
1658 1377 62 75 per
1736 1377 81 75 yard
1829 1377 12 75 ?

1320 1425 88 75 Here
1425 1425 149 75 multiply
1590 1425 63 75 firft
1678 1425 42 75 by
1743 1425 35 75 6,
1803 1425 70 75 that
1896 1425 134 75 produCt
2126 1425 41 75 L.
2199 1425 29 75 s.
2270 1425 33 75 d.

1271 1470 43 75 by
1329 1470 33 75 7,
1380 1470 63 75 and
1459 1470 71 75 that
1546 1470 134 75 produCt
1696 1470 91 75 again
1800 1470 43 75 by
1861 1470 17 75 3
1893 1470 9 75 :
1929 1470 58 75 but
2000 1470 33 75 as
2132 1470 172 75 384

1271 1517 56 75 the
1343 1517 189 75 component
1549 1517 86 75 parts
1649 1517 53 75 are
1719 1517 140 75 various,
1882 1517 63 75 and
1962 1517 73 75 may

2280 1517 22 75 6

1271 1563 39 75 be
1321 1563 116 75 chofen
1449 1563 33 75 at
1494 1563 154 75 pleafure,
1665 1563 64 75 you
1748 1563 108 75 would
1875 1563 82 75 have
1973 1563 65 75 had

2216 1563 87 75 ——

1270 1609 55 75 the
1348 1609 83 75 fame
1454 1609 131 75 anfwer,
1614 1609 64 75 had
1702 1609 64 75 you
1792 1609 179 75 multiplied
1993 1609 44 75 by
2108 1609 45 75 20
2189 1609 42 75 10

1271 1661 20 75 9
1310 1661 29 75 X
1359 1661 18 75 7
1397 1661 30 75 X
1445 1661 18 75 2
1477 1661 11 75 ;
1519 1661 38 75 or
1580 1661 44 75 by
1650 1661 17 75 7
1687 1661 30 75 X
1735 1661 17 75 3
1774 1661 30 75 X
1822 1661 17 75 3
1861 1661 29 75 X
1908 1661 34 75 2.

2210 1661 19 75 7

2087 1752 61 75 143
2188 1752 42 75 10

2209 1809 16 75 3

2081 1891 68 75 430
2187 1891 41 75 10

1317 1934 98 75 From
1432 1934 57 75 the
1512 1934 100 75 above
1635 1934 148 75 example
1807 1934 74 75 may
1901 1934 41 75 be
1966 1934 143 75 deduced
2135 1934 19 75 a
2170 1934 128 75 general

1270 1980 62 75 and
1344 1980 72 75 eafy
1428 1980 68 75 rule
1513 1980 52 75 for
1577 1980 146 75 working
1735 1980 43 75 all
1794 1980 158 75 queftions
1970 1980 40 75 of
2028 1980 63 75 this
2108 1980 99 75 kind;
2234 1980 64 75 and

1269 2026 26 75 is
1319 2026 40 75 of
1378 2026 159 75 excellent
1554 2026 52 75 ufe
1624 2026 92 75 when
1741 2026 55 75 the
1820 2026 175 75 multiplier
2015 2026 139 75 happens
2171 2026 35 75 to
2221 2026 40 75 be
2277 2026 21 75 a

1268 2072 152 75 number;
1447 2072 69 75 viz.

1315 2118 159 75 Multiply
1489 2118 197 75 continually
1701 2118 34 75 fo
1752 2118 94 75 many
1862 2118 93 75 times
1972 2118 44 75 by
2033 2118 40 75 10
2081 2118 41 75 .as
2134 2118 92 75 there
2241 2118 55 75 are

1267 2165 114 75 figures
1398 2165 33 75 in
1447 2165 55 75 the
1518 2165 187 75 multiplier,
1723 2165 71 75 fave
1810 2165 81 75 one;
1917 2165 77 75 then
2010 2165 149 75 multiply
2174 2165 55 75 the
2242 2165 52 75 gi-

1266 2210 60 75 ven
1342 2210 85 75 price
1444 2210 43 75 by
1503 2210 54 75 the
1575 2210 189 75 right-hand
1779 2210 101 75 figure
1892 2210 40 75 of
1942 2210 56 75 the
2009 2210 194 75 multiplier;
2230 2210 63 75 and

1266 2256 103 75 again,
1394 2256 55 75 the
1465 2256 65 75 firft
1543 2256 136 75 produCt
1695 2256 40 75 of
1758 2256 40 75 10
1817 2256 44 75 by
1874 2256 57 75 the
1954 2256 164 75 following
2134 2256 101 75 figure
2257 2256 42 75 of

1264 2303 55 75 the
1334 2303 196 75 multiplier;
1557 2303 61 75 and
1635 2303 33 75 fo
1685 2303 54 75 on,
1764 2303 49 75 till
1826 2303 64 75 you
1901 2303 82 75 have
1994 2303 179 75 multiplied
2191 2303 43 75 by
2248 2303 66 75 all.

1263 2349 55 75 the
1330 2349 115 75 figures
1462 2349 32 75 in
1511 2349 55 75 the
1582 2349 186 75 multiplier.
1816 2349 77 75 The
1909 2349 67 75 fum
1988 2349 40 75 of
2039 2349 87 75 thefe
2142 2349 148 75 products
2310 2349 5 75 .

1261 2395 28 75 is
1301 2395 55 75 the
1373 2395 131 75 anfwer.

1309 2441 151 75 Examp.
1471 2441 65 75 III.
1549 2441 106 75 What
1667 2441 26 75 is
1706 2441 55 75 the
1773 2441 85 75 price
1870 2441 41 75 of
1921 2441 93 75 8604
2026 2441 95 75 yards
2134 2441 40 75 of
2185 2441 102 75 cloth,

1261 2488 33 75 at
1312 2488 39 75 19
1369 2488 27 75 s.
1416 2488 88 75 64-d.
1524 2488 62 75 per
1601 2488 80 75 yard
1692 2488 13 75 ?

1293 2534 40 75 L.
1369 2534 28 75 s.
1454 2534 33 75 d.
1535 2534 101 75 Price
1651 2534 43 75 of

1917 2534 42 75 L.
1984 2534 28 75 s.
2039 2534 33 75 d.
2138 2534 101 75 Price
2254 2534 43 75 of

1364 2582 41 75 19
1445 2582 47 75 64
1591 2582 13 75 I
1625 2582 55 75 yd,
1718 2582 29 75 X
1764 2582 22 75 4
1797 2582 36 75 =
1929 2582 18 75 3
1978 2582 39 75 18
2047 2582 20 75 2
2173 2582 112 75 4yds.

1429 2627 41 75 10

1307 2722 159 75 9155
1566 2722 41 75 10
1624 2722 71 75 yds,
1720 2722 30 75 X
1767 2722 22 75 0
1800 2722 37 75 =

1427 2766 40 75 ip

1282 2861 43 75 97
1364 2861 41 75 14
1446 2861 19 75 2
1541 2861 64 75 100
1621 2861 72 75 yds,
1718 2861 117 75 X6=
1884 2861 66 75 586
2000 2861 19 75 5
2121 2861 69 75 600
2206 2861 73 75 yds.

1426 2906 42 75 to

1258 3001 66 75 977
1385 3001 13 75 1
1443 3001 20 75 8
1517 3001 89 75 1000
1621 3001 73 75 yds,
1719 3001 67 75 X8
1800 3001 36 75 =
1862 3001 89 75 7816
1980 3001 39 75 13
2050 3001 22 75 4
2098 3001 90 75 8000
2205 3001 73 75 yds.

2193 3143 32 75 3.
2251 3143 37 75 If

1445 3094 94 75 Price
1555 3094 40 75 of
1613 3094 94 75 8604
1722 3094 108 75 yards,
1862 3094 92 75 8406
1982 3094 89 75 166

1690 3151 14 75 S
1740 3151 28 75 B
