2428 3377
142 161 81 75 270

685 161 43 75 A
843 161 45 75 N
1002 161 41 75 A
1156 161 39 75 T

142 225 49 75 At
215 225 56 75 the
286 225 100 75 upper
410 225 73 75 part
505 225 41 75 of
564 225 57 75 the
644 225 148 75 bladder,
818 225 80 75 they
922 225 161 75 approach
1101 225 79 75 each

144 271 114 75 other;
285 271 75 75 and,
375 271 125 75 joining
512 271 55 75 the
593 271 149 75 urachus,
768 271 84 75 form
870 271 71 75 that
957 271 91 75 rope,
1073 271 106 75 which

143 319 75 75 may
233 319 40 75 be
289 319 124 75 termed
429 319 56 75 the
496 319 142 75 fuperior
654 319 154 75 ligament
820 319 40 75 of
870 319 56 75 the
938 319 146 75 bladder.

190 365 77 75 The
284 365 100 75 lower
406 365 72 75 part
501 365 40 75 of
561 365 57 75 the
645 365 147 75 bladder,
824 365 107 75 which
954 365 145 75 deferves
1125 365 57 75 the

143 413 92 75 name
252 413 40 75 of
299 413 132 75 fundus
449 413 96 75 much
562 413 106 75 better
684 413 77 75 than
772 413 55 75 the
839 413 101 75 upper
957 413 85 75 part,
1068 413 26 75 is
1107 413 73 75 per-

144 459 126 75 forated
288 459 44 75 by
348 459 92 75 three
457 459 166 75 openings,
648 459 61 75 one
726 459 151 75 anterior,
905 459 63 75 and
988 459 66 75 two
1079 459 102 75 pofte-

144 505 79 75 rior.
271 505 78 75 The
366 505 140 75 anterior
533 505 137 75 opening
685 505 26 75 is
730 505 127 75 formed
874 505 42 75 by
933 505 39 75 an
996 505 185 75 elongation

145 552 39 75 of
204 552 43 75 all
264 552 57 75 the
337 552 114 75 proper
468 552 101 75 coats,
594 552 32 75 in
644 552 84 75 form
740 552 41 75 of
787 552 19 75 a
818 552 113 75 gullet,
957 552 117 75 turned
1086 552 95 75 much

144 599 33 75 in
204 599 57 75 the
276 599 84 75 fame
376 599 129 75 manner
522 599 79 75 with
618 599 56 75 the
690 599 90 75 inner
797 599 109 75 orifice
922 599 41 75 of
975 599 55 75 the
1048 599 134 75 roftrum

145 647 40 75 of
198 647 56 75 the
271 647 84 75 head
371 647 39 75 of
422 647 40 75 an
473 647 147 75 alembic.
668 647 87 75 This
772 647 183 75 elongation
973 647 26 75 is
1011 647 103 75 Called
1127 647 55 75 the

144 692 82 75 neck
242 692 40 75 of
293 692 55 75 the
365 692 146 75 bladder,
536 692 56 75 the
608 692 194 75 defcription
819 692 40 75 of
877 692 106 75 which
1000 692 135 75 belongs
1147 692 35 75 to

145 738 73 75 that
235 738 40 75 of
294 738 55 75 the
367 738 86 75 parts
470 738 41 75 of
528 738 187 75 generation
731 738 32 75 in
776 738 85 75 men.

191 786 77 75 The
296 786 96 75 other
419 786 67 75 two
513 786 153 75 openings
693 786 34 75 in
752 786 56 75 the
836 786 71 75 true
924 786 119 75 fundus
1068 786 41 75 o.f
1126 786 56 75 the

143 831 146 75 bladder,
303 831 53 75 are
372 831 128 75 formed
516 831 43 75 by
575 831 55 75 the
647 831 137 75 ureters,
801 831 120 75 which,
934 831 32 75 in
980 831 84 75 their
1073 831 110 75 courfe

143 879 186 75 downward
353 879 131 75 already
507 879 178 75 defcribed,
717 879 59 75 run
799 879 120 75 behind
943 879 56 75 the
1016 879 167 75 fpermatic

143 926 123 75 veffels,
293 926 61 75 and
371 926 77 75 then
472 926 121 75 behind
611 926 56 75 the
688 926 100 75 lower
811 926 72 75 part
903 926 40 75 of
962 926 56 75 the
1034 926 148 75 bladder,

142 972 217 75 approaching
375 972 80 75 each
480 972 107 75 other.
637 972 92 75 Each
757 972 108 75 ureter
889 972 58 75 lies
966 972 144 75 between
1127 972 55 75 the

143 1019 164 75 umbilical
325 1019 108 75 artery
457 1019 62 75 and
535 1019 56 75 vas
624 1019 149 75 deferens
790 1019 41 75 of
850 1019 55 75 the
927 1019 83 75 fame
1026 1019 75 75 fide,
1127 1019 56 75 the

143 1066 109 75 artery
263 1066 91 75 lying
367 1066 40 75 on
420 1066 55 75 the
491 1066 120 75 outfide
627 1066 40 75 of
686 1066 55 75 the
753 1066 122 75 ureter,
901 1066 62 75 and
975 1066 56 75 the
1046 1066 57 75 vas
1125 1066 57 75 de-

143 1113 108 75 ferens
269 1113 41 75 on
328 1113 55 75 the
399 1113 111 75 infide.

191 1159 204 75 Afterwards
419 1159 80 75 they
514 1159 55 75 get
593 1159 145 75 between
761 1159 56 75 the
833 1159 73 75 vafa
925 1159 178 75 deferentia
1119 1159 62 75 and

143 1208 56 75 the
214 1208 146 75 bladder,
385 1208 132 75 eroding
540 1208 91 75 thefe
659 1208 126 75 canals:
814 1208 62 75 and
892 1208 77 75 then
998 1208 32 75 at
1047 1208 98 75 about
1162 1208 19 75 a

142 1254 129 75 finger’s
298 1254 136 75 breadth
451 1254 85 75 from
564 1254 78 75 each
660 1254 108 75 other,
791 1254 80 75 they
898 1254 93 75 begin
1017 1254 36 75 to
1074 1254 106 75 pierce

143 1302 57 75 the
216 1302 88 75 coats
320 1302 41 75 of
370 1302 56 75 the
438 1302 146 75 bladder.
632 1302 101 75 They
750 1302 58 75 run
822 1302 19 75 a
852 1302 83 75 little
954 1302 70 75 way
1032 1302 147 75 between

143 1349 56 75 the
218 1349 157 75 mufcular
392 1349 62 75 and
471 1349 135 75 nervous
624 1349 101 75 coats,
751 1349 63 75 and
830 1349 81 75 open
927 1349 69 75 into
1013 1349 56 75 the
1087 1349 91 75 blad-
1189 1349 7 75 ,

143 1395 58 75 der
217 1395 178 75 obliquely,
419 1395 181 75 fomething
626 1395 111 75 nearer
765 1395 79 75 each
870 1395 94 75 other
988 1395 77 75 than
1084 1395 94 75 when

143 1442 79 75 they
237 1442 64 75 firft
314 1442 132 75 entered
462 1442 41 75 its
521 1442 102 75 coats.

189 1489 77 75 The
282 1489 125 75 orifices
424 1489 40 75 of
482 1489 56 75 the
558 1489 124 75 ureters
704 1489 33 75 in
761 1489 55 75 the
836 1489 146 75 bladder,
1007 1489 53 75 are
1076 1489 102 75 fome-

143 1536 96 75 thing
255 1536 87 75 oval,
360 1536 63 75 and
439 1536 161 75 narrower
627 1536 78 75 than
730 1536 55 75 the
797 1536 106 75 cavity
926 1536 39 75 of
986 1536 56 75 the
1058 1536 125 75 ureters

142 1583 218 75 immediately
384 1583 100 75 above
501 1583 88 75 them
651 1583 77 75 The
750 1583 82 75 edge
848 1583 41 75 of
906 1583 88 75 thefe
1010 1583 126 75 orifices
1151 1583 28 75 is

141 1629 80 75 very
237 1629 84 75 thin,
347 1629 62 75 and
425 1629 98 75 feems
541 1629 35 75 to
592 1629 40 75 be
656 1629 127 75 formed
800 1629 124 75 merely
939 1629 44 75 by
1010 1629 56 75 the
1083 1629 97 75 union

144 1676 40 75 ©f
201 1676 57 75 the
281 1676 137 75 internal
445 1676 73 75 coat
547 1676 41 75 of
607 1676 56 75 the
694 1676 133 75 bladder
853 1676 79 75 with
956 1676 71 75 that
1053 1676 42 75 of
1122 1676 56 75 the

144 1723 136 75 ureters.

191 1769 129 75 Befides
343 1769 56 75 the
425 1769 169 75 ligaments
623 1769 130 75 already
779 1769 198 75 mentioned,
1009 1769 92 75 there
1125 1769 54 75 are

141 1816 140 75 likewife
297 1816 68 75 two
389 1816 89 75 fmall
503 1816 91 75 ones,
620 1816 43 75 by
680 1816 104 75 which
812 1816 56 75 the
896 1816 140 75 anterior
1058 1816 70 75 part
1145 1816 41 75 of

142 1863 57 75 the
219 1863 71 75 true
307 1863 117 75 fundus
448 1863 40 75 of
507 1863 55 75 the
579 1863 135 75 bladder
740 1863 28 75 is
793 1863 172 75 conne&ed
992 1863 36 75 to
1043 1863 56 75 the
1117 1863 64 75 olfa

143 1909 106 75 pubis,
274 1909 107 75 which
397 1909 76 75 lhall
485 1909 41 75 be
542 1909 165 75 defcribed
719 1909 79 75 with
811 1909 56 75 the
883 1909 82 75 neck
981 1909 61 75 and
1054 1909 125 75 fphinc-

144 1956 52 75 ter
212 1956 83 75 after
322 1956 56 75 the
402 1956 120 75 hiftory
539 1956 40 75 of
595 1956 54 75 the
666 1956 87 75 parts
770 1956 41 75 of
833 1956 186 75 generation
1043 1956 33 75 in
1099 1956 80 75 both

146 2003 106 75 fexes.

142 2108 125 75 THE
301 2108 203 75 PARTS
538 2108 74 75 OF
646 2108 425 75 GENERATION
1107 2108 68 75 IN

552 2152 226 75 MALES.

190 2232 87 75 The
303 2232 169 75 fpermatic
495 2232 132 75 arteries
651 2232 44 75 go
718 2232 57 75 out
801 2232 80 75 moft
897 2232 182 75 commonly
1094 2232 84 75 from

147 2278 57 75 the
222 2278 139 75 anterior
377 2278 73 75 part
465 2278 40 75 of
524 2278 55 75 the
601 2278 133 75 inferior
751 2278 102 75 aorta,
879 2278 76 75 near
978 2278 78 75 each
1073 2278 107 75 other,

145 2324 63 75 and
226 2324 97 75 about
340 2324 39 75 an
396 2324 73 75 inch
486 2324 100 75 lower
601 2324 77 75 than
695 2324 57 75 the
768 2324 123 75 arterise
908 2324 136 75 renales.

192 2371 98 75 They
306 2371 59 75 run
389 2371 95 75 down
501 2371 167 75 obliquely
682 2371 34 75 in
734 2371 56 75 the
806 2371 152 75 pofterior
975 2371 72 75 part
1064 2371 40 75 of
1122 2371 57 75 the

144 2418 170 75 abdomen,
346 2418 113 75 within
490 2418 56 75 the
570 2418 131 75 cellular
723 2418 160 75 fubftance
908 2418 40 75 of
970 2418 56 75 the
1058 2418 120 75 perito-

143 2464 117 75 nscum,
291 2464 116 75 palling
431 2464 165 75 infenfibly
621 2464 83 75 from
733 2464 119 75 behind
875 2464 163 75 forward;
1065 2464 63 75 and
1145 2464 33 75 fo

142 2511 129 75 parting
286 2511 167 75 gradually
475 2511 88 75 more
580 2511 62 75 and
667 2511 90 75 more
780 2511 85 75 from
888 2511 60 75 the
972 2511 102 75 aorta,
1100 2511 80 75 they

145 2558 84 75 crofi
247 2558 76 75 over
339 2558 56 75 the
419 2558 134 75 forefide
577 2558 40 75 of
636 2558 56 75 the
712 2558 137 75 ureters,
878 2558 61 75 and
961 2558 60 75 run
1037 2558 141 75 through

144 2605 57 75 the
228 2605 152 75 openings
405 2605 54 75 or.
469 2605 87 75 rings
580 2605 41 75 of
640 2605 56 75 the
713 2605 181 75 abdominal
910 2605 146 75 mufcles,
1083 2605 96 75 along

143 2651 80 75 with
241 2651 55 75 the
312 2651 199 75 elongations
528 2651 37 75 or
576 2651 203 75 produftions
788 2651 40 75 of
835 2651 55 75 the
907 2651 133 75 cellular
1050 2651 129 75 portion

145 2699 40 75 of
203 2699 57 75 the
275 2699 223 75 peritoneum.

190 2744 101 75 They
307 2744 53 75 are
376 2744 89 75 fmall
489 2744 34 75 at
547 2744 86 75 their
649 2744 129 75 origin;
813 2744 63 75 and
900 2744 33 75 in
958 2744 83 75 their
1066 2744 112 75 courfe

144 2791 197 75 downward,
366 2791 77 75 they
460 2791 72 75 give
558 2791 54 75 off
630 2791 107 75 pretty
761 2791 214 75 confiderable
997 2791 113 75 lateral
1126 2791 50 75 ra-

143 2837 190 75 mifications
357 2837 37 75 to
426 2837 54 75 the
503 2837 182 75 membrana
706 2837 140 75 adipofa,
871 2837 218 75 peritonaeum,
1115 2837 64 75 and

143 2884 67 75 alfo
226 2884 36 75 to
278 2884 55 75 the
350 2884 187 75 mefentery.

191 2930 98 75 They
305 2930 178 75 fometrmes
496 2930 68 75 pafs
581 2930 141 75 through
738 2930 56 75 the
810 2930 126 75 areolae,
960 2930 39 75 or
1014 2930 171 75 roeftiesof

144 2978 56 75 the
223 2978 168 75 fpermatic
413 2978 110 75 veins;
549 2978 64 75 and
628 2978 111 75 before
762 2978 79 75 they
857 2978 42 75 go
915 2978 57 75 out
988 2978 41 75 of
1049 2978 55 75 the
1122 2978 54 75 ab-

146 3022 128 75 domen,
299 3022 77 75 they
392 3022 55 75 are
463 3022 130 75 divided
610 3022 69 75 into
702 3022 78 75 very
796 3022 62 75 fine
875 3022 92 75 rami,
993 3022 105 75 which
1116 3022 59 75 run

1311 158 41 75 O
1467 158 52 75 M
1629 158 55 75 Y.

2073 158 100 75 Part
2192 158 74 75 V[.

1227 222 32 75 in
1272 222 19 75 a
1306 222 90 75 more
1412 222 38 75 or
1467 222 59 75 lefs
1539 222 143 75 winding
1698 222 124 75 coutfe,
1847 222 112 75 almoft
1982 222 133 75 parallel
2132 222 36 75 to
2188 222 79 75 each

1228 269 107 75 other.

1275 316 204 75 Afterwards
1502 316 79 75 they
1597 316 90 75 enter
1703 316 57 75 the
1772 316 133 75 cellular
1932 316 206 75 productions
2151 316 41 75 of
2210 316 57 75 the

1227 362 221 75 peritonaeum,
1474 362 105 75 which
1592 362 87 75 ferve
1692 362 88 75 them
1792 362 52 75 for
1860 362 134 75 vaginae.
2042 362 101 75 They
2154 362 44 75 do
2209 362 58 75 not

1229 409 148 75 fluctuate
1393 409 222 75 indifferently
1632 409 84 75 from
1734 409 60 75 one
1810 409 64 75 fide
1890 409 35 75 to
1941 409 56 75 the
2014 409 94 75 other
2125 409 41 75 of
2179 409 89 75 thefe

1229 456 119 75 vaginae
1363 456 11 75 ;
1401 456 58 75 but
1476 456 53 75 are
1551 456 171 75 connected
1748 456 94 75 along
1869 456 86 75 their
1970 456 91 75 inner
2082 456 124 75 furface
2223 456 44 75 by

1228 502 71 75 thin
1323 502 225 75 membranous
1564 502 137 75 laminae,
1726 502 106 75 which
1857 502 53 75 are
1933 502 140 75 likewife
2101 502 167 75 continua-

1229 549 83 75 tions
1326 549 40 75 of
1377 549 55 75 the
1446 549 132 75 cellular
1595 549 161 75 fubftance
1772 549 40 75 of
1831 549 55 75 the
1902 549 220 75 peritonaeum.

1277 596 77 75 The
1370 596 132 75 arteries
1526 596 150 75 continue
1693 596 55 75 the
1770 596 85 75 fame
1872 596 140 75 winding
2028 596 109 75 courfe
2153 596 114 75 within

1231 642 87 75 thefe
1334 642 134 75 vaginae,
1494 642 115 75 palling
1637 642 111 75 before
1772 642 56 75 the
1851 642 73 75 vafa
1946 642 188 75 deferentia,
2158 642 110 75 which

1231 689 52 75 are
1299 689 141 75 likewife
1464 689 170 75 contained
1656 689 31 75 in
1712 689 109 75 them;
1849 689 63 75 and
1929 689 32 75 at
1977 689 110 75 length
2105 689 79 75 they
2200 689 66 75 ter-

1230 736 118 75 minate
1365 736 44 75 by
1425 736 225 75 ramifications
1666 736 32 75 in
1711 736 56 75 the
1779 736 198 75 epididymes
1994 736 62 75 and
2071 736 107 75 teftes.

1278 783 77 75 The
1384 783 94 75 teftes
1507 783 54 75 are
1586 783 66 75 two
1680 783 166 75 glandular
1874 783 125 75 bodies,
2032 783 132 75 fituated
2189 783 78 75 near

1231 829 78 75 each
1334 829 106 75 other,
1466 829 137 75 without
1630 829 55 75 the
1708 829 170 75 abdomen,
1903 829 105 75 below
2031 829 57 75 the
2107 829 160 75 interftice

1231 876 144 75 between
1404 876 57 75 the
1487 876 108 75 groins
1620 876 33 75 in
1682 876 41 75 an
1748 876 103 75 adult.
1899 876 77 75 The
1992 876 142 75 ancients
2151 876 116 75 named

1232 923 86 75 them
1336 923 111 75 didym'
1447 923 11 75 i
1473 923 39 75 or
1523 923 137 75 geinini.
1708 923 107 75 Their
1831 923 62 75 fize
1922 923 26 75 is
1975 923 110 75 nearly
2101 923 71 75 that
2195 923 41 75 of
2246 923 21 75 a

1230 970 142 75 pigeon’s
1390 970 73 75 egg,
1489 970 62 75 and
1568 970 79 75 they
1658 970 54 75 are
1721 970 39 75 of
1779 970 40 75 an
1836 970 73 75 oval
1926 970 113 75 figure,
2065 970 18 75 a
2098 970 86 75 little
2192 970 72 75 flat-

1230 1016 55 75 ted
1302 1016 33 75 at
1350 1016 79 75 each
1446 1016 77 75 fide.
1572 1016 68 75 We
1656 1016 74 75 may
1746 1016 141 75 confider
1899 1016 32 75 in
1948 1016 79 75 each
2040 1016 132 75 tefticle,
2197 1016 68 75 two

1230 1063 212 75 extremities,
1468 1063 67 75 two
1546 1063 111 75 edges,
1679 1063 63 75 and
1768 1063 68 75 two
1850 1063 92 75 fides.
1992 1063 74 75 One
2087 1063 178 75 extremity

1227 1109 30 75 is
1271 1109 136 75 fituated
1423 1109 153 75 forward,
1594 1109 64 75 and
1668 1109 19 75 a
1702 1109 84 75 little
1803 1109 154 75 upward;
1984 1109 55 75 the
2055 1109 95 75 other
2166 1109 98 75 back-

1230 1157 101 75 ward,
1357 1157 63 75 and
1436 1157 19 75 a
1478 1157 86 75 little
1591 1157 206 75 downward;
1824 1157 63 75 and
1916 1157 86 75 their
2018 1157 97 75 edges
2139 1157 43 75 lie
2205 1157 60 75 up-

1229 1203 88 75 ward
1334 1203 63 75 and
1412 1203 199 75 downward.

1276 1249 47 75 At
1340 1249 55 75 the
1412 1249 99 75 upper
1533 1249 93 75 edge,
1651 1249 79 75 they
1745 1249 82 75 have
1845 1249 78 75 each
1940 1249 39 75 an
1997 1249 174 75 appendix,
2195 1249 67 75 cal-

1227 1296 52 75 led
1296 1296 205 75 epididymis,
1528 1296 148 75 together
1696 1296 80 75 with
1792 1296 106 75 which
1911 1296 25 75 it
1953 1296 27 75 is
1999 1296 151 75 involved
2174 1296 89 75 infe-

1228 1343 86 75 veral
1330 1343 187 75 coverings;
1545 1343 63 75 and
1624 1343 78 75 they
1718 1343 54 75 are
1788 1343 79 75 both
1892 1343 174 75 fufpended
2082 1343 33 75 in
2139 1343 19 75 a
2174 1343 89 75 com-

1224 1390 75 75 mon
1315 1390 162 75 covering,
1502 1390 104 75 called
1617 1390 55 75 the
1687 1390 153 75 ferotum.

1275 1437 92 75 Each
1392 1437 120 75 tefticle
1528 1437 27 75 is
1579 1437 19 75 a
1614 1437 168 75 fpermatic
1809 1437 97 75 gland
1933 1437 127 75 formed
2087 1437 45 75 by
2155 1437 20 75 a
2198 1437 67 75 vaft

1227 1483 133 75 number
1375 1483 41 75 of
1435 1483 61 75 fine
1512 1483 125 75 whitifh
1655 1483 106 75 tubes,
1786 1483 113 75 folded
1923 1483 61 75 and
2002 1483 124 75 twifted
2150 1483 33 75 in
2199 1483 65 75 dif-

1227 1530 104 75 ferent
1347 1530 160 75 manners,
1531 1530 61 75 and
1609 1530 189 75 diftributed
1813 1530 34 75 in
1862 1530 151 75 different
2029 1530 153 75 fafciculi,
2207 1530 56 75 be-

1227 1578 103 75 tween
1357 1578 224 75 membranous
1608 1578 109 75 fepta;
1743 1578 56 75 the
1826 1578 106 75 whole
1948 1578 94 75 being
2065 1578 200 75 furrounded

1228 1624 43 75 by
1299 1624 19 75 a
1333 1624 107 75 ftrong
1460 1624 148 75 common
1625 1624 164 75 covering,
1815 1624 116 75 named
1947 1624 112 75 tunica
2075 1624 186 75 albuginea.

1274 1673 108 75 Thefe
1409 1673 88 75 fepta
1514 1673 53 75 are
1592 1673 146 75 difpofed
1767 1673 259 75 longitudinally,
2051 1673 212 75 divaricating

1228 1718 84 75 from
1329 1718 79 75 each
1424 1718 95 75 other
1535 1718 42 75 on
1600 1718 61 75 one
1677 1718 77 75 fide,
1779 1718 63 75 and
1858 1718 214 75 approaching
2088 1718 43 75 on
2147 1718 57 75 the
2226 1718 37 75 o-

1228 1765 85 75 tber.
1360 1765 101 75 They
1476 1765 160 75 approach
1651 1765 78 75 each
1747 1765 95 75 other
1864 1765 96 75 along
1975 1765 60 75 one
2052 1765 81 75 edge
2155 1765 40 75 of
2207 1765 56 75 the

1228 1813 134 75 tefticle,
1387 1813 62 75 and
1466 1813 169 75 terminate
1650 1813 33 75 in
1694 1813 19 75 a
1729 1813 77 75 long
1822 1813 125 75 narrow
1963 1813 123 75 whitifh
2105 1813 98 75 body,
2228 1813 35 75 as

1226 1859 33 75 in
1277 1859 17 75 a
1310 1859 78 75 kind
1405 1859 41 75 of
1464 1859 84 75 axis.

1276 1903 95 75 From
1389 1903 115 75 thence
1528 1903 78 75 they
1622 1903 173 75 divaricate
1810 1903 32 75 in
1856 1903 17 75 a
1886 1903 127 75 regular
2032 1903 142 75 manner,
2199 1903 64 75 and

1226 1951 53 75 are
1296 1951 87 75 fixed
1400 1951 44 75 by
1466 1951 85 75 their
1566 1951 142 75 oppofite
1724 1951 97 75 edges
1837 1951 33 75 in
1898 1951 56 75 the
1980 1951 91 75 inner
2086 1951 123 75 furface
2227 1951 40 75 of

1226 1998 56 75 the
1298 1998 107 75 tunica
1421 1998 180 75 albuginea,
1620 1998 39 75 of
1677 1998 107 75 which
1807 1998 80 75 they
1902 1998 117 75 appear
2042 1998 35 75 to
2093 1998 40 75 be
2150 1998 18 75 a
2184 1998 78 75 con-

1227 2043 166 75 tinuation.
1445 2043 86 75 This
1548 2043 98 75 white
1662 2043 88 75 body
1767 2043 74 75 may
1857 2043 40 75 be
1913 2043 124 75 termed
2053 2043 56 75 the
2129 2043 130 75 nucleus

1227 2092 39 75 of
1285 2092 56 75 the
1358 2092 132 75 tefticle.

1273 2137 99 75 From
1387 2137 65 75 this
1468 2137 207 75 defcription,
1699 2137 49 75 we
1765 2137 50 75 fee
1831 2137 71 75 that
1924 2137 42 75 all
1982 2137 89 75 thefe
2093 2137 87 75 fepta
2206 2137 56 75 are

1226 2184 57 75 not
1311 2184 41 75 of
1374 2184 39 75 an
1441 2184 97 75 equal
1555 2184 157 75 breadth;
1740 2184 71 75 that
1835 2184 57 75 the
1916 2184 173 75 interftices
2116 2184 145 75 between

1227 2232 87 75 them
1327 2232 53 75 are
1391 2232 31 75 in
1440 2232 86 75 fome
1550 2232 142 75 meafure
1707 2232 185 75 trangular;
1919 2232 62 75 and
1993 2232 70 75 that
2076 2232 55 75 the
2148 2232 114 75 extent

1226 2278 39 75 of
1285 2278 55 75 the
1357 2278 89 75 fmall
1463 2278 107 75 tubes,
1595 2278 105 75 which
1717 2278 43 75 lie
1774 2278 136 75 therein,
1937 2278 79 75 muft
2032 2278 41 75 be
2089 2278 79 75 very
2184 2278 78 75 con-

1225 2325 164 75 fiderable.
1437 2325 101 75 They
1554 2325 80 75 have
1646 2325 80 75 been
1744 2325 158 75 reckoned
1919 2325 36 75 to
1972 2325 129 75 amount
2118 2325 35 75 to
2165 2325 97 75 many

1226 2373 71 75 ells,
1321 2373 45 75 by
1381 2373 111 75 taking
1509 2373 56 75 the
1581 2373 66 75 fum
1666 2373 39 75 of
1724 2373 41 75 all
1782 2373 85 75 their
1881 2373 118 75 feveral
2012 2373 144 75 portions
2170 2373 6 75 .
2198 2373 63 75 and

1226 2418 78 75 they
1315 2418 75 75 may
1405 2418 40 75 be
1462 2418 94 75 eafily
1571 2418 155 75 unfolded
1743 2418 43 75 by
1802 2418 20 75 a
1836 2418 78 75 long
1923 2418 206 75 maceration,
2154 2418 105 75 which

1226 2466 139 75 deftroys
1379 2466 55 75 the
1446 2466 135 75 delicate
1597 2466 161 75 fubftance
1770 2466 42 75 by
1819 2466 106 75 which
1943 2466 44 75 all
2003 2466 85 75 their
2098 2466 86 75 folds
2197 2466 65 75 and

1227 2511 224 75 convolutions
1469 2511 53 75 are
1538 2511 170 75 connedted
1728 2511 61 75 and
1806 2511 67 75 tied
1889 2511 108 75 down.

1273 2560 56 75 All
1351 2560 88 75 thefe
1454 2560 91 75 fmall
1566 2560 105 75 canals
1700 2560 82 75 feem
1799 2560 36 75 to
1850 2560 170 75 terminate
2037 2560 44 75 by
2097 2560 18 75 a
2132 2560 128 75 fmaller

1225 2605 134 75 number
1367 2605 41 75 of
1413 2605 149 75 common
1580 2605 111 75 trunks
1704 2605 34 75 at
1754 2605 55 75 the
1818 2605 98 75 white
1924 2605 87 75 body
2019 2605 38 75 or
2065 2605 132 75 nucleus
2210 2605 48 75 al-

1224 2652 99 75 ready
1338 2652 205 75 mentioned;
1569 2652 107 75 which
1684 2652 114 75 trunks
1814 2652 45 75 do
1875 2652 192 75 afterwards
2080 2652 105 75 pierce
2202 2652 57 75 the

1225 2698 100 75 upper
1340 2698 71 75 part
1436 2698 40 75 of
1486 2698 56 75 the
1559 2698 139 75 anterior
1714 2698 175 75 extremity
1897 2698 40 75 of
1955 2698 56 75 the
2038 2698 131 75 tefticle,
2196 2698 63 75 and

1225 2747 52 75 are
1292 2747 145 75 difpofed
1448 2747 33 75 in
1490 2747 118 75 feveral
1618 2747 85 75 folds
1721 2747 95 75 along
1832 2747 55 75 the
1903 2747 113 75 lateral
2024 2747 145 75 external
2186 2747 73 75 part

1227 2793 41 75 of
1285 2793 57 75 the
1359 2793 100 75 upper
1474 2793 93 75 edge,
1593 2793 42 75 all
1651 2793 55 75 the
1718 2793 72 75 way
1813 2793 35 75 to
1865 2793 55 75 the
1936 2793 153 75 pofterior
2105 2793 153 75 extremi-

1224 2840 48 75 ty.
1322 2840 99 75 From
1437 2840 64 75 this
1526 2840 96 75 union
1639 2840 93 75 arifes
1750 2840 18 75 a
1783 2840 77 75 long
1877 2840 124 75 whitifh
2026 2840 121 75 plaited
2163 2840 94 75 fafei-

1223 2886 88 75 culus
1329 2886 38 75 or
1383 2886 131 75 bundle,
1540 2886 104 75 called
1668 2886 204 75 epididymis,
1896 2886 38 75 or
1958 2886 160 75 appendix
2141 2886 36 75 to
2201 2886 57 75 the

1223 2933 132 75 tefticle.

1269 2979 76 75 The
1369 2979 191 75 epididymis
1577 2979 74 75 thus
1665 2979 139 75 formed,
1829 2979 74 75 may
1914 2979 40 75 be
1970 2979 162 75 reckoned
2148 2979 18 75 a
2182 2979 74 75 pro-

1221 3027 130 75 duction
1369 3027 42 75 of
1430 3027 55 75 the
1512 3027 141 75 tefticle,.
1670 3027 39 75 or
1731 3027 19 75 a
1771 3027 80 75 kind
1874 3027 41 75 of
1933 3027 86 75 teftis
2044 3027 209 75 acceflorius;
2193 3065 66 75 and
