2397 3387
138 88 102 75 (*E)

568 88 36 75 B
693 88 40 75 O
826 88 41 75 O
958 88 38 75 K
1046 88 18 75 -
1121 88 39 75 K

141 151 50 75 for
208 151 178 75 ornament,
412 151 129 75 making
554 151 25 75 it
592 151 56 75 Dr
664 151 41 75 on
724 151 53 75 the
794 151 60 75 left
871 151 62 75 fide
950 151 39 75 of
1001 151 55 75 the
1073 151 92 75 folio,

137 200 62 75 and
215 200 46 75 Cr
277 200 40 75 on
336 200 54 75 the
407 200 99 75 right.

189 245 31 75 3.
253 245 131 75 Record
408 245 54 75 the
487 245 74 75 date
582 245 31 75 in
632 245 55 75 the
705 245 143 75 columns
866 245 41 75 on
925 245 55 75 the
999 245 121 75 margin
1139 245 39 75 of

136 292 56 75 the
210 292 54 75 Dr
280 292 75 75 fide,
382 292 62 75 and
470 292 89 75 write
586 292 55 75 the
665 292 48 75 Cr
736 292 74 75 with
837 292 55 75 the
916 292 92 75 word
1035 292 44 75 To
1104 292 70 75 pre-

138 338 87 75 fixed
242 338 34 75 to
294 338 37 75 it,
357 338 217 75 immediately
592 338 104 75 below
714 338 54 75 the
782 338 84 75 title,
892 338 37 75 or
941 338 94 75 other
1048 338 125 75 articles

138 384 154 75 formerly
309 384 109 75 ported
433 384 9 75 ;
467 384 60 75 and
546 384 156 75 complete
721 384 55 75 the
793 384 92 75 entry
903 384 31 75 in
951 384 60 75 one
1029 384 75 75 line,
1132 384 42 75 by

137 431 108 75 giving
263 431 16 75 a
296 431 86 75 fiiort
400 431 68 75 hint
495 431 39 75 of
553 431 53 75 the
624 431 113 75 nature
753 431 63 75 and
834 431 97 75 terms
947 431 40 75 of
999 431 55 75 the
1071 431 99 75 tranf-

137 477 116 75 atlion,
279 477 148 75 carrying
446 477 53 75 the
516 477 66 75 fum
600 477 36 75 to
650 477 56 75 the
722 477 296 75 money-columns;
1046 477 62 75 and
1125 477 47 75 in-

137 524 62 75 fert
217 524 53 75 the
288 524 162 75 quantity,
475 524 30 75 if
529 524 24 75 it
579 524 42 75 be
637 524 39 75 an
695 524 144 75 accompt
856 524 41 75 of
908 524 114 75 goods,
1050 524 64 75 <bc.
1141 524 32 75 in

136 570 55 75 the
208 570 90 75 inner
316 570 155 75 columns,
498 570 62 75 and
577 570 55 75 the
649 570 155 75 referring
821 570 102 75 figure
946 570 31 75 in
997 570 54 75 the
1075 570 97 75 folio-

136 617 139 75 column.

186 663 31 75 4.
243 663 95 75 Turn
356 663 78 75 next
452 663 34 75 to
502 663 56 75 the
576 663 139 75 creditor
732 663 41 75 of
783 663 56 75 the
855 663 133 75 Journal
1005 663 80 75 port,
1111 663 62 75 and

125 710 147 75 .proceed
298 710 31 75 in
359 710 54 75 the
441 710 82 75 fame
542 710 130 75 manner
689 710 78 75 with
786 710 37 75 it,
849 710 80 75 both
948 710 30 75 in
998 710 55 75 the
1068 710 106 75 Index

135 756 61 75 and
215 756 155 75 Ledger;
396 756 76 75 with
490 756 64 75 this
574 756 173 75 difference
764 756 89 75 only,
879 756 71 75 that
966 756 55 75 the
1037 756 95 75 entry
1147 756 26 75 is

135 803 36 75 to
188 803 39 75 be
253 803 92 75 made
362 803 84 75 upon
463 803 56 75 the
536 803 48 75 Cr
601 803 75 75 fide,
702 803 62 75 and
781 803 58 75 the
855 803 91 75 word
964 803 47 75 By
1029 803 145 75 prefixed

137 850 35 75 to
189 850 38 75 it.

187 896 31 75 5.
243 896 76 75 The
337 896 66 75 port
420 896 95 75 being
532 896 75 75 thus
624 896 130 75 entered
772 896 30 75 in
821 896 54 75 the
893 896 142 75 Ledger,
1062 896 110 75 return

137 942 35 75 to
189 942 55 75 the
273 942 147 75 Journal,
447 942 75 75 and,
548 942 40 75 on
612 942 55 75 the
685 942 134 75 margin,
846 942 90 75 mark
953 942 55 75 the
1026 942 95 75 folios
1139 942 41 75 of

135 988 56 75 the
208 988 175 75 accompts,
409 988 130 75 writing
555 988 55 75 the
625 988 77 75 folio
714 988 39 75 of
766 988 55 75 the
838 988 53 75 Dr
908 988 113 75 above,
1043 988 61 75 and
1118 988 55 75 the

137 1035 78 75 folio
232 1035 40 75 of
285 1035 54 75 the
357 1035 46 75 Cr
420 1035 116 75 below,
562 1035 17 75 a
598 1035 87 75 fmall
703 1035 62 75 line
778 1035 110 75 drawn
906 1035 144 75 between
1070 1035 101 75 them,

136 1081 87 75 thus,
254 1081 31 75 *.
350 1081 98 75 Fhefe
471 1081 154 75 marginal
644 1081 148 75 numbers
810 1081 30 75 in
859 1081 55 75 the
931 1081 136 75 Journal
1084 1081 53 75 are
1155 1081 18 75 a

136 1127 76 75 kind
229 1127 40 75 of
282 1127 103 75 Index
403 1127 35 75 to
452 1127 54 75 the
521 1127 140 75 Ledger,
688 1127 64 75 and
763 1127 54 75 are
829 1127 40 75 of
881 1127 53 75 ufe
946 1127 32 75 in
990 1127 183 75 examining

138 1174 54 75 the
208 1174 117 75 books,
349 1174 61 75 and
428 1174 40 75 on
487 1174 93 75 other
592 1174 171 75 occafions.

185 1223 35 75 6.
246 1223 39 75 In
302 1223 137 75 opening
456 1223 56 75 the
524 1223 161 75 accompts
698 1223 32 75 in
747 1223 56 75 the
821 1223 142 75 Ledger,
990 1223 112 75 follow
1117 1223 57 75 the

137 1267 97 75 order
259 1267 39 75 of
320 1267 53 75 the
391 1267 135 75 Journal
544 1267 10 75 ;
580 1267 69 75 that
677 1267 39 75 is,
742 1267 171 75 beginning
931 1267 78 75 with
1027 1267 55 75 the
1110 1267 64 75 firft

139 1313 131 75 Journal
290 1313 80 75 poft,
395 1313 94 75 allow
514 1313 54 75 the
585 1313 63 75 firll
666 1313 89 75 fpace
782 1313 33 75 in
832 1313 55 75 the
904 1313 129 75 Ledger
1050 1313 51 75 for
1117 1313 56 75 the

138 1360 54 75 Dr
209 1360 40 75 of
261 1360 37 75 it,
317 1360 55 75 the
385 1360 79 75 next
481 1360 51 75 for
549 1360 54 75 the
620 1360 60 75 Cr,
698 1360 55 75 the
767 1360 88 75 third
867 1360 50 75 for
932 1360 55 75 the
1006 1360 51 75 Dr
1075 1360 39 75 of
1118 1360 55 75 the

137 1405 167 75 following
321 1405 78 75 port,
426 1405 30 75 if
479 1405 24 75 it
520 1405 39 75 be
578 1405 55 75 not
650 1405 55 75 the
722 1405 83 75 fame
821 1405 78 75 with
927 1405 85 75 fome
1029 1405 40 75 of
1083 1405 91 75 thofe

138 1452 130 75 already
294 1452 121 75 opened
436 1452 9 75 ;
468 1452 63 75 and
558 1452 33 75 fo
619 1452 41 75 on
677 1452 50 75 till
755 1452 55 75 the
839 1452 105 75 whole
972 1452 134 75 Jonrnal
1135 1452 39 75 be

139 1499 213 75 tranfported.

186 1546 76 75 The
278 1546 101 75 above
395 1546 48 75 fix
459 1546 84 75 rules
560 1546 53 75 are
631 1546 124 75 formed
768 1546 51 75 for
831 1546 106 75 fimple
954 1546 95 75 ports,
1068 1546 107 75 where

139 1593 91 75 there
247 1593 27 75 is
291 1593 57 75 but
364 1593 61 75 one
442 1593 54 75 Dr
513 1593 61 75 and
591 1593 60 75 one
677 1593 65 75 Cr;
770 1593 57 75 but
845 1593 73 75 may
935 1593 94 75 cafily
1054 1593 40 75 be
1119 1593 54 75 ap-

139 1638 84 75 plied
240 1638 36 75 to
289 1638 150 75 complex
462 1638 97 75 ones:
584 1638 27 75 e.
624 1638 39 75 g.
689 1638 37 75 In
749 1638 82 75 ports
851 1638 104 75 where
968 1638 76 75 only
1061 1638 61 75 one
1139 1638 41 75 of

140 1684 56 75 the
213 1684 98 75 terms
324 1684 26 75 is
377 1684 161 75 complex,
563 1684 56 75 the
636 1684 106 75 fimple
759 1684 80 75 terra
857 1684 26 75 is
896 1684 131 75 entered
1055 1684 52 75 Dr
1125 1684 47 75 to,

140 1730 38 75 or
195 1730 47 75 Cr
257 1730 40 75 by
316 1730 155 75 Sundries
502 1730 37 75 or
554 1730 323 75 Sundry-accompts,
905 1730 154 75 referring
1073 1730 34 75 to
1119 1730 55 75 the

142 1778 135 75 Journal
296 1778 50 75 for
364 1778 202 75 particulars.
618 1778 76 75 And
712 1778 54 75 the
791 1778 96 75 fingle
913 1778 67 75 Drs
997 1778 37 75 or
1058 1778 63 75 Crs
1139 1778 40 75 of

142 1823 55 75 the
226 1823 150 75 complex
388 1823 93 75 term,
508 1823 53 75 are
578 1823 76 75 each
673 1823 38 75 of
724 1823 101 75 them,
847 1823 30 75 in
896 1823 84 75 their
1006 1823 169 75 refpeffive

142 1869 175 75 accompts,
345 1869 131 75 entered
485 1869 53 75 Dr
557 1869 47 75 to,
629 1869 39 75 or
684 1869 47 75 Cr
747 1869 43 75 by
807 1869 55 75 the
874 1869 108 75 fimple
995 1869 94 75 term.
1127 1869 45 75 A.-

142 1916 86 75 gain,
253 1916 31 75 in
304 1916 83 75 ports
405 1916 105 75 where
522 1916 79 75 both
619 1916 98 75 terms
729 1916 53 75 are
799 1916 160 75 complex,
979 1916 78 75 each
1077 1916 96 75 parti-

143 1962 87 75 cular
249 1962 51 75 Dr
314 1962 60 75 and
389 1962 47 75 Cr
453 1962 53 75 are
519 1962 131 75 entered
665 1962 51 75 Dr
727 1962 48 75 to,
788 1962 37 75 or
843 1962 47 75 Cr
903 1962 55 75 by,
978 1962 127 75 Sundry
1123 1962 51 75 ac-

144 2007 135 75 compts,
305 2007 80 75 with
400 2007 16 75 a
434 2007 161 75 reference
608 2007 35 75 to
659 2007 55 75 the
723 2007 140 75 journal,
883 2007 34 75 as
928 2007 120 75 before.
1099 2007 77 75 And

144 2056 76 75 here
237 2056 143 75 obferve,
406 2056 70 75 that
494 2056 38 75 an
554 2056 110 75 article
677 2056 40 75 of
736 2056 308 75 Sundry-accompts
1062 2056 55 75 has
1135 2056 42 75 no

147 2101 154 75 referring
324 2101 99 75 figure
443 2101 32 75 in
494 2101 54 75 the
568 2101 236 75 folio-column,
829 2101 130 75 becaufe
975 2101 26 75 it
1027 2101 98 75 refers
1143 2101 34 75 to

146 2147 119 75 feveral
284 2147 179 75 accompts:
487 2147 67 75 But
571 2147 62 75 this
651 2147 103 75 deleft
767 2147 26 75 is
811 2147 141 75 fupphed
966 2147 42 75 by
1026 2147 56 75 the
1095 2147 82 75 mar-

147 2195 84 75 ginal
248 2195 148 75 numbers
415 2195 38 75 of
467 2195 55 75 the
540 2195 145 75 Journal,
720 2195 104 75 which
854 2195 78 75 muft
951 2195 57 75 ftill
1038 2195 40 75 be
1103 2195 74 75 con-

147 2241 101 75 fulted
259 2241 111 75 before
388 2241 52 75 the
454 2241 187 75 particulars
653 2241 40 75 of
700 2241 55 75 the
767 2241 163 75 indefinite
942 2241 111 75 article
1070 2241 56 75 can
1139 2241 41 75 be

147 2289 39 75 be
205 2289 131 75 known.

148 2363 60 75 Ho
214 2363 34 75 10
269 2363 36 75 to
325 2363 190 75 tranfpofe
544 2363 53 75 an
626 2363 158 75 account
801 2363 106 75 from
927 2363 7 75 '
934 2363 66 75 One
1017 2363 100 75 folio
1145 2363 37 75 to

586 2416 170 75 another.

198 2494 126 75 When
354 2494 56 75 the
438 2494 92 75 fpace
546 2494 135 75 allotted
700 2494 49 75 for
766 2494 38 75 an
823 2494 147 75 accompt
987 2494 113 75 proves
1127 2494 56 75 too

151 2542 84 75 little
252 2542 4 75 :
286 2542 71 75 that
374 2542 38 75 is,
439 2542 92 75 when
549 2542 99 75 either
665 2542 58 75 the
747 2542 53 75 Dr
817 2542 36 75 or
870 2542 48 75 Cr
940 2542 76 75 fide,
1042 2542 37 75 or
1091 2542 91 75 both,

153 2587 53 75 are
225 2587 33 75 fo
274 2587 136 75 charged
424 2587 61 75 and
503 2587 87 75 filled
606 2587 74 75 with
693 2587 140 75 articles,
859 2587 70 75 that
947 2587 79 75 they
1035 2587 56 75 can
1106 2587 79 75 hold

154 2634 41 75 no
212 2634 89 75 more
316 2634 9 75 ;
352 2634 207 75 theacconipt
575 2634 78 75 muirt
670 2634 37 75 be
725 2634 181 75 tranfpofed
919 2634 33 75 to
965 2634 18 75 a
1000 2634 70 75 new
1081 2634 101 75 fpace:

153 2681 124 75 Which
291 2681 73 75 may
381 2681 40 75 be
437 2681 83 75 done
537 2681 41 75 by
596 2681 61 75 one
673 2681 36 75 or
726 2681 93 75 other
837 2681 39 75 of
887 2681 56 75 the
961 2681 149 75 methods
1124 2681 62 75 fol-

155 2728 132 75 lowing.

739 2728 5 75 .
744 2728 5 75 .

208 2773 31 75 1.
266 2773 38 75 In
322 2773 40 75 all
381 2773 164 75 accompts
561 2773 72 75 that
663 2773 82 75 have
770 2773 91 75 inner
890 2773 144 75 colamns
1054 2773 50 75 for
1131 2773 57 75 the

156 2821 187 75 quantities,
369 2821 75 75 fuch
458 2821 34 75 as
510 2821 161 75 Accompt
687 2821 39 75 of
745 2821 115 75 goods,
886 2821 65 75 ire.
974 2821 69 75 .add
1055 2821 41 75 up
1109 2821 81 75 both

1254 96 33 75 F.
1375 96 36 75 E
1496 96 35 75 P
1617 96 19 75 I
1723 96 44 75 N
1853 96 50 75 G.

1216 155 54 75 the
1281 155 52 75 Dr
1343 155 61 75 and
1421 155 48 75 Cr
1485 155 90 75 fides,
1589 155 62 75 and
1662 155 116 75 charge
1791 155 54 75 the
1859 155 70 75 new
1937 155 143 75 accompt
2088 155 53 75 Dr
2152 155 32 75 to
2194 155 55 75 the

1225 201 69 75 old,
1320 201 50 75 for
1388 201 54 75 the
1458 201 80 75 total
1556 201 40 75 of
1608 201 54 75 the
1681 201 52 75 Dr
1751 201 83 75 fide;
1861 201 62 75 and
1940 201 90 75 make
2048 201 55 75 the
2126 201 54 75 old
2197 201 53 75 ac-

1225 249 108 75 compt
1351 249 51 75 Dr
1415 249 34 75 to
1466 249 54 75 the
1537 249 81 75 new,
1639 249 49 75 for
1705 249 54 75 the
1777 249 80 75 total
1874 249 41 75 of
1925 249 54 75 the
1992 249 47 75 Cr
2056 249 73 75 fide.
2156 249 96 75 Thus

1226 295 54 75 the
1305 295 55 75 old
1378 295 144 75 accompt
1540 295 64 75 will
1634 295 40 75 be
1689 295 120 75 evened
1824 295 9 75 ;
1857 295 71 75 that
1945 295 39 75 is,
2009 295 56 75 the
2081 295 83 75 fums
2189 295 63 75 and

1225 342 171 75 quantities
1410 342 40 75 on
1465 342 79 75 both
1568 342 79 75 fides
1664 342 64 75 will
1747 342 39 75 be
1805 342 115 75 equal;
1947 342 61 75 and
2025 342 54 75 the
2105 342 69 75 new
2198 342 53 75 ac-

1224 387 108 75 compt
1360 387 66 75 will
1451 387 124 75 exhibit
1594 387 55 75 the
1676 387 84 75 fame
1777 387 81 75 films
1882 387 60 75 and
1961 387 173 75 quantities
2151 387 40 75 on
2209 387 42 75 its

1225 433 52 75 Dr
1294 433 63 75 and
1374 433 48 75 Cr
1443 433 92 75 fides,
1561 433 72 75 that
1648 433 56 75 the
1721 433 55 75 old
1792 433 68 75 did,
1886 433 111 75 before
2011 433 27 75 it
2058 433 63 75 was
2150 433 101 75 tranf-

1224 480 104 75 pofed.

1274 527 30 75 2.
1331 527 38 75 In
1387 527 162 75 accompts
1565 527 71 75 that
1651 527 82 75 have
1762 527 42 75 no
1828 527 88 75 inner
1933 527 156 75 columns,
2115 527 73 75 fuch
2215 527 36 75 as

1223 572 149 75 Perfonal
1389 572 176 75 accompts,
1591 572 259 75 Cafti-accompt,
1876 572 102 75 Profit
1991 572 61 75 and
2070 572 96 75 Lofs,
2185 572 67 75 &c,

1223 620 106 75 where
1346 620 55 75 the
1417 620 172 75 difference
1605 620 138 75 betwixt
1760 620 54 75 the
1832 620 65 75 two
1914 620 78 75 fides
2014 620 26 75 is
2058 620 75 75 only
2151 620 99 75 confi-

1222 665 111 75 dered,
1359 665 24 75 it
1400 665 27 75 is
1445 665 167 75 fufficient,
1637 665 83 75 after
1737 665 118 75 adding
1872 665 42 75 up
1932 665 77 75 both
2028 665 91 75 fides,
2144 665 34 75 as
2195 665 57 75 be-

1223 710 81 75 fore,
1330 710 35 75 to
1381 710 93 75 carry
1491 710 54 75 the
1563 710 129 75 balance
1709 710 36 75 or
1761 710 173 75 difference
1958 710 76 75 only
2059 710 34 75 to
2109 710 55 75 the
2181 710 71 75 new

1223 757 157 75 accompt,
1406 757 44 75 by
1466 757 129 75 making
1611 757 27 75 it
1656 757 52 75 Dr
1725 757 34 75 to
1777 757 54 75 the
1848 757 67 75 old,
1942 757 52 75 for
2016 757 56 75 the
2099 757 65 75 faid
2194 757 57 75 ba-

1223 802 101 75 lance,
1349 802 30 75 if
1391 802 54 75 the
1463 802 50 75 Dr
1532 802 62 75 fide
1610 802 40 75 of
1662 802 57 75 the
1734 802 55 75 old
1814 802 39 75 be
1877 802 135 75 heavieft
2024 802 9 75 ;
2062 802 55 75 but
2143 802 28 75 if
2195 802 57 75 the

1225 849 46 75 Cr
1288 849 61 75 fide
1377 849 39 75 be
1433 849 147 75 heavieft,
1607 849 76 75 then
1708 849 116 75 charge
1840 849 56 75 the
1913 849 55 75 old
1985 849 143 75 accompt
2147 849 52 75 Dr
2216 849 36 75 to

1225 895 54 75 the
1292 895 81 75 new.
1424 895 61 75 See
1498 895 54 75 N
1577 895 27 75 1.
1627 895 62 75 and
1704 895 55 75 61.

1273 943 99 75 Aote.
1391 943 77 75 The
1485 943 133 75 number
1641 943 40 75 of
1693 943 54 75 the
1771 943 80 75 folio
1867 943 40 75 on
1921 943 105 75 which
2043 943 56 75 the
2116 943 70 75 new
2198 943 52 75 ac-

1224 988 107 75 compt
1348 988 25 75 is
1391 988 135 75 opened,
1552 988 78 75 muft
1647 988 40 75 be
1702 988 137 75 inferted
1857 988 31 75 in
1901 988 54 75 the
1970 988 115 75 Index,
2105 988 63 75 and
2185 988 65 75 alfo

1227 1034 31 75 in
1284 1034 55 75 the
1356 1034 223 75 folio-column
1596 1034 40 75 of
1650 1034 53 75 the
1721 1034 54 75 old
1792 1034 166 75 accompt;
1985 1034 60 75 and
2069 1034 105 75 again,
2194 1034 56 75 the

1224 1082 228 75 folio-number
1469 1082 39 75 of
1519 1082 55 75 the
1590 1082 56 75 old
1664 1082 77 75 muft
1759 1082 39 75 be
1826 1082 127 75 written
1971 1082 31 75 in
2019 1082 54 75 the
2099 1082 150 75 folio-co-

1224 1128 87 75 lumn
1324 1128 38 75 of
1376 1128 54 75 the
1443 1128 70 75 new
1531 1128 10 75 ;
1565 1128 70 75 that
1653 1128 54 75 the
1724 1128 200 75 accomptant
1948 1128 72 75 may
2038 1128 120 75 readily
2176 1128 75 75 turn

1223 1175 84 75 from
1324 1175 56 75 the
1392 1175 60 75 one
1460 1175 34 75 to
1507 1175 55 75 the
1577 1175 106 75 other,
1710 1175 33 75 as
1762 1175 140 75 occafion
1910 1175 155 75 requires,

1426 1247 93 75 Hqvj
1537 1247 61 75 the
1615 1247 116 75 Books
1748 1247 63 75 are
1834 1247 212 75 examined.

1269 1316 56 75 An
1356 1316 199 75 accomptant
1583 1316 108 75 rtiould
1721 1316 39 75 be
1784 1316 32 75 at
1834 1316 41 75 all
1892 1316 189 75 imaginable
2105 1316 88 75 pains
2217 1316 33 75 in

1222 1363 100 75 filling
1350 1363 42 75 up
1419 1363 56 75 the
1502 1363 114 75 books,
1642 1363 35 75 to
1705 1363 91 75 make
1819 1363 86 75 them
1922 1363 94 75 exaft
2032 1363 61 75 and
2110 1363 140 75 correft:

1223 1408 65 75 But
1305 1408 33 75 as
1358 1408 105 75 errors
1481 1408 78 75 nauft
1574 1408 135 75 happen,
1732 1408 57 75 the
1800 1408 214 75 examination
2027 1408 39 75 of
2078 1408 54 75 the
2150 1408 104 75 books

1223 1455 83 75 after
1322 1455 78 75 they
1416 1455 53 75 are
1485 1455 127 75 written
1639 1455 42 75 up
1698 1455 145 75 becomes
1862 1455 178 75 ablolutely
2056 1455 166 75 neceffary.

1275 1501 29 75 1.
1329 1501 76 75 The
1425 1501 214 75 Wafte-book
1665 1501 93 75 being
1782 1501 54 75 the
1862 1501 63 75 firft
1949 1501 62 75 and
2036 1501 216 75 fundamental

1223 1548 97 75 book,
1346 1548 54 75 the
1413 1548 75 75 only
1501 1548 107 75 means
1621 1548 58 75 left
1693 1548 51 75 for
1756 1548 198 75 difeovering
1967 1548 104 75 errors
2084 1548 31 75 in
2128 1548 38 75 it,
2183 1548 68 75 are,

1223 1594 18 75 a
1265 1594 120 75 careful
1410 1594 131 75 reading
1565 1594 39 75 of
1624 1594 37 75 it,
1688 1594 61 75 and
1768 1594 183 75 comparing
1969 1594 25 75 it
2019 1594 75 75 with
2121 1594 54 75 the
2197 1594 55 75 ac-

1223 1640 188 75 comptants
1430 1640 153 75 memory,
1609 1640 37 75 or
1662 1640 55 75 the
1736 1640 93 75 Book
1854 1640 39 75 of
1911 1640 121 75 letters,
2059 1640 37 75 or
2120 1640 131 75 Letters

1222 1686 39 75 of
1273 1686 275 75 correfpondenis,
1566 1686 95 75 Bills,
1679 1686 157 75 Invoices,
1855 1686 64 75 iye.
1936 1686 10 75 ;
1970 1686 36 75 or
2019 1686 135 75 pethaps
2166 1686 86 75 fome

1223 1733 146 75 accident
1386 1733 37 75 or
1440 1733 223 75 circumftance
1680 1733 71 75 may
1769 1733 123 75 happen
1909 1733 34 75 to
1968 1733 92 75 bring
2085 1733 107 75 things
2217 1733 36 75 to

1224 1779 247 75 remembrance.
1522 1779 79 75 And
1618 1779 76 75 this,
1724 1779 77 75 with
1820 1779 116 75 carting
1961 1779 42 75 up
2027 1779 56 75 the
2107 1779 83 75 fums
2217 1779 42 75 of

1223 1826 115 75 money
1357 1826 99 75 anew,
1482 1826 25 75 is
1525 1826 41 75 all
1584 1826 70 75 that
1672 1826 58 75 can
1747 1826 40 75 be
1803 1826 96 75 done.

1272 1874 17 75 2
1332 1874 37 75 In
1388 1874 131 75 revifing
1536 1874 54 75 the
1608 1874 145 75 Journal,
1779 1874 146 75 compare
1937 1874 78 75 each
2029 1874 65 75 poft
2108 1874 77 75 with
2198 1874 57 75 the

1226 1917 224 75 Warte-book,
1480 1917 34 75 to
1532 1917 48 75 fee
1601 1917 30 75 if
1655 1917 55 75 the
1727 1917 82 75 fums
1827 1917 38 75 of
1878 1917 115 75 money
2011 1917 38 75 be
2067 1917 98 75 right,
2192 1917 64 75 and

1225 1963 143 75 whether
1382 1963 57 75 the
1456 1963 157 75 narrative
1630 1963 37 75 or
1683 1963 108 75 reafon
1808 1963 39 75 of
1858 1963 54 75 the
1929 1963 93 75 entry
2035 1963 38 75 be
2081 1963 100 75 juftly
2197 1963 59 75 ex-

1225 2013 131 75 preffed.
1405 2013 106 75 Next,
1537 2013 153 75 Confider
1715 2013 144 75 whether
1882 2013 55 75 the
1954 2013 70 75 true
2044 2013 52 75 Dr
2120 2013 62 75 and
2207 2013 48 75 Cr

1225 2061 52 75 are
1295 2061 154 75 affigned;
1475 2061 75 75 and,
1576 2061 82 75 after
1683 2061 117 75 having
1817 2061 73 75 thus
1908 2061 159 75 narrowly
2084 2061 171 75 examined

1226 2107 55 75 the
1297 2107 95 75 ports,
1418 2107 59 75 and
1504 2107 162 75 correfted
1688 2107 85 75 what
1791 2107 140 75 happens
1949 2107 34 75 to
2000 2107 39 75 be
2058 2107 120 75 wrong,
2204 2107 51 75 re-

1226 2153 74 75 turn
1319 2153 34 75 to
1370 2153 54 75 the
1441 2153 225 75 Warte-book,
1696 2153 75 75 and,
1797 2153 40 75 on
1854 2153 56 75 the
1928 2153 119 75 margin
2065 2153 138 75 oppofite
2220 2153 36 75 to

1228 2199 54 75 the
1299 2199 119 75 revifed
1437 2199 87 75 port,,
1541 2199 90 75 make
1649 2199 17 75 a
1682 2199 73 75 dalh
1773 2199 76 75 with
1867 2199 55 75 the
1939 2199 74 75 pen,
2034 2199 87 75 thus,
2158 2199 44 75 /,
2222 2199 35 75 to

1228 2246 112 75 fignify
1357 2246 69 75 that
1443 2246 55 75 the
1515 2246 134 75 Journal
1674 2246 55 75 has
1748 2246 78 75 been
1844 2246 172 75 compared
2033 2246 78 75 with
2129 2246 38 75 it,
2194 2246 64 75 and

1229 2292 99 75 found
1346 2292 97 75 right.

1279 2337 30 75 3.
1335 2337 77 75 The
1428 2337 130 75 Ledger
1574 2337 26 75 is
1617 2337 121 75 revifed
1755 2337 37 75 or
1809 2337 181 75 examined,
2015 2337 43 75 by
2075 2337 185 75 comparing

1230 2371 24 75 it
1272 2371 77 75 with
1367 2371 53 75 the
1435 2371 145 75 Journal,
1606 2371 32 75 in
1651 2371 54 75 the
1718 2371 130 75 manner
1865 2371 166 75 following
2092 2371 75 75 Tak
2205 2371 55 75 the

1232 2430 144 75 Journal,
1396 2430 73 75 and,
1495 2430 171 75 beginning
1684 2430 75 75 with
1779 2430 53 75 the
1851 2430 60 75 firft
1931 2430 79 75 poll,
2037 2430 72 75 turn
2127 2430 51 75 (as
2204 2430 56 75 the

1233 2478 150 75 marginal
1397 2478 147 75 numbers
1556 2478 116 75 direft)
1687 2478 35 75 to
1735 2478 53 75 the
1802 2478 78 75 folio
1893 2478 39 75 of
1943 2478 56 75 the
2012 2478 128 75 Ledger
2154 2478 107 75 where

1233 2525 53 75 the
1305 2525 51 75 Dr
1374 2525 39 75 of
1425 2525 54 75 the
1496 2525 64 75 faid
1577 2525 66 75 poft
1661 2525 115 75 ftands,
1802 2525 61 75 and
1880 2525 48 75 fee
1942 2525 142 75 whether
2094 2525 24 75 it
2131 2525 20 75 b
2183 2525 80 75 duly

1234 2571 147 75 entered:
1408 2571 87 75 And,
1514 2571 83 75 upon
1616 2571 119 75 finding
1748 2571 25 75 it
1790 2571 82 75 right
1913 2571 48 75 ret
1974 2571 47 75 urn
2039 2571 36 75 to
2095 2571 52 75 -he
2164 2571 99 75 Jour-

1234 2616 64 75 nal,
1324 2616 59 75 and
1402 2616 77 75 affix
1496 2616 35 75 to
1547 2616 55 75 the
1620 2616 151 75 marginal
1791 2616 132 75 number
1940 2616 34 75 of
1999 2616 56 75 the
2078 2616 64 75 faid
2168 2616 44 75 D.
2244 2616 20 75 a

1236 2663 54 75 dot
1303 2663 37 75 or
1354 2663 99 75 point,
1473 2663 74 75 thus
1567 2663 73 75 [.],
1659 2663 33 75 to
1705 2663 81 75 (hew
1799 2663 69 75 that
1881 2663 24 75 it
1919 2663 54 75 ha?
1986 2663 79 75 been
2079 2663 183 75 examined.

1236 2710 106 75 Next,
1367 2710 94 75 Turn
1489 2710 35 75 to
1552 2710 55 75 the
1635 2710 79 75 folio
1743 2710 104 75 where
1863 2710 55 75 the
1934 2710 43 75 Ct
2000 2710 24 75 is
2043 2710 119 75 ported,
2188 2710 75 75 and,

1239 2757 86 75 upon
1354 2757 119 75 finding
1488 2757 27 75 it
1540 2757 98 75 right,
1665 2757 37 75 or
1727 2757 80 75 after
1835 2757 97 75 corre.
1947 2757 65 75 ling
2039 2757 25 75 it
2089 2757 29 75 if
2139 2757 124 75 wrong,

1239 2804 109 75 return
1375 2804 35 75 to
1436 2804 56 75 the
1516 2804 149 75 Journal,
1691 2804 64 75 and
1782 2804 77 75 affix
1883 2804 20 75 a
1918 2804 58 75 dot
1993 2804 34 75 to
2043 2804 42 75 its
2109 2804 155 75 referring
