2381 3327
541 149 215 75 AIN

1114 149 19 75 (
1192 149 16 75 5

201 218 78 75 pita!
303 218 64 75 aid,
392 218 64 75 dwe
479 218 35 75 to
541 218 55 75 the
612 218 92 75 chief
722 218 73 75 lord
811 218 42 75 on
869 218 119 75 feveral
1009 218 172 75 occafions,

202 264 47 75 as,
273 264 36 75 to
325 264 91 75 make
433 264 49 75 his
498 264 99 75 eldeft
612 264 54 75 fon
684 264 19 75 a
717 264 127 75 knight,
869 264 35 75 to
920 264 93 75 make
1022 264 44 75 up
1079 264 18 75 a
1108 264 75 75 por-

203 310 67 75 tion
288 310 52 75 for
354 310 163 75 marrying
533 310 49 75 his
598 310 171 75 daughter,
787 310 64 75 &c.

158 357 103 75 Royal
274 357 92 75 Aid,
391 357 38 75 an
446 357 193 75 appellation
662 357 181 75 lometimes
859 357 94 75 given
969 357 36 75 to
1021 357 56 75 the
1092 357 92 75 land-

158 450 127 75 A1DS,
310 450 33 75 in
361 450 54 75 the
431 450 125 75 French
573 450 148 75 cuftoms,
736 450 122 75 certain
874 450 104 75 duties
995 450 75 75 paid
1085 450 41 75 on
1143 450 43 75 all

205 494 99 75 goods
321 494 160 75 exported
496 494 37 75 or
552 494 161 75 imported
728 494 68 75 into
812 494 72 75 that
899 494 166 75 kingdom.

158 541 100 75 Ceurt
274 541 44 75 of
322 541 115 75 Kins,
462 541 32 75 in
511 541 134 75 France,
671 541 19 75 a
705 541 164 75 fovereign
892 541 93 75 court
1002 541 185 75 ellablilhed

204 588 32 75 in
253 588 120 75 fcveral
392 588 103 75 cities,
520 588 106 75 which
649 588 58 75 has
735 588 194 75 cognizance
953 588 42 75 of
1014 588 43 75 all
1078 588 107 75 caufes

205 632 136 75 relating
364 632 35 75 to
415 632 55 75 the
487 632 105 75 taxes,
617 632 123 75 gabels,
765 632 63 75 and
845 632 80 75 aids.

163 680 114 75 Aids,
301 680 33 75 in
357 680 57 75 the
436 680 142 75 menage,
610 680 53 75 are
691 680 55 75 the
774 680 83 75 fame
884 680 79 75 with
990 680 88 75 what
1104 680 85 75 fome

206 726 124 75 writers
346 726 61 75 call
424 726 209 75 cherijbings,
658 726 63 75 and
736 726 77 75 ufed
824 726 35 75 to
875 726 95 75 avoid
991 726 56 75 the
1063 726 123 75 neceffi-

206 773 34 75 ty
257 773 40 75 of
314 773 204 75 corre&ions.

252 818 76 75 The
343 818 91 75 inner
444 818 52 75 he'
496 818 34 75 d,
547 818 91 75 inner
653 818 64 75 leg,
742 818 91 75 inner
849 818 81 75 rein,
948 818 67 75 i&c.
1040 818 53 75 are
1108 818 78 75 call-

205 866 41 75 ed
270 866 96 75 inner
382 866 71 75 aids
467 866 11 75 ;
518 866 33 75 as
580 866 56 75 the
663 866 93 75 outer
779 866 86 75 heel,
891 866 92 75 outer
1006 866 64 75 leg,
1095 866 92 75 outer

208 911 82 75 rein,
408 911 53 75 are
478 911 105 75 called
607 911 90 75 ou/er
711 911 87 75 aids.

159 958 99 75 Aids
276 958 43 75 of
325 958 127 75 aflizers
469 958 43 75 cf
520 958 104 75 wood.
674 958 63 75 See
752 958 188 75 Assizer.

158 1003 274 75 A1DINELLI,
458 1003 37 75 or
511 1003 217 75 Aidin-ili,
753 1003 56 75 the
832 1003 135 75 modern
994 1003 38 75 or
1046 1003 143 75 Turkilh

205 1048 90 75 name
312 1048 40 75 of
363 1048 146 75 Natolia,
534 1048 39 75 or
589 1048 110 75 Leffer
716 1048 87 75 Afia.
854 1048 61 75 See
931 1048 201 75 Natolia.

160 1098 165 75 AIELO,
350 1098 38 75 or
403 1098 171 75 Aiello,
600 1098 18 75 a
633 1098 91 75 fmall
752 1098 87 75 town
856 1098 40 75 of
907 1098 55 75 the
979 1098 152 75 kingdom
1155 1098 41 75 of

204 1143 136 75 Naples,
363 1143 34 75 in
422 1143 55 75 the
499 1143 138 75 Farther
662 1143 174 75 Abruzzo,
861 1143 79 75 with
972 1143 56 75 the
1056 1143 72 75 title
1154 1143 42 75 of

205 1188 149 75 Dutchy.

159 1235 356 75 AIGHENDALE,,
541 1235 55 75 the
613 1235 91 75 name
720 1235 41 75 of
781 1235 18 75 a
813 1235 106 75 liquid
945 1235 140 75 meafure
1113 1235 77 75 ufed

204 1282 33 75 in
253 1282 205 75 Lancafliire,
485 1282 183 75 containing
684 1282 92 75 feven
794 1282 125 75 quarts.

159 1327 320 75 A1GITHALUS,
503 1327 33 75 in
560 1327 219 75 ornithology,
806 1327 39 75 an
868 1327 141 75 obfolete
1036 1327 91 75 name
1152 1327 40 75 of

208 1374 55 75 the
279 1374 95 75 parus
391 1374 38 75 or
443 1374 161 75 titmoufe.
655 1374 62 75 See
734 1374 143 75 Parus.

159 1421 168 75 A1GLE,
351 1421 32 75 in
407 1421 197 75 geography,
629 1421 56 75 the
701 1421 92 75 name
809 1421 40 75 of
860 1421 19 75 a
894 1421 87 75 town
998 1421 41 75 of
1050 1421 135 75 France,

207 1467 31 75 in
254 1467 54 75 the
319 1467 128 75 Higher
458 1467 212 75 Normandy;
690 1467 64 75 alfo
763 1467 41 75 of
812 1467 19 75 a
843 1467 210 75 promontory
1061 1467 31 75 in
1105 1467 80 75 Pro-

205 1513 111 75 vence,
341 1513 89 75 lying
445 1513 185 75 fouthward
646 1513 41 75 of
697 1513 56 75 the
771 1513 67 75 city
854 1513 40 75 of
905 1513 142 75 Ciotad;
1074 1513 62 75 and
1152 1513 41 75 of

206 1560 20 75 a
241 1560 87 75 town
344 1560 63 75 and
423 1560 119 75 diftrift
562 1560 42 75 of
621 1560 228 75 Switzerland,
875 1560 33 75 in
935 1560 55 75 the
1018 1560 114 75 canton
1153 1560 40 75 of

207 1606 99 75 Bern.

160 1652 167 75 AIGR.E,
352 1652 20 75 a
388 1652 84 75 river
489 1652 40 75 of
540 1652 135 75 France,
693 1652 169 75 otherwife
879 1652 104 75 called
997 1652 102 75 Egre.
1127 1652 61 75 See

182 1680 2 49 1
207 1698 56 75 the
283 1698 112 75 article
410 1698 126 75 Egre.

161 1743 269 75 AIGLETTE,
456 1743 33 75 in
512 1743 164 75 heraldry.
726 1743 178 75 Eaglet.

161 1789 272 75 AIGRETTA,
458 1789 33 75 in
507 1789 219 75 ornithology,
752 1789 39 75 an
807 1789 141 75 obfolete
965 1789 91 75 name
1076 1789 40 75 of
1133 1789 55 75 the

209 1836 95 75 ardea
320 1836 83 75 alba.
453 1836 62 75 See
533 1836 151 75 Ardea.

160 1883 313 75 AIGUE-~marine.
523 1883 63 75 See
600 1883 112 75 Aqua
736 1883 144 75 marina.

162 1929 292 75 AIGUILLON,
472 1929 271 75 orEcuiLLON’,
761 1929 19 75 a
791 1929 89 75 fmall
896 1929 87 75 town
999 1929 40 75 of
1052 1929 134 75 France,

208 1976 33 75 in
257 1976 55 75 the
328 1976 150 75 province
494 1976 40 75 of
545 1976 163 75 Guienne,
736 1976 136 75 fituated
887 1976 32 75 at
936 1976 55 75 the
1007 1976 130 75 conflux
1153 1976 41 75 of

209 2021 56 75 the
282 2021 99 75 rivers
398 2021 155 75 Garonne
569 2021 63 75 and
647 2021 82 75 Lot.

168 2068 246 75 AIGUISCE,
432 2068 203 75 Aiguisse,
654 2068 240 75 orEcuiscE,
911 2068 32 75 in
954 2068 163 75 heraldry,
1133 2068 56 75 de-

210 2114 91 75 notes
318 2114 19 75 a
352 2114 84 75 crofs
453 2114 78 75 with
546 2114 42 75 its
614 2114 76 75 four
716 2114 78 75 ends
822 2114 183 75 lharpened,
1030 2114 58 75 but
1102 2114 35 75 fo
1153 2114 35 75 as

210 2161 35 75 to
260 2161 167 75 terminate
449 2161 33 75 in
499 2161 110 75 obtufe
626 2161 121 75 angles.

257 2206 31 75 It
305 2206 111 75 differs
433 2206 85 75 from
534 2206 56 75 the
605 2206 84 75 crofs
712 2206 128 75 fitchee,
865 2206 32 75 in
915 2206 33 75 as
965 2206 94 75 much
1083 2206 34 75 as
1133 2206 56 75 the

214 2252 98 75 latter
334 2252 106 75 tapers
461 2252 44 75 by
528 2252 134 75 degrees
686 2252 36 75 to
748 2252 19 75 a
789 2252 104 75 point,
919 2252 63 75 and
996 2252 55 75 the
1067 2252 122 75 former

210 2299 77 75 only
302 2299 33 75 at
350 2299 55 75 the
422 2299 91 75 ends.

163 2345 130 75 AILE,
328 2345 36 75 or
384 2345 115 75 Aiel,
524 2345 32 75 in
578 2345 74 75 law,
678 2345 19 75 a
723 2345 74 75 writ
816 2345 107 75 which
950 2345 58 75 lies
1035 2345 108 75 where
1171 2345 19 75 a

210 2389 140 75 fierfon’s
390 2389 220 75 grandfather,
656 2389 37 75 or
731 2389 328 75 great-grandfather,
1097 2389 94 75 being

227 2436 83 75 eifed
338 2436 40 75 of
398 2436 105 75 lands,
529 2436 64 75 tec.
618 2436 32 75 in
670 2436 51 75 fee
748 2436 108 75 Ample
878 2436 56 75 the
960 2436 64 75 day
1050 2436 71 75 that
1146 2436 42 75 he

210 2483 87 75 died,
322 2483 64 75 and
401 2483 19 75 a
435 2483 139 75 flranger
601 2483 107 75 abates
733 2483 38 75 or
794 2483 104 75 enters
926 2483 55 75 the
1005 2483 83 75 fame
1111 2483 76 75 day,

212 2529 63 75 and
291 2529 192 75 difpoflefles
500 2529 54 75 the
574 2529 71 75 heir
661 2529 41 75 of
712 2529 49 75 his
778 2529 209 75 inheritance.

164 2574 290 75 AILESBURY,
479 2574 55 75 the
561 2574 121 75 county
705 2574 88 75 town
809 2574 41 75 of
872 2574 315 75 Buckinghamshire,

197 2621 148 75 .fituated
362 2621 77 75 near
453 2621 56 75 the
527 2621 158 75 Thames,
711 2621 96 75 about
822 2621 181 75 forty-four
1018 2621 91 75 miles
1125 2621 62 75 W.

211 2669 41 75 of
261 2669 152 75 London.
462 2669 33 75 It
529 2669 91 75 fends
654 2669 65 75 two
745 2669 157 75 members
928 2669 35 75 to
988 2669 199 75 parliament,

210 2715 63 75 and
299 2715 87 75 gives
416 2715 55 75 the
500 2715 72 75 title
592 2715 40 75 of
653 2715 74 75 earl
751 2715 36 75 to
811 2715 56 75 the
894 2715 96 75 noble
1014 2715 112 75 family
1154 2715 40 75 of

211 2759 119 75 Bruce.
379 2759 61 75 W.
457 2759 90 75 long.
569 2759 55 75 16.
641 2759 55 75 55.
722 2759 47 75 N.
787 2759 57 75 lat.
870 2759 56 75 51.
941 2759 57 75 40.

164 2806 91 75 AIM
259 2806 210 75 ARGUES,
495 2806 19 75 a
537 2806 89 75 fmall
653 2806 87 75 towm
761 2806 39 75 of
819 2806 134 75 France,
977 2806 33 75 in
1038 2806 56 75 the
1114 2806 73 75 pro-

211 2853 89 75 vince
317 2853 39 75 of
368 2853 209 75 Languedoc,
602 2853 63 75 and
680 2853 123 75 diocefe
821 2853 41 75 of
875 2853 140 75 Nifraes.

164 2900 101 75 AIN,
290 2900 19 75 a
329 2900 82 75 river
432 2900 39 75 of
490 2900 136 75 France,
650 2900 118 75 which,
794 2900 83 75 after
892 2900 154 75 watering
1064 2900 69 75 part
1151 2900 41 75 of

211 2945 144 75 Ftanche
378 2945 118 75 Comte
520 2945 63 75 and
598 2945 119 75 Brefle,
742 2945 73 75 falls
835 2945 70 75 into
920 2945 56 75 the
992 2945 130 75 Rhone,
1152 2945 32 75 a-

208 2992 82 75 bout
309 2992 72 75 four
398 2992 128 75 leagues
545 2992 99 75 above
661 2992 129 75 Lyons.

1223 151 18 75 2
1302 151 18 75 )

1673 151 211 75 AIR

1233 213 292 75 AIPIMIXIRA,
1550 213 32 75 in
1598 213 222 75 ichthyology,
1845 213 55 75 the
1921 213 174 75 American
2111 213 89 75 name
2222 213 40 75 of

1282 260 19 75 a
1315 260 55 75 filh
1387 260 104 75 called
1502 260 146 75 pudano.

1234 308 98 75 AIR,
1359 308 18 75 a
1403 308 71 75 thin
1498 308 196 75 trapfparent
1721 308 79 75 fluid
1829 308 108 75 which
1964 308 212 75 encompafles
2203 308 56 75 the

1282 352 95 75 globe
1393 352 39 75 of
1445 352 54 75 the
1519 352 91 75 earth
1626 352 36 75 to
1678 352 19 75 a
1721 352 214 75 confiderable
1951 352 125 75 height.
2125 352 66 75 For
2202 352 57 75 the

1281 398 132 75 weight,
1438 398 149 75 pcelfure,
1612 398 166 75 elafticity,
1804 398 64 75 6c.
1901 398 40 75 of
1963 398 58 75 air,
2054 398 50 75 fee
2136 398 123 75 Pneu-

1286 445 160 75 matics.

1235 493 91 75 Air,
1351 493 33 75 in
1408 493 167 75 medicine,
1601 493 60 75 one
1686 493 40 75 of
1744 493 56 75 the
1820 493 48 75 fix
1890 493 233 75 non-naturals,
2149 493 62 75 and
2227 493 32 75 as

1281 537 140 75 eflential
1437 537 35 75 to
1488 537 56 75 the
1560 537 57 75 life
1634 537 39 75 of
1686 537 130 75 animals
1833 537 34 75 as
1891 537 91 75 food,
2008 537 38 75 or
2072 537 63 75 any
2150 537 40 75 of
2202 537 56 75 the

1283 583 151 75 ordinary
1449 583 214 75 evacuations.

1235 631 91 75 Air,
1352 631 32 75 in
1401 631 203 75 mythology,
1629 631 64 75 was
1711 631 119 75 adored
1845 631 45 75 by
1912 631 55 75 the
1990 631 153 75 heathens
2160 631 102 75 under

1283 676 55 75 the
1354 676 107 75 names
1473 676 40 75 of
1524 676 127 75 Jupiter
1667 676 63 75 and
1746 676 85 75 Juno
1845 676 11 75 ;
1882 676 55 75 the
1954 676 118 75 former
2084 676 175 75 reprefent-

1282 722 54 75 ing
1360 722 55 75 the
1433 722 142 75 fuperior
1599 722 64 75 and
1687 722 79 75 finer
1787 722 73 75 part
1882 722 41 75 of
1952 722 56 75 the
2046 722 213 75 atmofphere,

1284 768 62 75 and
1362 768 56 75 the
1433 768 97 75 latter
1543 768 54 75 the
1614 768 132 75 inferior
1762 768 63 75 and
1840 768 119 75 grofler
1981 768 84 75 part.
2112 768 78 75 The
2206 768 55 75 au-

1283 815 75 75 gurs
1381 815 66 75 alfo
1472 815 91 75 drew
1590 815 145 75 prefages
1762 815 87 75 from
1876 815 57 75 the
1960 815 125 75 clouds,
2111 815 151 75 thunder,

1283 861 170 75 lightning,
1480 861 64 75 6c.

1236 908 92 75 Air,
1352 908 33 75 in
1410 908 154 75 painting,
1591 908 65 75 6c.
1689 908 133 75 denotes
1850 908 57 75 the
1939 908 131 75 manner
2093 908 63 75 and
2181 908 80 75 very

1283 954 58 75 life
1356 954 41 75 of
1407 954 122 75 aftion;
1555 954 38 75 or
1607 954 27 75 it
1648 954 27 75 is
1692 954 73 75 that
1784 954 107 75 which
1910 954 159 75 exprefles
2085 954 55 75 the
2156 954 105 75 difpo-

1285 1000 92 75 fition
1393 1000 39 75 of
1444 1000 55 75 the
1516 1000 107 75 agent.

1334 1046 31 75 It
1381 1046 27 75 is
1424 1046 178 75 fometimes
1615 1046 63 75 alfo
1690 1046 77 75 ufed
1778 1046 33 75 in
1828 1046 19 75 a
1861 1046 174 75 fomewhat
2050 1046 211 75 fynonymous

1285 1093 86 75 fenfe
1387 1093 80 75 with
1483 1093 123 75 gefture
1622 1093 37 75 or
1676 1093 149 75 attitude.

1239 1141 92 75 Air,
1356 1141 33 75 in
1406 1141 107 75 mufic,
1538 1141 134 75 denotes
1698 1141 56 75 the
1780 1141 131 75 melody
1935 1141 117 75 proper
2078 1141 52 75 for
2156 1141 106 75 fongs,

1286 1186 90 75 odes,
1401 1186 62 75 and
1478 1186 55 75 the
1548 1186 84 75 like;
1658 1186 96 75 being
1776 1186 122 75 ufually
1914 1186 97 75 quick
2027 1186 63 75 and
2103 1186 111 75 lively.

1334 1232 188 75 Sometimes
1539 1232 25 75 it
1580 1232 27 75 is
1624 1232 77 75 ufed
1712 1232 51 75 for
1779 1232 55 75 the
1848 1232 92 75 fongs
1958 1232 200 75 themfelves,
2184 1232 76 75 call-

1285 1278 40 75 ed
1342 1278 43 75 by
1401 1278 55 75 the
1465 1278 143 75 Romans
1624 1278 94 75 aera,
1735 1278 84 75 from
1838 1278 106 75 which
1960 1278 56 75 the
2033 1278 132 75 modern
2181 1278 83 75 term

1283 1325 56 75 air
1354 1325 26 75 is
1397 1325 143 75 derived.

1237 1371 124 75 AIRS,
1375 1371 31 75 in
1420 1371 54 75 the
1485 1371 144 75 menage,
1647 1371 54 75 are
1717 1371 57 75 the
1790 1371 144 75 artiScial
1946 1371 137 75 motions
2100 1371 42 75 of
2147 1371 114 75 taught

1282 1417 122 75 horfes,
1428 1417 34 75 as
1480 1417 55 75 the
1555 1417 166 75 demivolt,
1747 1417 122 75 curvet,
1894 1417 150 75 capriole,
2070 1417 65 75 6c.
2200 1417 61 75 See

1282 1464 233 75 De.mivolt,
1544 1464 63 75 6c.

1235 1511 241 75 AiK-bladder,
1502 1511 19 75 a
1542 1511 113 75 veficle
1677 1511 32 75 in
1727 1511 55 75 the
1798 1511 111 75 bodies
1930 1511 42 75 of
1988 1511 79 75 mofl:
2088 1511 102 75 fifltes,
2214 1511 48 75 by

1283 1557 119 75 which,
1425 1557 96 75 being
1543 1557 88 75 filled
1647 1557 79 75 with
1743 1557 59 75 air,
1827 1557 80 75 they
1925 1557 53 75 are
2000 1557 134 75 enabled
2144 1557 35 75 to
2195 1557 66 75 fink

1282 1603 39 75 or
1337 1603 77 75 raife
1431 1603 186 75 themfelves
1629 1603 32 75 in
1673 1603 56 75 the
1742 1603 110 75 water,
1870 1603 44 75 by
1929 1603 204 75 comprefling
2148 1603 38 75 or
2201 1603 58 75 ex-

1284 1649 136 75 panding
1446 1649 55 75 the
1524 1649 46 75 air
1593 1649 167 75 contained
1787 1649 32 75 in
1846 1649 64 75 this
1936 1649 72 75 bag,
2043 1649 63 75 and
2122 1649 137 75 thereby

1284 1694 166 75 rendering
1467 1694 83 75 their
1564 1694 111 75 bodies
1704 1694 33 75 at
1764 1694 140 75 pleafure
1927 1694 190 75 fpecifically
2131 1694 129 75 heavier

1284 1742 38 75 or
1338 1742 119 75 lighter
1467 1742 78 75 than
1562 1742 111 75 water*

1235 1788 49 75 Ai
1292 1788 116 75 in-gun,
1426 1788 19 75 a
1460 1788 145 75 machine
1617 1788 51 75 for
1683 1788 174 75 exploding
1868 1788 81 75 balls
1960 1788 43 75 by
2015 1788 107 75 means
2134 1788 40 75 of
2184 1788 75 75 con-

1284 1833 116 75 denfed
1415 1833 58 75 air.
1523 1833 62 75 See
1602 1833 275 75 Pneumatics.

1235 1879 77 75 Ais.
1325 1879 113 75 pump,
1463 1879 20 75 a
1499 1879 144 75 machine
1670 1879 45 75 by
1744 1879 106 75 which
1868 1879 55 75 the
1946 1879 46 75 air
2008 1879 170 75 contained
2193 1879 33 75 in
2242 1879 19 75 a

1282 1924 115 75 proper
1411 1924 94 75 veflel
1521 1924 72 75 may
1611 1924 38 75 be
1676 1924 187 75 exhaulled,
1889 1924 37 75 or
1942 1924 110 75 drawn
2076 1924 71 75 out.
2197 1924 63 75 See

1285 1970 276 75 Pneumatics.

1235 2017 214 75 AiK-Jhafts,
1482 2017 115 75 among
1623 2017 130 75 miners,
1792 2017 53 75 are
1871 2017 90 75 holes
1988 2017 93 75 made
2108 2017 36 75 to
2175 2017 86 75 meet

1282 2064 55 75 the
1364 2064 96 75 adits,
1493 2064 63 75 and
1583 2064 112 75 fupply
1710 2064 87 75 them
1813 2064 80 75 with
1916 2064 83 75 frelh
2024 2064 59 75 air.
2137 2064 121 75 Thefe,

1282 2110 92 75 when
1401 2110 56 75 the
1496 2110 82 75 adits
1612 2110 53 75 are
1699 2110 88 75 long,
1824 2110 37 75 or
1890 2110 175 75 exceeding
2092 2110 104 75 thirty
2222 2110 37 75 or

1282 2156 88 75 forty
1396 2156 139 75 fathom,
1568 2156 131 75 become
1730 2156 114 75 highly
1870 2156 171 75 neceflary,
2065 2156 36 75 as
2123 2156 73 75 well
2223 2156 36 75 to

1281 2203 70 75 give
1367 2203 75 75 vent
1455 2203 37 75 to
1516 2203 55 75 the
1587 2203 110 75 damps
1714 2203 62 75 and
1792 2203 136 75 noxious
1944 2203 149 75 vapours,
2118 2203 33 75 as
2168 2203 35 75 to
2213 2203 47 75 let

1280 2249 32 75 in
1328 2249 82 75 frelh
1427 2249 58 75 air.

1234 2295 238 75 A\K-threads.
1523 2295 61 75 See
1601 2295 233 75 Gossamer.

1235 2341 214 75 AiK-veJfels,
1467 2341 158 75 arefpiral
1644 2341 88 75 dudts
1748 2341 33 75 in
1797 2341 55 75 the
1868 2341 119 75 leaves,
2005 2341 64 75 6c.
2087 2341 40 75 of
2137 2341 118 75 plants,

1281 2387 152 75 fuppofed
1456 2387 35 75 to
1517 2387 40 75 be
1584 2387 170 75 analogous
1772 2387 35 75 to
1822 2387 56 75 the
1895 2387 91 75 lungs
2003 2387 40 75 of
2054 2387 147 75 animals,
2225 2387 34 75 in

1283 2433 166 75 fupplying
1464 2433 56 75 the
1531 2433 151 75 different
1698 2433 86 75 parts
1801 2433 40 75 of
1852 2433 19 75 a
1887 2433 89 75 plant
1992 2433 79 75 with
2088 2433 60 75 air.

1236 2480 132 75 AIRA,
1405 2480 32 75 in
1469 2480 131 75 botany,
1626 2480 18 75 a
1671 2480 98 75 genus
1797 2480 40 75 of
1860 2480 55 75 the
1942 2480 155 75 triandria
2127 2480 131 75 digynia

1283 2527 90 75 clafs.
1420 2527 112 75 There
1545 2527 53 75 are
1614 2527 40 75 14
1667 2527 117 75 fpecies
1801 2527 41 75 of
1853 2527 55 75 the
1920 2527 76 75 aira,
2014 2527 72 75 nine
2102 2527 40 75 of
2153 2527 105 75 which

1283 2573 55 75 are
1355 2573 121 75 natives
1500 2573 41 75 of
1562 2573 139 75 Britain.
1765 2573 77 75 The
1862 2573 133 75 Englilh
2018 2573 92 75 name
2125 2573 26 75 is
2168 2573 89 75 hair-

1275 2619 109 75 graft.

1235 2666 195 75 A1REBA,
1454 2666 33 75 in
1503 2666 223 75 ichthyology,
1751 2666 18 75 a
1784 2666 162 75 fynonime
1962 2666 41 75 of
2013 2666 55 75 the
2083 2666 69 75 raja
2163 2666 93 75 pafti-

1282 2711 90 75 naca.
1424 2711 61 75 See
1502 2711 238 75 Pastinaca,

1235 2758 185 75 AIRANI,
1445 2758 33 75 in
1495 2758 268 75 church-hillory,
1789 2758 19 75 a
1822 2758 120 75 branch
1962 2758 39 75 of
2012 2758 132 75 Arians,
2167 2758 87 75 who,

1282 2805 101 75 befide
1405 2805 55 75 the
1487 2805 145 75 common
1660 2805 116 75 dogma
1799 2805 41 75 of
1861 2805 70 75 that
1957 2805 74 75 feft,
2061 2805 116 75 denied
2200 2805 54 75 the

1282 2848 289 75 confubftantiality
1593 2848 41 75 of
1658 2848 56 75 the
1730 2848 90 75 Holy
1836 2848 106 75 Ghoft
1965 2848 79 75 with
2063 2848 55 75 the
2135 2848 120 75 Father

1281 2895 62 75 and
1358 2895 80 75 Son.

1233 2942 130 75 AIRE,
1387 2942 32 75 in
1436 2942 195 75 geography,
1657 2942 18 75 a
1699 2942 141 75 fea-poft
1864 2942 88 75 town
1973 2942 33 75 in
2023 2942 166 75 Scotland,
2214 2942 38 75 fi-

1281 2989 109 75 tuated
1415 2989 33 75 in
1473 2989 34 75 4.
1534 2989 56 75 40.
1615 2989 61 75 W.
1701 2989 88 75 long,
1815 2989 62 75 and
1902 2989 56 75 55.
1985 2989 56 75 30.
2067 2989 47 75 N.
2137 2989 58 75 lat.
2220 2989 32 75 at

2198 3028 54 75 the
