2428 3377
120 118 190 75 PartIV.

685 118 42 75 A
843 118 42 75 N
1002 118 42 75 A
1161 118 31 75 1

119 192 55 75 the
187 192 86 75 right
285 192 78 75 ribs,
389 192 147 75 together
552 192 79 75 with
644 192 56 75 the
717 192 107 75 artery
841 192 41 75 of
893 192 55 75 the
958 192 82 75 fame
1049 192 103 75 name.

118 238 132 75 Having
267 238 136 75 reached
418 238 76 75 near
510 238 55 75 the
582 238 199 75 diaphragm,
799 238 27 75 it
842 238 90 75 fends
949 238 25 75 it
995 238 19 75 a
1034 238 118 75 branch

119 284 108 75 which
256 284 75 75 runs
356 284 125 75 toward
496 284 57 75 the
570 284 168 75 tendinous
756 284 105 75 plane,
886 284 63 75 and
976 284 176 75 communi-

122 330 86 75 cates
226 330 78 75 with
322 330 56 75 the
394 330 147 75 common
557 330 252 75 diaphragmatic
825 330 99 75 veins.

166 377 205 75 Afterwards
388 377 63 75 this
465 377 176 75 mammary
651 377 72 75 vein
735 377 87 75 gives
839 377 89 75 fmall
945 377 154 75 branches
1117 377 34 75 to

118 423 56 75 the
190 423 230 75 mediaftinum,
446 423 63 75 and
525 423 109 75 others
651 423 144 75 between
812 423 55 75 the
884 423 64 75 ribs
966 423 34 75 to
1025 423 55 75 the
1103 423 47 75 in-

121 469 179 75 teguments
315 469 10 75 ;
353 469 40 75 of
403 469 107 75 which
528 469 89 75 thofe
633 469 71 75 that
721 469 68 75 pafs
805 469 145 75 between
967 469 63 75 and
1051 469 102 75 under

118 516 56 75 the
191 516 167 75 cartilages
383 516 40 75 of
440 516 56 75 the
513 516 56 75 laft
594 516 70 75 true
681 516 79 75 ribs,
786 516 58 75 run
860 516 96 75 down
973 516 41 75 on
1032 516 54 75 the
1103 516 48 75 in-

121 561 57 75 ner
199 561 37 75 or
253 561 154 75 pofterior
422 561 63 75 fide
511 561 40 75 of
569 561 55 75 the
641 561 131 75 mufculi
789 561 74 75 re6H
881 561 189 75 abdominis,
1096 561 56 75 be-

122 607 55 75 ing
193 607 144 75 ramified
362 607 117 75 among
498 607 84 75 their
606 607 94 75 flelhy
716 607 108 75 fibres,
851 607 63 75 and
940 607 213 75 communica-

125 653 70 75 ting
212 653 78 75 with
307 653 56 75 the
383 653 165 75 epigaftric
563 653 88 75 veins
668 653 43 75 by
731 653 119 75 feveral
867 653 89 75 fmall
974 653 106 75 twigs.

165 700 77 75 The
259 700 60 75 left
334 700 136 75 internal
486 700 183 75 mammaria
686 700 93 75 arifes
803 700 173 75 anteriorly
993 700 84 75 from
1095 700 56 75 the

124 746 62 75 left
201 746 192 75 fubclavian,
419 746 138 75 oppofite
574 746 34 75 to
624 746 56 75 the
696 746 152 75 cartilage
875 746 38 75 or
936 746 139 75 anterior
1092 746 59 75 ex-

122 791 130 75 tremity
269 791 40 75 of
323 791 55 75 the
395 791 64 75 firfl
475 791 70 75 true
562 791 62 75 rib.

166 838 77 75 The
267 838 87 75 right
380 838 77 75 vena
483 838 153 75 thymica,
669 838 93 75 when
787 838 27 75 it
843 838 94 75 arifes
959 838 190 75 feparately,

122 884 76 75 goes
215 884 58 75 out
288 884 84 75 from
388 884 56 75 the
459 884 193 75 bifurcation
664 884 9 75 ;
700 884 63 75 and
782 884 93 75 when
904 884 25 75 it
953 884 26 75 is
997 884 153 75 wanting,

120 929 56 75 the
192 929 143 75 thymus,
359 929 85 75 from
455 929 135 75 ,whence
606 929 26 75 it
647 929 89 75 takes
753 929 41 75 its
810 929 105 75 name,
940 929 27 75 is
991 929 161 75 furnilhed

122 975 45 75 by
196 975 54 75 the
278 975 183 75 gutturalis,
494 975 37 75 or
563 975 86 75 fome
675 975 96 75 other
801 975 234 75 neighbouring
1065 975 85 75 vein.

125 1022 87 75 This
238 1022 72 75 vein
330 1022 88 75 often
435 1022 129 75 reaches
580 1022 41 75 no
646 1022 100 75 lower
762 1022 76 75 than
856 1022 55 75 the
932 1022 133 75 inferior
1082 1022 71 75 part

125 1067 40 75 of
178 1067 57 75 the
260 1067 150 75 thymus;
455 1067 62 75 $nd
539 1067 55 75 the
618 1067 59 75 left
703 1067 72 75 vein
806 1067 41 75 of
868 1067 56 75 the
950 1067 83 75 fame
1060 1067 91 75 name

130 1115 106 75 comes
259 1115 84 75 from
365 1115 55 75 the
442 1115 60 75 left
517 1115 191 75 fubclavian,
735 1115 108 75 almoft
866 1115 139 75 oppofite
1033 1115 35 75 to
1094 1115 56 75 the

121 1160 160 75 flernum.-

170 1207 75 75 The
262 1207 86 75 right
368 1207 177 75 pericardia
559 1207 99 75 feems
675 1207 35 75 to
734 1207 41 75 go
795 1207 57 75 out
867 1207 108 75 rather
991 1207 84 75 from
1096 1207 56 75 the

127 1253 102 75 origin
246 1253 39 75 of
307 1253 55 75 the
387 1253 86 75 right
489 1253 191 75 fubclavian,
706 1253 76 75 than
807 1253 84 75 from
913 1253 55 75 the
994 1253 97 75 trunk
1118 1253 41 75 of

124 1298 55 75 the
195 1298 140 75 fuperior
351 1298 88 75 cava.
489 1298 33 75 It
540 1298 75 75 goes
633 1298 34 75 to
683 1298 55 75 the
754 1298 101 75 upper
869 1298 62 75 fide
960 1298 40 75 of
1022 1298 54 75 the
1093 1298 56 75 pe-

125 1345 186 75 ricardium,-
336 1345 63 75 and
416 1345 343 75 othermeighbouring
776 1345 99 75 parts.

171 1391 77 75 The
271 1391 87 75 right
382 1391 171 75 gutturalis
580 1391 38 75 or
644 1391 169 75 trachealis
830 1391 75 75 goes
923 1391 56 75 out
996 1391 84 75 from
1097 1391 56 75 the

126 1438 99 75 upper
241 1438 73 75 part
330 1438 39 75 of
380 1438 56 75 th£
453 1438 204 75 bifurcation,
675 1438 100 75 above
786 1438 55 75 the
854 1438 184 75 mammaria
1049 1438 40 75 of
1099 1438 56 75 the

126 1483 83 75 fame
236 1483 76 75 fide,
345 1483 179 75 fometimes
553 1483 88 75 more
667 1483 193 75 backward,'
886 1483 61 75 and
975 1483 179 75 foraetimes

129 1529 85 75 from
231 1529 54 75 the
300 1529 173 75 fubclavia.
533 1529 33 75 It
593 1529 24 75 is
646 1529 187 75 diftributed
856 1529 35 75 to
919 1529 56 75 the
999 1529 156 75 glandulae

127 1576 198 75 thyroidaese,
366 1576 129 75 trachea
531 1576 127 75 arteria,
699 1576 131 75 mufculi
868 1576 122 75 fterno-
1004 1576 151 75 hyoida;i,

133 1623 142 75 thymus,
300 1623 63 75 and
387 1623 157 75 glandular
571 1623 214 75 bronchiaics.
840 1623 32 75 It
896 1623 260 75 communicates,

129 1667 42 75 by
189 1667 115 75 lateral
320 1667 168 75 branches,
505 1667 78 75 with
601 1667 55 75 the
673 1667 135 75 internal
821 1667 128 75 jugular
961 1667 84 75 vein.
1079 1667 78 75 The

129 1714 61 75 left
207 1714 169 75 gutturalis
393 1714 106 75 comes
514 1714 84 75 from
614 1714 55 75 the
687 1714 98 75 upper
801 1714 37 75 or
857 1714 152 75 poiterior
1026 1714 71 75 part
1123 1714 40 75 of

127 1760 56 75 the
204 1760 59 75 left
280 1760 191 75 fubclavian,
495 1760 75 75 near
587 1760 41 75 its
646 1760 103 75 orign.

177 1806 179 75 The.rjght
373 1806 177 75 fubclavian
568 1806 71 75 vein
655 1806 27 75 is
699 1806 187 75 verylhort,
904 1806 64 75 and
986 1806 42 75 its
1049 1806 109 75 courfe

129 1851 77 75 very
223 1851 146 75 objique,
376 1851 5 75 •
393 1851 33 75 fb
443 1851 69 75 that
530 1851 25 75 it
572 1851 131 75 appears
730 1851 35 75 to
784 1851 59 75 rife
864 1851 115 75 higher
1002 1851 77 75 than
1102 1851 57 75 the

128 1897 61 75 left
205 1897 83 75 vein.
337 1897 32 75 It
385 1897 91 75 fends
494 1897 58 75 off,
577 1897 64 75 firft
657 1897 40 75 of
716 1897 55 75 all,
797 1897 73 75 four
886 1897 87 75 large
989 1897 168 75 branches,

127 1944 71 75 viz.
215 1944 270 75 the.vertebralis,
501 1944 106 75 which
619 1944 26 75 is
663 1944 54 75 the
733 1944 64 75 firft
810 1944 62 75 and
883 1944 80 75 jnoft
979 1944 153 75 pofterior
1144 1944 11 75 ;

128 1990 55 75 the
197 1990 155 75 jugularis
369 1990 136 75 interna,
526 1990 158 75 jugularis
701 1990 146 75 externa,
872 1990 63 75 and
952 1990 157 75 axillaris.

176 2037 75 75 The
267 2037 60 75 left
338 2037 178 75 fubclavian
528 2037 98 75 feems
644 2037 35 75 to
696 2037 113 75 afcend
819 2037 58 75 but
888 2037 77 75 very
977 2037 84 75 little
1074 2037 83 75 after

131 2082 53 75 the
202 2082 189 75 bifurcation
404 2082 10 75 ;
442 2082 73 75 and,
540 2082 32 75 in
589 2082 62 75 this
669 2082 122 75 courfe,
815 2082 25 75 it
858 2082 109 75 covers
983 2082 55 75 the
1055 2082 104 75 origin

132 2126 39 75 of
182 2126 90 75 three
289 2126 87 75 large
392 2126 143 75 arteries,
560 2126 106 75 which
683 2126 89 75 come
797 2126 83 75 from
908 2126 57 75 the
991 2126 169 75 curvature

131 2173 40 75 of
184 2173 54 75 the
254 2173 101 75 aorta.
404 2173 33 75 It
459 2173 91 75 fends
566 2173 52 75 off
641 2173 73 75 four
741 2173 88 75 large
845 2173 169 75 branches,
1040 2173 120 75 befides

130 2220 57 75 the
203 2220 88 75 fmall
309 2220 139 75 pedtoral
462 2220 101 75 veins,
588 2220 62 75 and
677 2220 137 75 receives
839 2220 55 75 the
922 2220 111 75 duftus
1049 2220 110 75 thora-

132 2265 99 75 cicus.

179 2311 32 75 It
233 2311 140 75 likewife
398 2311 87 75 gives
502 2311 58 75 off,
584 2311 112 75 before
723 2311 41 75 its
792 2311 153 75 principal
973 2311 144 75 divifion,
1142 2311 20 75 a

131 2358 89 75 fmall
237 2358 97 75 trunk
346 2358 52 75 for
414 2358 54 75 the
484 2358 61 75 left
560 2358 140 75 fuperior
711 2358 211 75 intercdftals,
947 2358 63 75 and
1026 2358 63 75 this
1112 2358 48 75 in-

132 2403 145 75 tercoftal
295 2403 96 75 trunk
407 2403 152 75 furnilhes
583 2403 139 75 likewife
739 2403 55 75 the
821 2403 60 75 left
905 2403 208 75 bronchialis.

180 2450 91 75 Each
288 2450 179 75 fubclavian
484 2450 84 75 vein,
593 2450 74 75 near
698 2450 56 75 the
778 2450 120 75 middle
923 2450 40 75 of
982 2450 56 75 the
1064 2450 96 75 clavi-

134 2497 83 75 cula,
241 2497 92 75 fends
366 2497 52 75 off
440 2497 18 75 a
480 2497 132 75 branch,
646 2497 102 75 called
773 2497 172 75 cephalica,
970 2497 106 75 which
1105 2497 54 75 de-

132 2543 110 75 fcends
260 2543 75 75 near
351 2543 56 75 the
434 2543 124 75 furface
574 2543 39 75 of
631 2543 54 75 the
711 2543 99 75 body,
834 2543 143 75 between
1005 2543 55 75 the
1092 2543 68 75 del-

134 2588 103 75 toides
255 2588 67 75 and,
337 2588 166 75 pedloralis
527 2588 116 75 major.

182 2635 88 75 Each
292 2635 145 75 external
452 2635 129 75 jugular
598 2635 70 75 vein
685 2635 93 75 arifes
803 2635 85 75 from
904 2635 55 75 the
983 2635 179 75 fubclavian

136 2681 40 75 on
192 2681 54 75 the
259 2681 83 75 fame
358 2681 76 75 fide,
453 2681 178 75 fometimes
648 2681 83 75 from
744 2681 55 75 the
815 2681 155 75 axillaris,
988 2681 62 75 and
1061 2681 102 75 fome-

135 2727 95 75 times
247 2727 84 75 from
347 2727 56 75 the
429 2727 98 75 union
543 2727 40 75 of
594 2727 88 75 thefe
697 2727 65 75 two
780 2727 101 75 veins.
927 2727 100 75 They
1047 2727 58 75 run
1121 2727 44 75 up

136 2773 144 75 between
298 2773 55 75 the
369 2773 157 75 mufculus
547 2773 150 75 cutaneus
714 2773 61 75 and
791 2773 327 75 fterno-maftoidaeus.

185 2819 189 75 Sometimes
392 2819 77 75 they
497 2819 52 75 are
566 2819 117 75 double
714 2819 85 75 from
822 2819 84 75 their
929 2819 78 75 very
1024 2819 138 75 origins;

137 2865 62 75 and
222 2865 93 75 when
338 2865 76 75 they
439 2865 51 75 are
517 2865 110 75 fingle,
649 2865 78 75 each
743 2865 40 75 of
811 2865 88 75 them
926 2865 123 75 divides
1066 2865 99 75 after-

135 2911 103 75 wards
256 2911 69 75 into
336 2911 77 75 two,
439 2911 60 75 one
517 2911 152 75 anterior,
688 2911 62 75 and
766 2911 55 75 the
839 2911 94 75 other
945 2911 164 75 pofterior,
1126 2911 39 75 or

136 2958 106 75 rather
257 2958 153 75 fuperior,
458 2958 75 75 The
558 2958 137 75 anterior
728 2958 71 75 vein
816 2958 77 75 goes
921 2958 35 75 to
983 2958 55 75 the
1055 2958 108 75 throat

1322 114 38 75 O
1483 114 48 75 M
1647 114 49 75 Y.

2148 114 80 75 239

1205 188 61 75 and
1283 188 82 75 face,
1391 188 138 75 running
1553 188 42 75 up
1612 188 125 75 toward
1753 188 55 75 the
1819 188 107 75 angle'
1926 188 38 75 of
1973 188 55 75 the
2043 188 101 75 lower
2152 188 81 75 jaw,

1202 235 62 75 and
1277 235 54 75 the
1347 235 154 75 pofterior
1515 235 77 75 goes
1610 235 35 75 to
1661 235 55 75 the
1733 235 132 75 temples
1883 235 61 75 and
1960 235 141 75 occiput.

1247 279 232 75 The-anterior
1495 279 146 75 external
1654 279 129 75 jugular
1795 279 73 75 vein
1880 279 26 75 is
1923 279 91 75 often
2032 279 19 75 a
2066 279 120 75 branch
2197 279 42 75 of

1201 327 55 75 the
1268 327 157 75 jugularis
1441 327 137 75 interna,
1604 327 63 75 and
1691 327 181 75 fometimes
1896 327 26 75 it
1938 327 106 75 comes
2073 327 85 75 from
2178 327 57 75 the

1199 373 80 75 vena
1294 373 157 75 axillaris.

1247 419 32 75 It
1295 419 75 75 runs
1387 419 41 75 up
1451 419 125 75 toward
1603 419 56 75 the
1681 419 113 75 lateral
1813 419 72 75 part
1908 419 41 75 of
1967 419 56 75 the
2040 419 99 75 lower
2152 419 80 75 jaw,

1199 465 145 75 between
1355 465 56 75 the
1424 465 92 75 angle
1528 465 63 75 and
1603 465 55 75 the
1670 465 86 75 chin,
1770 465 63 75 and
1844 465 92 75 fends
1947 465 121 75 feveral
2078 465 157 75 branches

1201 511 170 75 forwards,
1396 511 200 75 backwards,
1622 511 62 75 and
1703 511 152 75 inwards.

1248 557 192 75 Pofteriorly
1456 557 25 75 it
1498 557 101 75 gives,
1626 557 69 75 (i.)
1713 557 33 75 A
1758 557 88 75 large
1858 557 120 75 branch
1995 557 41 75 on
2049 557 59 75 the
2124 557 63 75 fide
2199 557 42 75 of

1201 604 54 75 the
1272 604 100 75 upper
1387 604 72 75 part
1475 604 39 75 of
1534 604 55 75 the
1608 604 129 75 larynx,
1763 604 105 75 which
1891 604 247 75 communicates
2155 604 82 75 with

1201 650 55 75 the
1277 650 160 75 jugularis
1462 650 137 75 interna,
1640 650 63 75 and
1725 650 139 75 likewife
1888 650 80 75 with
1994 650 19 75 a
2036 650 200 75 large-fhort

1200 693 175 75 branch'of
1393 693 56 75 the
1461 693 157 75 jugularis
1643 693 135 75 externa
1805 693 165 75 pofterior.
1998 693 69 75 (2.)
2093 693 34 75 A
2144 693 91 75 fmall

1199 742 134 75 branch,
1358 742 106 75 which
1480 742 56 75 has
1560 742 56 75 the
1642 742 83 75 fame
1748 742 279 75 communication,
2054 742 58 75 but
2130 742 107 75 which

1199 788 25 75 is
1242 788 56 75 not
1316 788 119 75 always
1452 788 35 75 to
1503 788 39 75 be
1559 788 113 75 found.
1724 788 68 75 (3.)
1818 788 150 75 Another
1984 788 88 75 fniall
2085 788 119 75 branch
2218 788 19 75 a

1200 835 83 75 little
1300 835 102 75 below
1420 835 56 75 the
1492 835 100 75 lower
1604 835 79 75 jaw,
1707 835 107 75 which
1827 835 248 75 commuqicates
2088 835 79 75 with
2180 835 56 75 the

1195 881 156 75 jugularis
1368 881 135 75 externa
1518 881 166 75 pofterior.

1248 926 190 75 Anteriorly
1454 926 25 75 it
1496 926 91 75 fends
1612 926 120 75 feveral
1753 926 155 75 branches
1925 926 37 75 to
1979 926 56 75 the
2053 926 132 75 mufcles
2202 926 42 75 of

1200 973 53 75 the
1265 973 130 75 larynx,
1421 973 270 75 fterno-hyoidtei,
1717 973 255 75 thyro-hyoidae,
1998 973 63 75 and
2073 973 35 75 to
2121 973 55 75 the
2188 973 48 75 in-

1199 1020 179 75 teguments
1390 1020 10 75 ;
1427 1020 63 75 and
1517 1020 103 75 below
1645 1020 56 75 the
1730 1020 116 75 larynx
1872 1020 27 75 it
1914 1020 93 75 fends
2024 1020 214 75 communica-

1199 1065 69 75 ting
1283 1065 156 75 branches
1457 1065 35 75 to
1508 1065 55 75 the
1585 1065 156 75 jugularis
1765 1065 135 75 externa
1916 1065 139 75 anterior
2071 1065 40 75 of
2129 1065 110 75 the’o-

1200 1112 71 75 ther
1286 1112 77 75 fide.

1247 1159 32 75 A
1294 1159 85 75 little
1395 1159 126 75 higher,
1546 1159 139 75 oppofite
1709 1159 36 75 to
1762 1159 54 75 the
1833 1159 350 75 cartilago-thyroides,
2208 1159 30 75 it

1202 1206 86 75 gives
1306 1206 52 75 off
1366 1206 18 75 a
1400 1206 173 75 tranfverfe
1594 1206 133 75 branch,
1753 1206 105 75 which
1877 1206 73 75 tuns
1968 1206 40 75 on
2025 1206 55 75 the
2097 1206 141 75 anterior

1202 1252 62 75 and
1279 1252 100 75 lower
1394 1252 74 75 part
1484 1252 40 75 of
1527 1252 56 75 the
1596 1252 131 75 rnufeuli
1738 1252 308 75 fterno-maftoidsei,
2071 1252 64 75 and
2151 1252 92 75 com-

1201 1299 173 75 municates
1387 1299 78 75 with
1478 1299 54 75 the
1545 1299 159 75 jugularis
1716 1299 39 75 of
1774 1299 56 75 the
1846 1299 94 75 other
1955 1299 77 75 fide.

1248 1345 76 75 The
1343 1345 141 75 fuperior
1501 1345 63 75 and
1585 1345 135 75 inferior
1735 1345 172 75 tranfverfe
1923 1345 155 75 branches
2095 1345 142 75 commu-

1202 1391 103 75 nicate
1323 1391 42 75 on
1377 1391 78 75 each
1472 1391 63 75 fide
1559 1391 43 75 by
1617 1391 155 75 branches
1793 1391 88 75 more
1898 1391 37 75 or
1952 1391 58 75 lefs
2027 1391 216 75 perpendicu-

1203 1436 59 75 lar,
1288 1436 62 75 and
1365 1436 78 75 fend
1465 1436 19 75 a
1499 1436 89 75 fmall
1612 1436 120 75 branch
1760 1436 36 75 to
1815 1436 56 75 the
1888 1436 157 75 mufculus
2062 1436 175 75 quadratus

1204 1483 39 75 of
1262 1483 54 75 the
1333 1483 86 75 chin,
1444 1483 35 75 to
1507 1483 54 75 the
1584 1483 157 75 mufculus
1758 1483 153 75 cutaneus
1930 1483 62 75 and
2008 1483 232 75 integuments.

1252 1529 30 75 It
1299 1529 91 75 fends
1414 1529 134 75 another
1559 1503 5 104 ■
1575 1529 88 75 large
1690 1529 119 75 branch
1838 1529 174 75 anteriorly
2037 1529 125 75 toward
2183 1529 58 75 the

1206 1576 171 75 fymphyfis
1395 1576 40 75 of
1453 1576 56 75 the
1525 1576 100 75 lower
1638 1576 78 75 jaw,
1741 1576 119 75 which,
1886 1576 83 75 after
1990 1576 117 75 having
2122 1576 118 75 fuppli-

1206 1621 37 75 ed
1273 1621 55 75 the
1357 1621 171 75 maxillary
1555 1621 125 75 glands,
1705 1621 27 75 is
1759 1621 188 75 diftributed
1963 1621 34 75 to
2018 1621 54 75 the
2089 1621 150 75 digaitric

1205 1668 129 75 mufcle,
1360 1668 35 75 to
1411 1668 55 75 the
1483 1668 73 75 chin
1574 1668 62 75 and
1646 1668 101 75 under
1763 1668 58 75 lip.

1252 1715 185 75 Interiorly,
1454 1715 33 75 at
1503 1715 55 75 the
1567 1715 83 75 fame
1659 1715 103 75 place,
1772 1715 26 75 it
1810 1715 91 75 fends
1911 1715 56 75 out
1977 1715 18 75 a
2002 1715 88 75 large
2099 1715 143 75 branch*

1206 1761 103 75 which
1328 1761 152 75 furnilhes
1498 1761 55 75 the
1566 1761 157 75 glandulae
1734 1761 228 75 fublinguales,
1970 1761 5 75 .
1983 1761 75 75 runs
2075 1761 95 75 down
2186 1761 55 75 to-

1207 1807 89 75 ward
1311 1807 55 75 the
1383 1807 120 75 cornua
1518 1807 39 75 of
1576 1807 55 75 the
1643 1807 36 75 os
1694 1807 148 75 hyoides,
1867 1807 35 75 to
1919 1807 230 75 communicate
2160 1807 84 75 with

1206 1854 84 75 fome
1306 1854 155 75 branches
1478 1854 39 75 of
1536 1854 56 75 the
1604 1854 158 75 jugularis
1780 1854 136 75 interna,
1939 1854 63 75 and
2016 1854 91 75 fends
2119 1854 125 75 feveral

1205 1899 79 75 rami
1313 1899 33 75 to
1374 1899 56 75 the
1457 1899 131 75 tongue,
1613 1899 104 75 called
1740 1899 88 75 vena
1853 1899 138 75 ranina.
2040 1899 32 75 It
2089 1899 87 75 gives
2193 1899 53 75 off

1205 1946 138 75 likewife
1361 1946 17 75 a
1393 1946 89 75 fmall
1507 1946 133 75 branch,
1665 1946 106 75 which
1789 1946 134 75 running
1937 1946 85 75 upon
2048 1946 56 75 the
2116 1946 129 75 mufcu-

1206 1992 49 75 lus
1271 1992 158 75 labiorum
1446 1992 215 75 triangularis,
1686 1992 35 75 to
1745 1992 56 75 the
1825 1992 198 75 commiffure
2039 1992 39 75 of
2090 1992 56 75 the
2162 1992 86 75 lips,'

1208 2038 25 75 is
1251 2038 188 75 diftributed
1451 2038 34 75 to
1497 2038 55 75 the
1569 2038 231 75 neighbouring
1815 2038 101 75 parts.

1254 2084 76 75 The
1357 2084 85 75 fame
1470 2084 119 75 branch
1618 2084 108 75 which
1754 2084 88 75 gives
1858 2084 58 75 out
1933 2084 55 75 the
2004 2084 87 75 venae
2109 2084 136 75 raninas,.

1208 2131 149 75 detaches
1374 2131 134 75 another
1519 2131 36 75 to
1571 2131 56 75 the
1643 2131 113 75 lateral
1773 2131 87 75 parts
1872 2131 40 75 of
1923 2131 54 75 the
1990 2131 123 75 feptum
2128 2131 112 75 palati,

1207 2176 104 75 which
1328 2176 26 75 is
1371 2176 189 75 diftributed
1583 2176 34 75 to
1640 2176 54 75 the
1711 2176 189 75 amygdalae,
1924 2176 63 75 and
2006 2176 35 75 to
2058 2176 55 75 the
2129 2176 110 75 uvula,

1208 2223 63 75 and
1285 2223 91 75 fends
1394 2223 78 75 rami
1486 2223 142 75 forward
1639 2223 35 75 to
1685 2223 56 75 the
1757 2223 181 75 membrane
1961 2223 106 75 which
2091 2223 79 75 lines
2181 2223 64 75 the.

1209 2269 75 75 arch
1300 2269 40 75 of
1358 2269 55 75 the
1430 2269 116 75 palate.
1595 2269 149 75 Another
1761 2269 119 75 branch
1897 2269 75 75 goes
1989 2269 58 75 out
2062 2269 84 75 from
2163 2269 26 75 it
2205 2269 40 75 to.

1208 2315 55 75 the
1291 2315 234 75 pterygoidaeus
1547 2315 159 75 internus,
1728 2315 248 75 periftaphylini,
2003 2315 62 75 and
2092 2315 148 75 cephalo-

1209 2361 195 75 pharyngaei.

1256 2408 201 75 Afterwards
1473 2408 55 75 the
1544 2408 97 75 trunk
1666 2408 40 75 of
1724 2408 55 75 the
1796 2408 140 75 anterior
1953 2408 144 75 external
2110 2408 131 75 jugular

1209 2453 72 75 vein
1297 2453 73 75 runs
1388 2453 42 75 up
1447 2453 42 75 on
1515 2453 57 75 the
1593 2453 156 75 mufculus
1773 2453 214 75 triangularis,
2012 2453 107 75 where
2142 2453 26 75 it
2190 2453 54 75 re-

1210 2499 101 75 ceives
1329 2499 57 75 tire
1402 2499 91 75 name
1509 2499 41 75 of
1568 2499 79 75 vena
1662 2499 213 75 triangularis,
1900 2499 31 75 in
1951 2499 17 75 a
1980 2499 140 75 winding
2132 2499 7 75 '
2139 2499 110 75 courfe,

1211 2546 83 75 from
1311 2546 54 75 the
1383 2546 92 75 angle
1500 2546 40 75 of
1558 2546 55 75 the
1630 2546 98 75 lower
1742 2546 64 75 jaw
1823 2546 36 75 to
1874 2546 56 75 the
1947 2546 91 75 great
2054 2546 36 75 or
2106 2546 136 75 internal

1212 2592 90 75 angle
1320 2592 40 75 of
1379 2592 55 75 the
1462 2592 97 75 orbit,
1584 2592 130 75 fending
1730 2592 156 75 branches
1904 2592 42 75 on
1961 2592 81 75 each
2055 2592 63 75 fide
2134 2592 35 75 to
2185 2592 63 75 the

1211 2638 137 75 mufcles
1360 2638 63 75 and
1438 2638 226 75 integuments.

1257 2684 76 75 The
1349 2684 97 75 trunk
1467 2684 40 75 of
1525 2684 56 75 the
1608 2684 80 75 vena
1715 2684 162 75 angularis
1900 2684 116 75 having
2032 2684 137 75 reached
2185 2684 57 75 the

1211 2730 97 75 bones
1322 2730 40 75 of
1380 2730 56 75 the
1451 2730 86 75 nofe,
1561 2730 91 75 fends
1670 2730 57 75 out
1744 2730 19 75 a
1773 2730 120 75 branch
1907 2730 139 75 through
2059 2730 56 75 the
2127 2730 113 75 lateral

1213 2777 164 75 c,artilages
1396 2777 39 75 of
1453 2777 55 75 the
1524 2777 90 75 nofe,
1635 2777 106 75 which
1758 2777 27 75 is
1801 2777 186 75 diftributed
2003 2777 34 75 to
2053 2777 56 75 the
2125 2777 114 75 nar.es;

1212 2822 62 75 and
1290 2822 132 75 another
1438 2822 106 75 which
1560 2822 75 75 runs
1648 2822 96 75 down
1759 2822 33 75 in
1809 2822 19 75 a
1844 2822 141 75 winding
2002 2822 110 75 courfe
2132 2822 38 75 to
2187 2822 55 75 the

1211 2868 100 75 upper
1325 2868 58 75 lip.

1258 2916 47 75 At
1322 2916 55 75 the
1393 2916 89 75 great
1494 2916 37 75 or
1547 2916 90 75 inner
1654 2916 91 75 angle
1757 2916 40 75 of
1815 2916 55 75 the
1879 2916 74 75 eye,
1978 2916 55 75 the
2051 2916 82 75 fame
2144 2916 97 75 trunk

1212 2963 90 75 fends
1319 2963 51 75 off
1379 2963 119 75 feveral
1516 2963 93 75 other
1625 2963 175 75 branches;
1826 2963 57 75 the
1900 2963 65 75 firft
1984 2963 39 75 of
2042 2963 105 75 which
2164 2963 76 75 goes

2205 3011 39 75 to
