2517 3387
833 201 36 75 B
987 201 40 75 O
1145 201 42 75 T

199 266 96 75 With
308 266 113 75 regard
433 266 35 75 to
480 266 55 75 the
547 266 93 75 other
651 266 93 75 kinds
760 266 40 75 of
811 266 98 75 grafs,
925 266 56 75 the
993 266 86 75 feeds
1090 266 41 75 of
1142 266 88 75 them

199 313 72 75 may
295 313 38 75 be
355 313 100 75 fafely
479 313 73 75 ufed
576 313 34 75 as
633 313 100 75 food;
760 313 56 75 but
839 313 85 75 fome
949 313 39 75 of
1006 313 88 75 them
1120 313 53 75 are
1195 313 34 75 fo

199 359 101 75 fmall,
319 359 70 75 that
404 359 19 75 a
439 359 153 75 fuflicient
609 359 147 75 quantity
767 359 116 75 cannot
899 359 92 75 eafily
1008 359 39 75 be
1063 359 165 75 colledted.

246 404 211 75 Campanula,
482 404 37 75 or
547 404 202 75 bell-flower.
798 404 87 75 Nine
908 404 38 75 or
970 404 52 75 ten
1048 404 117 75 fpecies
1193 404 41 75 of

199 450 190 75 bell-flower
404 450 90 75 grow
508 450 31 75 in
556 450 138 75 Britain.
743 450 87 75 Both
847 450 55 75 the
919 450 87 75 roots
1023 450 63 75 and
1109 450 118 75 leaves,

200 497 91 75 when
308 497 119 75 boiled,
445 497 168 75 efpecially
624 497 110 75 before
750 497 54 75 the
816 497 79 75 Italk
911 497 104 75 grows
1029 497 54 75 up,
1100 497 73 75 may
1189 497 39 75 be

200 543 89 75 ufed.

247 589 244 75 Chenopodium
508 589 101 75 bonus
634 589 159 75 henricus,
818 589 146 75 common
989 589 131 75 Englifli
1145 589 82 75 mer-

200 634 90 75 cury,
308 634 37 75 or
357 634 156 75 all-good,
531 634 105 75 grows
653 634 109 75 almoft
777 634 96 75 every
884 634 119 75 where.
1043 634 85 75 This
1140 634 89 75 plant

198 681 28 75 is
239 681 118 75 ufeddn
370 681 94 75 broth
476 681 44 75 by
532 681 55 75 the
600 681 274 75 country-people,
887 681 32 75 in
935 681 88 75 place
1039 681 40 75 of
1090 681 139 75 cabbage

201 727 37 75 or
253 727 94 75 other
363 727 167 75 pot-herbs
591 727 109 75 When
725 727 55 75 the
804 727 106 75 young
934 727 104 75 leaves
1054 727 63 75 and
1133 727 95 75 (talks

201 774 54 75 are
271 774 122 75 drefled
417 774 78 75 with
519 774 120 75 butter,
663 774 79 75 they
764 774 52 75 are
839 774 56 75 not
919 774 144 75 inferior,
1088 774 33 75 in
1145 774 85 75 their

201 819 120 75 flavour
337 819 61 75 and
415 819 150 75 nutritive
581 819 119 75 power,
725 819 36 75 to
777 819 165 75 afparagus
953 819 38 75 or
1007 819 139 75 fpinage.

248 865 176 75 Eryngium
453 865 205 75 maritimum,
697 865 167 75 fea-holly,
902 865 38 75 or
964 865 264 75 eryngo,..gene-

201 911 81 75 rally
298 911 104 75 grows
425 911 75 75 near
516 911 55 75 the
595 911 167 75 fea-lhore.
809 911 77 75 The
903 911 107 75 young
1025 911 106 75 twigs,
1157 911 71 75 pre-

200 958 95 75 pared
312 958 32 75 as
361 958 178 75 afparagus,
565 958 53 75 are
641 958 138 75 grateful
801 958 36 75 to
853 958 57 75 the
934 958 88 75 tafte,
1047 958 78 75 very
1147 958 80 75 nou-

199 1003 126 75 rifhing,
352 1003 61 75 and
431 1003 70 75 give
513 1003 113 75 vigour
638 1003 35 75 to
689 1003 56 75 the
761 1003 100 75 body.

245 1049 133 75 Daucus
402 1049 121 75 carota,
547 1049 77 75 wild
644 1049 118 75 carrot,
788 1049 38 75 or
849 1049 193 75 bird’s-neft,
1068 1049 104 75 grows
1196 1049 31 75 in

197 1096 96 75 every
309 1096 87 75 field.
444 1096 32 75 It
492 1096 26 75 is
536 1096 54 75 the
607 1096 82 75 fame
706 1096 117 75 fpecies
840 1096 78 75 with
936 1096 180 75 the.carrot
1133 1096 94 75 culti-

198 1142 95 75 vated
308 1142 32 75 in
358 1142 146 75 gardens,
530 1142 61 75 and
604 1142 25 75 is
647 1142 130 75 equally
789 1142 191 75 nourifliing.

244 1187 193 75 Heracleum
453 1187 234 75 fphondylium,
712 1187 37 75 or
766 1187 222 75 cow-parfnip.
1037 1187 76 75 The
1136 1187 89 75 inha-

195 1234 119 75 bitants
330 1234 41 75 of
382 1234 123 75 Poland
522 1234 63 75 and
596 1234 173 75 Lithuania
786 1234 91 75 make
897 1234 19 75 a
927 1234 178 75 fermented
1119 1234 108 75 liquor

195 1279 40 75 of
253 1279 55 75 the
320 1279 86 75 feeds
424 1279 63 75 and
502 1279 116 75 leaves,
644 1279 104 75 which
764 1279 55 75 the
834 1279 115 75 poorer
964 1279 67 75 fort
1046 1279 53 75 ufe
1111 1279 33 75 as
1162 1279 62 75 ale.

192 1326 78 75 The
286 1326 193 75 inhabitants
495 1326 40 75 of
554 1326 190 75 Camfcatka
759 1326 51 75 eat
826 1326 56 75 the
903 1326 107 75 (talks,
1034 1326 84 75 after
1139 1326 85 75 peel-

195 1371 53 75 ing
265 1371 51 75 off
335 1371 55 75 the
407 1371 91 75 bark.

243 1417 120 75 Carum
391 1417 97 75 carvi,
513 1417 38 75 or
577 1417 172 75 caraways,
784 1417 117 75 grows,
915 1417 31 75 in
975 1417 160 75 meadows
1163 1417 63 75 and

194 1462 293 75 pafture-grounds.
542 1462 77 75 The
646 1462 108 75 young
782 1462 88 75 roots
897 1462 40 75 of
963 1462 66 75 this
1056 1462 88 75 plant
1172 1462 53 75 are

196 1507 88 75 more
303 1507 164 75 agreeable
483 1507 35 75 to
535 1507 55 75 the
606 1507 77 75 tafte
706 1507 76 75 than
798 1507 55 75 the
878 1507 136 75 parfnip,
1039 1507 62 75 and
1118 1507 104 75 there-

193 1554 73 75 fore
282 1554 102 75 might
400 1554 40 75 be
455 1554 41 75 of
514 1554 90 75 great
620 1554 116 75 fervice
753 1554 35 75 to
804 1554 55 75 the
876 1554 79 75 poor
974 1554 32 75 in
1024 1554 19 75 a
1059 1554 112 75 dearth
1188 1554 40 75 of

194 1599 183 75 provifions.

241 1646 204 75 Convallaria
456 1646 240 75 polygonatum,
710 1646 36 75 or
757 1646 253 75 fweet-fmelling
1023 1646 198 75 Solomon’s-

192 1692 75 75 feal,
292 1692 105 75 grows
417 1692 32 75 in
465 1692 55 75 the
536 1692 84 75 cliffs
643 1692 39 75 of
703 1692 105 75 rocks.
856 1692 77 75 The
955 1692 88 75 roots
1059 1692 56 75 are
1129 1692 93 75 made

193 1737 68 75 into
277 1737 110 75 bread,
412 1737 63 75 and
491 1737 51 75 eat
559 1737 43 75 by
617 1737 56 75 the
689 1737 192 75 inhabitants
899 1737 40 75 of
950 1737 159 75 Lapland,
1128 1737 93 75 when

194 1783 75 75 corn
286 1783 26 75 is
329 1783 116 75 fcarce.
493 1783 76 75 The
586 1783 111 75 Turks
714 1783 53 75 ufe
784 1783 54 75 the
855 1783 107 75 young
978 1783 92 75 ftalks
1083 1783 34 75 as
1134 1783 87 75 afpa-

192 1829 106 75 ragus.

238 1875 139 75 Bunium
404 1875 268 75 bulbocaftanum,
706 1875 177 75 earth-nut,
917 1875 198 75 kipper-nut,
1151 1875 69 75 pig-

191 1921 68 75 nut,
284 1921 37 75 or
341 1921 178 75 hawk-nut,
545 1921 104 75 grows
667 1921 183 75 plentifully
862 1921 40 75 on
920 1921 219 75 lea-grounds,
1165 1921 55 75 the

188 1968 99 75 banks
304 1968 40 75 of
362 1968 112 75 rivers,
499 1968 78 75 fides
594 1968 40 75 of
652 1968 88 75 hills,
766 1968 63 75 drc.
877 1968 77 75 The
970 1968 88 75 roots
1075 1968 54 75 are
1142 1968 77 75 very

189 2014 106 75 fweet,
322 2014 104 75 afford
442 2014 162 75 excellent
627 2014 229 75 nourifhment,
881 2014 63 75 and
961 2014 71 75 may
1050 2014 39 75 be
1105 2014 52 75 eat
1172 2014 44 75 ei-

188 2059 70 75 ther
275 2059 77 75 raw,
378 2059 120 75 boiled,
522 2059 37 75 or
577 2059 132 75 roafted.

234 2104 188 75 Vaccinium
437 2104 202 75 uliginofum,
664 2104 55 75 the
736 2104 88 75 great
842 2104 244 75 bilberry-bufh,
1111 2104 106 75 grows

188 2148 85 75 upon
292 2148 78 75 high
388 2148 150 75 grounds.
586 2148 77 75 The
680 2148 118 75 berries
816 2148 52 75 are
886 2148 93 75 much
1002 2148 52 75 eat
1078 2148 42 75 by
1137 2148 79 75 chil-

188 2194 101 75 dren;
315 2194 57 75 but
389 2194 90 75 when
504 2194 93 75 taken
615 2194 31 75 in
663 2194 55 75 too
741 2194 89 75 great
852 2194 159 75 quantity,
1037 2194 66 75 are.
1111 2194 54 75 apt
1181 2194 35 75 to

189 2240 140 75 occafion
348 2240 18 75 a
381 2240 157 75 giddinefs
555 2240 61 75 and
633 2240 154 75 headach.

236 2288 188 75 Vaccinium
452 2288 171 75 myrtyllis,
649 2288 94 75 black
768 2288 134 75 whorts,
927 2288 285 75 whortle-berries.

187 2334 39 75 or
241 2334 177 75 bilberries,
442 2334 105 75 grows
564 2334 31 75 in
618 2334 122 75 woods.
788 2334 76 75 The
881 2334 118 75 berries
1021 2334 81 75 have
1119 2334 18 75 a
1151 2334 62 75 fine

186 2379 132 75 flavour,
344 2379 62 75 and
422 2379 73 75 may
507 2379 39 75 be
562 2379 52 75 eat
630 2379 77 75 with
724 2379 113 75 fafety.

233 2424 187 75 Vaccinium
437 2424 72 75 vitis
526 2424 82 75 idea,
634 2424 57 75 red
706 2424 133 75 whorts,
864 2424 37 75 or
925 2424 285 75 whortle-berries,

183 2471 165 75 grows^on
363 2471 89 75 hills.
500 2471 75 75 The
591 2471 118 75 berries
726 2471 52 75 are
795 2471 52 75 eat
862 2471 32 75 in
911 2471 56 75 the
983 2471 141 75 autumn,
1149 2471 63 75 and

185 2518 95 75 many
296 2518 111 75 people
424 2518 90 75 make
532 2518 38 75 an
586 2518 160 75 excellent
766 2518 80 75 jelly
862 2518 40 75 of
920 2518 100 75 them.

230 2563 201 75 Polygonum
455 2563 185 75 viviparum,
666 2563 88 75 fmall
779 2563 121 75 biftort,
935 2563 36 75 or
995 2563 214 75 fnake-weed,

182 2610 105 75 grows
305 2610 84 75 upon
404 2610 78 75 high
499 2610 151 75 grounds.
698 2610 76 75 The
791 2610 87 75 roots
903 2610 72 75 may
992 2610 40 75 be
1056 2610 155 75 prepared

182 2657 69 75 into
269 2657 110 75 bread.
427 2657 38 75 In
482 2657 146 75 Lapland
645 2657 62 75 and
724 2657 54 75 the
801 2657 152 75 northern
978 2657 86 75 parts
1082 2657 39 75 of
1139 2657 68 75 Eu-

178 2703 93 75 rope,
296 2703 26 75 it
338 2703 26 75 is
384 2703 189 75 principally
595 2703 53 75 eat
671 2703 95 75 along
788 2703 78 75 with
891 2703 55 75 the
970 2703 74 75 flefli
1068 2703 41 75 of
1127 2703 80 75 (lags

180 2750 62 75 and
256 2750 91 75 other
367 2750 76 75 wild
459 2750 143 75 animals.

229 2793 155 75 Spergula
410 2793 148 75 arvenfis,
591 2793 37 75 or
655 2793 235 75 corn-fpurrey,
921 2793 104 75 grows
1053 2793 33 75 in
1113 2793 92 75 corn-

178 2840 105 75 fields,
309 2840 165 75 efpecially
490 2840 32 75 in
547 2840 99 75 fandy
669 2840 86 75 foils.
785 2840 57 75 'In
865 2840 155 75 Norway,
1045 2840 78 75 they
1138 2840 66 75 col-

172 2888 68 75 -ledt
256 2888 54 75 the
322 2888 88 75 feeds
427 2888 40 75 of
485 2888 63 75 this
562 2888 99 75 plant,
686 2888 62 75 and
764 2888 90 75 make
867 2888 87 75 them
969 2888 69 75 into
1053 2888 110 75 bread.

228 2933 119 75 Sedum
359 2933 150 75 rUpeftre,
523 2933 37 75 or
569 2933 39 75 St
617 2933 167 75 Vincent’s
795 2933 78 75 rock
889 2933 191 75 (lone-crop,
1098 2933 106 75 grows

179 2981 40 75 on
242 2981 77 75 high
343 2981 153 75 grounds.
543 2981 77 75 The
644 2981 94 75 Swifs
763 2981 152 75 cultivate
936 2981 63 75 this
1016 2981 100 75 plant,
1141 2981 64 75 and

178 3026 53 75 ufe
247 3026 24 75 it
290 3026 32 75 as
335 3026 18 75 a
369 3026 163 75 pot-herb.

225 3073 95 75 Vox..
348 3073 29 75 1.
426 3073 123 75 Numb.
570 3073 57 75 27.

1089 3073 16 75 3

1303 199 370 75 ANY.

2223 199 54 75 62
2277 231 32 49 9

1325 262 125 75 Primus
1476 262 113 75 padus,
1620 262 77 75 wild
1722 262 256 75 clufter-cherry,
2003 262 38 75 or
2066 262 243 75 bird’s-cherry,

1278 309 104 75 grows
1399 309 32 75 in
1449 309 109 75 woods
1578 309 61 75 and
1655 309 133 75 hedges.
1839 309 97 75 Some
1960 309 112 75 people
2094 309 52 75 cat
2169 309 55 75 the
2240 309 71 75 ber-

1278 355 61 75 ries
1358 355 78 75 with
1453 355 72 75 fait.

1324 401 123 75 Prunus
1463 401 133 75 fpinofa,
1614 401 55 75 the
1681 401 218 75 black-thorn,
1918 401 37 75 or
1971 401 158 75 (loe-tree,
2155 401 105 75 grows
2278 401 32 75 in

1276 447 118 75 hedges
1411 447 63 75 and
1491 447 122 75 woods.
1661 447 75 75 The
1762 447 119 75 berries
1907 447 53 75 are
1984 447 77 75 very
2086 447 140 75 auftere.;
2253 447 57 75 but

1277 492 56 75 the
1349 492 103 75 leaves
1470 492 51 75 are
1539 492 123 75 tender,
1689 492 75 75 and,
1791 492 90 75 when
1898 492 110 75 gently
2025 492 134 75 toafted,
2185 492 74 75 may
2270 492 41 75 be

1277 538 75 75 ufed
1368 538 31 75 in
1417 538 89 75 place
1523 538 40 75 of
1582 538 64 75 tea,

1323 585 124 75 Prunus
1475 585 136 75 cerafus,
1642 585 38 75 or
1707 585 239 75 black-cherry,
1980 585 104 75 grows
2111 585 140 75 Jikewife
2273 585 34 75 in

1275 631 109 75 woods
1402 631 62 75 and
1481 631 130 75 hedges.
1660 631 78 75 The
1753 631 119 75 berries
1891 631 52 75 are
1959 631 52 75 eat
2028 631 79 75 both
2124 631 33 75 in
2174 631 18 75 a
2208 631 98 75 crude

1274 677 63 75 and
1361 677 92 75 dried
1475 677 90 75 (late.
1614 677 112 75 When
1751 677 64 75 this
1839 677 88 75 plant
1950 677 27 75 is
1996 677 169 75 wounded,
2191 677 18 75 a
2231 677 76 75 gum

1276 724 134 75 exfudes
1433 724 84 75 from
1541 724 27 75 it
1589 724 111 75 nearly
1722 724 40 75 of
1781 724 54 75 the
1858 724 84 75 fame
1967 724 125 75 quality
2114 724 78 75 with
2214 724 93 75 gum-

1275 770 117 75 arabic.
1442 770 54 75 Dr
1512 770 191 75 Haffelquift
1719 770 133 75 informs
1870 770 49 75 us,
1938 770 70 75 that
2024 770 100 75 above
2146 770 160 75 loo.men,

1275 815 92 75 when
1384 815 143 75 befieged
1543 815 32 75 in
1591 815 40 75 an
1648 815 162 75 Egyptian
1827 815 99 75 town,
1945 815 82 75 were
2045 815 164 75 preferved
2227 815 81 75 alive

1274 861 52 75 for
1342 861 88 75 more
1447 861 75 75 than
1541 861 65 75 two
1620 861 139 75 months,
1785 861 135 75 without
1941 861 62 75 any
2019 861 94 75 other
2128 861 179 75 fuftenance

1276 908 76 75 than
1369 908 77 75 they
1461 908 131 75 derived
1603 908 83 75 from
1703 908 55 75 the
1775 908 52 75 ufe
1843 908 40 75 of
1901 908 64 75 this
1981 908 88 75 gum.

1322 954 166 75 Cratsegus
1505 954 76 75 aria,
1600 954 36 75 or
1652 954 55 75 the
1720 954 97 75 white
1829 954 176 75 bean-tree,
2021 954 105 75 grows
2138 954 32 75 in
2183 954 121 75 woods.

1274 1001 76 75 The
1362 1001 118 75 berries
1497 1001 54 75 are
1567 1001 51 75 eat
1634 1001 43 75 by
1693 1001 55 75 the
1760 1001 141 75 peafants
1913 1001 10 75 ;
1950 1001 62 75 and
2027 1001 32 75 in
2077 1001 134 75 Sweden
2229 1001 79 75 they

1275 1046 53 75 are
1339 1046 155 75 prepared
1510 1046 62 75 and
1588 1046 79 75 ufed,
1679 1046 33 75 as
1729 1046 99 75 bread
1843 1046 93 75 when
1950 1046 90 75 there
2052 1046 26 75 is
2091 1046 19 75 a
2126 1046 132 75 fcarcity
2271 1046 41 75 of

1275 1092 89 75 corn.

1322 1139 164 75 Crataegus
1504 1139 196 75 oxycantha,
1726 1139 55 75 the
1804 1139 97 75 white
1927 1139 109 75 thorn,
2060 1139 37 75 or
2121 1139 183 75 hawthorn,

1274 1185 104 75 grows
1394 1185 95 75 every
1505 1185 107 75 where
1629 1185 31 75 in
1677 1185 111 75 woods
1806 1185 62 75 and
1891 1185 133 75 hedges.
2071 1185 77 75 The
2171 1185 132 75 berries,

1274 1231 92 75 when
1383 1231 90 75 dried
1490 1231 63 75 and
1568 1231 145 75 grinded,
1740 1231 52 75 are
1808 1231 178 75 fometimes
1999 1231 92 75 made
2101 1231 70 75 into
2182 1231 120 75 bread;

1274 1276 57 75 but
1347 1276 26 75 it
1390 1276 26 75 is
1433 1276 54 75 apt
1504 1276 35 75 to
1551 1276 77 75 bind
1644 1276 55 75 the
1716 1276 87 75 belly
1820 1276 56 75 too
1891 1276 107 75 much.

1321 1324 122 75 Sorbus
1459 1324 180 75 aucuparia,
1666 1324 54 75 the
1737 1324 235 75 quicken-tree,
1997 1324 37 75 or
2056 1324 246 75 mountain-afh,

1272 1369 105 75 grows
1393 1369 32 75 in
1443 1369 122 75 woods.
1614 1369 91 75 Very
1721 1369 86 75 good
1824 1369 97 75 cyder
1937 1369 26 75 is
1985 1369 90 75 made
2098 1369 40 75 of
2156 1369 55 75 the
2232 1369 71 75 ber-

1273 1415 82 75 ries:
1383 1415 75 75 and,
1482 1415 94 75 when
1588 1415 103 75 dried,
1710 1415 77 75 they
1798 1415 91 75 make
1902 1415 78 75 very
1991 1415 189 75 wholefome
2193 1415 109 75 bread.

1319 1460 86 75 Rofa
1436 1460 123 75 canina,
1594 1460 224 75 red-flowered
1848 1460 191 75 dog’s-rofe,
2080 1460 37 75 or
2148 1460 154 75 hip-tree,

1271 1506 105 75 grows
1393 1506 33 75 in
1448 1506 132 75 hedges.
1629 1506 76 75 The
1722 1506 118 75 berries
1857 1506 105 75 afford
1978 1506 160 75 excellent
2161 1506 141 75 nourilh-

1270 1552 99 75 ment,
1395 1552 62 75 and
1474 1552 72 75 may
1560 1552 105 75 ejther
1685 1552 41 75 be
1742 1552 51 75 eat
1812 1552 33 75 in
1870 1552 19 75 a
1913 1552 97 75 crude
2033 1552 90 75 (late,
2147 1552 40 75 or
2210 1552 92 75 dried

1271 1598 62 75 and
1349 1598 93 75 made
1458 1598 68 75 into
1541 1598 110 75 bread.

1317 1644 119 75 Spiraea
1461 1644 192 75 filipendula,
1686 1644 38 75 or
1751 1644 193 75 drop-wort,
1976 1644 105 75 grows
2106 1644 32 75 in
2161 1644 137 75 pafture-

1269 1691 140 75 grounds
1426 1691 61 75 and
1503 1691 56 75 the
1570 1691 79 75 (ides
1667 1691 40 75 of
1725 1691 88 75 hills.
1862 1691 75 75 The
1954 1691 86 75 roots
2058 1691 39 75 of
2116 1691 62 75 this
2196 1691 101 75 plant,

1270 1737 104 75 which
1391 1737 53 75 are
1461 1737 169 75 compofed
1646 1737 39 75 of
1703 1737 88 75 fmall
1809 1737 156 75 tubercles
1991 1737 63 75 like
2079 1737 102 75 peafe,
2206 1737 93 75 whep

1269 1782 92 75 dried
1376 1782 64 75 and
1451 1782 146 75 grinded,
1620 1782 95 75 make
1732 1782 155 75 tolerably
1899 1782 85 75 good
2001 1782 109 75 bread.

1315 1829 206 75 Ranunculus
1539 1829 118 75 ficaria,
1682 1829 173 75 pile-wort,
1873 1829 36 75 or
1922 1829 88 75 leffer
2022 1829 154 75 celadine,
2193 1829 104 75 grows

1269 1874 31 75 in
1325 1874 292 75 pafture-grounds,
1642 1874 66 75 fac.
1764 1874 77 75 The
1866 1874 213 75 Norwegians
2104 1874 112 75 collect
2240 1874 56 75 the

1268 1920 103 75 leaves
1387 1920 32 75 in
1433 1920 55 75 the
1504 1920 118 75 fpring,
1648 1920 62 75 and
1727 1920 51 75 ufe
1793 1920 88 75 them
1898 1920 32 75 in
1944 1920 107 75 broth.

1314 1968 176 75 Origanum
1507 1968 142 75 vulgare,
1667 1968 36 75 or
1715 1968 76 75 wild
1808 1968 183 75 marjoram,
2008 1968 106 75 grows
2130 1968 32 75 in
2174 1968 120 75 hedges

1266 2013 60 75 and
1344 2013 115 75 among
1471 2013 218 75 brulh-wood.
1736 2013 77 75 The
1831 2013 103 75 leaves
1952 2013 40 75 of
2003 2013 64 75 this
2085 2013 99 75 plant,
2203 2013 92 75 when

1267 2059 131 75 toafted,
1423 2059 64 75 and
1501 2059 123 75 infufed
1635 2059 32 75 in
1681 2059 120 75 boiling
1819 2059 113 75 water,
1956 2059 80 75 have
2052 2059 74 75 fuch
2145 2059 19 75 a
2180 2059 114 75 refem-

1264 2105 110 75 blance
1390 2105 35 75 to
1447 2105 63 75 tea,
1536 2105 69 75 that
1628 2105 28 75 it
1679 2105 26 75 is
1730 2105 137 75 difficult
1889 2105 36 75 to
1946 2105 92 75 make
2063 2105 19 75 a
2103 2105 189 75 diftin&ion.

1265 2150 48 75 As
1326 2150 51 75 tea
1393 2150 26 75 is
1432 2150 33 75 fo
1481 2150 190 75 unfverfally
1687 2150 73 75 ufed
1778 2150 31 75 in
1826 2150 80 75 diet,
1932 2150 25 75 it
1974 2150 26 75 is
2025 2150 94 75 much
2135 2150 35 75 to
2188 2150 38 75 be
2242 2150 50 75 re-

1263 2195 127 75 gretted
1406 2195 70 75 that
1487 2195 56 75 the
1555 2195 100 75 ladies
1672 2195 115 75 cannot
1800 2195 39 75 be
1855 2195 161 75 prevailed
2035 2195 84 75 upon
2135 2195 35 75 to
2187 2195 105 75 prefer

1262 2242 63 75 this
1344 2242 36 75 or
1396 2242 86 75 fome
1497 2242 93 75 other
1605 2242 41 75 of
1663 2242 61 75 our
1745 2242 73 75 own
1841 2242 117 75 plants,
1982 2242 62 75 and
2068 2242 135 75 thereby
2218 2242 71 75 faye

1262 2288 85 75 fome
1359 2288 138 75 millions
1509 2288 34 75 ft'
1543 2288 107 75 erlin^'
1650 2288 149 75 annually
1815 2288 34 75 to
1866 2288 83 75 their
1965 2288 148 75 country.

1309 2334 136 75 Stachys
1462 2334 155 75 paluftris,
1635 2334 37 75 or
1683 2334 130 75 clown’s
1826 2334 144 75 all-heal,
1988 2334 105 75 grows
2110 2334 31 75 in
2154 2334 134 75 njarflies

1259 2380 63 75 and
1339 2380 54 75 the
1410 2380 99 75 banks
1525 2380 40 75 of
1584 2380 112 75 rivers.
1744 2380 77 75 The
1838 2380 88 75 roots
1951 2380 53 75 are
2028 2380 171 75 fucculent,
2225 2380 63 75 and

1260 2426 72 75 may
1345 2426 39 75 be
1401 2426 75 75 ufed
1492 2426 102 75 either
1610 2426 118 75 boiled,
1752 2426 37 75 or
1801 2426 91 75 dried
1904 2426 61 75 and
1981 2426 91 75 made
2089 2426 68 75 into
2173 2426 111 75 bread.

1306 2472 237 75 Melampyrum
1559 2472 138 75 arvenfe,
1724 2472 36 75 or
1777 2472 110 75 purple
1902 2472 205 75 cow-wheat,
2132 2472 104 75 grows
2253 2472 31 75 in

1258 2518 196 75 corn-fields.
1503 2518 107 75 Bread
1622 2518 25 75 is
1664 2518 177 75 fometimes
1853 2518 93 75 made
1961 2518 39 75 of
2019 2518 56 75 the
2090 2518 109 75 feeds;
2227 2518 57 75 but

1259 2563 24 75 it
1300 2563 27 75 is
1344 2563 19 75 a
1377 2563 83 75 little
1476 2563 111 75 bitter.

1306 2609 123 75 Sinapis
1456 2609 144 75 arvenfis,
1633 2609 76 75 wild
1727 2609 155 75 muftard,
1915 2609 38 75 or
1980 2609 161 75 charlock,
2173 2609 108 75 grows

1256 2655 180 75 plentifully
1452 2655 31 75 in
1499 2655 196 75 corn-fields,
1721 2655 65 75 &C.
1833 2655 76 75 The
1933 2655 105 75 leaves
2055 2655 40 75 of
2112 2655 64 75 this
2192 2655 89 75 plant

1256 2702 52 75 are
1321 2702 89 75 often
1426 2702 75 75 ufed
1516 2702 31 75 in
1560 2702 108 75 broth.

1302 2748 138 75 Crambe
1467 2748 169 75 maritima,
1668 2748 38 75 or
1730 2748 232 75 fea-colewort,
1993 2748 106 75 grows
2121 2748 33 75 in
2181 2748 99 75 fandy

1254 2795 124 75 ground
1394 2795 76 75 near
1485 2795 54 75 the
1551 2795 168 75 fea-lhore.
1768 2795 76 75 The
1861 2795 115 75 leaves,
1994 2795 91 75 when
2098 2795 105 75 young
2216 2795 62 75 and

1255 2839 123 75 tender,
1402 2839 73 75 may
1490 2839 40 75 be
1545 2839 77 75 ufed
1643 2839 32 75 in
1691 2839 89 75 place
1796 2839 40 75 of
1854 2839 162 75 cabbage;
2038 2839 56 75 but
2112 2839 91 75 when
2220 2839 56 75 too

1252 2886 67 75 old,
1344 2886 53 75 are
1413 2886 53 75 apt
1483 2886 34 75 to
1534 2886 90 75 make
1641 2886 55 75 the
1712 2886 83 75 head
1811 2886 112 75 giddy.

1298 2933 112 75 Malva
1424 2933 219 75 rotundifolia,
1668 2933 38 75 or
1721 2933 257 75 dwarf-mallow,
2003 2933 63 75 and
2087 2933 103 75 malva
2212 2933 63 75 fyl-

1249 2978 120 75 veftfis,
1395 2978 37 75 or
1454 2978 146 75 common
1617 2978 138 75 mallow,
1782 2978 53 75 are
1851 2978 95 75 every
1970 2978 106 75 where
2099 2978 34 75 to
2149 2978 40 75 be
2210 2978 67 75 met

1250 3023 89 75 vita.
1361 3023 78 75 The
1451 3023 103 75 leaves
1564 3023 41 75 of
1612 3023 78 75 both
1703 3023 86 75 thefe
1798 3023 104 75 plants
1910 3023 73 75 may
1992 3023 38 75 be
2039 3023 74 75 ufed
2122 3023 151 75 inbrotb.

1712 3071 18 75 7
1755 3071 33 75 U

2151 3071 130 75 Orobus
