2517 3387
585 158 225 75 BOS

1139 158 19 75 (
1218 158 85 75 624
1360 158 18 75 )

1699 158 225 75 BOS

191 220 193 75 yoFvOUCH
404 220 162 75 -BRIDGE,
600 220 18 75 a
646 220 88 75 town
757 220 32 75 in
814 220 56 75 the
897 220 112 75 North
1035 220 124 75 Riding
1187 220 40 75 of

236 268 185 75 Yorkihire,
447 268 98 75 about
575 268 36 75 15
631 268 92 75 miles
746 268 174 75 norh-weft
937 268 41 75 of
987 268 115 75 York;
1128 268 33 75 in
1183 268 39 75 i°

243 314 52 75 15'
295 314 11 75 .
324 314 61 75 W.
405 314 89 75 long,
513 314 62 75 and
590 314 64 75 54°
679 314 52 75 ic/
746 314 48 75 N.
813 314 57 75 lat.

191 361 262 75 BOROZAIL,
479 361 37 75 or
532 361 56 75 the
617 361 61 75 zail
703 361 40 75 of
764 361 57 75 the
844 361 204 75 Ethiopians,
1074 361 18 75 a
1107 361 117 75 difeafe

238 406 156 75 epidemic
411 406 32 75 in
460 406 56 75 the
532 406 161 75 countries
710 406 99 75 about
824 406 55 75 the
908 406 83 75 river
1007 406 136 75 Senega.
1192 406 34 75 It

237 453 190 75 principally
444 453 108 75 affects
568 453 55 75 the
652 453 159 75 pudenda,
837 453 57 75 but
920 453 27 75 is
972 453 152 75 different
1139 453 86 75 from

238 499 56 75 the
311 499 69 75 lues
396 499 147 75 venerea.
584 499 33 75 It
634 499 85 75 owes
737 499 41 75 its
795 499 60 75 rife
872 499 37 75 to
925 499 151 75 excdlive
1084 499 138 75 venery:

239 545 37 75 In
295 545 55 75 the
379 545 73 75 men
468 545 67 75 this
560 545 169 75 diftemper
745 545 26 75 is
795 545 111 75 called
920 545 89 75 afab,
1034 545 63 75 and
1119 545 33 75 in
1168 545 57 75 the

239 592 123 75 women
380 592 173 75 affabatus.

192 640 248 75 BORRAGE.
491 640 63 75 See
569 640 202 75 Anchusa.

192 687 352 75 BORRELLISTS,
569 687 32 75 in
619 687 270 75 church-hiftory,
914 687 17 75 a
945 687 160 75 Chriftian
1121 687 106 75 feftin

240 732 157 75 Holland.
446 732 99 75 They
563 732 97 75 rejeft
676 732 56 75 the
745 732 53 75 ufe
812 732 39 75 of
864 732 170 75 churches,
1057 732 40 75 of
1108 732 56 75 the
1180 732 46 75 fa-

240 780 170 75 craments,
435 780 108 75 public
566 780 127 75 prayer,
718 780 74 75 and.
809 780 42 75 all
878 780 95 75 other
1000 780 145 75 external
1164 780 63 75 afts

240 825 36 75 of
287 825 148 75 worfhip.
460 825 210 75 Theyaffert,
688 825 71 75 that
772 825 42 75 all
831 825 56 75 the
899 825 159 75 Chriftian
1072 825 155 75 churches

240 871 40 75 of
291 871 56 75 the
371 871 104 75 world
491 871 82 75 have
595 871 216 75 degenerated
826 871 83 75 from
926 871 56 75 the
1008 871 80 75 pure
1104 871 123 75 apofto-

239 917 72 75 lical
330 917 171 75 doctrines,
526 917 132 75 becaufe
674 917 78 75 they
763 917 81 75 have
859 917 138 75 fuffered
1012 917 58 75 the
1086 917 91 75 word
1192 917 43 75 of

240 964 93 75 God,
359 964 105 75 which
481 964 26 75 is
525 964 169 75 infallible,
720 964 36 75 to
778 964 41 75 be
834 964 206 75 expounded,
1066 964 38 75 or
1120 964 108 75 rather

241 1011 185 75 corrupted,
451 1011 43 75 by
510 1011 142 75 dodors,
677 1011 74 75 who
767 1011 54 75 are
837 1011 57 75 not
910 1011 169 75 infallible.
1128 1011 100 75 1'hey

239 1057 73 75 lead
329 1057 18 75 a
370 1057 78 75 very
465 1057 119 75 auffere
610 1057 71 75 life,
706 1057 64 75 and
791 1057 130 75 employ
937 1057 19 75 a
983 1057 92 75 great
1102 1057 72 75 part
1191 1057 41 75 of

241 1104 85 75 their
342 1104 101 75 goods
461 1104 31 75 in
509 1104 94 75 alms.

195 1153 238 75 BORSALO,
460 1153 19 75 a
494 1153 155 75 kingdom
672 1153 41 75 of
726 1153 125 75 Africa,
876 1153 32 75 in
931 1153 164 75 Nigthia:
1122 1153 32 75 It
1170 1153 59 75 ex-

242 1197 91 75 tends
351 1197 94 75 along
461 1197 56 75 the
533 1197 98 75 north
647 1197 64 75 fide
723 1197 39 75 of
774 1197 55 75 the
846 1197 83 75 river
949 1197 154 75 Gambia,
1129 1197 33 75 as
1179 1197 50 75 far

243 1243 33 75 as
291 1243 225 75 Tantaconde.

194 1290 105 75 BOS,
324 1290 31 75 in
374 1290 152 75 zoology,
551 1290 19 75 a
585 1290 99 75 genus
704 1290 41 75 of
767 1290 203 75 quadrupeds
998 1290 173 75 belonging
1192 1290 35 75 to

242 1337 55 75 the
314 1337 96 75 order
422 1337 40 75 of
473 1337 126 75 pecofa.
640 1337 78 75 The
734 1337 176 75 chara&ers
927 1337 40 75 of
979 1337 65 75 this
1061 1337 98 75 genus
1177 1337 53 75 are

243 1383 95 75 taken
357 1383 83 75 from
459 1383 54 75 the
529 1383 98 75 horns
645 1383 61 75 and
724 1383 100 75 teeth.
873 1383 78 75 The
967 1383 95 75 horns
1081 1383 53 75 are
1157 1383 71 75 hol-

244 1429 63 75 low
325 1429 124 75 within,
475 1429 63 75 ancl
555 1429 116 75 turned
687 1429 153 75 forward,
865 1429 33 75 in
914 1429 56 75 the
987 1429 85 75 form
1088 1429 39 75 of
1146 1429 82 75 cref-

246 1477 109 75 eents:
381 1477 113 75 There
518 1477 54 75 are
596 1477 88 75 eight
711 1477 175 75 fore-teeth
910 1477 31 75 in
959 1477 55 75 the
1037 1477 101 75 under
1150 1477 80 75 jaw,

249 1523 61 75 and
328 1523 81 75 none
425 1523 32 75 in
475 1523 55 75 the
546 1523 112 75 upper,
684 1523 83 75 their
784 1523 90 75 place
890 1523 94 75 being
1000 1523 143 75 fupplied
1160 1523 42 75 by
1214 1523 19 75 a

245 1569 82 75 hard
343 1569 203 75 membrane;
574 1569 62 75 and
653 1569 90 75 there
760 1569 54 75 are
831 1569 42 75 no
888 1569 171 75 dog-teeth
1078 1569 30 75 in
1128 1569 103 75 either

241 1615 79 75 jaw.
370 1615 152 75 Lmnseus
539 1615 200 75 enumerates
767 1615 48 75 fix
837 1615 131 75 fpecies,
996 1615 70 75 viz.
1097 1615 30 75 1.
1152 1615 78 75 The

246 1663 122 75 taurus,
394 1663 163 75 including
583 1663 55 75 the
665 1663 67 75 bull
761 1663 62 75 and
851 1663 82 75 cow,
958 1663 59 75 has
1042 1663 189 75 cylindrical

245 1709 111 75 horns,
382 1709 75 75 bent
485 1709 175 75 outwards,
686 1709 63 75 and
764 1709 86 75 loofe
870 1709 154 75 dewlaps.
1071 1709 78 75 The
1166 1709 67 75 bull

247 1755 37 75 or
300 1755 81 75 male
391 1755 27 75 is
430 1755 158 75 naturally
601 1755 19 75 a
635 1755 95 75 fierce
742 1755 62 75 and
820 1755 132 75 terrible
968 1755 128 75 animal.
1121 1755 112 75 When

247 1802 55 75 the
319 1802 85 75 cows
422 1802 54 75 are
503 1802 32 75 in
552 1802 117 75 feafon,
694 1802 42 75 he
763 1802 25 75 is
814 1802 153 75 perfectly
984 1802 249 75 ungovernable,

248 1849 61 75 and
326 1849 90 75 often
441 1849 180 75 altogether
644 1849 135 75 furious.
828 1849 112 75 When
953 1849 139 75 chaffed,
1118 1849 41 75 he
1176 1849 57 75 has

248 1895 38 75 an
312 1895 45 75 air
374 1895 40 75 of
425 1895 99 75 fallen
541 1895 144 75 majelly,
708 1895 62 75 and
785 1895 52 75 oft
857 1895 85 75 t^ars
971 1895 42 75 up
1031 1895 54 75 the
1108 1895 126 75 ground

249 1941 79 75 with
344 1941 49 75 his
407 1941 64 75 feet
488 1941 61 75 and
565 1941 112 75 horns.
716 1941 78 75 The
811 1941 153 75 principal
976 1941 53 75 ufe
1046 1941 40 75 of
1097 1941 56 75 the
1165 1941 67 75 bull

249 1987 25 75 is
303 1987 35 75 to
366 1987 172 75 propagate
566 1987 56 75 the
644 1987 139 75 fpecies;
810 1987 156 75 although
994 1987 42 75 he
1063 1987 103 75 might
1194 1987 40 75 be

249 2035 124 75 tfained
390 2035 35 75 to
452 2035 124 75 labour,
603 2035 49 75 his
669 2035 173 75 obedience
864 2035 117 75 cannot
1004 2035 40 75 be
1067 2035 168 75 depended

250 2081 53 75 on.
353 2081 33 75 A
403 2081 81 75 bull,
509 2081 66 75 like
592 2081 164 75 aftallion,
782 2081 112 75 fnould
910 2081 39 75 be
966 2081 55 75 the
1038 2081 79 75 moft
1133 2081 101 75 hand-

249 2128 86 75 fome
351 2128 41 75 of
402 2128 49 75 his
468 2128 130 75 fpecies.
649 2128 54 75 He
720 2128 113 75 Ihould
858 2128 39 75 be
914 2128 100 75 large,
1033 2128 72 75 well
1128 2128 105 75 made,

251 2174 62 75 and
324 2174 32 75 in
374 2174 87 75 good
476 2174 112 75 heart;
614 2174 42 75 he
667 2174 111 75 (hould
795 2174 79 75 have
887 2174 19 75 a
918 2174 94 75 black
1023 2174 71 75 eye,
1112 2174 18 75 a
1142 2174 95 75 fierce

252 2221 93 75 afpec'
345 2221 21 75 t,
392 2221 57 75 but
459 2221 38 75 an
515 2221 80 75 open
613 2221 110 75 front;
750 2221 18 75 a
784 2221 85 75 fhort
886 2221 82 75 head
980 2221 10 75 ;
1017 2221 103 75 thick,
1137 2221 99 75 fhort,

253 2268 62 75 and
332 2268 139 75 blackifh
487 2268 111 75 horns,
624 2268 62 75 and
702 2268 76 75 long
794 2268 117 75 lhaggy
928 2268 90 75 ears;
1045 2268 18 75 a
1079 2268 86 75 fhort
1176 2268 64 75 and

254 2314 133 75 ftraight
412 2314 86 75 nofe,
546 2314 89 75 large
664 2314 61 75 and
753 2314 60 75 full
841 2314 101 75 bread
970 2314 62 75 and
1064 2314 174 75 fhoulders,

254 2362 91 75 thick
373 2362 61 75 and
462 2362 97 75 fidhy
582 2362 93 75 neck,
716 2362 71 75 firm
812 2362 95 75 reins,
945 2362 18 75 a
987 2362 132 75 ftreight
1142 2362 94 75 back,

256 2408 88 75 thick
370 2408 95 75 flefhy
481 2408 82 75 legs,
588 2408 63 75 and
668 2408 18 75 a
706 2408 77 75 long
809 2408 57 75 tail
894 2408 74 75 well
995 2408 137 75 covered
1160 2408 78 75 with

255 2454 83 75 hair.
388 2454 181 75 Caftration
586 2454 200 75 remarkably
802 2454 120 75 foftens
934 2454 56 75 the
998 2454 111 75 nature
1127 2454 39 75 of
1177 2454 64 75 this

257 2501 136 75 animal;
425 2501 25 75 it
468 2501 141 75 deflroys
638 2501 41 75 all
707 2501 50 75 his
779 2501 58 75 fire
860 2501 63 75 and
939 2501 214 75 impetuofity,
1179 2501 63 75 and

259 2548 128 75 renders
415 2548 67 75 him
500 2548 78 75 mild
607 2548 62 75 and
696 2548 165 75 tra&able,
888 2548 138 75 without
1042 2548 201 75 diminilhing

258 2594 49 75 his
333 2594 162 75 ftrength;
522 2594 40 75 on
589 2594 55 75 the
672 2594 163 75 contrary,
861 2594 83 75 after
972 2594 63 75 this
1065 2594 177 75 operation,

259 2641 49 75 his
326 2641 120 75 weight
467 2641 25 75 is
518 2641 173 75 increafed,
717 2641 62 75 and
796 2641 40 75 he
852 2641 149 75 becomes
1017 2641 87 75 fitter
1120 2641 50 75 for
1189 2641 54 75 the

260 2688 149 75 purpofes
423 2688 39 75 of
474 2688 107 75 plow’.
594 2688 31 75 g,
652 2688 64 75 <bc.

308 2734 76 75 The
415 2734 65 75 bed
508 2734 76 75 time
613 2734 50 75 for
694 2734 169 75 cafirating
885 2734 85 75 bulls
998 2734 26 75 is
1050 2734 33 75 at
1107 2734 55 75 the
1187 2734 58 75 age

261 2781 40 75 of
320 2781 150 75 puberty,
500 2781 38 75 or
562 2781 92 75 when
686 2781 78 75 they
790 2781 53 75 are
870 2781 148 75 eighteen
1053 2781 128 75 months
1209 2781 37 75 or

263 2827 65 75 two
356 2827 91 75 years
472 2827 77 75 okl;
584 2827 92 75 when
703 2827 186 75 performed
911 2827 126 75 fooner,
1063 2827 77 75 they
1156 2827 90 75 often

263 2875 64 75 die.
376 2875 173 75 However,
567 2875 26 75 it
609 2875 26 75 is
652 2875 57 75 not
728 2875 191 75 uncommon
935 2875 36 75 to
995 2875 142 75 caftrate'
1137 2875 111 75 calves

264 2921 14 75 a
298 2921 62 75 few'
377 2921 78 75 days
472 2921 84 75 after
571 2921 100 75 birth.
720 2921 67 75 But
804 2921 74 75 fuch
907 2921 33 75 as
963 2921 124 75 furvive
1103 2921 39 75 an
1170 2921 75 75 ope-

262 2968 102 75 ration
381 2968 33 75 fo
427 2968 177 75 dangerous
618 2968 34 75 to
669 2968 83 75 their
764 2968 112 75 tender
889 2968 69 75 age,
976 2968 163 75 generally
1155 2968 89 75 grow

1271 217 103 75 larger
1392 217 63 75 and
1479 217 112 75 fatter,
1616 217 63 75 and
1706 217 81 75 have
1804 217 90 75 more
1922 217 137 75 courage
2088 217 63 75 and
2178 217 131 75 attivity

1272 264 78 75 than
1366 264 88 75 thofe
1467 264 73 75 who
1558 264 53 75 are
1624 264 154 75 caftrated
1796 264 31 75 at
1837 264 55 75 the
1905 264 58 75 age
1975 264 40 75 of
2028 264 148 75 puberty.
2196 264 113 75 When

1274 311 55 75 the
1351 311 165 75 operation
1543 311 26 75 is
1597 311 136 75 delayed
1750 311 50 75 till
1829 311 55 75 the
1912 311 57 75 age
1995 311 39 75 of
2056 311 60 75 fix,
2141 311 106 75 feven,
2272 311 37 75 or

1274 358 89 75 eight
1380 358 104 75 years,
1509 358 78 75 they
1608 358 66 75 lofe
1697 358 58 75 but
1776 358 63 75 few
1855 358 40 75 of
1911 358 56 75 the
1983 358 150 75 qualities
2150 358 39 75 of
2211 358 96 75 bulls,

1274 403 53 75 are
1345 403 94 75 much
1456 403 89 75 more
1570 403 123 75 furious
1710 403 62 75 and
1788 403 195 75 untra&able
1999 403 77 75 than
2104 403 94 75 other
2214 403 94 75 oxes,

1276 450 61 75 and
1362 450 92 75 when
1471 450 55 75 the
1554 450 86 75 cows
1657 450 54 75 are
1738 450 33 75 in
1798 450 121 75 feafon,
1943 450 78 75 they
2050 450 40 75 go
2107 450 32 75 in
2156 450 90 75 queft
2274 450 41 75 of

1276 497 86 75 them
1380 497 78 75 with
1476 497 84 75 their
1576 497 87 75 ufual
1681 497 107 75 ardor.
1839 497 62 75 See
1919 497 93 75 Plate
2029 497 81 75 LII.
2136 497 55 75 fig.
2211 497 34 75 2.

1321 544 77 75 The
1416 544 130 75 females
1568 544 40 75 of
1626 544 43 75 all
1691 544 91 75 thofe
1798 544 117 75 fpecies
1933 544 39 75 of
1992 544 131 75 animals
2141 544 103 75 which
2261 544 49 75 we

1276 590 80 75 keep
1369 590 32 75 in
1414 590 112 75 flocks,
1553 590 61 75 and
1632 590 105 75 whofe
1752 590 140 75 increafe
1908 590 26 75 is
1951 590 55 75 the
2022 590 153 75 principal
2192 590 118 75 object,

1277 636 52 75 are
1350 636 95 75 much
1462 636 90 75 more
1576 636 103 75 ufeful
1703 636 77 75 than
1805 636 56 75 the
1884 636 111 75 males.
2043 636 77 75 The
2141 636 71 75 cow
2236 636 74 75 pro-

1277 683 97 75 duces
1390 683 91 75 milk,
1507 683 122 75 butter,
1655 683 124 75 cheefe,
1896 683 106 75 which
2019 683 53 75 are
2089 683 154 75 principal
2260 683 50 75 ar-

1279 730 90 75 ticles
1397 730 31 75 in
1446 730 60 75 our
1522 730 90 75 food,
1638 730 64 75 and
1718 730 119 75 befides
1865 730 120 75 anfwer
2007 730 94 75 many
2118 730 102 75 ufeful
2235 730 75 75 pur-

1278 776 89 75 pofes
1384 776 31 75 in
1432 776 126 75 various
1571 776 79 75 arts.

1326 823 98 75 Cows
1449 823 53 75 are
1527 823 163 75 generally
1705 823 32 75 in
1761 823 121 75 feafon,
1916 823 63 75 and
2001 823 122 75 receive
2149 823 56 75 the
2229 823 81 75 bull,

1275 869 86 75 from
1378 869 54 75 the
1449 869 170 75 beginning
1631 869 40 75 of
1682 869 83 75 May
1782 869 35 75 to
1833 869 56 75 the
1902 869 119 75 middle
2038 869 40 75 of
2090 869 90 75 July.
2204 869 108 75 Their

1278 916 76 75 time
1370 916 41 75 of
1429 916 153 75 gellation
1598 916 27 75 is
1644 916 72 75 nine
1733 916 140 75 months,
1898 916 105 75 which
2020 916 160 75 naturally
2202 916 110 75 brings

1277 963 56 75 the
1350 963 70 75 veal
1437 963 37 75 or
1490 963 103 75 calves
1610 963 35 75 to
1661 963 60 75 our
1736 963 141 75 markets
1894 963 84 75 from
2003 963 56 75 the
2083 963 173 75 beginning
2276 963 41 75 of

1278 1009 143 75 January
1443 1009 35 75 to
1505 1009 55 75 the
1584 1009 64 75 end
1671 1009 41 75 of
1729 1009 110 75 April.
1897 1009 175 75 However,
2105 1009 120 75 luxury
2252 1009 59 75 has

1279 1056 97 75 fallen
1393 1056 85 75 upon
1496 1056 148 75 methods
1667 1056 41 75 of
1725 1056 214 75 interrupting
1958 1056 65 75 this
2040 1056 125 75 natural
2188 1056 123 75 courfe,

1279 1102 63 75 and
1358 1102 69 75 veal
1445 1102 71 75 may
1530 1102 42 75 be
1588 1102 65 75 had
1669 1102 110 75 almoft
1790 1102 97 75 every
1901 1102 113 75 month
2030 1102 31 75 in
2079 1102 56 75 the
2151 1102 88 75 year.

1326 1149 111 75 Cows,
1463 1149 92 75 when
1574 1149 196 75 improperly
1786 1149 167 75 managed,
1978 1149 54 75 are
2049 1149 75 75 very
2142 1149 119 75 fubjedt
2277 1149 36 75 to

1280 1195 158 75 abortion.
1503 1195 38 75 In
1570 1195 55 75 the
1652 1195 78 75 time
1757 1195 40 75 of
1826 1195 166 75 gellation,
2030 1195 173 75 therefore,
2235 1195 79 75 they

1273 1240 108 75 .ought
1399 1240 33 75 to
1449 1240 39 75 be
1504 1240 154 75 obferved
1678 1240 78 75 with
1773 1240 89 75 more
1879 1240 76 75 than
1978 1240 150 75 ordinary
2146 1240 83 75 care,
2255 1240 59 75 left

1278 1288 79 75 they
1373 1288 110 75 fitould
1509 1288 71 75 leap
1605 1288 138 75 ditches,
1768 1288 65 75 <foc.
1882 1288 140 75 Neither
2044 1288 112 75 fhould
2177 1288 78 75 they
2271 1288 40 75 be

1279 1334 138 75 fuffered
1439 1334 35 75 to
1490 1334 89 75 draw
1595 1334 32 75 in
1651 1334 55 75 the
1723 1334 119 75 plough
1860 1334 38 75 or
1913 1334 94 75 other
2024 1334 64 75 can
2097 1334 83 75 iage,
2205 1334 108 75 which

1278 1381 26 75 is
1322 1381 18 75 a
1355 1381 137 75 pradlice
1508 1381 31 75 in
1556 1381 85 75 fome
1658 1381 172 75 countries.
1878 1381 99 75 They
1992 1381 112 75 ihould
2120 1381 39 75 be
2176 1381 57 75 put
2243 1381 70 75 into

1279 1428 56 75 the
1352 1428 65 75 beft
1429 1428 134 75 pafture,
1589 1428 62 75 and
1667 1428 111 75 ftiould
1794 1428 57 75 not
1867 1428 40 75 be
1930 1428 120 75 milked
2074 1428 51 75 for
2143 1428 47 75 fix
2207 1428 106 75 weeks

1281 1474 37 75 or
1333 1474 67 75 two
1417 1474 128 75 months
1561 1474 111 75 before
1688 1474 76 75 they
1781 1474 95 75 bring
1887 1474 88 75 forth
1987 1474 84 75 their
2084 1474 120 75 young.
2236 1474 78 75 The

1281 1520 88 75 calve
1385 1520 111 75 Ihould
1521 1520 40 75 be
1588 1520 137 75 allowed
1748 1520 36 75 to
1798 1520 85 75 ‘fuck
1907 1520 61 75 and
1992 1520 113 75 follow
2129 1520 41 75 its
2188 1520 128 75 mother

1282 1567 114 75 during
1413 1567 55 75 the
1485 1567 64 75 firft
1565 1567 47 75 fix
1628 1567 38 75 or
1682 1567 89 75 eight
1783 1567 92 75 days.
1917 1567 98 75 After
2031 1567 64 75 this
2108 1567 26 75 it
2150 1567 111 75 begins
2278 1567 35 75 to

1282 1614 52 75 eat
1350 1614 108 75 pretty
1475 1614 86 75 well,
1587 1614 63 75 and
1666 1614 65 75 two
1747 1614 39 75 or
1805 1614 90 75 three
1911 1614 92 75 lucks
2028 1614 32 75 in
2077 1614 19 75 a
2112 1614 64 75 day
2191 1614 67 75 will
2275 1614 39 75 be

1281 1659 166 75 fufficient.
1496 1659 66 75 But
1579 1659 30 75 if
1629 1659 55 75 the
1701 1659 105 75 objedl
1830 1659 39 75 be
1894 1659 34 75 to
1952 1659 123 75 have.it
2100 1659 131 75 quickly
2250 1659 63 75 fat-

1283 1706 92 75 tened
1393 1706 50 75 for
1462 1706 55 75 the
1533 1706 137 75 market,
1698 1706 18 75 a
1739 1706 64 75 few
1825 1706 66 75 raw
1913 1706 76 75 eggs
2014 1706 96 75 every
2133 1706 77 75 day,
2236 1706 80 75 with

1283 1753 107 75 bofted
1413 1753 91 75 milk,
1528 1753 63 75 and
1613 1753 20 75 a
1656 1753 84 75 little
1763 1753 111 75 bread,
1900 1753 65 75 will
1990 1753 91 75 make
2106 1753 26 75 it
2155 1753 162 75 excellent

1283 1800 70 75 veal
1369 1800 33 75 in
1418 1800 75 75 four
1509 1800 37 75 or
1561 1800 66 75 five
1646 1800 119 75 weeks.
1813 1800 85 75 This
1915 1800 221 75 management
2151 1800 40 75 of
2209 1800 106 75 calves

1284 1846 117 75 applies
1428 1846 78 75 only
1533 1846 36 75 to
1596 1846 76 75 fuch
1697 1846 35 75 as
1756 1846 53 75 are
1833 1846 148 75 defigned
2004 1846 51 75 for
2083 1846 56 75 the
2165 1846 149 75 butcher.

1283 1891 110 75 When
1411 1891 77 75 they
1505 1891 53 75 are
1574 1891 152 75 intended
1742 1891 36 75 to
1794 1891 39 75 be
1850 1891 168 75 nourilhed
2034 1891 60 75 and
2108 1891 139 75 brought
2259 1891 55 75 up,

1283 1938 77 75 they
1384 1938 102 75 ought
1509 1938 35 75 to
1566 1938 81 75 have
1671 1938 34 75 at
1727 1938 76 75 leaft
1820 1938 65 75 two
1908 1938 127 75 months
2061 1938 95 75 fuck;
2185 1938 132 75 becaufe

1283 1985 55 75 the
1355 1985 112 75 longer
1482 1985 78 75 they
1576 1985 87 75 fuck,
1688 1985 78 75 they
1782 1985 90 75 grow
1888 1985 54 75 the
1959 1985 142 75 ftronger
2117 1985 61 75 and
2194 1985 119 75 larger.

1284 2030 110 75 Thofe
1411 2030 72 75 that
1507 2030 54 75 are
1584 2030 142 75 brought
1748 2030 88 75 forth
1862 2030 32 75 in
1912 2030 106 75 April,
2043 2030 95 75 May,
2164 2030 37 75 or
2217 2030 97 75 June,

1285 2077 52 75 are
1354 2077 56 75 the
1434 2077 78 75 moft
1529 2077 114 75 proper
1668 2077 51 75 for
1735 2077 65 75 this
1814 2077 155 75 purpofe;
1992 2077 97 75 when
2105 2077 111 75 calved
2233 2077 83 75 later

1286 2123 31 75 in
1333 2123 57 75 the
1407 2123 118 75 feafon,
1550 2123 79 75 they
1644 2123 44 75 do
1705 2123 57 75 not
1786 2123 129 75 acquire
1939 2123 156 75 fufficient
2117 2123 140 75 ftrength
2281 2123 35 75 to

1287 2169 129 75 fupport
1433 2169 89 75 them
1537 2169 116 75 during
1669 2169 55 75 the
1740 2169 125 75 winter.

1332 2217 77 75 The
1426 2217 68 75 cow
1512 2217 104 75 comes
1634 2217 36 75 to
1686 2217 55 75 the
1757 2217 58 75 age
1831 2217 41 75 of
1890 2217 137 75 puberty
2043 2217 31 75 in
2106 2217 39 75 18
2171 2217 143 75 months,

1288 2263 57 75 but
1372 2263 56 75 the
1449 2263 70 75 bull
1547 2263 144 75 requires
1717 2263 67 75 two
1814 2263 110 75 years:
1964 2263 67 75 But
2057 2263 156 75 although
2237 2263 79 75 they

1290 2311 52 75 are
1368 2311 131 75 capable
1522 2311 41 75 of
1584 2311 210 75 propagating
1821 2311 34 75 at
1877 2311 88 75 thefe
1992 2311 87 75 ages,
2107 2311 26 75 it
2157 2311 26 75 is
2212 2311 106 75 better

1289 2357 35 75 to
1349 2357 129 75 reftrain
1502 2357 89 75 them
1608 2357 50 75 till
1683 2357 77 75 they
1785 2357 41 75 be
1850 2357 61 75 full
1936 2357 90 75 three
2056 2357 103 75 years.
2218 2357 99 75 From

1287 2403 92 75 three
1390 2403 36 75 to
1442 2403 73 75 nine
1531 2403 91 75 years
1644 2403 90 75 thofe
1751 2403 131 75 animals
1902 2403 53 75 are
1971 2403 33 75 in
2021 2403 60 75 full
2097 2403 135 75 vigour;
2259 2403 57 75 but

1291 2450 91 75 when
1399 2450 104 75 older,
1528 2450 79 75 they
1622 2450 56 75 are
1691 2450 36 75 fit
1742 2450 52 75 for
1810 2450 134 75 nothing
1959 2450 58 75 but
2025 2450 34 75 to
2075 2450 41 75 be
2133 2450 55 75 fed
2203 2450 50 75 for
2263 2450 55 75 the

1289 2496 147 75 butcher.
1485 2496 34 75 A
1535 2496 77 75 milk
1629 2496 70 75 cow
1715 2496 100 75 ought
1827 2496 35 75 to
1876 2496 42 75 be
1934 2496 114 75 chofen
2064 2496 121 75 young,
2208 2496 110 75 fleffiy,

1292 2543 60 75 and
1371 2543 77 75 with
1461 2543 18 75 a
1493 2543 85 75 brifk
1594 2543 71 75 eye.

1338 2589 76 75 The
1436 2589 138 75 heavieft
1590 2589 61 75 and
1679 2589 80 75 moft
1773 2589 101 75 bulky
1893 2589 130 75 animals
2040 2589 125 75 neither
2189 2589 80 75 fleep
2285 2589 34 75 (p

1293 2634 208 75 profoundly,
1526 2634 59 75 nor
1601 2634 34 75 fo
1650 2634 79 75 long
1746 2634 33 75 as
1796 2634 55 75 the
1868 2634 125 75 fm^ller
2009 2634 88 75 ones.
2145 2634 78 75 The
2238 2634 82 75 fleep

1294 2683 40 75 of
1344 2683 55 75 the
1416 2683 45 75 ox
1477 2683 26 75 is
1515 2683 85 75 fhort
1617 2683 63 75 and
1696 2683 115 75 flight;
1837 2683 41 75 he
1893 2683 107 75 wakes
2017 2683 33 75 at
2066 2683 55 75 the
2133 2683 75 75 leaft
2220 2683 100 75 noife.

1293 2729 53 75 He
1362 2729 57 75 lies
1436 2729 163 75 generally
1615 2729 41 75 on
1673 2729 54 75 the
1744 2729 61 75 left
1821 2729 76 75 fide,
1915 2729 62 75 and
1995 2729 54 75 the
2066 2729 119 75 kidriey
2196 2729 39 75 of
2248 2729 71 75 that

1295 2776 62 75 fide
1373 2776 27 75 is
1412 2776 118 75 always
1547 2776 104 75 larger
1668 2776 75 75 than
1760 2776 57 75 the
1832 2776 107 75 other.
1987 2776 112 75 There
2113 2776 28 75 is
2159 2776 88 75 great
2264 2776 56 75 va-

1297 2822 81 75 riety
1402 2822 30 75 in
1450 2822 55 75 the
1521 2822 111 75 colour
1648 2822 40 75 of
1699 2822 98 75 oxen.
1847 2822 33 75 A
1897 2822 124 75 reddiffi
2039 2822 37 75 or
2099 2822 94 75 black
2210 2822 112 75 colour

1296 2870 26 75 is
1339 2870 80 75 moft
1435 2870 167 75 efteemed.
1642 2870 77 75 The
1736 2870 68 75 hair
1821 2870 111 75 ffiould
1948 2870 39 75 be
2003 2870 112 75 gloffy,
2139 2870 100 75 thick,
2258 2870 64 75 and

1295 2915 85 75 foft;
1406 2915 63 75 for,
1495 2915 92 75 when
1614 2915 180 75 otherwife,
1820 2915 55 75 the
1901 2915 114 75 animal
2043 2915 27 75 is
2087 2915 102 75 either
2215 2915 56 75 not
2288 2915 34 75 in

1295 2963 123 75 health,
1443 2963 36 75 or
1495 2963 57 75 has
1569 2963 19 75 a
1603 2963 124 75 weakly
1739 2963 213 75 confthtstion.
2000 2963 77 75 The
2093 2963 65 75 beft
2175 2963 76 75 time
2270 2963 52 75 for
