2406 3327
538 112 1198 75 AGRICULTURE.

2139 112 52 75 55

86 188 111 75 before
214 188 55 75 the
286 188 88 75 point
391 188 40 75 of
441 188 55 75 the
519 188 88 75 Took,
633 188 63 75 and
719 188 84 75 upon
831 188 19 75 a
876 188 63 75 line
963 188 79 75 with
1059 188 55 75 the

85 235 61 75 left
162 235 64 75 fide
251 235 39 75 of
306 235 55 75 the
382 235 95 75 head.
541 235 85 75 This
651 235 129 75 oblique
797 235 132 75 pofition
945 235 127 75 enables
1088 235 26 75 it

83 280 37 75 10
136 280 104 75 throw
257 280 101 75 roots,
377 280 64 75 <bc.
467 280 57 75 out
541 280 40 75 of
593 280 55 75 the
663 280 89 75 land,
777 280 105 75 which
894 280 143 75 requires
1051 280 61 75 lefs

85 326 88 75 force
191 326 77 75 than
280 326 123 75 cutting
420 326 37 75 or
478 326 131 75 puihing
625 326 88 75 them
730 326 154 75 forward.

130 372 75 75 The
222 372 161 75 Wrest,
409 372 55 75 fig.
485 372 33 75 7.
545 372 29 75 B
595 372 49 75 D,
669 372 26 75 is
712 372 88 75 fixed
816 372 35 75 to
868 372 55 75 the
936 372 95 75 head,
1050 372 63 75 and

85 418 28 75 is
130 418 97 75 about
245 418 44 75 26
306 418 108 75 inches
431 418 89 75 long,
545 418 67 75 two
628 418 113 75 broad,
767 418 61 75 and
844 418 59 75 one
928 418 102 75 thick.
1079 418 33 75 It

82 464 27 75 is
127 464 89 75 fixed
238 464 36 75 to
302 464 55 75 the
379 464 84 75 head
480 464 33 75 at
529 464 42 75 B,
596 464 31 75 in
644 464 75 75 fuch
736 464 19 75 a
770 464 131 75 manner
916 464 34 75 as
968 464 34 75 to
1019 464 92 75 make

82 511 56 75 the
163 511 91 75 angle
279 511 170 75 contained
476 511 143 75 between
647 511 54 75 the
728 511 79 75 lines
824 511 33 75 A
874 511 28 75 B
932 511 62 75 and
1022 511 28 75 B
1073 511 35 75 D

82 556 98 75 about
197 556 42 75 2J
258 556 145 75 degrees.
450 556 76 75 The
543 556 91 75 wreft
650 556 26 75 is
696 556 120 75 feldom
832 556 38 75 or
886 556 96 75 never
997 556 113 75 placed

83 602 33 75 in
140 602 54 75 the
216 602 85 75 lame
328 602 91 75 plane
446 602 79 75 with
552 602 55 75 the
631 602 94 75 head,
751 602 57 75 but
826 602 167 75 gradually
1009 602 102 75 raifed

83 648 85 75 from
185 648 55 75 the
263 648 88 75 place
368 648 105 75 where
489 648 26 75 it
539 648 26 75 is
586 648 88 75 fixed
690 648 35 75 to
742 648 46 75 it;
815 648 71 75 that
911 648 40 75 is,
977 648 85 75 from
1078 648 30 75 B

83 694 36 75 to
135 694 45 75 K,
199 694 32 75 as
248 694 32 75 in
297 694 54 75 fig.
371 694 34 75 8.
452 694 76 75 The
540 694 132 75 pofition
688 694 41 75 of
739 694 56 75 the
811 694 91 75 wreft
917 694 192 75 determines

84 740 56 75 the
154 740 111 75 nature
281 740 41 75 of
332 740 54 75 the
410 740 133 75 furrow.
593 740 110 75 When
720 740 55 75 the
791 740 92 75 wreft
902 740 26 75 is
945 740 83 75 wide
1046 740 64 75 and

82 786 65 75 low
162 786 58 75 fet,
245 786 55 75 the
316 786 122 75 furrow
453 786 25 75 is
497 786 101 75 wide;
625 786 63 75 and
703 786 93 75 when
811 786 27 75 it
855 786 28 75 is
900 786 126 75 narrow
1046 786 63 75 and

87 831 79 75 high
186 831 58 75 fet,
270 831 54 75 the
340 831 121 75 furrow
476 831 26 75 is
524 831 137 75 narrow.

128 879 71 75 Fig.
219 879 33 75 9.
279 879 173 75 reprefents
470 879 54 75 the
540 879 66 75 two
621 879 194 75 Handles,
841 879 88 75 fixed
959 879 149 75 together

80 924 45 75 by
140 924 55 75 the
219 924 65 75 two
302 924 108 75 rungs.
457 924 77 75 The
549 924 105 75 larger
669 924 116 75 handle
801 924 57 75 has
882 924 79 75 been
978 924 130 75 already

80 970 188 75 defcribed;
293 970 56 75 the
365 970 90 75 Idler
471 970 61 75 one
560 970 26 75 is
615 970 19 75 a
660 970 64 75 few
751 970 108 75 inches
886 970 132 75 Ihorter,
1045 970 63 75 and

81 1017 77 75 does
175 1017 57 75 not
248 1017 126 75 require
391 1017 35 75 to
442 1017 40 75 be
499 1017 89 75 quite
604 1017 34 75 fo
654 1017 118 75 ftrong.
821 1017 77 75 The
920 1017 136 75 diftance
1073 1017 41 75 of

81 1063 56 75 the
155 1063 131 75 handles
304 1063 33 75 at
353 1063 55 75 the
424 1063 85 75 little
531 1063 81 75 rung
638 1063 139 75 depends
794 1063 42 75 on
852 1063 54 75 the
923 1063 133 75 pofition
1073 1063 41 75 of

81 1110 55 75 the
155 1110 104 75 wreft.
307 1110 106 75 Their
428 1110 136 75 diftance
582 1110 32 75 at
625 1110 41 75 M
679 1110 63 75 and
758 1110 26 75 P
801 1110 27 75 is
845 1110 97 75 about
959 1110 65 75 two
1040 1110 67 75 feet

82 1155 46 75 fix
144 1155 121 75 inches.
313 1155 77 75 The
401 1155 92 75 lefler
508 1155 117 75 handle
641 1155 25 75 is
683 1155 89 75 fixed
788 1155 34 75 to
834 1155 54 75 the
900 1155 209 75 mold-board

82 1202 32 75 at
131 1202 54 75 M,
210 1202 43 75 fig
288 1202 53 75 10.
366 1202 62 75 and
445 1202 34 75 to
499 1202 56 75 the
571 1202 92 75 wreft
679 1202 33 75 K
730 1202 41 75 B,
798 1202 32 75 at
848 1202 44 75 L.

127 1249 72 75 Fig.
224 1249 54 75 ir.
295 1249 175 75 reprefents
494 1249 55 75 the
574 1249 120 75 plough
718 1249 170 75 complete,
919 1249 44 75 by
982 1249 125 75 joining

82 1293 149 75 together
242 1293 115 75 figures
372 1293 35 75 6.
425 1293 62 75 and
504 1293 52 75 10.
570 1293 32 75 in
613 1293 56 75 the
680 1293 107 75 Iheath
803 1293 31 75 E
851 1293 43 75 B.
930 1293 77 75 The
1016 1293 92 75 wreft

80 1339 28 75 B
133 1339 33 75 K
183 1339 26 75 is
226 1339 153 75 fuppofed
395 1339 34 75 to
447 1339 91 75 make
556 1339 38 75 an
619 1339 92 75 angle
733 1339 78 75 with
836 1339 54 75 the
913 1339 84 75 head
1012 1339 33 75 A
1062 1339 42 75 B,

79 1386 33 75 as
124 1386 31 75 in
173 1386 55 75 fig.
249 1386 45 75 7..
307 1386 63 75 and
386 1386 54 75 the
454 1386 133 75 handles
599 1386 112 75 joined
723 1386 160 75 together,
900 1386 34 75 as
951 1386 32 75 in
1000 1386 54 75 fig.
1071 1386 33 75 9.

126 1431 98 75 After
239 1431 117 75 having
368 1431 93 75 given
476 1431 76 75 fuch
570 1431 18 75 a
603 1431 172 75 particular
791 1431 191 75 defcription
1005 1431 40 75 of
1063 1431 43 75 all

78 1478 56 75 the
146 1478 85 75 parts
249 1478 63 75 and
327 1478 202 75 proportions
541 1478 41 75 of
591 1478 55 75 the
664 1478 94 75 Scots
775 1478 132 75 plough,
932 1478 26 75 it
974 1478 67 75 will
1052 1478 53 75 ea-

79 1524 55 75 fily
150 1524 116 75 appear
290 1524 75 75 how
386 1524 26 75 it
428 1524 170 75 feparates,
623 1524 107 75 raifes,
756 1524 63 75 and
839 1524 89 75 turns
951 1524 76 75 over
1050 1524 56 75 the

79 1570 90 75 earth
192 1570 40 75 of
250 1570 55 75 the
329 1570 132 75 furrow.
511 1570 37 75 If
566 1570 25 75 it
618 1570 64 75 had
705 1570 41 75 no
769 1570 136 75 coulter,
930 1570 56 75 the
1013 1570 92 75 earth

78 1616 109 75 would
202 1616 81 75 open
298 1616 100 75 above
416 1616 54 75 the
486 1616 121 75 middle
631 1616 41 75 of
689 1616 55 75 the
767 1616 87 75 fock,
880 1616 62 75 and
958 1616 32 75 in
1007 1616 18 75 a
1041 1616 64 75 liae

78 1662 110 75 before
204 1662 56 75 the
276 1662 129 75 fheath;
431 1662 59 75 but
506 1662 33 75 as
557 1662 55 75 the
629 1662 123 75 coulter
774 1662 97 75 opens
896 1662 54 75 the
967 1662 90 75 earth
1073 1662 32 75 in

79 1707 18 75 a
114 1707 62 75 line
198 1707 79 75 with
295 1707 54 75 the
365 1707 60 75 left
447 1707 63 75 fide
526 1707 41 75 of
585 1707 54 75 the
656 1707 94 75 head,
775 1707 30 75 if
823 1707 55 75 the
894 1707 57 75 foil
974 1707 56 75 has
1043 1707 63 75 any

78 1753 156 75 cohefion,
259 1753 55 75 the
331 1753 90 75 earth
444 1753 40 75 of
502 1753 56 75 the
580 1753 121 75 furrow
717 1753 66 75 will
800 1753 39 75 be
861 1753 121 75 wholly
1001 1753 103 75 raifed

77 1799 84 75 from
184 1799 56 75 the
255 1799 60 75 left
331 1799 75 75 fide,
431 1799 64 75 and
510 1799 33 75 as
560 1799 55 75 the
631 1799 78 75 fock
729 1799 108 75 moves
861 1799 150 75 forward,
1037 1799 66 75 will

77 1846 38 75 be
139 1846 127 75 throwrt
289 1846 41 75 on
354 1846 54 75 the
424 1846 86 75 right
535 1846 62 75 fide
621 1846 41 75 of
680 1846 55 75 the
755 1846 121 75 ftieath,
901 1846 61 75 and
986 1846 45 75 by
1046 1846 55 75 the

74 1890 119 75 calling
209 1890 57 75 out
282 1890 41 75 of
333 1890 56 75 the
401 1890 219 75 mold-board,
638 1890 37 75 or
687 1890 55 75 the
754 1890 112 75 raifing
879 1890 40 75 of
929 1890 55 75 the
995 1890 104 75 wreft,

74 1938 66 75 will
158 1938 43 75 be.
213 1938 116 75 turned
345 1938 89 75 over.

119 1984 85 75 This
221 1984 130 75 plough,
375 1984 125 75 though
516 1984 56 75 the
587 1984 66 75 beft
669 1984 127 75 general
809 1984 71 75 one,
905 1984 27 75 is
945 1984 57 75 not
1018 1984 80 75 alto-

73 2030 113 75 gether
202 2030 130 75 perfedt.
382 2030 48 75 As
447 2030 55 75 the
518 2030 76 75 fock
610 2030 26 75 is
653 2030 78 75 high
753 2030 31 75 in
807 2030 55 75 the
879 2030 132 75 middle,
1037 2030 62 75 and

72 2077 104 75 round
192 2077 41 75 on
249 2077 55 75 the
327 2077 92 75 fides,
445 2077 63 75 and
531 2077 33 75 as
590 2077 55 75 the
670 2077 89 75 point
783 2077 41 75 of
841 2077 26 75 it
889 2077 27 75 is
941 2077 32 75 in
996 2077 19 75 a
1036 2077 62 75 line

73 2122 79 75 with
169 2122 54 75 the
241 2122 119 75 middle
383 2122 40 75 of
441 2122 55 75 the
519 2122 95 75 head,
640 2122 18 75 a
679 2122 91 75 great
792 2122 89 75 force
897 2122 26 75 is
939 2122 159 75 necefiary

71 2169 36 75 to
125 2169 77 75 raife
218 2169 54 75 the
289 2169 90 75 earth
392 2169 40 75 of
450 2169 56 75 the
523 2169 133 75 furrow.
705 2169 141 75 Befides,
872 2169 33 75 as
917 2169 56 75 the
989 2169 107 75 {heath

70 2215 28 75 is
114 2215 110 75 nearly
239 2215 32 75 in
284 2215 19 75 a
318 2215 64 75 line
399 2215 76 75 with
489 2215 55 75 the
561 2215 89 75 point
667 2215 42 75 of
727 2215 55 75 the
799 2215 87 75 fock,
912 2215 62 75 and
990 2215 35 75 to
1042 2215 55 75 the

71 2261 87 75 right
174 2261 40 75 of
231 2261 55 75 the
302 2261 67 75 lefr
379 2261 61 75 fide
457 2261 41 75 of
515 2261 55 75 the
587 2261 94 75 head,
707 2261 55 75 the
785 2261 91 75 earth
899 2261 40 75 of
957 2261 55 75 the
1029 2261 67 75 fur-

72 2307 79 75 row,
177 2307 33 75 as
227 2307 26 75 it
269 2307 27 75 is
312 2307 112 75 raifed,
450 2307 80 75 muft
546 2307 93 75 ftrike
656 2307 115 75 againft
783 2307 56 75 the
854 2307 121 75 {heath,
1000 2307 64 75 and
1079 2307 19 75 a

71 2352 71 75 part
158 2352 40 75 of
215 2352 38 75 it,
278 2352 118 75 inftead
416 2352 40 75 of
473 2352 95 75 being
591 2352 116 75 turned
723 2352 120 75 wholly
859 2352 35 75 to
917 2352 56 75 the
995 2352 100 75 right,

70 2397 66 75 will
153 2397 58 75 fall
228 2397 34 75 to
279 2397 55 75 the
346 2397 61 75 left
421 2397 77 75 fide.
544 2397 110 75 Thefe
664 2397 120 75 defedts
801 2397 91 75 make
908 2397 56 75 the
976 2397 120 75 plough

69 2443 105 75 heavy
189 2443 35 75 to
237 2443 108 75 draw;
371 2443 73 75 and,
469 2443 132 75 befides,
623 2443 69 75 this
710 2443 132 75 pofition
860 2443 40 75 of
913 2443 58 75 the
988 2443 108 75 {heath

70 2490 129 75 renders
221 2490 57 75 the
304 2490 93 75 Scots
422 2490 120 75 plough
564 2490 159 75 improper
746 2490 52 75 for
818 2490 131 75 hoeing,
980 2490 33 75 as
1041 2490 56 75 the

68 2537 92 75 earth
176 2537 71 75 that
269 2537 74 75 falls
361 2537 35 75 to
413 2537 55 75 the
483 2537 61 75 left
561 2537 104 75 buries
682 2537 56 75 the
754 2537 107 75 young
872 2537 105 75 plants
993 2537 32 75 in
1042 2537 55 75 the

69 2582 97 75 rows.

114 2628 56 75 To
182 2628 130 75 remedy
327 2628 55 75 the
398 2628 120 75 defedls
538 2628 112 75 arifing
667 2628 85 75 from
764 2628 55 75 the
831 2628 86 75 fock,
943 2628 25 75 it
983 2628 113 75 fiiould

68 2675 39 75 be
124 2675 92 75 made
232 2675 129 75 ftraight
378 2675 41 75 on
437 2675 54 75 the
513 2675 168 75 land-fide,
706 2675 34 75 fo
763 2675 33 75 as
820 2675 36 75 to
881 2675 38 75 be
935 2675 32 75 in
991 2675 18 75 a
1031 2675 63 75 line

68 2720 79 75 v/ith
163 2720 55 75 the
234 2720 76 75 land
332 2720 37 75 or
391 2720 61 75 left
467 2720 64 75 fide
543 2720 45 75 of
606 2720 55 75 the
678 2720 100 75 head;
805 2720 62 75 and
882 2720 131 75 ftraight
1030 2720 64 75 alfo

66 2767 116 75 below,
208 2767 34 75 fo
258 2767 34 75 as
308 2767 35 75 to
366 2767 39 75 be
421 2767 32 75 in
471 2767 18 75 a
511 2767 63 75 line
590 2767 79 75 with
692 2767 56 75 the
770 2767 101 75 under
893 2767 63 75 fide
978 2767 42 75 of
1038 2767 55 75 the

66 2812 95 75 head,
186 2812 120 75 {loping
321 2812 40 75 on
378 2812 55 75 the
449 2812 122 75 furrow
582 2812 38 75 or
635 2812 59 75 left
711 2812 81 75 fide;
819 2812 61 75 and
896 2812 139 75 likewife
1053 2812 41 75 on

67 2858 55 75 the
137 2858 99 75 upper
251 2858 63 75 fide
337 2858 84 75 from
445 2858 56 75 the
524 2858 102 75 point,
652 2858 34 75 fo
708 2858 33 75 as
758 2858 35 75 to
810 2858 92 75 make
918 2858 38 75 it,
982 2858 32 75 at
1038 2858 55 75 the

67 2903 85 75 root,
178 2903 97 75 about
290 2903 92 75 feven
397 2903 108 75 inches
521 2903 113 75 broad,
660 2903 62 75 and
738 2903 89 75 three
848 2903 115 75 inches,
977 2903 90 75 thick
1079 2903 11 75 ;

67 2949 33 75 at
126 2949 55 75 the
207 2949 85 75 fame
319 2949 76 75 time
421 2949 119 75 flcping
557 2949 42 75 all
623 2949 56 75 the
696 2949 71 75 way
782 2949 85 75 from
894 2949 54 75 the
964 2949 77 75 land
1056 2949 35 75 to

1163 178 55 75 the
1233 178 134 75 furrow,
1392 178 34 75 fo
1450 178 33 75 as
1512 178 36 75 to
1576 178 84 75 form
1684 178 56 75 the
1763 178 200 75 furrow-fide
1984 178 69 75 into
2069 178 18 75 a
2102 178 92 75 {harp

1163 224 93 75 edge.
1320 224 33 75 It
1380 224 27 75 is
1436 224 148 75 obvious,
1617 224 71 75 that
1716 224 64 75 this
1808 224 76 75 fock
1908 224 66 75 will
2001 224 85 75 meet
2112 224 81 75 with

1162 271 59 75 lefs
1238 271 159 75 refiftance
1413 271 76 75 than
1513 271 56 75 the
1588 271 148 75 common
1752 271 73 75 one,
1852 271 65 75 will
1937 271 77 75 raife
2031 271 56 75 the
2099 271 93 75 earth

1162 316 40 75 of
1213 316 54 75 the
1284 316 120 75 furrow
1420 316 122 75 wholly
1558 316 85 75 from
1660 316 55 75 the
1730 316 61 75 left
1806 316 76 75 fide,
1909 316 61 75 and
1987 316 74 75 turn
2077 316 26 75 it
2115 316 33 75 as
2164 316 29 75 it

1162 363 26 75 is
1205 363 114 75 raifed.

1207 410 55 75 To
1278 410 130 75 remedy
1421 410 54 75 the
1492 410 103 75 defedt
1609 410 7 75 '
1616 410 107 75 arifing
1734 410 85 75 from
1837 410 55 75 the
1903 410 121 75 {heath,
2042 410 26 75 it
2080 410 111 75 {hould

1162 455 38 75 be
1212 455 139 75 brought
1368 455 18 75 a
1409 455 84 75 little
1514 455 110 75 nearer
1640 455 55 75 the
1711 455 105 75 larger
1827 455 128 75 handle,
1981 455 62 75 and
2056 455 135 75 another

1160 502 107 75 {heath
1290 502 111 75 {hould
1422 502 39 75 be
1478 502 88 75 fixed
1590 502 18 75 a
1631 502 85 75 little
1737 502 109 75 before
1869 502 38 75 it,
1933 502 35 75 to
1992 502 55 75 the
2068 502 61 75 left
2152 502 38 75 or

1160 549 153 75 land-fide
1330 549 39 75 of
1380 549 55 75 the
1450 549 84 75 head
1549 549 64 75 and
1628 549 91 75 beam
1731 549 10 75 ;
1767 549 34 75 to
1814 549 63 75 this
1893 549 107 75 {heath
2014 549 54 75 the
2084 549 104 75 mold-

1158 595 102 75 board
1283 595 111 75 {hould
1417 595 40 75 be
1480 595 99 75 fixed.
1629 595 37 75 If
1684 595 64 75 this
1774 595 39 75 be
1838 595 95 75 done,
1958 595 57 75 the
2038 595 92 75 earth
2153 595 41 75 of

1160 641 53 75 the
1231 641 132 75 furrow,
1389 641 33 75 as
1439 641 26 75 it
1481 641 27 75 is
1532 641 114 75 raifed,
1672 641 63 75 will
1754 641 39 75 be
1815 641 124 75 refifted
1955 641 42 75 by
2013 641 55 75 the
2084 641 105 75 mold-

1159 688 102 75 board
1276 688 90 75 only,
1392 688 62 75 and
1469 688 122 75 wholly
1606 688 115 75 turned
1737 688 35 75 to
1789 688 55 75 the
1861 688 100 75 right.

1204 734 75 75 The
1296 734 165 75 Bridle,
1479 734 38 75 or
1533 734 191 75 Muzzle,
1743 734 25 75 is
1782 734 134 75 another
1927 734 111 75 article
2053 734 133 75 belong-

1157 780 55 75 ing
1228 780 35 75 to
1275 780 56 75 the
1351 780 132 75 plough.
1532 780 33 75 It
1587 780 28 75 is
1634 780 89 75 fixed
1741 780 36 75 to
1797 780 55 75 the
1869 780 63 75 end
1950 780 42 75 of
2009 780 55 75 the
2080 780 106 75 beam,

1158 827 62 75 and
1232 827 54 75 the
1303 827 98 75 cattle
1418 827 53 75 are
1487 827 107 75 yoked
1609 827 44 75 by
1674 827 39 75 it.
1760 827 78 75 The
1854 827 129 75 muzzle
2005 827 184 75 commonly

1157 874 77 75 ufed
1249 874 27 75 is
1293 874 19 75 a
1328 874 119 75 curved
1461 874 89 75 piece
1568 874 44 75 of
1629 874 82 75 iron,
1737 874 88 75 fixed
1849 874 34 75 to
1907 874 56 75 the
1986 874 92 75 beam
2101 874 44 75 by
2169 874 19 75 a

1158 919 68 75 bolt
1243 919 139 75 through
1399 919 39 75 it.
1488 919 37 75 In
1538 919 55 75 fig.
1616 919 54 75 12.
1695 919 126 75 ABC
1839 919 26 75 is
1879 919 55 75 the
1947 919 140 75 muzzle,
2108 919 30 75 A
2156 919 30 75 C

1157 966 55 75 the
1228 966 69 75 bolt
1313 966 43 75 by
1381 966 104 75 which
1511 966 25 75 it
1559 966 26 75 is
1611 966 88 75 fixed
1724 966 34 75 to
1785 966 56 75 the
1867 966 111 75 beam;
2012 966 34 75 D
2075 966 26 75 is
2131 966 56 75 the

1156 1013 225 75 fwingle-tree,
1406 1013 38 75 or
1460 1013 181 75 crofs-tree,
1667 1013 35 75 to
1727 1013 105 75 which
1856 1013 55 75 the
1933 1013 103 75 traces
2054 1013 52 75 are
2123 1013 62 75 fix-

1156 1059 39 75 ed
1207 1059 10 75 ;
1244 1059 63 75 and
1322 1059 28 75 B
1363 1059 28 75 is
1408 1059 19 75 a
1441 1059 100 75 hook,
1558 1059 38 75 or
1612 1059 103 75 cleek,
1742 1059 32 75 as
1791 1059 26 75 it
1832 1059 27 75 is
1872 1059 181 75 commonly
2069 1059 115 75 called,

1156 1105 106 75 which
1275 1105 85 75 joins
1378 1105 54 75 the
1449 1105 128 75 muzzle
1594 1105 61 75 and
1672 1105 227 75 fwingle-tree.

1205 1152 160 75 Someufe
1381 1152 133 75 another
1530 1152 77 75 kind
1622 1152 41 75 of
1673 1152 141 75 muzzle,
1840 1152 55 75 fig.
1914 1152 53 75 13.
1993 1152 33 75 A
2043 1152 28 75 B
2085 1152 30 75 C
2133 1152 49 75 D.

1156 1197 32 75 It
1203 1197 26 75 is
1242 1197 88 75 fixed
1345 1197 35 75 to
1398 1197 54 75 the
1469 1197 91 75 beam
1578 1197 43 75 by
1637 1197 65 75 two
1714 1197 102 75 bolts,
1843 1197 62 75 and
1916 1197 56 75 has
1990 1197 131 75 notches
2138 1197 44 75 by

1155 1244 105 75 which
1277 1244 55 75 the
1348 1244 91 75 cleek
1458 1244 40 75 of
1515 1244 57 75 the
1588 1244 214 75 fwingle-tree
1818 1244 74 75 may
1911 1244 41 75 be
1968 1244 89 75 fixed
2079 1244 105 75 either

1155 1290 35 75 to
1206 1290 55 75 the
1274 1290 86 75 right
1376 1290 37 75 or
1429 1290 55 75 the
1500 1290 60 75 left
1577 1290 40 75 of
1637 1290 52 75 the
1707 1290 102 75 beam.
1851 1290 110 75 There
1972 1290 53 75 are
2037 1290 65 75 alfo
2118 1290 64 75 dif-

1154 1337 104 75 ferent
1273 1337 90 75 holes
1375 1337 52 75 for
1444 1337 56 75 the
1512 1337 165 75 hind-bolt
1693 1337 35 75 to
1746 1337 68 75 pafs
1833 1337 152 75 through,
2010 1337 45 75 by
2076 1337 106 75 which

1156 1383 55 75 the
1222 1383 139 75 draught
1373 1383 73 75 may
1462 1383 40 75 be
1517 1383 89 75 fixed
1617 1383 103 75 either
1731 1383 100 75 above
1844 1383 37 75 or
1891 1383 106 75 below
2008 1383 55 75 the
2075 1383 105 75 beam.

1154 1429 33 75 A
1205 1429 34 75 D
1257 1429 26 75 is
1301 1429 55 75 the
1377 1429 155 75 fore-bolt
1549 1429 83 75 upon
1649 1429 105 75 which
1778 1429 55 75 the
1855 1429 130 75 muzzle
2001 1429 88 75 turns
2103 1429 9 75 ;
2139 1429 42 75 on

1155 1475 27 75 B
1202 1475 29 75 C
1258 1475 52 75 are
1334 1475 73 75 four
1431 1475 144 75 notches,
1600 1475 135 75 betwixt
1759 1475 62 75 any
1844 1475 65 75 two
1934 1475 41 75 of
1992 1475 105 75 which
2125 1475 56 75 the

1154 1521 89 75 cleek
1259 1521 40 75 of
1310 1521 54 75 the
1380 1521 214 75 fwingle-tree
1611 1521 72 75 may
1696 1521 39 75 be
1747 1521 99 75 fixed.
1895 1521 112 75 When
2019 1521 55 75 the
2091 1521 89 75 cleek

1154 1567 24 75 is
1195 1567 87 75 fixed
1299 1567 33 75 at
1348 1567 43 75 B,
1409 1567 55 75 the
1480 1567 120 75 plough
1609 1567 25 75 is
1653 1567 115 75 turned
1785 1567 138 75 towards
1936 1567 55 75 the
2002 1567 71 75 firm
2089 1567 88 75 land,

1154 1613 62 75 and
1232 1613 88 75 takes
1337 1613 52 75 off
1408 1613 18 75 a
1441 1613 139 75 broader
1594 1613 141 75 furrow;
1767 1613 68 75 and'
1855 1613 90 75 when
1965 1613 89 75 fixed
2075 1613 34 75 at
2133 1613 44 75 C,

1153 1659 25 75 it
1194 1659 26 75 is
1238 1659 115 75 turned
1369 1659 139 75 towards
1526 1659 54 75 the
1595 1659 163 75 ploughed
1780 1659 88 75 land,
1893 1659 63 75 and
1976 1659 90 75 takes
2089 1659 52 75 off
2159 1659 20 75 a

1153 1706 160 75 narrower
1335 1706 133 75 furroty.
1517 1706 30 75 E
1572 1706 62 75 and
1651 1706 26 75 F
1699 1706 54 75 are
1769 1706 55 75 the
1849 1706 89 75 holes
1961 1706 42 75 on
2020 1706 77 75 each
2114 1706 65 75 fide

1152 1754 141 75 through
1309 1754 105 75 which
1432 1754 55 75 the
1503 1754 157 75 hindmoft
1672 1754 70 75 bolt
1758 1754 111 75 paffes.
1918 1754 109 75 When
2040 1754 55 75 the
2106 1754 71 75 bolt

1150 1798 26 75 is
1193 1798 55 75 put
1265 1798 141 75 through
1422 1798 55 75 the
1493 1798 123 75 higheft
1632 1798 77 75 two,
1735 1798 87 75 thefe
1833 1798 90 75 holes
1936 1798 94 75 being
2041 1798 137 75 thereby

1149 1846 139 75 brought
1304 1846 35 75 to
1351 1846 54 75 the
1423 1846 118 75 middle
1558 1846 40 75 of
1615 1846 55 75 the
1686 1846 104 75 beam,
1816 1846 55 75 the
1888 1846 157 75 fore-part
2061 1846 41 75 of
2120 1846 57 75 the

1149 1893 127 75 muzzle
1291 1893 27 75 is
1335 1893 102 75 raifed
1453 1893 100 75 above
1569 1893 59 75 the.
1640 1893 103 75 beam,
1762 1893 61 75 and
1839 1893 56 75 the
1909 1893 119 75 plough
2040 1893 26 75 is
2083 1893 93 75 made

1146 1938 36 75 to
1199 1938 42 75 go
1257 1938 136 75 deeper;
1420 1938 62 75 and
1493 1938 92 75 when
1602 1938 58 75 put
1676 1938 140 75 through
1829 1938 55 75 the
1899 1938 109 75 loweft
2024 1938 76 75 two,
2119 1938 57 75 the

1148 1985 156 75 fore-part
1321 1985 39 75 of
1380 1985 54 75 the
1445 1985 127 75 muzzle
1585 1985 26 75 is
1628 1985 79 75 funk
1719 1985 108 75 below
1843 1985 55 75 the
1915 1985 104 75 beam,
2045 1985 62 75 and
2120 1985 56 75 the

1146 2031 119 75 plough
1276 2031 26 75 is
1316 2031 90 75 made
1419 2031 34 75 to
1469 2031 42 75 go
1527 2031 176 75 ftiallower.
1751 2031 85 75 This
1853 2031 128 75 muzzle
1998 2031 73 75 may
2081 2031 41 75 be
2139 2031 35 75 fo

1146 2078 195 75 conftrufted
1368 2078 33 75 as
1425 2078 34 75 to
1482 2078 81 75 have
1589 2078 54 75 the
1668 2078 82 75 fame
1766 2078 74 75 play
1856 2078 79 75 with
1952 2078 55 75 the
2024 2078 147 75 common

1145 2124 73 75 one.
1268 2124 71 75 Fig.
1361 2124 55 75 16.
1441 2124 34 75 A
1491 2124 27 75 is
1535 2124 55 75 the
1607 2124 61 75 end
1688 2124 41 75 of
1745 2124 56 75 the
1821 2124 112 75 beam;
1960 2124 28 75 B
2002 2124 18 75 a
2037 2124 84 75 plate
2137 2124 42 75 of

1142 2170 72 75 iron
1226 2170 77 75 funk
1315 2170 67 75 into
1399 2170 36 75 it,
1454 2170 74 75 and,
1546 2170 78 75 with
1641 2170 19 75 a
1675 2170 114 75 fimilar
1804 2170 61 75 one
1876 2170 32 75 in
1921 2170 55 75 the
1988 2170 93 75 other
2093 2170 76 75 fide,

1144 2216 25 75 is
1187 2216 138 75 rivetted
1348 2216 68 75 into
1442 2216 26 75 it
1492 2216 43 75 by
1553 2216 109 75 bolts;
1688 2216 29 75 C
1743 2216 26 75 is
1794 2216 56 75 the
1874 2216 128 75 muzzle
2024 2216 88 75 fixed
2134 2216 36 75 to

1145 2263 86 75 thefe
1254 2263 101 75 plates
1379 2263 41 75 of
1436 2263 70 75 iron
1527 2263 44 75 by
1591 2263 55 75 the
1665 2263 70 75 bolt
1756 2263 48 75 D,
1829 2263 104 75 which
1950 2263 69 75 bolt
2041 2263 74 75 may
2130 2263 40 75 be

1145 2309 56 75 put
1213 2309 140 75 through
1370 2309 62 75 any
1447 2309 40 75 of
1505 2309 55 75 the
1576 2309 89 75 holes
1682 2309 30 75 E
1729 2309 44 75 E.
1824 2309 96 75 From
1937 2309 55 75 the
2009 2309 159 75 conftruc-

1144 2355 66 75 tion
1227 2355 42 75 of
1286 2355 62 75 this
1366 2355 127 75 muzzle
1508 2355 25 75 it
1549 2355 26 75 is
1599 2355 97 75 plain,
1722 2355 70 75 that
1809 2355 27 75 it
1850 2355 58 75 has
1925 2355 54 75 the
1995 2355 83 75 fame
2095 2355 74 75 play

1145 2401 78 75 with
1247 2401 55 75 the
1326 2401 145 75 common
1494 2401 73 75 one,
1593 2401 63 75 and
1680 2401 71 75 that
1772 2401 46 75 by
1841 2401 26 75 it
1891 2401 56 75 the
1963 2401 76 75 land
2055 2401 39 75 of
2112 2401 57 75 the

1143 2448 121 75 plough
1277 2448 73 75 may
1366 2448 41 75 be
1417 2448 121 75 altered
1554 2448 32 75 at
1597 2448 153 75 pleafure.

1165 2558 63 75 Of
1246 2558 69 75 the
1339 2558 149 75 Plough
1509 2558 101 75 with
1640 2558 66 75 the
1732 2558 146 75 curved
1897 2558 255 75 Mold-board.

1189 2635 84 75 The
1301 2635 204 75 mold-board
1527 2635 40 75 of
1594 2635 54 75 the
1672 2635 95 75 Scots
1791 2635 118 75 plough
1936 2635 27 75 is
1990 2635 60 75 not
2077 2635 89 75 quite

1142 2681 143 75 ftraight,
1310 2681 56 75 but
1382 2681 27 75 is
1427 2681 62 75 call
1505 2681 56 75 out
1578 2681 111 75 above,
1715 2681 62 75 and
1793 2681 87 75 more
1897 2681 62 75 and
1975 2681 87 75 more
2078 2681 35 75 fo
2130 2681 34 75 as

1142 2727 24 75 it
1183 2727 193 75 approaches
1393 2727 55 75 the
1463 2727 89 75 leffer
1567 2727 129 75 handle.

1188 2774 142 75 Ploughs
1345 2774 79 75 with
1441 2774 18 75 a
1476 2774 117 75 curved
1609 2774 205 75 mold-board
1829 2774 181 75 commonly
2025 2774 80 75 have
2122 2774 42 75 no

1140 2819 102 75 wreft,
1268 2819 55 75 the
1347 2819 205 75 mold-board
1575 2819 124 75 ferving
1724 2819 53 75 for
1803 2819 92 75 both.
1943 2819 77 75 The
2047 2819 115 75 under-

1140 2865 70 75 pa,t
1227 2865 39 75 of
1283 2865 37 75 it,
1346 2865 104 75 which
1466 2865 104 75 ferves
1593 2865 31 75 in
1646 2865 89 75 place
1758 2865 41 75 of
1816 2865 55 75 the
1888 2865 102 75 wreft,
2015 2865 147 75 becomes

1139 2913 129 75 parallel
1285 2913 35 75 to
1342 2913 55 75 the
1421 2913 92 75 plane
1537 2913 40 75 of
1597 2913 55 75 the
1676 2913 84 75 head
1783 2913 33 75 as
1840 2913 26 75 it
1890 2913 192 75 approaches
2107 2913 56 75 the

1137 2963 137 75 handle;
1300 2963 63 75 and
1379 2963 190 75 fometimes,
1594 2963 84 75 after
1701 2963 99 75 alias
1824 2963 105 75 paffed
1954 2963 54 75 the
2030 2963 131 75 handle.
