2428 3377
153 128 100 75 Part
274 128 68 75 VI.

703 120 357 75 ANA
1178 121 38 75 T

293 232 456 75 INTESTINUM
799 232 244 75 COLON.

195 314 87 75 The
301 314 92 75 colon
405 314 26 75 is
449 314 55 75 the
522 314 79 75 moft
612 314 213 75 confiderable
838 314 40 75 of
884 314 42 75 all
938 314 55 75 the
1009 314 175 75 inteftines.

151 361 99 75 From
278 361 56 75 the
362 361 131 75 csecum,
526 361 41 75 of
594 361 105 75 which
727 361 26 75 it
780 361 28 75 is
841 361 18 75 a
894 361 232 75 continuation,
1159 361 27 75 it

152 407 141 75 reaches,
312 407 31 75 in
360 407 84 75 form
461 407 41 75 of
521 407 39 75 an
578 407 89 75 arch,
693 407 99 75 above
809 407 56 75 the
881 407 165 75 umbilical
1062 407 123 75 region,

152 453 62 75 and
228 453 38 75 to
294 453 57 75 the
366 453 100 75 lower
493 453 71 75 part
592 453 39 75 of
651 453 55 75 the
723 453 59 75 left
798 453 290 75 hypochondrium.
1138 453 48 75 Its

151 500 178 75 continuity
355 500 26 75 is
405 500 150 75 however
570 500 18 75 a
604 500 84 75 little
704 500 201 75 interrupted
931 500 44 75 by
993 500 55 75 the
1071 500 112 75 ileum,

151 548 106 75 which
270 548 154 75 advances
439 548 68 75 into
517 548 55 75 the
585 548 107 75 cavity
703 548 40 75 of
755 548 53 75 the
822 548 106 75 colon,
947 548 74 75 and,
1034 548 152 75 together

152 593 88 75 with-
248 593 19 75 a
277 593 122 75 certain
416 593 70 75 fold
501 593 40 75 of
553 593 71 75 that
640 593 157 75 inteftine,
822 593 101 75 forms
935 593 88 75 what
1038 593 28 75 is
1083 593 104 75 called

151 640 128 75 valvula
295 640 76 75 coli.

196 686 78 75 The
285 686 106 75 whole
407 686 123 75 convex
547 686 63 75 fide
626 686 41 75 of
685 686 56 75 the
769 686 93 75 colon
879 686 27 75 is
935 686 130 75 divided
1081 686 104 75 longi-

154 733 158 75 tudinally
328 733 69 75 into
424 733 91 75 three
543 733 100 75 patts,
668 733 44 75 by
728 733 91 75 three
846 733 212 75 ligamentary
1074 733 112 75 bands,

153 778 171 75 continued
346 778 84 75 from
457 778 91 75 thofe
576 778 41 75 of
636 778 55 75 the
715 778 130 75 caecum,
871 778 63 75 and
961 778 40 75 of
1019 778 56 75 the
1102 778 84 75 fame

155 824 150 75 ftructure
322 824 79 75 with
419 824 99 75 thefe.
566 824 88 75 Two
682 824 40 75 of
741 824 56 75 the
820 824 93 75 three
941 824 100 75 bands
1060 824 58 75 run
1147 824 41 75 on

153 872 77 75 each
258 872 76 75 fide,
360 872 93 75 along
481 872 56 75 the
561 872 90 75 great
666 872 170 75 curvature
851 872 41 75 of
910 872 54 75 the
983 872 116 75 colon;
1126 872 63 75 and

156 919 54 75 the
223 919 88 75 third
328 919 95 75 along
438 919 57 75 the
519 919 68 75 ima'
587 919 22 75 ll
626 919 180 75 curvature.

199 965 109 75 Thefe
323 965 91 75 three
433 965 214 75 longitudinal
663 965 100 75 bands
780 965 43 75 do
840 965 56 75 the
912 965 93 75 office
1022 965 41 75 of
1075 965 112 75 fraena,

158 1010 145 75 between
319 1010 106 75 which
449 1010 63 75 this
536 1010 144 75 inteftine
697 1010 26 75 is
741 1010 140 75 through
898 1010 41 75 its
957 1010 105 75 whole
1078 1010 112 75 length

154 1057 192 75 alternately
363 1057 163 75 depreffed
543 1057 69 75 into
628 1057 174 75 tranfverfe
818 1057 98 75 folds,
942 1057 63 75 and
1026 1057 100 75 raifed
1142 1057 47 75 in-

156 1104 35 75 to
211 1104 212 75 confiderable
444 1104 191 75 eminences..
683 1104 60 75 All
774 1104 54 75 the
853 1104 85 75 folds
966 1104 52 75 are
1046 1104 143 75 duplica-

155 1150 100 75 tures,
281 1150 105 75 which
403 1150 84 75 form
504 1150 144 75 portions
660 1150 40 75 of
719 1150 132 75 valvulae
869 1150 204 75 conniventes
1090 1150 33 75 in
1134 1150 55 75 the

155 1196 106 75 cavity
276 1196 40 75 of
339 1196 56 75 the
419 1196 145 75 inteftine
578 1196 11 75 ;
612 1196 61 75 and
697 1196 55 75 the
777 1196 178 75 eminences
973 1196 84 75 form
1081 1196 108 75 recep-

154 1243 110 75 tacles,
289 1243 102 75 called
409 1243 55 75 the
482 1243 77 75 cells
578 1243 39 75 of
629 1243 55 75 the
700 1243 108 75 colon.

201 1289 76 75 The
288 1289 148 75 common
445 1289 86 75 coat,
549 1289 41 75 on
602 1289 60 75 one
679 1289 75 75 fide,
773 1289 25 75 is
811 1289 19 75 a
846 1289 218 75 continuation
1083 1289 41 75 of
1133 1289 56 75 the

156 1335 202 75 mefocolon;
378 1335 74 75 and,
470 1335 42 75 on
529 1335 55 75 the
600 1335 93 75 other
706 1335 76 75 fide,
799 1335 27 75 it
842 1335 210 75 contributes,
1075 1335 44 75 by
1128 1335 62 75 the

157 1382 84 75 fame
258 1382 230 75 continuation,
513 1382 34 75 to
564 1382 85 75 form
666 1382 55 75 the
738 1382 174 75 omentum.

202 1428 76 75 The
295 1428 76 75 arch
389 1428 40 75 of
447 1428 54 75 the
518 1428 95 75 colon
634 1428 109 75 begins
761 1428 101 75 under
878 1428 56 75 the
954 1428 86 75 right
1057 1428 131 75 kidney,

158 1474 75 75 near
249 1474 56 75 the
321 1474 140 75 haunch.
510 1474 32 75 It
552 1474 73 75 runs
638 1474 42 75 up
698 1474 41 75 on
756 1474 56 75 the
828 1474 134 75 fOrefide
980 1474 39 75 of
1031 1474 70 75 that
1117 1474 72 75 kid-

157 1522 62 75 ney
241 1522 35 75 to
294 1522 105 75 which
426 1522 26 75 it
480 1522 27 75 is
533 1522 185 75 connefted,
743 1522 98 75 paffes
858 1522 103 75 under
984 1522 56 75 the
1056 1522 136 75 vef^cula

157 1567 97 75 fellis,
280 1567 106 75 which
402 1567 103 75 tinges
523 1567 25 75 it
563 1567 79 75 with
660 1567 18 75 a
693 1567 116 75 yellow
827 1567 111 75 colour
955 1567 32 75 at
1003 1567 70 75 that
1086 1567 101 75 place,

157 1615 63 75 and
235 1615 165 75 continues
424 1615 41 75 its
493 1615 112 75 courfe
626 1615 112 75 before
762 1615 55 75 the
840 1615 65 75 firlt
928 1615 200 75 incurvation
1155 1615 41 75 of

155 1661 59 75 the
230 1661 196 75 duodenum,
452 1661 35 75 to
502 1661 106 75 which
632 1661 26 75 it
669 1661 146 75 adheres,
841 1661 62 75 and
918 1661 108 75 partly
1042 1661 91 75 hides
1150 1661 38 75 it.

158 1707 48 75 In.
215 1707 64 75 this
297 1707 71 75 part
385 1707 39 75 of
443 1707 41 75 its
501 1707 123 75 courfe,
649 1707 175 75 therefore,
851 1707 91 75 there
959 1707 27 75 is
1014 1707 19 75 a
1049 1707 141 75 remark-

159 1753 69 75 able
256 1753 179 75 connexion
475 1753 143 75 between
646 1753 58 75 the
733 1753 106 75 colon,
873 1753 196 75 duodenum,
1103 1753 88 75 right

157 1799 132 75 kidney,
315 1799 63 75 and
394 1799 133 75 veficula
538 1799 99 75 fellis.

206 1846 97 75 From
334 1846 115 75 thence
481 1846 55 75 the
570 1846 75 75 arch
679 1846 41 75 of
746 1846 55 75 the
834 1846 93 75 Colon
968 1846 73 75 runs
1080 1846 111 75 before

157 1892 57 75 the
238 1892 91 75 great
356 1892 175 75 convexity
558 1892 40 75 of
617 1892 54 75 the
700 1892 160 75 ftomaclv
876 1892 62 75 and
966 1892 180 75 fometimes
1174 1892 19 75 a

157 1939 83 75 little
257 1939 99 75 lower
370 1939 10 75 ;
409 1939 75 75 then
500 1939 91 75 turns
619 1939 171 75 backward
817 1939 102 75 under
946 1939 54 75 the
1016 1939 118 75 Ipleen,
1160 1939 32 75 in

158 1985 56 75 the
231 1985 59 75 left
313 1985 279 75 hypochondrium
607 1985 10 75 ;
644 1985 75 75 runs
748 1985 93 75 down
860 1985 41 75 on
929 1985 55 75 the
1006 1985 134 75 forefide
1156 1985 41 75 of

157 2032 56 75 the
227 2032 62 75 left
316 2032 130 75 kidney,
472 2032 36 75 to
534 2032 107 75 which
669 2032 26 75 it
723 2032 27 75 is
779 2032 192 75 conne&ed;
992 2032 109 75 below
1126 2032 64 75 this

157 2078 119 75 kidney
298 2078 89 75 turns
404 2078 126 75 toward
546 2078 56 75 the
620 2078 166 75 vertebrae,
812 2078 64 75 and
892 2078 184 75 terminates
1100 2078 90 75 th^re

160 2123 43 75 by
228 2123 18 75 a
278 2123 118 75 double
429 2123 211 75 incurvation,
674 2123 38 75 or
736 2123 43 75 by
814 2123 67 75 two
909 2123 140 75 oppofite
1073 2123 117 75 convo-

159 2171 132 75 lutions,
308 2171 106 75 which
432 2171 160 75 reprefent
607 2171 32 75 in
656 2171 87 75 feme
760 2171 141 75 meafure
919 2171 39 75 an
974 2171 147 75 inverted
1137 2171 53 75 ro-

159 2215 71 75 man
249 2215 36 75 S.

207 2263 46 75 At
270 2263 56 75 the
354 2263 92 75 place
470 2263 108 75 v/here
606 2263 56 75 the
677 2263 119 75 caecum
819 2263 86 75 joins
927 2263 57 75 the
1000 2263 106 75 colon,
1132 2263 62 75 one

159 2309 126 75 portion
309 2309 41 75 of
362 2309 55 75 the
442 2309 248 75 circtimference
719 2309 39 75 of
777 2309 78 75 both
879 2309 27 75 is
932 2309 173 75 deprefied,
1132 2309 62 75 and

161 2355 99 75 forms
290 2355 19 75 a
323 2355 88 75 large
437 2355 69 75 fold
533 2355 43 75 on
594 2355 54 75 the
676 2355 108 75 infide,
815 2355 103 75 which
945 2355 155 75 advances
1125 2355 69 75 into

160 2401 54 75 the
238 2401 107 75 cavity
372 2401 40 75 of
429 2401 56 75 the
512 2401 158 75 intelline.
720 2401 32 75 It
774 2401 27 75 is
828 2401 18 75 a
868 2401 84 75 little
977 2401 81 75 open
1081 2401 32 75 in
1138 2401 56 75 the

161 2448 131 75 middle,
318 2448 64 75 and
397 2448 41 75 its
457 2448 199 75 extremities
674 2448 53 75 are
743 2448 78 75 very
845 2448 103 75 thick,
973 2448 44 75 by
1033 2448 108 75 reafon
1160 2448 41 75 of

160 2493 55 75 the
222 2493 121 75 mutual
354 2493 199 75 duplicature
564 2493 39 75 of
611 2493 55 75 the
678 2493 89 75 coats
774 2493 41 75 of
825 2493 58 75 the
890 2493 117 75 caecum
1016 2493 62 75 and
1087 2493 107 75 colon.

205 2540 78 75 The
299 2540 174 75 extremity
490 2540 39 75 of
548 2540 56 75 the
624 2540 97 75 ileum
738 2540 26 75 is
794 2540 33 75 as
855 2540 27 75 it
909 2540 85 75 were
1019 2540 127 75 grafted
1163 2540 32 75 in

156 2587 59 75 the
232 2587 136 75 opening
385 2587 39 75 of
435 2587 66 75 jhis
527 2587 82 75 fold,
635 2587 62 75 and
720 2587 141 75 ftrongly
878 2587 112 75 united
1005 2587 35 75 to
1057 2587 40 75 its
1115 2587 79 75 fides

160 2632 42 75 by
220 2632 55 75 the
296 2632 147 75 adhefion
461 2632 40 75 of
520 2632 41 75 its
578 2632 175 75 tranfverfe
770 2632 94 75 fibres
890 2632 35 75 to
948 2632 56 75 the
1020 2632 175 75 tranfverfe

158 2679 97 75 fibres
271 2679 40 75 of
330 2679 56 75 the
402 2679 117 75 caecum
537 2679 62 75 and
616 2679 108 75 colon.

206 2724 86 75 This
309 2724 97 75 union
424 2724 98 75 forms
545 2724 19 75 a
579 2724 108 75 pretty
707 2724 90 75 thick
814 2724 83 75 ring,
922 2724 107 75 which
1056 2724 140 75 likewife

162 2769 154 75 advances
334 2769 68 75 into
418 2769 55 75 the
497 2769 147 75 common
662 2769 108 75 cavity
787 2769 39 75 of
839 2769 55 75 the
922 2769 116 75 caecum
1056 2769 60 75 and
1141 2769 54 75 co-

162 2818 66 75 lon,
253 2818 108 75 where
388 2818 27 75 it
438 2818 27 75 is
486 2818 162 75 wrinkled
670 2818 37 75 or
730 2818 126 75 formed
883 2818 69 75 into
984 2818 140 75 gathers,
1150 2818 46 75 al-

163 2860 79 75 mofi:
268 2860 64 75 like
358 2860 55 75 the
445 2860 99 75 lower
572 2860 176 75 extremity
775 2860 40 75 of
833 2860 56 75 the
914 2860 200 75 cefophagus,
1140 2860 56 75 the

162 2906 130 75 pylorus
310 2906 36 75 or
362 2906 95 75 infide
474 2906 41 75 of
526 2906 55 75 the
598 2906 91 75 anus.
740 2906 48 75 Its
801 2906 246 75 circumference
1064 2906 26 75 is
1108 2906 88 75 more

150 2954 49 75 'or
215 2954 59 75 lefs
290 2954 73 75 oval
380 2954 9 75 ;
414 2954 75 75 and,
510 2954 43 75 by
569 2954 19 75 a
604 2954 79 75 kind
700 2954 41 75 of
749 2954 178 75 continuity
939 2954 80 75 with
1036 2954 55 75 the
1108 2954 87 75 cora-

255 2999 95 75 Vol.
370 2999 27 75 I.
448 2999 123 75 Numb.
605 2999 53 75 ii.

1337 120 38 75 O
1495 120 48 75 M
1660 120 53 75 Y.

2187 120 78 75 2^1

1234 182 74 75 mon
1336 182 71 75 fold
1430 182 41 75 of
1490 182 55 75 the
1567 182 118 75 caecum
1713 182 64 75 and
1801 182 108 75 colon,
1934 182 27 75 it
1985 182 100 75 forms
2107 182 67 75 two
2191 182 73 75 pro-

1234 228 157 75 dufiions,
1417 228 106 75 which
1552 228 57 75 M.
1636 228 184 75 Morgagni
1842 228 77 75 calls
1944 228 56 75 the
2025 228 101 75 fraena
2151 228 39 75 of
2210 228 55 75 the

1233 275 126 75 valvula
1375 275 76 75 coli.

1280 320 76 75 The
1372 320 313 75 membranous-coat
1702 320 45 75 pf
1766 320 55 75 the
1837 320 177 75 extremity
2029 320 40 75 of
2088 320 55 75 the
2170 320 111 75 ileum,

1234 367 27 75 is
1278 367 172 75 continued
1475 367 42 75 on
1541 367 56 75 the
1614 367 119 75 csecum
1762 367 62 75 and
1847 367 108 75 colon,
1981 367 138 75 without
2146 367 121 75 finking

1233 414 69 75 into
1318 414 63 75 any
1397 414 82 75 fold,
1503 414 35 75 at
1565 414 54 75 the
1648 414 89 75 place
1765 414 107 75 where
1890 414 54 75 the
1960 414 97 75 ileum
2079 414 106 75 enters
2210 414 57 75 the

1234 460 107 75 colon.

1280 508 85 75 This
1378 508 194 75 valvulacoli
1584 508 27 75 is
1625 508 165 75 contrived
1795 508 40 75 to
1844 508 113 75 hinder
1970 508 55 75 the
2035 508 109 75 return
2159 508 41 75 of
2211 508 56 75 the

1233 553 202 75 excrements
1451 553 68 75 into
1535 553 56 75 the
1606 553 117 75 ileum;
1750 553 27 75 it
1805 553 154 75 produces
1976 553 64 75 this
2062 553 94 75 e!Fel:
2180 553 86 75 part-

1227 600 42 75 ly
1285 600 32 75 as
1327 600 18 75 a
1356 600 105 75 valve,
1487 600 62 75 and
1565 600 106 75 partly
1687 600 33 75 as
1732 600 19 75 a
1761 600 79 75 kind
1856 600 40 75 of
1914 600 170 75 fphinfter.

1280 647 77 75 The
1373 647 165 75 capacious
1555 647 76 75 arch
1648 647 41 75 of
1695 647 55 75 the
1766 647 95 75 colon
1878 647 27 75 is
1924 647 184 75 contraifted
2122 647 45 75 by
2186 647 81 75 both

1234 693 199 75 extremities
1450 693 35 75 to
1511 693 56 75 the
1583 693 89 75 regio
1700 693 165 75 lumbaris,
1890 693 75 75 near
1981 693 55 75 the
2051 693 148 75 kidneys,
2225 693 43 75 by

1235 740 66 75 two
1318 740 172 75 particular
1501 740 180 75 ligaments,
1707 740 60 75 one
1783 740 40 75 on
1837 740 55 75 the
1910 740 86 75 right
2012 740 75 75 fide,
2106 740 55 75 the
2173 740 95 75 other

1235 785 42 75 on
1294 785 55 75 the
1366 785 72 75 left,
1463 785 105 75 which
1585 785 54 75 are
1648 785 78 75 only
1741 785 90 75 fmall
1842 785 215 75 duplicatures
2065 785 41 75 of
2113 785 55 75 the
2185 785 83 75 peri-

1236 832 150 75 tonaeum,
1413 832 88 75 more
1517 832 37 75 or
1570 832 60 75 lefs
1639 832 186 75 tranfverfe.

1283 879 76 75 The
1384 879 175 75 remaining
1595 879 139 75 portion,
1766 879 105 75 which
1895 879 101 75 forms
2021 879 56 75 the
2101 879 67 75 two
2191 879 77 75 con-

1236 926 160 75 volutions
1414 926 31 75 in
1462 926 84 75 form
1578 926 41 75 of
1639 926 54 75 the
1709 926 111 75 roman
1849 926 37 75 S,
1911 926 157 75 contradts
2094 926 104 75 below
2213 926 58 75 the

1236 972 61 75 left
1322 972 132 75 kidney,
1479 972 96 75 being
1606 972 163 75 narrower
1796 972 103 75 there,
1931 972 78 75 than
2032 972 101 75 lower
2159 972 109 75 down.

1235 1018 79 75 The
1341 1018 90 75 coats
1448 1018 40 75 of
1499 1018 64 75 this
1580 1018 127 75 portion
1724 1018 131 75 become
1871 1018 169 75 gradually
2064 1018 126 75 thicker
2207 1018 63 75 and

1238 1064 153 75 ftronger,,
1416 1064 62 75 and
1496 1064 138 75 likewife
1651 1064 56 75 the
1729 1064 208 75 ligamentary
1954 1064 114 75 bands,
2093 1064 104 75 which
2214 1064 55 75 ap.-

1237 1111 119 75 proach
1373 1111 78 75 each
1472 1111 94 75 other
1594 1111 43 75 by
1659 1111 145 75 degrees,
1830 1111 64 75 and
1915 1111 84 75 feem
2016 1111 34 75 to
2076 1111 138 75 increafe
2236 1111 34 75 in

1236 1157 149 75 breadth.

1262 1252 142 75 INTE
1417 1252 234 75 STINUM
1678 1252 249 75 RECTUM
1961 1252 91 75 and
2080 1252 166 75 ANUS.

1285 1331 85 75 The
1390 1331 57 75 laft
1463 1331 41 75 of
1516 1331 42 75 all
1577 1331 55 75 the
1648 1331 172 75 inteftines,
1845 1331 26 75 is
1888 1331 115 75 named
2014 1331 131 75 reflum,
2163 1331 37 75 or
2216 1331 56 75 the

1237 1377 131 75 {height
1395 1377 71 75 gut,
1491 1377 119 75 which,
1627 1377 151 75 properly
1793 1377 161 75 fpeaking,
1988 1377 26 75 is
2038 1377 18 75 a
2071 1377 73 75 true
2167 1377 103 75 conti-

1237 1424 130 75 nuation
1385 1424 39 75 of
1436 1424 56 75 the
1509 1424 55 75 laft
1573 1424 205 75 convolution
1794 1424 41 75 of
1847 1424 55 75 the
1920 1424 91 75 colon
2023 1424 10 75 ;
2060 1424 63 75 and
2134 1424 25 75 it
2171 1424 27 75 is
2216 1424 55 75 the

1237 1470 186 75 repofitory,
1442 1470 79 75 fink,
1540 1470 63 75 and
1618 1470 147 75 common
1777 1470 110 75 fewer,
1912 1470 39 75 of
1960 1470 53 75 the
2030 1470 105 75 whole
2151 1470 119 75 interti-

1237 1515 19 75 ll
1259 1515 28 75 al
1313 1515 101 75 canal.

1284 1564 76 75 The
1379 1564 135 75 redtum'
1524 1564 118 75 haying
1662 1564 109 75 parted
1795 1564 105 75 below
1916 1564 56 75 the
1988 1564 58 75 laft
2074 1564 147 75 vertebra
2237 1564 40 75 of

1237 1609 55 75 the
1309 1609 96 75 loins,
1430 1609 36 75 to
1483 1609 56 75 the
1554 1609 98 75 infide
1677 1609 41 75 of
1737 1609 55 75 the
1816 1609 36 75 os
1875 1609 136 75 facrum,
2036 1609 27 75 is
2081 1609 76 75 bent
2173 1609 98 75 back-

1237 1656 88 75 ward
1337 1656 42 75 on
1395 1656 71 75 that
1484 1656 137 75 concave
1638 1656 63 75 fide
1725 1656 35 75 to
1785 1656 107 75 which
1907 1656 26 75 it
1950 1656 26 75 is
1994 1656 172 75 connefted
2180 1656 10 75 ;
2210 1656 64 75 and.

1238 1702 116 75 having
1371 1702 137 75 reached
1530 1702 56 75 the
1611 1702 37 75 os
1672 1702 161 75 coccygis,
1857 1702 27 75 it
1912 1702 76 75 runs
2010 1702 140 75 likewife
2166 1702 32 75 in
2216 1702 57 75 the

1239 1749 153 75 direction
1409 1749 40 75 of
1468 1749 70 75 that
1560 1749 97 75 bone,
1684 1749 63 75 and
1768 1749 100 75 bends
1892 1749 18 75 a
1932 1749 85 75 little
2037 1749 153 75 forward,
2207 1749 66 75 ter-

1237 1795 155 75 minating
1409 1795 128 75 beyond
1553 1795 55 75 the
1625 1795 175 75 extremity
1817 1795 39 75 of
1876 1795 54 75 the
1947 1795 134 75 cbccyx.

1285 1842 76 75 The
1386 1842 100 75 figure
1510 1842 40 75 of
1569 1842 64 75 this
1661 1842 143 75 inteftine
1820 1842 102 75 varies
1948 1842 171 75 according
2136 1842 32 75 as
2200 1842 24 75 it
2244 1842 38 75 is.

1238 1888 59 75 full
1326 1888 38 75 or
1380 1888 122 75 empty.
1552 1888 110 75 When
1680 1888 121 75 empty,
1828 1888 25 75 it
1870 1888 26 75 is
1913 1888 190 75 irregularly
2120 1888 153 75 cylindri-

1239 1934 60 75 cal,
1318 1934 63 75 and
1397 1934 82 75 finks
1496 1934 30 75 in
1540 1934 43 75 by
1601 1934 17 75 a
1631 1934 77 75 kind
1717 1934 39 75 of
1762 1934 175 75 tranfverfe
1951 1934 83 75 folds
2047 1934 10 75 ;
2084 1934 62 75 and
2157 1934 32 75 in
2203 1934 69 75 that

1236 1981 90 75 Irate,
1352 1981 25 75 it
1394 1981 26 75 is
1438 1981 98 75 about
1553 1981 90 75 three
1656 1981 266 75 fingersbreadth
1942 1981 32 75 in
1991 1981 166 75 diameter,
2184 1981 90 75 more

1238 2027 36 75 or
1301 2027 74 75 lefs.
1423 2027 113 75 When
1564 2027 72 75 full,
1662 2027 26 75 it
1704 2027 26 75 is
1758 2027 101 75 wider
1886 2027 32 75 in
1945 2027 187 75 proportion
2155 2027 36 75 to
2216 2027 56 75 the

1239 2073 146 75 quantity
1402 2073 40 75 of
1464 2073 106 75 fasces,
1596 2073 97 75 wind,
1718 2073 38 75 or
1773 2073 162 75 wlratever
1958 2073 62 75 elfe
2052 2073 27 75 is
2104 2073 172 75 contained

1236 2120 32 75 in
1281 2120 47 75 it;
1348 2120 62 75 and
1422 2120 25 75 it
1460 2120 72 75 may
1541 2120 39 75 be
1592 2120 163 75 extended
1766 2120 34 75 to
1810 2120 57 75 the
1879 2120 61 75 fize
1952 2120 40 75 of
1999 2120 17 75 a
2027 2120 88 75 large
2126 2120 147 75 bladder,

1238 2166 34 75 fb
1289 2166 34 75 as
1340 2166 35 75 to
1391 2166 162 75 reprefent
1566 2166 18 75 a
1599 2166 78 75 kind
1690 2166 40 75 of
1748 2166 154 75 ftomach.

1286 2213 76 75 7'be
1381 2213 222 75 membranous
1627 2213 73 75 coat
1716 2213 90 75 often
1829 2213 142 75 contains
1986 2213 18 75 a
2019 2213 90 75 great
2126 2213 149 75 quantity

1241 2259 39 75 of
1299 2259 61 75 fat,
1392 2259 114 75 fpread
1534 2259 143 75 between
1701 2259 26 75 it
1752 2259 62 75 and
1814 2291 9 49 L
1841 2259 55 75 the
1921 2259 157 75 mufcular
2101 2259 85 75 coat,
2212 2259 64 75 and

1241 2304 138 75 forming
1396 2304 104 75 round
1524 2304 54 75 the
1602 2304 143 75 intertine
1762 2304 169 75 numerous
1953 2304 191 75 eminences,
2169 2304 32 75 in
2217 2304 58 75 the

1243 2351 90 75 room
1352 2351 39 75 of
1403 2351 54 75 the
1474 2351 188 75 appendices
1679 2351 133 75 adipofas
1825 2351 40 75 of
1883 2351 55 75 the
1954 2351 107 75 colon.

1288 2397 76 75 The
1380 2397 157 75 mufcular
1561 2397 37 75 or
1614 2397 96 75 flefhy
1727 2397 72 75 coat
1816 2397 26 75 is
1869 2397 75 75 very
1962 2397 110 75 thick:
2098 2397 54 75 the
2169 2397 104 75 longi-

1244 2443 121 75 tudinal
1381 2443 108 75 fibres,
1506 2443 106 75 which
1628 2443 31 75 in
1673 2443 59 75 the.
1745 2443 93 75 other
1854 2443 160 75 inteftines
2032 2443 53 75 are
2100 2443 79 75 very
2191 2443 46 75 tlii
2248 2443 24 75 i,

1245 2489 51 75 are
1313 2489 30 75 in
1372 2489 64 75 this
1464 2489 142 75 ftrbnger
1622 2489 77 75 than
1727 2489 54 75 the
1806 2489 135 75 circular
1956 2489 93 75 fibres
2068 2489 40 75 of
2127 2489 55 75 the
2200 2489 72 75 reft.

1244 2536 75 75 The
1335 2536 210 75 ligamentary
1569 2536 98 75 bands
1685 2536 148 75 continue
1856 2536 35 75 to
1914 2536 138 75 iticreafe
2075 2536 33 75 in
2123 2536 149 75 breadth,

1243 2580 61 75 and
1320 2580 35 75 to
1373 2580 158 75 approach
1547 2580 77 75 each
1646 2580 105 75 other.

1290 2628 76 75 The
1390 2628 134 75 nervous
1549 2628 38 75 or
1610 2628 199 75 filamentous
1834 2628 60 75 and
1927 2628 137 75 interodl
2085 2628 101 75 coats,
2220 2628 54 75 are

1243 2674 103 75 larger
1370 2674 87 75 here,
1482 2674 77 75 than
1577 2674 31 75 in
1629 2674 55 75 the
1701 2674 94 75 other
1810 2674 182 75 inreftines;
2019 2674 61 75 and
2095 2674 108 75 when,
2218 2674 55 75 the

1244 2721 117 75 retrtum
1373 2721 26 75 is
1413 2721 121 75 empty,
1559 2721 76 75 they
1649 2721 82 75 form
1742 2721 17 75 a
1775 2721 89 75 great
1881 2721 132 75 number
2025 2721 39 75 of
2084 2721 124 75 waving
2221 2721 52 75 ru-

1244 2767 44 75 gae
1306 2767 31 75 in
1353 2767 43 75 its
1424 2767 118 75 cavity,
1567 2767 106 75 which
1690 2767 177 75 difappear,
1892 2767 32 75 in
1941 2767 187 75 proportion
2151 2767 33 75 as
2202 2767 72 75 that

1241 2812 109 75 cavity
1366 2812 27 75 is
1411 2812 100 75 filled.

1290 2863 75 75 The
1377 2863 170 75 innermoft
1565 2863 71 75 coat
1665 2863 26 75 is
1709 2863 78 75 very
1802 2863 193 75 improperly
2012 2863 123 75 termed
2151 2863 122 75 villofa,

1235 2908 68 75 and
1330 2908 105 75 fcarce
1463 2908 145 75 deferves
1635 2908 55 75 the
1717 2908 92 75 name
1834 2908 39 75 of
1892 2908 174 75 papillaris,
2091 2908 131 75 becaufe
2238 2908 40 75 of

1242 2954 53 75 the
1308 2954 157 75 fmallnefs
1478 2954 40 75 of
1526 2954 67 75 .the
1609 2954 84 75 little
1711 2954 176 75 corpufdes
1897 2954 111 75 fpread
2022 2954 44 75 on
2083 2954 40 75 its
2135 2954 136 75 furface.

1304 3001 10 75 '
1336 3001 18 75 3

1763 3001 16 75 3
1800 3001 32 75 U

2240 3001 34 75 it
