2431 3327
525 136 55 75 iE
640 136 40 75 O
740 136 44 75 N

1118 136 96 75 (3

199 201 95 75 piter,
320 201 93 75 given
428 201 68 75 him
512 201 43 75 on
568 201 139 75 account
718 201 42 75 of
764 201 51 75 his
828 201 118 75 having
958 201 81 75 been
1056 201 131 75 fuckled

199 248 44 75 by
259 248 18 75 a
294 248 89 75 goat.

156 293 307 75 iLGLEFINyS,
488 293 38 75 or
549 293 212 75 Haddock,
787 293 33 75 in
836 293 224 75 ichthyology,
1085 293 20 75 a
1120 293 69 75 fpe-

202 339 186 75 ciesofthe
413 339 112 75 gadus.
575 339 63 75 See
655 339 152 75 Gadus.

153 386 390 75 iEGOCEPHALUS,
568 386 32 75 in
617 386 221 75 ornithology,
864 386 40 75 an
928 386 142 75 obfolete
1095 386 92 75 name

202 433 40 75 of
255 433 18 75 a
287 433 118 75 fpecies
428 433 41 75 of
480 433 117 75 tringa.
646 433 64 75 See
725 433 177 75 Tringa.

154 480 288 75 iSGOCERAS,
467 480 32 75 in
515 480 134 75 botany,
675 480 39 75 an
730 480 142 75 obfolete
884 480 92 75 name
988 480 41 75 of
1040 480 19 75 a
1070 480 119 75 fpecies

202 525 40 75 of
252 525 126 75 ononis.
428 525 62 75 See
506 525 170 75 Ononis.

155 573 359 75 iEGOCERATOS,
540 573 33 75 in
589 573 133 75 botany,
748 573 19 75 a
782 573 163 75 fynonime
959 573 40 75 of
1009 573 57 75 the
1083 573 107 75 hugo-

202 619 64 75 nia.
316 619 63 75 See
395 619 207 75 Hugonia.

154 665 371 75 iEGOLETHRON,
550 665 33 75 in
607 665 132 75 botany,
765 665 39 75 an
821 665 142 75 obfolete
976 665 93 75 name
1081 665 41 75 of
1133 665 55 75 the

203 711 248 75 rhododendron
467 711 169 75 hirfiuum.
695 711 62 75 See
774 711 343 75 Rhododendron.

155 759 315 75 AiGONICHUS,
495 759 33 75 in
545 759 133 75 botany,
700 759 42 75 an
761 759 142 75 obfolete
920 759 91 75 name
1024 759 40 75 of
1078 759 55 75 the
1149 759 40 75 li-

204 805 229 75 thofpermum.
484 805 61 75 See
563 805 338 75 Lithospermum.

157 852 438 75 iEGOPHTHALMUS,
622 852 18 75 a
663 852 92 75 name
780 852 93 75 given
890 852 35 75 to
941 852 63 75 any
1020 852 40 75 of
1071 852 55 75 the
1143 852 47 75 fe-

203 898 185 75 mipellucid
400 898 87 75 gems
500 898 81 75 with
592 898 136 75 circular
738 898 87 75 fpots
838 898 32 75 in
884 898 100 75 them,
1003 898 188 75 refembling

203 945 55 75 the
274 945 59 75 eye
349 945 40 75 of
400 945 19 75 a
439 945 88 75 goat.

155 992 300 75 .ZEGQPOGGN,
481 992 30 75 in
529 992 133 75 botany,
680 992 41 75 an
736 992 143 75 obfolete
895 992 92 75 name
1003 992 40 75 of
1054 992 136 75 the'tra-

204 1038 160 75 gapodon.
414 1038 62 75 See
499 1038 290 75 Tragapodon.

157 1083 327 75 iEGOPGDIUM,
519 1083 20 75 a
569 1083 99 75 genus
697 1083 41 75 of
764 1083 56 75 the
845 1083 188 75 pentandria
1059 1083 133 75 digynia

205 1131 90 75 clafs.
342 1131 114 75 There
472 1131 26 75 is
516 1131 57 75 but
590 1131 61 75 one
675 1131 119 75 fpecies
816 1131 41 75 of
875 1131 65 75 this
957 1131 101 75 plant,
1084 1131 107 75 which

204 1177 27 75 is
261 1177 19 75 a
309 1177 106 75 native
442 1177 41 75 of
509 1177 127 75 Britain
668 1177 63 75 and
754 1177 94 75 other
871 1177 88 75 parts
983 1177 42 75 of
1042 1177 147 75 Europe.

205 1227 78 75 The
300 1227 133 75 Englifh
450 1227 91 75 name
557 1227 26 75 is
600 1227 225 75 herb-gerurd,
837 1227 200 75 gout-weed,
1064 1227 37 75 or
1116 1227 75 75 ajh-

204 1272 102 75 weed.

159 1318 354 75 A.GYPTIACUM,
538 1318 32 75 in
598 1318 187 75 pharmacy,
810 1318 56 75 the
891 1318 93 75 name
1011 1318 41 75 of
1073 1318 119 75 feveral

207 1363 169 75 detergent
388 1363 188 75 ointments.

159 1411 309 75 iEGYPTILLA,
492 1411 58 75 the
579 1411 91 75 name
698 1411 40 75 of
757 1411 19 75 a
800 1411 88 75 flone
911 1411 186 75 variegated
1113 1411 81 75 with

202 1430 4 104 ■
206 1456 151 75 different
373 1456 140 75 colours,
539 1456 63 75 and
617 1456 66 75 faid
695 1456 35 75 to
746 1456 39 75 be
803 1456 130 75 capable
949 1456 42 75 of
1002 1456 110 75 giving
1131 1456 62 75 wa-

208 1502 49 75 ter
273 1502 56 75 the
345 1502 113 75 colour
481 1502 63 75 and
560 1502 79 75 tafte
655 1502 40 75 of
709 1502 97 75 wine.

160 1551 266 75 iElNAtJTvE,
457 1551 32 75 in
518 1551 174 75 antiquity,
726 1551 19 75 a
771 1551 239 75 denomination
1038 1551 93 75 given
1160 1551 37 75 to

206 1596 56 75 the
280 1596 140 75 fenators
444 1596 41 75 of
503 1596 151 75 Miletus,
679 1596 133 75 becaufe
828 1596 78 75 they
922 1596 76 75 held
1014 1596 86 75 their
1115 1596 81 75 deli-

208 1642 160 75 berations
384 1642 42 75 on
441 1642 103 75 beard
567 1642 20 75 a
605 1642 78 75 flap,
706 1642 65 75 and
787 1642 97 75 never
900 1642 152 75 returned
1067 1642 36 75 to
1119 1642 76 75 land

210 1688 50 75 till
277 1688 132 75 matters
426 1688 66 75 had
506 1688 80 75 been
604 1688 195 75 agreed-on.,

164 1736 224 75 jELURHS,
412 1736 32 75 in
457 1736 164 75 Egyptian
633 1736 205 75 mythology,
862 1736 55 75 the
934 1736 90 75 deity
1035 1736 38 75 or
1085 1736 65 75 god
1161 1736 40 75 of

211 1781 88 75 cats;
324 1781 203 75 reprefented
543 1781 179 75 fometimes
740 1781 65 75 like
822 1781 19 75 a
857 1781 64 75 cat,
939 1781 63 75 and
1018 1781 179 75 foinetimes

211 1827 64 75 like
293 1827 18 75 a
328 1827 72 75 man
412 1827 81 75 with
511 1827 19 75 a
545 1827 79 75 cat’s
640 1827 98 75 head.

165 1875 324 75 iEHEATORES,
514 1875 32 75 in
564 1875 127 75 Roman
708 1875 172 75 antiquity,
907 1875 19 75 a
953 1875 128 75 general
1105 1875 92 75 name

214 1920 52 75 for
282 1920 55 75 tiie
354 1920 165 75 muficians
534 1920 42 75 of
588 1920 37 75 an
643 1920 105 75 army.

166 1966 225 75 iENIGMA,
407 1966 133 75 denotes
551 1966 62 75 any
624 1966 82 75 dark
717 1966 121 75 faying,
856 1966 139 75 wherein
1011 1966 86 75 fome
1109 1966 90 75 well*

214 2013 116 75 known
347 2013 91 75 thing
454 2013 27 75 is
502 2013 169 75 concealed
685 2013 102 75 under
800 2013 136 75 obfeure
953 2013 167 75 language.
1147 2013 5 75 ,

167 2060 81 75 JEN
268 2060 398 75 GMATOGRAPHY,
684 2060 37 75 or
736 2060 388 75 AEnigmathology,
1142 2060 57 75 the

215 2105 49 75 art
278 2105 40 75 of
329 2105 169 75 refolving,
523 2105 38 75 or
576 2105 130 75 making
721 2105 162 75 {enigmas.

168 2153 174 75 AEOLIC,
367 2153 31 75 in
417 2153 18 75 a
451 2153 127 75 general
603 2153 97 75 fenfe,
725 2153 133 75 denotes
874 2153 178 75 fomething
1067 2153 132 75 belong-

216 2198 53 75 ing
285 2198 36 75 to
336 2198 121 75 AEolis.

169 2246 139 75 AEolic
337 2246 132 75 dialt-tt,
503 2246 116 75 among
647 2246 239 75 grammarians,
911 2246 61 75 one
996 2246 41 75 of
1056 2246 55 75 the
1138 2246 61 75 five

214 2291 133 75 yhale&s
362 2291 40 75 of
420 2291 56 75 the
492 2291 112 75 Greek
621 2291 131 75 tongue,
778 2291 149 75 agreeing
944 2291 32 75 in
995 2291 80 75 moft
1090 2291 108 75 things

218 2337 79 75 with
314 2337 54 75 the
385 2337 105 75 Doric
508 2337 129 75 dialed.
685 2337 63 75 See
765 2337 148 75 Doric.

172 2382 137 75 JE-OLi-e
327 2382 99 75 wr/c,
453 2382 33 75 in
505 2382 150 75 prolady,
681 2382 19 75 a
713 2382 102 75 verfe,
841 2382 165 75 confilling
1017 2382 41 75 of
1069 2382 38 75 an
1121 2382 78 75 iam-

222 2429 70 75 bus,
311 2429 37 75 or
364 2429 154 75 fpondee;
544 2429 77 75 then
638 2429 39 75 of
688 2429 66 75 two
770 2429 152 75 anapells,
947 2429 163 75 feparated
1128 2429 43 75 by
1184 2429 18 75 a

220 2475 76 75 long
312 2475 150 75 fyl’abie;
482 2475 62 75 and
554 2475 104 75 kffly,
676 2475 40 75 of
722 2475 133 75 another
870 2475 145 75 fyllable.
1052 2475 87 75 Such
1154 2475 46 75 as,

316 2544 26 75 0
354 2544 163 75 Jtelliferi
534 2544 146 75 ccnditor
702 2544 98 75 erbis.

175 2612 256 75 AEOLIPILE,
462 2612 19 75 a
506 2612 122 75 hollow
654 2612 161 75 metalline
840 2612 64 75 ball
929 2612 77 75 with
1036 2612 19 75 a
1080 2612 121 75 flender

229 2658 92 75 neck,
346 2658 38 75 tr
400 2658 70 75 pipe
485 2658 10 75 ;
521 2658 105 75 wliich
644 2658 83 75 after
752 2658 95 75 being
873 2658 89 75 filled
986 2658 78 75 with
1089 2658 111 75 water,

226 2705 62 75 and
306 2705 18 75 a
343 2705 89 75 great
449 2705 115 75 degree
593 2705 40 75 of
650 2705 76 75 heat
754 2705 126 75 applied
906 2705 36 75 to
968 2705 38 75 it,
1031 2705 56 75 the
1102 2705 101 75 water

226 2751 95 75 ifines
338 2751 57 75 out
413 2751 76 75 with
515 2751 88 75 great
620 2751 137 75 velocity
772 2751 33 75 in
822 2751 54 75 the
889 2751 86 75 form
993 2751 40 75 of
1044 2751 39 75 an
1096 2751 106 75 elaffic

225 2798 134 75 vapour.
410 2798 61 75 See
487 2798 270 75 Pneumatics.

178 2844 172 75 JEOLlS,
366 2844 31 75 in
410 2844 123 75 ancient
544 2844 196 75 geography,
758 2844 19 75 a
796 2844 136 75 country
947 2844 91 75 lying
1047 2844 85 75 upon
1145 2844 56 75 the

227 2892 131 75 wefttrn
373 2892 82 75 coaft
471 2892 40 75 of
528 2892 77 75 Afia
619 2892 124 75 Minor,

181 2940 190 75 iFOLLS,
396 2940 56 75 the
469 2940 66 75 god
547 2940 40 75 of
598 2940 55 75 the
670 2940 115 75 winds.

182 2984 127 75 JEON,
334 2984 133 75 fignifies
483 2984 56 75 the
556 2984 59 75 age
630 2984 37 75 or
683 2984 149 75 duration
847 2984 42 75 of
898 2984 63 75 any
977 2984 107 75 thing.

1225 136 24 75 o
1309 136 18 75 )

1663 136 41 75 A
1761 136 35 75 E
1855 136 37 75 R

1238 205 114 75 AEon,
1380 205 115 75 among
1507 205 55 75 the
1579 205 182 75 Platonills,
1779 205 65 75 was
1857 205 78 75 ufed
1950 205 35 75 to
2003 205 117 75 denote
2132 205 63 75 any
2205 205 65 75 vir-

1285 253 67 75 tue,
1377 253 172 75 attribute,
1576 253 37 75 or
1632 253 187 75 per-fedion.

1237 297 115 75 AEon,
1377 297 33 75 in
1430 297 202 75 mythology,
1659 297 56 75 the
1731 297 64 75 firli
1813 297 137 75 woman,
1976 297 172 75 according
2164 297 35 75 to
2215 297 56 75 the

1288 345 187 75 Phoenician
1492 345 139 75 writers.

1237 391 115 75 AEon,
1370 391 117 75 among
1499 391 195 75 anatomills,
1712 391 40 75 an
1765 391 142 75 obfolete
1924 391 90 75 name
2031 391 52 75 for
2099 391 56 75 the
2172 391 100 75 fpinal

1285 438 150 75 marrow.

1238 485 134 75 AEON!
1376 485 80 75 AN,
1471 485 32 75 in
1516 485 131 75 botany,
1662 485 40 75 an
1713 485 141 75 obfolete
1866 485 92 75 name
1970 485 40 75 of
2016 485 57 75 the
2085 485 109 75 fedum
2206 485 67 75 ma-

1282 531 68 75 jus.
1401 531 63 75 See
1483 531 73 75 Sed
1564 531 70 75 um.

1239 579 127 75 ARA,
1384 579 32 75 in
1429 579 211 75 chronology,
1659 579 18 75 a
1688 579 94 75 feries
1798 579 43 75 of
1851 579 91 75 years
1959 579 219 75 commencing
2189 579 85 75 from

1287 624 18 75 a
1320 624 120 75 certain
1463 624 90 75 fixed
1568 624 90 75 point
1671 624 45 75 of
1726 624 89 75 time,
1839 624 106 75 called
1962 624 39 75 an
2026 624 111 75 epoeba
2154 624 10 75 ;
2198 624 75 75 thus

1286 671 49 75 we
1346 671 68 75 fay,
1432 671 56 75 the
1505 671 160 75 Chnftian
1680 671 76 75 aera,
1771 671 70 75 that
1854 671 39 75 is,
1912 671 56 75 the
1984 671 135 75 number
2135 671 41 75 of
2181 671 93 75 years

1286 717 127 75 elapfed
1429 717 81 75 fince
1522 717 57 75 the
1595 717 87 75 birth
1698 717 42 75 of
1750 717 122 75 Chrift.
1920 717 66 75 See
2004 717 269 75 Astronomy,

1288 763 54 75 Of
1354 763 54 75 the
1422 763 136 75 divifion
1581 763 43 75 of
1632 763 90 75 time.

1239 811 97 75 AEra
1354 811 45 75 of
1413 811 220 75 Nabe?ia£dr.
1685 811 62 75 See
1764 811 280 75 Nabonassar.

1240 857 97 75 AEra
1356 857 43 75 of
1406 857 53 75 the
1482 857 143 75 Hegira.
1676 857 62 75 See
1754 857 175 75 Hegira.

1239 902 258 75 ARARIUM,
1521 902 33 75 in
1566 902 128 75 Roman
1710 902 175 75 antiquity,
1903 902 56 75 the
1976 902 145 75 treafury
2136 902 38 75 or
2185 902 90 75 place

1288 950 108 75 where
1406 950 62 75 -the
1484 950 108 75 public
1607 950 117 75 money
1740 950 65 75 was
1821 950 175 75 depolited.

1240 995 70 75 AEr
1317 995 21 75 a
1345 995 19 75 r
1371 995 10 75 i
1388 995 22 75 u
1419 995 24 75 m
1457 995 185 75 privatum,
1660 995 65 75 was
1743 995 54 75 the
1813 995 174 75 emperor’s
2006 995 93 75 privy
2115 995 105 75 purfe,
2237 995 39 75 or

1288 1043 89 75 place
1400 1043 108 75 where
1525 1043 55 75 the
1597 1043 132 75 moneys
1747 1043 112 75 arifing
1870 1043 86 75 from
1971 1043 52 75 his
2040 1043 121 75 private
2177 1043 100 75 patri-

1288 1089 97 75 mony
1400 1089 85 75 were
1500 1089 173 75 depofited.

1241 1137 239 75 ARARIUS,
1507 1137 31 75 in
1557 1137 18 75 a
1591 1137 127 75 general
1735 1137 98 75 fenfe,
1852 1137 133 75 denotes
2002 1137 63 75 any
2080 1137 112 75 perfon
2208 1137 69 75 em-

1289 1182 117 75 ployed
1428 1182 31 75 in
1483 1182 128 75 coining
1633 1182 38 75 or
1686 1182 170 75 managing
1874 1182 56 75 the
1946 1182 107 75 public
2069 1182 134 75 monies.

1242 1229 192 75 Ararius
1451 1229 65 75 was
1534 1229 88 75 more
1650 1229 208 75 particularly
1883 1229 76 75 ufed
1986 1229 44 75 by
2058 1229 55 75 the
2130 1229 145 75 Romans

1289 1275 52 75 for
1357 1275 18 75 a
1391 1275 163 75 degraded
1566 1275 131 75 citizen,
1714 1275 107 75 whofe
1833 1275 90 75 name
1935 1275 65 75 had
2016 1275 79 75 been
2112 1275 106 75 ftruck
2228 1275 54 75 off

1285 1322 58 75 the
1359 1322 49 75 lift
1430 1322 41 75 of
1482 1322 50 75 his
1549 1322 147 75 century.

1337 1367 76 75 The
1423 1367 102 75 asrarii
1543 1367 86 75 were
1645 1367 34 75 fo
1696 1367 106 75 called
1818 1367 44 75 on
1876 1367 134 75 account
2028 1367 40 75 of
2079 1367 85 75 their
2180 1367 96 75 being

1292 1414 96 75 liable
1405 1414 35 75 to
1457 1414 42 75 all
1517 1414 56 75 the
1589 1414 93 75 taxes
1707 1414 63 75 and
1794 1414 95 75 other
1906 1414 139 75 burdens
2064 1414 40 75 of
2115 1414 56 75 the
2187 1414 90 75 ftatc,

1291 1461 138 75 without
1445 1461 152 75 enjoying
1614 1461 62 75 any
1691 1461 41 75 of
1747 1461 42 75 its
1812 1461 182 75 privileges.
2044 1461 125 75 Hence,
2188 1461 89 75 inter

1291 1508 134 75 ararios
1445 1508 134 75 referri,
1605 1508 65 75 was
1697 1508 18 75 a
1738 1508 90 75 more
1855 1508 107 75 fevere
1984 1508 198 75 punifhment
2199 1508 77 75 than

1292 1555 88 75 trihu
1398 1555 133 75 moveri.
1575 1555 10 75 *

1244 1601 198 75 AERIAL,
1467 1601 33 75 in
1524 1601 19 75 a
1557 1601 128 75 general
1702 1601 98 75 fenfe,
1823 1601 134 75 denotes
1973 1601 178 75 fomething
2166 1601 109 75 parta-

1292 1646 77 75 king
1385 1646 41 75 of
1436 1646 56 75 the
1507 1646 112 75 nature
1630 1646 41 75 of
1679 1646 69 75 air;
1774 1646 88 75 thus,
1888 1646 97 75 aerial
2000 1646 176 75 fubftance,
2195 1646 81 75 aeri-

1294 1692 28 75 al
1348 1692 161 75 particles,
1536 1692 64 75 tec.

1246 1740 228 75 AERlANS,
1492 1740 32 75 in
1537 1740 269 75 church-hiftory,
1825 1740 18 75 a
1854 1740 118 75 branch
1986 1740 41 75 of
2038 1740 132 75 Arians,
2187 1740 89 75 who,

1295 1785 34 75 to
1341 1785 56 75 the
1414 1785 158 75 dodrines
1588 1785 41 75 of
1640 1785 72 75 that
1723 1785 74 75 fed,
1820 1785 108 75 added
1943 1785 85 75 fome
2044 1785 140 75 peculiar
2195 1785 81 75 dog-

1295 1831 66 75 mas
1375 1831 43 75 of
1435 1831 83 75 their
1534 1831 72 75 own
1621 1831 10 75 ;
1658 1831 47 75 as,
1730 1831 71 75 that
1817 1831 91 75 there
1924 1831 26 75 is
1974 1831 42 75 no
2032 1831 172 75 difference
2219 1831 57 75 be-

1291 1877 108 75 tween
1423 1877 123 75 bifhops
1562 1877 63 75 and
1641 1877 108 75 priefts
1765 1877 10 75 ;
1814 1877 18 75 a
1856 1877 142 75 dodrine
2020 1877 191 75 maintained
2231 1877 46 75 by

1294 1923 95 75 many
1405 1923 132 75 modern
1552 1923 135 75 divines,
1713 1923 207 75 particularly
1936 1923 40 75 of
1988 1923 55 75 the
2059 1923 217 75 prelbyterian

1296 1970 62 75 and
1373 1970 161 75 reformed
1549 1970 169 75 churches.

1248 2016 196 75 AERICA,
1469 2016 31 75 in
1517 2016 224 75 ichthyology,
1766 2016 18 75 a
1798 2016 164 75 fynonime
1973 2016 41 75 of
2023 2016 57 75 the
2090 2016 113 75 clupea
2218 2016 58 75 he-

1297 2062 30 75 re
1331 2062 93 75 ngus,
1440 2062 39 75 or
1496 2062 143 75 herring.
1690 2062 61 75 See
1767 2062 171 75 Clupea.

1249 2110 71 75 Flos
1348 2110 137 75 AERIS,
1512 2110 116 75 among
1652 2110 190 75 alchemifts,
1875 2110 90 75 fmall
1993 2110 97 75 feales
2118 2110 160 75 procured

1296 2156 83 75 from
1397 2156 117 75 copper
1534 2156 120 75 melted
1665 2156 44 75 by
1730 2156 18 75 a
1771 2156 106 75 ftrong
1892 2156 96 75 heat;
2015 2156 26 75 it
2055 2156 28 75 is
2099 2156 177 75 fometimes

1295 2203 75 75 ufed
1385 2203 53 75 far
1453 2203 108 75 aerugo
1576 2203 38 75 or
1629 2203 175 75 verdegris.

1248 2251 336 75 AEROGRAPHY
1603 2251 132 75 fignifies
1749 2251 18 75 a
1782 2251 190 75 defeription
1987 2251 41 75 of
2035 2251 56 75 the
2107 2251 58 75 air,
2190 2251 87 75 efpe-

1298 2297 96 75 cially
1410 2297 40 75 of
1460 2297 42 75 its
1520 2297 201 75 dimenfions,
1747 2297 62 75 and
1825 2297 95 75 other
1942 2297 79 75 moft
2044 2297 134 75 obvious
2201 2297 75 75 pro-

1298 2343 117 75 perties
1428 2343 10 75 ;
1464 2343 31 75 in
1514 2343 105 75 which
1635 2343 85 75 fenfe
1738 2343 24 75 it
1785 2343 111 75 differs
1912 2343 58 75 but
1988 2343 84 75 little
2083 2343 84 75 from
2184 2343 92 75 aero-

1296 2391 82 75 logy,
1386 2391 106 75 which
1505 2391 25 75 is
1545 2391 18 75 a
1573 2391 183 75 fcientifical
1765 2391 134 75 account
1911 2391 40 75 of
1957 2391 54 75 the
2024 2391 113 75 nature
2149 2391 61 75 and
2216 2391 60 75 Ids

1297 2436 134 75 obviens
1449 2436 178 75 properties
1645 2436 40 75 of
1700 2436 58 75 air.
1809 2436 61 75 See
1886 2436 271 75 Pneumatics.

1250 2484 324 75 AEROMANCY,
1600 2484 18 75 a
1644 2484 118 75 fpecics
1779 2484 39 75 of
1829 2484 174 75 divination
2028 2484 182 75 performed
2232 2484 44 75 by

1298 2530 106 75 means
1424 2530 39 75 of
1474 2530 59 75 air,
1558 2530 98 75 wind,
1682 2530 63 75 tec.
1795 2530 31 75 It
1842 2530 27 75 is
1894 2530 65 75 alfo
1979 2530 75 75 ufed
2076 2530 53 75 for
2152 2530 56 75 the
2225 2530 51 75 ait

1298 2577 40 75 of
1348 2577 184 75 foretelling
1549 2577 62 75 the,
1620 2577 126 75 various
1763 2577 135 75 changes
1921 2577 40 75 of
1979 2577 56 75 the
2051 2577 47 75 air
2112 2577 65 75 and
2191 2577 83 75 wea-

1297 2623 86 75 ther,
1407 2623 46 75 by
1476 2623 109 75 means
1603 2623 42 75 of
1656 2623 209 75 barometers,
1890 2623 232 75 hygrometers,
2149 2623 64 75 tec.

1250 2669 321 75 AEROMETRY,
1597 2669 56 75 the
1670 2669 49 75 art
1735 2669 227 75 ofmeafuring
1978 2669 55 75 the
2049 2669 136 75 motion,
2203 2669 75 75 gra-

1298 2715 80 75 vity,
1403 2715 166 75 elafticity,
1595 2715 199 75 tarefadion,
1811 2715 235 75 cpndenlation,
2071 2715 66 75 tec.
2161 2715 41 75 of
2214 2715 59 75 air.

1299 2762 60 75 See
1377 2762 269 75 Pneumatics.

1250 2808 329 75 AEROPHOBIA,
1605 2808 114 75 among
1741 2808 186 75 phyficians,
1953 2808 134 75 fignifies
2104 2808 55 75 the
2174 2808 103 75 dread

1297 2857 39 75 of
1347 2857 58 75 air.

1251 2900 405 75 AEROPHYLACEA,
1682 2900 18 75 a
1715 2900 81 75 term
1809 2900 76 75 ufed
1898 2900 46 75 by
1959 2900 177 75 naturalifts
2153 2900 52 75 for
2221 2900 54 75 ca-

1298 2948 92 75 verns
1417 2948 37 75 or
1481 2948 168 75 refervoirs
1677 2948 40 75 of
1735 2948 59 75 air,
1818 2948 153 75 fuppofed
1995 2948 35 75 to
2054 2948 82 75 exift
2161 2948 33 75 in
2217 2948 57 75 the

1298 2994 117 75 bowels
1431 2994 41 75 of
1482 2994 55 75 the
1553 2994 103 75 earth.

2113 3040 157 75 ARRA,
