2396 3377
190 135 56 75 Bo

669 135 41 75 A

858 135 34 75 L

1037 135 41 75 G

1223 135 35 75 E

186 196 78 75 been
281 196 159 75 imagined
456 196 50 75 for
524 196 214 75 reprefenting
756 196 84 75 their
858 196 178 75 affefitions,
1053 196 165 75 relations,

189 244 58 75 and
267 244 242 75 dependencies.

234 289 75 75 The
334 289 135 75 relation
491 289 41 75 of
546 289 144 75 equality
707 289 213 75 is.exprefled
936 289 43 75 by
1001 289 56 75 the
1080 289 65 75 fign
1160 289 57 75 =;

188 336 87 75 thus,
290 336 34 75 to
336 336 128 75 exprefs
477 336 71 75 that
561 336 55 75 the
628 336 149 75 quantity
790 336 252 75 reprefentedby
1054 336 20 75 a
1086 336 26 75 is
1126 336 93 75 equal

189 383 36 75 to
246 383 70 75 that
331 383 107 75 which
459 383 26 75 is
502 383 201 75 reprefented
715 383 46 75 by
777 383 31 75 b,
825 383 49 75 we
890 383 92 75 write
995 383 20 75 a
1026 383 37 75 —
1073 383 31 75 b.
1154 383 68 75 But

189 427 31 75 if
237 427 44 75 vve
297 427 108 75 would
421 427 130 75 exprefs
568 427 72 75 that
656 427 20 75 a
693 427 27 75 is
749 427 126 75 greater
900 427 79 75 than
1057 427 49 75 we
1128 427 94 75 write

190 474 21 75 a
296 474 17 75 b
325 474 10 75 ;
363 474 63 75 and
442 474 32 75 if
483 474 51 75 we
550 474 110 75 would
682 474 139 75 exprefs.
829 474 225 75 algebraically
1069 474 73 75 that
1157 474 21 75 a
1194 474 27 75 is

193 523 58 75 lefs
273 523 78 75 than
367 523 30 75 b,
422 523 49 75 we
487 523 94 75 write
596 523 22 75 a
711 523 30 75 b.

239 568 218 75 Quantity
487 568 26 75 is
530 568 88 75 what
633 568 26 75 is
683 568 92 75 made
792 568 42 75 up
851 568 40 75 of
902 568 100 75 parts,
1027 568 37 75 or
1081 568 26 75 is
1130 568 92 75 capa-

191 616 52 75 ble
255 616 40 75 of
305 616 97 75 being
417 616 125 75 greater
554 616 37 75 or
608 616 72 75 lefs.
729 616 32 75 It
777 616 27 75 is
821 616 162 75 increafed
1002 616 43 75 by
1061 616 159 75 addition,

193 662 64 75 and
271 662 187 75 diminilhed
482 662 43 75 by
539 662 204 75 fubtrattiou
759 662 9 75 ;
794 662 108 75 which
920 662 54 75 are
989 662 163 75 therefore
1167 662 57 75 the

193 709 67 75 two
276 709 140 75 primary
438 709 182 75 operations
641 709 72 75 that
733 709 100 75 relate
849 709 35 75 to
902 709 161 75 quantity.
1111 709 113 75 Hence

193 754 27 75 it
237 754 40 75 is,
295 754 70 75 that
382 754 62 75 any
461 754 150 75 quantity
627 754 73 75 may
715 754 40 75 be
767 754 154 75 fuppofed
937 754 34 75 to
987 754 90 75 enter
1093 754 68 75 into
1178 754 46 75 al-

195 801 128 75 gebraic
339 801 233 75 computations
584 801 66 75 two
662 801 151 75 different
824 801 101 75 ways,
937 801 107 75 which
1055 801 81 75 have
1150 801 75 75 con-

196 849 89 75 trary
301 849 129 75 efFefls;
448 849 103 75 either
568 849 34 75 as
619 849 39 75 an
675 849 192 75 increment,
885 849 37 75 or
939 849 39 75 as'
989 849 20 75 a
1024 849 177 75 decrement

195 895 71 75 that
282 895 39 75 is,
340 895 32 75 as
391 895 19 75 a
421 895 150 75 quantity
585 895 36 75 to
638 895 40 75 be
694 895 118 75 added,
829 895 38 75 or
884 895 33 75 as
936 895 19 75 a
970 895 149 75 quantity
1134 895 35 75 to
1186 895 40 75 be

197 941 191 75 fubtradled.
434 941 78 75 The
528 941 63 75 fign
608 941 38 75 +
664 941 92 75 {plus'
756 941 13 75 )
787 941 27 75 is
834 941 55 75 the
906 941 91 75 mark
1012 941 40 75 of
1063 941 162 75 addition,

197 988 62 75 and
275 988 55 75 the
346 988 66 75 fign
426 988 50 75 —
494 988 140 75 {minus)
652 988 40 75 of
695 988 220 75 ftiblraSiion.
947 988 97 75 Thus
1057 988 55 75 the
1125 988 102 75 quan-

198 1035 62 75 tity
277 1035 94 75 being
387 1035 201 75 reprefented
603 1035 44 75 by
663 1035 34 75 a,
723 1035 37 75 +
776 1035 20 75 a
812 1035 134 75 imports
963 1035 71 75 that
1050 1035 21 75 a
1088 1035 26 75 is
1135 1035 35 75 to
1187 1035 40 75 be

198 1083 117 75 added,
348 1083 38 75 or
406 1083 175 75 reprefents
605 1083 37 75 an
668 1083 196 75 increment;
895 1083 71 75 but,
990 1083 49 75 —
1055 1083 21 75 a
1092 1083 135 75 imports

198 1128 72 75 that
284 1128 22 75 a
323 1128 25 75 is
365 1128 35 75 to
424 1128 41 75 be
488 1128 190 75 fubtra&ed,
709 1128 62 75 and
787 1128 174 75 reprefents
989 1128 19 75 a
1031 1128 195 75 decrement.

198 1176 113 75 When
326 1176 119 75 feveral
461 1176 76 75 fuch
555 1176 172 75 quantities
745 1176 53 75 are
811 1176 124 75 joined,
960 1176 56 75 the
1041 1176 82 75 figns
1140 1176 88 75 ferve

199 1221 35 75 to
250 1221 83 75 Ihew
348 1221 107 75 which
472 1221 53 75 are
540 1221 36 75 to
592 1221 41 75 be
650 1221 104 75 added
765 1221 63 75 and
839 1221 107 75 which
966 1221 53 75 are
1037 1221 35 75 to
1098 1221 41 75 be
1156 1221 71 75 fub-

200 1269 133 75 tradfed.
382 1269 96 75 Thus
544 1269 101 75 ab
661 1269 132 75 denotes
811 1269 54 75 the
883 1269 149 75 quantity
1048 1269 69 75 that
1134 1269 94 75 arifes

200 1314 93 75 when
316 1314 21 75 a
364 1314 64 75 and
443 1314 18 75 b
484 1314 53 75 are
561 1314 80 75 both
666 1314 182 75 confidered
871 1314 33 75 as
929 1314 203 75 increments,
1167 1314 64 75 and

200 1361 163 75 therefore
382 1361 159 75 expreffes
557 1361 56 75 the
634 1361 67 75 fum
717 1361 43 75 of
768 1361 20 75 a
806 1361 63 75 and
888 1361 31 75 b.
980 1361 69 75 But
1116 1361 22 75 a
1149 1361 47 75 —
1211 1361 18 75 b

201 1408 132 75 denotes
345 1408 57 75 the
415 1408 150 75 quantity
580 1408 71 75 that
668 1408 106 75 arifes,
799 1408 94 75 when
909 1408 84 75 from
1010 1408 53 75 the
1081 1408 150 75 quantity

201 1456 21 75 a
229 1456 64 75 The
310 1456 150 75 quantity
477 1456 17 75 b
510 1456 27 75 is
554 1456 201 75 fubtradled;
795 1456 64 75 and
874 1456 157 75 expreffes
1048 1456 56 75 the
1121 1456 109 75 excefs

204 1502 40 75 of
255 1502 21 75 a
293 1502 99 75 above
409 1502 29 75 b.
488 1502 111 75 When
615 1502 21 75 a
653 1502 26 75 is
697 1502 124 75 greater
839 1502 78 75 than
934 1502 30 75 b,
989 1502 76 75 then
1081 1502 22 75 a
1113 1502 48 75 —
1170 1502 18 75 5
1205 1502 27 75 is

206 1549 90 75 itfelf
315 1549 39 75 an
381 1549 195 75 increment;
602 1549 93 75 when
711 1549 21 75 a
742 1549 37 75 =
790 1549 29 75 £,
838 1549 76 75 then
931 1549 20 75 a
962 1549 49 75 —
1022 1549 18 75 £
1051 1549 36 75 =
1098 1549 22 75 o
1135 1549 10 75 ;
1172 1549 63 75 and

204 1595 93 75 when
314 1595 21 75 a
357 1595 28 75 is
402 1595 59 75 lefs
477 1595 78 75 than
572 1595 29 75 b,
635 1595 77 75 then
728 1595 21 75 a
760 1595 48 75 —
820 1595 17 75 b
854 1595 26 75 is
901 1595 90 75 itfelf
1002 1595 19 75 a
1036 1595 196 75 decrement.

251 1642 49 75 As
318 1642 142 75 addition
478 1642 62 75 and
554 1642 194 75 fubtradlion
765 1642 52 75 are
832 1642 154 75 oppofite,
1011 1642 38 75 or
1077 1642 37 75 an
1131 1642 101 75 incre-

205 1687 88 75 ment
319 1687 26 75 is
373 1687 140 75 oppofite
534 1687 35 75 to
594 1687 19 75 a
636 1687 195 75 decrement,
855 1687 91 75 there
963 1687 26 75 is
1006 1687 39 75 an
1061 1687 172 75 analogous

207 1734 175 75 oppofition
406 1734 144 75 between
574 1734 56 75 the
658 1734 164 75 affedlions
838 1734 40 75 of
899 1734 173 75 quantities
1094 1734 70 75 that
1181 1734 52 75 are

207 1780 182 75 confidered
421 1780 32 75 in
481 1780 54 75 the
560 1780 237 75 mathematical
820 1780 155 75 fciences;
1017 1780 47 75 as,
1089 1780 146 75 between

208 1827 108 75 excefs
340 1827 63 75 and
418 1827 125 75 defedt;
569 1827 145 75 between
729 1827 56 75 the
801 1827 92 75 value
911 1827 39 75 of
972 1827 108 75 effedls
1098 1827 37 75 or
1162 1827 68 75 mo-

208 1874 62 75 ney
286 1874 62 75 due
364 1874 35 75 to
419 1874 18 75 a
452 1874 86 75 man,
564 1874 62 75 and
642 1874 116 75 money
777 1874 63 75 due
856 1874 45 75 by
915 1874 80 75 him.
1044 1874 111 75 When
1166 1874 67 75 two

210 1920 184 75 quantities,
420 1920 94 75 equal
540 1920 32 75 in
601 1920 118 75 refpedl
735 1920 41 75 of
786 1920 197 75 magnitude,
1007 1920 59 75 but
1092 1920 40 75 of
1145 1920 90 75 thofe

210 1967 140 75 oppofite
375 1967 108 75 kinds,
516 1967 54 75 are
591 1967 111 75 joined
725 1967 160 75 together,
912 1967 62 75 and
1001 1967 173 75 conceived
1199 1967 35 75 to

207 2013 74 75 take
301 2013 88 75 place
400 2013 33 75 in
450 2013 56 75 the
522 2013 83 75 fame
622 2013 131 75 fubjedl,
778 2013 80 75 they
873 2013 126 75 deftroy
1016 2013 79 75 each
1112 2013 121 75 other’s

212 2060 105 75 effedl,
343 2060 63 75 and
430 2060 83 75 their
529 2060 130 75 amount
674 2060 26 75 is
719 2060 143 75 nothing.
909 2060 109 75 Thus,
1048 2060 101 75 tool,
1174 2060 63 75 due

213 2106 39 75 to
266 2106 22 75 a
304 2106 71 75 man
401 2106 64 75 and
496 2106 11 75 i
514 2106 46 75 oo
578 2106 26 75 /.
629 2106 62 75 due
718 2106 44 75 by
785 2106 68 75 him
878 2106 132 75 balance
1037 2106 78 75 each
1132 2106 106 75 other,

214 2154 63 75 and
292 2154 33 75 in
341 2154 176 75 eftimating
528 2154 49 75 his
590 2154 87 75 flock
688 2154 73 75 may
776 2154 40 75 be
833 2154 80 75 both
928 2154 176 75 negledted.
1126 2154 114 75 "When

214 2200 65 75 two
291 2200 137 75 unequal
440 2200 174 75 quantities
631 2200 39 75 of
681 2200 89 75 thofe
783 2200 139 75 oppofite
934 2200 147 75 qualities
1094 2200 53 75 are
1155 2200 86 75 join-

215 2247 40 75 ed
270 2247 33 75 in
326 2247 55 75 the
397 2247 83 75 fame
496 2247 131 75 fubjedl,
652 2247 55 75 the
723 2247 126 75 greater
866 2247 135 75 prevails
1018 2247 44 75 by
1077 2247 85 75 their
1178 2247 63 75 dif-

215 2293 138 75 ference.
401 2293 91 75 And,
516 2293 93 75 when
626 2293 18 75 a
661 2293 124 75 greater
802 2293 148 75 quantity
965 2293 27 75 is
1016 2293 95 75 taken
1128 2293 84 75 from
1225 2293 19 75 a

218 2338 89 75 leffer
334 2338 40 75 of
397 2338 54 75 the
474 2338 83 75 fame
584 2338 91 75 kind,
700 2338 55 75 the
772 2338 178 75 remainder
966 2338 147 75 becomes
1129 2338 40 75 of
1179 2338 57 75 the

220 2385 139 75 oppofite
375 2385 90 75 kind.

265 2432 33 75 A
314 2432 147 75 quantity
477 2432 71 75 that
567 2432 27 75 is
611 2432 36 75 to
661 2432 41 75 be
719 2432 105 75 added
839 2432 26 75 is
883 2432 138 75 likewife
1038 2432 104 75 called
1157 2432 18 75 a
1186 2432 57 75 po-

208 2478 103 75 fitive
327 2478 150 75 quantity
490 2478 10 75 ;
528 2478 62 75 and
618 2478 18 75 a
663 2478 148 75 quantity
827 2478 35 75 to
877 2478 41 75 be
941 2478 179 75 fubtradled
1134 2478 27 75 is
1179 2478 68 75 faid

221 2526 35 75 to
275 2526 40 75 be
333 2526 149 75 negative
497 2526 11 75 :
544 2526 99 75 They
660 2526 52 75 are
735 2526 127 75 equally
878 2526 78 75 real,
981 2526 58 75 but
1056 2526 139 75 oppofite
1211 2526 35 75 to

221 2571 79 75 each
316 2571 107 75 other,
447 2571 34 75 fo
497 2571 34 75 as
549 2571 36 75 to
601 2571 74 75 take
691 2571 90 75 away
797 2571 78 75 each
891 2571 121 75 other’s
1037 2571 104 75 effedt,
1164 2571 33 75 in
1214 2571 33 75 a-

221 2618 44 75 ny
276 2618 177 75 operation,
470 2618 93 75 when
574 2618 77 75 they
664 2618 52 75 are
729 2618 95 75 equal
841 2618 33 75 as
891 2618 36 75 to
939 2618 162 75 quantity.
1139 2618 109 75 Thus,

225 2664 20 75 3
260 2664 49 75 —
329 2664 16 75 3
363 2664 37 75 =
418 2664 36 75 o,
494 2664 64 75 and
573 2664 20 75 a
604 2664 49 75 —
663 2664 21 75 a
695 2664 37 75 —
743 2664 35 75 o.
841 2664 68 75 But
935 2664 124 75 though
1086 2664 38 75 +
1142 2664 22 75 a
1186 2664 64 75 and

224 2711 47 75 —
283 2711 21 75 a
329 2711 53 75 are
398 2711 95 75 equal
510 2711 33 75 as
562 2711 35 75 to
614 2711 161 75 quantity,
800 2711 49 75 we
872 2711 43 75 do
937 2711 57 75 not
1010 2711 129 75 fuppofe
1154 2711 33 75 in
1204 2711 45 75 al-

227 2758 97 75 gebra
339 2758 72 75 that
426 2758 38 75 +
474 2758 21 75 «
506 2758 36 75 =
551 2758 49 75 —
612 2758 20 75 a
644 2758 10 75 ;
673 2758 144 75 becaufe,
834 2758 35 75 to
885 2758 82 75 infer
982 2758 143 75 equality
1137 2758 32 75 in
1186 2758 64 75 this

226 2804 134 75 fcience,
385 2804 78 75 they
479 2804 80 75 mufl
570 2804 57 75 not
643 2804 76 75 only
735 2804 41 75 be
792 2804 95 75 equal
907 2804 33 75 as
955 2804 38 75 to
1009 2804 160 75 quantity,
1193 2804 59 75 but

227 2850 39 75 of
276 2850 55 75 the
351 2850 82 75 fame
450 2850 137 75 quality,
605 2850 71 75 that
691 2850 33 75 in
740 2850 96 75 every
852 2850 164 75 operation
1031 2850 55 75 the
1103 2850 60 75 one
1179 2850 74 75 may

229 2896 80 75 have
320 2896 55 75 the
392 2896 83 75 fame
492 2896 93 75 effedt
601 2896 33 75 as
646 2896 56 75 the
720 2896 106 75 other.
875 2896 33 75 A
924 2896 183 75 decrement
1122 2896 75 75 may
1212 2896 40 75 be

229 2942 94 75 equal
340 2942 34 75 to
387 2942 39 75 an
445 2942 187 75 increment,
648 2942 59 75 but
722 2942 27 75 it
765 2942 57 75 has
838 2942 34 75 in
888 2942 42 75 all
947 2942 179 75 operations
1143 2942 18 75 a
1178 2942 74 75 con-

229 2988 88 75 trary
333 2988 116 75 effedt;
469 2988 18 75 a
502 2988 123 75 motion
640 2988 199 75 downwards
856 2988 73 75 may
944 2988 40 75 be
996 2988 95 75 equal
1108 2988 34 75 to
1156 2988 18 75 a
1185 2988 68 75 rno-

1406 131 36 75 B

1587 131 39 75 R

1770 131 54 75 A.

1270 196 68 75 tion
1360 196 148 75 upwards
1520 196 11 75 ;
1557 196 63 75 and
1631 196 55 75 the
1698 196 172 75 depreffion
1887 196 40 75 of
1939 196 18 75 a
1972 196 61 75 ftar
2049 196 105 75 below
2170 196 56 75 the
2241 196 59 75 ho-

1271 243 82 75 rjrfon
1378 243 73 75 may
1470 243 40 75 be
1526 243 95 75 equal
1644 243 35 75 to
1699 243 56 75 the
1771 243 158 75 elevation
1950 243 40 75 of
2009 243 19 75 a
2047 243 60 75 flat
2124 243 100 75 above
2249 243 49 75 it:

1272 290 65 75 But
1355 290 91 75 thofe
1463 290 150 75 pofitions
1630 290 52 75 are
1699 290 152 75 oppofite,
1877 290 64 75 and
1957 290 55 75 the
2028 290 137 75 diflance
2189 290 40 75 of
2247 290 56 75 the

1272 337 75 75 flats
1364 337 27 75 is
1403 337 127 75 greater
1545 337 77 75 than
1637 337 31 75 if
1679 337 60 75 one
1756 337 40 75 of
1803 337 88 75 them
1907 337 65 75 was
1984 337 33 75 at
2033 337 56 75 the
2101 337 148 75 horizon,
2268 337 34 75 fo

1272 383 33 75 as
1322 383 35 75 to
1373 383 81 75 have
1474 383 42 75 no
1542 383 158 75 elevation
1716 383 99 75 above
1831 383 39 75 it,
1896 383 38 75 or
1950 383 172 75 deprellion
2138 383 105 75 below
2260 383 41 75 it.

1273 429 32 75 It
1321 429 26 75 is
1360 429 42 75 on
1418 429 135 75 account
1570 429 40 75 of
1622 429 64 75 this
1704 429 207 75 contrariety,
1930 429 72 75 that
2015 429 19 75 a
2045 429 145 75 negative
2202 429 100 75 quan-

1274 476 62 75 tity
1357 476 27 75 is
1408 476 67 75 faid
1490 476 35 75 to
1548 476 39 75 be
1612 476 59 75 lefs
1696 476 78 75 than
1796 476 145 75 nothing,
1966 476 131 75 becaufe
2116 476 26 75 it
2158 476 26 75 is
2202 476 101 75 oppo-

1273 524 56 75 fite
1345 524 35 75 to
1400 524 56 75 the
1480 524 142 75 pofitive,
1649 524 62 75 and
1726 524 179 75 ckminifhes
1922 524 27 75 it
1963 524 94 75 when
2074 524 111 75 joined
2204 524 35 75 to
2255 524 47 75 it;

1273 570 142 75 whereas
1434 570 55 75 the
1506 570 142 75 addition
1664 570 41 75 of
1716 570 22 75 o
1754 570 57 75 has
1828 570 42 75 no
1886 570 105 75 effedl.
2039 570 67 75 But
2123 570 19 75 a
2157 570 147 75 negative

1274 617 27 75 is
1318 617 36 75 to
1369 617 39 75 be
1425 617 183 75 confidered
1623 617 42 75 no
1681 617 59 75 lefs
1758 617 32 75 as
1808 617 20 75 a
1843 617 66 75 real
1926 617 148 75 quantity
2091 617 76 75 than
2179 617 56 75 the
2246 617 58 75 po-

1275 664 99 75 fitive.
1415 664 187 75 Quantities
1619 664 72 75 that
1707 664 81 75 have
1804 664 42 75 no
1862 664 66 75 fign
1944 664 145 75 prefixed
2100 664 35 75 to
2145 664 89 75 them
2251 664 54 75 are

1274 710 193 75 undefflood
1482 710 36 75 to
1533 710 41 75 be
1590 710 141 75 pofitive.

1321 757 76 75 The
1414 757 133 75 number
1558 757 146 75 prefixed
1726 757 34 75 to
1776 757 20 75 a
1810 757 96 75 letter
1921 757 28 75 is
1966 757 105 75 called
2085 757 59 75 the
2161 757 141 75 numeral

1275 802 181 75 coefficient,
1482 802 64 75 and
1560 802 98 75 (hews
1674 802 75 75 how
1765 802 91 75 often
1872 802 55 75 the
1944 802 148 75 quantity
2104 802 202 75 reprefented

1275 849 43 75 by
1334 849 55 75 the
1404 849 97 75 letter
1515 849 26 75 is
1560 849 34 75 to
1609 849 40 75 be
1667 849 108 75 taken.
1822 849 97 75 Thus
1942 849 19 75 2
1974 849 22 75 a
2012 849 133 75 imports
2162 849 70 75 that
2248 849 57 75 the

1275 895 148 75 quantity
1440 895 201 75 reprefented
1656 895 44 75 by
1715 895 21 75 a
1753 895 26 75 is
1796 895 36 75 to
1849 895 40 75 be
1905 895 96 75 taken
2018 895 115 75 twice;
2163 895 17 75 3
2194 895 22 75 a
2232 895 73 75 that

1275 943 26 75 it
1318 943 26 75 is
1362 943 34 75 to
1413 943 39 75 be
1468 943 97 75 taken
1581 943 121 75 thrice;
1722 943 63 75 and
1796 943 34 75 fo
1846 943 55 75 on.
1949 943 111 75 When
2074 943 41 75 no
2127 943 135 75 number
2276 943 28 75 is

1276 990 155 75 prefixed,
1458 990 73 75 unit
1547 990 27 75 is
1593 990 191 75 underflood
1799 990 36 75 to
1847 990 39 75 be
1899 990 55 75 the
1971 990 189 75 coefficient.
2208 990 98 75 Thus

1282 1037 12 75 1
1315 1037 27 75 is
1358 1037 56 75 the
1435 1037 177 75 coefficient
1628 1037 41 75 of
1680 1037 20 75 a
1718 1037 38 75 or
1771 1037 40 75 of
1823 1037 31 75 b.

1323 1084 184 75 Quantities
1524 1084 54 75 are
1600 1084 69 75 faid
1684 1084 36 75 to
1735 1084 40 75 be
1791 1084 64 75 like
1874 1084 38 75 or
1915 1084 149 75 ftmilar,
2089 1084 73 75 that
2185 1084 53 75 are
2254 1084 50 75 re-

1277 1130 166 75 prefented
1460 1130 45 75 by
1520 1130 57 75 the
1593 1130 82 75 fame
1691 1130 95 75 letter
1807 1130 38 75 or
1868 1130 111 75 letters
1999 1130 130 75 equally
2142 1130 162 75 repeated.

1275 1176 96 75 Thus
1388 1176 37 75 -4-
1444 1176 16 75 3
1480 1176 21 75 «
1518 1176 62 75 and
1590 1176 47 75 —
1649 1176 17 75 5
1683 1176 22 75 «
1720 1176 53 75 are
1788 1176 87 75 like;
1907 1176 57 75 but
1979 1176 23 75 a
2017 1176 64 75 and
2097 1176 31 75 b,
2153 1176 38 75 or
2205 1176 23 75 a
2243 1176 63 75 and

1276 1223 22 75 «
1314 1223 19 75 0
1357 1223 53 75 are
1428 1223 120 75 unlike.

1324 1270 32 75 A
1373 1270 149 75 quantity
1537 1270 28 75 is
1581 1270 67 75 faid
1659 1270 35 75 to
1710 1270 110 75 confifl
1831 1270 40 75 of
1884 1270 33 75 as
1936 1270 95 75 many
2047 1270 99 75 terms
2163 1270 34 75 as
2214 1270 91 75 there

1278 1315 52 75 are
1347 1315 86 75 parts
1454 1315 112 75 joined
1582 1315 43 75 by
1642 1315 55 75 the
1716 1315 81 75 figns
1815 1315 38 75 +
1869 1315 38 75 or
1922 1315 70 75 —;
2018 1315 75 75 thus
2110 1315 102 75 a-\-b
2229 1315 76 75 con-

1278 1362 62 75 fifls
1357 1362 40 75 of
1414 1362 66 75 two
1499 1362 111 75 terms,
1636 1362 63 75 and
1720 1362 27 75 is
1764 1362 103 75 called
1884 1362 19 75 a
1919 1362 175 75 binomial;
2121 1362 150 75 a-\-b-\-
2288 1362 18 75 c

1279 1409 123 75 confifls
1415 1409 39 75 of
1466 1409 91 75 three
1573 1409 112 75 terms,
1703 1409 63 75 and
1782 1409 27 75 is
1827 1409 104 75 called
1943 1409 19 75 a
1974 1409 182 75 trinomial.
2196 1409 110 75 Thefe

1280 1455 53 75 are
1349 1455 103 75 called
1467 1455 173 75 compound
1654 1455 172 75 quantities
1838 1455 9 75 :
1874 1455 35 75 A
1919 1455 118 75 ftmple
2061 1455 148 75 quantity
2230 1455 75 75 con-

1279 1502 62 75 fifls
1358 1502 39 75 of
1410 1502 59 75 one
1485 1502 84 75 term
1585 1502 88 75 only,
1700 1502 33 75 as
1751 1502 38 75 +
1800 1502 34 75 rf,
1859 1502 38 75 or
1961 1502 22 75 a
2000 1502 30 75 b,
2056 1502 37 75 or
2157 1502 20 75 a
2190 1502 19 75 b
2220 1502 31 75 c.

1418 1640 4 75 .
1468 1640 163 75 Chap.
1661 1640 31 75 I.
1750 1640 66 75 Of
1835 1640 282 75 Addition.

1282 1737 196 75 CASE
1503 1737 30 75 I.
1583 1737 47 75 To
1659 1737 69 75 add
1759 1737 177 75 quantities
1961 1737 73 75 that
2057 1737 59 75 are
2142 1737 76 75 like,
2242 1737 69 75 and

1683 1782 80 75 have
1789 1782 65 75 like
1872 1782 108 75 figns.

1279 1853 123 75 Rule.
1451 1853 79 75 Add
1553 1853 150 75 together
1714 1853 56 75 the
1782 1853 206 75 coefficients,
2004 1853 36 75 to
2056 1853 84 75 their
2155 1853 67 75 fum
2238 1853 71 75 pre-

1327 1898 46 75 fix
1396 1898 55 75 the
1472 1898 147 75 common
1636 1898 78 75 fign,
1740 1898 63 75 and
1818 1898 126 75 fubjoin
1967 1898 55 75 the
2047 1898 147 75 common
2217 1898 94 75 letter

1328 1944 36 75 or
1380 1944 126 75 letters.

1283 2018 203 75 Example.
1540 2018 57 75 To
1646 2018 108 75 +50
1804 2018 34 75 to
1879 2018 113 75 —kb
2070 2018 37 75 to
2153 2018 103 75 a-\-b

1541 2065 80 75 Add
1643 2065 38 75 -f
1699 2065 21 75 4
1732 2065 21 75 0
1801 2065 63 75 add
1878 2065 48 75 —
1939 2065 18 75 2
1972 2065 19 75 b
2038 2065 64 75 add
2120 2065 16 75 3
2151 2065 23 75 0
2185 2065 38 75 +
2238 2065 16 75 $
2270 2065 20 75 £

1533 2158 78 75 Sum
1634 2158 105 75 +90
1788 2158 79 75 Sum
1875 2158 48 75 —
2022 2158 78 75 Sum
2114 2158 143 75 40+6£

1292 2251 98 75 Case
1417 2251 48 75 II.
1515 2251 47 75 To
1588 2251 69 75 add
1682 2251 178 75 quantities
1883 2251 73 75 that
1978 2251 60 75 are
2061 2251 75 75 like,
2162 2251 56 75 but
2234 2251 81 75 have

1689 2297 108 75 unlike
1808 2297 109 75 figns.

1292 2370 123 75 Rule.
1466 2370 149 75 Subtract
1632 2370 55 75 the
1703 2370 91 75 leffer
1806 2370 178 75 coefficient
1999 2370 85 75 from
2103 2370 57 75 the
2178 2370 137 75 greater,

1338 2417 103 75 prefix
1457 2417 56 75 the
1530 2417 65 75 fign
1611 2417 39 75 of
1672 2417 56 75 the
1748 2417 126 75 greater
1898 2417 35 75 to
1960 2417 55 75 the
2040 2417 192 75 remainder,
2256 2417 61 75 and

1339 2464 123 75 fubjoin
1478 2464 54 75 the
1549 2464 148 75 common
1711 2464 96 75 letter
1823 2464 37 75 or
1876 2464 126 75 letters.

1294 2538 151 75 Examp.
1493 2538 56 75 To
1595 2538 113 75 —40
1820 2538 8 75 j
1872 2538 107 75 +j£
1990 2538 48 75 —
2050 2538 50 75 kc

1507 2583 78 75 Add
1602 2583 37 75 +
1659 2583 48 75 70
1821 2583 8 75 I
1870 2583 49 75 —
1932 2583 16 75 3
1960 2583 19 75 ^
1990 2583 39 75 +
2048 2583 20 75 8
2081 2583 18 75 r

1499 2675 78 75 Sum
1594 2675 38 75 +
1646 2675 53 75 30

1933 2675 52 75 2^
1997 2675 38 75 +
2048 2675 51 75 20

1343 2751 85 75 This
1447 2751 68 75 rule
1532 2751 26 75 is
1575 2751 95 75 eafily
1682 2751 144 75 deduced
1837 2751 85 75 from
1938 2751 56 75 the
2009 2751 112 75 nature
2137 2751 40 75 of
2192 2751 129 75 pofitive

1298 2798 62 75 and
1376 2798 145 75 negative
1538 2798 185 75 quantities.

1347 2844 37 75 If
1395 2844 93 75 there
1507 2844 52 75 are
1575 2844 89 75 more
1680 2844 78 75 than
1779 2844 65 75 two
1856 2844 173 75 quantities
2045 2844 36 75 to
2097 2844 40 75 be
2154 2844 105 75 added
2269 2844 52 75 to-

1300 2890 124 75 gether,
1449 2890 64 75 firfl
1533 2890 63 75 add
1612 2890 54 75 the
1679 2890 129 75 pofitive
1831 2890 147 75 together
1997 2890 69 75 into
2082 2890 59 75 one
2159 2890 79 75 fum,
2263 2890 62 75 and

1300 2938 77 75 then
1393 2938 54 75 the
1464 2938 144 75 negative
1627 2938 59 75 (by
1702 2938 76 75 Cafe
1793 2938 71 75 I.);
1890 2938 78 75 then
1979 2938 63 75 add
2058 2938 88 75 thefe
2160 2938 66 75 two
2241 2938 83 75 fums

1301 2985 147 75 together
1466 2985 59 75 (by
1541 2985 76 75 Cafe
1632 2985 67 75 II.)

2223 3024 95 75 Case
