2443 3377
496 207 225 75 APE

1058 207 120 75 (3:

123 279 314 75 ANWEILLER,
463 279 19 75 a
497 279 90 75 fmall
604 279 67 75 city
687 279 40 75 of
745 279 139 75 France,,
905 279 34 75 in
962 279 55 75 the
1039 279 121 75 Lower

170 326 128 75 Alface,
324 326 85 75 upon
422 326 56 75 the
489 326 85 75 river
590 326 143 75 Queich.

123 373 181 75 ANZAR,
330 373 18 75 a
360 373 66 75 city
443 373 39 75 of
501 373 218 75 TurquSian,
744 373 76 75 near
832 373 108 75 Catai,
965 373 108 75 where
1089 373 70 75 Ta-

170 419 140 75 merlane
326 419 87 75 died.

122 466 256 75 ANZERMA,
403 466 19 75 a
446 466 86 75 town
556 466 43 75 of
617 466 37 75 S.
678 466 168 75 America,
871 466 33 75 in
927 466 56 75 the
1007 466 155 75 kingdom

170 513 40 75 of
228 513 158 75 Popajan,
411 513 85 75 upon
523 513 57 75 the
608 513 83 75 river
718 513 123 75 Cauca,
872 513 134 75 fituated
1035 513 32 75 in
1093 513 43 75 47
1136 495 23 49 0

170 559 61 75 W.
250 559 88 75 Long,
364 559 62 75 and
438 559 21 75 4
459 541 21 49 0
501 559 38 75 S.
556 559 58 75 lat.

122 606 241 75 ANZUGUI,
392 606 19 75 a
434 606 87 75 town
545 606 33 75 in
603 606 56 75 the
683 606 97 75 ifland
796 606 41 75 of
855 606 117 75 Japan,
997 606 86 75 upon
1107 606 55 75 the

172 652 61 75 bay
248 652 41 75 of
306 652 133 75 Mecao.

122 699 233 75 AONIDES,
388 699 34 75 in
445 699 204 75 mythology,
676 699 61 75 one
762 699 40 75 of
820 699 55 75 the
900 699 97 75 many
1022 699 138 75 appella-

171 746 83 75 tions
270 746 37 75 of
330 746 55 75 the
402 746 115 75 mufes,
542 746 34 75 fo
601 746 106 75 called
730 746 87 75 from
841 746 121 75 Aonia,
988 746 19 75 a
1030 746 71 75 part
1125 746 41 75 of

170 792 123 75 ancient
305 792 142 75 Bceotia.

121 840 197 75 AORIST,
344 840 116 75 among
482 840 248 75 grammarians,,
748 840 19 75 a
788 840 86 75 tenfe
890 840 141 75 peculiar
1046 840 35 75 to
1104 840 56 75 the

171 886 114 75 Greek
311 886 168 75 language,
519 886 271 75 comprehending
818 886 41 75 all
888 886 55 75 the
969 886 116 75 tenfes,
1121 886 41 75 or

169 932 108 75 rather
301 932 175 75 exprefling
501 932 40 75 an
565 932 102 75 action
690 932 32 75 in
747 932 38 75 an
809 932 244 75 indeterminate
1070 932 89 75 man-

166 978 69 75 ner,
254 978 139 75 without
410 978 61 75 any
487 978 115 75 regard
615 978 36 75 to
661 978 77 75 part,
756 978 136 75 prefent,
910 978 37 75 or
959 978 121 75 future.

121 1026 181 75 AOUST,
326 1026 19 75 a
361 1026 91 75 town
471 1026 39 75 of
530 1026 172 75 Piedmont
726 1026 32 75 in
780 1026 99 75 Italy,
905 1026 117 75 capital
1045 1026 40 75 of
1102 1026 56 75 the

168 1072 109 75 duchy
304 1072 40 75 of
370 1072 55 75 the
454 1072 83 75 fame
566 1072 104 75 name,
704 1072 134 75 fituated
862 1072 99 75 about
988 1072 43 75 50
1067 1072 90 75 miles

167 1119 96 75 north
276 1119 39 75 of
326 1119 120 75 Turin,
463 1119 33 75 in
511 1119 18 75 7
529 1101 23 49 0
577 1119 50 75 ic/
644 1119 147 75 E.long.
810 1119 60 75 and
885 1119 41 75 45
926 1101 20 49 0
964 1119 55 75 45'
1037 1119 48 75 N,
1097 1119 59 75 lat.

121 1165 324 75 APAGOGICAL
474 1165 279 75 Demonftration,
786 1165 38 75 an
857 1165 132 75 indirect
1021 1165 71 75 way
1123 1165 55 75 of'

166 1212 106 75 proof,
298 1212 43 75 by
357 1212 138 75 fliewing
512 1212 54 75 the
583 1212 164 75 abfurdity
758 1212 42 75 of
818 1212 58 75 the
891 1212 161 75 contrary.

119 1260 321 75 APALACHIAN
465 1260 210 75 Mountains,
701 1260 17 75 a
743 1260 88 75 ridge
856 1260 39 75 of
920 1260 178 75 mountains
1122 1260 41 75 of

166 1307 48 75 N.
232 1307 165 75 America,
421 1307 89 75 lying
522 1307 166 75 weftward
699 1307 40 75 of
749 1307 56 75 die
817 1307 119 75 Britifh
947 1307 208 75 plantations,

168 1352 63 75 and
247 1352 176 75 extending
440 1352 85 75 from
544 1352 66 75 30°
629 1352 34 75 to
681 1352 67 75 40°
766 1352 48 75 N.
827 1352 58 75 lat.

120 1400 218 75 APAMEA,
364 1400 39 75 or
418 1400 132 75 Hama,
577 1400 18 75 a
611 1400 86 75 town
714 1400 40 75 of
767 1400 106 75 Syria,
897 1400 135 75 fituated
1044 1400 41 75 on
1101 1400 56 75 the

167 1445 83 75 river
266 1445 156 75 Orontes,
441 1445 34 75 in
494 1445 65 75 38°
580 1445 44 75 30
624 1427 10 49 /
652 1445 44 75 E.
715 1445 90 75 long,
832 1445 63 75 and
913 1445 44 75 34
957 1427 21 49 0
996 1445 48 75 N.
1061 1445 60 75 lat.

116 1492 166 75 Apamea
298 1492 27 75 is
342 1492 66 75 alfo
428 1492 54 75 the
506 1492 92 75 name
623 1492 39 75 of
682 1492 19 75 a
726 1492 89 75 town
834 1492 41 75 of
892 1492 160 75 Pli^gia,.
1070 1492 86 75 upon

166 1540 56 75 the
238 1540 85 75 river
338 1540 169 75 Marfyas;
534 1540 41 75 of
586 1540 19 75 a
620 1540 87 75 town
725 1540 40 75 of
783 1540 121 75 Midia,
928 1540 158 75 confining
1098 1540 57 75 up-

164 1586 43 75 on
222 1586 155 75 Parthia;
404 1586 63 75 and
483 1586 40 75 of
540 1586 18 75 a
573 1586 88 75 town
677 1586 40 75 of
735 1586 166 75 Bithynia,
927 1586 103 75 called
1046 1586 44 75 by
1101 1586 55 75 the

165 1633 112 75 Turks
294 1633 146 75 Myrlea.

119 1680 253 75 APANAGE,
396 1680 37 75 or
457 1680 226 75 Apennage,
717 1680 33 75 in
776 1680 55 75 the
855 1680 128 75 French
1006 1680 148 75 cufloms,

167 1725 90 75 lands
274 1725 136 75 afligned
426 1725 43 75 by
486 1725 18 75 a
519 1725 163 75 fovereign
700 1725 51 75 for
769 1725 56 75 the
848 1725 183 75 fubfiftence
1048 1725 39 75 of
1105 1725 50 75 his

164 1772 146 75 younger
320 1772 25 75 1'
345 1772 59 75 ons,
429 1772 106 75 which
548 1772 106 75 revert
671 1772 35 75 to
723 1772 55 75 the
790 1772 106 75 crown
909 1772 85 75 upon
1011 1772 56 75 the
1083 1772 72 75 fail-

164 1820 58 75 ure
238 1820 41 75 of
290 1820 83 75 male
388 1820 76 75 ifliie
480 1820 34 75 in
529 1820 72 75 that
613 1820 120 75 branch
751 1820 35 75 to
798 1820 107 75 which
922 1820 55 75 the
993 1820 91 75 lands
1101 1820 53 75 are

167 1865 147 75 granted.

117 1912 230 75 APARINE,
373 1912 33 75 in
429 1912 134 75 botany,
595 1912 19 75 a
640 1912 163 75 fynonime
831 1912 41 75 of
890 1912 56 75 the
970 1912 184 75 utricularia

167 1959 62 75 and
243 1959 120 75 feveral
379 1959 94 75 other
489 1959 118 75 plants.

119 2005 211 75 APATHY,
356 2005 20 75 a
390 2005 83 75 term
488 2005 32 75 in
538 2005 202 75 philofophy,
765 2005 153 75 denoting
930 2005 38 75 an
984 2005 88 75 utter
1088 2005 64 75 pri-

166 2053 110 75 vation
292 2053 40 75 of
350 2053 128 75 paffion,
504 2053 62 75 and
589 2053 40 75 an
645 2053 204 75 infenfibility
864 2053 39 75 of
923 2053 85 75 pain.
1056 2053 95 75 Thus

166 2099 57 75 the
241 2099 105 75 Stoics
364 2099 134 75 affe&ed
521 2099 40 75 an
585 2099 102 75 entire
711 2099 129 75 apathy,
865 2099 35 75 fo
924 2099 34 75 as
980 2099 58 75 not
1060 2099 36 75 to
1111 2099 45 75 be

167 2145 127 75 ruffled,
319 2145 37 75 or
373 2145 128 75 fenfible
517 2145 41 75 of
577 2145 141 75 pleafure
736 2145 36 75 or
788 2145 85 75 pain.

117 2193 315 75 APATIZATIO,
458 2193 17 75 a
491 2193 174 75 law-term,
690 2193 168 75 fignifying
875 2193 38 75 an
931 2193 190 75 agreement.

118 2240 266 75 APATURIA,
408 2240 34 75 in
458 2240 145 75 Grecian
619 2240 171 75 antiquity,
817 2240 39 75 an
878 2240 163 75 Athenian
1066 2240 84 75 fefti-

164 2286 65 75 val,
252 2286 78 75 kept
346 2286 32 75 in
394 2286 126 75 honour
535 2286 41 75 of
594 2286 159 75 Bacchus.
802 2286 34 75 It
860 2286 66 75 was
949 2286 114 75 during
1085 2286 65 75 this

164 2331 169 75 folemnity
348 2331 72 75 that
436 2331 55 75 the
510 2331 109 75 young
636 2331 113 75 people
766 2331 84 75 were
867 2331 169 75 regiftered
1047 2331 33 75 in
1095 2331 58 75 the

166 2379 170 75 refpeftive
347 2379 108 75 wards
470 2379 39 75 of
527 2379 236 75 their-fathers.

116 2426 108 75 APE,
248 2426 57 75 the
321 2426 137 75 Engliih.
468 2426 91 75 name
576 2426 40 75 of
633 2426 56 75 the
714 2426 87 75 fimia
825 2426 37 75 or
885 2426 151 75 monkey.
1086 2426 62 75 See

167 2473 129 75 Simia.

116 2517 253 75 APELITES,
395 2517 160 75 Chriftian
570 2517 139 75 heretics
732 2517 32 75 in
789 2517 54 75 the
866 2517 116 75 fecond
1004 2517 144 75 century,

164 2566 74 75 who
255 2566 143 75 affirmed
414 2566 71 75 that
497 2566 108 75 Chrift
619 2566 147 75 received
782 2566 19 75 a
815 2566 88 75 body
914 2566 84 75 from
1011 2566 55 75 the
1078 2566 73 75 four

166 2611 163 75 elements,
355 2611 105 75 which
478 2611 32 75 at
527 2611 49 75 his
597 2611 97 75 death
710 2611 41 75 he
768 2611 157 75 rendered
946 2611 82 75 back
1044 2611 35 75 to
1095 2611 55 75 the

165 2658 115 75 world,
298 2658 63 75 and
376 2658 33 75 fo
421 2658 154 75 afeended
591 2658 69 75 into
676 2658 120 75 heaven
813 2658 138 75 without
967 2658 19 75 a
1001 2658 99 75 body.

117 2705 176 75 APENE,
317 2705 33 75 in
367 2705 171 75 a-ntiquity,
563 2705 61 75 the"
635 2705 124 75 chariot
777 2705 33 75 in
835 2705 106 75 which
959 2705 55 75 the
1029 2705 123 75 images

165 2751 38 75 of
223 2751 54 75 the
295 2751 79 75 gods
386 2751 84 75 were
487 2751 124 75 carried
628 2751 40 75 on
681 2751 120 75 folemn
817 2751 171 75 occafions.

117 2797 283 75 APENNAGE,
413 2797 37 75 in
467 2797 55 75 the
538 2797 125 75 French
679 2797 150 75 cuftoms.
869 2797 61 75 See
946 2797 201 75 Apanage.

117 2844 266 75 APENNINE,
419 2844 19 75 a
459 2844 64 75 vaft
547 2844 90 75 ridge
662 2844 40 75 of
719 2844 192 75 mountains,
941 2844 104 75 which
1074 2844 80 75 runs

163 2890 141 75 through
327 2890 55 75 the
399 2890 119 75 middle
535 2890 39 75 of
595 2890 41 75 all
654 2890 102 75 Italy,
778 2890 82 75 from
879 2890 137 75 Savona,
1042 2890 34 75 te
1092 2890 57 75 the

163 2936 78 75 very
255 2936 131 75 {freight
402 2936 71 75 that
489 2936 157 75 feparates
661 2936 86 75 Italy
763 2936 83 75 from
865 2936 113 75 Sicily.

117 2983 279 75 APENRADE,
422 2983 20 75 a
463 2983 86 75 town
566 2983 39 75 of
625 2983 142 75 Slefwic,
793 2983 36 75 or
847 2983 36 75 S.
901 2983 146 75 Jutland,
1071 2983 74 75 fitu-

164 3028 75 75 ated
252 3028 40 75 on
310 3028 19 75 a
344 3028 62 75 bay
428 3028 40 75 of
485 3028 55 75 the
561 3028 107 75 Baltic
683 3028 64 75 fea,
771 3028 33 75 in
825 3028 64 75 t.G°
906 3028 45 75 E.
967 3028 90 75 long,
1083 3028 63 75 and

155 3077 77 75 '55°
250 3077 48 75 N.
316 3077 58 75 lat.

1182 205 37 75 ,0
1277 205 19 75 )

1613 205 43 75 A
1713 205 35 75 P
1809 205 47 75 H

1208 280 239 75 APENZEL,
1473 280 18 75 a
1506 280 88 75 town
1611 280 39 75 of
1663 280 226 75 Switzerland,
1916 280 116 75 capital
2050 280 39 75 of
2102 280 54 75 the
2172 280 73 75 can-

1257 326 56 75 ton
1338 326 41 75 of
1397 326 56 75 the
1480 326 84 75 fame
1592 326 104 75 name,
1721 326 64 75 and
1811 326 135 75 fituated
1969 326 34 75 in
2023 326 45 75 9°
2086 326 44 75 E.
2156 326 89 75 long,

1259 373 62 75 and
1338 373 68 75 47°
1427 373 55 75 30'
1497 373 48 75 N.
1563 373 59 75 lat.

1210 421 194 75 APEPSY,
1428 421 33 75 in
1478 421 168 75 medicine,
1671 421 132 75 denotes
1821 421 141 75 crudity,
1987 421 39 75 or
2042 421 18 75 a
2075 421 66 75 bad
2156 421 95 75 dige-

1258 467 131 75 gefiion.

1210 514 140 75 APER,
1375 514 32 75 in
1424 514 152 75 zoology,
1602 514 19 75 a
1635 514 163 75 fynonime
1813 514 41 75 of
1872 514 56 75 the
1944 514 51 75 fus
2018 514 114 75 ferofa.
2182 514 65 75 See

1260 561 88 75 Sus.

1209 607 106 75 Aper
1343 607 28 75 is
1394 607 139 75 likewife
1557 607 19 75 a
1602 607 106 75 trivial
1732 607 91 75 name
1847 607 40 75 of
1906 607 19 75 a
1951 607 117 75 fpecies
2085 607 40 75 of
2145 607 102 75 Zeas*

1212 655 4 75 .
1259 655 62 75 See
1339 655 110 75 Zeus.

1208 702 290 75 APERIENTS,
1523 702 34 75 in
1581 702 55 75 the
1660 702 134 75 materia
1816 702 138 75 medica,
1984 702 38 75 an
2051 702 193 75 appellation

1257 748 93 75 given
1367 748 35 75 to
1419 748 77 75 fuch
1512 748 171 75 medicines
1702 748 32 75 as
1750 748 157 75 facilitate
1929 748 55 75 the
2007 748 185 75 circulation
2208 748 41 75 of

1257 794 54 75 the
1327 794 153 75 humours
1497 794 44 75 by
1557 794 164 75 removing
1733 794 220 75 obftruftions.

1302 842 76 75 The
1406 842 61 75 five
1489 842 127 75 greater
1642 842 142 75 aperient
1811 842 89 75 roots
1925 842 40 75 of
1992 842 56 75 the
2076 842 90 75 {hops
2190 842 54 75 are

1255 888 162 75 fmallage,
1452 888 119 75 fennel,
1606 888 181 75 afparagus,
1818 888 134 75 parlley,
1986 888 63 75 and
2080 888 162 75 butcher’s

1254 935 136 75 broom;
1418 935 34 75 as
1476 935 56 75 the
1555 935 62 75 five
1636 935 91 75 lefier
1751 935 75 75 ones
1843 935 54 75 are
1914 935 97 75 grafs,
2037 935 145 75 madder,
2208 935 33 75 e-

1255 982 114 75 ryngo,
1395 982 122 75 capers,
1542 982 64 75 and
1622 982 178 75 chammoc.

1207 1029 277 75 APERTURE,
1510 1029 56 75 the
1591 1029 136 75 opening
1748 1029 40 75 of
1808 1029 62 75 any
1892 1029 104 75 thing,
2021 1029 38 75 or
2081 1029 18 75 a
2115 1029 73 75 hole
2205 1029 37 75 or

1216 1075 5 75 •
1256 1075 78 75 cleft
1349 1075 34 75 in
1400 1075 60 75 any
1478 1075 189 75 continuous
1683 1075 132 75 fubjefr.

1206 1122 229 75 Aperture,
1460 1122 32 75 in
1509 1122 178 75 geometry,
1712 1122 56 75 the
1793 1122 90 75 fpaee
1906 1122 144 75 between
2070 1122 67 75 two
2153 1122 88 75 right

1253 1169 79 75 lines
1349 1169 105 75 which
1466 1169 87 75 meet
1566 1169 33 75 in
1616 1169 19 75 a
1650 1169 89 75 point
1756 1169 61 75 and
1830 1169 83 75 form
1931 1169 39 75 an
1988 1169 104 75 angle.

1208 1215 228 75 Aperture,
1461 1215 33 75 in
1511 1215 116 75 optics,
1653 1215 19 75 a
1687 1215 104 75 round
1806 1215 75 75 hole
1905 1215 33 75 in
1962 1215 18 75 a
2003 1215 115 75 turned
2141 1215 48 75 bit
2206 1215 41 75 of

1253 1261 94 75 wood
1363 1261 38 75 or
1417 1261 86 75 plate
1519 1261 41 75 of
1578 1261 60 75 tin,
1663 1261 112 75 placed
1791 1261 112 75 within
1920 1261 56 75 the
1993 1261 63 75 fide
2073 1261 39 75 of
2124 1261 18 75 a
2159 1261 80 75 tele-

1252 1307 91 75 fcope
1356 1307 38 75 or
1408 1307 207 75 microfcope,
1639 1307 76 75 near
1731 1307 35 75 to
1778 1307 55 75 the
1845 1307 220 75 o-bjeft-glafs,
2078 1307 43 75 by
2132 1307 108 75 means

1253 1353 38 75 of
1311 1353 104 75 which
1433 1353 88 75 more
1538 1353 72 75 rays
1627 1353 53 75 are
1702 1353 168 75 admitted,
1895 1353 62 75 and
1975 1353 18 75 a
2008 1353 89 75 more
2112 1353 125 75 diftinft

1252 1402 192 75 appearance
1461 1402 40 75 of
1520 1402 55 75 the
1592 1402 105 75 objeA
1711 1402 27 75 is
1755 1402 164 75 obtained.

1205 1449 249 75 Apertures,
1480 1449 296 75 opApertions,
1800 1449 32 75 in
1850 1449 222 75 archite£i:ure,
2097 1449 150 75 areufeeb

1253 1493 35 75 to
1303 1493 114 75 fignify
1433 1493 110 75 doors,
1567 1493 167 75 windows,
1760 1493 175 75 chimneys,
1961 1493 64 75 &c.

1205 1543 266 75 APERTURA
1495 1543 202 75 tahularurn,
1721 1543 32 75 in
1778 1543 192 75 law-books,
2003 1543 55 75 the
2085 1543 160 75 breaking-

1252 1588 81 75 open
1349 1588 19 75 a
1382 1588 58 75 laft
1456 1588 65 75 will
1539 1588 62 75 and
1614 1588 176 75 teftament.

1204 1636 216 75 Apertura
1435 1636 114 75 feudi,
1575 1636 36 75 in
1624 1636 56 75 the
1696 1636 74 75 civil
1794 1636 73 75 law,
1893 1636 132 75 fignifies
2049 1636 55 75 the
2120 1636 62 75 lofs
2199 1636 43 75 of

1251 1681 18 75 a
1292 1681 108 75 feudal
1416 1681 123 75 tenure,
1563 1681 45 75 by
1629 1681 125 75 default
1777 1681 40 75 of
1834 1681 76 75 iffue
1935 1681 35 75 to
1994 1681 67 75 him
2077 1681 34 75 to
2128 1681 107 75 whom

1250 1727 54 75 the
1321 1727 78 75 feud
1412 1727 66 75 was
1495 1727 64 75 firit
1575 1727 147 75 granted.

1202 1777 303 75 APETALOSE,
1529 1777 37 75 or
1590 1777 253 75 Apetalous,
1868 1777 115 75 among
2004 1777 165 75 botanifis,
2194 1777 39 75 an

1250 1822 191 75 appellation
1465 1822 93 75 given
1584 1822 36 75 to
1645 1822 76 75 fuch
1744 1822 104 75 plants
1877 1822 33 75 as
1937 1822 80 75 have
2040 1822 42 75 no
2109 1822 126 75 flower-

1248 1867 117 75 leaves.

1201 1913 140 75 APEX,
1367 1913 32 75 in
1424 1913 172 75 antiquity,
1622 1913 55 75 the
1701 1913 79 75 creft
1806 1913 41 75 of
1865 1913 19 75 a
1906 1913 132 75 helmet,
2063 1913 59 75 but
2144 1913 88 75 more

1248 1960 167 75 efpecially
1427 1960 18 75 a
1455 1960 79 75 kind
1546 1960 40 75 of
1605 1960 58 75 cap
1680 1960 89 75 worn
1785 1960 43 75 by
1844 1960 56 75 the
1916 1960 143 75 flamens.

1199 2006 120 75 Apex,
1346 2006 115 75 among
1477 2006 238 75 grammarians,
1742 2006 133 75 denotes
1893 2006 55 75 the
1964 2006 89 75 mark
2070 2006 41 75 of
2122 2006 18 75 a
2155 2006 84 75 long-

1246 2053 142 75 fyllable,
1414 2053 115 75 falfely
1545 2053 104 75 called
1666 2053 106 75 along
1788 2053 125 75 accent.

1199 2100 210 75 APHACA,
1434 2100 32 75 in
1483 2100 133 75 botany,
1641 2100 19 75 a
1675 2100 162 75 fynonime
1850 2100 40 75 of
1900 2100 57 75 the
1967 2100 159 75 lathyrus.
2168 2100 63 75 See

1248 2147 233 75 Lathyrus.

1199 2195 293 75 APHALRESIS,
1517 2195 33 75 in
1566 2195 171 75 grammar,
1763 2195 18 75 a
1796 2195 101 75 figure
1916 2195 44 75 by
1977 2195 106 75 which
2101 2195 19 75 a
2134 2195 104 75 letter-

1246 2239 36 75 or
1299 2239 132 75 fyllable
1446 2239 27 75 is
1486 2239 55 75 cut
1557 2239 52 75 off
1626 2239 85 75 from
1727 2239 56 75 the
1798 2239 172 75 beginning
1985 2239 41 75 of
2044 2239 19 75 a
2079 2239 109 75 word..

1197 2288 245 75 Aph^eresis,
1467 2288 71 75 that
1554 2288 71 75 part
1637 2288 39 75 of
1694 2288 129 75 forgery
1835 2288 106 75 which
1957 2288 127 75 teaches
2106 2288 34 75 to
2157 2288 74 75 take

1245 2335 91 75 away
1347 2335 222 75 foperfluities.

1197 2382 239 75 APHANES,
1461 2382 32 75 in
1509 2382 133 75 botany,
1667 2382 19 75 a
1700 2382 98 75 genus
1815 2382 40 75 of
1874 2382 55 75 the
1946 2382 174 75 tetrandria
2135 2382 93 75 digy-

1244 2427 57 75 nia?
1319 2427 98 75 clafs..
1458 2427 77 75 The
1559 2427 85 75 calix
1668 2427 26 75 is
1719 2427 129 75 divided
1871 2427 68 75 into
1961 2427 89 75 eight
2067 2427 108 75 parts;
2201 2427 28 75 it

1243 2474 57 75 has
1318 2474 41 75 no
1375 2474 121 75 corolla
1507 2474 8 75 •
1543 2474 62 75 and
1628 2474 57 75 has
1709 2474 66 75 two
1799 2474 103 75 naked
1925 2474 102 75 feeds.
2074 2474 111 75 There
2200 2474 29 75 is

1244 2521 76 75 only
1331 2521 60 75 one
1406 2521 118 75 fpecies
1540 2521 43 75 of
1591 2521 152 75 aphanes,
1766 2521 70 75 viz.
1863 2521 57 75 the
1934 2521 154 75 arvenfis*.
2106 2521 36 75 or
2153 2521 84 75 pur-

1247 2566 170 75 fley-piert,
1444 2566 18 75 a
1479 2566 104 75 native
1600 2566 39 75 of
1651 2566 137 75 Britain.

1197 2617 270 75 APHELIUM,
1503 2617 38 75 or
1569 2617 218 75 Aphelion,
1820 2617 32 75 in
1880 2617 191 75 altronomy,
2101 2617 26 75 is
2156 2617 73 75 that

1242 2661 91 75 point
1349 2661 31 75 in
1397 2661 61 75 any
1476 2661 134 75 planet’s
1627 2661 98 75 orbit,
1750 2661 32 75 in
1800 2661 104 75 which
1928 2661 27 75 it
1976 2661 27 75 is
2025 2661 135 75 furtheft:
2176 2661 50 75 di-

1242 2707 79 75 llant
1338 2707 84 75 from
1439 2707 56 75 the
1510 2707 69 75 fun,
1609 2707 96 75 being
1719 2707 72 75 that
1806 2707 63 75 end
1884 2707 40 75 of
1943 2707 54 75 the
2014 2707 124 75 greater
2155 2707 71 75 axis

1243 2752 40 75 of
1301 2752 54 75 the
1372 2752 148 75 elliptical
1538 2752 85 75 orbit
1640 2752 40 75 of
1698 2752 56 75 the
1778 2752 107 75 planet
1909 2752 79 75 molt
2004 2752 120 75 remote
2140 2752 85 75 from

1242 2800 54 75 the
1313 2800 90 75 focus
1421 2800 107 75 where
1543 2800 55 75 the
1615 2800 54 75 fun
1686 2800 44 75 is.

1195 2849 152 75 APHIS,
1373 2849 33 75 in
1423 2849 151 75 zoology,
1602 2849 18 75 a
1636 2849 100 75 genus
1754 2849 39 75 of
1804 2849 111 75 infefts
1931 2849 172 75 belonging
2119 2849 36 75 to
2167 2849 58 75 the

1243 2894 94 75 order
1352 2894 40 75 of
1402 2894 115 75 infefta
1532 2894 188 75 hemiptera.
1768 2894 78 75 The
1862 2894 134 75 roftrum
2020 2894 37 75 or
2080 2894 82 75 beak
2188 2894 41 75 of

1242 2941 55 75 the
1313 2941 88 75 aphis
1418 2941 27 75 is
1460 2941 166 75 infledted;
1652 2941 55 75 the
1719 2941 142 75 antennae
1877 2941 39 75 or
1931 2941 114 75 feelers
2062 2941 53 75 are
2131 2941 93 75 long-

1242 2987 34 75 er
1298 2987 77 75 than
1393 2987 54 75 the
1470 2987 138 75 thorax;
1635 2987 25 75 it
1676 2987 57 75 has
1750 2987 74 75 four
1839 2987 84 75 eredt
1939 2987 119 75 wings;
2085 2987 55 75 the
2156 2987 66 75 feet

1240 3035 53 75 are
1309 3035 40 75 of
1359 3035 58 75 the
1436 3035 200 75 ambulatory
1655 3035 100 75 kind;
1782 3035 62 75 and
1861 3035 54 75 the
1931 3035 88 75 belly
2034 3035 89 75 often
2142 3035 78 75 ends

1240 3081 35 75 in
1289 3081 66 75 two
1370 3081 110 75 horns.
1528 3081 115 75 There
1660 3081 52 75 are
1738 3081 40 75 33
1798 3081 117 75 fpecies
1933 3081 40 75 of
1981 3081 58 75 the
2055 3081 100 75 aphis,
2176 3081 44 75 all

2184 3125 41 75 o£
