2483 3387
648 201 1048 75 ARITHMETIC
1774 201 50 75 K.

2212 201 83 75 405

184 269 62 75 the'
246 269 124 75 circles'
370 269 11 75 ,
407 269 19 75 8
445 269 115 75 cannot
576 269 40 75 be
641 269 179 75 fubtrafted
836 269 98 75 from'
947 269 19 75 2
988 269 138 75 without
1141 269 75 75 bor-

185 316 120 75 rowing
316 316 11 75 ;
352 316 161 75 therefore
530 316 64 75 add
614 316 14 75 i
648 316 35 75 to
699 316 57 75 the
780 316 190 75 right-hand
986 316 99 75 figure
1102 316 39 75 of
1160 316 55 75 the

182 362 116 75 minor,
325 362 139 75 andfay,
496 362 149 75 i+2=3,
671 362 62 75 and
752 362 17 75 3
789 362 85 75 from
891 362 34 75 4,
951 362 63 75 and
1036 362 12 75 1
1065 362 148 75 remains.

182 410 77 75 The
275 410 109 75 reafon
396 410 26 75 is
435 410 133 75 obvious
581 410 8 75 :
616 410 64 75 for^
706 410 165 75 fuppofing
882 410 56 75 the
954 410 112 75 circles
1083 410 130 75 reitera-

182 456 55 75 ted
253 456 41 75 on
310 456 55 75 the
381 456 87 75 right
484 456 46 75 of
542 456 56 75 the
615 456 160 75 example,
801 456 26 75 it
843 456 109 75 would
967 456 52 75 be,
1045 456 20 75 8
1088 456 85 75 from
1192 456 19 75 2

181 502 63 75 you
262 502 128 75 cannot,
416 502 58 75 but
491 502 20 75 8
530 502 85 75 from
636 502 38 75 13
690 502 62 75 and
768 502 22 75 4
808 502 157 75 remains;
997 502 13 75 1
1030 502 181 75 borrowed,

182 550 61 75 and
257 550 32 75 2,
315 550 92 75 make
426 550 34 75 3,
486 550 64 75 fcc.

535 615 235 75 Example
812 615 48 75 II.

322 671 99 75 From

323 718 81 75 Sub.
446 692 8 104 ■
454 718 19 75 }
490 718 83 75 —4

746 718 249 75 =.{£,666666,

668 811 97 75 Rem.
792 811 203 75 .2,619047,

225 865 38 75 In
279 865 56 75 the
351 865 100 75 above
468 865 148 75 example
639 865 55 75 the
719 865 158 75 repeaters
902 865 54 75 ape
979 865 93 75 given
1096 865 32 75 in
1152 865 56 75 the

179 912 83 75 form
278 912 40 75 of
328 912 236 75 conterminous
581 912 181 75 circulates.

518 971 236 75 Example
796 971 68 75 III.

316 1017 99 75 From
430 1017 30 75 -/
460 1049 20 49 T
480 1017 177 75 =.38461
666 1017 31 75 $,
707 1017 37 75 =
754 1017 250 75 .384,615384,

321 1065 80 75 Sub.
445 1065 24 75 -y
488 1065 36 75 =
536 1065 79 75 .125
708 1065 125 75 =.125

629 1157 96 75 Rem.
754 1157 249 75 .259,615384,

218 1214 39 75 In
269 1214 55 75 the
340 1214 58 75 lafl:
409 1214 146 75 example
567 1214 55 75 the
634 1214 88 75 finite
738 1214 71 75 part
822 1214 40 75 of
873 1214 55 75 the
941 1214 153 75 circulate
1106 1214 27 75 is
1146 1214 58 75 ex-

171 1260 119 75 tended
306 1260 35 75 to
358 1260 34 75 as
410 1260 95 75 many
521 1260 105 75 places
644 1260 33 75 as
702 1260 91 75 there
818 1260 53 75 are
895 1260 116 75 figures
1036 1260 32 75 in
1094 1260 56 75 the
1166 1260 37 75 fi-

170 1306 67 75 nite
260 1306 148 75 decimal,
433 1306 44 75 by
499 1306 108 75 which
631 1306 108 75 means
763 1306 66 75 iijce
854 1306 107 75 things
985 1306 90 75 come
1103 1306 35 75 to
1164 1306 39 75 be

169 1353 191 75 fubtradted,
386 1353 63 75 and
472 1353 64 75 you
561 1353 110 75 obtain
696 1353 55 75 the
776 1353 93 75 exadt
893 1353 96 75 circle
1013 1353 41 75 of
1073 1353 55 75 the
1152 1353 49 75 re-

171 1399 156 75 mainder.

374 1503 46 75 V.
469 1503 265 75 Multiplication
751 1503 43 75 of
810 1503 77 75 Dec'
887 1503 102 75 unals,

216 1582 40 75 In
277 1582 245 75 multiplication
539 1582 62 75 and
617 1582 131 75 divifion
770 1582 92 75 there
884 1582 74 75 may
979 1582 124 75 happen
1126 1582 74 75 nine

167 1628 160 75 varieties,
353 1628 113 75 arifing
482 1628 83 75 from
582 1628 56 75 the
662 1628 151 75 different
827 1628 8 75 '
835 1628 112 75 nature
971 1628 40 75 of
1029 1628 55 75 the
1107 1628 91 75 num-

167 1675 72 75 bers
264 1675 71 75 that
357 1675 74 75 may
447 1675 97 75 occur
559 1675 33 75 in
609 1675 56 75 the
681 1675 165 75 operation
858 1675 9 75 ;
894 1675 62 75 and
980 1675 87 75 thefe
1092 1675 54 75 are
1162 1675 41 75 of

168 1721 90 75 three
274 1721 93 75 forts,
393 1721 70 75 viz.
487 1721 152 75 integers,
665 1721 84 75 mixt
772 1721 161 75 numbers,
960 1721 62 75 and
1046 1721 78 75 pure
1140 1721 56 75 de-

167 1767 122 75 cimals.

213 1814 99 75 Now,
336 1814 81 75 fince
438 1814 57 75 the
518 1814 176 75 multiplier
715 1814 37 75 or
768 1814 117 75 divifor
901 1814 74 75 may
991 1814 39 75 be
1047 1814 40 75 of
1105 1814 91 75 three

165 1860 105 75 kinds,
306 1860 63 75 and
394 1860 55 75 the
472 1860 222 75 multiplicand
717 1860 38 75 or
779 1860 153 75 dividend
958 1860 41 75 of
1025 1860 34 75 as
1086 1860 108 75 many,

164 1907 91 75 there
271 1907 81 75 muft
367 1907 41 75 of
426 1907 216 75 confequence
662 1907 39 75 be
724 1907 75 75 nine
822 1907 170 75 varieties;
1019 1907 106 75 which
1141 1907 54 75 are

163 1953 86 75 thefe
266 1953 179 75 following.

655 1986 12 49 4
687 2004 16 75 -

877 2004 73 75 Tan
967 2004 135 75 integer,

162 2045 55 75 An
233 2045 124 75 integer
372 2045 74 75 may
462 2045 150 75 multiply
623 2045 38 75 or
677 2045 107 75 divide
879 2045 23 75 ^
912 2045 17 75 a
946 2045 82 75 mixt
1046 2045 144 75 number,

879 2105 24 75 C
903 2087 26 49 a
945 2105 20 75 P
965 2087 38 49 ur
1003 2105 19 75 e
1042 2105 147 75 decimal.

876 2143 27 75 C
910 2143 38 75 an
964 2143 136 75 integer,

162 2185 32 75 A
210 2185 84 75 mixt
310 2185 135 75 number
455 2185 75 75 may
540 2185 150 75 multiply
707 2185 37 75 or
755 2185 106 75 divide
874 2185 24 75 -<
909 2185 18 75 a
943 2185 84 75 mixt
1043 2185 145 75 number,

878 2235 49 75 Ca
942 2235 78 75 pure
1040 2235 148 75 decimal,

874 2282 21 75 C
908 2282 38 75 an
963 2282 135 75 integer,

158 2324 34 75 A
207 2324 78 75 pure
296 2324 135 75 decimal
448 2324 74 75 may
534 2324 148 75 multiply
698 2324 37 75 or
751 2324 108 75 divide
877 2324 20 75 <
908 2324 18 75 a
940 2324 85 75 mixt
1041 2324 144 75 number,

876 2381 25 75 C
901 2363 25 49 a
942 2381 77 75 pore
1038 2381 147 75 decimal,

171 2389 4 104 ■
204 2415 54 75 Of
276 2415 263 75 thefe.varieties,
565 2415 54 75 the
636 2415 63 75 firft
716 2415 138 75 belongs'
865 2415 149 75 properly
1026 2415 34 75 to
1073 2415 112 75 vulgar

159 2461 191 75 arithmetic,
376 2461 55 75 the
448 2461 93 75 other
556 2461 89 75 eight
660 2461 96 75 occur
773 2461 32 75 in
830 2461 134 75 decimal
989 2461 195 75 operations.

203 2507 67 75 But
293 2507 32 75 in
348 2507 242 75 multiplication
607 2507 62 75 and
690 2507 131 75 divifion
845 2507 40 75 of
904 2507 163 75 decimals,
1092 2507 93 75 there

156 2554 65 75 will
238 2554 97 75 occur
352 2554 93 75 other
462 2554 72 75 nine
543 2554 168 75 .varieties,
737 2554 112 75 arifing
864 2554 138 75 likewife
1026 2554 84 75 from
1127 2554 55 75 the

154 2602 112 75 nature
282 2602 41 75 of
342 2602 55 75 the
413 2602 171 75 mvnbers;
610 2602 106 75 which
740 2602 73 75 may
830 2602 102 75 either
950 2602 38 75 be
1004 2602 101 75 finite,
1131 2602 49 75 re-

153 2647 140 75 peating,
319 2647 37 75 or
369 2647 199 75 circulating.

200 2694 77 75 And
301 2694 82 75 fince
407 2694 55 75 the
486 2694 172 75 multiplier
681 2694 38 75 or
743 2694 116 75 divifor
883 2694 73 75 may
972 2694 40 75 be
1029 2694 40 75 of
1088 2694 92 75 three

151 2741 94 75 forts,
263 2741 64 75 and
342 2741 56 75 the
409 2741 220 75 multiplicand
645 2741 38 75 or
697 2741 151 75 dividend
864 2741 39 75 of
915 2741 32 75 as
964 2741 108 75 many,
1089 2741 91 75 there

150 2786 80 75 muft
247 2786 40 75 of
306 2786 109 75 courfe
439 2786 39 75 be
503 2786 72 75 nine
599 2786 168 75 varieties;
776 2786 11 75 1
794 2786 63 75 and
881 2786 87 75 thefe
993 2786 52 75 are
1069 2786 35 75 fo
1120 2786 58 75 ob-

148 2833 104 75 vious,
278 2833 71 75 that
372 2833 26 75 it
421 2833 109 75 would
554 2833 40 75 be
617 2833 102 75 lofing
740 2833 78 75 time
840 2833 78 75 here
940 2833 35 75 to
997 2833 183 75 enumerate

149 2881 100 75 them.

196 2927 119 75 Before
332 2927 144 75 entering
499 2927 41 75 on
563 2927 258 75 multiplication,
846 2927 48 75 we
918 2927 77 75 fhall
1011 2927 54 75 lay
1081 2927 96 75 down

148 2973 18 75 a
183 2973 69 75 rule
268 2973 51 75 for
336 2973 142 75 pointing
491 2973 55 75 the
563 2973 144 75 prodiidf,
732 2973 105 75 which
855 2973 25 75 is
898 2973 40 75 of
949 2973 17 75 a
978 2973 127 75 general
1119 2973 55 75 na-

146 3020 84 75 ture,
255 3020 62 75 and
333 3020 135 75 extends
485 3020 35 75 to
532 3020 150 75 decimals
700 3020 39 75 of
759 3020 96 75 every
871 3020 78 75 fort,
974 3020 145 75 whether
1136 3020 36 75 fi-

144 3066 79 75 nite,
249 3066 174 75 repeating,
449 3066 37 75 or
498 3066 209 75 circulating.;
734 3066 63 75 and
813 3066 26 75 is
853 3066 32 75 as
903 3066 140 75 follows.

191 3115 100 75 Vol.
310 3115 29 75 I.
389 3115 123 75 Numb.
536 3115 54 75 17.

1032 3115 16 75 g

1567 268 234 75 General
1845 268 148 75 Role.

1315 315 85 75 Give
1417 315 33 75 fo
1467 315 95 75 many
1578 315 134 75 decimal
1739 315 105 75 places
1870 315 34 75 to
1926 315 56 75 the
2008 315 145 75 produtf,
2178 315 42 75 on
2243 315 56 75 the

1267 360 99 75 righr,
1398 360 33 75 as
1457 360 53 75 are
1534 360 33 75 in
1591 360 79 75 both
1695 360 138 75 factors;
1869 360 61 75 and
1954 360 30 75 if
2005 360 54 75 the
2084 360 132 75 product
2240 360 57 75 ha-s

1266 407 56 75 not
1338 407 34 75 fo
1389 407 94 75 many
1507 407 130 75 figures,
1662 407 113 75 fupply
1797 407 71 75 that
1884 407 105 75 defed
2012 407 43 75 by
2073 407 156 75 prefixing
2253 407 44 75 ci-

1265 454 107 75 phers.

1313 502 65 75 We
1390 502 73 75 now
1475 502 137 75 proceed
1630 502 35 75 to
1682 502 259 75 multiplication.

1310 548 108 75 Rule
1440 548 26 75 I.
1519 548 36 75 If
1574 548 79 75 both
1678 548 117 75 fadtors
1819 548 54 75 are
1896 548 88 75 finite
2010 548 37 75 or
2062 548 232 75 approximate,

1263 595 88 75 work
1368 595 128 75 exadly
1512 595 32 75 as
1562 595 30 75 in
1611 595 246 75 multiplication
1874 595 41 75 of
1934 595 151 75 integers.

1546 657 64 75 Ex.
1635 657 29 75 1.

1903 657 63 75 Ex.
1986 657 33 75 2.

1585 707 77 75 .785

1940 707 77 75 .125

1606 762 54 75 •75

1961 762 55 75 -2>

1569 847 88 75 3925

1952 847 65 75 625

1547 904 88 75 5495

1930 904 68 75 250

1529 987 125 75 .58875

1891 987 126 75 .03125

1307 1039 38 75 In
1362 1039 68 75 Ex.
1452 1039 33 75 2.
1510 1039 56 75 the
1582 1039 135 75 produdt
1732 1039 57 75 not
1805 1039 160 75 affording
1989 1039 35 75 fo
2046 1039 96 75 many
2157 1039 102 75 deeim
2271 1039 21 75 d

1258 1087 104 75 places
1380 1087 33 75 as
1427 1087 52 75 are
1491 1087 32 75 in
1535 1087 55 75 the
1607 1087 222 75 multiplicand
1841 1087 61 75 and
1915 1087 184 75 multiplier,
2117 1087 54 75 the
2187 1087 105 75 defedt

1258 1133 26 75 is
1297 1133 143 75 fupplied
1456 1133 42 75 by
1514 1133 160 75 prefixing
1692 1133 135 75 ciphers.

1303 1181 77 75 The
1396 1181 110 75 reafon
1523 1181 40 75 of
1581 1181 108 75 giving
1711 1181 33 75 as
1770 1181 96 75 many
1888 1181 150 75 decimal,
2046 1181 104 75 places
2173 1181 117 75 to-the

1256 1226 133 75 product
1414 1226 33 75 as
1477 1226 53 75 are
1554 1226 31 75 in
1612 1226 79 75 both
1717 1226 129 75 fa&ors,
1872 1226 130 75 appears
2027 1226 53 75 by'
2080 1226 211 75 cotifidering

1255 1273 70 75 that
1342 1273 55 75 the
1413 1273 165 75 operation
1590 1273 27 75 is
1634 1273 56 75 the
1706 1273 83 75 fame
1805 1273 77 75 here
1898 1273 33 75 as
1945 1273 32 75 in
1993 1273 244 75 multiplication
2253 1273 43 75 of

1254 1321 110 75 vulgar
1396 1321 164 75 fractions.
1621 1321 109 75 Thus,
1769 1321 79 75 .785
1867 1321 30 75 X
1917 1321 102 75 .75=
2026 1321 90 75 ToVa
2132 1321 157 75 X—

1258 1377 144 75 t-qoJss
1410 1377 36 75 =
1455 1377 9 75 •
1470 1377 15 75 5
1492 1377 43 75 88
1541 1377 18 75 7
1565 1377 33 75 5.

1300 1418 56 75 To
1368 1418 149 75 multiply
1534 1418 44 75 by
1596 1418 53 75 10,
1678 1418 78 75 100,
1787 1418 77 75 100,
1973 1418 92 75 move
2081 1418 56 75 the
2150 1418 138 75 decimal
2322 1418 4 75 ,

1252 1460 90 75 point
1364 1460 34 75 fo
1416 1460 95 75 many
1527 1460 105 75 places
1656 1460 125 75 toward
1797 1460 55 75 the
1869 1460 89 75 right
1976 1460 87 75 hand
2079 1460 33 75 as
2125 1460 90 75 there
2232 1460 56 75 are

1252 1508 123 75 ciphers
1391 1508 34 75 in
1441 1508 56 75 the
1514 1508 185 75 multiplier.

1462 1570 95 75 Thus
1569 1570 9 75 :

1912 1570 78 75 And
2007 1570 93 75 thus:

1324 1617 101 75 .4375
1442 1617 30 75 X
1489 1617 61 75 io-
1564 1617 37 75 =
1614 1649 18 49 4
1632 1617 85 75 .375
1816 1617 397 75 6.875X10=68.75

1252 1672 6 75 •
1323 1672 229 75 .4375X100
1565 1672 37 75 =
1613 1672 105 75 43.7$
1817 1672 230 75 6.875X100
2058 1672 37 75 =
2106 1672 106 75 687.5

1555 1745 415 75 Approximates.

1294 1795 37 75 In
1350 1795 202 75 multiplying
1567 1795 251 75 approximates,
1836 1795 54 75 the
1907 1795 120 75 certain
2044 1795 104 75 places
2165 1795 41 75 of
2224 1795 58 75 the

1246 1841 134 75 produdt
1396 1841 72 75 may
1493 1841 38 75 be
1548 1841 199 75 determined
1770 1841 42 75 by
1825 1841 64 75 one
1905 1841 37 75 or
1967 1841 97 75 other
2082 1841 40 75 of
2141 1841 55 75 the
2213 1841 67 75 two

1246 1889 84 75 rules
1347 1889 180 75 following,
1552 1889 71 75 viz.

1298 1936 29 75 1.
1359 1936 48 75 If,
1420 1936 81 75 both
1525 1936 116 75 fadtors
1666 1936 54 75 are
1747 1936 249 75 approximates,
2031 1936 56 75 the
2113 1936 165 75 uncertain

1244 1984 105 75 places
1365 1984 41 75 of
1423 1984 56 75 the
1495 1984 133 75 produdt
1644 1984 67 75 will
1728 1984 39 75 be
1783 1984 60 75 one
1860 1984 90 75 more
1968 1984 79 75 than
2072 1984 55 75 the
2142 1984 136 75 number

1244 2029 39 75 pf
1301 2029 105 75 places
1423 2029 32 75 in
1473 2029 54 75 the
1543 2029 121 75 longeft
1680 2029 115 75 fadtor,

1291 2078 33 75 2.
1350 2078 37 75 If
1405 2078 60 75 one
1482 2078 41 75 of
1541 2078 55 75 the
1618 2078 118 75 fadtors
1761 2078 38 75 be
1826 2078 101 75 finite,
1952 2078 62 75 and
2038 2078 55 75 the
2109 2078 95 75 other
2219 2078 55 75 ap^

1243 2123 191 75 proximate,
1460 2123 55 75 the
1537 2123 163 75 uncertain
1722 2123 108 75 places
1855 2123 39 75 of
1913 2123 55 75 the
1993 2123 133 75 produdt
2143 2123 65 75 will
2232 2123 41 75 be

1241 2169 60 75 one
1318 2169 88 75 more
1423 2169 78 75 than
1517 2169 55 75 the
1596 2169 134 75 number
1746 2169 40 75 of
1805 2169 105 75 places
1927 2169 31 75 in
1976 2169 55 75 the
2054 2169 88 75 finite
2155 2169 116 75 fadtor.

1498 2229 64 75 Ex.
1586 2229 30 75 1,

1900 2229 65 75 Ex.
1984 2229 33 75 2.

1476 2278 201 75 245.118—

1868 2278 193 75 .2105264-

1525 2332 144 75 .3529+

1917 2332 103 75 2.875

1468 2418 160 75 2206062

1466 2464 138 75 490236

1425 2509 157 75 1225590

1422 2567 137 75 735354

1866 2422 154 75 1052630

1839 2470 157 75 1473682

1816 2516 156 75 1684208

1811 2563 137 75 421052

1419 2651 223 75 86.5021422

1797 2651 223 75 .605262250

1277 2704 37 75 In
1330 2704 69 75 Ex.
1423 2704 29 75 1.
1478 2704 54 75 the
1548 2704 135 75 integral
1707 2704 72 75 part
1795 2704 41 75 of
1854 2704 55 75 the
1932 2704 146 75 produdt,
2099 2704 81 75 vrzi
2201 2704 59 75 86,

1228 2751 26 75 is
1280 2751 131 75 certain,
1439 2751 60 75 and
1525 2751 42 75 all
1592 2751 56 75 the
1675 2751 135 75 decimal
1835 2751 106 75 places
1966 2751 41 75 on
2033 2751 55 75 the
2105 2751 85 75 right
2207 2751 63 75 arc

1228 2798 176 75 Uncertain.
1459 2798 36 75 In
1513 2798 68 75 Ex.
1603 2798 32 75 2.
1660 2798 78 75 only
1754 2798 72 75 four
1838 2798 105 75 places
1960 2798 40 75 on
2019 2798 54 75 the
2090 2798 72 75 left,
2187 2798 72 75 viz.

1231 2847 116 75 .6052^
1373 2847 52 75 are
1442 2847 132 75 certain,
1600 2847 62 75 and
1678 2847 42 75 all
1737 2847 55 75 the
1809 2847 93 75 other
1920 2847 104 75 places
2042 2847 177 75 uncertain.

1274 2892 75 75 The
1366 2892 108 75 reafon
1491 2892 41 75 of
1550 2892 86 75 Rule
1657 2892 29 75 1.
1701 2892 25 75 is
1745 2892 97 75 plain.
1892 2892 66 75 For
1970 2892 30 75 if
2018 2892 31 75 in
2067 2892 68 75 Ex.
2159 2892 29 75 1.
2208 2892 49 75 we

1227 2938 90 75 make
1345 2938 55 75 the
1425 2938 119 75 longeft
1569 2938 100 75 fadtor
1697 2938 55 75 the
1777 2938 187 75 multiplier,
2004 2938 63 75 and
2094 2938 54 75 the
2173 2938 82 75 total

1225 2986 132 75 produdt
1374 2986 66 75 will
1456 2986 40 75 be
1514 2986 55 75 the
1584 2986 84 75 fame
1685 2986 103 75 either
1804 2986 83 75 way,
1913 2986 25 75 it
1960 2986 39 75 is'
1999 2986 257 75 obvious,••that

1224 3032 30 75 in
1271 3032 63 75 this
1352 3032 67 75 cafe
1433 3032 47 75 we
1497 3032 76 75 (hall
1589 3032 80 75 have
1690 3032 46 75 fix
1754 3032 171 75 part(:ular
1941 3032 161 75 produdts,
2126 3032 32 75 in
2175 3032 79 75 each

1223 3081 39 75 Of
1274 3081 109 75 which
1409 3081 56 75 the
1492 3081 189 75 right-hand
1703 3081 100 75 figure
1829 3081 65 75 will
1918 3081 40 75 be
1986 3081 175 75 uncertain,
2193 3081 62 75 and

1671 3142 16 75 5
1713 3142 34 75 K

2025 3142 229 75 confequently
