2493 3387
543 187 41 75 A
642 187 36 75 R
735 187 37 75 R

1116 187 18 75 (
1194 187 83 75 427
1334 187 19 75 )

1673 187 233 75 ART

210 258 74 75 five,
296 258 137 75 without
450 258 152 75 antherae.
649 258 113 75 There
779 258 53 75 are
857 258 92 75 feven
965 258 117 75 fpecies
1095 258 41 75 of
1146 258 50 75 ar-

211 305 84 75 nica,
316 305 42 75 all
375 305 121 75 natives
513 305 40 75 of
570 305 166 75 Ethiopia,
761 305 117 75 except
897 305 56 75 the
970 305 150 75 montana
1135 305 62 75 and

210 351 206 75 fcorpioides,
442 351 105 75 which
560 351 53 75 are
626 351 100 75 found
737 351 32 75 in
780 351 182 75 Germany.
998 351 77 75 The
1091 351 105 75 leaves

209 397 63 75 and
290 397 72 75 root
384 397 41 75 of
445 397 56 75 the
525 397 109 75 arnica
656 397 81 75 have
763 397 79 75 been
868 397 154 75 efteemed
1038 397 18 75 a
1072 397 124 75 fpecific

208 444 34 75 in
258 444 157 75 refolving
431 444 191 75 coagulated
637 444 101 75 blood
752 444 10 75 ;
796 444 57 75 but
877 444 84 75 their
985 444 165 75 operation
1167 444 27 75 is

210 491 34 75 fo
260 491 134 75 violent,
419 491 71 75 that
507 491 79 75 they
602 491 55 75 are
674 491 58 75 but
748 491 105 75 rarely
869 491 88 75 ufed.

162 538 149 75 ARNO,
343 538 19 75 a
384 538 85 75 river
487 538 44 75 of
548 538 97 75 Italy,
671 538 119 75 which,
818 538 85 75 after
929 538 155 75 watering
1107 538 86 75 Tuf-

208 583 94 75 cany,
328 583 74 75 falls
419 583 69 75 into
504 583 57 75 the
577 583 275 75 Mediterranean,
869 583 106 75 below
990 583 84 75 Pifa.

163 629 329 75 ARNOLDISTS,
517 629 32 75 in
567 629 269 75 church-hiftory,
864 629 18 75 a
902 629 130 75 feftary,
1059 629 34 75 fo
1115 629 78 75 call-

208 677 42 75 ed
277 677 83 75 from
386 677 85 75 their
496 677 111 75 leader
627 677 130 75 Arnold
778 677 42 75 of
840 677 121 75 Breffe,
987 677 74 75 who
1084 677 64 75 was
1174 677 20 75 a

207 723 91 75 great
325 723 173 75 declaimer
526 723 119 75 againft
671 723 57 75 the
754 723 117 75 wealth
896 723 63 75 and
975 723 84 75 vices
1076 723 40 75 of
1136 723 57 75 the

207 769 132 75 clergy;
366 769 63 75 and
441 769 73 75 who
530 769 27 75 is
570 769 65 75 alfo
647 769 140 75 charged
799 769 78 75 with
893 769 171 75 preaching
1075 769 119 75 againft

208 815 135 75 baptifm
362 815 60 75 and
440 815 56 75 the
512 815 167 75 eucharifl.

162 862 185 75 ARNOT,
373 862 32 75 in
423 862 131 75 botany,
581 862 57 75 the
653 862 134 75 Englifh
803 862 92 75 name
918 862 40 75 of
976 862 56 75 the
1048 862 146 75 bunium.

211 909 62 75 See
289 909 176 75 Bunium.

159 956 213 75 AROLEC,
406 956 39 75 an
469 956 176 75 American
665 956 134 75 weight,
832 956 95 75 equal
954 956 35 75 to
1011 956 42 75 25
1072 956 41 75 of
1132 956 60 75 our

207 1002 136 75 pounds.

159 1049 180 75 AROMA
349 1049 263 75 philofiphoruM,
637 1049 133 75 denotes
796 1049 103 75 either
920 1049 131 75 faffron,
1077 1049 38 75 or
1136 1049 63 75 the

207 1095 101 75 aroph
332 1095 39 75 of
390 1095 199 75 Paracelfus,
624 1095 44 75 as/
687 1095 108 75 aroma
818 1095 217 75 germanicum
1058 1095 135 75 denotes

210 1141 213 75 elecampane.

159 1188 278 75 AROMATIC',
471 1188 39 75 an
533 1188 192 75 appellation
750 1188 94 75 given
869 1188 36 75 to
926 1188 76 75 fuch
1028 1188 104 75 plants
1157 1188 35 75 as

208 1234 86 75 yield
311 1234 18 75 a
346 1234 82 75 brifk
454 1234 144 75 fragrant
615 1234 103 75 fmell,
744 1234 62 75 and
822 1234 19 75 a
865 1234 98 75 warm
984 1234 89 75 tafte,
1099 1234 34 75 as
1150 1234 57 75 all.

208 1281 93 75 kinds
318 1281 44 75 ef'
362 1281 120 75 fpices,
510 1281 65 75 foe.

158 1328 187 75 ARONA,
369 1328 19 75 a
403 1328 142 75 fortified
562 1328 85 75 town
665 1328 41 75 of
726 1328 55 75 the
805 1328 170 75 Milanefe,
999 1328 134 75 fituated
1150 1328 41 75 on

206 1374 56 75 the
283 1374 186 75 fouth-weft
492 1374 73 75 part
586 1374 40 75 of
646 1374 55 75 the
724 1374 73 75 lake
824 1374 166 75 Maggior,
1015 1374 34 75 in
1071 1374 44 75 8°
1138 1374 53 75 5c/

207 1420 43 75 E.
268 1420 88 75 long,
382 1420 64 75 and
463 1420 41 75 45
504 1402 25 49 0
550 1420 53 75 ac/
621 1420 48 75 N.
686 1420 57 75 lat.

161 1466 278 75 ARONCHES,
464 1466 18 75 a
499 1466 86 75 town
609 1466 40 75 of
671 1466 55 75 the
741 1466 151 75 province
909 1466 40 75 of
968 1466 166 75 Alentejo,
1159 1466 33 75 in

208 1512 169 75 Portugal,
391 1512 131 75 fituated
535 1512 33 75 in
586 1512 19 75 7
605 1494 24 49 0
645 1512 55 75 30'
715 1512 62 75 W.
795 1512 87 75 long,
910 1512 62 75 and
991 1512 42 75 39
1033 1494 23 49 0
1070 1512 48 75 N.
1131 1512 63 75 Ikt.

161 1559 311 75 ARO-ORCHIS,
497 1559 32 75 in
547 1559 132 75 botany.
730 1559 62 75 See
808 1559 246 75 Kempferia.

161 1606 247 75 ARORNOS.
459 1606 309 75 SeeJuNPERus.

160 1651 219 75 AROURA,
405 1651 18 75 a
449 1651 143 75 Grecian
620 1651 141 75 meafure
789 1651 41 75 of
852 1651 74 75 fifty
943 1651 78 75 feet.
1069 1651 32 75 It
1125 1651 68 75 was

208 1698 88 75 more
313 1698 185 75 frequently
515 1698 76 75 ufed
606 1698 52 75 for
675 1698 18 75 a
709 1698 272 75 fquare-meafure
998 1698 39 75 of
1051 1698 74 75 half
1135 1698 68 75 the’

207 1744 162 75 plethora.
415 1744 78 75 The
520 1744 166 75 Egyptian
712 1744 115 75 aroura
854 1744 66 75 was
947 1744 56 75 the
1025 1744 114 75 fquare
1156 1744 42 75 of

210 1789 60 75 one
287 1789 146 75 hundred
450 1789 118 75 cubits.

161 1836 255 75 ARQUATA,
441 1836 31 75 in
490 1836 219 75 ornithology,
738 1836 55 75 the
809 1836 106 75 trivial
931 1836 92 75 name
1039 1836 42 75 of
1089 1836 19 75 a
1124 1836 69 75 fpe-

208 1882 65 75 cies
290 1882 40 75 of
341 1882 164 75 fcolopax.
554 1882 62 75 See
634 1882 216 75 Scolopax.

160 1930 282 75 ARRACHEE,
473 1930 30 75 in
526 1930 164 75 heraldry,
716 1930 17 75 a
757 1930 82 75 term
863 1930 126 75 applied
1013 1930 35 75 to
1067 1930 56 75 the
1141 1930 50 75 re-

208 1976 225 75 prefentations
451 1976 40 75 of
502 1976 104 75 plants
622 1976 73 75 torn
711 1976 43 75 up
773 1976 41 75 by
831 1976 55 75 the
904 1976 103 75 roots.

161 2023 212 75 ARRACK.
426 2023 61 75 See
503 2023 127 75 Rack.

161 2068 385 75 ARRAIGNMENT,
568 2068 32 75 in
617 2068 74 75 law,
716 2068 56 75 the
789 2068 180 75 arraigning
985 2068 37 75 or
1038 2068 151 75 fetting-a

209 2113 94 75 thing
317 2113 31 75 in
361 2113 108 75 order,
496 2113 32 75 as
546 2113 18 75 a
583 2113 111 75 perfon
711 2113 26 75 is
754 2113 65 75 faid
835 2113 34 75 to
887 2113 123 75 arraign
1028 2113 18 75 a
1062 2113 73 75 writ
1153 2113 42 75 of

208 2161 94 75 novel
317 2161 145 75 difleifin,
488 2161 74 75 who
586 2161 147 75 prepares
759 2161 62 75 and
840 2161 53 75 fits
908 2161 26 75 it
952 2161 50 75 for
1018 2161 87 75 trial.
1154 2161 34 75 It

207 2206 27 75 is
247 2206 78 75 mod
342 2206 150 75 properly
504 2206 78 75 ufed
591 2206 35 75 to
638 2206 61 75 call
716 2206 18 75 a
751 2206 110 75 perfon
874 2206 35 75 to
921 2206 117 75 anfwer
1055 2206 33 75 in
1103 2206 86 75 form

208 2254 41 75 of
260 2254 61 75 law
338 2254 85 75 upon
439 2254 39 75 an
494 2254 197 75 indiflment,
718 2254 67 75 foe.

160 2301 184 75 ARRAN,
369 2301 37 75 an
423 2301 95 75 illand
532 2301 41 75 of
585 2301 168 75 Scotland,
778 2301 133 75 fituated
927 2301 31 75 in
976 2301 55 75 the
1048 2301 93 75 Frith
1153 2301 43 75 of

208 2347 118 75 Clydes
350 2347 144 75 between
509 2347 133 75 Kintire
656 2347 63 75 and
735 2347 240 75 Cunningham.

159 2394 174 75 ARRAS,
358 2394 19 75 a
392 2394 88 75 large
503 2394 142 75 fortified
660 2394 88 75 town
765 2394 40 75 of
824 2394 54 75 the
900 2394 125 75 French
1044 2394 147 75 Nether-

205 2440 105 75 lands,
335 2440 116 75 capital
474 2440 41 75 of
533 2440 56 75 the
611 2440 149 75 province
786 2440 40 75 of
848 2440 126 75 Artois,
999 2440 133 75 fituated
1155 2440 33 75 in

207 2489 43 75 2°
273 2489 43 75 50
342 2489 44 75 E.
403 2489 89 75 long,
517 2489 64 75 and
599 2489 66 75 50°
685 2489 53 75 20'
756 2489 48 75 N.
821 2489 59 75 lat.
929 2489 33 75 It
977 2489 28 75 is
1022 2489 85 75 from
1123 2489 66 75 this

204 2532 64 75 city
286 2532 71 75 that
383 2532 56 75 the
456 2532 137 75 tapeftry
610 2532 103 75 called
736 2532 101 75 arras-
851 2532 158 75 hangings
1027 2532 90 75 takes
1145 2532 46 75 its

205 2579 251 75 denomination.

158 2625 150 75 Arras,
345 2625 38 75 or
411 2625 142 75 Araxes,
588 2625 26 75 is
646 2625 65 75 alfo
733 2625 57 75 the
818 2625 89 75 name
936 2625 41 75 of
999 2625 18 75 a
1045 2625 83 75 river
1152 2625 43 75 of

205 2672 160 75 Georgia,
407 2672 107 75 which
541 2672 181 75 difeharges
754 2672 91 75 itfelf
866 2672 71 75 into
964 2672 57 75 the
1050 2672 138 75 Cafpian

205 2717 63 75 fea.

157 2764 208 75 ARREST,
398 2764 32 75 in
455 2764 132 75 Englifh
612 2764 74 75 law,
712 2764 54 75 the
792 2764 236 75 apprehending
1054 2764 61 75 and
1135 2764 52 75 re-

204 2808 149 75 ftraining
371 2808 18 75 a
405 2808 124 75 perfon,
554 2808 31 75 in
610 2808 100 75 order
728 2808 36 75 to
780 2808 106 75 oblige
909 2808 68 75 him
1001 2808 36 75 to
1054 2808 39 75 be
1110 2808 84 75 obe--

206 2854 89 75 dient
310 2854 35 75 to
362 2854 55 75 the
433 2854 73 75 law.

158 2900 159 75 Arrest
347 2900 39 75 of
405 2900 181 75 judgment,
612 2900 57 75 the
697 2900 148 75 affigning
867 2900 66 75 juft
959 2900 127 75 reafons
1110 2900 78 75 why

204 2948 168 75 judgment
383 2948 116 75 Ihould
518 2948 57 75 not
591 2948 82 75 pafs.

160 2994 350 75 ARRESTMENT,
535 2994 31 75 in
592 2994 94 75 Scots
711 2994 75 75 law,
811 2994 132 75 fignifies
961 2994 55 75 the
1040 2994 145 75 fecuring

207 3040 39 75 of
258 3040 17 75 a
293 3040 146 75 crimin^.
452 3040 49 75 till
519 3040 87 75 trial,
630 3040 38 75 or
684 3040 50 75 till
757 3040 43 75 he
818 3040 78 75 find,
901 3040 132 75 caution
1044 3040 37 75 to
1095 3040 92 75 Hand

1295 253 84 75 trial,
1404 253 33 75 in
1465 253 87 75 what
1580 253 53 75 are
1660 253 104 75 called
1791 253 140 75 bailable
1957 253 131 75 crimes.
2138 253 39 75 In
2207 253 78 75 civil

1293 300 97 75 cafes,
1416 300 25 75 it
1458 300 132 75 fignifies
1607 300 104 75 either
1738 300 56 75 the
1819 300 165 75 detaining
2008 300 41 75 of
2070 300 156 75 ftrangers
2243 300 39 75 or

1293 346 121 75 natives
1432 346 35 75 in
1485 346 208 75 meditatione
1698 346 108 75 fuga,
1834 346 49 75 till
1906 346 78 75 they
2000 346 67 75 find
2081 346 128 75 caution
2218 346 62 75 ju-

1294 393 174 75 dicioftjlt,
1494 393 38 75 or
1548 393 55 75 the
1616 393 162 75 attaching
1795 393 55 75 the
1866 393 109 75 effefts
1996 393 40 75 of
2055 393 19 75 a
2090 393 139 75 ftranger
2247 393 32 75 in

1294 439 94 75 order
1402 439 32 75 to
1447 439 100 75 found
1561 439 210 75 jurifdi&ion.
1807 439 62 75 See
1883 439 123 75 Scots
2021 439 105 75 Law,
2139 439 53 75 tit.
2212 439 68 75 7«-

1293 486 166 75 rsfdittian
1471 486 66 75 and
1550 486 126 75 Judges
1689 486 191 75 mgeneral.
1917 486 79 75 But,
2014 486 31 75 in
2059 486 55 75 the
2127 486 79 75 moft
2223 486 55 75 ge-

1292 533 85 75 neral
1396 533 198 75 acceptation
1607 533 40 75 of
1658 533 55 75 the
1725 533 103 75 word,
1854 533 26 75 it
1893 533 132 75 denotes
2039 533 71 75 that
2121 533 159 75 diligence

1291 577 42 75 by
1351 577 105 75 which
1474 577 18 75 a
1508 577 140 75 creditor
1664 577 123 75 detains
1805 577 55 75 the
1876 577 102 75 goods
1995 577 39 75 or
2049 577 110 75 effedts
2177 577 40 75 of
2226 577 52 75 his

1291 625 114 75 debtor
1421 625 32 75 in
1471 625 54 75 the
1541 625 103 75 hands
1661 625 40 75 of
1723 625 88 75 third
1828 625 118 75 parties
1964 625 49 75 till
2036 625 56 75 the
2120 625 78 75 debt
2215 625 64 75 due

1291 672 35 75 to
1342 672 68 75 him
1425 672 41 75 be
1486 672 105 75 either
1606 672 75 75 paid
1701 672 39 75 or
1755 672 144 75 fecured.
1949 672 63 75 See
2029 672 125 75 Scots
2170 672 107 75 Law',

1290 718 52 75 tit.
1368 718 221 75 Arrejlments
1605 718 68 75 and
1689 718 194 75 Poindings.

1243 767 230 75 ARRALSTO
1488 767 96 75 faflo
1590 767 103 75 fuper
1707 767 100 75 bonis.
1833 767 62 75 See.
1921 767 19 75 a
1956 767 74 75 writ
2047 767 142 75 brought
2206 767 43 75 by
2259 767 18 75 a

1270 812 4 75 ‘
1289 812 136 75 denizen
1442 812 118 75 againft
1583 812 56 75 the
1661 812 102 75 goods
1781 812 40 75 of
1840 812 99 75 aliens
1964 812 103 75 found
2084 812 111 75 within
2213 812 65 75 this

1289 859 165 75 kingdom,
1481 859 33 75 as
1532 859 17 75 a
1566 859 207 75 recqmpence
1789 859 52 75 for
1867 859 102 75 goods
1986 859 95 75 taken
2106 859 87 75 from
2209 859 68 75 him

1290 905 31 75 in
1339 905 18 75 a
1374 905 124 75 foreign
1516 905 148 75 country.

1243 954 253 75 ARRESTIS,
1521 954 31 75 in
1564 954 148 75 farriery,
1737 954 118 75 mangy
1868 954 143 75 tumours
2026 954 83 75 upon
2121 954 19 75 a
2154 954 123 75 horfd’s

1264 998 139 75 'hinder
1419 998 81 75 legs,
1528 998 141 75 between
1688 998 56 75 the
1760 998 74 75 ham
1847 998 62 75 and
1927 998 55 75 the
1999 998 136 75 paftern.

1243 1046 230 75 ARRIERE,
1502 1046 56 75 the
1574 1046 115 75 hinder
1705 1046 38 75 or
1770 1046 152 75 pofterior
1939 1046 71 75 part
2028 1046 40 75 of
2091 1046 63 75 any
2170 1046 107 75 thing.

1292 1092 62 75 See
1370 1092 128 75 Rear.

1242 1138 84 75 Arr
1334 1138 9 75 1
1351 1138 164 75 eRE-ban,
1542 1138 8 75 i
1550 1138 26 75 r>
1590 1138 55 75 the
1661 1138 126 75 French
1804 1138 148 75 cuftoms,
1976 1138 27 75 is
2020 1138 19 75 a
2055 1138 127 75 general
2200 1138 75 75 pro-

1289 1185 180 75 clamation,
1494 1185 152 75 whereby
1668 1185 55 75 the
1740 1185 78 75 king
1835 1185 159 75 funimons
2017 1185 35 75 to
2076 1185 55 75 the
2147 1185 67 75 war
2231 1185 49 75 all

1289 1231 69 75 that
1375 1231 78 75 hold
1471 1231 39 75 of
1521 1231 79 75 him,
1626 1231 79 75 both
1729 1231 50 75 his
1799 1231 124 75 vaflals,
1950 1231 22 75 i.
1993 1231 29 75 e.
2050 1231 53 75 the
2121 1231 151 75 noblefl’e,

1291 1278 61 75 and
1366 1278 55 75 the
1434 1278 110 75 vaflals
1557 1278 39 75 of
1608 1278 49 75 his
1670 1278 123 75 vaflals.

1243 1326 179 75 Arriere
1441 1326 68 75 fee,
1535 1326 39 75 ox
1585 1326 75 75 fief,
1686 1326 26 75 is
1739 1326 18 75 a
1781 1326 51 75 fee
1849 1326 180 75 dependant
2046 1326 41 75 on
2100 1326 18 75 a
2134 1326 141 75 fuperior

1290 1371 74 75 one.
1411 1371 109 75 Thefe
1544 1371 67 75 fees
1639 1371 218 75 commenced,
1889 1371 92 75 when
2007 1371 55 75 the
2085 1371 100 75 dukes
2214 1371 63 75 and

1291 1419 125 75 counts,
1428 1419 33 75 *:
1470 1419 134 75 nderihg
1616 1419 84 75 their
1717 1419 222 75 governments
1952 1419 182 75 hereditary
2145 1419 33 75 in
2190 1419 85 75 their

1290 1465 148 75 families,
1462 1465 189 75 diftributed
1667 1465 34 75 to
1718 1465 85 75 their
1819 1465 124 75 officers
1959 1465 88 75 parts
2064 1465 40 75 of
2114 1465 56 75 the
2184 1465 91 75 royal

1290 1512 153 75 domains,
1473 1512 106 75 which
1607 1512 77 75 they
1708 1512 102 75 found
1837 1512 34 75 in
1893 1512 85 75 their
2006 1512 170 75 refpedtive
2200 1512 75 75 pro-

1288 1558 107 75 vinces
1410 1558 10 75 ;
1453 1558 62 75 and
1539 1558 79 75 even
1642 1558 172 75 permitted
1839 1558 89 75 thofe
1953 1558 124 75 officers
2096 1558 35 75 to
2153 1558 124 75 gratify

1288 1604 55 75 the
1360 1604 132 75 foldiers
1508 1604 101 75 under
1625 1604 88 75 them
1730 1604 31 75 in
1773 1604 61 75 the
1845 1604 84 75 fame
1941 1604 143 75 manner.

1241 1652 180 75 ARROE,
1447 1652 40 75 an
1502 1652 99 75 ifland
1617 1652 40 75 of
1676 1652 181 75 Denmark,
1884 1652 135 75 fituated
2042 1652 105 75 in-the
2163 1652 109 75 Baltic

1289 1697 62 75 fea,
1377 1697 31 75 in
1431 1697 58 75 io°
1514 1697 52 75 15'
1582 1697 44 75 E.
1644 1697 88 75 long,
1759 1697 62 75 and
1841 1697 38 75 55
1879 1679 25 49 0
1930 1697 52 75 15'
1998 1697 48 75 N.
2062 1697 59 75 lat.

1241 1746 287 75 ARRONDEE,
1553 1746 30 75 in
1601 1746 164 75 heraldry,
1791 1746 18 75 a
1825 1746 97 75 crofs,
1948 1746 55 75 the
2019 1746 82 75 arms
2115 1746 40 75 of
2166 1746 106 75 which

1288 1791 53 75 are
1364 1791 170 75 compofed
1550 1791 40 75 of
1611 1791 132 75 fetftSons
1760 1791 41 75 of
1822 1791 19 75 a
1858 1791 108 75 circle,
1992 1791 57 75 nbt
2072 1791 140 75 oppofite
2236 1791 36 75 to

1288 1839 77 75 each
1382 1839 106 75 other,
1513 1839 34 75 fo
1564 1839 34 75 as
1615 1839 38 75 to
1670 1839 93 75 make
1780 1839 55 75 the
1851 1839 85 75 arms
1958 1839 96 75 bulge
2070 1839 56 75 out
2146 1839 127 75 thicker
2293 1813 5 104 ■

1286 1883 32 75 in
1331 1883 60 75 one
1408 1883 70 75 part
1495 1883 77 75 than
1589 1883 135 75 another
1738 1883 11 75 ;
1775 1883 59 75 but
1844 1883 203 75 the.feftions
2061 1883 40 75 of
2113 1883 77 75 each
2205 1883 68 75 arm

1285 1931 89 75 lying
1390 1931 56 75 the
1461 1931 85 75 fame
1563 1931 83 75 way,
1670 1931 34 75 fo
1716 1931 71 75 that
1803 1931 56 75 the
1875 1931 67 75 arm
1959 1931 30 75 is
2002 1931 96 75 every
2110 1931 108 75 where
2234 1931 54 75 oF

1286 1977 38 75 an
1342 1977 92 75 equal
1448 1977 172 75 thicknefs,
1646 1977 63 75 and
1726 1977 41 75 all
1780 1977 40 75 of
1837 1977 88 75 them
1943 1977 204 75 terminating
2164 1977 33 75 at
2213 1977 57 75 the

1286 2024 79 75 edge
1382 2024 39 75 of
1432 2024 57 75 the
1506 2024 189 75 efeutcheon
1711 2024 64 75 like
1787 2024 56 75 the
1860 2024 84 75 plain
1958 2024 99 75 crofs.

1238 2071 229 75 ARSCHIN,
1492 2071 32 75 in
1538 2071 190 75 commerce,
1754 2071 18 75 a
1788 2071 76 75 long
1876 2071 141 75 meafure
2029 2071 77 75 ufed
2117 2071 33 75 in
2163 2071 108 75 China

1285 2116 36 75 to
1337 2116 139 75 meafure
1492 2116 103 75 fluffs.
1645 2116 90 75 Four
1748 2116 139 75 arfehins
1911 2116 92 75 make
2020 2116 91 75 three
2128 2116 95 75 yards
2235 2116 42 75 of

1286 2163 157 75 London;

1236 2210 244 75 ARSCHOT,
1506 2210 17 75 a
1549 2210 93 75 town
1659 2210 42 75 of
1722 2210 54 75 the
1794 2210 148 75 Auftrian
1970 2210 241 75 Netherlands,’
2230 2210 37 75 fi-

1285 2256 112 75 tuated
1413 2256 97 75 about
1527 2256 146 75 fourteen
1691 2256 92 75 miles
1800 2256 63 75 eaft
1878 2256 40 75 of
1938 2256 54 75 the
2009 2256 66 75 city
2091 2256 41 75 of
2150 2256 118 75 Mech-

1285 2302 56 75 lin,
1368 2302 31 75 in
1418 2302 21 75 4
1439 2284 24 49 0
1482 2302 55 75 45'
1554 2302 44 75 E.
1617 2302 88 75 long,
1731 2302 63 75 and
1899 2302 30 75 f
1946 2302 46 75 N.
2012 2302 59 75 lat.

1236 2350 227 75 ARSENIC,
1488 2350 18 75 a
1525 2350 169 75 poifonous
1718 2350 131 75 mineral
1877 2350 214 75 preparation,
2116 2350 106 75 which
2239 2350 26 75 is

1285 2397 101 75 either
1417 2397 111 75 white,
1564 2397 71 75 red,
1671 2397 40 75 or
1739 2397 128 75 yellow,
1909 2397 154 75 prepared
2095 2397 85 75 from
2212 2397 61 75 the

1284 2442 124 75 flowers
1426 2442 39 75 of
1477 2442 119 75 cobalt.
1658 2442 61 75 See
1736 2442 168 75 Cobalt,
1929 2442 64 75 and
2010 2442 253 75 Chemistry.

1237 2490 278 75 ARSENICAL
1536 2490 153 75 Magmt,
1716 2490 18 75 a
1749 2490 199 75 preparation
1967 2490 41 75 of
2026 2490 97 75 white
2148 2490 118 75 arfenic

1284 2534 81 75 with
1388 2534 165 75 antimony
1569 2534 62 75 and
1654 2534 143 75 fulphur,
1821 2534 66 75 faid
1910 2534 35 75 to
1970 2534 39 75 be
2027 2534 18 75 a
2069 2534 106 75 gentle
2192 2534 73 75 cau-

1283 2581 68 75 ftic.

1237 2631 403 75 A-RSENOTHELYS,
1664 2631 55 75 the
1736 2631 83 75 fame
1830 2631 80 75 with
1927 2631 274 75 hermaphrodite.

1236 2675 138 75 ARSIS
1393 2675 61 75 and
1472 2675 117 75 Thefts,
1615 2675 32 75 in
1663 2675 107 75 mufic.
1820 2675 33 75 A
1871 2675 89 75 point
1988 2675 26 75 is
2030 2675 67 75 faid
2119 2675 34 75 to
2171 2675 93 75 move
2278 2675 9 75 ‘

1283 2720 77 75 arfin
1389 2720 60 75 and
1476 2720 114 75 thefin,
1611 2720 107 75 which
1746 2720 77 75 rifes
1838 2720 34 75 in
1895 2720 61 75 one
1972 2720 72 75 part
2061 2720 62 75 and
2140 2720 73 75 falls
2230 2720 31 75 in

1283 2767 146 75 another,
1454 2767 62 75 and
1532 2767 69 75 vice
1617 2767 105 75 verfa.

1235 2815 254 75 ARSMART,
1511 2815 34 75 in
1558 2815 134 75 botany.
1741 2815 61 75 See
1820 2815 257 75 Persicaria.

1234 2860 114 75 ART,
1378 2860 17 75 a
1421 2860 112 75 fyftem
1559 2860 41 75 of
1621 2860 85 75 rules
1733 2860 123 75 ferving
1882 2860 37 75 to
1944 2860 154 75 facilitate
2116 2860 56 75 the
2188 2860 57 75 per-

1282 2908 161 75 formance
1458 2908 40 75 of
1512 2908 120 75 certain
1632 2890 7 49 1
1649 2908 132 75 adtions.

1233 2953 88 75 Art
1345 2953 26 75 is
1386 2953 68 75 alfo
1470 2953 39 75 an
1525 2953 190 75 appellation
1739 2953 94 75 given
1850 2953 36 75 to
1908 2953 117 75 feveral
2047 2953 211 75 fuperftitiom-

1280 3003 162 75 praftices,
1468 3003 47 75 as,
1539 3003 42 75 St
1596 3003 184 75 Anfelhnis
1794 3003 69 75 art,
1889 3003 41 75 St
1946 3003 119 75 Paul's
2082 3003 68 75 art,
2176 3003 45 75 Sic

1333 3051 71 75 and
1410 3051 94 75 part,
1529 3051 33 75 in
1581 3051 94 75 Sects
1691 3051 77 75 law.
1818 3051 62 75 See
1896 3051 244 75 Accessary.

2021 3107 263 75 ARTED.LU.
