2477 3395
759 195 33 75 B
914 195 39 75 O
1070 195 40 75 T

146 270 194 75 fhpWj.that
364 270 77 75 they
455 270 98 75 tnjoy
580 270 55 75 the
663 270 123 75 faculty
810 270 40 75 of
866 270 196 75 generation.
1111 270 67 75 But

146 314 94 75 yhat,
249 314 39 75 pi'
288 314 89 75 pcef*
391 314 41 75 of
441 314 251 75 argument,ayon
708 314 78 75 does
802 314 42 75 he
858 314 128 75 employ
1000 314 12 75 ?
1021 346 5 49 ;
1040 314 53 75 He
1109 314 69 75 lays

146 366 79 75 hold
244 366 39 75 of
295 366 133 75 another
444 366 119 75 maxim
580 366 41 75 of
634 366 51 75 Dr
702 366 131 75 Harvey
848 366 8 75 :
896 366 99 75 Omne
1013 366 111 75 vivum
1141 366 37 75 ex

145 411 72 75 ovo,
242 411 67 75 fays
324 411 142 75 Haryey.
517 411 23 75 “
566 411 124 75 Now,!’
715 411 78 75 adds
810 411 163 75 Linnaeus,
993 411 23 75 “
1035 411 47 75 we
1097 411 83 75 have

149 458 129 75 already
295 458 120 75 proved
431 458 71 75 that
519 458 288 75 vegetables,/,/»<?;
834 458 62 75 and
923 458 161 75 therefore
1101 458 78 75 they

150 504 80 75 rnu-d
257 504 31 75 in
316 504 63 75 like
397 504 129 75 manner
542 504 108 75 derive
668 504 85 75 their
769 504 102 75 origin
889 504 83 75 from
989 504 89 75 eggs.
1129 504 48 75 A-

148 550 85 75 gain,
265 550 41 75 no
322 550 76 75 eggs
416 550 57 75 can
491 550 39 75 be
548 550 161 75 fertilized
723 550 136 75 without
876 550 159 75 receiving
1063 550 39 75 an
1120 550 57 75 im-

148 595 197 75 pregnation,
350 595 85 75 from
451 595 55 75 the
523 595 102 75 femen
643 595 39 75 of
694 595 54 75 the
765 595 101 75 male:
911 595 79 75 And
1005 595 100 75 hence
1123 595 55 75 the

147 644 76 75 eggs
241 644 37 75 or
293 644 88 75 feeds
397 644 40 75 of
448 644 181 75 vegetables
645 644 54 75 mu
703 644 22 75 ft
742 644 64 75 like
808 644 72 75 wife
896 644 40 75 be
959 644 220 75 impregnated

149 690 42 75 by
209 690 55 75 the
281 690 81 75 male
381 690 163 75 vegetable
564 690 115 75 femen,
705 690 30 75 in
761 690 95 75 order
870 690 36 75 to
923 690 84 75 their
1023 690 155 75 fertiliza-

148 735 81 75 tion.
279 735 149 75 Further,
454 735 26 75 it
496 735 26 75 is
540 735 39 75 an
596 735 138 75 effential
751 735 151 75 property
926 735 34 75 ol
988 735 39 75 an
1055 735 61 75 egg
1144 735 35 75 ta

148 781 141 75 produce
306 781 17 75 a
340 781 143 75 creature
500 781 40 75 of
560 781 55 75 the
639 781 83 75 fame
744 781 116 75 fpecies
890 781 77 75 with
994 781 71 75 that
1094 781 84 75 from

149 828 105 75 which
267 828 89 75 itfelf
367 828 64 75 was
448 828 181 75 produced:
658 828 111 75 Hence
785 828 54 75 the
856 828 87 75 feeds
960 828 54 75 are
1030 828 56 75 the
1102 828 76 75 eggs

149 877 41 75 pf
201 877 191 75 vegetables.
442 877 140 75 Befides,
608 877 33 75 as
659 877 54 75 the
730 877 138 75 anthers
887 877 62 75 and
965 877 144 75 ftigmata
1125 877 53 75 are

149 921 56 75 the
217 921 77 75 only
309 921 67 75 efle'
376 921 70 75 ntial
463 921 88 75 parts
568 921 40 75 of
619 921 19 75 a
656 921 122 75 flower,
803 921 27 75 it
841 921 141 75 follows,
1009 921 71 75 that
1091 921 88 75 thefe

147 967 87 75 parts
251 967 53 75 are
320 967 54 75 the
391 967 114 75 organs
522 967 40 75 of
573 967 223 75 generation.”
845 967 38 75 In
911 967 65 75 this
1002 967 71 75 way
1096 967 67 75 Lin

148 1015 84 75 nasus
249 1015 75 75 goes
341 1015 42 75 on
399 1015 50 75 till
467 1015 40 75 he
527 1015 83 75 finds
628 1015 54 75 the
705 1015 139 75 antherse
869 1015 34 75 to
929 1015 39 75 be
985 1015 54 75 the
1056 1015 116 75 teftes;

147 1059 55 75 the
220 1059 118 75 pollen,
365 1059 54 75 the
436 1059 126 75 femen;
590 1059 62 75 and
676 1059 56 75 the
758 1059 122 75 ftigma,
905 1059 56 75 the
984 1059 115 75 female
1125 1059 53 75 or-

150 1106 60 75 gan
229 1106 39 75 of
279 1106 196 75 generation.

197 1152 77 75 But,
302 1152 32 75 as
352 1152 47 75 we
415 1152 81 75 have
514 1152 129 75 already
659 1152 103 75 ftiewn
790 1152 70 75 that
889 1152 150 75 Linnaeus
1057 1152 56 75 has
1131 1152 49 75 re-

151 1197 174 75 markably,
333 1197 100 75 failed
447 1197 32 75 in
497 1197 55 75 the
569 1197 99 75 proof
687 1197 40 75 of
749 1197 48 75 his
825 1197 64 75 firft
916 1197 101 75 point,
1043 1197 138 75 namely,

150 1244 71 75 that
233 1244 179 75 vegetables
426 1244 52 75 are
491 1244 155 75 endowed
658 1244 77 75 with
754 1244 67 75 life,
838 1244 50 75 his
905 1244 189 75 fubfequent
1111 1244 68 75 rea-

151 1291 121 75 foning,
300 1291 110 75 which
423 1291 73 75 refts
516 1291 98 75 folely
632 1291 41 75 on
691 1291 54 75 the
761 1291 188 75 fuppofition
966 1291 39 75 of
1014 1291 54 75 the
1084 1291 99 75 living

149 1338 124 75 powers
290 1338 42 75 of
343 1338 192 75 vegetables,
561 1338 78 75 muft
656 1338 40 75 of
708 1338 108 75 courfe
833 1338 56 75 fail
906 1338 35 75 to
961 1338 54 75 the
1032 1338 137 75 ground.

198 1383 172 75 However,
396 1383 150 75 allowing
570 1383 20 75 a
608 1383 214 75 fponlaneous
845 1383 181 75 propulfton
1060 1383 42 75 of
1124 1383 57 75 hu-

151 1429 107 75 mours
276 1429 34 75 to
326 1429 39 75 be
383 1429 18 75 a
421 1429 47 75 pe'
468 1429 72 75 rfeft
564 1429 166 75 definition
753 1429 40 75 of
812 1429 70 75 life,
908 1429 195 75 philologifts
1130 1429 55 75 are

146 1475 54 75 Far
217 1475 83 75 from
317 1475 95 75 being
434 1475 135 75 agreed*
577 1475 78 75 with
681 1475 113 75 regard
823 1475 34 75 to
885 1475 54 75 the
968 1475 163 75 propriety
1147 1475 42 75 of

151 1522 161 75 Harvey’s
329 1522 115 75 fecond
460 1522 132 75 maxim.
642 1522 99 75 Omne
768 1522 110 75 vivum
903 1522 40 75 ex
970 1522 55 75 ovo
1052 1522 73 75 may
1141 1522 42 75 be

148 1543 4 104 ■
152 1569 41 75 be
214 1569 124 75 applied
361 1569 35 75 to
425 1569 18 75 a
470 1569 89 75 great
584 1569 124 75 variety
732 1569 39 75 of
791 1569 143 75 animals.
983 1569 66 75 But
1067 1569 34 75 to
1117 1569 65 75 this

151 1615 65 75 day
241 1615 24 75 it
283 1615 134 75 remains
434 1615 19 75 a
469 1615 77 75 very
563 1615 149 75 doubtful
736 1615 100 75 point,
866 1615 144 75 whether
1033 1615 69 75 man
1122 1615 63 75 and

152 1662 79 75 moft
248 1662 222 75 quadrupedes
498 1662 109 75 derive
625 1662 84 75 their
734 1662 157 75 exiftence
908 1662 84 75 from
1021 1662 54 75 the
1103 1662 84 75 fame

152 1708 124 75 fource.
324 1708 113 75 Hence
462 1708 55 75 the
541 1708 207 75 impropriety
772 1708 40 75 of
830 1708 144 75 drawing
989 1708 40 75 an
1046 1708 137 75 analogy

153 1754 84 75 from
255 1754 18 75 a
290 1754 150 75 property
456 1754 56 75 not
527 1754 153 75 univerfal
694 1754 77 75 even
785 1754 114 75 among
910 1754 55 75 the
983 1754 115 75 animal
1115 1754 67 75 cre-

153 1799 86 75 ation
256 1799 33 75 in
304 1799 95 75 order
414 1799 35 75 to
465 1799 129 75 fupport
610 1799 40 75 an
665 1799 174 75 imaginary
856 1799 60 75 one
932 1799 115 75 among
1059 1799 55 75 the
1130 1799 54 75 ve-

155 1846 127 75 getable
304 1846 113 75 tribes.

201 1893 109 75 When
323 1893 59 75 our
395 1893 113 75 author
521 1893 105 75 comes
638 1893 35 75 to
685 1893 128 75 explain
829 1893 54 75 the
895 1893 128 75 manner
1035 1893 31 75 in
1078 1893 107 75 which

147 1939 62 75 the
225 1939 100 75 coitus
347 1939 41 75 of
409 1939 178 75 vegetables
616 1939 25 75 is
670 1939 193 75 performed,
888 1939 42 75 he
947 1939 72 75 tells
1037 1939 49 75 us,
1112 1939 71 75 that

153 1986 55 75 the
224 1986 105 75 pollen
347 1986 73 75 may
436 1986 39 75 be
492 1986 70 75 feen
579 1986 88 75 lying
684 1986 154 75 upon.the
856 1986 54 75 top
929 1986 39 75 of
988 1986 54 75 the
1071 1986 112 75 ftigma

153 2033 31 75 in
202 2033 78 75 moft
297 2033 259 75 hermaphrodite
573 2033 137 75 flowers,
736 2033 107 75 where
867 2033 26 75 it
918 2033 26 75 is
972 2033 151 75 diffolved
1140 2033 45 75 by

152 2079 56 75 the
225 2079 146 75 moifture
389 2079 107 75 which
513 2079 175 75 conftantly
706 2079 133 75 adheres
860 2079 35 75 to
913 2079 69 75 that
999 2079 70 75 part
1084 2079 10 75 ;
1122 2079 62 75 and

151 2124 85 75 after
252 2124 63 75 this
332 2124 194 75 difiblution,
552 2124 70 75 that
645 2124 55 75 the
707 2124 147 75 feminal
867 2124 85 75 aura
970 2124 169 75 contained
1150 2124 33 75 in

154 2170 54 75 die
227 2170 104 75 pollSn
348 2170 27 75 is
392 2170 154 75 abforbed
572 2170 43 75 by
640 2170 55 75 the
723 2170 122 75 ftigma,
871 2170 64 75 and
959 2170 35 75 fo
1021 2170 165 75 conveyed

155 2215 132 75 direttly
303 2215 35 75 to
355 2215 54 75 the
426 2215 106 75 feeds.

201 2263 85 75 This
303 2263 133 75 account
452 2263 39 75 of
502 2263 56 75 the
575 2263 101 75 coitus
695 2263 55 75 lies
767 2263 82 75 open
866 2263 35 75 to
913 2263 65 75 two
996 2263 187 75 objedlions.

162 2309 55 75 fft.
245 2309 183 75 Admitting
451 2309 70 75 that
539 2309 54 75 the
610 2309 106 75 pollen
734 2309 72 75 may
832 2309 39 75 be
894 2309 71 75 feen
983 2309 153 75 adhering
1153 2309 34 75 to

154 2355 57 75 the
227 2355 142 75 ftigmata
382 2355 40 75 of
431 2355 78 75 moft
521 2355 257 75 hermaphrodite
796 2355 115 75 plants,
938 2355 61 75 and
1016 2355 171 75 admitting

153 2402 140 75 likewife
311 2402 68 75 that
396 2402 146 75 moifture
559 2402 106 75 caufes
689 2402 56 75 the
769 2402 106 75 pollen
892 2402 35 75 to
943 2402 85 75 burft
1045 2402 62 75 and
1122 2402 62 75 dif-

154 2448 116 75 charge
287 2448 17 75 a
312 2448 121 75 fuhtile
440 2448 100 75 fluid,
566 2448 59 75 ftill
644 2448 17 75 a
677 2448 77 75 very
771 2448 124 75 natural
915 2448 142 75 queftion
1075 2448 110 75 occurs

155 2494 78 75 with
247 2494 114 75 regard
372 2494 34 75 to
422 2494 55 75 the
493 2494 166 75 abforbing
676 2494 125 75 quality
817 2494 39 75 of
867 2494 54 75 the
937 2494 111 75 ftigma
1109 2494 31 75 It
1159 2494 25 75 is

156 2539 83 75 true,
266 2539 70 75 that
353 2539 54 75 the
425 2539 54 75 top
492 2539 38 75 of
542 2539 55 75 the
613 2539 109 75 ftigma
738 2539 26 75 is
781 2539 161 75 generally
960 2539 135 75 covered
1106 2539 78 75 with

156 2588 160 75 moifture.
365 2588 67 75 But
455 2588 77 75 does
561 2588 55 75 not
644 2588 64 75 this
736 2588 138 75 indicate
897 2588 72 75 that
991 2588 56 75 the
1071 2588 115 75 proper

155 2633 91 75 office
271 2633 40 75 of
328 2633 54 75 the
406 2633 109 75 ftigma
540 2633 28 75 is
592 2633 35 75 to
646 2633 107 75 fecern
778 2633 62 75 and
857 2633 108 75 propel
984 2633 107 75 rather
1108 2633 77 75 than

154 2679 34 75 to
213 2679 114 75 abforb
359 2679 146 75 moifture
519 2679 12 75 ?
558 2679 32 75 It
607 2679 65 75 will
694 2679 39 75 be
750 2679 55 75 the
823 2679 88 75 more
928 2679 123 75 readily
1071 2679 113 75 admit-

155 2726 67 75 ted,
256 2726 70 75 that
351 2726 56 75 the
425 2726 109 75 veflels
552 2726 40 75 of
603 2726 54 75 the
675 2726 110 75 ftigma
808 2726 53 75 are
885 2726 55 75 not
957 2726 100 75 fuited
1075 2726 35 75 to
1130 2726 54 75 ab-

154 2772 84 75 forb,
256 2772 31 75 if
298 2772 25 75 it
340 2772 39 75 be
396 2772 180 75 confidered
592 2772 71 75 that
679 2772 55 75 the
750 2772 147 75 moifture
910 2772 39 75 of
961 2772 53 75 the
1031 2772 110 75 ftigma
1157 2772 28 75 is

155 2820 159 75 fubjeded
327 2820 36 75 to
379 2820 18 75 a
414 2820 140 75 conftant
566 2820 216 75 evaporation,
801 2820 62 75 and
874 2820 39 75 of
925 2820 109 75 courfe
1047 2820 79 75 muft
1137 2820 46 75 al-

154 2865 86 75 ways
251 2865 86 75 Hand
349 2865 30 75 in
392 2865 81 75 need
485 2865 40 75 of
531 2865 69 75 new
609 2865 134 75 fupplies
756 2865 39 75 of
804 2865 66 75 this
879 2865 118 75 liquor,
1010 2865 106 75 which
1129 2865 57 75 can

153 2912 74 75 flow
243 2912 84 75 from
344 2912 41 75 no
402 2912 94 75 other
512 2912 108 75 fource
637 2912 75 75 than
729 2912 54 75 the
801 2912 132 75 internal
951 2912 109 75 veflels
1077 2912 40 75 of
1129 2912 57 75 the

153 2959 111 75 ftigma
279 2959 97 75 itfelf.
426 2959 32 75 It
475 2959 71 75 may
562 2959 114 75 indeed
688 2959 39 75 be
740 2959 157 75 alledged,
915 2959 70 75 that
1003 2959 54 75 the
1076 2959 110 75 ftigma

153 3005 25 75 is
197 3005 159 75 furniffied
373 3005 77 75 with
478 3005 67 75 two
572 3005 61 75 fets
660 3005 40 75 of
723 3005 122 75 veflels,
871 3005 60 75 one
949 3005 52 75 for
1017 3005 168 75 abforbing

152 3052 56 75 the
235 3052 128 75 feminal
390 3052 90 75 fluid,
506 3052 133 75 another
667 3052 52 75 for
745 3052 163 75 fecerning
935 3052 55 75 the
1018 3052 166 75 diflolving

170 3099 6 75 _
201 3099 96 75 Vpl.
323 3099 29 75 I.
401 3099 72 75 No.
493 3099 57 75 28.

900 3099 8 75 '

1070 3099 29 75 3'

1229 189 371 75 ANY.

2178 189 81 75 649

1228 263 160 75 moifture.
1443 263 57 75 No
1523 263 104 75 ,body,
1652 263 162 75 however,
1838 263 57 75 has
1923 263 75 75 ever
2025 263 173 75 pretended
2225 263 35 75 to

1227 310 85 75 ftiow
1329 310 70 75 that
1424 310 55 75 the
1495 310 111 75 ftigma
1634 310 28 75 is
1689 310 150 75 poflefled
1855 310 38 75 of
1916 310 61 75 any
1995 310 139 75 peculiar
2150 310 110 75 veflels

1226 355 51 75 for
1288 355 190 75 abforbing;
1493 355 142 75 whereas
1648 355 95 75 every
1756 355 98 75 man’s
1867 355 74 75 eyes
1954 355 66 75 will
2033 355 150 75 convince
2192 355 68 75 him

1226 402 70 75 that
1313 402 25 75 it
1354 402 27 75 is
1399 402 147 75 poflefled
1563 402 39 75 of
1613 402 161 75 fecerning
1790 402 109 75 veffels
1912 402 8 75 :
1956 402 124 75 Hence,
2107 402 79 75 until
2203 402 58 75 the

1226 449 168 75 abforbing
1411 449 124 75 quality
1551 449 41 75 of
1603 449 54 75 the
1675 449 108 75 ftigma
1800 449 39 75 be
1856 449 187 75 fufficiemly
2057 449 130 75 proved,
2205 449 56 75 the

1227 496 168 75 poflibility
1411 496 39 75 of
1463 496 38 75 an
1516 496 231 75 impregnation
1766 496 30 75 in
1815 496 63 75 this
1895 496 70 75 way
1978 496 79 75 muft
2074 496 32 75 at
2121 496 77 75 leaft
2211 496 48 75 re-

1226 542 83 75 main
1327 542 251 75 problematical.

1275 589 89 75 2dly,
1390 589 151 75 Linnaeus
1558 589 107 75 makes
1678 589 54 75 the
1745 589 192 75 appearance
1954 589 37 75 of
2006 589 54 75 the
2076 589 107 75 pollen
2202 589 57 75 ad-

1226 636 112 75 hering
1355 636 35 75 to
1411 636 54 75 the
1482 636 146 75 ftigmata
1644 636 39 75 of
1692 636 260 75 hermaphrodite
1970 636 124 75 flowers
2119 636 38 75 an
2183 636 78 75 ocu-

1225 682 48 75 lar
1290 682 247 75 demonftration
1553 682 40 75 of
1604 682 39 75 an
1661 682 101 75 a&ual
1780 682 115 75 coitus.
1945 682 162 75 Granting
2135 682 62 75 this
2223 682 36 75 to

1227 729 39 75 be
1283 729 39 75 an
1339 729 109 75 ocular
1472 729 246 75 demonftration
1746 729 40 75 of
1805 729 55 75 the
1883 729 102 75 coitus
2007 729 41 75 of
2065 729 196 75 vegetables,

1228 775 109 75 ffiould
1353 775 57 75 not
1427 775 55 75 the
1498 775 106 75 pollen
1633 775 40 75 be
1700 775 140 75 likewife
1866 775 70 75 feen
1966 775 163 75 adhering,
2147 775 34 75 to
2206 775 56 75 the

1227 822 144 75 ftigmata
1387 822 39 75 of
1438 822 144 75 dioicous
1600 822 105 75 plants
1721 822 11 75 ?
1769 822 66 75 But
1859 822 54 75 the
1931 822 192 75 appearance
2140 822 40 75 of
2192 822 70 75 pol-

1228 869 51 75 len
1297 869 83 75 upon
1410 869 55 75 the
1493 869 144 75 ftigmata
1664 869 40 75 of
1724 869 145 75 dioicous
1894 869 104 75 plants
2022 869 57 75 has
2096 869 95 75 never
2208 869 61 75 yet-

1226 916 79 75 been
1321 916 196 75 difcovered.
1567 916 66 75 We
1661 916 85 75 may,
1772 916 173 75 therefore,
1971 916 97 75 fairly
2092 916 175 75 conclude,-

1228 962 69 75 that
1310 962 30 75 if
1349 962 55 75 the
1421 962 193 75 appearance
1630 962 40 75 of
1682 962 105 75 pollen
1805 962 83 75 upon
1907 962 54 75 the
1978 962 143 75 ftigmata
2137 962 39 75 of
2187 962 73 75 her-

1227 1009 200 75 maphrodite
1452 1009 125 75 flowers
1601 1009 39 75 be
1669 1009 40 75 an
1735 1009 109 75 ocular
1869 1009 248 75 demonftration
2143 1009 40 75 of
2205 1009 57 75 the

1228 1055 101 75 coitus
1347 1055 37 75 or
1401 1055 182 75 copulation
1599 1055 41 75 of
1651 1055 117 75 plants,
1795 1055 54 75 the
1868 1055 84 75 want
1977 1055 37 75 of
2035 1055 70 75 that
2129 1055 131 75 appear-

1230 1102 88 75 ance,
1343 1102 43 75 or.
1399 1102 41 75 no
1457 1102 133 75 pollen’s
1610 1102 93 75 being
1720 1102 74 75 ever
1817 1102 70 75 feen
1918 1102 82 75 upon
2029 1102 56 75 the
2114 1102 149 75 ftigmata

1227 1148 38 75 of
1277 1148 143 75 dioicous
1437 1148 138 75 flowers,
1602 1148 78 75 muft
1697 1148 138 75 likewife
1862 1148 40 75 be
1928 1148 39 75 an
1992 1148 110 75 ocular
2128 1148 134 75 demon-

1230 1195 128 75 ftration
1375 1195 40 75 of
1426 1195 55 75 the
1498 1195 149 75 contrary
1661 1195 8 75 !

1276 1241 37 75 In
1330 1241 185 75 fupporting
1538 1241 186 75 theoretical
1754 1241 159 75 opinions,
1940 1241 151 75 mankind
2119 1241 53 75 are
2199 1241 59 75 ex-

1228 1288 135 75 tremely
1380 1288 53 75 apt
1450 1288 35 75 to
1502 1288 114 75 render
1640 1288 55 75 the
1719 1288 119 75 fubjeft
1865 1288 172 75 ridiculous
2059 1288 47 75 try
2132 1288 132 75 puffiing

1230 1334 87 75 them
1334 1334 57 75 too
1409 1334 60 75 far.
1519 1334 55 75 No
1587 1334 71 75 man
1676 1334 74 75 ever
1767 1334 174 75 blundered
1957 1334 88 75 more
2062 1334 202 75 remarkably

1230 1381 31 75 in
1277 1381 65 75 this
1360 1381 118 75 refpedt
1494 1381 75 75 than
1589 1381 150 75 Linnaeus
1804 1381 52 75 He
1878 1381 25 75 is
1933 1381 57 75 not
2017 1381 138 75 fadsfied
2182 1381 81 75 with

1231 1428 188 75 attributing
1443 1428 57 75 life
1524 1428 63 75 and
1613 1428 19 75 a
1653 1428 181 75 generative
1855 1428 124 75 faculty
1994 1428 34 75 to
2046 1428 124 75 plants:
2210 1428 53 75 He

1231 1474 79 75 muft
1338 1474 137 75 likewife
1501 1474 133 75 attempt
1652 1474 34 75 to
1703 1474 108 75 prove,
1838 1474 69 75 that
1925 1474 63 75 this
2005 1474 182 75 generative
2214 1474 48 75 fa-

1231 1521 88 75 culty
1346 1521 25 75 is
1398 1521 35 75 fo
1461 1521 105 75 ftrong
1591 1521 61 75 and
1677 1521 162 75 vigorous,
1866 1521 32 75 as
1928 1521 35 75 to
1990 1521 111 75 enable
2119 1521 88 75 them
2225 1521 35 75 to

1232 1569 138 75 produce
1387 1569 132 75 hybrids
1536 1569 37 75 or
1598 1569 111 75 mules,
1736 1569 43 75 by
1801 1569 107 75 means
1931 1569 41 75 of
1990 1569 166 75 unnatural
2174 1569 89 75 com-

1232 1616 169 75 mixtures.

1279 1662 36 75 In
1334 1662 129 75 fupport
1480 1662 40 75 of
1531 1662 63 75 this
1614 1662 121 75 notion,
1761 1662 40 75 he
1818 1662 73 75 tells
1908 1662 50 75 us,
1984 1662 83 75 that,
2093 1662 92 75 when
2204 1662 59 75 the

1234 1707 137 75 antherae
1389 1707 38 75 of
1441 1707 18 75 a
1475 1707 57 75 red
1549 1707 80 75 tulip
1647 1707 53 75 are
1727 1707 54 75 cut
1803 1707 59 75 off,
1888 1707 62 75 and
1966 1707 56 75 the
2039 1707 67 75 ripe
2124 1707 144 75 antherse.

1233 1754 39 75 of
1283 1754 19 75 a
1319 1754 97 75 white
1429 1754 60 75 one
1506 1754 52 75 are
1574 1754 116 75 ffiaked
1706 1754 77 75 over
1795 1754 54 75 the
1867 1754 110 75 ftigma
1992 1754 41 75 of
2042 1754 56 75 the
2116 1754 56 75 red
2188 1754 76 75 one,

1235 1801 53 75 the
1306 1801 87 75 feeds
1411 1801 40 75 of
1463 1801 55 75 the
1531 1801 55 75 red
1603 1801 91 75 tulip,
1721 1801 42 75 by
1781 1801 62 75 this
1857 1801 143 75 artificial
2018 1801 245 75 impregnation,

1234 1847 61 75 will
1315 1847 139 75 produce
1470 1847 124 75 flowers
1611 1847 143 75 ftreaked
1779 1847 79 75 with
1881 1847 55 75 red
1960 1847 63 75 and
2048 1847 108 75 white.
2215 1847 55 75 0£

1231 1894 63 75 this
1311 1894 63 75 fa<ft
1392 1894 40 75 no
1449 1894 87 75 body
1560 1894 73 75 who
1656 1894 110 75 knows
1790 1894 62 75 any
1869 1894 91 75 thing
1975 1894 41 75 of
2027 1894 55 75 the
2098 1894 111 75 nature
2226 1894 43 75 of

1231 1940 109 75 tulips,
1381 1940 62 75 and
1475 1940 54 75 the
1558 1940 137 75 changes
1720 1940 34 75 to
1782 1940 105 75 which
1915 1940 55 75 the
1992 1940 112 75 colour
2127 1940 40 75 of
2179 1940 85 75 their

1231 1989 124 75 flowers
1379 1989 53 75 are
1453 1989 108 75 liable,
1587 1989 65 75 will
1674 1989 156 75 entertain
1854 1989 62 75 any
1938 1989 114 75 doubt.
2110 1989 65 75 But
2198 1989 67 75 this

1232 2034 120 75 change
1369 2034 40 75 of
1420 2034 111 75 colour
1548 2034 26 75 is
1591 2034 162 75 evidently
1770 2034 141 75 afcribed
1933 2034 34 75 to
1984 2034 18 75 a
2019 2034 110 75 wrong
2145 2034 90 75 caufe
2249 2034 11 75 *

1232 2079 50 75 for
1299 2079 55 75 the
1370 2079 84 75 fame
1475 2079 122 75 change
1620 2079 107 75 would
1752 2079 262 75 unqueftionably
2035 2079 123 75 happen
2176 2079 87 75 whe-

1234 2125 71 75 ther
1333 2125 55 75 the
1414 2125 137 75 antheras
1577 2125 40 75 of
1637 2125 55 75 the
1712 2125 94 75 white
1824 2125 79 75 tulip
1919 2125 63 75 had
2001 2125 77 75 been
2097 2125 111 75 ffiaked
2227 2125 39 75 0-1

1233 2172 55 75 ver
1306 2172 54 75 the
1377 2172 111 75 ftigma
1504 2172 40 75 of
1559 2172 55 75 the
1631 2172 56 75 red
1703 2172 60 75 one
1780 2172 37 75 or
1834 2172 68 75 not.
1936 2172 109 75 When
2059 2172 94 75 tulips
2177 2172 90 75 blow,

1234 2218 50 75 for
1297 2218 54 75 the
1363 2218 64 75 firft
1441 2218 87 75 time,
1547 2218 84 75 their
1643 2218 100 75 petals
1756 2218 52 75 are
1820 2218 162 75 generally
1993 2218 40 75 of
2046 2218 60 75 one
2122 2218 140 75 uniform

1234 2264 123 75 colour.
1386 2264 65 75 For
1463 2264 116 75 feveral
1593 2264 187 75 fucceeding
1791 2264 121 75 feafons
1926 2264 63 75 this
2006 2264 132 75 original
2152 2264 117 75 colour,

1235 2312 163 75 continues
1415 2312 35 75 to
1468 2312 87 75 vary,
1582 2312 31 75 in
1642 2312 33 75 fo
1701 2312 94 75 much
1812 2312 82 75 that,
1920 2312 42 75 by
1979 2312 117 75 certain
2114 2312 152 75 methods

1234 2359 40 75 of
1286 2359 136 75 culture,
1449 2359 54 75 the
1521 2359 111 75 colour
1651 2359 39 75 of
1703 2359 54 75 the
1774 2359 109 75 flower
1899 2359 71 75 may
1988 2359 39 75 he
2043 2359 108 75 varied
2169 2359 93 75 with-

1234 2404 55 75 out
1306 2404 74 75 end.
1430 2404 165 75 Linnaeus,
1620 2404 30 75 in
1668 2404 49 75 his
1734 2404 174 75 fyftematic
1925 2404 116 75 works,
2069 2404 108 75 wifely
2189 2404 76 75 cau-

1234 2451 83 75 tions
1340 2451 50 75 his
1415 2451 126 75 readers
1559 2451 56 75 not
1631 2451 35 75 to
1682 2451 99 75 fgund
1808 2451 62 75 any
1897 2451 191 75 diftiniftions
2105 2451 82 75 upon
2207 2451 56 75 the

1234 2497 110 75 colour
1361 2497 39 75 of
1416 2497 116 75 plants,
1557 2497 117 75 which,
1699 2497 41 75 he
1763 2497 159 75 dliferves,
1949 2497 25 75 is
1999 2497 118 75 fubjedt
2134 2497 37 75 to
2186 2497 78 75 fuch

1234 2544 190 75 numberlefs
1442 2544 182 75 alterations
1642 2544 83 75 from
1743 2544 135 75 culture,
1905 2544 77 75 foil,,
2001 2544 60 75 and
2086 2544 94 75 other
2209 2544 52 75 ca-

1234 2590 64 75 fual
1316 2590 167 75 incidents,
1509 2590 69 75 that
1595 2590 25 75 it
1638 2590 56 75 can
1712 2590 96 75 never
1823 2590 119 75 furniffi
1959 2590 55 75 the
2031 2590 133 75 botanift
2183 2590 79 75 with

1234 2636 59 75 any
1311 2636 183 75 permanent
1511 2636 37 75 or
1566 2636 137 75 uniform
1715 2636 117 75 marks.
1848 2636 5 75 ^
1868 2636 95 75 With
1981 2636 86 75 what
2084 2636 183 75 propriety^

1234 2682 88 75 then,
1352 2682 149 75 Linnaeus
1528 2682 168 75 attributes
1724 2682 55 75 the
1807 2682 120 75 change
1954 2682 31 75 in
2014 2682 54 75 the
2092 2682 109 75 colour
2228 2682 40 75 of

1235 2730 62 75 this
1314 2730 81 75 tulip
1419 2730 34 75 to
1477 2730 49 75 his
1556 2730 144 75 artificial
1728 2730 242 75 impregnation,
1996 2730 26 75 is
2039 2730 173 75 iiibmitted
2227 2730 37 75 to

1235 2776 54 75 the
1307 2776 225 75 cdnfiueraiion
1551 2776 37 75 of
1602 2776 48 75 his
1668 2776 142 75 warmeft
1827 2776 166 75 admirers.

1279 2822 74 75 The
1371 2822 61 75 firft
1449 2822 70 75 hint
1529 2822 47 75 of
1588 2822 98 75 mules
1704 2822 63 75 Was
1785 2822 96 75 taken
1897 2822 83 75 from
2005 2822 20 75 a*
2048 2822 86 75 plant
2153 2822 54 75 the
2223 2822 37 75 fi-

1236 2869 75 75 gure
1332 2869 60 75 and
1410 2869 177 75 difpofition
1605 2869 40 75 of
1656 2869 106 75 wh.ofe
1783 2869 117 75 leaves,
1926 2869 64 75 &c.
2012 2869 53 75 rei'
2065 2869 125 75 embled
2206 2869 58 75 the

1236 2922 207 75 antirrhinum
1467 2922 124 75 linaria,
1616 2922 37 75 or
1680 2922 146 75 common
1854 2922 116 75 yellow
1997 2922 158 75 toad-flax
2169 2922 9 75 ;
2206 2922 58 75 but

1236 2966 150 75 attended
1404 2966 76 75 with
1498 2966 64 75 this
1581 2966 198 75 peculiarity,
1803 2966 70 75 that
1891 2966 40 75 its
1948 2966 85 75 parts
2046 2966 40 75 of
2092 2966 171 75 frudtifica-

1236 3010 67 75 tion
1321 3010 84 75 were
1422 3010 135 75 entirely
1573 3010 171 75 diffimilar.
1794 3010 164 75 Linnaeus,
1984 3010 90 75 when
2093 3010 54 75 the
2175 3010 89 75 plant

1235 3058 65 75 was
1317 3058 63 75 firft
1396 3058 109 75 prefen
1509 3058 63 75 ted.
1580 3058 45 75 to.
1632 3058 79 75 him,
1736 3058 157 75 imagined
1915 3058 25 75 it
1968 3058 36 75 to
2030 3058 39 75 he
2085 3058 86 75 fume
2185 3058 81 75 kind

1686 3109 72 75 SB

2227 3109 41 75 of
