2517 3387
829 227 34 75 B
980 227 41 75 O
1138 227 39 75 T

214 351 129 75 Terms
361 351 201 75 refpefting
580 351 59 75 the
658 351 299 75 Determination
977 351 48 75 of
1041 351 154 75 Leaves.

199 430 72 75 Fig.

204 478 75 75 118.
305 478 164 75 Inflexum,
494 478 93 75 when
610 478 56 75 the
689 478 105 75 leaves
817 478 84 75 bend
917 478 36 75 or
982 478 74 75 arch
1073 478 148 75 upwards

359 519 84 75 upon
459 519 55 75 the
530 519 98 75 caulis
646 519 36 75 or
699 519 88 75 flem.

204 566 76 75 X19.
303 566 184 75 EreCtumf
494 566 92 75 when
605 566 54 75 the
674 566 102 75 leaves
792 566 93 75 make
897 566 18 75 a
931 566 77 75 very
1021 566 91 75 acute
1129 566 92 75 angle

362 611 76 75 with
457 611 54 75 the
528 611 111 75 caulis.

202 660 76 75 120.
305 660 136 75 Patens.
465 660 86 75 This
568 660 81 75 term
664 660 27 75 is
709 660 125 75 applied
845 660 35 75 to
891 660 106 75 leaves
1013 660 102 75 which
1129 660 92 75 make

363 703 17 75 a
397 703 87 75 more
509 703 110 75 obtufe
641 703 91 75 angle
760 703 78 75 with
855 703 54 75 the
938 703 98 75 caulis
1064 703 77 75 than
1166 703 55 75 the

366 748 130 75 former.

204 797 77 75 121.
306 797 228 75 Horizontals,
560 797 92 75 when
670 797 53 75 the
739 797 104 75 leaves
859 797 88 75 ftand
963 797 32 75 at
1012 797 85 75 right
1114 797 106 75 angles

364 841 77 75 with
458 841 54 75 the
529 841 111 75 caulis.

205 889 77 75 122.
313 889 217 75 Reclinatum,
568 889 37 75 or
633 889 162 75 reflexum,
829 889 93 75 when
947 889 55 75 the
1030 889 68 75 leaf
1120 889 100 75 bends

363 932 106 75 down,
493 932 34 75 fo
544 932 70 75 that
631 932 55 75 the
703 932 82 75 apex
801 932 26 75 is
843 932 100 75 lower
957 932 78 75 than
1053 932 55 75 the
1120 932 83 75 bafe.

205 981 74 75 123.
305 981 203 75 Revolutuj/i,
533 981 92 75 when
649 981 80 75 both
747 981 77 75 iides
837 981 39 75 of
888 981 54 75 the
958 981 70 75 leaf
1040 981 52 75 are
1116 981 105 75 rolled

362 1023 185 75 backwards
564 1023 32 75 in
613 1023 19 75 a
647 1023 92 75 fpiral
757 1023 96 75 form.

204 1072 76 75 124.
306 1072 175 75 Seminale,
507 1072 204 75 feed-leaves,
738 1072 36 75 or
786 1072 158 75 diffimilar
959 1072 116 75 leaves.
1123 1072 100 75 They

364 1115 52 75 are
433 1115 55 75 the
504 1115 88 75 lobes
605 1115 40 75 of
663 1115 55 75 the
736 1115 83 75 feed,
845 1115 103 75 which
965 1115 31 75 in
1013 1115 93 75 many
1119 1115 103 75 plants

365 1161 77 75 arife
458 1161 135 75 entirely
608 1161 57 75 out
677 1161 39 75 of
726 1161 55 75 the
798 1161 134 75 ground,
958 1161 62 75 and
1036 1161 53 75 are
1105 1161 117 75 always

364 1208 54 75 the
445 1208 62 75 firlt
534 1208 70 75 that
628 1208 114 75 appear
767 1208 99 75 above
894 1208 54 75 the
975 1208 136 75 furface.
1161 1208 62 75 See

364 1251 304 75 Agriculture,
695 1251 32 75 p.
746 1251 57 75 41.

205 1301 77 75 125.
308 1301 186 75 Caulinum,
519 1301 74 75 fuch
611 1301 32 75 as
661 1301 58 75 rife
736 1301 215 75 immediately
968 1301 84 75 from
1078 1301 54 75 the
1149 1301 74 75 cau-

363 1344 38 75 lis
422 1344 37 75 or
475 1344 89 75 ftem,

206 1392 75 75 126.
307 1392 167 75 Rameum,
498 1392 75 75 fuch
591 1392 32 75 as
637 1392 77 75 arife
730 1392 83 75 from
833 1392 18 75 a
862 1392 118 75 branch
993 1392 40 75 of
1045 1392 54 75 the
1110 1392 112 75 caulis.

205 1438 77 75 127.
306 1438 43 75 FI
351 1438 31 75 or
384 1438 62 75 ale,
471 1438 75 75 fuch
569 1438 33 75 as
627 1438 79 75 arife
731 1438 84 75 from
843 1438 56 75 the
922 1438 84 75 fame
1034 1438 88 75 place
1145 1438 79 75 with

366 1481 54 75 the
437 1481 121 75 flower.

207 1528 76 75 128.
308 1528 182 75 Peltatum,
515 1528 92 75 when
624 1528 54 75 the
705 1528 135 75 petiolus
857 1528 27 75 is
911 1528 149 75 inferred,
1084 1528 59 75 not
1159 1528 68 75 into

366 1572 53 75 the
436 1572 80 75 edge
532 1572 38 75 or
586 1572 83 75 bafe,
695 1572 57 75 but
768 1572 70 75 into
852 1572 55 75 the
919 1572 67 75 dilk
1003 1572 39 75 of
1046 1572 61 75 ^he
1126 1572 74 75 leaf.

203 1620 80 75 429.
309 1620 212 75 PetiolatuM,
549 1620 89 75 when
660 1620 55 75 the
736 1620 135 75 petiolus
888 1620 29 75 is
931 1620 137 75 inferred
1084 1620 68 75 into
1170 1620 54 75 the

367 1664 120 75 margin
505 1664 39 75 of
556 1664 53 75 the
626 1664 83 75 bafe.

207 1711 77 75 \o,o.
309 1711 116 75 SeJJile,
449 1711 91 75 when
557 1711 56 75 the
630 1711 68 75 leaf
720 1711 56 75 has
794 1711 41 75 no
863 1711 148 75 petiolus,
1037 1711 57 75 but
1121 1711 26 75 is
1165 1711 59 75 im-

367 1755 171 75 mediately
553 1755 170 75 connedted
739 1755 35 75 to
790 1755 54 75 the
865 1755 110 75 caulis.

209 1800 75 75 131.
311 1800 200 75 Decurrens,
537 1800 89 75 when
644 1800 55 75 the
715 1800 71 75 bafe
803 1800 39 75 of
853 1800 17 75 a
886 1800 94 75 fefiile
999 1800 100 75 (130)
1118 1800 69 75 leaf
1199 1800 25 75 is

367 1847 159 75 extended
542 1847 198 75 downwards
757 1847 93 75 along
867 1847 54 75 the
931 1847 96 75 caulis
1039 1847 10 75 ;
1076 1847 32 75 as
1125 1847 32 75 in
1169 1847 65 75 the:

366 1894 172 75 verbefina,
562 1894 147 75 carduus,
735 1894 63 75 6c.

207 1940 76 75 132.
309 1940 254 75 Aniplexicaiile,
588 1940 91 75 when
697 1940 54 75 the
768 1940 70 75 bale
855 1940 40 75 of
906 1940 55 75 the
977 1940 69 75 leaf
1063 1940 160 75 embraces

365 1985 53 75 the
436 1985 97 75 caulis
546 1985 41 75 on
605 1985 40 75 all
662 1985 91 75 fides.

205 2032 75 75 133.
307 2032 231 75 Perfoliatum,
564 2032 92 75 when
681 2032 53 75 the
759 2032 72 75 bafe
856 2032 41 75 of
918 2032 54 75 the
991 2032 74 75 leaf
1087 2032 135 75 entirely

362 2076 169 75 furrounds
548 2076 54 75 the
619 2076 116 75 caulis,,
754 2076 35 75 fo
804 2076 70 75 that
890 2076 55 75 the
962 2076 98 75 caulis
1076 2076 98 75 feems
1188 2076 34 75 to

364 2121 158 75 perforate
539 2121 55 75 the
609 2121 76 75 leaf.

205 2165 77 75 134.
306 2165 179 75 Comatum,
512 2165 90 75 when
626 2165 55 75 the
705 2165 139 75 oppofite
867 2165 103 75 leaves
994 2165 56 75 run
1078 2165 69 75 into
1163 2165 60 75 one

318 2211 4 75 .
363 2211 148 75 another,
537 2211 61 75 and
613 2211 154 75 furround
783 2211 55 75 the
855 2211 110 75 caulis,
992 2211 32 75 as
1043 2211 30 75 in
1090 2211 55 75 the
1167 2211 55 75 eu-

365 2258 169 75 patorium.

205 2302 77 75 135.
307 2302 178 75 Vaginans,
511 2302 91 75 when
620 2302 55 75 the
698 2302 71 75 bafe
786 2302 43 75 of
849 2302 53 75 the
928 2302 69 75 leaf
1016 2302 98 75 forms
1132 2302 18 75 a
1167 2302 55 75 cy-

363 2348 144 75 lindrical
524 2348 75 75 tube
614 2348 152 75 invefting
782 2348 56 75 the
856 2348 111 75 caulis.

204 2396 77 75 136.
309 2396 239 75 Articulaturn,
575 2396 31 75 in
623 2396 55 75 the
694 2396 84 75 form
791 2396 39 75 of
838 2396 115 75 joints,
972 2396 23 75 /.
1012 2396 28 75 e.
1058 2396 92 75 when
1163 2396 59 75 one

363 2439 68 75 leaf
442 2439 92 75 arifes
551 2439 83 75 from
651 2439 54 75 the
722 2439 81 75 apex
820 2439 40 75 of
878 2439 144 75 another.

204 2485 76 75 137.
307 2485 154 75 Stellata,
495 2485 142 75 radiated
664 2485 64 75 like
753 2485 18 75 a
795 2485 72 75 ftar,
901 2485 27 75 i.
953 2485 27 75 e.
1014 2485 92 75 when
1134 2485 88 75 more

362 2532 76 75 than
455 2532 65 75 two
543 2532 104 75 leaves
673 2532 156 75 furround
855 2532 19 75 a
900 2532 213 75 verticillated
1142 2532 77 75 (35)

363 2579 110 75 caulis.

203 2625 76 75 138.
306 2625 189 75 Ipjiaterna,
514 2625 112 75 quina,
636 2625 172 75 fena,&jz.
834 2625 51 75 are
900 2625 116 75 fpecies
1029 2625 39 75 of
1079 2625 143 75 ftellated

363 2671 99 75 (137)
481 2671 118 75 leaves,
623 2671 92 75 when
732 2671 88 75 there
837 2671 53 75 are
906 2671 85 75 four,
1016 2671 74 75 five,
1106 2671 38 75 or
1159 2671 60 75 fix,

361 2716 63 75 <bc.
449 2716 105 75 leaves
570 2716 208 75 furrounding
794 2716 55 75 tile
862 2716 109 75 caulis.

201 2765 77 75 139.
304 2765 158 75 Oppojita,
488 2765 91 75 when
595 2765 55 75 the
665 2765 104 75 leaves
782 2765 40 75 of
834 2765 53 75 the
903 2765 96 75 caulis
1017 2765 54 75 are
1091 2765 127 75 exactly

359 2808 139 75 oppofite
513 2808 35 75 to
565 2808 60 75 one
642 2808 144 75 another.

200 2854 77 75 140.
302 2854 155 75 Alterna,
483 2854 92 75 when
602 2854 55 75 the
688 2854 104 75 leaves
818 2854 57 75 rife
902 2854 186 75 alternately
1105 2854 113 75 higher

359 2900 82 75 upon
458 2900 54 75 the
529 2900 110 75 caulis.

199 2947 76 75 14r.
301 2947 149 75 Acerofa,
477 2947 111 75 linear,
613 2947 156 75 perfiftent
796 2947 115 75 leaves,
937 2947 33 75 as
1000 2947 31 75 in
1053 2947 54 75 the
1124 2947 90 75 pinus

357 2992 36 75 or
410 2992 133 75 fir-tree,
569 2992 64 75 6c.

240 3040 96 75 Yol.
356 3040 31 75 L
434 3040 70 75 No.
523 3040 68 75 270..

1145 3040 28 75 3.

1294 226 42 75 A
1454 226 42 75 N
1614 226 51 75 Y.

2220 226 76 75 641

1271 289 72 75 Fig.

1276 337 76 75 142.
1380 337 192 75 Imbricata,
1597 337 93 75 when
1707 337 55 75 the
1777 337 105 75 leaves
1911 337 59 75 reft
1988 337 83 75 upon
2089 337 59 75 one
2165 337 135 75 another

1434 380 66 75 like
1517 380 71 75 tiles
1609 380 41 75 on
1667 380 18 75 a
1702 380 83 75 roof.

1273 427 76 75 143.
1376 427 222 75 Fafciculata,
1623 427 93 75 when
1729 427 93 75 many
1839 427 104 75 leaves
1962 427 57 75 rife
2042 427 84 75 from
2143 427 53 75 the
2218 427 82 75 fame

1428 472 101 75 point,
1555 472 32 75 as
1606 472 31 75 in
1654 472 55 75 the
1721 472 130 75 larynx.

1275 520 76 75 144.
1378 520 113 75 Frons.
1540 520 85 75 This
1643 520 82 75 term
1741 520 26 75 is
1784 520 125 75 applied
1927 520 34 75 to
1974 520 18 75 a.
2004 520 116 75 fpecies
2134 520 39 75 of
2192 520 107 75 trunk,

1424 565 106 75 which
1548 565 123 75 confifts
1684 565 39 75 of
1734 565 154 75 branches
1905 565 62 75 and
1984 565 118 75 leaves,
2128 565 62 75 and
2201 565 101 75 fome-

1428 611 91 75 times
1531 611 55 75 the
1599 611 235 75 frudfification,
1852 611 42 75 all
1911 611 109 75 united
2036 611 168 75 together:
2231 611 32 75 It
2275 611 31 75 is

1427 655 139 75 peculiar
1579 655 34 75 to
1630 655 56 75 the
1702 655 114 75 Alices,
1841 655 39 75 or
1896 655 99 75 ferns,
2022 655 62 75 and
2096 655 57 75 the
2163 655 124 75 palmse.

1273 703 75 75 145.
1376 703 80 75 spat
1459 703 75 75 hula
1538 703 68 75 tusn
1620 703 138 75 folium,
1778 703 26 75 is
1819 703 17 75 a
1847 703 150 75 roundifti
2013 703 77 75 leaf,
2109 703 79 75 with
2200 703 18 75 a
2230 703 75 75 nar-

1426 749 67 75 row
1510 749 97 75 linear
1624 749 84 75 bafe.

1275 796 76 75 146.
1377 796 230 75 Parabolicum
1623 796 138 75 folium,
1787 796 64 75 like
1867 796 19 75 a
1901 796 164 75 parabola,
2090 796 24 75 i.
2133 796 28 75 e.
2187 796 119 75 having

1426 842 40 75 its
1490 842 212 75 longitudinal
1727 842 153 75 diameter
1905 842 112 75 longer
2033 842 76 75 than
2126 842 55 75 the
2205 842 100 75 tranf-

1425 888 98 75 verfe,
1550 888 61 75 and
1635 888 144 75 growing
1795 888 162 75 narrower
1973 888 83 75 from
2072 888 55 75 the
2153 888 77 75 bafe
2254 888 51 75 till

1428 933 26 75 it
1472 933 185 75 terminates
1674 933 32 75 in
1725 933 40 75 an
1778 933 71 75 oval
1866 933 112 75 figure.

1269 1003 131 75 Terms
1414 1003 206 75 relatingto
1638 1003 197 75 theCaules
1849 1003 42 75 or
1897 1003 127 75 ftems.
2037 1003 114 75 Plate
2168 1003 133 75 LVII.

1276 1065 77 75 147.
1378 1065 191 75 Squpmofus
1587 1065 136 75 culmus.
1759 1065 76 75 The
1852 1065 126 75 culmus
1991 1065 26 75 is
2035 1065 19 75 a
2070 1065 96 75 trunk
2178 1065 37 75 or
2229 1065 77 75 ftem

1429 1111 138 75 peculiar
1584 1111 34 75 to
1635 1111 114 75 grafles
1761 1111 10 75 ;
1799 1111 62 75 and
1874 1111 190 75 fquamofus
2089 1111 123 75 culmus
2237 1111 28 75 is
2288 1111 19 75 a

1428 1158 85 75 fcaly
1529 1158 135 75 culmus.

1277 1205 76 75 148.
1380 1205 124 75 Repens
1519 1205 118 75 caulis.
1684 1205 77 75 The
1779 1205 103 75 caulis
1900 1205 37 75 or
1957 1205 77 75 ftem
2054 1205 27 75 is
2099 1205 18 75 a
2137 1205 117 75 fpecies
2271 1205 41 75 of

1430 1250 94 75 trunk
1549 1250 138 75 peculiar
1714 1250 35 75 to
1773 1250 195 75 herbaceous
1995 1250 118 75 plants,
2147 1250 62 75 and
2234 1250 72 75 fup-

1428 1296 88 75 ports
1534 1296 53 75 the
1604 1296 105 75 leaves
1727 1296 36 75 or
1786 1296 87 75 parts
1896 1296 40 75 of
1956 1296 220 75 fuaftification
2190 1296 8 75 :
2242 1296 64 75 Re-

1423 1342 80 75 pens
1519 1342 106 75 caulis
1646 1342 25 75 is
1690 1342 17 75 a
1723 1342 76 75 ftem
1812 1342 106 75 which
1934 1342 88 75 gives
2038 1342 57 75 out
2107 1342 90 75 fmall
2214 1342 90 75 roots

1431 1388 40 75 on
1484 1388 96 75 every
1592 1388 74 75 fide,
1691 1388 33 75 as
1737 1388 26 75 it
1781 1388 75 75 runs
1878 1388 94 75 along
1988 1388 55 75 the
2061 1388 122 75 furface
2199 1388 40 75 of
2250 1388 56 75 the

1431 1434 134 75 ground,
1592 1434 37 75 or
1645 1434 86 75 upon
1748 1434 133 75 another
1894 1434 100 75 plant.

1280 1480 75 75 149.
1381 1480 136 75 Scapns,
1542 1480 26 75 is
1593 1480 17 75 a
1627 1480 117 75 fpecies
1768 1480 40 75 of
1828 1480 96 75 trunk
1949 1480 104 75 which
2079 1480 146 75 fupports
2250 1480 56 75 the

1431 1526 86 75 parts
1534 1526 40 75 of
1593 1526 237 75 fructification,
1853 1526 56 75 but
1927 1526 56 75 has
2001 1526 41 75 no
2060 1526 120 75 leaves.

1279 1573 77 75 150.
1382 1573 212 75 Articulatus
1622 1573 136 75 culmus,
1785 1573 19 75 a
1829 1573 124 75 culmus
1981 1573 101 75 (147)
2110 1573 80 75 with
2212 1573 95 75 many

1428 1620 112 75 joints.

1280 1667 76 75 151.
1382 1667 156 75 Volu.bilis
1565 1667 116 75 caulis,
1711 1667 18 75 a
1754 1667 97 75 caulis
1877 1667 101 75 (148)
2006 1667 105 75 which
2136 1667 73 75 runs
2234 1667 30 75 in
2288 1667 19 75 a

1429 1710 94 75 fpiral
1539 1710 84 75 form
1640 1710 85 75 upon
1741 1710 55 75 the
1813 1710 97 75 trunk
1922 1710 38 75 or
1983 1710 121 75 branch
2121 1710 40 75 of
2171 1710 136 75 another

1429 1756 98 75 plant,
1554 1756 64 75 6c.

1277 1804 76 75 152.
1379 1804 209 75 Dtchotomus
1616 1804 117 75 caulis,
1759 1804 19 75 a
1806 1804 96 75 caulis
1929 1804 102 75 (145)
2057 1804 175 75 uniformly
2249 1804 49 75 di-

1430 1849 106 75 viding
1553 1849 67 75 into
1638 1849 166 75 branches.

1277 1895 75 75 153.
1379 1895 199 75 Brachiatus
1594 1895 117 75 caulis,
1737 1895 19 75 a
1772 1895 96 75 caulis
1892 1895 117 75 having
2032 1895 139 75 oppofite
2188 1895 113 75 decuf-

1427 1940 101 75 fating
1543 1940 168 75 branches,
1737 1940 187 75 refembling
1941 1940 96 75 arms.

1273 2014 131 75 Terms
1438 2014 162 75 relating
1636 2014 36 75 to
1708 2014 60 75 the
1813 2014 134 75 Fulcra
1986 2014 42 75 or
2052 2014 186 75 fupports.
2266 2014 49 75 of

1708 2066 154 75 Leaves.

1277 2123 76 75 134.
1380 2123 29 75 a,
1435 2123 149 75 Cirrhus,
1621 2123 19 75 a
1667 2123 93 75 fpiral
1788 2123 114 75 thread
1933 2123 106 75 which
2072 2123 148 75 connects
2247 2123 57 75 the

1428 2169 88 75 plant
1532 2169 35 75 to
1589 2169 60 75 any
1666 2169 95 75 other
1783 2169 100 75 body,
1933 2169 32 75 b,
1991 2169 150 75 Stipules,
2166 2169 38 75 or
2219 2169 86 75 little

1428 2215 96 75 fcales
1542 2215 31 75 at
1591 2215 54 75 the
1663 2215 70 75 bafe
1751 2215 41 75 of
1810 2215 53 75 the
1881 2215 136 75 petiolus
2035 2215 37 75 or
2094 2215 207 75 pedunculus.

1430 2260 29 75 c,
1484 2260 174 75 Glandules
1682 2260 155 75 concaves,
1863 2260 87 75 fmall
1976 2260 121 75 hollow
2121 2260 111 75 glands
2252 2260 52 75 for

1430 2307 154 75 fecreting
1596 2307 17 75 a
1630 2307 119 75 liquor.

1275 2352 77 75 155.
1379 2352 30 75 a,
1434 2352 173 75 Glandulee
1625 2352 215 75 pedicellatez-,
1865 2352 89 75 fmall
1979 2352 125 75 glands,
2129 2352 78 75 each
2230 2352 71 75 fup-

1427 2399 113 75 ported
1556 2399 43 75 by
1615 2399 18 75 a
1650 2399 206 75 pedunculus.

1273 2446 38 75 13
1318 2446 34 75 d.
1377 2446 30 75 a,
1434 2446 154 75 Braflea,
1614 2446 37 75 or
1670 2446 204 75 flower-leaf,
1897 2446 105 75 which
2026 2446 112 75 differs
2161 2446 32 75 in
2210 2446 91 75 fliape

1426 2491 84 75 from
1527 2491 55 75 the
1599 2491 94 75 other
1709 2491 105 75 leaves
1827 2491 41 75 of
1886 2491 55 75 the
1958 2491 88 75 plant
2068 2491 31 75 b.

1275 2536 78 75 137.
1378 2536 31 75 a,
1435 2536 104 75 Spina
1550 2536 151 75 Jimplex,
1727 2536 18 75 a
1773 2536 106 75 Ample
1902 2536 95 75 thorn
2021 2536 38 75 or
2082 2536 134 75 prickle,
2266 2536 33 75 b,

1426 2583 103 75 Spina
1546 2583 131 75 triplex,
1696 2583 38 75 or
1749 2583 92 75 three
1857 2583 138 75 prickles
2012 2583 191 75 proceeding
2215 2583 85 75 from

1435 2628 50 75 ne.
1527 2628 103 75 Spina
1645 2628 26 75 is
1690 2628 124 75 applied
1835 2628 34 75 to
1882 2628 76 75 fuch
1981 2628 111 75 thorns
2110 2628 32 75 as
2160 2628 52 75 are
2225 2628 73 75 pro-

1425 2675 114 75 truded
1556 2675 82 75 from
1656 2675 54 75 the
1724 2675 94 75 wood
1836 2675 40 75 of
1894 2675 55 75 the
1961 2675 101 75 plant.

1272 2724 77 75 138.
1377 2724 139 75 Aculeus
1528 2724 155 75 Jimplex.
1739 2724 143 75 Aculeus
1906 2724 26 75 is
1958 2724 18 75 a
2001 2724 124 75 prickle
2146 2724 56 75 not
2225 2724 74 75 pro-

1424 2768 115 75 truded
1563 2768 83 75 from
1672 2768 55 75 the
1750 2768 108 75 wood,
1893 2768 57 75 but
1974 2768 76 75 only
2074 2768 88 75 fixed
2185 2768 35 75 to
2244 2768 56 75 the

1420 2813 89 75 bark.
1570 2813 32 75 It
1626 2813 27 75 is
1680 2813 65 75 faid
1775 2813 34 75 to
1833 2813 40 75 be
1884 2813 133 75 ftmple,
2055 2813 92 75 when
2168 2813 26 75 it
2222 2813 75 75 rifes

1421 2860 105 75 Angle.

1269 2907 77 75 139.
1373 2907 142 75 Aculeus
1532 2907 133 75 triplex,
1692 2907 17 75 a
1727 2907 94 75 triple
1838 2907 128 75 aculeus
1984 2907 128 75 (138)..

1269 2955 76 75 160.
1372 2955 143 75 Oppojita
1529 2955 106 75 folia,
1661 2955 37 75 or
1714 2955 139 75 oppofite
1870 2955 118 75 leaves,
2038 2955 28 75 a,
2091 2955 76 75 The
2191 2955 107 75 axilla
2389 2955 19 75 4

1418 2999 35 75 or
1471 2999 144 75 arm-pit.
1702 3049 16 75 7
1753 3049 26 75 Z

2184 3049 115 75 Terms
