2456 3337
520 146 234 37 ACC

1106 146 20 37 (
1187 146 5 37 :

195 216 66 37 tm
271 216 38 37 in
327 216 204 37 fortification
545 216 53 37 ufc
619 216 28 37 it
660 216 53 37 for
733 216 55 37 the
806 216 89 37 talus
918 216 40 37 of
981 216 19 37 a
1026 216 152 37 rampart.

146 247 4 52 ■
150 261 275 37 ACCLOYED,
451 261 33 37 in
501 261 148 37 farriery,
675 261 132 37 fignifies
833 261 143 37 pricked.

1041 261 96 37 Thus
1160 261 18 37 a

194 307 118 37 horfe’s
336 307 71 37 foot
423 307 131 37 pricked
569 307 33 37 in
627 307 140 37 (hoeing,
785 307 26 37 is
829 307 67 37 faid
917 307 35 37 to
964 307 39 37 be
1019 307 155 37 accloyed.

145 353 214 37 ACCOL.A,
385 353 114 37 among
519 353 56 37 the
592 353 156 37 Romans,
774 353 140 37 fignihed
938 353 71 37 that
1032 353 19 37 a
1067 353 111 37 perfon

190 400 90 37 lived
296 400 77 37 near
389 400 89 37 fome
493 400 103 37 place.

143 447 287 37 ACCOLADE,
456 447 32 37 in
507 447 172 37 antiquity,
704 447 61 37 one
788 447 39 37 of
839 447 55 37 the
911 447 100 37 forms
1039 447 41 37 of
1102 447 75 37 con-

191 493 121 37 ferring
324 493 217 37 knighthood,
567 493 33 37 in
617 493 106 37 which
747 493 55 37 the
822 493 107 37 prince
945 493 65 37 laid
1026 493 50 37 his
1094 493 83 37 arms

192 538 99 37 about
311 538 56 37 the
393 538 81 37 neck
494 538 43 37 of
549 538 61 37 the
634 538 108 37 young
758 538 128 37 knight,
911 538 170 37 embraced
1095 538 80 37 him,

192 586 74 37 and,
283 586 87 37 fome
390 586 66 37 fay,
482 586 79 37 gave
584 586 67 37 him
668 586 20 37 a
703 586 85 37 blow
809 586 43 37 on
869 586 55 37 the
944 586 113 37 cheek,
1082 586 93 37 neck,

190 632 39 37 or
244 632 159 37 (boulder,
426 632 34 37 in
480 632 158 37 imitation
655 632 40 37 of
713 632 54 37 the
789 632 86 37 form
899 632 41 37 of
961 632 215 37 manumiffiou

192 677 116 37 among
323 677 56 37 the
402 677 157 37 Romans.

144 725 245 37 ACCOLEE,
418 725 179 37 fometimes
614 725 211 37 fynonomous
842 725 80 37 with
945 726 228 36 ACCOLADE,

192 771 104 37 which
311 771 62 37 fee.
382 771 48 37 —
440 771 32 37 It
489 771 26 37 is
533 771 65 37 alfo
613 771 76 37 ufed
709 771 32 37 in
758 771 107 37 divers
881 771 100 37 fenfes
999 771 34 37 in
1047 771 128 37 herald-

191 817 39 37 ry
240 817 10 37 :
278 817 190 37 Sometimes
486 817 25 37 it
528 817 26 37 is
572 817 128 37 applied
716 817 35 37 to
769 817 67 37 two
862 817 108 37 things
983 817 132 37 joined;
1142 817 34 37 at

192 863 96 37 other
314 863 106 37 times,
445 863 36 37 to
509 863 133 37 animals
672 863 81 37 with
777 863 136 37 crowns,
939 863 38 37 or
1003 863 116 37 collars
1139 863 35 37 a-

194 909 79 37 bout
298 909 85 37 their
408 909 109 37 necks,
544 909 34 37 as
593 909 55 37 the
672 909 66 37 lion
755 909 32 37 in
811 909 56 37 the
889 909 149 37 Ogilvy’s
1062 909 83 37 arms
1161 909 10 37 ;

189 956 64 37 and
267 956 93 37 laftly
379 956 36 37 to
433 956 101 37 kews,
559 956 143 37 battons,
726 956 118 37 maces,
862 956 132 37 fwords,
1013 956 64 37 &c.
1105 956 69 37 pla-

190 1002 58 37 ced
265 1002 196 37 faltier-wife
481 1002 120 37 behind
618 1002 56 37 the
690 1002 112 37 (hield.

141 1049 460 37 ACCOMMODATION,
626 1049 128 37 making
770 1049 66 37 two
853 1049 37 37 or
906 1049 88 37 more
1012 1049 106 37 things
1140 1049 34 37 a-

189 1095 76 37 gree
287 1095 79 37 with
383 1095 61 37 one
467 1095 328 37 another.—Among
816 1095 136 37 divines,
977 1095 27 37 it
1019 1095 27 37 is
1063 1095 111 37 apply-

189 1141 55 37 ing
261 1141 88 37 what
369 1141 27 37 is
412 1141 171 37 originally
597 1141 67 37 faid
678 1141 41 37 of
728 1141 61 37 one
805 1141 125 37 peffon,
956 1141 38 37 or
1009 1141 105 37 thing,
1139 1141 36 37 to

189 1187 137 37 another
336 1187 10 37 :
371 1187 97 37 Thus
489 1187 56 37 the
561 1187 105 37 words
684 1187 41 37 of
737 1187 101 37 Ifaiah
850 1187 35 37 to
902 1187 55 37 the
974 1187 86 37 Jews
1073 1187 41 37 of
1123 1187 51 37 his

189 1234 89 37 time,
305 1234 66 37 are,
388 1234 47 37 by
452 1234 60 37 our
530 1234 147 37 Saviour,
703 1234 263 37 accommodated
981 1234 35 37 to
1032 1234 49 37 his
1097 1234 77 37 con-

193 1280 184 37 tempories,
402 1280 63 37 and
480 1280 44 37 by
537 1280 39 37 St
588 1280 80 37 Paul
684 1280 36 37 to
736 1280 151 37 his.—In
903 1280 76 37 law,
996 1280 28 37 it
1041 1280 134 37 fignifies

192 1326 58 37 the
276 1326 153 37 amicable
461 1326 77 37 iiTue
565 1326 40 37 of
627 1326 20 37 a
677 1326 129 37 debate,
846 1326 107 37 which
986 1326 26 37 is
1040 1326 136 37 effected

192 1372 180 37 fometimes
389 1372 44 37 by
444 1372 232 37 mediation-of
689 1372 138 37 friends,
844 1372 179 37 fometimes
1040 1372 44 37 by
1102 1372 73 37 fub-

191 1418 131 37 mitnon,
348 1418 63 37 and
429 1418 179 37 fometimes
633 1418 44 37 by
693 1418 19 37 a
727 1418 131 37 divifion
875 1418 40 37 of
935 1418 55 37 the
1005 1418 122 37 fubjedt
1143 1418 33 37 in

192 1465 127 37 debate.

144 1512 426 37 ACCOMPAGNAGE,
594 1512 20 37 a
629 1512 82 37 term
727 1512 33 37 in
777 1512 56 37 the
855 1512 57 37 filk
928 1512 245 37 manufatfures,

190 1558 167 37 fignifying
374 1558 18 37 a
407 1558 62 37 fine
484 1558 92 37 woof
587 1558 42 37 of
637 1558 56 37 the
704 1558 84 37 fame
805 1558 112 37 colour
929 1558 78 37 with
1025 1558 55 37 the
1092 1558 82 37 gild-

191 1606 67 37 ing,
282 1606 131 37 helping
428 1606 35 37 to
480 1606 110 37 enrich
610 1606 56 37 the
683 1606 125 37 ground
825 1606 101 37 under
942 1606 106 37 which
1064 1606 26 37 it
1106 1606 69 37 paf-

193 1650 58 37 fes,
276 1650 63 37 and
356 1650 35 37 to
406 1650 115 37 hinder
536 1650 26 37 it
577 1650 86 37 from
679 1650 131 37 (triking
827 1650 85 37 crofs
928 1650 55 37 the
1001 1650 121 37 gilding
1134 1650 41 37 it-

194 1697 70 37 felf,
289 1697 107 37 which
423 1697 108 37 would
547 1697 143 37 diminifli
711 1697 41 37 its
769 1697 83 37 glofs
875 1697 194 37 and'luftre.
1117 1697 58 37 All

196 1739 68 37 wch
290 1739 103 37 (luff's,
416 1739 57 37 the
489 1739 103 37 warps
607 1739 149 37 whereof
774 1739 52 37 are
850 1739 40 37 of
903 1739 18 37 a
945 1739 111 37 colour
1082 1739 94 37 diffe-

196 1783 70 37 rent
284 1783 83 37 from
384 1783 55 37 the
455 1783 133 37 gilding,
612 1783 113 37 fhould
747 1783 39 37 be
804 1783 234 37 accompanied.

149 1831 444 37 ACCOMPANIMENT,
617 1831 177 37 fomething
815 1831 165 37 attending
1005 1831 37 37 or
1069 1831 105 37 added

195 1877 32 37 as
251 1877 18 37 a
291 1877 221 37 circumftance
529 1877 34 37 to
587 1877 146 37 another,
758 1877 103 37 either
880 1877 44 37 by
939 1877 74 37 way
1029 1877 41 37 of
1080 1877 94 37 orna-

193 1923 98 37 ment,
317 1923 39 37 or
371 1923 52 37 for
451 1923 54 37 the
530 1923 73 37 fake
622 1923 40 37 of
679 1923 186 37 fymmetry.
915 1923 61 37 See
994 1924 179 36 CIRCUM-

196 1971 160 36 STANCE.

144 2022 359 30 ACCOMPANIMENT,
530 2017 32 37 in
584 2017 108 37 mafic,
716 2017 90 37 thefe
828 2017 88 37 parts
942 2017 72 37 that
1038 2017 52 37 are
1113 2017 60 37 ad-

192 2062 63 37 ded
266 2062 35 37 to
317 2062 115 37 render
443 2062 55 37 the
514 2062 157 37 harmony
683 2062 88 37 more
787 2062 61 37 full
865 2062 63 37 and
942 2062 173 37 complete,
1138 2062 34 37 as

190 2106 44 37 arr
241 2106 184 37 initrument
436 2106 249 37 accompanying
701 2106 20 37 a
736 2106 103 37 voice.
887 2106 130 37 Among
1032 2106 56 37 the
1100 2106 70 37 mo-

188 2154 109 37 derns,
317 2154 57 37 the
391 2154 270 37 accompaniment
677 2154 185 37 frequently
874 2154 90 37 plays
981 2154 19 37 a
1019 2154 152 37 different

191 2201 127 37 melody
334 2201 84 37 from
436 2201 55 37 the
508 2201 77 37 fong
599 2201 25 37 it
641 2201 238 37 accompanies;
898 2201 58 37 but
973 2201 131 37 authors
1117 2201 56 37 are

191 2247 56 37 not
271 2247 117 37 agreed
410 2247 145 37 whether
577 2247 27 37 it
634 2247 65 37 was
730 2247 35 37 fo
792 2247 115 37 among
934 2247 56 37 the
1017 2247 154 37 ancients.

191 2294 61 37 See
269 2294 149 37 Music.

144 2347 359 30 ACCOMPANIMENT,
528 2342 32 37 in
577 2342 156 37 painting,
758 2342 132 37 denotes
907 2342 76 37 fuch
1000 2342 120 37 objedts
1137 2342 34 37 as

191 2386 52 37 are
259 2386 116 37 added,
398 2386 102 37 either
517 2386 43 37 by
574 2386 72 37 way
661 2386 41 37 of
711 2386 177 37 ornament,
913 2386 37 37 or
965 2386 208 37 probability,

190 2432 34 37 as
247 2432 94 37 dogs,
363 2432 94 37 guns,
482 2432 108 37 game,
611 2432 65 37 be,
701 2432 32 37 in
755 2432 19 37 a
795 2432 136 37 hunting
959 2432 101 37 piece.
1109 2432 64 37 See

190 2486 213 30 PAINTING.

143 2532 359 30 ACCOMPANIMENT,
526 2527 33 37 in
583 2527 164 37 heraldry,
772 2527 62 37 any
865 2527 93 37 thing
981 2527 105 37 added
1100 2527 36 37 to
1153 2527 19 37 a

190 2572 98 37 (hieM
314 2572 44 37 by
381 2572 71 37 way
475 2572 41 37 of
534 2572 190 37 ornament;
752 2572 33 37 as
813 2572 56 37 the
897 2572 79 37 belt,
1002 2572 167 37 mantling,

188 2620 194 37 fupporters,
409 2620 65 37 be.
522 2620 32 37 It
581 2620 26 37 is
633 2620 65 37 alfo
722 2620 126 37 applied
872 2620 35 37 to
930 2620 120 37 feveral
1079 2620 91 37 bear-

189 2664 70 37 ings
280 2664 97 37 about
394 2664 20 37 a
428 2664 156 37 principal
607 2664 83 37 one;
722 2664 33 37 as
781 2664 19 37 a
826 2664 123 37 faltier,
972 2664 96 37 bend,
1094 2664 75 37 fefs,

191 2711 153 37 chevron,
367 2711 66 37 be.

144 2758 329 37 ACCOMPLICE,
499 2752 32 45 in
556 2752 77 45 law.
683 2758 62 37 See
761 2759 244 36 ACCESSORY.

144 2807 472 37 ACCOMPLISHMENT,
648 2807 56 37 the
724 2807 103 37 entire
849 2807 170 37 execution
1045 2807 39 37 or
1106 2807 65 37 fut-

191 2849 100 37 fiiiing
310 2849 38 37 of
360 2849 61 37 any
437 2849 105 37 thing.

145 2902 381 30 ACCOMPLISHMENT,
550 2897 28 37 is
595 2897 65 37 alfo
671 2897 78 37 ufed
763 2897 53 37 for
833 2897 61 37 any
909 2897 122 37 mental
1045 2897 37 37 or
1098 2897 73 37 per-

146 2933 6 24 f
191 2942 86 37 fonal
293 2942 212 37 endowment.

145 2988 249 37 ACCGMPT.
445 2988 60 37 See
521 2998 209 24 ACCOUNT.

1212 143 22 52 5
1294 143 19 52 D

1662 143 232 52 ACC

1232 210 357 37 ACCOMPTANT.
1640 210 61 37 See
1717 211 289 36 ACCOUNTANT.

1231 255 217 37 ACCORD,
1472 249 34 45 in
1521 249 107 45 mafic.
1679 255 61 37 See
1757 256 203 36 CONCORD.

1232 303 179 36 ACCORD,
1436 296 32 45 in
1484 296 75 45 law,
1585 296 38 45 an
1641 296 275 45 accommodation
1932 296 144 45 between
2092 296 117 45 parties
2229 296 33 45 at

1277 342 158 45 variance,
1460 342 45 45 by
1524 342 106 45 means
1647 342 41 45 of
1706 342 39 45 an
1762 342 84 45 offer
1862 342 92 45 made
1972 342 43 45 by
2032 342 55 45 the
2103 342 73 45 one,
2198 342 64 45 and

1277 388 149 45 accepted
1446 388 44 45 by
1506 388 54 45 the
1576 388 107 45 other.

1230 443 177 36 ACCORD,
1424 436 32 45 in
1474 436 155 45 painting,
1646 436 26 45 is
1690 436 56 45 the
1762 436 156 45 harmony
1934 436 71 45 that
2023 436 103 45 reigns
2145 436 116 45 among

1277 481 55 45 the
1343 481 97 45 lights
1457 481 63 45 and
1534 481 109 45 (hades
1659 481 41 45 of
1712 481 19 45 a
1751 481 131 45 pidture.

1229 533 284 37 ACCORNED,
1531 533 32 37 in
1575 533 152 37 heraldry
1740 533 9 37 :
1776 533 110 37 When
1899 533 61 37 any
1972 533 101 37 figure
2090 533 40 37 of
2141 533 39 37 an
2192 533 67 37 ani-

1276 579 74 37 mal,
1375 579 32 37 in
1425 579 39 37 an
1482 579 202 37 efcutcheon,
1708 579 58 37 has
1784 579 97 37 horns
1898 579 41 37 of
1950 579 19 37 a
1984 579 152 37 different
2148 579 113 37 colour

1276 625 85 37 from
1376 625 91 37 thofe
1483 625 41 37 of
1542 625 56 37 the
1625 625 68 37 real
1710 625 127 37 animal,
1861 625 77 37 then
1966 625 26 37 it
2019 625 26 37 is
2070 625 67 37 faid
2160 625 36 37 to
2219 625 41 37 be

1274 672 168 37 ctccorned.

1226 720 252 37 ACCOUNT,
1504 720 257 37 orAccoMPT,
1787 720 31 37 in
1836 720 19 37 a
1870 720 127 37 general
2014 720 98 37 fenfe,
2138 720 18 37 a
2172 720 89 37 com-

1274 765 144 37 putation
1434 765 38 37 or
1488 765 173 37 Reckoning
1676 765 41 37 of
1735 765 62 37 any
1814 765 92 37 thing
1918 765 44 37 by
1975 765 161 37 numbers.
2178 765 81 37 Coi-

1273 812 158 37 ledtively,
1456 812 26 37 it
1505 812 26 37 is
1556 812 77 37 ufed
1649 812 35 37 to
1700 812 129 37 exprefs
1853 812 55 37 the
1933 812 101 37 books
2052 812 106 37 which
2174 812 84 37 mer-

1273 857 124 37 chants,
1423 857 135 37 traders,
1584 857 148 37 bankers,
1759 857 64 37 Cc.
1850 857 52 37 ufe
1919 857 52 37 for
1988 857 167 37 recording
2175 857 85 37 their

1273 904 203 37 tranfadfions
1493 904 33 37 in
1545 904 149 37 bufinefs.
1744 904 62 37 See
1822 905 316 36 BOOK-KEEPING.

1224 953 196 36 ACCOUNT
1444 952 36 37 in
1497 952 161 37 company,
1682 952 28 37 is
1736 952 39 37 an
1804 952 134 37 account
1960 952 137 37 betwixt
2113 952 146 37 partners

1271 998 137 37 relating
1424 998 35 37 to
1475 998 55 37 the
1546 998 205 37 tranfadtions
1765 998 40 37 of
1816 998 85 37 their
1913 998 84 37 joint
2009 998 149 37 concern.
2196 998 64 37 See

1273 1046 313 36 BOOK-KEEPING.

1226 1092 193 36 ACCOUNT
1447 1096 43 30 of
1494 1096 106 30 fains,
1633 1096 26 30 is
1683 1085 40 45 an
1745 1096 139 30 account
1905 1096 94 30 given
2023 1085 44 45 by
2091 1096 60 30 one
2175 1096 85 30 mer-

1273 1142 96 30 chant
1393 1142 35 30 to
1455 1142 146 30 another,
1625 1142 39 30 or
1690 1131 44 45 by
1756 1131 19 45 a
1791 1142 103 30 fadtor
1910 1142 35 30 to
1961 1142 49 30 his
2028 1142 169 30 principal,
2221 1131 42 45 of

1273 1189 55 30 the
1344 1189 146 30 difpofal,
1508 1189 144 30 charges,
1671 1189 203 30 commiffion,
1893 1189 63 30 and
1972 1189 68 30 nett
2053 1189 151 30 proceeds
2222 1184 46 37 of

1272 1235 119 30 certain
1408 1235 232 30 merchandifes
1665 1235 68 30 fent
1750 1235 52 30 for
1818 1235 55 30 the
1898 1235 116 30 proper
2038 1235 38 30 or
2100 1235 159 30 company

1274 1282 134 30 account
1424 1282 41 30 of
1477 1282 66 30 him
1560 1282 71 30 that
1653 1282 169 30 configned
1838 1282 88 30 them
1949 1282 36 30 to
2008 1282 77 30 fuch
2100 1282 103 30 fadtor
2220 1282 39 30 or

1273 1329 131 30 vender.
1454 1324 61 37 See
1532 1334 313 24 BOOK-KEEPING.

1226 1371 196 36 ACCOUNT
1445 1370 240 37 current,—of
1688 1370 111 37 goods.
1856 1370 62 37 See
1933 1371 322 36 BOOK-KEEPING.

1226 1418 197 36 ACCOUNT
1454 1417 36 37 in
1514 1417 95 37 bank,
1635 1417 19 37 a
1679 1417 82 37 fund
1786 1417 106 37 which
1921 1417 25 37 it
1973 1417 27 37 is
2029 1417 147 37 common
2204 1417 55 37 for

1273 1462 179 37 merchants
1469 1462 37 37 or
1534 1462 108 37 others
1658 1462 35 37 to
1711 1462 118 37 furnifn
1847 1462 188 37 themfelves
2056 1462 79 37 with
2151 1462 33 37 in
2200 1462 56 37 the

1274 1509 68 37 ca(h
1359 1509 41 37 of
1411 1509 19 37 a
1446 1509 96 37 bank,
1565 1509 36 37 to
1617 1509 40 37 be
1673 1509 32 37 in
1727 1509 156 37 readinefs
1900 1509 52 37 for
1976 1509 55 37 the
2055 1509 150 37 payment
2221 1509 43 37 of

1273 1556 74 37 bills
1368 1556 41 37 of
1423 1556 177 37 exchange,
1626 1556 181 37 purchafes,
1831 1561 67 30 be.

1227 1602 165 37 Auditing
1406 1602 45 37 an
1471 1602 209 37 Accowrn,
1706 1602 26 37 is
1761 1602 55 37 the
1844 1602 183 37 examining
2054 1602 63 37 and
2141 1602 121 37 palling

1274 1648 39 37 an
1326 1648 134 37 account
1470 1648 44 37 by
1526 1648 41 37 an
1577 1648 110 37 officer
1698 1648 171 37 appointed
1883 1648 55 37 for
1951 1648 55 37 the
2018 1648 150 37 purpofe.
2193 1648 64 37 See

1273 1695 208 36 AUDITOR.

1226 1741 157 37 Chamber
1397 1741 44 37 ef
1445 1746 233 30 ACCOVHTS,
1702 1741 34 37 in
1758 1741 54 37 the
1836 1741 126 37 French
1986 1741 118 37 polity,
2119 1741 35 37 Is
2172 1741 18 37 a
2205 1741 53 37 fo-

1272 1786 128 37 vereign
1425 1786 93 37 court
1535 1786 40 37 of
1597 1786 90 37 great
1714 1786 171 37 antiquity,
1909 1786 106 37 which
2035 1786 91 37 takes
2146 1786 110 37 cogni-

1272 1834 99 37 zance
1395 1834 48 37 of,
1473 1834 62 37 and
1551 1834 144 37 regiders
1712 1834 54 37 the
1785 1834 150 37 accounts
1953 1834 40 37 of
2003 1834 56 37 the
2075 1834 105 37 king’s
2204 1834 53 37 re-

1271 1879 114 37 venue.

1449 1879 32 37 It
1497 1879 27 37 is
1540 1879 109 37 nearly
1666 1879 55 37 the
1737 1879 84 37 fame
1838 1879 79 37 with
1934 1879 57 37 the
2006 1879 132 37 Engliffi
2155 1879 102 37 Court

1272 1926 42 37 of
1327 1927 243 36 EXCHEQUER
1587 1926 10 37 ;
1626 1926 104 37 which
1750 1926 62 37 fee.

1223 1973 198 36 ACCOUNT
1452 1972 35 37 in
1505 1972 49 37 the
1572 1972 281 37 remembrancer's
1879 1972 93 37 office,
1997 1972 32 37 in
2055 1972 56 37 the
2135 1972 119 37 exche-

1271 2019 91 37 quer,
1379 2019 26 37 is
1422 2019 56 37 the
1494 2019 77 37 (late
1587 2019 40 37 of
1639 2019 61 37 any
1715 2019 119 37 branch
1852 2019 36 37 of
1903 2019 55 37 the
1973 2019 105 37 king’s
2094 2019 157 37 revenue;

1271 2065 32 37 as
1320 2065 57 37 the
1393 2065 134 37 account
1543 2065 40 37 of
1599 2065 56 37 the
1671 2065 95 37 mint,
1789 2065 41 37 of
1852 2065 56 37 the
1928 2065 182 37 wardrobe,
2135 2065 40 37 of
2195 2065 63 37 the

1269 2112 101 37 army,
1394 2112 100 37 navy,
1516 2117 65 30 be.

1222 2160 211 36 ACCOUNT,
1457 2153 33 45 in
1507 2153 75 45 law,
1608 2153 55 45 the
1676 2153 102 45 adlion
1794 2153 71 45 that
1887 2153 59 45 lies
1968 2153 117 45 againft
2105 2153 16 45 a
2140 2153 113 45 perfon

1270 2200 73 45 who
1358 2200 28 45 is
1403 2200 207 45 accountable
1628 2200 42 45 by
1687 2200 91 45 office
1789 2200 38 45 to
1845 2200 148 45 another,
2010 2200 58 45 but
2084 2200 120 45 refufes
2217 2200 36 45 to

1271 2246 112 45 render
1399 2246 55 45 the
1470 2246 149 45 account.

1223 2300 211 36 ACCOUNT,
1451 2299 27 37 is
1490 2293 65 45 aHb
1572 2299 94 37 taken
1683 2299 193 37 fometimes,
1892 2299 34 37 in
1938 2299 20 37 a
1967 2299 174 37 particular
2151 2299 99 37 fenfe,

1270 2344 52 37 for
1346 2344 55 37 the
1426 2344 217 37 computation
1660 2344 41 37 of
1711 2344 97 37 time;
1835 2344 34 37 as
1885 2344 49 37 we
1949 2344 67 37 fay.
2039 2344 77 37 The
2144 2344 109 37 Julian

1271 2392 145 37 account,
1439 2392 57 37 the
1513 2392 184 37 Gregorian
1722 2392 146 37 account,
1895 2392 66 37 be.
1990 2392 34 37 in
2039 2392 108 37 which
2162 2392 88 37 fenfe

1268 2437 26 37 it
1309 2437 27 37 is
1353 2437 180 37 equivalent
1549 2437 35 37 to
1589 2437 99 37 ftyte.

1222 2486 196 36 ACCOUNT
1445 2485 26 37 is
1495 2485 65 37 alfo
1581 2485 76 37 u(ed
1683 2485 32 37 in
1739 2485 117 37 funriry
1879 2485 185 37 mercantile
2087 2485 100 37 forms
2215 2485 44 37 of

1269 2531 172 37 expreffion
1458 2531 52 37 for
1530 2531 186 37 advantage,
1735 2531 134 37 hazard,
1893 2531 81 37 Jofs,
1995 2531 66 37 be.

1222 2581 380 37 ACCOUNTABLE,
1629 2581 17 37 a
1673 2581 82 37 term
1782 2581 75 37 tried
1883 2581 38 37 to
1942 2581 117 37 denote
2076 2581 18 37 a
2109 2581 145 37 perfon’s

1270 2623 93 37 being
1385 2623 95 37 liable
1497 2623 35 37 to
1556 2623 114 37 render
1687 2623 37 37 an
1743 2623 133 37 account
1891 2623 54 37 for
1961 2623 61 37 any
2045 2623 104 37 thing.

1222 2674 355 37 ACCOUNTANT,
1603 2674 36 37 or
1654 2675 293 36 ACCOMPTANT,
1970 2674 35 37 in
2019 2668 55 45 the
2090 2674 80 37 mod
2193 2674 55 37 ge-

1270 2717 86 37 neral
1372 2717 97 37 fenfe,
1488 2717 25 37 is
1527 2717 20 37 a.
1560 2717 112 37 perfon
1688 2717 111 37 (killed
1815 2717 32 37 in
1864 2717 165 37 accounts.
2069 2717 39 37 In
2125 2717 18 37 a
2158 2717 94 37 more

1270 2765 159 37 redrifted
1446 2765 97 37 fenfe,
1567 2765 26 37 it
1616 2765 27 37 is
1663 2765 124 37 applied
1812 2765 34 37 to
1869 2765 17 37 a
1910 2765 128 37 peifon,
2060 2765 37 37 or
2125 2765 121 37 officer,

1271 2812 170 37 appointed
1457 2812 35 37 to
1507 2812 81 37 keep
1613 2812 55 37 the
1692 2812 150 37 accounts
1859 2812 38 37 of
1911 2812 18 37 a
1944 2812 107 37 public
2078 2812 167 37 company,

1270 2857 36 37 or
1321 2857 107 37 office,
1452 2857 33 37 as
1507 2857 56 37 the
1590 2857 186 37 South-fea,
1808 2857 53 37 the
1879 2857 92 37 India
1987 2857 175 37 company,
2189 2857 60 37 the

1268 2904 95 37 bank,
1388 2904 56 37 the
1460 2904 120 37 excife,
1602 2904 70 37 be*

1221 2952 465 37 ACCOUNTANTSHIP,
1709 2952 55 37 the
1780 2952 50 37 art
1846 2952 39 37 of
1904 2952 136 37 keeping
2058 2952 62 37 and
2135 2952 109 37 balan-

1269 3001 71 30 cing
1359 2996 162 37 accounts.
1572 2996 62 37 See
1649 3006 319 24 BOOK-KEEBING,

1984 3046 258 37 •ACCOUNT-
