2517 3387
216 192 77 75 dg2

851 192 38 75 B
1007 192 55 75 O'
1166 192 38 75 T

213 265 171 75 particular
410 265 83 75 part,
525 265 59 75 but
617 265 53 75 are
708 265 137 75 diffufed
871 265 142 75 through
1049 265 56 75 the
1137 265 107 75 whole

215 312 100 75 plant.

259 359 76 75 The
347 359 253 75 Diadelphia
615 359 76 75 clais
710 359 100 75 forms
828 359 56 75 the
899 359 80 75 jyth
993 359 125 75 natural
1135 359 108 75 order.

213 406 85 75 This
316 406 77 75 clafs
411 406 229 75 comprehends
657 406 101 75 above
778 406 67 75 500
862 406 137 75 fpecies;
1026 406 76 75 and,
1127 406 34 75 as
1178 406 66 75 was

214 453 152 75 obferved
383 453 111 75 above,
520 453 56 75 the
592 453 88 75 feeds
692 453 40 75 of
743 453 98 75 every
857 453 60 75 one
933 453 41 75 of
984 453 86 75 them
1088 453 52 75 are
1157 453 87 75 efcu-

212 499 78 75 lent,
316 499 56 75 the
400 499 103 75 leaves
524 499 105 75 afford
652 499 162 75 excellent
829 499 122 75 pafture
979 499 51 75 for
1047 499 108 75 cattle,
1181 499 63 75 and

213 547 61 75 not
287 547 60 75 one
358 547 41 75 of
411 547 87 75 them
512 547 81 75 have
609 547 62 75 any
683 547 168 75 poifonous
869 547 138 75 quality.

259 594 76 75 The
353 594 245 75 Svngenesia
616 594 90 75 clafs,
733 594 37 75 or
789 594 70 75 21ft
880 594 125 75 natural
1034 594 107 75 order,
1166 594 76 75 con-

211 639 81 75 tains
311 639 19 75 a
343 639 79 75 very
445 639 90 75 great
555 639 133 75 number
710 639 41 75 of
772 639 131 75 fpecies.
960 639 77 75 The
1059 639 120 75 virtues
1207 639 41 75 of

211 686 84 75 fome
312 686 104 75 plants
433 686 170 75 belonging
618 686 35 75 to
668 686 64 75 this
750 686 77 75 clafs
845 686 53 75 are
914 686 67 75 faid
997 686 34 75 to
1047 686 96 75 differ
1166 686 76 75 con-

211 733 166 75 fiderably.
423 733 77 75 The
527 733 151 75 bardana,
711 733 130 75 carlina,
866 733 154 75 tuflilago,
1054 733 117 75 arnica,
1198 733 44 75 ci-

210 780 155 75 chorium,
390 780 201 75 fcorzonera,
626 780 200 75 taraxacum,
853 780 64 75 <bc.
951 780 54 75 are
1034 780 152 75 fuppofed
1206 780 36 75 to

211 828 38 75 be
266 828 215 75 deobftruent,
506 828 63 75 and
585 828 53 75 are
664 828 79 75 kept
759 828 33 75 as
809 828 75 75 fuch
902 828 31 75 in
950 828 56 75 the
1022 828 103 75 {bops.
1175 828 67 75 But

211 874 55 75 the
282 874 136 75 greatefl
437 874 136 75 number
596 874 40 75 of
659 874 87 75 them
774 874 54 75 are
851 874 99 75 bitter
965 874 64 75 and
1044 874 169 75 ftomachic
1228 874 11 75 ;

213 922 27 75 e.
265 922 36 75 g.
328 922 55 75 the
411 922 186 75 abfmthium
633 922 201 75 abrotanum,
871 922 166 75 artemifia,
1074 922 166 75 fantolina,

211 968 174 75 balfamita,
422 968 178 75 tanacetum
636 968 212 75 eupatorium,
885 968 192 75 matricaria,
1112 968 129 75 chamo-

213 1014 100 75 milla,
339 1014 144 75 acmella,
505 1014 170 75 verbefina,
702 1014 65 75 <bc.

255 1061 77 75 The
341 1061 35 75 G
381 1061 20 75 y
408 1061 20 75 n
435 1061 18 75 a
462 1061 46 75 nn
517 1061 19 75 r.
543 1061 10 75 1
560 1061 21 75 a
592 1061 50 75 D1
649 1061 47 75 an
703 1061 21 75 d
733 1061 18 75 r
759 1061 9 75 t
776 1061 34 75 a,
820 1061 38 75 Or
866 1061 57 75 4th
933 1061 126 75 natural
1070 1061 108 75 order,
1189 1061 54 75 are

210 1109 66 75 faid
287 1109 35 75 to
339 1109 104 75 excite
456 1109 137 75 venery;
612 1109 28 75 e.
653 1109 38 75 g.
709 1109 55 75 the
776 1109 119 75 orchis,
913 1109 163 75 fatyrium,
1093 1109 147 75 ferapias,

209 1154 203 75 herminium,
446 1154 131 75 ophrys,
610 1154 221 75 epidendrum,
868 1154 64 75 <bc.
988 1154 77 75 The
1090 1154 88 75 roots
1206 1154 41 75 of

210 1201 86 75 thefe
314 1201 52 75 are
381 1201 76 75 ufed
473 1201 79 75 with
570 1201 64 75 this
652 1201 154 75 intention
825 1201 43 75 by
884 1201 231 75 practitioners.

257 1249 73 75 The
348 1249 254 75 Amentacete
624 1249 219 75 Acifolije,
869 1249 36 75 or
939 1249 76 75 15th
1039 1249 125 75 natural
1187 1249 51 75 or-

211 1295 68 75 der,
305 1295 53 75 are
378 1295 159 75 refinous;
563 1295 29 75 e.
603 1295 39 75 g,
669 1295 55 75 the
741 1295 104 75 pious,
870 1295 98 75 abies,
989 1295 178 75 juniperus,
1186 1295 54 75 cu-

211 1342 128 75 preffas,
358 1342 64 75 <bc.
447 1342 98 75 They
557 1342 53 75 are
623 1342 41 75 all
677 1342 97 75 warm
792 1342 173 75 Simulants
983 1342 62 75 and
1057 1342 165 75 diuretics.

257 1389 76 75 The
344 1389 118 75 virtues
474 1389 612 75 oftheCRYProGAMiAclafs,which
1096 1389 143 75 compre-

210 1435 99 75 hends
335 1435 55 75 the
408 1435 38 75 61
455 1435 36 75 ft,
518 1435 79 75 62d,
618 1435 48 75 63'
666 1435 31 75 d,
724 1435 61 75 and
802 1435 82 75 64th
902 1435 123 75 natural
1043 1435 123 75 orders,
1187 1435 53 75 are

211 1483 113 75 moftly
341 1483 39 75 of
393 1483 17 75 a
426 1483 170 75 fufptcious
620 1483 124 75 nature.
793 1483 129 75 Hardly
940 1483 63 75 any
1019 1483 40 75 of
1070 1483 56 75 the
1140 1483 100 75 filices

210 1532 52 75 are
275 1532 159 75 efculent;
460 1532 84 75 their
561 1532 88 75 fmell
663 1532 25 75 is
701 1532 226 75 difagreeable,
945 1532 61 75 and
1020 1532 78 75 they
1110 1532 52 75 are
1174 1532 66 75 faid

210 1578 34 75 to
262 1578 56 75 kill
344 1578 127 75 worms.
523 1578 55 75 All
596 1578 54 75 the
667 1578 109 75 mufei,
803 1578 116 75 except
943 1578 55 75 the
1025 1578 105 75 lichen
1150 1578 88 75 iflan-

209 1624 102 75 dicus,
329 1624 52 75 are
397 1624 159 75 improper
568 1624 51 75 for
635 1624 91 75 food.
770 1624 97 75 Some
878 1624 40 75 of
930 1624 54 75 the
996 1624 89 75 fungi
1102 1624 53 75 are
1166 1624 71 75 eat;

210 1671 58 75 but
284 1671 78 75 they
381 1671 52 75 arc
451 1671 16 75 a
484 1671 78 75 very
576 1671 177 75 dangerous
771 1671 90 75 food.

257 1716 109 75 Plants
394 1716 104 75 which
526 1716 81 75 have
634 1716 85 75 their
743 1716 136 75 nedtaria
906 1716 141 75 feparate
1075 1716 83 75 from
1184 1716 55 75 the

210 1764 136 75 flowers,
373 1764 52 75 are
442 1764 182 75 commonly
640 1764 167 75 poifonous
819 1764 9 75 ;
855 1764 29 75 e.
897 1764 38 75 g.
961 1764 57 75 the
1034 1764 202 75 epimedium,

210 1810 128 75 nigella,
353 1810 174 75 aquilegia,
549 1810 171 75 aconitum,
739 1810 190 75 monotropa
957 1810 196 75 helleborus,
1171 1810 66 75 isc.

257 1857 109 75 Thofe
393 1857 105 75 plants
515 1857 105 75 which
648 1857 53 75 are
721 1857 102 75 called
847 1857 180 75 lattefcent,
1053 1857 84 75 from
1153 1857 85 75 their

211 1905 117 75 oozing
351 1905 57 75 out
425 1905 18 75 a
459 1905 122 75 whitifli
603 1905 86 75 juice
704 1905 85 75 upon
805 1905 95 75 being
918 1905 170 75 wounded,
1114 1905 54 75 are
1183 1905 53 75 ge-

212 1951 121 75 nerally
354 1951 188 75 poifonous;
581 1951 28 75 e.
629 1951 38 75 g.
692 1951 55 75 the
764 1951 186 75 euphorbia,
982 1951 146 75 papaver,
1154 1951 82 75 peri-

212 1998 105 75 ploca,
353 1998 204 75 cynanthum,
593 1998 64 75 &c.
714 1998 67 75 But
808 1998 90 75 thofe
925 1998 104 75 which
1055 1998 53 75 are
1136 1998 103 75 called

201 2044 244 75 fsmiflofculofdc
456 2044 42 75 by
510 2044 213 75 Tournefort,
741 2044 53 75 are
806 2044 40 75 of
857 2044 18 75 a
887 2044 113 75 milder
1012 2044 131 75 nature;
1163 2044 75 75 t.g.

212 2090 133 75 ladtuca,
370 2090 185 75 hieracium,
579 2090 114 75 crepis,
718 2090 187 75 leontodon,
933 2090 62 75 <bc.

260 2136 126 75 Befides
412 2136 125 75 natural
554 2136 107 75 clafles
689 2136 62 75 and
773 2136 124 75 orders,
922 2136 104 75 which
1052 2136 186 75 prefuppofe

212 2185 84 75 fome
324 2185 225 75 acquaintance
577 2185 79 75 with
682 2185 133 75 botany,
839 2185 49 75 we
912 2185 53 75 are
983 2185 153 75 provided
1159 2185 78 75 with

212 2231 93 75 other
317 2231 105 75 means
435 2231 40 75 of
485 2231 197 75 difeovering
697 2231 56 75 the
770 2231 127 75 general
910 2231 146 75 qualities
1069 2231 41 75 of
1121 2231 115 75 plants.

213 2279 76 75 The
317 2279 169 75 feilfations
510 2279 39 75 of
571 2279 88 75 fmell
677 2279 62 75 and
761 2279 76 75 tafte
862 2279 71 75 give
950 2279 36 75 us
1012 2279 85 75 fome
1113 2279 124 75 intima-

212 2326 69 75 tion
293 2326 40 75 of
344 2326 55 75 the
414 2326 111 75 nature
542 2326 62 75 and
619 2326 148 75 qualities
784 2326 40 75 of
835 2326 117 75 plants.
1001 2326 55 75 An
1072 2326 166 75 agreeable

213 2372 76 75 tafte
306 2372 37 75 or
359 2372 88 75 fmell
464 2372 26 75 is
508 2372 118 75 feldom
643 2372 224 75 accompanied
882 2372 78 75 with
981 2372 136 75 noxious
1135 2372 101 75 quali-

213 2419 59 75 ties
321 2419 41 75 on
378 2419 55 75 the
450 2419 92 75 other
558 2419 97 75 hand,
681 2419 93 75 when
791 2419 87 75 ihefe
893 2419 102 75 fenfes
1011 2419 53 75 are
1080 2419 157 75 difagree-

213 2465 74 75 ably
304 2465 144 75 affefted,
474 2465 55 75 the
557 2465 147 75 qualities
732 2465 53 75 are
813 2465 162 75 generally
998 2465 89 75 more
1114 2465 37 75 or
1178 2465 60 75 lefs

213 2511 151 75 noxious,
390 2511 93 75 being
507 2511 103 75 either
637 2511 176 75 purgative,
844 2511 127 75 emetic,
996 2511 37 75 or
1057 2511 180 75 poifonous.

214 2557 111 75 Plants
352 2557 72 75 that
447 2557 79 75 have
543 2557 18 75 a
584 2557 95 75 fweet
703 2557 76 75 tafte
807 2557 54 75 are
885 2557 161 75 generally
1062 2557 174 75 nutritive;

215 2604 89 75 thofe
332 2604 71 75 that
430 2604 80 75 have
527 2604 19 75 a
572 2604 60 75 fait
659 2604 78 75 tafte
767 2604 54 75 are
848 2604 99 75 warm
975 2604 62 75 and
1068 2604 170 75 ftimulant.

215 2650 111 75 Plants
349 2650 41 75 of
413 2650 38 75 an
469 2650 86 75 acrid
582 2650 77 75 tafte
686 2650 54 75 are
755 2650 175 75 corrofive;
964 2650 71 75 but,
1067 2650 93 75 when
1184 2650 56 75 de-

215 2696 112 75 prived
339 2696 39 75 of
389 2696 84 75 their
490 2696 160 75 acrimony
662 2696 43 75 by
716 2696 125 75 drying,
859 2696 85 75 fome
956 2696 40 75 of
1007 2696 87 75 them
1111 2696 130 75 become

216 2744 36 75 fit
270 2744 51 75 for
336 2744 89 75 food.
476 2744 105 75 Bitter
598 2744 102 75 plants
724 2744 53 75 are
799 2744 148 75 alkaline,
973 2744 180 75 ftomachic,
1179 2744 63 75 and

217 2788 178 75 fometimes
408 2788 40 75 of
467 2788 19 75 a
502 2788 168 75 fufpicious
687 2788 124 75 nature.
860 2788 86 75 Acid
961 2788 104 75 plants
1082 2788 54 75 are
1152 2788 88 75 cool-

216 2837 66 75 ing,
308 2837 62 75 and
397 2837 84 75 allay
496 2837 112 75 third;
635 2837 57 75 but
719 2837 89 75 thofe
824 2837 39 75 of
886 2837 40 75 an
950 2837 120 75 auftere
1094 2837 76 75 tafte
1187 2837 54 75 are

215 2881 184 75 aftringent.

262 2928 91 75 Even
370 2928 53 75 the
441 2928 109 75 colour
566 2928 62 75 and
645 2928 101 75 afpeA
762 2928 39 75 of
814 2928 101 75 plants
931 2928 107 75 throw
1057 2928 84 75 fome
1157 2928 83 75 light

214 2976 84 75 upon
316 2976 82 75 their
414 2976 111 75 nature
586 2976 147 75 Flowers,
747 2976 37 75 or
806 2976 79 75 fruit
902 2976 39 75 of
952 2976 18 75 a
987 2976 55 75 red
1059 2976 111 75 colour
1187 2976 54 75 are

215 3024 159 75 generally
391 3024 82 75 acid.
521 3024 127 75 Yellow
676 3024 124 75 flowers
828 3024 137 75 indicate
982 3024 19 75 a
1027 3024 97 75 bitter
1150 3024 89 75 tafte.

213 3070 111 75 Plants
342 3070 70 75 that
428 3070 80 75 have
525 3070 98 75 green
636 3070 126 75 flowers
780 3070 53 75 are
850 3070 96 75 crude
958 3070 12 75 ;
988 3070 90 75 thofe
1091 3070 39 75 of
1142 3070 18 75 a
1170 3070 71 75 pale

1323 196 368 75 ANY.

1295 264 111 75 colour
1422 264 54 75 are
1491 264 182 75 commonly
1689 264 110 75 infipid
1811 264 10 75 ;
1848 264 90 75 thofe
1950 264 40 75 of
2001 264 19 75 a
2035 264 97 75 white
2150 264 110 75 colour
2271 264 54 75 are

1294 312 162 75 generally
1473 312 116 75 fweet;
1617 312 61 75 and
1694 312 90 75 thofe
1800 312 107 75 whofe
1922 312 125 75 flowers
2065 312 79 75 have
2158 312 18 75 a
2192 312 132 75 gloomy

1294 359 62 75 and
1371 359 111 75 difmal
1499 359 113 75 afpeA,
1638 359 52 75 are
1706 359 116 75 moftly
1836 359 181 75 poifonous.

1341 405 107 75 Thefe
1460 405 162 75 examples
1635 405 160 75 naturally
1803 405 121 75 fuggeft
1936 405 55 75 the
2001 405 165 75 following
2177 405 145 75 obferva-

1295 451 221 75 tions.The
1523 451 138 75 Creator
1673 451 40 75 of
1720 451 55 75 the
1788 451 140 75 univerfe
1939 451 79 75 hath
2028 451 154 75 endowed
2195 451 37 75 us
2244 451 79 75 with

1293 498 153 75 fufficient
1459 498 136 75 abilities
1606 498 50 75 for
1668 498 220 75 inveftigating
1898 498 178 75 thevirtues
2087 498 39 75 of
2134 498 116 75 plants,
2261 498 63 75 and

1293 544 150 75 applying
1455 544 87 75 them
1554 544 35 75 to
1602 544 53 75 the
1668 544 75 75 cure
1752 544 40 75 of
1803 544 134 75 difeafes
1954 544 61 75 and
2024 544 92 75 other
2128 544 102 75 ufeful
2247 544 75 75 pur-

1293 590 102 75 pofes,
1420 590 78 75 even
1516 590 41 75 on
1581 590 56 75 the
1664 590 190 75 fuppofition
1878 590 70 75 that
1973 590 49 75 we
2039 590 83 75 were
2142 590 129 75 obliged
2289 590 35 75 to

1293 637 151 75 afeertain
1462 637 55 75 the
1529 637 119 75 virtues
1662 637 39 75 of
1713 637 96 75 every
1821 637 95 75 Angle
1933 637 88 75 plant
2038 637 40 75 by
2093 637 228 75 experiments.

1291 683 66 75 But
1373 683 63 75 this
1452 683 126 75 labour,
1603 683 123 75 though
1744 683 188 75 praAicable
1949 683 32 75 in
1998 683 18 75 a
2032 683 110 75 courfe
2158 683 39 75 of
2217 683 104 75 years*

1294 730 61 75 and
1373 730 100 75 under
1490 730 114 75 proper
1620 730 208 75 regulations,
1852 730 27 75 is
1896 730 124 75 greatly
2036 730 164 75 abridged.
2245 730 77 75 The

1293 778 204 75 information
1515 778 147 75 afforded
1684 778 44 75 by
1742 778 58 75 the
1816 778 100 75 fenfes
1933 778 26 75 is
1977 778 223 75 confiderable.
2249 778 73 75 Our

1291 824 152 75 inquiries
1461 824 52 75 are
1536 824 61 75 ftili
1614 824 127 75 further
1758 824 116 75 aflifted
1898 824 43 75 by
1958 824 54 75 the
2029 824 128 75 general
2173 824 148 75 diftribu-

1292 869 66 75 tion
1371 869 40 75 of
1423 869 178 75 vegetables
1618 869 68 75 into
1712 869 100 75 tribes
1829 869 61 75 and
1908 869 149 75 families.
2106 869 76 75 The
2200 869 121 75 mutual

1293 916 133 75 relation
1444 916 61 75 and
1530 916 185 75 conneAion
1730 916 41 75 of
1793 916 86 75 thefe
1899 916 96 75 tribes
2012 916 124 75 depend
2153 916 56 75 not
2236 916 85 75 upon

1293 964 94 75 fancy
1403 964 37 75 or
1457 964 199 75 conjeAure:
1682 964 76 75 The
1774 964 150 75 relations
1940 964 54 75 are
2010 964 33 75 fo
2059 964 139 75 ftrongly
2215 964 105 75 mark-

1293 1009 40 75 ed
1350 1009 43 75 by
1413 1009 55 75 the
1485 1009 163 75 fimilarity
1664 1009 40 75 of
1722 1009 83 75 their
1825 1009 137 75 flowers,
1987 1009 91 75 fruit,
2103 1009 62 75 and
2192 1009 129 75 fenfible

1293 1056 161 75 qualities,
1480 1056 71 75 that
1568 1056 76 75 they
1660 1056 53 75 are
1729 1056 205 75 confpicuous
1954 1056 32 75 at
2003 1056 63 75 firft
2082 1056 92 75 fight.

1341 1104 29 75 A
1389 1104 110 75 perfon
1513 1104 235 75 unacquainted
1764 1104 77 75 with
1859 1104 167 75 medicine,
2057 1104 83 75 from
2158 1104 63 75 this
2238 1104 81 75 view

1291 1149 40 75 of
1343 1149 54 75 the
1413 1149 119 75 virtues
1549 1149 40 75 of
1601 1149 115 75 plants,
1741 1149 65 75 will
1824 1149 39 75 be
1880 1149 53 75 apt
1950 1149 34 75 to
2000 1149 147 75 imagine,
2173 1149 71 75 that
2260 1149 57 75 bo-

1292 1196 76 75 tany
1384 1196 27 75 is
1441 1196 54 75 the
1524 1196 76 75 only
1615 1196 82 75 road
1715 1196 34 75 to
1778 1196 70 75 that
1876 1196 143 75 fcience;
2056 1196 62 75 and
2143 1196 42 75 of
2207 1196 111 75 courfe

1290 1242 70 75 that
1376 1242 96 75 every
1485 1242 156 75 phyfician
1658 1242 81 75 muft
1754 1242 103 75 either
1872 1242 40 75 be
1928 1242 19 75 a
1968 1242 85 75 good
2069 1242 146 75 botanift,
2245 1242 38 75 or
2298 1242 20 75 a

1290 1289 64 75 bad
1377 1289 215 75 praAitioner.
1641 1289 76 75 The
1745 1289 137 75 thought
1910 1289 26 75 is
1963 1289 136 75 natural,
2136 1289 74 75 and,
2237 1289 79 75 with

1289 1335 86 75 fome
1403 1335 181 75 limitation,
1610 1335 57 75 not
1695 1335 117 75 unjuft.
1860 1335 77 75 The
1959 1335 146 75 common
2130 1335 134 75 praAice
2280 1335 41 75 of

1289 1384 106 75 phyfic
1411 1384 76 75 does
1515 1384 58 75 not
1588 1384 127 75 require
1731 1384 39 75 an
1787 1384 159 75 extenfive
1961 1384 69 75 {kill
2059 1384 30 75 in
2117 1384 55 75 the
2196 1384 120 75 virtues

1290 1427 39 75 of
1340 1427 115 75 plants.
1504 1427 34 75 A
1566 1427 120 75 certain
1713 1427 132 75 number
1868 1427 39 75 of
1929 1427 181 75 vegetables
2137 1427 61 75 and
2222 1427 95 75 other

1290 1475 174 75 fubftances
1493 1475 53 75 are
1561 1475 78 75 kept
1655 1475 32 75 in
1715 1475 55 75 the
1794 1475 105 75 {hops,
1925 1475 62 75 and
2007 1475 241 75 recommended
2265 1475 52 75 for

1289 1520 171 75 particular
1473 1520 148 75 purpofes
1633 1520 31 75 in
1677 1520 238 75 difpenfatories
1927 1520 61 75 and
2006 1520 99 75 books
2118 1520 40 75 of
2168 1520 147 75 praAice.

1289 1568 31 75 It
1337 1568 26 75 is
1379 1568 56 75 the
1451 1568 133 75 bufinefs
1601 1568 41 75 of
1653 1568 55 75 the
1724 1568 203 75 praAitioner
1943 1568 35 75 to
1993 1568 81 75 have
2091 1568 17 75 a
2124 1568 127 75 general
2264 1568 52 75 ac-

1289 1613 188 75 quaintance
1495 1613 77 75 with
1600 1613 100 75 thefe,
1726 1613 63 75 and
1807 1613 34 75 to
1868 1613 157 75 preferibe
2042 1613 87 75 them
2146 1613 171 75 according

1288 1661 34 75 to
1339 1661 56 75 the
1411 1661 118 75 cuftom
1546 1661 40 75 of
1608 1661 55 75 the
1679 1661 105 75 times.
1833 1661 67 75 But
1915 1661 233 75 inveftigations
2176 1661 67 75 into
2260 1661 56 75 the

1288 1707 111 75 nature
1416 1707 62 75 and
1496 1707 176 75 properties
1696 1707 39 75 of
1757 1707 122 75 fimples
1896 1707 37 75 or
1950 1707 109 75 drugs,
2084 1707 127 75 require
2227 1707 89 75 more

1286 1754 82 75 time
1380 1754 75 75 than
1474 1754 57 75 can
1548 1754 39 75 be
1613 1754 158 75 beftowed
1788 1754 42 75 by
1854 1754 71 75 men
1941 1754 41 75 of
1991 1754 147 75 bufinefs.
2187 1754 128 75 When-

1288 1800 75 75 ever
1379 1800 63 75 any
1457 1800 121 75 fcience
1593 1800 27 75 is
1638 1800 173 75 converted
1826 1800 68 75 into
1911 1800 18 75 a
1945 1800 104 75 trade,
2074 1800 61 75 and
2150 1800 56 75 the
2223 1800 93 75 ftudy

1288 1847 40 75 of
1339 1847 25 75 it
1381 1847 145 75 confined
1542 1847 35 75 to
1593 1847 113 75 people
1717 1847 74 75 who
1803 1847 80 75 muft
1898 1847 63 75 live
1977 1847 44 75 by
2032 1847 38 75 it,
2087 1847 90 75 there
2193 1847 26 75 is
2230 1847 84 75 little

1288 1893 141 75 profpeA
1441 1893 40 75 of
1492 1893 241 75 improvement.
1767 1893 84 75 This
1868 1893 56 75 has
1941 1893 80 75 been
2032 1893 56 75 the
2104 1893 65 75 fate
2181 1893 40 75 of
2233 1893 81 75 phy-

1286 1939 52 75 fic.
1386 1939 112 75 Every
1511 1939 87 75 body
1620 1939 156 75 difpenfes
1792 1939 170 75 medicines
1974 1939 10 75 ;
2011 1939 57 75 but
2084 1939 63 75 few
2162 1939 53 75 are
2232 1939 82 75 none

1286 1985 125 75 inquire
1438 1985 68 75 into
1533 1985 85 75 their
1652 1985 131 75 virtues.
1840 1985 97 75 Some
1969 1985 145 75 valuable
2143 1985 169 75 medicines

1286 2032 80 75 have
1379 2032 77 75 been
1468 2032 195 75 difeovered,
1692 2032 66 75 But
1774 2032 42 75 by
1828 2032 107 75 whom
1948 2032 11 75 ?
1988 2032 70 75 Not
2070 2032 43 75 by
2124 2032 188 75 phyficians,'

1286 2078 58 75 but
1360 2078 44 75 by
1420 2078 139 75 favages,
1587 2078 55 75 old
1658 2078 135 75 women,
1819 2078 120 75 priefts,
1965 2078 61 75 and
2042 2078 162 75 chymifts.
2240 2078 72 75 Un-

1288 2125 48 75 til,
1363 2125 173 75 therefore,
1572 2125 55 75 the
1655 2125 91 75 ftudy
1771 2125 40 75 of
1834 2125 106 75 phyfic
1968 2125 41 75 be
2035 2125 182 75 confidered
2245 2125 32 75 as
2295 2125 19 75 a

1288 2172 119 75 branch
1424 2172 40 75 of
1486 2172 124 75 natural
1625 2172 132 75 hiftory,
1783 2172 63 75 and
1865 2172 171 75 cultivated
2053 2172 43 75 by
2111 2172 112 75 people
2240 2172 74 75 who

1286 2219 80 75 have
1383 2219 76 75 time
1487 2219 35 75 to
1538 2219 92 75 make
1656 2219 228 75 experiments,
1910 2219 54 75 the
1979 2219 121 75 fcience
2116 2219 79 75 muft
2212 2219 101 75 conti-

1287 2265 60 75 nue
1359 2265 35 75 to
1411 2265 40 75 be
1467 2265 111 75 vague,
1603 2265 175 75 defultory,
1804 2265 62 75 and
1881 2265 123 75 limited
2018 2265 33 75 in
2069 2265 41 75 its
2128 2265 121 75 utility.

1334 2311 128 75 Botany
1485 2311 57 75 has
1559 2311 116 75 always
1692 2311 80 75 been
1788 2311 182 75 confidered
1986 2311 33 75 as
2037 2311 18 75 a
2070 2311 119 75 branch
2206 2311 40 75 of
2257 2311 55 75 na-

1286 2358 83 75 tural
1386 2358 130 75 hiftory.
1565 2358 79 75 But,
1670 2358 33 75 as
1720 2358 65 75 was
1809 2358 153 75 formerly
1978 2358 164 75 obfervCd,
2168 2358 56 75 the
2244 2358 69 75 ufe-

1287 2405 48 75 ful
1352 2405 71 75 part
1446 2405 39 75 of
1508 2405 26 75 it
1550 2405 77 75 hath
1646 2405 78 75 been
1752 2405 55 75 too
1823 2405 94 75 much
1934 2405 174 75 negleAed.
2155 2405 76 75 The
2248 2405 64 75 vir-

1287 2451 68 75 tues
1384 2451 40 75 of
1447 2451 103 75 plants
1574 2451 73 75 may
1663 2451 39 75 be
1724 2451 204 75 fuccefsfully
1944 2451 205 75 inveftigated
2175 2451 139 75 without

1289 2498 37 75 an
1339 2498 161 75 extenfive
1516 2498 187 75 knowledge
1715 2498 31 75 in
1760 2498 41 75 all
1818 2498 56 75 the
1889 2498 154 75 branches
2056 2498 40 75 of
2106 2498 55 75 the
2177 2498 135 75 medical

1288 2544 61 75 art.
1398 2544 56 75 To
1471 2544 172 75 propagate
1666 2544 19 75 a
1700 2544 77 75 tafte
1795 2544 50 75 for
1861 2544 152 75 inquiries
2040 2544 70 75 into
2124 2544 56 75 the
2201 2544 111 75 nature

1287 2591 63 75 and
1363 2591 173 75 properties
1549 2591 40 75 of
1600 2591 193 75 vegetables,
1809 2591 109 75 would
1931 2591 160 75 therefore
2102 2591 54 75 lay
2167 2591 54 75 the
2233 2591 80 75 moft

1285 2635 83 75 folid
1378 2635 188 75 foundation
1583 2635 52 75 for
1650 2635 244 75 improvements
1907 2635 33 75 in
1956 2635 167 75 medicine.

1338 2730 30 75 3.
1395 2730 85 75 Art
1489 2730 156 75 s.The
1661 2730 190 75 application
1869 2730 40 75 of
1926 2730 55 75 the
1998 2730 147 75 qualities
2168 2730 40 75 of
2217 2730 94 75 vege-

1288 2777 100 75 tables
1406 2777 35 75 to
1464 2777 56 75 the
1535 2777 127 75 various
1687 2777 194 75 mechanical
1908 2777 63 75 arts
1989 2777 119 75 affords
2125 2777 18 75 a
2158 2777 79 75 moft
2253 2777 58 75 ex-

1288 2823 114 75 tenfive
1418 2823 75 75 field
1510 2823 51 75 for
1573 2823 101 75 ufeful
1690 2823 211 75 obfervation.
1934 2823 110 75 There
2057 2823 53 75 are
2122 2823 62 75 few
2196 2823 116 75 plants,

1289 2869 147 75 however
1452 2869 148 75 different
1629 2869 31 75 in
1677 2869 84 75 their
1778 2869 124 75 nature,
1927 2869 57 75 but
2002 2869 52 75 are
2071 2869 167 75 found.by
2254 2869 59 75 ex-

1289 2916 144 75 perience
1448 2916 35 75 to
1511 2916 38 75 be
1567 2916 56 75 not
1639 2916 76 75 only
1731 2916 55 75 the
1802 2916 79 75 moft
1907 2916 126 75 proper,
2059 2916 57 75 but
2140 2916 174 75 effentially

1289 2962 169 75 neceffary,
1484 2962 31 75 in
1532 2962 84 75 fome
1629 2962 171 75 particular
1815 2962 49 75 art
1877 2962 36 75 or
1929 2962 226 75 employment.

1337 3009 74 75 The
1428 3009 145 75 qualities
1586 3009 107 75 which
1711 3009 113 75 render
1839 3009 181 75 vegetables
2035 3009 35 75 fo
2085 3009 161 75 generally
2258 3009 55 75 ap-

1290 3058 132 75 plicable
1440 3058 34 75 to
1485 3058 195 75 mechanical
1697 3058 227 75 employments
1937 3058 51 75 are
2005 3058 187 75 principally
2204 3058 107 75 thefe:

2168 3090 144 75 Softnefs
