2466 3327
544 113 235 75 AGO

1124 113 18 75 (
1207 113 11 75 i

223 183 125 75 Roman
370 183 135 75 church,
530 183 70 75 viz.
629 183 55 75 the
711 183 150 75 religious
879 183 40 75 of
929 183 57 75 the
1002 183 78 75 holy
1097 183 102 75 facra-

223 228 97 75 ment,
346 228 73 75 who
440 228 80 75 keep
537 228 41 75 up
604 228 18 75 a
645 228 165 75 perpetual
810 210 11 49 ;
833 228 180 75 adoration,
1038 228 85 75 home
1140 228 60 75 one

223 274 37 75 or
276 274 94 75 other
389 274 40 75 of
446 274 88 75 them
555 274 133 75 praying
711 274 110 75 before
837 274 56 75 the
908 274 79 75 holy
1012 274 187 75 facrament,

182 320 6 75 ;
221 320 65 75 day
300 320 63 75 and
382 320 104 75 night.

176 367 129 75 ACOL
311 367 170 75 ASTRE,
492 367 18 75 a
522 367 89 75 fmall
624 367 81 75 river
717 367 41 75 of
765 367 120 75 France
900 367 31 75 in
945 367 54 75 the
1011 367 186 75 Nivernois.

177 413 315 75 ACOLCHICHI,
517 413 33 75 in
567 413 228 75 ornythology,
821 413 18 75 a
854 413 173 75 barbarous
1047 413 90 75 name
1165 413 42 75 of

222 459 54 75 the
292 459 269 75 phoenicopterus,
579 459 18 75 a
612 459 74 75 bird
702 459 39 75 of
748 459 55 75 the
818 459 97 75 order
926 459 40 75 of
976 459 119 75 grallae.
1138 459 61 75 See

222 505 371 75 Phoenioopterus.

175 551 198 75 ACOLIN,
399 551 39 75 an
459 551 140 75 obfolete
620 551 91 75 name
734 551 41 75 of
785 551 19 75 a
820 551 116 75 fpecies
954 551 40 75 of
1003 551 56 75 the
1082 551 115 75 tetrao,

221 596 40 75 of
278 596 56 75 the
350 596 96 75 order
466 596 42 75 of
527 596 124 75 gallinae
714 596 61 75 See
790 596 183 75 Tetrao.

175 642 169 75 Acolin,
369 642 33 75 in
429 642 194 75 geography,
648 642 19 75 a
693 642 84 75 river
793 642 40 75 of
844 642 121 75 France
981 642 105 75 which
1109 642 89 75 takes

220 687 40 75 its
278 687 58 75 rife
357 687 30 75 in
405 687 54 75 the
475 687 235 75 Bourbonnois.

173 734 269 75 ACOLUTHI,
479 734 19 75 a
525 734 81 75 term
637 734 127 75 applied
797 734 35 75 to
859 734 126 75 perfons
1014 734 74 75 who
1113 734 85 75 were

219 780 71 75 firm
307 780 62 75 and
384 780 107 75 fteady
515 780 32 75 in
575 780 83 75 their
680 780 157 75 opinions,
863 780 62 75 and
941 780 210 75 particularly,
1162 780 36 75 to

180 825 4 75 •
219 825 54 75 the
291 825 103 75 ftoics,
413 825 73 75 who
498 825 84 75 were
599 825 201 75 remarkably
817 825 163 75 tenacious
993 825 40 75 of
1044 825 85 75 their
1147 825 49 75 re-

219 872 151 75 folutions
388 872 60 75 and
465 872 182 75 principles.

265 917 38 75 In
323 917 269 75 church-hiftory,
617 917 54 75 the
684 917 82 75 term
777 917 174 75 acolythus,
970 917 36 75 or
1018 917 177 75 acolythijl,

218 964 25 75 is
260 964 173 75 peculiarly
449 964 125 75 applied
586 964 34 75 to
637 964 183 75 candidates
832 964 52 75 for
899 964 54 75 the
970 964 140 75 miniftry
1122 964 74 75 who

216 1010 197 75 continually
430 1010 109 75 attend
559 1010 56 75 the
633 1010 138 75 bifhops.

172 1057 298 75 ACOLYTHIA,
499 1057 31 75 in
555 1057 55 75 the
633 1057 113 75 Greek
768 1057 133 75 church,
925 1057 133 75 denotes
1075 1057 55 75 the
1146 1057 49 75 of-

217 1102 58 75 fice
292 1102 37 75 or
349 1102 95 75 order
460 1102 40 75 of
519 1102 106 75 divine
647 1102 138 75 fervice;
812 1102 37 75 or
865 1102 56 75 the
942 1102 141 75 prayers,
1109 1102 87 75 cere-

216 1148 133 75 monies,
382 1148 127 75 hymns,
541 1148 65 75 fac.
640 1148 148 75 whereof
812 1148 56 75 the
891 1148 113 75 Greek
1026 1148 117 75 fervice
1168 1148 27 75 is

218 1195 190 75 compofed."

173 1241 187 75 ACOMA,
395 1241 18 75 a
439 1241 86 75 town
553 1241 40 75 of
619 1241 47 75 N.
692 1241 163 75 America,
889 1241 32 75 in
945 1241 248 75 New-Mexico,

217 1286 106 75 feated
334 1286 41 75 on
392 1286 18 75 a
425 1286 77 75 high
515 1286 174 75 mountain,
713 1286 79 75 with
809 1286 20 75 a
845 1286 105 75 ftrong
969 1286 106 75 caftle:
1123 1286 32 75 It
1167 1286 27 75 is

217 1332 54 75 the
283 1332 116 75 capital
415 1332 40 75 of
466 1332 54 75 the
537 1332 160 75 province,
723 1332 60 75 and
798 1332 64 75 was
879 1332 95 75 taken
987 1332 42 75 by
1040 1332 57 75 the
1114 1332 80 75 Spa-

218 1378 103 75 niards
334 1378 32 75 in
387 1378 101 75 if99,
518 1378 77 75 108.
616 1378 56 75 35.
690 1378 60 75 W.
767 1378 89 75 long.
883 1378 56 75 35.
957 1378 34 75 o.
1010 1378 58 75 lat.

169 1426 220 75 ACOMAC,
415 1426 18 75 a
455 1426 118 75 county
595 1426 40 75 of
654 1426 157 75 Virginia,
836 1426 33 75 in
885 1426 47 75 N.
951 1426 162 75 America,
1138 1426 54 75 be-

216 1469 54 75 ing
283 1469 17 75 a
316 1469 170 75 peninfula,
511 1469 149 75 bounded
676 1469 40 75 on
734 1469 55 75 the
806 1469 47 75 N.
871 1469 44 75 by
931 1469 194 75 Maryland;
1151 1469 42 75 on

217 1516 54 75 the
294 1516 30 75 E
357 1516 62 75 and
435 1516 37 75 S.
490 1516 43 75 by
547 1516 57 75 the
626 1516 109 75 ocean,
761 1516 63 75 and
847 1516 41 75 on
911 1516 55 75 the
988 1516 62 75 W.
1073 1516 43 75 by
1138 1516 55 75 the

219 1562 61 75 bay
304 1562 41 75 of
364 1562 211 75 Chefe-peak.
624 1562 88 75 Cape
730 1562 135 75 Charles
882 1562 27 75 is
926 1562 32 75 at
975 1562 55 75 the
1046 1562 148 75 entrance

179 1583 5 104 ■
217 1609 39 75 of
268 1609 54 75 the
334 1609 75 75 bay,
426 1609 95 75 being
537 1609 57 75 the
604 1609 79 75 moft
695 1609 147 75 fouthern
859 1609 208 75 promontory
1079 1609 40 75 of
1130 1609 63 75 this

218 1653 131 75 county.

171 1697 179 75 ACONE,
376 1697 19 75 a
405 1697 118 75 fpecies
540 1697 40 75 of
597 1697 201 75 whet-ftone.
848 1697 60 75 See
926 1697 89 75 Cos.

173 1743 277 75 ACON1TUM,
480 1743 32 75 in
539 1743 132 75 botany,
702 1743 19 75 a
743 1743 98 75 genus
866 1743 39 75 of
929 1743 55 75 the
1007 1743 187 75 polyandria

219 1787 148 75 trigynia.
406 1787 111 75 There
530 1787 52 75 are
593 1787 91 75 feven
697 1787 116 75 fpecies
825 1787 41 75 of
875 1787 55 75 the
943 1787 171 75 aconitum.
1161 1787 30 75 1.

219 1833 74 75 The
309 1833 212 75 lyccdlonum,
546 1833 26 75 is
590 1833 17 75 a
619 1833 103 75 native
736 1833 38 75 of
785 1833 159 75 Lapland,
967 1833 224 75 Switzerland,

216 1880 280 75 and'other-hilly
520 1880 158 75 countries
701 1880 38 75 of
758 1880 144 75 Europe.
953 1880 33 75 2.
1011 1880 76 75 The
1103 1880 88 75 unci-

175 1898 5 104 ■
213 1924 121 75 natum,
358 1924 27 75 is
399 1924 17 75 a
428 1924 104 75 native
552 1924 40 75 of
609 1924 235 75 Philadelphia.
896 1924 33 75 3.
952 1924 77 75 The
1050 1924 140 75 variega-

215 1971 64 75 tum
303 1971 104 75 grows
431 1971 42 75 on
496 1971 55 75 the
575 1971 116 75 Italian
714 1971 62 75 and
797 1971 177 75 Bohemian
997 1971 192 75 mountains.

213 2018 33 75 4.
270 2018 77 75 The
369 2018 155 75 napellus,
549 2018 26 75 is
601 2018 19 75 a
644 2018 105 75 native
775 2018 40 75 of
836 2018 226 75 Switzerland,
1085 2018 104 75 Bava-

212 2063 57 75 ria,
295 2063 62 75 and
373 2063 133 75 France.
558 2063 33 75 5.
615 2063 77 75 The
708 2063 221 75 Pyrenaicum,
954 2063 26 75 is
1000 2063 17 75 a
1033 2063 105 75 native
1154 2063 41 75 of

213 2110 136 75 Siberia,
372 2110 155 75 Tartary,
554 2110 60 75 and
632 2110 55 75 the
703 2110 172 75 Pyrenaean
892 2110 191 75 mountains.
1126 2110 62 75 See

210 2156 84 75 plate
319 2156 44 75 II.
392 2156 55 75 fig.
470 2156 33 75 2.
554 2156 34 75 6.
616 2156 77 75 The
712 2156 205 75 cammarum,
947 2156 73 75 and,
1052 2156 34 75 7.
1110 2156 77 75 The

211 2201 144 75 anthora,
388 2201 52 75 are
465 2201 79 75 both
569 2201 120 75 natives
713 2201 40 75 of
771 2201 128 75 Taurus
924 2201 62 75 and
1009 2201 55 75 the
1087 2201 100 75 Pyre-

208 2248 86 75 nsean
315 2248 192 75 mountains.
554 2248 77 75 The
647 2248 130 75 Englilh
795 2248 90 75 name
902 2248 41 75 of
960 2248 55 75 the
1027 2248 159 75 aconitum

207 2294 26 75 is
250 2294 176 75 •wolfsbane
442 2294 37 75 or
495 2294 192 75 monkshood.
737 2294 91 75 Each
843 2294 117 75 fpecies
976 2294 26 75 is
1019 2294 113 75 highly
1149 2294 35 75 a-

207 2340 81 75 crid,
314 2340 61 75 and
399 2340 178 75 extremely
599 2340 176 75 dangerous
800 2340 98 75 when,
917 2340 93 75 taken
1037 2340 67 75 into
1130 2340 59 75 the.

208 2386 150 75 ftomach,
384 2386 34 75 as
430 2386 25 75 it
467 2386 160 75 generally
639 2386 158 75 occafions
814 2386 207 75 convulfions,
1047 2386 61 75 and
1120 2386 64 75 fre-

208 2432 132 75 quently
357 2432 18 75 a
391 2432 224 75 mortification
632 2432 32 75 in
677 2432 69 75 that
758 2432 111 75 organ.

159 2479 261 75 ACONTIAS,
445 2479 33 75 in
496 2479 154 75 zoology,
674 2479 38 75 an
736 2479 140 75 obfolete
894 2479 91 75 name
1003 2479 40 75 of
1061 2479 55 75 the
1129 2479 54 75 an-

207 2525 221 75 guisjaculus,
448 2525 39 75 or
501 2525 194 75 dart-fnake,
721 2525 171 75 belonging
908 2525 35 75 to
960 2525 55 75 the
1039 2525 94 75 order
1149 2525 40 75 of

207 2573 157 75 amphibia
379 2573 170 75 ferpentes.
601 2573 61 75 See
682 2573 168 75 Angitis.

158 2618 218 75 Acontias,
401 2618 26 75 is
445 2618 64 75 alfo
523 2618 18 75 a
553 2618 89 75 name
659 2618 125 75 applied
800 2618 43 75 by
858 2618 86 75 fome
964 2618 124 75 writers
1110 2618 34 75 to
1165 2618 18 75 a

205 2662 77 75 kind
297 2662 40 75 of
349 2662 104 75 comet
469 2662 37 75 or
522 2662 133 75 meteor,
674 2662 105 75 whofe
795 2662 83 75 head
891 2662 128 75 appears
1035 2662 145 75 roundifh

206 2707 37 75 or
257 2707 130 75 oblong,
413 2707 62 75 and
489 2707 41 75 its
548 2707 56 75 tail
616 2707 76 75 long
708 2707 65 75 and
786 2707 132 75 flender,
942 2707 65 75 like
1024 2707 18 75 a
1057 2707 72 75 dart
1145 2707 38 75 or

207 2754 112 75 arrow.

158 2802 277 75 ACONTIUM,
466 2802 33 75 in
524 2802 123 75 ancient
671 2802 137 75 writers,
842 2802 18 75 a
880 2802 79 75 kind
981 2802 40 75 of
1039 2802 140 75 Grecian

206 2846 69 75 dart
288 2846 37 75 or
341 2846 128 75 javelin,
486 2846 171 75 fomewhat
669 2846 185 75 refembling
863 2846 56 75 the
928 2846 124 75 Roman
1065 2846 111 75 pilum.

161 2893 170 75 ACOPA,
357 2893 31 75 in
405 2893 131 75 botany,
562 2893 38 75 an
624 2893 141 75 obfolete
790 2893 89 75 name
903 2893 40 75 of
962 2893 19 75 a
1004 2893 117 75 fpecies
1144 2893 40 75 of

167 2938 7 75 .
206 2938 54 75 the
278 2938 164 75 trifolium,
493 2938 318 75 SbeTrifolium.

1233 125 21 75 9
1313 125 18 75 )

1675 125 42 75 A
1774 125 35 75 C
1869 125 58 75 CV

1249 180 147 75 Acopa,
1407 180 5 75 '
1422 180 64 75 alfo
1502 180 133 75 fignifies
1652 180 170 75 medicines
1845 180 52 75 for
1916 180 173 75 refrelhing
2113 180 55 75 the
2191 180 88 75 body

1296 225 83 75 after
1394 225 88 75 great
1495 225 133 75 fatigue.

1249 273 215 75 ACOPAM.
1516 273 62 75 See
1591 273 146 75 Acopa.

1248 320 185 75 ACOPIS,
1458 320 18 75 a
1493 320 78 75 kind
1587 320 40 75 of
1645 320 92 75 foflil,
1763 320 183 75 mentioned
1957 320 42 75 by
2014 320 107 75 Pliny.

1248 366 217 75 ACOPUM,
1490 366 116 75 among
1617 366 125 75 ancient
1753 366 187 75 phylicians,
1958 366 17 75 a
1987 366 119 75 topical
2121 366 155 75 medicine

1296 411 167 75 compofed
1474 411 40 75 of
1533 411 99 75 warm
1648 411 63 75 and
1727 411 163 75 emolhent
1901 411 194 75 ingredients
2107 411 52 75 for
2176 411 99 75 allay-

1296 456 53 75 ing
1365 456 55 75 the
1436 456 84 75 fenfe
1533 456 39 75 of
1590 456 178 75 wearinefs.

1248 503 206 75 ACORES,
1479 503 32 75 in
1523 503 196 75 geography.
1770 503 62 75 See
1848 503 173 75 Azores.

1248 550 182 75 ACORN,
1456 550 55 75 the
1523 550 78 75 fruit
1617 550 40 75 of
1676 550 55 75 the
1747 550 157 75 oak-tree.
1957 550 61 75 See
2035 550 204 75 Quercus.

1247 595 223 75 ACORUM,
1495 595 32 75 in
1540 595 131 75 botany,
1697 595 247 75 afynonimeof
1962 595 56 75 the
2037 595 123 75 acorus.
2211 595 64 75 See

1295 641 172 75 Acorus.

1246 688 208 75 ACORUS,
1478 688 32 75 in
1538 688 132 75 botany,
1695 688 55 75 the
1770 688 255 75 fweet-fmelling
2048 688 63 75 flag
2131 688 37 75 or
2188 688 85 75 cala-

1292 733 82 75 mus,
1399 733 19 75 a
1440 733 97 75 genus
1555 733 40 75 of
1613 733 54 75 the
1690 733 176 75 hexandria
1889 733 192 75 monogynia
2099 733 90 75 clafs.
2240 733 52 75 It’

1292 779 26 75 is
1335 779 19 75 a
1369 779 105 75 native
1490 779 40 75 of
1541 779 64 75 this
1617 779 34 75 as
1668 779 72 75 well
1757 779 34 75 as
1803 779 93 75 other
1907 779 172 75 European
2096 779 176 75 countries.

1291 825 110 75 There
1418 825 52 75 are
1487 825 90 75 three
1593 825 146 75 varieties
1752 825 40 75 of
1810 825 63 75 this
1890 825 111 75 genus,
2026 825 70 75 viz.
2121 825 56 75 the
2197 825 74 75 aco-

1292 872 52 75 rus
1357 872 157 75 calamus;
1540 872 55 75 the
1611 872 152 75 vulgaris,
1787 872 38 75 or
1837 872 188 75 aromaticus
2039 872 40 75 of
2089 872 55 75 the
2156 872 90 75 (hops
2257 872 11 75 ;

1292 918 62 75 and
1366 918 55 75 the
1437 918 107 75 verus,
1562 918 105 75 which
1679 918 116 75 chiefly
1811 918 105 75 grows
1933 918 32 75 in
1982 918 55 75 the
2054 918 118 75 Indies.

1244 964 173 75 Acorus,
1441 964 33 75 in
1491 964 77 75 mat.
1586 964 83 75 med.
1697 964 19 75 a
1738 964 90 75 name
1844 964 178 75 fometimes
2047 964 93 75 given
2163 964 35 75 to
2214 964 56 75 the

1291 1010 88 75 great
1395 1010 157 75 galangal.
1602 1010 61 75 See
1679 1010 219 75 Galangal

1244 1056 172 75 Acorus,
1440 1056 33 75 in
1491 1056 129 75 botany,
1645 1056 26 75 is
1694 1056 139 75 likewife
1858 1056 19 75 a
1896 1056 163 75 fynonime
2075 1056 42 75 of
2134 1056 56 75 the
2213 1056 65 75 iris,

1292 1102 220 75 pfeudacorus.
1564 1102 61 75 See
1643 1102 95 75 Iris.

1243 1149 353 75 ACOUSMATICI,
1627 1149 179 75 fometimes
1831 1149 65 75 alfo
1911 1149 104 75 called
2033 1149 178 75 Acoujlici,
2234 1149 35 75 in

1290 1194 141 75 Grecian
1447 1194 172 75 antiquity,
1643 1194 76 75 fuch
1731 1194 144 75 difciples
1893 1194 39 75 of
1942 1194 199 75 Pythagoras
2154 1194 33 75 as
2203 1194 67 75 had

1290 1241 55 75 not
1368 1241 180 75 completed
1569 1241 85 75 their
1679 1241 62 75 five
1763 1241 91 75 years
1882 1241 180 75 probation.
2112 1241 61 75 See
2195 1241 73 75 Py-

1294 1287 236 75 thagorean
1550 1287 190 75 philofophy.

1241 1334 259 75 ACOUSTIC,
1524 1334 33 75 in
1574 1334 140 75 general,
1738 1334 133 75 denotes
1883 1334 61 75 any
1961 1334 91 75 thing
2064 1334 70 75 that
2152 1334 118 75 relates

1254 1379 3 75 .
1290 1379 33 75 to
1335 1379 55 75 the
1402 1379 65 75 ear,
1493 1379 37 75 or
1543 1379 55 75 the
1610 1379 85 75 fenfe
1709 1379 41 75 of
1767 1379 144 75 hearing.

1240 1426 205 75 Acoustic
1464 1426 87 75 du£l,
1575 1426 34 75 in
1627 1426 161 75 anatomy,
1813 1426 54 75 the
1883 1426 82 75 fame
1981 1426 78 75 with
2075 1426 121 75 meatus
2210 1426 59 75 au-

1287 1470 148 75 ditorius,
1460 1470 38 75 or
1514 1470 54 75 the
1584 1470 145 75 external
1748 1470 121 75 paflage
1887 1470 40 75 of
1946 1470 55 75 the
2018 1470 66 75 ear.
2134 1470 61 75 See
2214 1470 50 75 A-

1290 1517 176 75 natomy,
1491 1517 78 75 Part
1580 1517 64 75 VI.

1240 1563 205 75 Acoustic
1465 1563 206 75 injirument,
1696 1563 39 75 an
1752 1563 184 75 inftrument
1954 1563 91 75 made
2063 1563 31 75 in
2112 1563 55 75 the
2179 1563 87 75 form

1288 1608 38 75 of
1346 1608 18 75 a
1380 1608 95 75 horn,
1500 1608 183 75 perforated
1698 1608 32 75 at
1746 1608 55 75 the
1817 1608 90 75 fmall
1924 1608 73 75 end,
2022 1608 36 75 to
2076 1608 75 75 aflift
2170 1608 94 75 hear-

1240 1701 205 75 Acoustic
1469 1701 109 75 nerve,
1606 1701 56 75 the
1688 1701 84 75 fanfe
1799 1701 78 75 with
1896 1701 64 75 ^the
1983 1701 149 75 auditory
2154 1701 108 75 nerve.

1288 1747 61 75 See
1364 1747 212 75 Anatomy,
1602 1747 77 75 Part
1695 1747 44 75 V.
1767 1747 63 75 zads
1846 1747 158 75 Auditory
2016 1747 109 75 nerve.

1238 1793 286 75 ACOUSTICS,
1557 1793 78 75 with
1658 1793 187 75 phyficians,
1881 1793 169 75 medicines
2074 1793 52 75 for
2151 1793 117 75 curing

1285 1839 155 75 deafnefs.

1238 1885 138 75 ACQS,
1402 1885 19 75 a
1443 1885 86 75 town
1546 1885 31 75 at
1601 1885 55 75 the
1676 1885 70 75 foot
1766 1885 40 75 of
1824 1885 54 75 the
1896 1885 171 75 Pyrenaean
2083 1885 181 75 mountains

1284 1930 32 75 in
1339 1930 54 75 the
1418 1930 206 75 government
1646 1930 41 75 of
1706 1930 139 75 Foix'in
1868 1930 134 75 France.
2051 1930 33 75 It
2107 1930 91 75 takes
2218 1930 45 75 its

1284 1977 89 75 name
1389 1977 83 75 from
1492 1977 53 75 the
1560 1977 58 75 hot
1637 1977 117 75 waters
1772 1977 33 75 in
1828 1977 87 75 thefe
1932 1977 107 75 parts;
2071 1977 30 75 1.
2128 1977 58 75 25.
2214 1977 47 75 E.

1283 2022 88 75 long.
1398 2022 58 75 43.
1469 2022 35 75 o.
1521 2022 59 75 lat.

1235 2070 182 75 ACQUA,
1450 2070 18 75 a
1490 2070 87 75 town
1604 2070 33 75 in
1660 2070 55 75 the
1738 2070 117 75 Grand
1879 2070 136 75 Dutchy
2038 2070 40 75 of
2095 2070 164 75 Tufcany,

1282 2116 104 75 where
1417 2116 92 75 there
1533 2116 53 75 are
1608 2116 100 75 warm
1730 2116 108 75 baths,
1872 2116 54 75 12.
1955 2116 32 75 5.
2013 2116 43 75 E.
2082 2116 87 75 long.
2199 2116 58 75 43.

1282 2164 56 75 45.
1354 2164 58 75 lat.

1235 2208 547 75 ACQUA-CHE-TAVELLA,
1811 2208 18 75 a
1853 2208 179 75 celebrated
2055 2208 144 75 fountain
2223 2208 40 75 of

1280 2254 98 75 Italy,
1402 2254 33 75 in
1452 2254 305 75 Calabria-citerior,
1783 2254 21 75 a
1817 2254 148 75 province
1982 2254 40 75 of
2040 2254 135 75 Naples.
2224 2254 35 75 It

1279 2300 26 75 is
1329 2300 74 75 near
1426 2300 54 75 the
1497 2300 114 75 mouth
1632 2300 40 75 of
1690 2300 67 75 the'
1768 2300 83 75 river
1867 2300 113 75 Grata,
2005 2300 62 75 and
2091 2300 55 75 the
2169 2300 88 75 ruins

1279 2346 180 75 commonly
1471 2346 102 75 called
1584 2346 114 75 Sihari
1714 2346 164 75 rovinaia.
1927 2346 34 75 It
1974 2346 58 75 has
2049 2346 78 75 been
2143 2346 67 75 faid
2220 2346 38 75 to

1279 2392 142 75 beautify
1433 2392 90 75 thofe
1535 2392 72 75 who
1623 2392 124 75 wafhed
1757 2392 32 75 in
1806 2392 39 75 it.

1231 2440 450 75 ACQUAPENDENTE,
1706 2440 18 75 a
1747 2440 108 75 pretty
1876 2440 89 75 large
1987 2440 87 75 town
2096 2440 41 75 of
2154 2440 99 75 Italy,

1277 2484 31 75 in
1325 2484 55 75 the
1402 2484 151 75 territory
1575 2484 40 75 of
1633 2484 56 75 the
1711 2484 138 75 church,
1868 2484 62 75 and
1951 2484 180 75 patrimony
2152 2484 41 75 of
2212 2484 41 75 St

1277 2530 107 75 Peter,
1401 2530 77 75 with
1492 2530 18 75 a
1525 2530 134 75 bifhop’s
1677 2530 61 75 fee.
1779 2530 31 75 It
1827 2530 26 75 is
1865 2530 106 75 feated
1983 2530 41 75 on
2042 2530 17 75 a
2075 2530 183 75 mountain,

1278 2576 74 75 near
1374 2576 54 75 the
1453 2576 83 75 river
1558 2576 126 75 Paglia,
1710 2576 43 75 10
1774 2576 89 75 miles
1880 2576 60 75 W.
1959 2576 40 75 of
2016 2576 149 75 Orvieto,
2189 2576 68 75 and

1279 2623 41 75 57
1337 2623 48 75 N.
1398 2623 43 75 by
1456 2623 59 75 W.
1536 2623 45 75 of
1587 2623 121 75 Rome,
1733 2623 53 75 11.
1802 2623 56 75 53.
1876 2623 30 75 E
1931 2623 89 75 long.
2047 2623 55 75 42-
2120 2623 57 75 43.
2190 2623 59 75 lat.

1229 2671 268 75 ACQUARIA,
1523 2671 18 75 a
1556 2671 92 75 fmall
1658 2671 85 75 town
1760 2671 40 75 of
1819 2671 96 75 Italy,
1940 2671 32 75 in
1993 2671 147 75 Frigana,
2166 2671 18 75 a
2200 2671 49 75 di-

1275 2715 83 75 flriri:
1374 2715 40 75 of
1433 2715 156 75 Modena,
1615 2715 102 75 which
1735 2715 25 75 is
1778 2715 195 75 remarkable
1990 2715 51 75 for
2056 2715 42 75 its
2119 2715 131 75 medici-

1241 2762 3 75 .
1273 2762 51 75 nal
1340 2762 131 75 waters.
1516 2762 31 75 It
1570 2762 26 75 is
1618 2762 38 75 12
1681 2762 90 75 miks
1793 2762 92 75 foath
1901 2762 40 75 of
1959 2762 55 75 the
2031 2762 65 75 city
2112 2762 40 75 of
2169 2762 87 75 Mo-

1273 2808 95 75 dena,
1393 2808 59 75 11.
1469 2808 54 75 17.
1541 2808 44 75 E.
1601 2808 88 75 long.
1715 2808 60 75 44.
1787 2808 60 75 24.
1862 2808 57 75 lat.

1227 2856 299 75 ACQUAVIVA,
1553 2856 18 75 a
1593 2856 87 75 fmall
1703 2856 87 75 town
1811 2856 30 75 in
1866 2856 53 75 the
1935 2856 107 75 Terra
2064 2856 32 75 di
2114 2856 88 75 Bari,
2228 2856 21 75 a

1272 2903 148 75 province
1435 2903 33 75 in
1488 2903 53 75 the
1556 2903 207 75 kingdom:of
1773 2903 133 75 Naples,
1936 2903 131 75 17.25,.
2092 2903 50 75 E.
2154 2903 96 75 long.

1273 2950 214 75 41.10-la.U

2004 2995 245 75 ACQUEST,
