<?xml version="1.0" encoding="UTF-8"?>
<alto xmlns="http://www.loc.gov/standards/alto/v3/alto.xsd"><Description><MeasurementUnit>pixel</MeasurementUnit><sourceImageInformation><fileName>./data/pdfs/c_188936619/i_144133901/188082693.23.pdf</fileName></sourceImageInformation><OCRProcessing ID="IdOcr"><ocrProcessingStep><processingDateTime>Fri Jul 12 10:38:14 2019
</processingDateTime><processingSoftware><softwareCreator>CONTRIBUTORS</softwareCreator><softwareName>pdfalto</softwareName><softwareVersion>0.1</softwareVersion></processingSoftware></ocrProcessingStep></OCRProcessing></Description><Styles><TextStyle ID="font0" FONTFAMILY="times" FONTSIZE="10.000" FONTTYPE="serif" FONTWIDTH="proportional" FONTCOLOR="#WWWWWW" FONTSTYLE=""/><TextStyle ID="font1" FONTFAMILY="times" FONTSIZE="6.500" FONTTYPE="serif" FONTWIDTH="proportional" FONTCOLOR="#WWWWWW" FONTSTYLE="superscript"/><TextStyle ID="font2" FONTFAMILY="times" FONTSIZE="6.500" FONTTYPE="serif" FONTWIDTH="proportional" FONTCOLOR="#WWWWWW" FONTSTYLE="subscript"/></Styles><Layout><Page ID="Page564" PHYSICAL_IMG_NR="564" WIDTH="2493" HEIGHT="3387"><PrintSpace><TextLine WIDTH="85" HEIGHT="75" ID="p564_t1" HPOS="200" VPOS="181"><String ID="p564_w1" CONTENT="47°" HPOS="200" VPOS="181" WIDTH="85" HEIGHT="75" STYLEREFS="font0"/></TextLine><TextLine WIDTH="498" HEIGHT="75" ID="p564_t2" HPOS="765" VPOS="181"><String ID="p564_w2" CONTENT="ASTRO" HPOS="765" VPOS="181" WIDTH="498" HEIGHT="75" STYLEREFS="font0"/></TextLine><TextLine WIDTH="1034" HEIGHT="75" ID="p564_t3" HPOS="200" VPOS="241"><String ID="p564_w3" CONTENT="the" HPOS="200" VPOS="241" WIDTH="55" HEIGHT="75" STYLEREFS="font0"/><SP WIDTH="18" VPOS="241" HPOS="255"/><String ID="p564_w4" CONTENT="6" HPOS="273" VPOS="241" WIDTH="21" HEIGHT="75" STYLEREFS="font0"/><SP WIDTH="16" VPOS="241" HPOS="294"/><String ID="p564_w5" CONTENT="degrees" HPOS="310" VPOS="241" WIDTH="137" HEIGHT="75" STYLEREFS="font0"/><SP WIDTH="12" VPOS="241" HPOS="447"/><String ID="p564_w6" CONTENT="of" HPOS="459" VPOS="241" WIDTH="40" HEIGHT="75" STYLEREFS="font0"/><SP WIDTH="20" VPOS="241" HPOS="499"/><String ID="p564_w7" CONTENT="the" HPOS="519" VPOS="241" WIDTH="55" HEIGHT="75" STYLEREFS="font0"/><SP WIDTH="24" VPOS="241" HPOS="574"/><String ID="p564_w8" CONTENT="fun’s" HPOS="598" VPOS="241" WIDTH="84" HEIGHT="75" STYLEREFS="font0"/><SP WIDTH="17" VPOS="241" HPOS="682"/><String ID="p564_w9" CONTENT="motion" HPOS="699" VPOS="241" WIDTH="122" HEIGHT="75" STYLEREFS="font0"/><SP WIDTH="21" VPOS="241" HPOS="821"/><String ID="p564_w10" CONTENT="in" HPOS="842" VPOS="241" WIDTH="34" HEIGHT="75" STYLEREFS="font0"/><SP WIDTH="16" VPOS="241" HPOS="876"/><String ID="p564_w11" CONTENT="that" HPOS="892" VPOS="241" WIDTH="72" HEIGHT="75" STYLEREFS="font0"/><SP WIDTH="14" VPOS="241" HPOS="964"/><String ID="p564_w12" CONTENT="time" HPOS="978" VPOS="241" WIDTH="78" HEIGHT="75" STYLEREFS="font0"/><SP WIDTH="16" VPOS="241" HPOS="1056"/><String ID="p564_w13" CONTENT="had" HPOS="1072" VPOS="241" WIDTH="65" HEIGHT="75" STYLEREFS="font0"/><SP WIDTH="16" VPOS="241" HPOS="1137"/><String ID="p564_w14" CONTENT="been" HPOS="1153" VPOS="241" WIDTH="81" HEIGHT="75" STYLEREFS="font0"/></TextLine><TextLine WIDTH="1042" HEIGHT="75" ID="p564_t4" HPOS="199" VPOS="290"><String ID="p564_w15" CONTENT="allowed" HPOS="199" VPOS="290" WIDTH="137" HEIGHT="75" STYLEREFS="font0"/><SP WIDTH="23" VPOS="290" HPOS="336"/><String ID="p564_w16" CONTENT="for." HPOS="359" VPOS="290" WIDTH="63" HEIGHT="75" STYLEREFS="font0"/><SP WIDTH="50" VPOS="290" HPOS="422"/><String ID="p564_w17" CONTENT="At" HPOS="472" VPOS="290" WIDTH="49" HEIGHT="75" STYLEREFS="font0"/><SP WIDTH="20" VPOS="290" HPOS="521"/><String ID="p564_w18" CONTENT="the" HPOS="541" VPOS="290" WIDTH="55" HEIGHT="75" STYLEREFS="font0"/><SP WIDTH="23" VPOS="290" HPOS="596"/><String ID="p564_w19" CONTENT="firft" HPOS="619" VPOS="290" WIDTH="65" HEIGHT="75" STYLEREFS="font0"/><SP WIDTH="17" VPOS="290" HPOS="684"/><String ID="p564_w20" CONTENT="turn" HPOS="701" VPOS="290" WIDTH="73" HEIGHT="75" STYLEREFS="font0"/><SP WIDTH="16" VPOS="290" HPOS="774"/><String ID="p564_w21" CONTENT="the" HPOS="790" VPOS="290" WIDTH="57" HEIGHT="75" STYLEREFS="font0"/><SP WIDTH="17" VPOS="290" HPOS="847"/><String ID="p564_w22" CONTENT="patch" HPOS="864" VPOS="290" WIDTH="95" HEIGHT="75" STYLEREFS="font0"/><SP WIDTH="27" VPOS="290" HPOS="959"/><String ID="p564_w23" CONTENT="rifes" HPOS="986" VPOS="290" WIDTH="75" HEIGHT="75" STYLEREFS="font0"/><SP WIDTH="28" VPOS="290" HPOS="1061"/><String ID="p564_w24" CONTENT="fouth" HPOS="1089" VPOS="290" WIDTH="94" HEIGHT="75" STYLEREFS="font0"/><SP WIDTH="17" VPOS="290" HPOS="1183"/><String ID="p564_w25" CONTENT="of" HPOS="1200" VPOS="290" WIDTH="41" HEIGHT="75" STYLEREFS="font0"/></TextLine><TextLine WIDTH="1033" HEIGHT="75" ID="p564_t5" HPOS="202" VPOS="335"><String ID="p564_w26" CONTENT="the" HPOS="202" VPOS="335" WIDTH="55" HEIGHT="75" STYLEREFS="font0"/><SP WIDTH="16" VPOS="335" HPOS="257"/><String ID="p564_w27" CONTENT="eaft," HPOS="273" VPOS="335" WIDTH="75" HEIGHT="75" STYLEREFS="font0"/><SP WIDTH="26" VPOS="335" HPOS="348"/><String ID="p564_w28" CONTENT="at" HPOS="374" VPOS="335" WIDTH="31" HEIGHT="75" STYLEREFS="font0"/><SP WIDTH="17" VPOS="335" HPOS="405"/><String ID="p564_w29" CONTENT="the" HPOS="422" VPOS="335" WIDTH="56" HEIGHT="75" STYLEREFS="font0"/><SP WIDTH="13" VPOS="335" HPOS="478"/><String ID="p564_w30" CONTENT="middle" HPOS="491" VPOS="335" WIDTH="120" HEIGHT="75" STYLEREFS="font0"/><SP WIDTH="16" VPOS="335" HPOS="611"/><String ID="p564_w31" CONTENT="turn" HPOS="627" VPOS="335" WIDTH="74" HEIGHT="75" STYLEREFS="font0"/><SP WIDTH="12" VPOS="335" HPOS="701"/><String ID="p564_w32" CONTENT="due" HPOS="713" VPOS="335" WIDTH="63" HEIGHT="75" STYLEREFS="font0"/><SP WIDTH="12" VPOS="335" HPOS="776"/><String ID="p564_w33" CONTENT="eaft," HPOS="788" VPOS="335" WIDTH="75" HEIGHT="75" STYLEREFS="font0"/><SP WIDTH="27" VPOS="335" HPOS="863"/><String ID="p564_w34" CONTENT="and" HPOS="890" VPOS="335" WIDTH="63" HEIGHT="75" STYLEREFS="font0"/><SP WIDTH="17" VPOS="335" HPOS="953"/><String ID="p564_w35" CONTENT="at" HPOS="970" VPOS="335" WIDTH="32" HEIGHT="75" STYLEREFS="font0"/><SP WIDTH="12" VPOS="335" HPOS="1002"/><String ID="p564_w36" CONTENT="the" HPOS="1014" VPOS="335" WIDTH="57" HEIGHT="75" STYLEREFS="font0"/><SP WIDTH="16" VPOS="335" HPOS="1071"/><String ID="p564_w37" CONTENT="laft" HPOS="1087" VPOS="335" WIDTH="57" HEIGHT="75" STYLEREFS="font0"/><SP WIDTH="17" VPOS="335" HPOS="1144"/><String ID="p564_w38" CONTENT="turn" HPOS="1161" VPOS="335" WIDTH="74" HEIGHT="75" STYLEREFS="font0"/></TextLine><TextLine WIDTH="1045" HEIGHT="75" ID="p564_t6" HPOS="200" VPOS="381"><String ID="p564_w39" CONTENT="north" HPOS="200" VPOS="381" WIDTH="97" HEIGHT="75" STYLEREFS="font0"/><SP WIDTH="17" VPOS="381" HPOS="297"/><String ID="p564_w40" CONTENT="of" HPOS="314" VPOS="381" WIDTH="40" HEIGHT="75" STYLEREFS="font0"/><SP WIDTH="11" VPOS="381" HPOS="354"/><String ID="p564_w41" CONTENT="the" HPOS="365" VPOS="381" WIDTH="54" HEIGHT="75" STYLEREFS="font0"/><SP WIDTH="17" VPOS="381" HPOS="419"/><String ID="p564_w42" CONTENT="eaft." HPOS="436" VPOS="381" WIDTH="74" HEIGHT="75" STYLEREFS="font0"/><SP WIDTH="27" VPOS="381" HPOS="510"/><String ID="p564_w43" CONTENT="." HPOS="537" VPOS="381" WIDTH="4" HEIGHT="75" STYLEREFS="font0"/><SP WIDTH="20" VPOS="381" HPOS="541"/><String ID="p564_w44" CONTENT="But" HPOS="561" VPOS="381" WIDTH="67" HEIGHT="75" STYLEREFS="font0"/><SP WIDTH="16" VPOS="381" HPOS="628"/><String ID="p564_w45" CONTENT="thefe" HPOS="644" VPOS="381" WIDTH="88" HEIGHT="75" STYLEREFS="font0"/><SP WIDTH="15" VPOS="381" HPOS="732"/><String ID="p564_w46" CONTENT="patches" HPOS="747" VPOS="381" WIDTH="131" HEIGHT="75" STYLEREFS="font0"/><SP WIDTH="16" VPOS="381" HPOS="878"/><String ID="p564_w47" CONTENT="will" HPOS="894" VPOS="381" WIDTH="67" HEIGHT="75" STYLEREFS="font0"/><SP WIDTH="28" VPOS="381" HPOS="961"/><String ID="p564_w48" CONTENT="be" HPOS="989" VPOS="381" WIDTH="40" HEIGHT="75" STYLEREFS="font0"/><SP WIDTH="19" VPOS="381" HPOS="1029"/><String ID="p564_w49" CONTENT="9" HPOS="1048" VPOS="381" WIDTH="20" HEIGHT="75" STYLEREFS="font0"/><SP WIDTH="16" VPOS="381" HPOS="1068"/><String ID="p564_w50" CONTENT="hours" HPOS="1084" VPOS="381" WIDTH="99" HEIGHT="75" STYLEREFS="font0"/><SP WIDTH="18" VPOS="381" HPOS="1183"/><String ID="p564_w51" CONTENT="of" HPOS="1201" VPOS="381" WIDTH="44" HEIGHT="75" STYLEREFS="font0"/></TextLine><TextLine WIDTH="1034" HEIGHT="75" ID="p564_t7" HPOS="201" VPOS="428"><String ID="p564_w52" CONTENT="fetting" HPOS="201" VPOS="428" WIDTH="117" HEIGHT="75" STYLEREFS="font0"/><SP WIDTH="16" VPOS="428" HPOS="318"/><String ID="p564_w53" CONTENT="on" HPOS="334" VPOS="428" WIDTH="43" HEIGHT="75" STYLEREFS="font0"/><SP WIDTH="22" VPOS="428" HPOS="377"/><String ID="p564_w54" CONTENT="the" HPOS="399" VPOS="428" WIDTH="57" HEIGHT="75" STYLEREFS="font0"/><SP WIDTH="16" VPOS="428" HPOS="456"/><String ID="p564_w55" CONTENT="weftern" HPOS="472" VPOS="428" WIDTH="130" HEIGHT="75" STYLEREFS="font0"/><SP WIDTH="18" VPOS="428" HPOS="602"/><String ID="p564_w56" CONTENT="fide" HPOS="620" VPOS="428" WIDTH="62" HEIGHT="75" STYLEREFS="font0"/><SP WIDTH="17" VPOS="428" HPOS="682"/><String ID="p564_w57" CONTENT="of" HPOS="699" VPOS="428" WIDTH="39" HEIGHT="75" STYLEREFS="font0"/><SP WIDTH="22" VPOS="428" HPOS="738"/><String ID="p564_w58" CONTENT="the" HPOS="760" VPOS="428" WIDTH="56" HEIGHT="75" STYLEREFS="font0"/><SP WIDTH="17" VPOS="428" HPOS="816"/><String ID="p564_w59" CONTENT="horizon," HPOS="833" VPOS="428" WIDTH="148" HEIGHT="75" STYLEREFS="font0"/><SP WIDTH="28" VPOS="428" HPOS="981"/><String ID="p564_w60" CONTENT="which" HPOS="1009" VPOS="428" WIDTH="103" HEIGHT="75" STYLEREFS="font0"/><SP WIDTH="25" VPOS="428" HPOS="1112"/><String ID="p564_w61" CONTENT="fhews" HPOS="1137" VPOS="428" WIDTH="98" HEIGHT="75" STYLEREFS="font0"/></TextLine><TextLine WIDTH="1035" HEIGHT="75" ID="p564_t8" HPOS="202" VPOS="474"><String ID="p564_w62" CONTENT="that" HPOS="202" VPOS="474" WIDTH="70" HEIGHT="75" STYLEREFS="font0"/><SP WIDTH="17" VPOS="474" HPOS="272"/><String ID="p564_w63" CONTENT="the" HPOS="289" VPOS="474" WIDTH="55" HEIGHT="75" STYLEREFS="font0"/><SP WIDTH="28" VPOS="474" HPOS="344"/><String ID="p564_w64" CONTENT="moon" HPOS="372" VPOS="474" WIDTH="95" HEIGHT="75" STYLEREFS="font0"/><SP WIDTH="18" VPOS="474" HPOS="467"/><String ID="p564_w65" CONTENT="will" HPOS="485" VPOS="474" WIDTH="66" HEIGHT="75" STYLEREFS="font0"/><SP WIDTH="28" VPOS="474" HPOS="551"/><String ID="p564_w66" CONTENT="be" HPOS="579" VPOS="474" WIDTH="39" HEIGHT="75" STYLEREFS="font0"/><SP WIDTH="17" VPOS="474" HPOS="618"/><String ID="p564_w67" CONTENT="fo" HPOS="635" VPOS="474" WIDTH="34" HEIGHT="75" STYLEREFS="font0"/><SP WIDTH="23" VPOS="474" HPOS="669"/><String ID="p564_w68" CONTENT="much" HPOS="692" VPOS="474" WIDTH="96" HEIGHT="75" STYLEREFS="font0"/><SP WIDTH="27" VPOS="474" HPOS="788"/><String ID="p564_w69" CONTENT="later" HPOS="815" VPOS="474" WIDTH="83" HEIGHT="75" STYLEREFS="font0"/><SP WIDTH="16" VPOS="474" HPOS="898"/><String ID="p564_w70" CONTENT="of" HPOS="914" VPOS="474" WIDTH="40" HEIGHT="75" STYLEREFS="font0"/><SP WIDTH="23" VPOS="474" HPOS="954"/><String ID="p564_w71" CONTENT="fetting" HPOS="977" VPOS="474" WIDTH="117" HEIGHT="75" STYLEREFS="font0"/><SP WIDTH="23" VPOS="474" HPOS="1094"/><String ID="p564_w72" CONTENT="in" HPOS="1117" VPOS="474" WIDTH="31" HEIGHT="75" STYLEREFS="font0"/><SP WIDTH="19" VPOS="474" HPOS="1148"/><String ID="p564_w73" CONTENT="that" HPOS="1167" VPOS="474" WIDTH="70" HEIGHT="75" STYLEREFS="font0"/></TextLine><TextLine WIDTH="1034" HEIGHT="75" ID="p564_t9" HPOS="201" VPOS="521"><String ID="p564_w74" CONTENT="week" HPOS="201" VPOS="521" WIDTH="90" HEIGHT="75" STYLEREFS="font0"/><SP WIDTH="12" VPOS="521" HPOS="291"/><String ID="p564_w75" CONTENT="in" HPOS="303" VPOS="521" WIDTH="31" HEIGHT="75" STYLEREFS="font0"/><SP WIDTH="13" VPOS="521" HPOS="334"/><String ID="p564_w76" CONTENT="which" HPOS="347" VPOS="521" WIDTH="106" HEIGHT="75" STYLEREFS="font0"/><SP WIDTH="16" VPOS="521" HPOS="453"/><String ID="p564_w77" CONTENT="fhe" HPOS="469" VPOS="521" WIDTH="52" HEIGHT="75" STYLEREFS="font0"/><SP WIDTH="17" VPOS="521" HPOS="521"/><String ID="p564_w78" CONTENT="moves" HPOS="538" VPOS="521" WIDTH="108" HEIGHT="75" STYLEREFS="font0"/><SP WIDTH="17" VPOS="521" HPOS="646"/><String ID="p564_w79" CONTENT="through" HPOS="663" VPOS="521" WIDTH="141" HEIGHT="75" STYLEREFS="font0"/><SP WIDTH="17" VPOS="521" HPOS="804"/><String ID="p564_w80" CONTENT="thefe" HPOS="821" VPOS="521" WIDTH="89" HEIGHT="75" STYLEREFS="font0"/><SP WIDTH="16" VPOS="521" HPOS="910"/><String ID="p564_w81" CONTENT="two" HPOS="926" VPOS="521" WIDTH="66" HEIGHT="75" STYLEREFS="font0"/><SP WIDTH="24" VPOS="521" HPOS="992"/><String ID="p564_w82" CONTENT="figns." HPOS="1016" VPOS="521" WIDTH="94" HEIGHT="75" STYLEREFS="font0"/><SP WIDTH="48" VPOS="521" HPOS="1110"/><String ID="p564_w83" CONTENT="The" HPOS="1158" VPOS="521" WIDTH="77" HEIGHT="75" STYLEREFS="font0"/></TextLine><TextLine WIDTH="1034" HEIGHT="75" ID="p564_t10" HPOS="202" VPOS="568"><String ID="p564_w84" CONTENT="daufe" HPOS="202" VPOS="568" WIDTH="89" HEIGHT="75" STYLEREFS="font0"/><SP WIDTH="17" VPOS="568" HPOS="291"/><String ID="p564_w85" CONTENT="of" HPOS="308" VPOS="568" WIDTH="41" HEIGHT="75" STYLEREFS="font0"/><SP WIDTH="10" VPOS="568" HPOS="349"/><String ID="p564_w86" CONTENT="this" HPOS="359" VPOS="568" WIDTH="64" HEIGHT="75" STYLEREFS="font0"/><SP WIDTH="17" VPOS="568" HPOS="423"/><String ID="p564_w87" CONTENT="difference" HPOS="440" VPOS="568" WIDTH="173" HEIGHT="75" STYLEREFS="font0"/><SP WIDTH="16" VPOS="568" HPOS="613"/><String ID="p564_w88" CONTENT="is" HPOS="629" VPOS="568" WIDTH="27" HEIGHT="75" STYLEREFS="font0"/><SP WIDTH="21" VPOS="568" HPOS="656"/><String ID="p564_w89" CONTENT="evident" HPOS="677" VPOS="568" WIDTH="129" HEIGHT="75" STYLEREFS="font0"/><SP WIDTH="17" VPOS="568" HPOS="806"/><String ID="p564_w90" CONTENT=";" HPOS="823" VPOS="568" WIDTH="9" HEIGHT="75" STYLEREFS="font0"/><SP WIDTH="35" VPOS="568" HPOS="832"/><String ID="p564_w91" CONTENT="for" HPOS="867" VPOS="568" WIDTH="52" HEIGHT="75" STYLEREFS="font0"/><SP WIDTH="15" VPOS="568" HPOS="919"/><String ID="p564_w92" CONTENT="Pifces" HPOS="934" VPOS="568" WIDTH="109" HEIGHT="75" STYLEREFS="font0"/><SP WIDTH="17" VPOS="568" HPOS="1043"/><String ID="p564_w93" CONTENT="and" HPOS="1060" VPOS="568" WIDTH="63" HEIGHT="75" STYLEREFS="font0"/><SP WIDTH="16" VPOS="568" HPOS="1123"/><String ID="p564_w94" CONTENT="Aries" HPOS="1139" VPOS="568" WIDTH="97" HEIGHT="75" STYLEREFS="font0"/></TextLine><TextLine WIDTH="1034" HEIGHT="75" ID="p564_t11" HPOS="202" VPOS="615"><String ID="p564_w95" CONTENT="make" HPOS="202" VPOS="615" WIDTH="91" HEIGHT="75" STYLEREFS="font0"/><SP WIDTH="16" VPOS="615" HPOS="293"/><String ID="p564_w96" CONTENT="only" HPOS="309" VPOS="615" WIDTH="78" HEIGHT="75" STYLEREFS="font0"/><SP WIDTH="17" VPOS="615" HPOS="387"/><String ID="p564_w97" CONTENT="an" HPOS="404" VPOS="615" WIDTH="38" HEIGHT="75" STYLEREFS="font0"/><SP WIDTH="18" VPOS="615" HPOS="442"/><String ID="p564_w98" CONTENT="angle" HPOS="460" VPOS="615" WIDTH="92" HEIGHT="75" STYLEREFS="font0"/><SP WIDTH="17" VPOS="615" HPOS="552"/><String ID="p564_w99" CONTENT="of" HPOS="569" VPOS="615" WIDTH="40" HEIGHT="75" STYLEREFS="font0"/><SP WIDTH="15" VPOS="615" HPOS="609"/><String ID="p564_w100" CONTENT="15" HPOS="624" VPOS="615" WIDTH="39" HEIGHT="75" STYLEREFS="font0"/><SP WIDTH="18" VPOS="615" HPOS="663"/><String ID="p564_w101" CONTENT="degrees" HPOS="681" VPOS="615" WIDTH="133" HEIGHT="75" STYLEREFS="font0"/><SP WIDTH="14" VPOS="615" HPOS="814"/><String ID="p564_w102" CONTENT="with" HPOS="828" VPOS="615" WIDTH="77" HEIGHT="75" STYLEREFS="font0"/><SP WIDTH="12" VPOS="615" HPOS="905"/><String ID="p564_w103" CONTENT="the" HPOS="917" VPOS="615" WIDTH="55" HEIGHT="75" STYLEREFS="font0"/><SP WIDTH="16" VPOS="615" HPOS="972"/><String ID="p564_w104" CONTENT="horizon" HPOS="988" VPOS="615" WIDTH="139" HEIGHT="75" STYLEREFS="font0"/><SP WIDTH="16" VPOS="615" HPOS="1127"/><String ID="p564_w105" CONTENT="when" HPOS="1143" VPOS="615" WIDTH="93" HEIGHT="75" STYLEREFS="font0"/></TextLine><TextLine WIDTH="1036" HEIGHT="75" ID="p564_t12" HPOS="201" VPOS="661"><String ID="p564_w106" CONTENT="they" HPOS="201" VPOS="661" WIDTH="79" HEIGHT="75" STYLEREFS="font0"/><SP WIDTH="15" VPOS="661" HPOS="280"/><String ID="p564_w107" CONTENT="rife" HPOS="295" VPOS="661" WIDTH="59" HEIGHT="75" STYLEREFS="font0"/><SP WIDTH="14" VPOS="661" HPOS="354"/><String ID="p564_w108" CONTENT=";" HPOS="368" VPOS="661" WIDTH="11" HEIGHT="75" STYLEREFS="font0"/><SP WIDTH="30" VPOS="661" HPOS="379"/><String ID="p564_w109" CONTENT="but" HPOS="409" VPOS="661" WIDTH="58" HEIGHT="75" STYLEREFS="font0"/><SP WIDTH="24" VPOS="661" HPOS="467"/><String ID="p564_w110" CONTENT="they" HPOS="491" VPOS="661" WIDTH="79" HEIGHT="75" STYLEREFS="font0"/><SP WIDTH="16" VPOS="661" HPOS="570"/><String ID="p564_w111" CONTENT="make" HPOS="586" VPOS="661" WIDTH="94" HEIGHT="75" STYLEREFS="font0"/><SP WIDTH="24" VPOS="661" HPOS="680"/><String ID="p564_w112" CONTENT="an" HPOS="704" VPOS="661" WIDTH="39" HEIGHT="75" STYLEREFS="font0"/><SP WIDTH="29" VPOS="661" HPOS="743"/><String ID="p564_w113" CONTENT="angle" HPOS="772" VPOS="661" WIDTH="92" HEIGHT="75" STYLEREFS="font0"/><SP WIDTH="17" VPOS="661" HPOS="864"/><String ID="p564_w114" CONTENT="of" HPOS="881" VPOS="661" WIDTH="40" HEIGHT="75" STYLEREFS="font0"/><SP WIDTH="23" VPOS="661" HPOS="921"/><String ID="p564_w115" CONTENT="62" HPOS="944" VPOS="661" WIDTH="44" HEIGHT="75" STYLEREFS="font0"/><SP WIDTH="19" VPOS="661" HPOS="988"/><String ID="p564_w116" CONTENT="degrees" HPOS="1007" VPOS="661" WIDTH="133" HEIGHT="75" STYLEREFS="font0"/><SP WIDTH="17" VPOS="661" HPOS="1140"/><String ID="p564_w117" CONTENT="with" HPOS="1157" VPOS="661" WIDTH="80" HEIGHT="75" STYLEREFS="font0"/></TextLine><TextLine WIDTH="1033" HEIGHT="75" ID="p564_t13" HPOS="203" VPOS="708"><String ID="p564_w118" CONTENT="it" HPOS="203" VPOS="708" WIDTH="22" HEIGHT="75" STYLEREFS="font0"/><SP WIDTH="18" VPOS="708" HPOS="225"/><String ID="p564_w119" CONTENT="when" HPOS="243" VPOS="708" WIDTH="91" HEIGHT="75" STYLEREFS="font0"/><SP WIDTH="17" VPOS="708" HPOS="334"/><String ID="p564_w120" CONTENT="they" HPOS="351" VPOS="708" WIDTH="78" HEIGHT="75" STYLEREFS="font0"/><SP WIDTH="15" VPOS="708" HPOS="429"/><String ID="p564_w121" CONTENT="fet." HPOS="444" VPOS="708" WIDTH="59" HEIGHT="75" STYLEREFS="font0"/><SP WIDTH="50" VPOS="708" HPOS="503"/><String ID="p564_w122" CONTENT="As" HPOS="553" VPOS="708" WIDTH="49" HEIGHT="75" STYLEREFS="font0"/><SP WIDTH="18" VPOS="708" HPOS="602"/><String ID="p564_w123" CONTENT="the" HPOS="620" VPOS="708" WIDTH="55" HEIGHT="75" STYLEREFS="font0"/><SP WIDTH="27" VPOS="708" HPOS="675"/><String ID="p564_w124" CONTENT="figns" HPOS="702" VPOS="708" WIDTH="82" HEIGHT="75" STYLEREFS="font0"/><SP WIDTH="20" VPOS="708" HPOS="784"/><String ID="p564_w125" CONTENT="Taurus," HPOS="804" VPOS="708" WIDTH="146" HEIGHT="75" STYLEREFS="font0"/><SP WIDTH="26" VPOS="708" HPOS="950"/><String ID="p564_w126" CONTENT="Gemini," HPOS="976" VPOS="708" WIDTH="148" HEIGHT="75" STYLEREFS="font0"/><SP WIDTH="24" VPOS="708" HPOS="1124"/><String ID="p564_w127" CONTENT="Can-" HPOS="1148" VPOS="708" WIDTH="88" HEIGHT="75" STYLEREFS="font0"/></TextLine><TextLine WIDTH="1036" HEIGHT="75" ID="p564_t14" HPOS="202" VPOS="754"><String ID="p564_w128" CONTENT="cer," HPOS="202" VPOS="754" WIDTH="64" HEIGHT="75" STYLEREFS="font0"/><SP WIDTH="26" VPOS="754" HPOS="266"/><String ID="p564_w129" CONTENT="Leo," HPOS="292" VPOS="754" WIDTH="84" HEIGHT="75" STYLEREFS="font0"/><SP WIDTH="25" VPOS="754" HPOS="376"/><String ID="p564_w130" CONTENT="Virgo," HPOS="401" VPOS="754" WIDTH="117" HEIGHT="75" STYLEREFS="font0"/><SP WIDTH="27" VPOS="754" HPOS="518"/><String ID="p564_w131" CONTENT="and" HPOS="545" VPOS="754" WIDTH="61" HEIGHT="75" STYLEREFS="font0"/><SP WIDTH="18" VPOS="754" HPOS="606"/><String ID="p564_w132" CONTENT="Libra," HPOS="624" VPOS="754" WIDTH="114" HEIGHT="75" STYLEREFS="font0"/><SP WIDTH="24" VPOS="754" HPOS="738"/><String ID="p564_w133" CONTENT="rife" HPOS="762" VPOS="754" WIDTH="59" HEIGHT="75" STYLEREFS="font0"/><SP WIDTH="17" VPOS="754" HPOS="821"/><String ID="p564_w134" CONTENT="fuccefEvely," HPOS="838" VPOS="754" WIDTH="211" HEIGHT="75" STYLEREFS="font0"/><SP WIDTH="23" VPOS="754" HPOS="1049"/><String ID="p564_w135" CONTENT="the" HPOS="1072" VPOS="754" WIDTH="56" HEIGHT="75" STYLEREFS="font0"/><SP WIDTH="18" VPOS="754" HPOS="1128"/><String ID="p564_w136" CONTENT="angle" HPOS="1146" VPOS="754" WIDTH="92" HEIGHT="75" STYLEREFS="font0"/></TextLine><TextLine WIDTH="1034" HEIGHT="75" ID="p564_t15" HPOS="201" VPOS="802"><String ID="p564_w137" CONTENT="increafes" HPOS="201" VPOS="802" WIDTH="152" HEIGHT="75" STYLEREFS="font0"/><SP WIDTH="24" VPOS="802" HPOS="353"/><String ID="p564_w138" CONTENT="gradually" HPOS="377" VPOS="802" WIDTH="167" HEIGHT="75" STYLEREFS="font0"/><SP WIDTH="26" VPOS="802" HPOS="544"/><String ID="p564_w139" CONTENT="which" HPOS="570" VPOS="802" WIDTH="105" HEIGHT="75" STYLEREFS="font0"/><SP WIDTH="26" VPOS="802" HPOS="675"/><String ID="p564_w140" CONTENT="they" HPOS="701" VPOS="802" WIDTH="79" HEIGHT="75" STYLEREFS="font0"/><SP WIDTH="18" VPOS="802" HPOS="780"/><String ID="p564_w141" CONTENT="make" HPOS="798" VPOS="802" WIDTH="93" HEIGHT="75" STYLEREFS="font0"/><SP WIDTH="17" VPOS="802" HPOS="891"/><String ID="p564_w142" CONTENT="with" HPOS="908" VPOS="802" WIDTH="79" HEIGHT="75" STYLEREFS="font0"/><SP WIDTH="16" VPOS="802" HPOS="987"/><String ID="p564_w143" CONTENT="the" HPOS="1003" VPOS="802" WIDTH="57" HEIGHT="75" STYLEREFS="font0"/><SP WIDTH="18" VPOS="802" HPOS="1060"/><String ID="p564_w144" CONTENT="horizon;" HPOS="1078" VPOS="802" WIDTH="157" HEIGHT="75" STYLEREFS="font0"/></TextLine><TextLine WIDTH="1037" HEIGHT="75" ID="p564_t16" HPOS="201" VPOS="848"><String ID="p564_w145" CONTENT="atftl" HPOS="201" VPOS="848" WIDTH="63" HEIGHT="75" STYLEREFS="font0"/><SP WIDTH="15" VPOS="848" HPOS="264"/><String ID="p564_w146" CONTENT="decreafes" HPOS="279" VPOS="848" WIDTH="164" HEIGHT="75" STYLEREFS="font0"/><SP WIDTH="16" VPOS="848" HPOS="443"/><String ID="p564_w147" CONTENT="in" HPOS="459" VPOS="848" WIDTH="31" HEIGHT="75" STYLEREFS="font0"/><SP WIDTH="18" VPOS="848" HPOS="490"/><String ID="p564_w148" CONTENT="the" HPOS="508" VPOS="848" WIDTH="56" HEIGHT="75" STYLEREFS="font0"/><SP WIDTH="20" VPOS="848" HPOS="564"/><String ID="p564_w149" CONTENT="fame" HPOS="584" VPOS="848" WIDTH="84" HEIGHT="75" STYLEREFS="font0"/><SP WIDTH="24" VPOS="848" HPOS="668"/><String ID="p564_w150" CONTENT="proportion" HPOS="692" VPOS="848" WIDTH="187" HEIGHT="75" STYLEREFS="font0"/><SP WIDTH="26" VPOS="848" HPOS="879"/><String ID="p564_w151" CONTENT="as" HPOS="905" VPOS="848" WIDTH="33" HEIGHT="75" STYLEREFS="font0"/><SP WIDTH="18" VPOS="848" HPOS="938"/><String ID="p564_w152" CONTENT="they" HPOS="956" VPOS="848" WIDTH="77" HEIGHT="75" STYLEREFS="font0"/><SP WIDTH="17" VPOS="848" HPOS="1033"/><String ID="p564_w153" CONTENT="fet." HPOS="1050" VPOS="848" WIDTH="58" HEIGHT="75" STYLEREFS="font0"/><SP WIDTH="50" VPOS="848" HPOS="1108"/><String ID="p564_w154" CONTENT="And" HPOS="1158" VPOS="848" WIDTH="80" HEIGHT="75" STYLEREFS="font0"/></TextLine><TextLine WIDTH="1035" HEIGHT="75" ID="p564_t17" HPOS="202" VPOS="895"><String ID="p564_w155" CONTENT="for" HPOS="202" VPOS="895" WIDTH="51" HEIGHT="75" STYLEREFS="font0"/><SP WIDTH="16" VPOS="895" HPOS="253"/><String ID="p564_w156" CONTENT="that" HPOS="269" VPOS="895" WIDTH="70" HEIGHT="75" STYLEREFS="font0"/><SP WIDTH="22" VPOS="895" HPOS="339"/><String ID="p564_w157" CONTENT="reafon," HPOS="361" VPOS="895" WIDTH="121" HEIGHT="75" STYLEREFS="font0"/><SP WIDTH="26" VPOS="895" HPOS="482"/><String ID="p564_w158" CONTENT="the" HPOS="508" VPOS="895" WIDTH="55" HEIGHT="75" STYLEREFS="font0"/><SP WIDTH="20" VPOS="895" HPOS="563"/><String ID="p564_w159" CONTENT="moon" HPOS="583" VPOS="895" WIDTH="96" HEIGHT="75" STYLEREFS="font0"/><SP WIDTH="20" VPOS="895" HPOS="679"/><String ID="p564_w160" CONTENT="difi’ers" HPOS="699" VPOS="895" WIDTH="110" HEIGHT="75" STYLEREFS="font0"/><SP WIDTH="23" VPOS="895" HPOS="809"/><String ID="p564_w161" CONTENT="gradually" HPOS="832" VPOS="895" WIDTH="169" HEIGHT="75" STYLEREFS="font0"/><SP WIDTH="17" VPOS="895" HPOS="1001"/><String ID="p564_w162" CONTENT="more" HPOS="1018" VPOS="895" WIDTH="89" HEIGHT="75" STYLEREFS="font0"/><SP WIDTH="25" VPOS="895" HPOS="1107"/><String ID="p564_w163" CONTENT="in" HPOS="1132" VPOS="895" WIDTH="31" HEIGHT="75" STYLEREFS="font0"/><SP WIDTH="18" VPOS="895" HPOS="1163"/><String ID="p564_w164" CONTENT="the" HPOS="1181" VPOS="895" WIDTH="56" HEIGHT="75" STYLEREFS="font0"/></TextLine><TextLine WIDTH="1044" HEIGHT="75" ID="p564_t18" HPOS="201" VPOS="924"><String ID="p564_w165" CONTENT="time" HPOS="201" VPOS="942" WIDTH="78" HEIGHT="75" STYLEREFS="font0"/><SP WIDTH="16" VPOS="942" HPOS="279"/><String ID="p564_w166" CONTENT="of" HPOS="295" VPOS="942" WIDTH="40" HEIGHT="75" STYLEREFS="font0"/><SP WIDTH="11" VPOS="942" HPOS="335"/><String ID="p564_w167" CONTENT="her" HPOS="346" VPOS="942" WIDTH="58" HEIGHT="75" STYLEREFS="font0"/><SP WIDTH="17" VPOS="942" HPOS="404"/><String ID="p564_w168" CONTENT="rifing" HPOS="421" VPOS="942" WIDTH="95" HEIGHT="75" STYLEREFS="font0"/><SP WIDTH="16" VPOS="942" HPOS="516"/><String ID="p564_w169" CONTENT="every" HPOS="532" VPOS="942" WIDTH="96" HEIGHT="75" STYLEREFS="font0"/><SP WIDTH="15" VPOS="942" HPOS="628"/><String ID="p564_w170" CONTENT="day" HPOS="643" VPOS="942" WIDTH="63" HEIGHT="75" STYLEREFS="font0"/><SP WIDTH="19" VPOS="942" HPOS="706"/><String ID="p564_w171" CONTENT="whilft" HPOS="725" VPOS="942" WIDTH="102" HEIGHT="75" STYLEREFS="font0"/><SP WIDTH="23" VPOS="942" HPOS="827"/><String ID="p564_w172" CONTENT="fhe" HPOS="850" VPOS="942" WIDTH="52" HEIGHT="75" STYLEREFS="font0"/><SP WIDTH="23" VPOS="942" HPOS="902"/><String ID="p564_w173" CONTENT="is" HPOS="925" VPOS="942" WIDTH="28" HEIGHT="75" STYLEREFS="font0"/><SP WIDTH="25" VPOS="942" HPOS="953"/><String ID="p564_w174" CONTENT="in" HPOS="978" VPOS="942" WIDTH="33" HEIGHT="75" STYLEREFS="font0"/><SP WIDTH="19" VPOS="942" HPOS="1011"/><String ID="p564_w175" CONTENT="thefe" HPOS="1030" VPOS="942" WIDTH="87" HEIGHT="75" STYLEREFS="font0"/><SP WIDTH="24" VPOS="942" HPOS="1117"/><String ID="p564_w176" CONTENT="figns," HPOS="1141" VPOS="942" WIDTH="95" HEIGHT="75" STYLEREFS="font0"/><String ID="p564_w177" CONTENT="1" HPOS="1236" VPOS="924" WIDTH="9" HEIGHT="49" STYLEREFS="font1"/></TextLine><TextLine WIDTH="1036" HEIGHT="75" ID="p564_t19" HPOS="202" VPOS="989"><String ID="p564_w178" CONTENT="and" HPOS="202" VPOS="989" WIDTH="61" HEIGHT="75" STYLEREFS="font0"/><SP WIDTH="17" VPOS="989" HPOS="263"/><String ID="p564_w179" CONTENT="lefs" HPOS="280" VPOS="989" WIDTH="58" HEIGHT="75" STYLEREFS="font0"/><SP WIDTH="24" VPOS="989" HPOS="338"/><String ID="p564_w180" CONTENT="in" HPOS="362" VPOS="989" WIDTH="34" HEIGHT="75" STYLEREFS="font0"/><SP WIDTH="17" VPOS="989" HPOS="396"/><String ID="p564_w181" CONTENT="her" HPOS="413" VPOS="989" WIDTH="59" HEIGHT="75" STYLEREFS="font0"/><SP WIDTH="15" VPOS="989" HPOS="472"/><String ID="p564_w182" CONTENT="fetting" HPOS="487" VPOS="989" WIDTH="117" HEIGHT="75" STYLEREFS="font0"/><SP WIDTH="15" VPOS="989" HPOS="604"/><String ID="p564_w183" CONTENT=":" HPOS="619" VPOS="989" WIDTH="12" HEIGHT="75" STYLEREFS="font0"/><SP WIDTH="31" VPOS="989" HPOS="631"/><String ID="p564_w184" CONTENT="after" HPOS="662" VPOS="989" WIDTH="86" HEIGHT="75" STYLEREFS="font0"/><SP WIDTH="16" VPOS="989" HPOS="748"/><String ID="p564_w185" CONTENT="which," HPOS="764" VPOS="989" WIDTH="119" HEIGHT="75" STYLEREFS="font0"/><SP WIDTH="26" VPOS="989" HPOS="883"/><String ID="p564_w186" CONTENT="through" HPOS="909" VPOS="989" WIDTH="139" HEIGHT="75" STYLEREFS="font0"/><SP WIDTH="24" VPOS="989" HPOS="1048"/><String ID="p564_w187" CONTENT="the" HPOS="1072" VPOS="989" WIDTH="55" HEIGHT="75" STYLEREFS="font0"/><SP WIDTH="16" VPOS="989" HPOS="1127"/><String ID="p564_w188" CONTENT="other" HPOS="1143" VPOS="989" WIDTH="95" HEIGHT="75" STYLEREFS="font0"/></TextLine><TextLine WIDTH="1038" HEIGHT="75" ID="p564_t20" HPOS="201" VPOS="1035"><String ID="p564_w189" CONTENT="fix" HPOS="201" VPOS="1035" WIDTH="48" HEIGHT="75" STYLEREFS="font0"/><SP WIDTH="28" VPOS="1035" HPOS="249"/><String ID="p564_w190" CONTENT="figns," HPOS="277" VPOS="1035" WIDTH="94" HEIGHT="75" STYLEREFS="font0"/><SP WIDTH="34" VPOS="1035" HPOS="371"/><String ID="p564_w191" CONTENT="viz." HPOS="405" VPOS="1035" WIDTH="69" HEIGHT="75" STYLEREFS="font0"/><SP WIDTH="39" VPOS="1035" HPOS="474"/><String ID="p564_w192" CONTENT="Scorpio," HPOS="513" VPOS="1035" WIDTH="154" HEIGHT="75" STYLEREFS="font0"/><SP WIDTH="33" VPOS="1035" HPOS="667"/><String ID="p564_w193" CONTENT="Sagittary," HPOS="700" VPOS="1035" WIDTH="177" HEIGHT="75" STYLEREFS="font0"/><SP WIDTH="28" VPOS="1035" HPOS="877"/><String ID="p564_w194" CONTENT="Capricorn," HPOS="905" VPOS="1035" WIDTH="191" HEIGHT="75" STYLEREFS="font0"/><SP WIDTH="26" VPOS="1035" HPOS="1096"/><String ID="p564_w195" CONTENT="Aqua-" HPOS="1122" VPOS="1035" WIDTH="117" HEIGHT="75" STYLEREFS="font0"/></TextLine><TextLine WIDTH="1036" HEIGHT="75" ID="p564_t21" HPOS="201" VPOS="1082"><String ID="p564_w196" CONTENT="rius," HPOS="201" VPOS="1082" WIDTH="77" HEIGHT="75" STYLEREFS="font0"/><SP WIDTH="26" VPOS="1082" HPOS="278"/><String ID="p564_w197" CONTENT="Pifces," HPOS="304" VPOS="1082" WIDTH="117" HEIGHT="75" STYLEREFS="font0"/><SP WIDTH="26" VPOS="1082" HPOS="421"/><String ID="p564_w198" CONTENT="and" HPOS="447" VPOS="1082" WIDTH="64" HEIGHT="75" STYLEREFS="font0"/><SP WIDTH="29" VPOS="1082" HPOS="511"/><String ID="p564_w199" CONTENT="Aries," HPOS="540" VPOS="1082" WIDTH="109" HEIGHT="75" STYLEREFS="font0"/><SP WIDTH="34" VPOS="1082" HPOS="649"/><String ID="p564_w200" CONTENT="the" HPOS="683" VPOS="1082" WIDTH="55" HEIGHT="75" STYLEREFS="font0"/><SP WIDTH="28" VPOS="1082" HPOS="738"/><String ID="p564_w201" CONTENT="rifing" HPOS="766" VPOS="1082" WIDTH="94" HEIGHT="75" STYLEREFS="font0"/><SP WIDTH="27" VPOS="1082" HPOS="860"/><String ID="p564_w202" CONTENT="difference" HPOS="887" VPOS="1082" WIDTH="173" HEIGHT="75" STYLEREFS="font0"/><SP WIDTH="29" VPOS="1082" HPOS="1060"/><String ID="p564_w203" CONTENT="becomes" HPOS="1089" VPOS="1082" WIDTH="148" HEIGHT="75" STYLEREFS="font0"/></TextLine><TextLine WIDTH="1037" HEIGHT="75" ID="p564_t22" HPOS="199" VPOS="1129"><String ID="p564_w204" CONTENT="lei'" HPOS="199" VPOS="1129" WIDTH="46" HEIGHT="75" STYLEREFS="font0"/><String ID="p564_w205" CONTENT="s" HPOS="245" VPOS="1129" WIDTH="15" HEIGHT="75" STYLEREFS="font0"/><SP WIDTH="17" VPOS="1129" HPOS="260"/><String ID="p564_w206" CONTENT="every" HPOS="277" VPOS="1129" WIDTH="95" HEIGHT="75" STYLEREFS="font0"/><SP WIDTH="17" VPOS="1129" HPOS="372"/><String ID="p564_w207" CONTENT="day," HPOS="389" VPOS="1129" WIDTH="75" HEIGHT="75" STYLEREFS="font0"/><SP WIDTH="26" VPOS="1129" HPOS="464"/><String ID="p564_w208" CONTENT="until" HPOS="490" VPOS="1129" WIDTH="81" HEIGHT="75" STYLEREFS="font0"/><SP WIDTH="17" VPOS="1129" HPOS="571"/><String ID="p564_w209" CONTENT="it" HPOS="588" VPOS="1129" WIDTH="25" HEIGHT="75" STYLEREFS="font0"/><SP WIDTH="18" VPOS="1129" HPOS="613"/><String ID="p564_w210" CONTENT="be" HPOS="631" VPOS="1129" WIDTH="39" HEIGHT="75" STYLEREFS="font0"/><SP WIDTH="18" VPOS="1129" HPOS="670"/><String ID="p564_w211" CONTENT="at" HPOS="688" VPOS="1129" WIDTH="32" HEIGHT="75" STYLEREFS="font0"/><SP WIDTH="17" VPOS="1129" HPOS="720"/><String ID="p564_w212" CONTENT="the" HPOS="737" VPOS="1129" WIDTH="55" HEIGHT="75" STYLEREFS="font0"/><SP WIDTH="17" VPOS="1129" HPOS="792"/><String ID="p564_w213" CONTENT="leaft" HPOS="809" VPOS="1129" WIDTH="76" HEIGHT="75" STYLEREFS="font0"/><SP WIDTH="17" VPOS="1129" HPOS="885"/><String ID="p564_w214" CONTENT="of" HPOS="902" VPOS="1129" WIDTH="40" HEIGHT="75" STYLEREFS="font0"/><SP WIDTH="15" VPOS="1129" HPOS="942"/><String ID="p564_w215" CONTENT="all," HPOS="957" VPOS="1129" WIDTH="56" HEIGHT="75" STYLEREFS="font0"/><SP WIDTH="25" VPOS="1129" HPOS="1013"/><String ID="p564_w216" CONTENT="namely," HPOS="1038" VPOS="1129" WIDTH="139" HEIGHT="75" STYLEREFS="font0"/><SP WIDTH="25" VPOS="1129" HPOS="1177"/><String ID="p564_w217" CONTENT="in" HPOS="1202" VPOS="1129" WIDTH="34" HEIGHT="75" STYLEREFS="font0"/></TextLine><TextLine WIDTH="313" HEIGHT="75" ID="p564_t23" HPOS="202" VPOS="1175"><String ID="p564_w218" CONTENT="Pifces" HPOS="202" VPOS="1175" WIDTH="105" HEIGHT="75" STYLEREFS="font0"/><SP WIDTH="19" VPOS="1175" HPOS="307"/><String ID="p564_w219" CONTENT="and" HPOS="326" VPOS="1175" WIDTH="63" HEIGHT="75" STYLEREFS="font0"/><SP WIDTH="16" VPOS="1175" HPOS="389"/><String ID="p564_w220" CONTENT="Aries." HPOS="405" VPOS="1175" WIDTH="110" HEIGHT="75" STYLEREFS="font0"/></TextLine><TextLine WIDTH="984" HEIGHT="75" ID="p564_t24" HPOS="248" VPOS="1222"><String ID="p564_w221" CONTENT="The" HPOS="248" VPOS="1222" WIDTH="76" HEIGHT="75" STYLEREFS="font0"/><SP WIDTH="13" VPOS="1222" HPOS="324"/><String ID="p564_w222" CONTENT="moon" HPOS="337" VPOS="1222" WIDTH="94" HEIGHT="75" STYLEREFS="font0"/><SP WIDTH="18" VPOS="1222" HPOS="431"/><String ID="p564_w223" CONTENT="goes" HPOS="449" VPOS="1222" WIDTH="76" HEIGHT="75" STYLEREFS="font0"/><SP WIDTH="12" VPOS="1222" HPOS="525"/><String ID="p564_w224" CONTENT="round" HPOS="537" VPOS="1222" WIDTH="104" HEIGHT="75" STYLEREFS="font0"/><SP WIDTH="16" VPOS="1222" HPOS="641"/><String ID="p564_w225" CONTENT="the" HPOS="657" VPOS="1222" WIDTH="55" HEIGHT="75" STYLEREFS="font0"/><SP WIDTH="12" VPOS="1222" HPOS="712"/><String ID="p564_w226" CONTENT="ecliptic" HPOS="724" VPOS="1222" WIDTH="128" HEIGHT="75" STYLEREFS="font0"/><SP WIDTH="16" VPOS="1222" HPOS="852"/><String ID="p564_w227" CONTENT="in" HPOS="868" VPOS="1222" WIDTH="33" HEIGHT="75" STYLEREFS="font0"/><SP WIDTH="19" VPOS="1222" HPOS="901"/><String ID="p564_w228" CONTENT="27" HPOS="920" VPOS="1222" WIDTH="43" HEIGHT="75" STYLEREFS="font0"/><SP WIDTH="13" VPOS="1222" HPOS="963"/><String ID="p564_w229" CONTENT="days" HPOS="976" VPOS="1222" WIDTH="80" HEIGHT="75" STYLEREFS="font0"/><SP WIDTH="17" VPOS="1222" HPOS="1056"/><String ID="p564_w230" CONTENT="8" HPOS="1073" VPOS="1222" WIDTH="20" HEIGHT="75" STYLEREFS="font0"/><SP WIDTH="18" VPOS="1222" HPOS="1093"/><String ID="p564_w231" CONTENT="hours;" HPOS="1111" VPOS="1222" WIDTH="121" HEIGHT="75" STYLEREFS="font0"/></TextLine><TextLine WIDTH="1033" HEIGHT="75" ID="p564_t25" HPOS="200" VPOS="1269"><String ID="p564_w232" CONTENT="but" HPOS="200" VPOS="1269" WIDTH="59" HEIGHT="75" STYLEREFS="font0"/><SP WIDTH="16" VPOS="1269" HPOS="259"/><String ID="p564_w233" CONTENT="not" HPOS="275" VPOS="1269" WIDTH="56" HEIGHT="75" STYLEREFS="font0"/><SP WIDTH="17" VPOS="1269" HPOS="331"/><String ID="p564_w234" CONTENT="from" HPOS="348" VPOS="1269" WIDTH="85" HEIGHT="75" STYLEREFS="font0"/><SP WIDTH="17" VPOS="1269" HPOS="433"/><String ID="p564_w235" CONTENT="change" HPOS="450" VPOS="1269" WIDTH="120" HEIGHT="75" STYLEREFS="font0"/><SP WIDTH="24" VPOS="1269" HPOS="570"/><String ID="p564_w236" CONTENT="to" HPOS="594" VPOS="1269" WIDTH="36" HEIGHT="75" STYLEREFS="font0"/><SP WIDTH="17" VPOS="1269" HPOS="630"/><String ID="p564_w237" CONTENT="change" HPOS="647" VPOS="1269" WIDTH="122" HEIGHT="75" STYLEREFS="font0"/><SP WIDTH="24" VPOS="1269" HPOS="769"/><String ID="p564_w238" CONTENT="in" HPOS="793" VPOS="1269" WIDTH="34" HEIGHT="75" STYLEREFS="font0"/><SP WIDTH="23" VPOS="1269" HPOS="827"/><String ID="p564_w239" CONTENT="lefs" HPOS="850" VPOS="1269" WIDTH="60" HEIGHT="75" STYLEREFS="font0"/><SP WIDTH="17" VPOS="1269" HPOS="910"/><String ID="p564_w240" CONTENT="than" HPOS="927" VPOS="1269" WIDTH="77" HEIGHT="75" STYLEREFS="font0"/><SP WIDTH="18" VPOS="1269" HPOS="1004"/><String ID="p564_w241" CONTENT="29" HPOS="1022" VPOS="1269" WIDTH="45" HEIGHT="75" STYLEREFS="font0"/><SP WIDTH="23" VPOS="1269" HPOS="1067"/><String ID="p564_w242" CONTENT="days" HPOS="1090" VPOS="1269" WIDTH="78" HEIGHT="75" STYLEREFS="font0"/><SP WIDTH="26" VPOS="1269" HPOS="1168"/><String ID="p564_w243" CONTENT="12" HPOS="1194" VPOS="1269" WIDTH="39" HEIGHT="75" STYLEREFS="font0"/></TextLine><TextLine WIDTH="1036" HEIGHT="75" ID="p564_t26" HPOS="199" VPOS="1316"><String ID="p564_w244" CONTENT="hours" HPOS="199" VPOS="1316" WIDTH="99" HEIGHT="75" STYLEREFS="font0"/><SP WIDTH="15" VPOS="1316" HPOS="298"/><String ID="p564_w245" CONTENT=":" HPOS="313" VPOS="1316" WIDTH="8" HEIGHT="75" STYLEREFS="font0"/><SP WIDTH="28" VPOS="1316" HPOS="321"/><String ID="p564_w246" CONTENT="fo" HPOS="349" VPOS="1316" WIDTH="35" HEIGHT="75" STYLEREFS="font0"/><SP WIDTH="17" VPOS="1316" HPOS="384"/><String ID="p564_w247" CONTENT="that" HPOS="401" VPOS="1316" WIDTH="70" HEIGHT="75" STYLEREFS="font0"/><SP WIDTH="16" VPOS="1316" HPOS="471"/><String ID="p564_w248" CONTENT="fhe" HPOS="487" VPOS="1316" WIDTH="51" HEIGHT="75" STYLEREFS="font0"/><SP WIDTH="21" VPOS="1316" HPOS="538"/><String ID="p564_w249" CONTENT="is" HPOS="559" VPOS="1316" WIDTH="26" HEIGHT="75" STYLEREFS="font0"/><SP WIDTH="17" VPOS="1316" HPOS="585"/><String ID="p564_w250" CONTENT="in" HPOS="602" VPOS="1316" WIDTH="33" HEIGHT="75" STYLEREFS="font0"/><SP WIDTH="17" VPOS="1316" HPOS="635"/><String ID="p564_w251" CONTENT="Pifces" HPOS="652" VPOS="1316" WIDTH="106" HEIGHT="75" STYLEREFS="font0"/><SP WIDTH="18" VPOS="1316" HPOS="758"/><String ID="p564_w252" CONTENT="and" HPOS="776" VPOS="1316" WIDTH="62" HEIGHT="75" STYLEREFS="font0"/><SP WIDTH="19" VPOS="1316" HPOS="838"/><String ID="p564_w253" CONTENT="Aries" HPOS="857" VPOS="1316" WIDTH="94" HEIGHT="75" STYLEREFS="font0"/><SP WIDTH="18" VPOS="1316" HPOS="951"/><String ID="p564_w254" CONTENT="at" HPOS="969" VPOS="1316" WIDTH="33" HEIGHT="75" STYLEREFS="font0"/><SP WIDTH="16" VPOS="1316" HPOS="1002"/><String ID="p564_w255" CONTENT="leaft" HPOS="1018" VPOS="1316" WIDTH="76" HEIGHT="75" STYLEREFS="font0"/><SP WIDTH="13" VPOS="1316" HPOS="1094"/><String ID="p564_w256" CONTENT="once" HPOS="1107" VPOS="1316" WIDTH="78" HEIGHT="75" STYLEREFS="font0"/><SP WIDTH="18" VPOS="1316" HPOS="1185"/><String ID="p564_w257" CONTENT="in" HPOS="1203" VPOS="1316" WIDTH="32" HEIGHT="75" STYLEREFS="font0"/></TextLine><TextLine WIDTH="806" HEIGHT="75" ID="p564_t27" HPOS="200" VPOS="1363"><String ID="p564_w258" CONTENT="every" HPOS="200" VPOS="1363" WIDTH="98" HEIGHT="75" STYLEREFS="font0"/><SP WIDTH="15" VPOS="1363" HPOS="298"/><String ID="p564_w259" CONTENT="lunation," HPOS="313" VPOS="1363" WIDTH="157" HEIGHT="75" STYLEREFS="font0"/><SP WIDTH="26" VPOS="1363" HPOS="470"/><String ID="p564_w260" CONTENT="and" HPOS="496" VPOS="1363" WIDTH="60" HEIGHT="75" STYLEREFS="font0"/><SP WIDTH="17" VPOS="1363" HPOS="556"/><String ID="p564_w261" CONTENT="in" HPOS="573" VPOS="1363" WIDTH="32" HEIGHT="75" STYLEREFS="font0"/><SP WIDTH="17" VPOS="1363" HPOS="605"/><String ID="p564_w262" CONTENT="fome" HPOS="622" VPOS="1363" WIDTH="85" HEIGHT="75" STYLEREFS="font0"/><SP WIDTH="16" VPOS="1363" HPOS="707"/><String ID="p564_w263" CONTENT="lunations" HPOS="723" VPOS="1363" WIDTH="160" HEIGHT="75" STYLEREFS="font0"/><SP WIDTH="17" VPOS="1363" HPOS="883"/><String ID="p564_w264" CONTENT="twice." HPOS="900" VPOS="1363" WIDTH="106" HEIGHT="75" STYLEREFS="font0"/></TextLine><TextLine WIDTH="987" HEIGHT="75" ID="p564_t28" HPOS="248" VPOS="1410"><String ID="p564_w265" CONTENT="If" HPOS="248" VPOS="1410" WIDTH="37" HEIGHT="75" STYLEREFS="font0"/><SP WIDTH="10" VPOS="1410" HPOS="285"/><String ID="p564_w266" CONTENT="the" HPOS="295" VPOS="1410" WIDTH="56" HEIGHT="75" STYLEREFS="font0"/><SP WIDTH="17" VPOS="1410" HPOS="351"/><String ID="p564_w267" CONTENT="earth" HPOS="368" VPOS="1410" WIDTH="90" HEIGHT="75" STYLEREFS="font0"/><SP WIDTH="17" VPOS="1410" HPOS="458"/><String ID="p564_w268" CONTENT="had" HPOS="475" VPOS="1410" WIDTH="65" HEIGHT="75" STYLEREFS="font0"/><SP WIDTH="17" VPOS="1410" HPOS="540"/><String ID="p564_w269" CONTENT="no" HPOS="557" VPOS="1410" WIDTH="41" HEIGHT="75" STYLEREFS="font0"/><SP WIDTH="17" VPOS="1410" HPOS="598"/><String ID="p564_w270" CONTENT="annual" HPOS="615" VPOS="1410" WIDTH="112" HEIGHT="75" STYLEREFS="font0"/><SP WIDTH="18" VPOS="1410" HPOS="727"/><String ID="p564_w271" CONTENT="motion," HPOS="745" VPOS="1410" WIDTH="136" HEIGHT="75" STYLEREFS="font0"/><SP WIDTH="25" VPOS="1410" HPOS="881"/><String ID="p564_w272" CONTENT="the" HPOS="906" VPOS="1410" WIDTH="56" HEIGHT="75" STYLEREFS="font0"/><SP WIDTH="20" VPOS="1410" HPOS="962"/><String ID="p564_w273" CONTENT="fun" HPOS="982" VPOS="1410" WIDTH="56" HEIGHT="75" STYLEREFS="font0"/><SP WIDTH="16" VPOS="1410" HPOS="1038"/><String ID="p564_w274" CONTENT="would" HPOS="1054" VPOS="1410" WIDTH="110" HEIGHT="75" STYLEREFS="font0"/><SP WIDTH="15" VPOS="1410" HPOS="1164"/><String ID="p564_w275" CONTENT="ne-" HPOS="1179" VPOS="1410" WIDTH="56" HEIGHT="75" STYLEREFS="font0"/></TextLine><TextLine WIDTH="1038" HEIGHT="75" ID="p564_t29" HPOS="199" VPOS="1457"><String ID="p564_w276" CONTENT="ver" HPOS="199" VPOS="1457" WIDTH="56" HEIGHT="75" STYLEREFS="font0"/><SP WIDTH="17" VPOS="1457" HPOS="255"/><String ID="p564_w277" CONTENT="appear" HPOS="272" VPOS="1457" WIDTH="116" HEIGHT="75" STYLEREFS="font0"/><SP WIDTH="16" VPOS="1457" HPOS="388"/><String ID="p564_w278" CONTENT="to" HPOS="404" VPOS="1457" WIDTH="35" HEIGHT="75" STYLEREFS="font0"/><SP WIDTH="16" VPOS="1457" HPOS="439"/><String ID="p564_w279" CONTENT="fhift" HPOS="455" VPOS="1457" WIDTH="76" HEIGHT="75" STYLEREFS="font0"/><SP WIDTH="26" VPOS="1457" HPOS="531"/><String ID="p564_w280" CONTENT="his" HPOS="557" VPOS="1457" WIDTH="49" HEIGHT="75" STYLEREFS="font0"/><SP WIDTH="29" VPOS="1457" HPOS="606"/><String ID="p564_w281" CONTENT="place" HPOS="635" VPOS="1457" WIDTH="90" HEIGHT="75" STYLEREFS="font0"/><SP WIDTH="16" VPOS="1457" HPOS="725"/><String ID="p564_w282" CONTENT="in" HPOS="741" VPOS="1457" WIDTH="32" HEIGHT="75" STYLEREFS="font0"/><SP WIDTH="29" VPOS="1457" HPOS="773"/><String ID="p564_w283" CONTENT="the" HPOS="802" VPOS="1457" WIDTH="55" HEIGHT="75" STYLEREFS="font0"/><SP WIDTH="17" VPOS="1457" HPOS="857"/><String ID="p564_w284" CONTENT="ecliptic." HPOS="874" VPOS="1457" WIDTH="140" HEIGHT="75" STYLEREFS="font0"/><SP WIDTH="49" VPOS="1457" HPOS="1014"/><String ID="p564_w285" CONTENT="And" HPOS="1063" VPOS="1457" WIDTH="79" HEIGHT="75" STYLEREFS="font0"/><SP WIDTH="16" VPOS="1457" HPOS="1142"/><String ID="p564_w286" CONTENT="then" HPOS="1158" VPOS="1457" WIDTH="79" HEIGHT="75" STYLEREFS="font0"/></TextLine><TextLine WIDTH="1044" HEIGHT="75" ID="p564_t30" HPOS="200" VPOS="1503"><String ID="p564_w287" CONTENT="every" HPOS="200" VPOS="1503" WIDTH="96" HEIGHT="75" STYLEREFS="font0"/><SP WIDTH="17" VPOS="1503" HPOS="296"/><String ID="p564_w288" CONTENT="new" HPOS="313" VPOS="1503" WIDTH="70" HEIGHT="75" STYLEREFS="font0"/><SP WIDTH="18" VPOS="1503" HPOS="383"/><String ID="p564_w289" CONTENT="moon" HPOS="401" VPOS="1503" WIDTH="94" HEIGHT="75" STYLEREFS="font0"/><SP WIDTH="17" VPOS="1503" HPOS="495"/><String ID="p564_w290" CONTENT="would" HPOS="512" VPOS="1503" WIDTH="108" HEIGHT="75" STYLEREFS="font0"/><SP WIDTH="16" VPOS="1503" HPOS="620"/><String ID="p564_w291" CONTENT="fall" HPOS="636" VPOS="1503" WIDTH="59" HEIGHT="75" STYLEREFS="font0"/><SP WIDTH="17" VPOS="1503" HPOS="695"/><String ID="p564_w292" CONTENT="in" HPOS="712" VPOS="1503" WIDTH="33" HEIGHT="75" STYLEREFS="font0"/><SP WIDTH="25" VPOS="1503" HPOS="745"/><String ID="p564_w293" CONTENT="the" HPOS="770" VPOS="1503" WIDTH="55" HEIGHT="75" STYLEREFS="font0"/><SP WIDTH="17" VPOS="1503" HPOS="825"/><String ID="p564_w294" CONTENT="fame" HPOS="842" VPOS="1503" WIDTH="82" HEIGHT="75" STYLEREFS="font0"/><SP WIDTH="26" VPOS="1503" HPOS="924"/><String ID="p564_w295" CONTENT="fign" HPOS="950" VPOS="1503" WIDTH="65" HEIGHT="75" STYLEREFS="font0"/><SP WIDTH="26" VPOS="1503" HPOS="1015"/><String ID="p564_w296" CONTENT="and" HPOS="1041" VPOS="1503" WIDTH="63" HEIGHT="75" STYLEREFS="font0"/><SP WIDTH="16" VPOS="1503" HPOS="1104"/><String ID="p564_w297" CONTENT="degree'" HPOS="1120" VPOS="1503" WIDTH="124" HEIGHT="75" STYLEREFS="font0"/></TextLine><TextLine WIDTH="1038" HEIGHT="75" ID="p564_t31" HPOS="200" VPOS="1549"><String ID="p564_w298" CONTENT="of" HPOS="200" VPOS="1549" WIDTH="40" HEIGHT="75" STYLEREFS="font0"/><SP WIDTH="11" VPOS="1549" HPOS="240"/><String ID="p564_w299" CONTENT="the" HPOS="251" VPOS="1549" WIDTH="55" HEIGHT="75" STYLEREFS="font0"/><SP WIDTH="17" VPOS="1549" HPOS="306"/><String ID="p564_w300" CONTENT="ecliptic," HPOS="323" VPOS="1549" WIDTH="140" HEIGHT="75" STYLEREFS="font0"/><SP WIDTH="26" VPOS="1549" HPOS="463"/><String ID="p564_w301" CONTENT="and" HPOS="489" VPOS="1549" WIDTH="62" HEIGHT="75" STYLEREFS="font0"/><SP WIDTH="17" VPOS="1549" HPOS="551"/><String ID="p564_w302" CONTENT="every" HPOS="568" VPOS="1549" WIDTH="97" HEIGHT="75" STYLEREFS="font0"/><SP WIDTH="17" VPOS="1549" HPOS="665"/><String ID="p564_w303" CONTENT="full" HPOS="682" VPOS="1549" WIDTH="59" HEIGHT="75" STYLEREFS="font0"/><SP WIDTH="18" VPOS="1549" HPOS="741"/><String ID="p564_w304" CONTENT="moon" HPOS="759" VPOS="1549" WIDTH="95" HEIGHT="75" STYLEREFS="font0"/><SP WIDTH="18" VPOS="1549" HPOS="854"/><String ID="p564_w305" CONTENT="in" HPOS="872" VPOS="1549" WIDTH="31" HEIGHT="75" STYLEREFS="font0"/><SP WIDTH="18" VPOS="1549" HPOS="903"/><String ID="p564_w306" CONTENT="the" HPOS="921" VPOS="1549" WIDTH="55" HEIGHT="75" STYLEREFS="font0"/><SP WIDTH="16" VPOS="1549" HPOS="976"/><String ID="p564_w307" CONTENT="oppofite" HPOS="992" VPOS="1549" WIDTH="141" HEIGHT="75" STYLEREFS="font0"/><SP WIDTH="16" VPOS="1549" HPOS="1133"/><String ID="p564_w308" CONTENT=";" HPOS="1149" VPOS="1549" WIDTH="10" HEIGHT="75" STYLEREFS="font0"/><SP WIDTH="26" VPOS="1549" HPOS="1159"/><String ID="p564_w309" CONTENT="for" HPOS="1185" VPOS="1549" WIDTH="53" HEIGHT="75" STYLEREFS="font0"/></TextLine><TextLine WIDTH="1039" HEIGHT="75" ID="p564_t32" HPOS="198" VPOS="1597"><String ID="p564_w310" CONTENT="the" HPOS="198" VPOS="1597" WIDTH="56" HEIGHT="75" STYLEREFS="font0"/><SP WIDTH="31" VPOS="1597" HPOS="254"/><String ID="p564_w311" CONTENT="moon" HPOS="285" VPOS="1597" WIDTH="94" HEIGHT="75" STYLEREFS="font0"/><SP WIDTH="29" VPOS="1597" HPOS="379"/><String ID="p564_w312" CONTENT="would" HPOS="408" VPOS="1597" WIDTH="109" HEIGHT="75" STYLEREFS="font0"/><SP WIDTH="28" VPOS="1597" HPOS="517"/><String ID="p564_w313" CONTENT="go" HPOS="545" VPOS="1597" WIDTH="42" HEIGHT="75" STYLEREFS="font0"/><SP WIDTH="23" VPOS="1597" HPOS="587"/><String ID="p564_w314" CONTENT="precifely" HPOS="610" VPOS="1597" WIDTH="153" HEIGHT="75" STYLEREFS="font0"/><SP WIDTH="23" VPOS="1597" HPOS="763"/><String ID="p564_w315" CONTENT="round" HPOS="786" VPOS="1597" WIDTH="102" HEIGHT="75" STYLEREFS="font0"/><SP WIDTH="25" VPOS="1597" HPOS="888"/><String ID="p564_w316" CONTENT="the" HPOS="913" VPOS="1597" WIDTH="56" HEIGHT="75" STYLEREFS="font0"/><SP WIDTH="25" VPOS="1597" HPOS="969"/><String ID="p564_w317" CONTENT="ecliptic" HPOS="994" VPOS="1597" WIDTH="130" HEIGHT="75" STYLEREFS="font0"/><SP WIDTH="26" VPOS="1597" HPOS="1124"/><String ID="p564_w318" CONTENT="from" HPOS="1150" VPOS="1597" WIDTH="87" HEIGHT="75" STYLEREFS="font0"/></TextLine><TextLine WIDTH="1038" HEIGHT="75" ID="p564_t33" HPOS="200" VPOS="1644"><String ID="p564_w319" CONTENT="change" HPOS="200" VPOS="1644" WIDTH="122" HEIGHT="75" STYLEREFS="font0"/><SP WIDTH="15" VPOS="1644" HPOS="322"/><String ID="p564_w320" CONTENT="to" HPOS="337" VPOS="1644" WIDTH="38" HEIGHT="75" STYLEREFS="font0"/><SP WIDTH="14" VPOS="1644" HPOS="375"/><String ID="p564_w321" CONTENT="change." HPOS="389" VPOS="1644" WIDTH="133" HEIGHT="75" STYLEREFS="font0"/><SP WIDTH="52" VPOS="1644" HPOS="522"/><String ID="p564_w322" CONTENT="So" HPOS="574" VPOS="1644" WIDTH="46" HEIGHT="75" STYLEREFS="font0"/><SP WIDTH="24" VPOS="1644" HPOS="620"/><String ID="p564_w323" CONTENT="that" HPOS="644" VPOS="1644" WIDTH="70" HEIGHT="75" STYLEREFS="font0"/><SP WIDTH="28" VPOS="1644" HPOS="714"/><String ID="p564_w324" CONTENT="if" HPOS="742" VPOS="1644" WIDTH="32" HEIGHT="75" STYLEREFS="font0"/><SP WIDTH="22" VPOS="1644" HPOS="774"/><String ID="p564_w325" CONTENT="the" HPOS="796" VPOS="1644" WIDTH="55" HEIGHT="75" STYLEREFS="font0"/><SP WIDTH="26" VPOS="1644" HPOS="851"/><String ID="p564_w326" CONTENT="moon" HPOS="877" VPOS="1644" WIDTH="96" HEIGHT="75" STYLEREFS="font0"/><SP WIDTH="25" VPOS="1644" HPOS="973"/><String ID="p564_w327" CONTENT="was" HPOS="998" VPOS="1644" WIDTH="65" HEIGHT="75" STYLEREFS="font0"/><SP WIDTH="17" VPOS="1644" HPOS="1063"/><String ID="p564_w328" CONTENT="once" HPOS="1080" VPOS="1644" WIDTH="79" HEIGHT="75" STYLEREFS="font0"/><SP WIDTH="17" VPOS="1644" HPOS="1159"/><String ID="p564_w329" CONTENT="full" HPOS="1176" VPOS="1644" WIDTH="62" HEIGHT="75" STYLEREFS="font0"/></TextLine><TextLine WIDTH="1039" HEIGHT="75" ID="p564_t34" HPOS="198" VPOS="1690"><String ID="p564_w330" CONTENT="in" HPOS="198" VPOS="1690" WIDTH="32" HEIGHT="75" STYLEREFS="font0"/><SP WIDTH="18" VPOS="1690" HPOS="230"/><String ID="p564_w331" CONTENT="Pifces" HPOS="248" VPOS="1690" WIDTH="106" HEIGHT="75" STYLEREFS="font0"/><SP WIDTH="25" VPOS="1690" HPOS="354"/><String ID="p564_w332" CONTENT="or" HPOS="379" VPOS="1690" WIDTH="37" HEIGHT="75" STYLEREFS="font0"/><SP WIDTH="24" VPOS="1690" HPOS="416"/><String ID="p564_w333" CONTENT="Aries," HPOS="440" VPOS="1690" WIDTH="111" HEIGHT="75" STYLEREFS="font0"/><SP WIDTH="25" VPOS="1690" HPOS="551"/><String ID="p564_w334" CONTENT="fhe" HPOS="576" VPOS="1690" WIDTH="52" HEIGHT="75" STYLEREFS="font0"/><SP WIDTH="26" VPOS="1690" HPOS="628"/><String ID="p564_w335" CONTENT="would" HPOS="654" VPOS="1690" WIDTH="109" HEIGHT="75" STYLEREFS="font0"/><SP WIDTH="24" VPOS="1690" HPOS="763"/><String ID="p564_w336" CONTENT="always" HPOS="787" VPOS="1690" WIDTH="118" HEIGHT="75" STYLEREFS="font0"/><SP WIDTH="25" VPOS="1690" HPOS="905"/><String ID="p564_w337" CONTENT="be" HPOS="930" VPOS="1690" WIDTH="41" HEIGHT="75" STYLEREFS="font0"/><SP WIDTH="23" VPOS="1690" HPOS="971"/><String ID="p564_w338" CONTENT="full" HPOS="994" VPOS="1690" WIDTH="61" HEIGHT="75" STYLEREFS="font0"/><SP WIDTH="21" VPOS="1690" HPOS="1055"/><String ID="p564_w339" CONTENT="when" HPOS="1076" VPOS="1690" WIDTH="93" HEIGHT="75" STYLEREFS="font0"/><SP WIDTH="16" VPOS="1690" HPOS="1169"/><String ID="p564_w340" CONTENT="fhe" HPOS="1185" VPOS="1690" WIDTH="52" HEIGHT="75" STYLEREFS="font0"/></TextLine><TextLine WIDTH="1035" HEIGHT="75" ID="p564_t35" HPOS="201" VPOS="1738"><String ID="p564_w341" CONTENT="came" HPOS="201" VPOS="1738" WIDTH="90" HEIGHT="75" STYLEREFS="font0"/><SP WIDTH="19" VPOS="1738" HPOS="291"/><String ID="p564_w342" CONTENT="round" HPOS="310" VPOS="1738" WIDTH="102" HEIGHT="75" STYLEREFS="font0"/><SP WIDTH="17" VPOS="1738" HPOS="412"/><String ID="p564_w343" CONTENT="to" HPOS="429" VPOS="1738" WIDTH="35" HEIGHT="75" STYLEREFS="font0"/><SP WIDTH="16" VPOS="1738" HPOS="464"/><String ID="p564_w344" CONTENT="the" HPOS="480" VPOS="1738" WIDTH="56" HEIGHT="75" STYLEREFS="font0"/><SP WIDTH="17" VPOS="1738" HPOS="536"/><String ID="p564_w345" CONTENT="fame" HPOS="553" VPOS="1738" WIDTH="84" HEIGHT="75" STYLEREFS="font0"/><SP WIDTH="19" VPOS="1738" HPOS="637"/><String ID="p564_w346" CONTENT="fign" HPOS="656" VPOS="1738" WIDTH="67" HEIGHT="75" STYLEREFS="font0"/><SP WIDTH="16" VPOS="1738" HPOS="723"/><String ID="p564_w347" CONTENT="and" HPOS="739" VPOS="1738" WIDTH="62" HEIGHT="75" STYLEREFS="font0"/><SP WIDTH="19" VPOS="1738" HPOS="801"/><String ID="p564_w348" CONTENT="degree" HPOS="820" VPOS="1738" WIDTH="116" HEIGHT="75" STYLEREFS="font0"/><SP WIDTH="18" VPOS="1738" HPOS="936"/><String ID="p564_w349" CONTENT="again." HPOS="954" VPOS="1738" WIDTH="105" HEIGHT="75" STYLEREFS="font0"/><SP WIDTH="49" VPOS="1738" HPOS="1059"/><String ID="p564_w350" CONTENT="And" HPOS="1108" VPOS="1738" WIDTH="78" HEIGHT="75" STYLEREFS="font0"/><SP WIDTH="17" VPOS="1738" HPOS="1186"/><String ID="p564_w351" CONTENT="as" HPOS="1203" VPOS="1738" WIDTH="33" HEIGHT="75" STYLEREFS="font0"/></TextLine><TextLine WIDTH="1044" HEIGHT="75" ID="p564_t36" HPOS="199" VPOS="1785"><String ID="p564_w352" CONTENT="the" HPOS="199" VPOS="1785" WIDTH="56" HEIGHT="75" STYLEREFS="font0"/><SP WIDTH="16" VPOS="1785" HPOS="255"/><String ID="p564_w353" CONTENT="full" HPOS="271" VPOS="1785" WIDTH="61" HEIGHT="75" STYLEREFS="font0"/><SP WIDTH="16" VPOS="1785" HPOS="332"/><String ID="p564_w354" CONTENT="moon" HPOS="348" VPOS="1785" WIDTH="96" HEIGHT="75" STYLEREFS="font0"/><SP WIDTH="23" VPOS="1785" HPOS="444"/><String ID="p564_w355" CONTENT="rifes" HPOS="467" VPOS="1785" WIDTH="75" HEIGHT="75" STYLEREFS="font0"/><SP WIDTH="17" VPOS="1785" HPOS="542"/><String ID="p564_w356" CONTENT="at" HPOS="559" VPOS="1785" WIDTH="33" HEIGHT="75" STYLEREFS="font0"/><SP WIDTH="15" VPOS="1785" HPOS="592"/><String ID="p564_w357" CONTENT="fun-fet" HPOS="607" VPOS="1785" WIDTH="125" HEIGHT="75" STYLEREFS="font0"/><SP WIDTH="15" VPOS="1785" HPOS="732"/><String ID="p564_w358" CONTENT="(becaufe" HPOS="747" VPOS="1785" WIDTH="148" HEIGHT="75" STYLEREFS="font0"/><SP WIDTH="16" VPOS="1785" HPOS="895"/><String ID="p564_w359" CONTENT="when" HPOS="911" VPOS="1785" WIDTH="93" HEIGHT="75" STYLEREFS="font0"/><SP WIDTH="17" VPOS="1785" HPOS="1004"/><String ID="p564_w360" CONTENT="any" HPOS="1021" VPOS="1785" WIDTH="63" HEIGHT="75" STYLEREFS="font0"/><SP WIDTH="16" VPOS="1785" HPOS="1084"/><String ID="p564_w361" CONTENT="point" HPOS="1100" VPOS="1785" WIDTH="89" HEIGHT="75" STYLEREFS="font0"/><SP WIDTH="13" VPOS="1785" HPOS="1189"/><String ID="p564_w362" CONTENT="of" HPOS="1202" VPOS="1785" WIDTH="41" HEIGHT="75" STYLEREFS="font0"/></TextLine><TextLine WIDTH="1036" HEIGHT="75" ID="p564_t37" HPOS="198" VPOS="1831"><String ID="p564_w363" CONTENT="the" HPOS="198" VPOS="1831" WIDTH="56" HEIGHT="75" STYLEREFS="font0"/><SP WIDTH="16" VPOS="1831" HPOS="254"/><String ID="p564_w364" CONTENT="ecliptic" HPOS="270" VPOS="1831" WIDTH="128" HEIGHT="75" STYLEREFS="font0"/><SP WIDTH="16" VPOS="1831" HPOS="398"/><String ID="p564_w365" CONTENT="fets," HPOS="414" VPOS="1831" WIDTH="75" HEIGHT="75" STYLEREFS="font0"/><SP WIDTH="25" VPOS="1831" HPOS="489"/><String ID="p564_w366" CONTENT="the" HPOS="514" VPOS="1831" WIDTH="55" HEIGHT="75" STYLEREFS="font0"/><SP WIDTH="18" VPOS="1831" HPOS="569"/><String ID="p564_w367" CONTENT="oppofite" HPOS="587" VPOS="1831" WIDTH="141" HEIGHT="75" STYLEREFS="font0"/><SP WIDTH="17" VPOS="1831" HPOS="728"/><String ID="p564_w368" CONTENT="point" HPOS="745" VPOS="1831" WIDTH="90" HEIGHT="75" STYLEREFS="font0"/><SP WIDTH="17" VPOS="1831" HPOS="835"/><String ID="p564_w369" CONTENT="rifes)" HPOS="852" VPOS="1831" WIDTH="90" HEIGHT="75" STYLEREFS="font0"/><SP WIDTH="27" VPOS="1831" HPOS="942"/><String ID="p564_w370" CONTENT="fhe" HPOS="969" VPOS="1831" WIDTH="51" HEIGHT="75" STYLEREFS="font0"/><SP WIDTH="17" VPOS="1831" HPOS="1020"/><String ID="p564_w371" CONTENT="would" HPOS="1037" VPOS="1831" WIDTH="109" HEIGHT="75" STYLEREFS="font0"/><SP WIDTH="14" VPOS="1831" HPOS="1146"/><String ID="p564_w372" CONTENT="con-" HPOS="1160" VPOS="1831" WIDTH="74" HEIGHT="75" STYLEREFS="font0"/></TextLine><TextLine WIDTH="1039" HEIGHT="75" ID="p564_t38" HPOS="199" VPOS="1877"><String ID="p564_w373" CONTENT="ftantly" HPOS="199" VPOS="1877" WIDTH="117" HEIGHT="75" STYLEREFS="font0"/><SP WIDTH="16" VPOS="1877" HPOS="316"/><String ID="p564_w374" CONTENT="rife" HPOS="332" VPOS="1877" WIDTH="59" HEIGHT="75" STYLEREFS="font0"/><SP WIDTH="16" VPOS="1877" HPOS="391"/><String ID="p564_w375" CONTENT="within" HPOS="407" VPOS="1877" WIDTH="111" HEIGHT="75" STYLEREFS="font0"/><SP WIDTH="17" VPOS="1877" HPOS="518"/><String ID="p564_w376" CONTENT="two" HPOS="535" VPOS="1877" WIDTH="67" HEIGHT="75" STYLEREFS="font0"/><SP WIDTH="17" VPOS="1877" HPOS="602"/><String ID="p564_w377" CONTENT="hours" HPOS="619" VPOS="1877" WIDTH="97" HEIGHT="75" STYLEREFS="font0"/><SP WIDTH="24" VPOS="1877" HPOS="716"/><String ID="p564_w378" CONTENT="of" HPOS="740" VPOS="1877" WIDTH="41" HEIGHT="75" STYLEREFS="font0"/><SP WIDTH="22" VPOS="1877" HPOS="781"/><String ID="p564_w379" CONTENT="fun-fet," HPOS="803" VPOS="1877" WIDTH="136" HEIGHT="75" STYLEREFS="font0"/><SP WIDTH="13" VPOS="1877" HPOS="939"/><String ID="p564_w380" CONTENT="on" HPOS="952" VPOS="1877" WIDTH="42" HEIGHT="75" STYLEREFS="font0"/><SP WIDTH="27" VPOS="1877" HPOS="994"/><String ID="p564_w381" CONTENT="the" HPOS="1021" VPOS="1877" WIDTH="55" HEIGHT="75" STYLEREFS="font0"/><SP WIDTH="28" VPOS="1877" HPOS="1076"/><String ID="p564_w382" CONTENT="parallel" HPOS="1104" VPOS="1877" WIDTH="134" HEIGHT="75" STYLEREFS="font0"/></TextLine><TextLine WIDTH="1036" HEIGHT="75" ID="p564_t39" HPOS="200" VPOS="1925"><String ID="p564_w383" CONTENT="of" HPOS="200" VPOS="1925" WIDTH="42" HEIGHT="75" STYLEREFS="font0"/><SP WIDTH="20" VPOS="1925" HPOS="242"/><String ID="p564_w384" CONTENT="London," HPOS="262" VPOS="1925" WIDTH="153" HEIGHT="75" STYLEREFS="font0"/><SP WIDTH="25" VPOS="1925" HPOS="415"/><String ID="p564_w385" CONTENT="during" HPOS="440" VPOS="1925" WIDTH="118" HEIGHT="75" STYLEREFS="font0"/><SP WIDTH="28" VPOS="1925" HPOS="558"/><String ID="p564_w386" CONTENT="the" HPOS="586" VPOS="1925" WIDTH="57" HEIGHT="75" STYLEREFS="font0"/><SP WIDTH="27" VPOS="1925" HPOS="643"/><String ID="p564_w387" CONTENT="week" HPOS="670" VPOS="1925" WIDTH="90" HEIGHT="75" STYLEREFS="font0"/><SP WIDTH="27" VPOS="1925" HPOS="760"/><String ID="p564_w388" CONTENT="in" HPOS="787" VPOS="1925" WIDTH="33" HEIGHT="75" STYLEREFS="font0"/><SP WIDTH="27" VPOS="1925" HPOS="820"/><String ID="p564_w389" CONTENT="which" HPOS="847" VPOS="1925" WIDTH="107" HEIGHT="75" STYLEREFS="font0"/><SP WIDTH="28" VPOS="1925" HPOS="954"/><String ID="p564_w390" CONTENT="fhe" HPOS="982" VPOS="1925" WIDTH="52" HEIGHT="75" STYLEREFS="font0"/><SP WIDTH="15" VPOS="1925" HPOS="1034"/><String ID="p564_w391" CONTENT="were" HPOS="1049" VPOS="1925" WIDTH="85" HEIGHT="75" STYLEREFS="font0"/><SP WIDTH="28" VPOS="1925" HPOS="1134"/><String ID="p564_w392" CONTENT="full." HPOS="1162" VPOS="1925" WIDTH="74" HEIGHT="75" STYLEREFS="font0"/></TextLine><TextLine WIDTH="1038" HEIGHT="75" ID="p564_t40" HPOS="199" VPOS="1971"><String ID="p564_w393" CONTENT="But" HPOS="199" VPOS="1971" WIDTH="69" HEIGHT="75" STYLEREFS="font0"/><SP WIDTH="26" VPOS="1971" HPOS="268"/><String ID="p564_w394" CONTENT="in" HPOS="294" VPOS="1971" WIDTH="36" HEIGHT="75" STYLEREFS="font0"/><SP WIDTH="12" VPOS="1971" HPOS="330"/><String ID="p564_w395" CONTENT="the" HPOS="342" VPOS="1971" WIDTH="57" HEIGHT="75" STYLEREFS="font0"/><SP WIDTH="26" VPOS="1971" HPOS="399"/><String ID="p564_w396" CONTENT="time" HPOS="425" VPOS="1971" WIDTH="78" HEIGHT="75" STYLEREFS="font0"/><SP WIDTH="17" VPOS="1971" HPOS="503"/><String ID="p564_w397" CONTENT="that'the" HPOS="520" VPOS="1971" WIDTH="150" HEIGHT="75" STYLEREFS="font0"/><SP WIDTH="28" VPOS="1971" HPOS="670"/><String ID="p564_w398" CONTENT="moon" HPOS="698" VPOS="1971" WIDTH="97" HEIGHT="75" STYLEREFS="font0"/><SP WIDTH="16" VPOS="1971" HPOS="795"/><String ID="p564_w399" CONTENT="goes" HPOS="811" VPOS="1971" WIDTH="76" HEIGHT="75" STYLEREFS="font0"/><SP WIDTH="18" VPOS="1971" HPOS="887"/><String ID="p564_w400" CONTENT="round" HPOS="905" VPOS="1971" WIDTH="102" HEIGHT="75" STYLEREFS="font0"/><SP WIDTH="23" VPOS="1971" HPOS="1007"/><String ID="p564_w401" CONTENT="the" HPOS="1030" VPOS="1971" WIDTH="55" HEIGHT="75" STYLEREFS="font0"/><SP WIDTH="24" VPOS="1971" HPOS="1085"/><String ID="p564_w402" CONTENT="ecliptic" HPOS="1109" VPOS="1971" WIDTH="128" HEIGHT="75" STYLEREFS="font0"/></TextLine><TextLine WIDTH="1039" HEIGHT="75" ID="p564_t41" HPOS="199" VPOS="2019"><String ID="p564_w403" CONTENT="from" HPOS="199" VPOS="2019" WIDTH="85" HEIGHT="75" STYLEREFS="font0"/><SP WIDTH="18" VPOS="2019" HPOS="284"/><String ID="p564_w404" CONTENT="any" HPOS="302" VPOS="2019" WIDTH="61" HEIGHT="75" STYLEREFS="font0"/><SP WIDTH="12" VPOS="2019" HPOS="363"/><String ID="p564_w405" CONTENT="conjunflion" HPOS="375" VPOS="2019" WIDTH="203" HEIGHT="75" STYLEREFS="font0"/><SP WIDTH="11" VPOS="2019" HPOS="578"/><String ID="p564_w406" CONTENT="or" HPOS="589" VPOS="2019" WIDTH="40" HEIGHT="75" STYLEREFS="font0"/><SP WIDTH="14" VPOS="2019" HPOS="629"/><String ID="p564_w407" CONTENT="oppofition," HPOS="643" VPOS="2019" WIDTH="188" HEIGHT="75" STYLEREFS="font0"/><SP WIDTH="27" VPOS="2019" HPOS="831"/><String ID="p564_w408" CONTENT="the" HPOS="858" VPOS="2019" WIDTH="55" HEIGHT="75" STYLEREFS="font0"/><SP WIDTH="12" VPOS="2019" HPOS="913"/><String ID="p564_w409" CONTENT="earth" HPOS="925" VPOS="2019" WIDTH="91" HEIGHT="75" STYLEREFS="font0"/><SP WIDTH="17" VPOS="2019" HPOS="1016"/><String ID="p564_w410" CONTENT="goes" HPOS="1033" VPOS="2019" WIDTH="81" HEIGHT="75" STYLEREFS="font0"/><SP WIDTH="13" VPOS="2019" HPOS="1114"/><String ID="p564_w411" CONTENT="almoft" HPOS="1127" VPOS="2019" WIDTH="111" HEIGHT="75" STYLEREFS="font0"/></TextLine><TextLine WIDTH="1036" HEIGHT="75" ID="p564_t42" HPOS="198" VPOS="2064"><String ID="p564_w412" CONTENT="a" HPOS="198" VPOS="2064" WIDTH="18" HEIGHT="75" STYLEREFS="font0"/><SP WIDTH="19" VPOS="2064" HPOS="216"/><String ID="p564_w413" CONTENT="fign" HPOS="235" VPOS="2064" WIDTH="63" HEIGHT="75" STYLEREFS="font0"/><SP WIDTH="13" VPOS="2064" HPOS="298"/><String ID="p564_w414" CONTENT="forward" HPOS="311" VPOS="2064" WIDTH="141" HEIGHT="75" STYLEREFS="font0"/><SP WIDTH="15" VPOS="2064" HPOS="452"/><String ID="p564_w415" CONTENT=";" HPOS="467" VPOS="2064" WIDTH="10" HEIGHT="75" STYLEREFS="font0"/><SP WIDTH="27" VPOS="2064" HPOS="477"/><String ID="p564_w416" CONTENT="and" HPOS="504" VPOS="2064" WIDTH="62" HEIGHT="75" STYLEREFS="font0"/><SP WIDTH="16" VPOS="2064" HPOS="566"/><String ID="p564_w417" CONTENT="therefore" HPOS="582" VPOS="2064" WIDTH="162" HEIGHT="75" STYLEREFS="font0"/><SP WIDTH="17" VPOS="2064" HPOS="744"/><String ID="p564_w418" CONTENT="the" HPOS="761" VPOS="2064" WIDTH="55" HEIGHT="75" STYLEREFS="font0"/><SP WIDTH="17" VPOS="2064" HPOS="816"/><String ID="p564_w419" CONTENT="fun" HPOS="833" VPOS="2064" WIDTH="56" HEIGHT="75" STYLEREFS="font0"/><SP WIDTH="17" VPOS="2064" HPOS="889"/><String ID="p564_w420" CONTENT="will" HPOS="906" VPOS="2064" WIDTH="67" HEIGHT="75" STYLEREFS="font0"/><SP WIDTH="17" VPOS="2064" HPOS="973"/><String ID="p564_w421" CONTENT="feem" HPOS="990" VPOS="2064" WIDTH="82" HEIGHT="75" STYLEREFS="font0"/><SP WIDTH="16" VPOS="2064" HPOS="1072"/><String ID="p564_w422" CONTENT="to" HPOS="1088" VPOS="2064" WIDTH="36" HEIGHT="75" STYLEREFS="font0"/><SP WIDTH="17" VPOS="2064" HPOS="1124"/><String ID="p564_w423" CONTENT="go" HPOS="1141" VPOS="2064" WIDTH="41" HEIGHT="75" STYLEREFS="font0"/><SP WIDTH="18" VPOS="2064" HPOS="1182"/><String ID="p564_w424" CONTENT="as" HPOS="1200" VPOS="2064" WIDTH="34" HEIGHT="75" STYLEREFS="font0"/></TextLine><TextLine WIDTH="1038" HEIGHT="75" ID="p564_t43" HPOS="199" VPOS="2110"><String ID="p564_w425" CONTENT="far" HPOS="199" VPOS="2110" WIDTH="50" HEIGHT="75" STYLEREFS="font0"/><SP WIDTH="17" VPOS="2110" HPOS="249"/><String ID="p564_w426" CONTENT="forward" HPOS="266" VPOS="2110" WIDTH="139" HEIGHT="75" STYLEREFS="font0"/><SP WIDTH="18" VPOS="2110" HPOS="405"/><String ID="p564_w427" CONTENT="in" HPOS="423" VPOS="2110" WIDTH="34" HEIGHT="75" STYLEREFS="font0"/><SP WIDTH="15" VPOS="2110" HPOS="457"/><String ID="p564_w428" CONTENT="that" HPOS="472" VPOS="2110" WIDTH="71" HEIGHT="75" STYLEREFS="font0"/><SP WIDTH="16" VPOS="2110" HPOS="543"/><String ID="p564_w429" CONTENT="time," HPOS="559" VPOS="2110" WIDTH="90" HEIGHT="75" STYLEREFS="font0"/><SP WIDTH="26" VPOS="2110" HPOS="649"/><String ID="p564_w430" CONTENT="namely," HPOS="675" VPOS="2110" WIDTH="139" HEIGHT="75" STYLEREFS="font0"/><SP WIDTH="26" VPOS="2110" HPOS="814"/><String ID="p564_w431" CONTENT="27-I-" HPOS="840" VPOS="2110" WIDTH="71" HEIGHT="75" STYLEREFS="font0"/><SP WIDTH="15" VPOS="2110" HPOS="911"/><String ID="p564_w432" CONTENT="degrees;" HPOS="926" VPOS="2110" WIDTH="155" HEIGHT="75" STYLEREFS="font0"/><SP WIDTH="34" VPOS="2110" HPOS="1081"/><String ID="p564_w433" CONTENT="fo" HPOS="1115" VPOS="2110" WIDTH="34" HEIGHT="75" STYLEREFS="font0"/><SP WIDTH="16" VPOS="2110" HPOS="1149"/><String ID="p564_w434" CONTENT="that" HPOS="1165" VPOS="2110" WIDTH="72" HEIGHT="75" STYLEREFS="font0"/></TextLine><TextLine WIDTH="1035" HEIGHT="75" ID="p564_t44" HPOS="201" VPOS="2158"><String ID="p564_w435" CONTENT="the" HPOS="201" VPOS="2158" WIDTH="55" HEIGHT="75" STYLEREFS="font0"/><SP WIDTH="16" VPOS="2158" HPOS="256"/><String ID="p564_w436" CONTENT="moon" HPOS="272" VPOS="2158" WIDTH="96" HEIGHT="75" STYLEREFS="font0"/><SP WIDTH="16" VPOS="2158" HPOS="368"/><String ID="p564_w437" CONTENT="muft" HPOS="384" VPOS="2158" WIDTH="80" HEIGHT="75" STYLEREFS="font0"/><SP WIDTH="17" VPOS="2158" HPOS="464"/><String ID="p564_w438" CONTENT="go-2" HPOS="481" VPOS="2158" WIDTH="79" HEIGHT="75" STYLEREFS="font0"/><SP WIDTH="7" VPOS="2158" HPOS="560"/><String ID="p564_w439" CONTENT="74-" HPOS="567" VPOS="2158" WIDTH="46" HEIGHT="75" STYLEREFS="font0"/><SP WIDTH="13" VPOS="2158" HPOS="613"/><String ID="p564_w440" CONTENT="degrees" HPOS="626" VPOS="2158" WIDTH="133" HEIGHT="75" STYLEREFS="font0"/><SP WIDTH="21" VPOS="2158" HPOS="759"/><String ID="p564_w441" CONTENT="more" HPOS="780" VPOS="2158" WIDTH="89" HEIGHT="75" STYLEREFS="font0"/><SP WIDTH="17" VPOS="2158" HPOS="869"/><String ID="p564_w442" CONTENT="than" HPOS="886" VPOS="2158" WIDTH="77" HEIGHT="75" STYLEREFS="font0"/><SP WIDTH="20" VPOS="2158" HPOS="963"/><String ID="p564_w443" CONTENT="round," HPOS="983" VPOS="2158" WIDTH="113" HEIGHT="75" STYLEREFS="font0"/><SP WIDTH="26" VPOS="2158" HPOS="1096"/><String ID="p564_w444" CONTENT="and" HPOS="1122" VPOS="2158" WIDTH="63" HEIGHT="75" STYLEREFS="font0"/><SP WIDTH="16" VPOS="2158" HPOS="1185"/><String ID="p564_w445" CONTENT="as" HPOS="1201" VPOS="2158" WIDTH="35" HEIGHT="75" STYLEREFS="font0"/></TextLine><TextLine WIDTH="1035" HEIGHT="75" ID="p564_t45" HPOS="201" VPOS="2204"><String ID="p564_w446" CONTENT="much" HPOS="201" VPOS="2204" WIDTH="95" HEIGHT="75" STYLEREFS="font0"/><SP WIDTH="16" VPOS="2204" HPOS="296"/><String ID="p564_w447" CONTENT="farther" HPOS="312" VPOS="2204" WIDTH="124" HEIGHT="75" STYLEREFS="font0"/><SP WIDTH="17" VPOS="2204" HPOS="436"/><String ID="p564_w448" CONTENT="as" HPOS="453" VPOS="2204" WIDTH="33" HEIGHT="75" STYLEREFS="font0"/><SP WIDTH="18" VPOS="2204" HPOS="486"/><String ID="p564_w449" CONTENT="the" HPOS="504" VPOS="2204" WIDTH="55" HEIGHT="75" STYLEREFS="font0"/><SP WIDTH="17" VPOS="2204" HPOS="559"/><String ID="p564_w450" CONTENT="fun" HPOS="576" VPOS="2204" WIDTH="56" HEIGHT="75" STYLEREFS="font0"/><SP WIDTH="17" VPOS="2204" HPOS="632"/><String ID="p564_w451" CONTENT="advances" HPOS="649" VPOS="2204" WIDTH="154" HEIGHT="75" STYLEREFS="font0"/><SP WIDTH="18" VPOS="2204" HPOS="803"/><String ID="p564_w452" CONTENT="in" HPOS="821" VPOS="2204" WIDTH="31" HEIGHT="75" STYLEREFS="font0"/><SP WIDTH="17" VPOS="2204" HPOS="852"/><String ID="p564_w453" CONTENT="that" HPOS="869" VPOS="2204" WIDTH="72" HEIGHT="75" STYLEREFS="font0"/><SP WIDTH="16" VPOS="2204" HPOS="941"/><String ID="p564_w454" CONTENT="interval," HPOS="957" VPOS="2204" WIDTH="147" HEIGHT="75" STYLEREFS="font0"/><SP WIDTH="26" VPOS="2204" HPOS="1104"/><String ID="p564_w455" CONTENT="which" HPOS="1130" VPOS="2204" WIDTH="106" HEIGHT="75" STYLEREFS="font0"/></TextLine><TextLine WIDTH="1036" HEIGHT="75" ID="p564_t46" HPOS="202" VPOS="2252"><String ID="p564_w456" CONTENT="is" HPOS="202" VPOS="2252" WIDTH="27" HEIGHT="75" STYLEREFS="font0"/><SP WIDTH="20" VPOS="2252" HPOS="229"/><String ID="p564_w457" CONTENT="2" HPOS="249" VPOS="2252" WIDTH="16" HEIGHT="75" STYLEREFS="font0"/><SP WIDTH="10" VPOS="2252" HPOS="265"/><String ID="p564_w458" CONTENT="-rs-" HPOS="275" VPOS="2252" WIDTH="43" HEIGHT="75" STYLEREFS="font0"/><SP WIDTH="15" VPOS="2252" HPOS="318"/><String ID="p564_w459" CONTENT="degrees," HPOS="333" VPOS="2252" WIDTH="144" HEIGHT="75" STYLEREFS="font0"/><SP WIDTH="25" VPOS="2252" HPOS="477"/><String ID="p564_w460" CONTENT="before" HPOS="502" VPOS="2252" WIDTH="112" HEIGHT="75" STYLEREFS="font0"/><SP WIDTH="17" VPOS="2252" HPOS="614"/><String ID="p564_w461" CONTENT="fhe" HPOS="631" VPOS="2252" WIDTH="51" HEIGHT="75" STYLEREFS="font0"/><SP WIDTH="12" VPOS="2252" HPOS="682"/><String ID="p564_w462" CONTENT="can" HPOS="694" VPOS="2252" WIDTH="59" HEIGHT="75" STYLEREFS="font0"/><SP WIDTH="16" VPOS="2252" HPOS="753"/><String ID="p564_w463" CONTENT="be" HPOS="769" VPOS="2252" WIDTH="41" HEIGHT="75" STYLEREFS="font0"/><SP WIDTH="12" VPOS="2252" HPOS="810"/><String ID="p564_w464" CONTENT="in" HPOS="822" VPOS="2252" WIDTH="32" HEIGHT="75" STYLEREFS="font0"/><SP WIDTH="17" VPOS="2252" HPOS="854"/><String ID="p564_w465" CONTENT="conjunction" HPOS="871" VPOS="2252" WIDTH="202" HEIGHT="75" STYLEREFS="font0"/><SP WIDTH="17" VPOS="2252" HPOS="1073"/><String ID="p564_w466" CONTENT="with," HPOS="1090" VPOS="2252" WIDTH="92" HEIGHT="75" STYLEREFS="font0"/><SP WIDTH="19" VPOS="2252" HPOS="1182"/><String ID="p564_w467" CONTENT="or" HPOS="1201" VPOS="2252" WIDTH="37" HEIGHT="75" STYLEREFS="font0"/></TextLine><TextLine WIDTH="1036" HEIGHT="75" ID="p564_t47" HPOS="202" VPOS="2298"><String ID="p564_w468" CONTENT="oppofite" HPOS="202" VPOS="2298" WIDTH="140" HEIGHT="75" STYLEREFS="font0"/><SP WIDTH="27" VPOS="2298" HPOS="342"/><String ID="p564_w469" CONTENT="to," HPOS="369" VPOS="2298" WIDTH="48" HEIGHT="75" STYLEREFS="font0"/><SP WIDTH="24" VPOS="2298" HPOS="417"/><String ID="p564_w470" CONTENT="the" HPOS="441" VPOS="2298" WIDTH="56" HEIGHT="75" STYLEREFS="font0"/><SP WIDTH="24" VPOS="2298" HPOS="497"/><String ID="p564_w471" CONTENT="fun" HPOS="521" VPOS="2298" WIDTH="56" HEIGHT="75" STYLEREFS="font0"/><SP WIDTH="29" VPOS="2298" HPOS="577"/><String ID="p564_w472" CONTENT="again»" HPOS="606" VPOS="2298" WIDTH="109" HEIGHT="75" STYLEREFS="font0"/><SP WIDTH="46" VPOS="2298" HPOS="715"/><String ID="p564_w473" CONTENT="Hence" HPOS="761" VPOS="2298" WIDTH="112" HEIGHT="75" STYLEREFS="font0"/><SP WIDTH="28" VPOS="2298" HPOS="873"/><String ID="p564_w474" CONTENT="it" HPOS="901" VPOS="2298" WIDTH="25" HEIGHT="75" STYLEREFS="font0"/><SP WIDTH="22" VPOS="2298" HPOS="926"/><String ID="p564_w475" CONTENT="is" HPOS="948" VPOS="2298" WIDTH="29" HEIGHT="75" STYLEREFS="font0"/><SP WIDTH="23" VPOS="2298" HPOS="977"/><String ID="p564_w476" CONTENT="evident," HPOS="1000" VPOS="2298" WIDTH="141" HEIGHT="75" STYLEREFS="font0"/><SP WIDTH="24" VPOS="2298" HPOS="1141"/><String ID="p564_w477" CONTENT="that" HPOS="1165" VPOS="2298" WIDTH="73" HEIGHT="75" STYLEREFS="font0"/></TextLine><TextLine WIDTH="1035" HEIGHT="75" ID="p564_t48" HPOS="201" VPOS="2345"><String ID="p564_w478" CONTENT="there" HPOS="201" VPOS="2345" WIDTH="92" HEIGHT="75" STYLEREFS="font0"/><SP WIDTH="16" VPOS="2345" HPOS="293"/><String ID="p564_w479" CONTENT="can" HPOS="309" VPOS="2345" WIDTH="59" HEIGHT="75" STYLEREFS="font0"/><SP WIDTH="16" VPOS="2345" HPOS="368"/><String ID="p564_w480" CONTENT="be" HPOS="384" VPOS="2345" WIDTH="39" HEIGHT="75" STYLEREFS="font0"/><SP WIDTH="17" VPOS="2345" HPOS="423"/><String ID="p564_w481" CONTENT="but" HPOS="440" VPOS="2345" WIDTH="58" HEIGHT="75" STYLEREFS="font0"/><SP WIDTH="17" VPOS="2345" HPOS="498"/><String ID="p564_w482" CONTENT="one" HPOS="515" VPOS="2345" WIDTH="60" HEIGHT="75" STYLEREFS="font0"/><SP WIDTH="16" VPOS="2345" HPOS="575"/><String ID="p564_w483" CONTENT="conjunction" HPOS="591" VPOS="2345" WIDTH="207" HEIGHT="75" STYLEREFS="font0"/><SP WIDTH="13" VPOS="2345" HPOS="798"/><String ID="p564_w484" CONTENT="or" HPOS="811" VPOS="2345" WIDTH="37" HEIGHT="75" STYLEREFS="font0"/><SP WIDTH="16" VPOS="2345" HPOS="848"/><String ID="p564_w485" CONTENT="oppofition" HPOS="864" VPOS="2345" WIDTH="176" HEIGHT="75" STYLEREFS="font0"/><SP WIDTH="16" VPOS="2345" HPOS="1040"/><String ID="p564_w486" CONTENT="of" HPOS="1056" VPOS="2345" WIDTH="41" HEIGHT="75" STYLEREFS="font0"/><SP WIDTH="11" VPOS="2345" HPOS="1097"/><String ID="p564_w487" CONTENT="the" HPOS="1108" VPOS="2345" WIDTH="56" HEIGHT="75" STYLEREFS="font0"/><SP WIDTH="17" VPOS="2345" HPOS="1164"/><String ID="p564_w488" CONTENT="fun" HPOS="1181" VPOS="2345" WIDTH="55" HEIGHT="75" STYLEREFS="font0"/></TextLine><TextLine WIDTH="1036" HEIGHT="75" ID="p564_t49" HPOS="201" VPOS="2390"><String ID="p564_w489" CONTENT="and" HPOS="201" VPOS="2390" WIDTH="63" HEIGHT="75" STYLEREFS="font0"/><SP WIDTH="17" VPOS="2390" HPOS="264"/><String ID="p564_w490" CONTENT="moon" HPOS="281" VPOS="2390" WIDTH="97" HEIGHT="75" STYLEREFS="font0"/><SP WIDTH="16" VPOS="2390" HPOS="378"/><String ID="p564_w491" CONTENT="in" HPOS="394" VPOS="2390" WIDTH="31" HEIGHT="75" STYLEREFS="font0"/><SP WIDTH="18" VPOS="2390" HPOS="425"/><String ID="p564_w492" CONTENT="a" HPOS="443" VPOS="2390" WIDTH="19" HEIGHT="75" STYLEREFS="font0"/><SP WIDTH="16" VPOS="2390" HPOS="462"/><String ID="p564_w493" CONTENT="year" HPOS="478" VPOS="2390" WIDTH="77" HEIGHT="75" STYLEREFS="font0"/><SP WIDTH="16" VPOS="2390" HPOS="555"/><String ID="p564_w494" CONTENT="in" HPOS="571" VPOS="2390" WIDTH="32" HEIGHT="75" STYLEREFS="font0"/><SP WIDTH="18" VPOS="2390" HPOS="603"/><String ID="p564_w495" CONTENT="any" HPOS="621" VPOS="2390" WIDTH="61" HEIGHT="75" STYLEREFS="font0"/><SP WIDTH="16" VPOS="2390" HPOS="682"/><String ID="p564_w496" CONTENT="particular" HPOS="698" VPOS="2390" WIDTH="172" HEIGHT="75" STYLEREFS="font0"/><SP WIDTH="18" VPOS="2390" HPOS="870"/><String ID="p564_w497" CONTENT="part" HPOS="888" VPOS="2390" WIDTH="71" HEIGHT="75" STYLEREFS="font0"/><SP WIDTH="16" VPOS="2390" HPOS="959"/><String ID="p564_w498" CONTENT="of" HPOS="975" VPOS="2390" WIDTH="40" HEIGHT="75" STYLEREFS="font0"/><SP WIDTH="11" VPOS="2390" HPOS="1015"/><String ID="p564_w499" CONTENT="the" HPOS="1026" VPOS="2390" WIDTH="55" HEIGHT="75" STYLEREFS="font0"/><SP WIDTH="16" VPOS="2390" HPOS="1081"/><String ID="p564_w500" CONTENT="ecliptic." HPOS="1097" VPOS="2390" WIDTH="140" HEIGHT="75" STYLEREFS="font0"/></TextLine><TextLine WIDTH="1039" HEIGHT="75" ID="p564_t50" HPOS="201" VPOS="2438"><String ID="p564_w501" CONTENT="This" HPOS="201" VPOS="2438" WIDTH="87" HEIGHT="75" STYLEREFS="font0"/><SP WIDTH="16" VPOS="2438" HPOS="288"/><String ID="p564_w502" CONTENT="may" HPOS="304" VPOS="2438" WIDTH="74" HEIGHT="75" STYLEREFS="font0"/><SP WIDTH="18" VPOS="2438" HPOS="378"/><String ID="p564_w503" CONTENT="be" HPOS="396" VPOS="2438" WIDTH="41" HEIGHT="75" STYLEREFS="font0"/><SP WIDTH="16" VPOS="2438" HPOS="437"/><String ID="p564_w504" CONTENT="familiarly" HPOS="453" VPOS="2438" WIDTH="175" HEIGHT="75" STYLEREFS="font0"/><SP WIDTH="18" VPOS="2438" HPOS="628"/><String ID="p564_w505" CONTENT="exemplified" HPOS="646" VPOS="2438" WIDTH="204" HEIGHT="75" STYLEREFS="font0"/><SP WIDTH="19" VPOS="2438" HPOS="850"/><String ID="p564_w506" CONTENT="by" HPOS="869" VPOS="2438" WIDTH="44" HEIGHT="75" STYLEREFS="font0"/><SP WIDTH="17" VPOS="2438" HPOS="913"/><String ID="p564_w507" CONTENT="the" HPOS="930" VPOS="2438" WIDTH="54" HEIGHT="75" STYLEREFS="font0"/><SP WIDTH="16" VPOS="2438" HPOS="984"/><String ID="p564_w508" CONTENT="hour" HPOS="1000" VPOS="2438" WIDTH="83" HEIGHT="75" STYLEREFS="font0"/><SP WIDTH="17" VPOS="2438" HPOS="1083"/><String ID="p564_w509" CONTENT="and" HPOS="1100" VPOS="2438" WIDTH="63" HEIGHT="75" STYLEREFS="font0"/><SP WIDTH="16" VPOS="2438" HPOS="1163"/><String ID="p564_w510" CONTENT="mi-" HPOS="1179" VPOS="2438" WIDTH="61" HEIGHT="75" STYLEREFS="font0"/></TextLine><TextLine WIDTH="1041" HEIGHT="75" ID="p564_t51" HPOS="200" VPOS="2485"><String ID="p564_w511" CONTENT="nute-hands" HPOS="200" VPOS="2485" WIDTH="194" HEIGHT="75" STYLEREFS="font0"/><SP WIDTH="17" VPOS="2485" HPOS="394"/><String ID="p564_w512" CONTENT="of" HPOS="411" VPOS="2485" WIDTH="44" HEIGHT="75" STYLEREFS="font0"/><SP WIDTH="7" VPOS="2485" HPOS="455"/><String ID="p564_w513" CONTENT="a" HPOS="462" VPOS="2485" WIDTH="18" HEIGHT="75" STYLEREFS="font0"/><SP WIDTH="16" VPOS="2485" HPOS="480"/><String ID="p564_w514" CONTENT="watch," HPOS="496" VPOS="2485" WIDTH="119" HEIGHT="75" STYLEREFS="font0"/><SP WIDTH="25" VPOS="2485" HPOS="615"/><String ID="p564_w515" CONTENT="which" HPOS="640" VPOS="2485" WIDTH="107" HEIGHT="75" STYLEREFS="font0"/><SP WIDTH="14" VPOS="2485" HPOS="747"/><String ID="p564_w516" CONTENT="are" HPOS="761" VPOS="2485" WIDTH="52" HEIGHT="75" STYLEREFS="font0"/><SP WIDTH="13" VPOS="2485" HPOS="813"/><String ID="p564_w517" CONTENT="never" HPOS="826" VPOS="2485" WIDTH="97" HEIGHT="75" STYLEREFS="font0"/><SP WIDTH="15" VPOS="2485" HPOS="923"/><String ID="p564_w518" CONTENT="in" HPOS="938" VPOS="2485" WIDTH="33" HEIGHT="75" STYLEREFS="font0"/><SP WIDTH="17" VPOS="2485" HPOS="971"/><String ID="p564_w519" CONTENT="conjunction" HPOS="988" VPOS="2485" WIDTH="203" HEIGHT="75" STYLEREFS="font0"/><SP WIDTH="12" VPOS="2485" HPOS="1191"/><String ID="p564_w520" CONTENT="or" HPOS="1203" VPOS="2485" WIDTH="38" HEIGHT="75" STYLEREFS="font0"/></TextLine><TextLine WIDTH="1041" HEIGHT="75" ID="p564_t52" HPOS="201" VPOS="2531"><String ID="p564_w521" CONTENT="oppofition" HPOS="201" VPOS="2531" WIDTH="177" HEIGHT="75" STYLEREFS="font0"/><SP WIDTH="17" VPOS="2531" HPOS="378"/><String ID="p564_w522" CONTENT="in" HPOS="395" VPOS="2531" WIDTH="34" HEIGHT="75" STYLEREFS="font0"/><SP WIDTH="21" VPOS="2531" HPOS="429"/><String ID="p564_w523" CONTENT="that" HPOS="450" VPOS="2531" WIDTH="72" HEIGHT="75" STYLEREFS="font0"/><SP WIDTH="16" VPOS="2531" HPOS="522"/><String ID="p564_w524" CONTENT="part" HPOS="538" VPOS="2531" WIDTH="71" HEIGHT="75" STYLEREFS="font0"/><SP WIDTH="11" VPOS="2531" HPOS="609"/><String ID="p564_w525" CONTENT="of" HPOS="620" VPOS="2531" WIDTH="41" HEIGHT="75" STYLEREFS="font0"/><SP WIDTH="11" VPOS="2531" HPOS="661"/><String ID="p564_w526" CONTENT="the" HPOS="672" VPOS="2531" WIDTH="55" HEIGHT="75" STYLEREFS="font0"/><SP WIDTH="18" VPOS="2531" HPOS="727"/><String ID="p564_w527" CONTENT="dial-plate" HPOS="745" VPOS="2531" WIDTH="168" HEIGHT="75" STYLEREFS="font0"/><SP WIDTH="16" VPOS="2531" HPOS="913"/><String ID="p564_w528" CONTENT="where" HPOS="929" VPOS="2531" WIDTH="107" HEIGHT="75" STYLEREFS="font0"/><SP WIDTH="25" VPOS="2531" HPOS="1036"/><String ID="p564_w529" CONTENT="they" HPOS="1061" VPOS="2531" WIDTH="78" HEIGHT="75" STYLEREFS="font0"/><SP WIDTH="15" VPOS="2531" HPOS="1139"/><String ID="p564_w530" CONTENT="were" HPOS="1154" VPOS="2531" WIDTH="88" HEIGHT="75" STYLEREFS="font0"/></TextLine><TextLine WIDTH="1036" HEIGHT="75" ID="p564_t53" HPOS="203" VPOS="2580"><String ID="p564_w531" CONTENT="fo" HPOS="203" VPOS="2580" WIDTH="34" HEIGHT="75" STYLEREFS="font0"/><SP WIDTH="27" VPOS="2580" HPOS="237"/><String ID="p564_w532" CONTENT="laft" HPOS="264" VPOS="2580" WIDTH="59" HEIGHT="75" STYLEREFS="font0"/><SP WIDTH="26" VPOS="2580" HPOS="323"/><String ID="p564_w533" CONTENT="before." HPOS="349" VPOS="2580" WIDTH="127" HEIGHT="75" STYLEREFS="font0"/><SP WIDTH="46" VPOS="2580" HPOS="476"/><String ID="p564_w534" CONTENT="And" HPOS="522" VPOS="2580" WIDTH="78" HEIGHT="75" STYLEREFS="font0"/><SP WIDTH="14" VPOS="2580" HPOS="600"/><String ID="p564_w535" CONTENT="indeed," HPOS="614" VPOS="2580" WIDTH="130" HEIGHT="75" STYLEREFS="font0"/><SP WIDTH="28" VPOS="2580" HPOS="744"/><String ID="p564_w536" CONTENT="if" HPOS="772" VPOS="2580" WIDTH="31" HEIGHT="75" STYLEREFS="font0"/><SP WIDTH="11" VPOS="2580" HPOS="803"/><String ID="p564_w537" CONTENT="we" HPOS="814" VPOS="2580" WIDTH="49" HEIGHT="75" STYLEREFS="font0"/><SP WIDTH="17" VPOS="2580" HPOS="863"/><String ID="p564_w538" CONTENT="compare" HPOS="880" VPOS="2580" WIDTH="147" HEIGHT="75" STYLEREFS="font0"/><SP WIDTH="23" VPOS="2580" HPOS="1027"/><String ID="p564_w539" CONTENT="the" HPOS="1050" VPOS="2580" WIDTH="56" HEIGHT="75" STYLEREFS="font0"/><SP WIDTH="17" VPOS="2580" HPOS="1106"/><String ID="p564_w540" CONTENT="twelve" HPOS="1123" VPOS="2580" WIDTH="116" HEIGHT="75" STYLEREFS="font0"/></TextLine><TextLine WIDTH="1047" HEIGHT="75" ID="p564_t54" HPOS="202" VPOS="2626"><String ID="p564_w541" CONTENT="hours" HPOS="202" VPOS="2626" WIDTH="99" HEIGHT="75" STYLEREFS="font0"/><SP WIDTH="11" VPOS="2626" HPOS="301"/><String ID="p564_w542" CONTENT="on" HPOS="312" VPOS="2626" WIDTH="41" HEIGHT="75" STYLEREFS="font0"/><SP WIDTH="16" VPOS="2626" HPOS="353"/><String ID="p564_w543" CONTENT="the" HPOS="369" VPOS="2626" WIDTH="55" HEIGHT="75" STYLEREFS="font0"/><SP WIDTH="18" VPOS="2626" HPOS="424"/><String ID="p564_w544" CONTENT="dial-plate" HPOS="442" VPOS="2626" WIDTH="169" HEIGHT="75" STYLEREFS="font0"/><SP WIDTH="17" VPOS="2626" HPOS="611"/><String ID="p564_w545" CONTENT="to" HPOS="628" VPOS="2626" WIDTH="35" HEIGHT="75" STYLEREFS="font0"/><SP WIDTH="17" VPOS="2626" HPOS="663"/><String ID="p564_w546" CONTENT="the" HPOS="680" VPOS="2626" WIDTH="56" HEIGHT="75" STYLEREFS="font0"/><SP WIDTH="16" VPOS="2626" HPOS="736"/><String ID="p564_w547" CONTENT="twelve" HPOS="752" VPOS="2626" WIDTH="115" HEIGHT="75" STYLEREFS="font0"/><SP WIDTH="12" VPOS="2626" HPOS="867"/><String ID="p564_w548" CONTENT="figns" HPOS="879" VPOS="2626" WIDTH="82" HEIGHT="75" STYLEREFS="font0"/><SP WIDTH="13" VPOS="2626" HPOS="961"/><String ID="p564_w549" CONTENT="of" HPOS="974" VPOS="2626" WIDTH="40" HEIGHT="75" STYLEREFS="font0"/><SP WIDTH="11" VPOS="2626" HPOS="1014"/><String ID="p564_w550" CONTENT="the" HPOS="1025" VPOS="2626" WIDTH="55" HEIGHT="75" STYLEREFS="font0"/><SP WIDTH="17" VPOS="2626" HPOS="1080"/><String ID="p564_w551" CONTENT="ecliptic,," HPOS="1097" VPOS="2626" WIDTH="152" HEIGHT="75" STYLEREFS="font0"/></TextLine><TextLine WIDTH="1035" HEIGHT="75" ID="p564_t55" HPOS="204" VPOS="2674"><String ID="p564_w552" CONTENT="the" HPOS="204" VPOS="2674" WIDTH="58" HEIGHT="75" STYLEREFS="font0"/><SP WIDTH="14" VPOS="2674" HPOS="262"/><String ID="p564_w553" CONTENT="hour-hand" HPOS="276" VPOS="2674" WIDTH="186" HEIGHT="75" STYLEREFS="font0"/><SP WIDTH="15" VPOS="2674" HPOS="462"/><String ID="p564_w554" CONTENT="to" HPOS="477" VPOS="2674" WIDTH="36" HEIGHT="75" STYLEREFS="font0"/><SP WIDTH="28" VPOS="2674" HPOS="513"/><String ID="p564_w555" CONTENT="the" HPOS="541" VPOS="2674" WIDTH="55" HEIGHT="75" STYLEREFS="font0"/><SP WIDTH="26" VPOS="2674" HPOS="596"/><String ID="p564_w556" CONTENT="fun," HPOS="622" VPOS="2674" WIDTH="69" HEIGHT="75" STYLEREFS="font0"/><SP WIDTH="30" VPOS="2674" HPOS="691"/><String ID="p564_w557" CONTENT="and" HPOS="721" VPOS="2674" WIDTH="63" HEIGHT="75" STYLEREFS="font0"/><SP WIDTH="22" VPOS="2674" HPOS="784"/><String ID="p564_w558" CONTENT="the" HPOS="806" VPOS="2674" WIDTH="56" HEIGHT="75" STYLEREFS="font0"/><SP WIDTH="23" VPOS="2674" HPOS="862"/><String ID="p564_w559" CONTENT="minute-hand" HPOS="885" VPOS="2674" WIDTH="224" HEIGHT="75" STYLEREFS="font0"/><SP WIDTH="24" VPOS="2674" HPOS="1109"/><String ID="p564_w560" CONTENT="to" HPOS="1133" VPOS="2674" WIDTH="35" HEIGHT="75" STYLEREFS="font0"/><SP WIDTH="16" VPOS="2674" HPOS="1168"/><String ID="p564_w561" CONTENT="the" HPOS="1184" VPOS="2674" WIDTH="55" HEIGHT="75" STYLEREFS="font0"/></TextLine><TextLine WIDTH="1033" HEIGHT="75" ID="p564_t56" HPOS="205" VPOS="2719"><String ID="p564_w562" CONTENT="moon," HPOS="205" VPOS="2719" WIDTH="111" HEIGHT="75" STYLEREFS="font0"/><SP WIDTH="23" VPOS="2719" HPOS="316"/><String ID="p564_w563" CONTENT="we" HPOS="339" VPOS="2719" WIDTH="48" HEIGHT="75" STYLEREFS="font0"/><SP WIDTH="12" VPOS="2719" HPOS="387"/><String ID="p564_w564" CONTENT="fhall" HPOS="399" VPOS="2719" WIDTH="77" HEIGHT="75" STYLEREFS="font0"/><SP WIDTH="22" VPOS="2719" HPOS="476"/><String ID="p564_w565" CONTENT="have" HPOS="498" VPOS="2719" WIDTH="84" HEIGHT="75" STYLEREFS="font0"/><SP WIDTH="15" VPOS="2719" HPOS="582"/><String ID="p564_w566" CONTENT="a" HPOS="597" VPOS="2719" WIDTH="18" HEIGHT="75" STYLEREFS="font0"/><SP WIDTH="16" VPOS="2719" HPOS="615"/><String ID="p564_w567" CONTENT="tolerably" HPOS="631" VPOS="2719" WIDTH="160" HEIGHT="75" STYLEREFS="font0"/><SP WIDTH="16" VPOS="2719" HPOS="791"/><String ID="p564_w568" CONTENT="near" HPOS="807" VPOS="2719" WIDTH="77" HEIGHT="75" STYLEREFS="font0"/><SP WIDTH="16" VPOS="2719" HPOS="884"/><String ID="p564_w569" CONTENT="refemblance" HPOS="900" VPOS="2719" WIDTH="212" HEIGHT="75" STYLEREFS="font0"/><SP WIDTH="16" VPOS="2719" HPOS="1112"/><String ID="p564_w570" CONTENT="in" HPOS="1128" VPOS="2719" WIDTH="34" HEIGHT="75" STYLEREFS="font0"/><SP WIDTH="16" VPOS="2719" HPOS="1162"/><String ID="p564_w571" CONTENT="mi-" HPOS="1178" VPOS="2719" WIDTH="60" HEIGHT="75" STYLEREFS="font0"/></TextLine><TextLine WIDTH="1035" HEIGHT="75" ID="p564_t57" HPOS="205" VPOS="2765"><String ID="p564_w572" CONTENT="niature" HPOS="205" VPOS="2765" WIDTH="124" HEIGHT="75" STYLEREFS="font0"/><SP WIDTH="16" VPOS="2765" HPOS="329"/><String ID="p564_w573" CONTENT="to" HPOS="345" VPOS="2765" WIDTH="36" HEIGHT="75" STYLEREFS="font0"/><SP WIDTH="15" VPOS="2765" HPOS="381"/><String ID="p564_w574" CONTENT="the" HPOS="396" VPOS="2765" WIDTH="56" HEIGHT="75" STYLEREFS="font0"/><SP WIDTH="17" VPOS="2765" HPOS="452"/><String ID="p564_w575" CONTENT="motions" HPOS="469" VPOS="2765" WIDTH="142" HEIGHT="75" STYLEREFS="font0"/><SP WIDTH="17" VPOS="2765" HPOS="611"/><String ID="p564_w576" CONTENT="of" HPOS="628" VPOS="2765" WIDTH="40" HEIGHT="75" STYLEREFS="font0"/><SP WIDTH="18" VPOS="2765" HPOS="668"/><String ID="p564_w577" CONTENT="our" HPOS="686" VPOS="2765" WIDTH="59" HEIGHT="75" STYLEREFS="font0"/><SP WIDTH="24" VPOS="2765" HPOS="745"/><String ID="p564_w578" CONTENT="great" HPOS="769" VPOS="2765" WIDTH="89" HEIGHT="75" STYLEREFS="font0"/><SP WIDTH="25" VPOS="2765" HPOS="858"/><String ID="p564_w579" CONTENT="celeftial" HPOS="883" VPOS="2765" WIDTH="137" HEIGHT="75" STYLEREFS="font0"/><SP WIDTH="20" VPOS="2765" HPOS="1020"/><String ID="p564_w580" CONTENT="luminaries." HPOS="1040" VPOS="2765" WIDTH="200" HEIGHT="75" STYLEREFS="font0"/></TextLine><TextLine WIDTH="1036" HEIGHT="75" ID="p564_t58" HPOS="205" VPOS="2813"><String ID="p564_w581" CONTENT="The" HPOS="205" VPOS="2813" WIDTH="78" HEIGHT="75" STYLEREFS="font0"/><SP WIDTH="26" VPOS="2813" HPOS="283"/><String ID="p564_w582" CONTENT="only" HPOS="309" VPOS="2813" WIDTH="77" HEIGHT="75" STYLEREFS="font0"/><SP WIDTH="15" VPOS="2813" HPOS="386"/><String ID="p564_w583" CONTENT="difference" HPOS="401" VPOS="2813" WIDTH="173" HEIGHT="75" STYLEREFS="font0"/><SP WIDTH="27" VPOS="2813" HPOS="574"/><String ID="p564_w584" CONTENT="is," HPOS="601" VPOS="2813" WIDTH="39" HEIGHT="75" STYLEREFS="font0"/><SP WIDTH="33" VPOS="2813" HPOS="640"/><String ID="p564_w585" CONTENT="that" HPOS="673" VPOS="2813" WIDTH="72" HEIGHT="75" STYLEREFS="font0"/><SP WIDTH="27" VPOS="2813" HPOS="745"/><String ID="p564_w586" CONTENT="whilft" HPOS="772" VPOS="2813" WIDTH="104" HEIGHT="75" STYLEREFS="font0"/><SP WIDTH="22" VPOS="2813" HPOS="876"/><String ID="p564_w587" CONTENT="the" HPOS="898" VPOS="2813" WIDTH="56" HEIGHT="75" STYLEREFS="font0"/><SP WIDTH="22" VPOS="2813" HPOS="954"/><String ID="p564_w588" CONTENT="fun" HPOS="976" VPOS="2813" WIDTH="56" HEIGHT="75" STYLEREFS="font0"/><SP WIDTH="29" VPOS="2813" HPOS="1032"/><String ID="p564_w589" CONTENT="goes" HPOS="1061" VPOS="2813" WIDTH="74" HEIGHT="75" STYLEREFS="font0"/><SP WIDTH="25" VPOS="2813" HPOS="1135"/><String ID="p564_w590" CONTENT="once" HPOS="1160" VPOS="2813" WIDTH="81" HEIGHT="75" STYLEREFS="font0"/></TextLine><TextLine WIDTH="1032" HEIGHT="75" ID="p564_t59" HPOS="209" VPOS="2859"><String ID="p564_w591" CONTENT="round" HPOS="209" VPOS="2859" WIDTH="103" HEIGHT="75" STYLEREFS="font0"/><SP WIDTH="24" VPOS="2859" HPOS="312"/><String ID="p564_w592" CONTENT="the" HPOS="336" VPOS="2859" WIDTH="55" HEIGHT="75" STYLEREFS="font0"/><SP WIDTH="28" VPOS="2859" HPOS="391"/><String ID="p564_w593" CONTENT="ecliptic," HPOS="419" VPOS="2859" WIDTH="142" HEIGHT="75" STYLEREFS="font0"/><SP WIDTH="33" VPOS="2859" HPOS="561"/><String ID="p564_w594" CONTENT="the" HPOS="594" VPOS="2859" WIDTH="55" HEIGHT="75" STYLEREFS="font0"/><SP WIDTH="27" VPOS="2859" HPOS="649"/><String ID="p564_w595" CONTENT="moon" HPOS="676" VPOS="2859" WIDTH="97" HEIGHT="75" STYLEREFS="font0"/><SP WIDTH="28" VPOS="2859" HPOS="773"/><String ID="p564_w596" CONTENT="makes" HPOS="801" VPOS="2859" WIDTH="107" HEIGHT="75" STYLEREFS="font0"/><SP WIDTH="34" VPOS="2859" HPOS="908"/><String ID="p564_w597" CONTENT="124" HPOS="942" VPOS="2859" WIDTH="64" HEIGHT="75" STYLEREFS="font0"/><SP WIDTH="16" VPOS="2859" HPOS="1006"/><String ID="p564_w598" CONTENT="conjunctions" HPOS="1022" VPOS="2859" WIDTH="219" HEIGHT="75" STYLEREFS="font0"/></TextLine><TextLine WIDTH="1032" HEIGHT="75" ID="p564_t60" HPOS="207" VPOS="2906"><String ID="p564_w599" CONTENT="with" HPOS="207" VPOS="2906" WIDTH="80" HEIGHT="75" STYLEREFS="font0"/><SP WIDTH="15" VPOS="2906" HPOS="287"/><String ID="p564_w600" CONTENT="him" HPOS="302" VPOS="2906" WIDTH="68" HEIGHT="75" STYLEREFS="font0"/><SP WIDTH="14" VPOS="2906" HPOS="370"/><String ID="p564_w601" CONTENT=":" HPOS="384" VPOS="2906" WIDTH="9" HEIGHT="75" STYLEREFS="font0"/><SP WIDTH="26" VPOS="2906" HPOS="393"/><String ID="p564_w602" CONTENT="but" HPOS="419" VPOS="2906" WIDTH="57" HEIGHT="75" STYLEREFS="font0"/><SP WIDTH="17" VPOS="2906" HPOS="476"/><String ID="p564_w603" CONTENT="whiffi'" HPOS="493" VPOS="2906" WIDTH="116" HEIGHT="75" STYLEREFS="font0"/><String ID="p564_w604" CONTENT="the" HPOS="609" VPOS="2906" WIDTH="54" HEIGHT="75" STYLEREFS="font0"/><SP WIDTH="16" VPOS="2906" HPOS="663"/><String ID="p564_w605" CONTENT="hour" HPOS="679" VPOS="2906" WIDTH="82" HEIGHT="75" STYLEREFS="font0"/><SP WIDTH="16" VPOS="2906" HPOS="761"/><String ID="p564_w606" CONTENT="hand" HPOS="777" VPOS="2906" WIDTH="87" HEIGHT="75" STYLEREFS="font0"/><SP WIDTH="15" VPOS="2906" HPOS="864"/><String ID="p564_w607" CONTENT="goes" HPOS="879" VPOS="2906" WIDTH="79" HEIGHT="75" STYLEREFS="font0"/><SP WIDTH="11" VPOS="2906" HPOS="958"/><String ID="p564_w608" CONTENT="round" HPOS="969" VPOS="2906" WIDTH="102" HEIGHT="75" STYLEREFS="font0"/><SP WIDTH="17" VPOS="2906" HPOS="1071"/><String ID="p564_w609" CONTENT="the" HPOS="1088" VPOS="2906" WIDTH="55" HEIGHT="75" STYLEREFS="font0"/><SP WIDTH="16" VPOS="2906" HPOS="1143"/><String ID="p564_w610" CONTENT="dial-" HPOS="1159" VPOS="2906" WIDTH="80" HEIGHT="75" STYLEREFS="font0"/></TextLine><TextLine WIDTH="1033" HEIGHT="75" ID="p564_t61" HPOS="207" VPOS="2951"><String ID="p564_w611" CONTENT="plate," HPOS="207" VPOS="2951" WIDTH="99" HEIGHT="75" STYLEREFS="font0"/><SP WIDTH="24" VPOS="2951" HPOS="306"/><String ID="p564_w612" CONTENT="the" HPOS="330" VPOS="2951" WIDTH="56" HEIGHT="75" STYLEREFS="font0"/><SP WIDTH="16" VPOS="2951" HPOS="386"/><String ID="p564_w613" CONTENT="minute-hand" HPOS="402" VPOS="2951" WIDTH="221" HEIGHT="75" STYLEREFS="font0"/><SP WIDTH="16" VPOS="2951" HPOS="623"/><String ID="p564_w614" CONTENT="makes" HPOS="639" VPOS="2951" WIDTH="109" HEIGHT="75" STYLEREFS="font0"/><SP WIDTH="22" VPOS="2951" HPOS="748"/><String ID="p564_w615" CONTENT="only" HPOS="770" VPOS="2951" WIDTH="77" HEIGHT="75" STYLEREFS="font0"/><SP WIDTH="22" VPOS="2951" HPOS="847"/><String ID="p564_w616" CONTENT="11" HPOS="869" VPOS="2951" WIDTH="36" HEIGHT="75" STYLEREFS="font0"/><SP WIDTH="20" VPOS="2951" HPOS="905"/><String ID="p564_w617" CONTENT="conjunctions" HPOS="925" VPOS="2951" WIDTH="217" HEIGHT="75" STYLEREFS="font0"/><SP WIDTH="18" VPOS="2951" HPOS="1142"/><String ID="p564_w618" CONTENT="with" HPOS="1160" VPOS="2951" WIDTH="80" HEIGHT="75" STYLEREFS="font0"/></TextLine><TextLine WIDTH="1042" HEIGHT="75" ID="p564_t62" HPOS="204" VPOS="2999"><String ID="p564_w619" CONTENT="it;" HPOS="204" VPOS="2999" WIDTH="52" HEIGHT="75" STYLEREFS="font0"/><SP WIDTH="25" VPOS="2999" HPOS="256"/><String ID="p564_w620" CONTENT="becaufe" HPOS="281" VPOS="2999" WIDTH="132" HEIGHT="75" STYLEREFS="font0"/><SP WIDTH="16" VPOS="2999" HPOS="413"/><String ID="p564_w621" CONTENT="the" HPOS="429" VPOS="2999" WIDTH="59" HEIGHT="75" STYLEREFS="font0"/><SP WIDTH="12" VPOS="2999" HPOS="488"/><String ID="p564_w622" CONTENT="minute-hand" HPOS="500" VPOS="2999" WIDTH="221" HEIGHT="75" STYLEREFS="font0"/><SP WIDTH="18" VPOS="2999" HPOS="721"/><String ID="p564_w623" CONTENT="moves" HPOS="739" VPOS="2999" WIDTH="112" HEIGHT="75" STYLEREFS="font0"/><SP WIDTH="24" VPOS="2999" HPOS="851"/><String ID="p564_w624" CONTENT="flower" HPOS="875" VPOS="2999" WIDTH="112" HEIGHT="75" STYLEREFS="font0"/><SP WIDTH="28" VPOS="2999" HPOS="987"/><String ID="p564_w625" CONTENT="in" HPOS="1015" VPOS="2999" WIDTH="33" HEIGHT="75" STYLEREFS="font0"/><SP WIDTH="21" VPOS="2999" HPOS="1048"/><String ID="p564_w626" CONTENT="refpeCt" HPOS="1069" VPOS="2999" WIDTH="119" HEIGHT="75" STYLEREFS="font0"/><SP WIDTH="17" VPOS="2999" HPOS="1188"/><String ID="p564_w627" CONTENT="of" HPOS="1205" VPOS="2999" WIDTH="41" HEIGHT="75" STYLEREFS="font0"/></TextLine><TextLine WIDTH="1031" HEIGHT="75" ID="p564_t63" HPOS="208" VPOS="3046"><String ID="p564_w628" CONTENT="the" HPOS="208" VPOS="3046" WIDTH="53" HEIGHT="75" STYLEREFS="font0"/><SP WIDTH="16" VPOS="3046" HPOS="261"/><String ID="p564_w629" CONTENT="hour-hand" HPOS="277" VPOS="3046" WIDTH="186" HEIGHT="75" STYLEREFS="font0"/><SP WIDTH="10" VPOS="3046" HPOS="463"/><String ID="p564_w630" CONTENT="than" HPOS="473" VPOS="3046" WIDTH="76" HEIGHT="75" STYLEREFS="font0"/><SP WIDTH="18" VPOS="3046" HPOS="549"/><String ID="p564_w631" CONTENT="the" HPOS="567" VPOS="3046" WIDTH="55" HEIGHT="75" STYLEREFS="font0"/><SP WIDTH="11" VPOS="3046" HPOS="622"/><String ID="p564_w632" CONTENT="moon" HPOS="633" VPOS="3046" WIDTH="98" HEIGHT="75" STYLEREFS="font0"/><SP WIDTH="10" VPOS="3046" HPOS="731"/><String ID="p564_w633" CONTENT="does" HPOS="741" VPOS="3046" WIDTH="78" HEIGHT="75" STYLEREFS="font0"/><SP WIDTH="13" VPOS="3046" HPOS="819"/><String ID="p564_w634" CONTENT="with" HPOS="832" VPOS="3046" WIDTH="82" HEIGHT="75" STYLEREFS="font0"/><SP WIDTH="12" VPOS="3046" HPOS="914"/><String ID="p564_w635" CONTENT="regard" HPOS="926" VPOS="3046" WIDTH="120" HEIGHT="75" STYLEREFS="font0"/><SP WIDTH="7" VPOS="3046" HPOS="1046"/><String ID="p564_w636" CONTENT="to" HPOS="1053" VPOS="3046" WIDTH="35" HEIGHT="75" STYLEREFS="font0"/><SP WIDTH="12" VPOS="3046" HPOS="1088"/><String ID="p564_w637" CONTENT="the" HPOS="1100" VPOS="3046" WIDTH="56" HEIGHT="75" STYLEREFS="font0"/><SP WIDTH="12" VPOS="3046" HPOS="1156"/><String ID="p564_w638" CONTENT="fun." HPOS="1168" VPOS="3046" WIDTH="71" HEIGHT="75" STYLEREFS="font0"/></TextLine><TextLine WIDTH="423" HEIGHT="75" ID="p564_t64" HPOS="1341" VPOS="171"><String ID="p564_w639" CONTENT="N" HPOS="1341" VPOS="171" WIDTH="44" HEIGHT="75" STYLEREFS="font0"/><SP WIDTH="78" VPOS="171" HPOS="1385"/><String ID="p564_w640" CONTENT="O" HPOS="1463" VPOS="171" WIDTH="41" HEIGHT="75" STYLEREFS="font0"/><SP WIDTH="79" VPOS="171" HPOS="1504"/><String ID="p564_w641" CONTENT="M" HPOS="1583" VPOS="171" WIDTH="50" HEIGHT="75" STYLEREFS="font0"/><SP WIDTH="76" VPOS="171" HPOS="1633"/><String ID="p564_w642" CONTENT="Y." HPOS="1709" VPOS="171" WIDTH="55" HEIGHT="75" STYLEREFS="font0"/></TextLine><TextLine WIDTH="988" HEIGHT="75" ID="p564_t65" HPOS="1333" VPOS="243"><String ID="p564_w643" CONTENT="As" HPOS="1333" VPOS="243" WIDTH="48" HEIGHT="75" STYLEREFS="font0"/><SP WIDTH="18" VPOS="243" HPOS="1381"/><String ID="p564_w644" CONTENT="the" HPOS="1399" VPOS="243" WIDTH="55" HEIGHT="75" STYLEREFS="font0"/><SP WIDTH="16" VPOS="243" HPOS="1454"/><String ID="p564_w645" CONTENT="moon" HPOS="1470" VPOS="243" WIDTH="97" HEIGHT="75" STYLEREFS="font0"/><SP WIDTH="18" VPOS="243" HPOS="1567"/><String ID="p564_w646" CONTENT="can" HPOS="1585" VPOS="243" WIDTH="58" HEIGHT="75" STYLEREFS="font0"/><SP WIDTH="17" VPOS="243" HPOS="1643"/><String ID="p564_w647" CONTENT="never" HPOS="1660" VPOS="243" WIDTH="96" HEIGHT="75" STYLEREFS="font0"/><SP WIDTH="27" VPOS="243" HPOS="1756"/><String ID="p564_w648" CONTENT="be" HPOS="1783" VPOS="243" WIDTH="41" HEIGHT="75" STYLEREFS="font0"/><SP WIDTH="23" VPOS="243" HPOS="1824"/><String ID="p564_w649" CONTENT="full" HPOS="1847" VPOS="243" WIDTH="60" HEIGHT="75" STYLEREFS="font0"/><SP WIDTH="17" VPOS="243" HPOS="1907"/><String ID="p564_w650" CONTENT="but" HPOS="1924" VPOS="243" WIDTH="57" HEIGHT="75" STYLEREFS="font0"/><SP WIDTH="18" VPOS="243" HPOS="1981"/><String ID="p564_w651" CONTENT="when" HPOS="1999" VPOS="243" WIDTH="91" HEIGHT="75" STYLEREFS="font0"/><SP WIDTH="20" VPOS="243" HPOS="2090"/><String ID="p564_w652" CONTENT="fhe" HPOS="2110" VPOS="243" WIDTH="52" HEIGHT="75" STYLEREFS="font0"/><SP WIDTH="16" VPOS="243" HPOS="2162"/><String ID="p564_w653" CONTENT="is" HPOS="2178" VPOS="243" WIDTH="26" HEIGHT="75" STYLEREFS="font0"/><SP WIDTH="18" VPOS="243" HPOS="2204"/><String ID="p564_w654" CONTENT="oppo-" HPOS="2222" VPOS="243" WIDTH="99" HEIGHT="75" STYLEREFS="font0"/></TextLine><TextLine WIDTH="1041" HEIGHT="81" ID="p564_t66" HPOS="1285" VPOS="290"><String ID="p564_w655" CONTENT="fhe" HPOS="1285" VPOS="290" WIDTH="54" HEIGHT="75" STYLEREFS="font0"/><SP WIDTH="17" VPOS="290" HPOS="1339"/><String ID="p564_w656" CONTENT="to" HPOS="1356" VPOS="290" WIDTH="35" HEIGHT="75" STYLEREFS="font0"/><SP WIDTH="17" VPOS="290" HPOS="1391"/><String ID="p564_w657" CONTENT="the" HPOS="1408" VPOS="290" WIDTH="56" HEIGHT="75" STYLEREFS="font0"/><SP WIDTH="17" VPOS="290" HPOS="1464"/><String ID="p564_w658" CONTENT="fun" HPOS="1481" VPOS="290" WIDTH="54" HEIGHT="75" STYLEREFS="font0"/><String ID="p564_w659" CONTENT="?" HPOS="1535" VPOS="322" WIDTH="14" HEIGHT="49" STYLEREFS="font2"/><SP WIDTH="26" VPOS="322" HPOS="1549"/><String ID="p564_w660" CONTENT="and" HPOS="1575" VPOS="290" WIDTH="63" HEIGHT="75" STYLEREFS="font0"/><SP WIDTH="16" VPOS="290" HPOS="1638"/><String ID="p564_w661" CONTENT="the" HPOS="1654" VPOS="290" WIDTH="55" HEIGHT="75" STYLEREFS="font0"/><SP WIDTH="21" VPOS="290" HPOS="1709"/><String ID="p564_w662" CONTENT="fun" HPOS="1730" VPOS="290" WIDTH="55" HEIGHT="75" STYLEREFS="font0"/><SP WIDTH="21" VPOS="290" HPOS="1785"/><String ID="p564_w663" CONTENT="is" HPOS="1806" VPOS="290" WIDTH="25" HEIGHT="75" STYLEREFS="font0"/><SP WIDTH="22" VPOS="290" HPOS="1831"/><String ID="p564_w664" CONTENT="nevief" HPOS="1853" VPOS="290" WIDTH="101" HEIGHT="75" STYLEREFS="font0"/><SP WIDTH="18" VPOS="290" HPOS="1954"/><String ID="p564_w665" CONTENT="jn" HPOS="1972" VPOS="290" WIDTH="34" HEIGHT="75" STYLEREFS="font0"/><SP WIDTH="16" VPOS="290" HPOS="2006"/><String ID="p564_w666" CONTENT="Virgo.," HPOS="2022" VPOS="290" WIDTH="113" HEIGHT="75" STYLEREFS="font0"/><SP WIDTH="8" VPOS="290" HPOS="2135"/><String ID="p564_w667" CONTENT="and" HPOS="2143" VPOS="290" WIDTH="62" HEIGHT="75" STYLEREFS="font0"/><SP WIDTH="17" VPOS="290" HPOS="2205"/><String ID="p564_w668" CONTENT="Libra" HPOS="2222" VPOS="290" WIDTH="104" HEIGHT="75" STYLEREFS="font0"/></TextLine><TextLine WIDTH="1035" HEIGHT="75" ID="p564_t67" HPOS="1286" VPOS="335"><String ID="p564_w669" CONTENT="but" HPOS="1286" VPOS="335" WIDTH="57" HEIGHT="75" STYLEREFS="font0"/><SP WIDTH="16" VPOS="335" HPOS="1343"/><String ID="p564_w670" CONTENT="in" HPOS="1359" VPOS="335" WIDTH="33" HEIGHT="75" STYLEREFS="font0"/><SP WIDTH="17" VPOS="335" HPOS="1392"/><String ID="p564_w671" CONTENT="our" HPOS="1409" VPOS="335" WIDTH="60" HEIGHT="75" STYLEREFS="font0"/><SP WIDTH="17" VPOS="335" HPOS="1469"/><String ID="p564_w672" CONTENT="autumnal" HPOS="1486" VPOS="335" WIDTH="162" HEIGHT="75" STYLEREFS="font0"/><SP WIDTH="17" VPOS="335" HPOS="1648"/><String ID="p564_w673" CONTENT="months," HPOS="1665" VPOS="335" WIDTH="143" HEIGHT="75" STYLEREFS="font0"/><SP WIDTH="25" VPOS="335" HPOS="1808"/><String ID="p564_w674" CONTENT="it" HPOS="1833" VPOS="335" WIDTH="25" HEIGHT="75" STYLEREFS="font0"/><SP WIDTH="17" VPOS="335" HPOS="1858"/><String ID="p564_w675" CONTENT="is" HPOS="1875" VPOS="335" WIDTH="26" HEIGHT="75" STYLEREFS="font0"/><SP WIDTH="18" VPOS="335" HPOS="1901"/><String ID="p564_w676" CONTENT="plain" HPOS="1919" VPOS="335" WIDTH="84" HEIGHT="75" STYLEREFS="font0"/><SP WIDTH="18" VPOS="335" HPOS="2003"/><String ID="p564_w677" CONTENT="that" HPOS="2021" VPOS="335" WIDTH="70" HEIGHT="75" STYLEREFS="font0"/><SP WIDTH="17" VPOS="335" HPOS="2091"/><String ID="p564_w678" CONTENT="the" HPOS="2108" VPOS="335" WIDTH="56" HEIGHT="75" STYLEREFS="font0"/><SP WIDTH="17" VPOS="335" HPOS="2164"/><String ID="p564_w679" CONTENT="moon" HPOS="2181" VPOS="335" WIDTH="96" HEIGHT="75" STYLEREFS="font0"/><SP WIDTH="17" VPOS="335" HPOS="2277"/><String ID="p564_w680" CONTENT="is" HPOS="2294" VPOS="335" WIDTH="27" HEIGHT="75" STYLEREFS="font0"/></TextLine><TextLine WIDTH="1043" HEIGHT="75" ID="p564_t68" HPOS="1286" VPOS="385"><String ID="p564_w681" CONTENT="never" HPOS="1286" VPOS="385" WIDTH="96" HEIGHT="75" STYLEREFS="font0"/><SP WIDTH="15" VPOS="385" HPOS="1382"/><String ID="p564_w682" CONTENT="full" HPOS="1397" VPOS="385" WIDTH="60" HEIGHT="75" STYLEREFS="font0"/><SP WIDTH="18" VPOS="385" HPOS="1457"/><String ID="p564_w683" CONTENT="in" HPOS="1475" VPOS="385" WIDTH="32" HEIGHT="75" STYLEREFS="font0"/><SP WIDTH="17" VPOS="385" HPOS="1507"/><String ID="p564_w684" CONTENT="the" HPOS="1524" VPOS="385" WIDTH="55" HEIGHT="75" STYLEREFS="font0"/><SP WIDTH="17" VPOS="385" HPOS="1579"/><String ID="p564_w685" CONTENT="oppofite" HPOS="1596" VPOS="385" WIDTH="142" HEIGHT="75" STYLEREFS="font0"/><SP WIDTH="16" VPOS="385" HPOS="1738"/><String ID="p564_w686" CONTENT="figns," HPOS="1754" VPOS="385" WIDTH="93" HEIGHT="75" STYLEREFS="font0"/><SP WIDTH="26" VPOS="385" HPOS="1847"/><String ID="p564_w687" CONTENT="Pifces" HPOS="1873" VPOS="385" WIDTH="106" HEIGHT="75" STYLEREFS="font0"/><SP WIDTH="18" VPOS="385" HPOS="1979"/><String ID="p564_w688" CONTENT="and" HPOS="1997" VPOS="385" WIDTH="62" HEIGHT="75" STYLEREFS="font0"/><SP WIDTH="24" VPOS="385" HPOS="2059"/><String ID="p564_w689" CONTENT="Aries," HPOS="2083" VPOS="385" WIDTH="109" HEIGHT="75" STYLEREFS="font0"/><SP WIDTH="25" VPOS="385" HPOS="2192"/><String ID="p564_w690" CONTENT="but" HPOS="2217" VPOS="385" WIDTH="58" HEIGHT="75" STYLEREFS="font0"/><SP WIDTH="16" VPOS="385" HPOS="2275"/><String ID="p564_w691" CONTENT="in'" HPOS="2291" VPOS="385" WIDTH="38" HEIGHT="75" STYLEREFS="font0"/></TextLine><TextLine WIDTH="1041" HEIGHT="75" ID="p564_t69" HPOS="1286" VPOS="429"><String ID="p564_w692" CONTENT="thefe" HPOS="1286" VPOS="429" WIDTH="87" HEIGHT="75" STYLEREFS="font0"/><SP WIDTH="16" VPOS="429" HPOS="1373"/><String ID="p564_w693" CONTENT="two" HPOS="1389" VPOS="429" WIDTH="67" HEIGHT="75" STYLEREFS="font0"/><SP WIDTH="18" VPOS="429" HPOS="1456"/><String ID="p564_w694" CONTENT="months." HPOS="1474" VPOS="429" WIDTH="141" HEIGHT="75" STYLEREFS="font0"/><SP WIDTH="49" VPOS="429" HPOS="1615"/><String ID="p564_w695" CONTENT="And" HPOS="1664" VPOS="429" WIDTH="79" HEIGHT="75" STYLEREFS="font0"/><SP WIDTH="15" VPOS="429" HPOS="1743"/><String ID="p564_w696" CONTENT="therefore" HPOS="1758" VPOS="429" WIDTH="163" HEIGHT="75" STYLEREFS="font0"/><SP WIDTH="13" VPOS="429" HPOS="1921"/><String ID="p564_w697" CONTENT="we" HPOS="1934" VPOS="429" WIDTH="46" HEIGHT="75" STYLEREFS="font0"/><SP WIDTH="17" VPOS="429" HPOS="1980"/><String ID="p564_w698" CONTENT="can" HPOS="1997" VPOS="429" WIDTH="58" HEIGHT="75" STYLEREFS="font0"/><SP WIDTH="17" VPOS="429" HPOS="2055"/><String ID="p564_w699" CONTENT="have" HPOS="2072" VPOS="429" WIDTH="82" HEIGHT="75" STYLEREFS="font0"/><SP WIDTH="16" VPOS="429" HPOS="2154"/><String ID="p564_w700" CONTENT="only" HPOS="2170" VPOS="429" WIDTH="76" HEIGHT="75" STYLEREFS="font0"/><SP WIDTH="14" VPOS="429" HPOS="2246"/><String ID="p564_w701" CONTENT="two" HPOS="2260" VPOS="429" WIDTH="67" HEIGHT="75" STYLEREFS="font0"/></TextLine><TextLine WIDTH="1046" HEIGHT="75" ID="p564_t70" HPOS="1285" VPOS="475"><String ID="p564_w702" CONTENT="full" HPOS="1285" VPOS="475" WIDTH="60" HEIGHT="75" STYLEREFS="font0"/><SP WIDTH="23" VPOS="475" HPOS="1345"/><String ID="p564_w703" CONTENT="mbons" HPOS="1368" VPOS="475" WIDTH="112" HEIGHT="75" STYLEREFS="font0"/><SP WIDTH="24" VPOS="475" HPOS="1480"/><String ID="p564_w704" CONTENT="in" HPOS="1504" VPOS="475" WIDTH="32" HEIGHT="75" STYLEREFS="font0"/><SP WIDTH="28" VPOS="475" HPOS="1536"/><String ID="p564_w705" CONTENT="the" HPOS="1564" VPOS="475" WIDTH="56" HEIGHT="75" STYLEREFS="font0"/><SP WIDTH="27" VPOS="475" HPOS="1620"/><String ID="p564_w706" CONTENT="year," HPOS="1647" VPOS="475" WIDTH="89" HEIGHT="75" STYLEREFS="font0"/><SP WIDTH="26" VPOS="475" HPOS="1736"/><String ID="p564_w707" CONTENT="which" HPOS="1762" VPOS="475" WIDTH="105" HEIGHT="75" STYLEREFS="font0"/><SP WIDTH="23" VPOS="475" HPOS="1867"/><String ID="p564_w708" CONTENT="rife" HPOS="1890" VPOS="475" WIDTH="59" HEIGHT="75" STYLEREFS="font0"/><SP WIDTH="25" VPOS="475" HPOS="1949"/><String ID="p564_w709" CONTENT="fo" HPOS="1974" VPOS="475" WIDTH="35" HEIGHT="75" STYLEREFS="font0"/><SP WIDTH="24" VPOS="475" HPOS="2009"/><String ID="p564_w710" CONTENT="near" HPOS="2033" VPOS="475" WIDTH="75" HEIGHT="75" STYLEREFS="font0"/><SP WIDTH="17" VPOS="475" HPOS="2108"/><String ID="p564_w711" CONTENT="the" HPOS="2125" VPOS="475" WIDTH="55" HEIGHT="75" STYLEREFS="font0"/><SP WIDTH="17" VPOS="475" HPOS="2180"/><String ID="p564_w712" CONTENT="time" HPOS="2197" VPOS="475" WIDTH="76" HEIGHT="75" STYLEREFS="font0"/><SP WIDTH="17" VPOS="475" HPOS="2273"/><String ID="p564_w713" CONTENT="of" HPOS="2290" VPOS="475" WIDTH="41" HEIGHT="75" STYLEREFS="font0"/></TextLine><TextLine WIDTH="1040" HEIGHT="75" ID="p564_t71" HPOS="1286" VPOS="522"><String ID="p564_w714" CONTENT="fun-fet," HPOS="1286" VPOS="522" WIDTH="131" HEIGHT="75" STYLEREFS="font0"/><SP WIDTH="29" VPOS="522" HPOS="1417"/><String ID="p564_w715" CONTENT="for" HPOS="1446" VPOS="522" WIDTH="52" HEIGHT="75" STYLEREFS="font0"/><SP WIDTH="16" VPOS="522" HPOS="1498"/><String ID="p564_w716" CONTENT="a" HPOS="1514" VPOS="522" WIDTH="19" HEIGHT="75" STYLEREFS="font0"/><SP WIDTH="17" VPOS="522" HPOS="1533"/><String ID="p564_w717" CONTENT="week" HPOS="1550" VPOS="522" WIDTH="90" HEIGHT="75" STYLEREFS="font0"/><SP WIDTH="16" VPOS="522" HPOS="1640"/><String ID="p564_w718" CONTENT="together," HPOS="1656" VPOS="522" WIDTH="162" HEIGHT="75" STYLEREFS="font0"/><SP WIDTH="19" VPOS="522" HPOS="1818"/><String ID="p564_w719" CONTENT="as" HPOS="1837" VPOS="522" WIDTH="33" HEIGHT="75" STYLEREFS="font0"/><SP WIDTH="17" VPOS="522" HPOS="1870"/><String ID="p564_w720" CONTENT="above" HPOS="1887" VPOS="522" WIDTH="100" HEIGHT="75" STYLEREFS="font0"/><SP WIDTH="16" VPOS="522" HPOS="1987"/><String ID="p564_w721" CONTENT="mentioned." HPOS="2003" VPOS="522" WIDTH="197" HEIGHT="75" STYLEREFS="font0"/><SP WIDTH="47" VPOS="522" HPOS="2200"/><String ID="p564_w722" CONTENT="The" HPOS="2247" VPOS="522" WIDTH="79" HEIGHT="75" STYLEREFS="font0"/></TextLine><TextLine WIDTH="1038" HEIGHT="75" ID="p564_t72" HPOS="1287" VPOS="569"><String ID="p564_w723" CONTENT="former" HPOS="1287" VPOS="569" WIDTH="121" HEIGHT="75" STYLEREFS="font0"/><SP WIDTH="16" VPOS="569" HPOS="1408"/><String ID="p564_w724" CONTENT="of" HPOS="1424" VPOS="569" WIDTH="40" HEIGHT="75" STYLEREFS="font0"/><SP WIDTH="11" VPOS="569" HPOS="1464"/><String ID="p564_w725" CONTENT="thefe" HPOS="1475" VPOS="569" WIDTH="87" HEIGHT="75" STYLEREFS="font0"/><SP WIDTH="17" VPOS="569" HPOS="1562"/><String ID="p564_w726" CONTENT="is" HPOS="1579" VPOS="569" WIDTH="26" HEIGHT="75" STYLEREFS="font0"/><SP WIDTH="18" VPOS="569" HPOS="1605"/><String ID="p564_w727" CONTENT="called" HPOS="1623" VPOS="569" WIDTH="103" HEIGHT="75" STYLEREFS="font0"/><SP WIDTH="16" VPOS="569" HPOS="1726"/><String ID="p564_w728" CONTENT="the" HPOS="1742" VPOS="569" WIDTH="57" HEIGHT="75" STYLEREFS="font0"/><SP WIDTH="15" VPOS="569" HPOS="1799"/><String ID="p564_w729" CONTENT="harvejl-moon," HPOS="1814" VPOS="569" WIDTH="245" HEIGHT="75" STYLEREFS="font0"/><SP WIDTH="26" VPOS="569" HPOS="2059"/><String ID="p564_w730" CONTENT="and" HPOS="2085" VPOS="569" WIDTH="62" HEIGHT="75" STYLEREFS="font0"/><SP WIDTH="14" VPOS="569" HPOS="2147"/><String ID="p564_w731" CONTENT="the" HPOS="2161" VPOS="569" WIDTH="54" HEIGHT="75" STYLEREFS="font0"/><SP WIDTH="12" VPOS="569" HPOS="2215"/><String ID="p564_w732" CONTENT="latter" HPOS="2227" VPOS="569" WIDTH="98" HEIGHT="75" STYLEREFS="font0"/></TextLine><TextLine WIDTH="336" HEIGHT="75" ID="p564_t73" HPOS="1286" VPOS="616"><String ID="p564_w733" CONTENT="the" HPOS="1286" VPOS="616" WIDTH="55" HEIGHT="75" STYLEREFS="font0"/><SP WIDTH="16" VPOS="616" HPOS="1341"/><String ID="p564_w734" CONTENT="hunter's" HPOS="1357" VPOS="616" WIDTH="146" HEIGHT="75" STYLEREFS="font0"/><SP WIDTH="18" VPOS="616" HPOS="1503"/><String ID="p564_w735" CONTENT="moon." HPOS="1521" VPOS="616" WIDTH="101" HEIGHT="75" STYLEREFS="font0"/></TextLine><TextLine WIDTH="990" HEIGHT="75" ID="p564_t74" HPOS="1333" VPOS="663"><String ID="p564_w736" CONTENT="Here" HPOS="1333" VPOS="663" WIDTH="90" HEIGHT="75" STYLEREFS="font0"/><SP WIDTH="21" VPOS="663" HPOS="1423"/><String ID="p564_w737" CONTENT="it" HPOS="1444" VPOS="663" WIDTH="27" HEIGHT="75" STYLEREFS="font0"/><SP WIDTH="17" VPOS="663" HPOS="1471"/><String ID="p564_w738" CONTENT="will" HPOS="1488" VPOS="663" WIDTH="66" HEIGHT="75" STYLEREFS="font0"/><SP WIDTH="19" VPOS="663" HPOS="1554"/><String ID="p564_w739" CONTENT="probably" HPOS="1573" VPOS="663" WIDTH="157" HEIGHT="75" STYLEREFS="font0"/><SP WIDTH="23" VPOS="663" HPOS="1730"/><String ID="p564_w740" CONTENT="be" HPOS="1753" VPOS="663" WIDTH="40" HEIGHT="75" STYLEREFS="font0"/><SP WIDTH="26" VPOS="663" HPOS="1793"/><String ID="p564_w741" CONTENT="afked,-" HPOS="1819" VPOS="663" WIDTH="115" HEIGHT="75" STYLEREFS="font0"/><SP WIDTH="20" VPOS="663" HPOS="1934"/><String ID="p564_w742" CONTENT="Why" HPOS="1954" VPOS="663" WIDTH="95" HEIGHT="75" STYLEREFS="font0"/><SP WIDTH="22" VPOS="663" HPOS="2049"/><String ID="p564_w743" CONTENT="we" HPOS="2071" VPOS="663" WIDTH="50" HEIGHT="75" STYLEREFS="font0"/><SP WIDTH="22" VPOS="663" HPOS="2121"/><String ID="p564_w744" CONTENT="never" HPOS="2143" VPOS="663" WIDTH="97" HEIGHT="75" STYLEREFS="font0"/><SP WIDTH="24" VPOS="663" HPOS="2240"/><String ID="p564_w745" CONTENT="ob-" HPOS="2264" VPOS="663" WIDTH="59" HEIGHT="75" STYLEREFS="font0"/></TextLine><TextLine WIDTH="1039" HEIGHT="75" ID="p564_t75" HPOS="1286" VPOS="710"><String ID="p564_w746" CONTENT="ferve" HPOS="1286" VPOS="710" WIDTH="88" HEIGHT="75" STYLEREFS="font0"/><SP WIDTH="17" VPOS="710" HPOS="1374"/><String ID="p564_w747" CONTENT="this" HPOS="1391" VPOS="710" WIDTH="65" HEIGHT="75" STYLEREFS="font0"/><SP WIDTH="18" VPOS="710" HPOS="1456"/><String ID="p564_w748" CONTENT="remarkable" HPOS="1474" VPOS="710" WIDTH="198" HEIGHT="75" STYLEREFS="font0"/><SP WIDTH="18" VPOS="710" HPOS="1672"/><String ID="p564_w749" CONTENT="rifing" HPOS="1690" VPOS="710" WIDTH="92" HEIGHT="75" STYLEREFS="font0"/><SP WIDTH="20" VPOS="710" HPOS="1782"/><String ID="p564_w750" CONTENT="of." HPOS="1802" VPOS="710" WIDTH="47" HEIGHT="75" STYLEREFS="font0"/><SP WIDTH="16" VPOS="710" HPOS="1849"/><String ID="p564_w751" CONTENT="the" HPOS="1865" VPOS="710" WIDTH="55" HEIGHT="75" STYLEREFS="font0"/><SP WIDTH="16" VPOS="710" HPOS="1920"/><String ID="p564_w752" CONTENT="moon" HPOS="1936" VPOS="710" WIDTH="97" HEIGHT="75" STYLEREFS="font0"/><SP WIDTH="18" VPOS="710" HPOS="2033"/><String ID="p564_w753" CONTENT="but" HPOS="2051" VPOS="710" WIDTH="57" HEIGHT="75" STYLEREFS="font0"/><SP WIDTH="23" VPOS="710" HPOS="2108"/><String ID="p564_w754" CONTENT="in" HPOS="2131" VPOS="710" WIDTH="30" HEIGHT="75" STYLEREFS="font0"/><SP WIDTH="25" VPOS="710" HPOS="2161"/><String ID="p564_w755" CONTENT="harveft," HPOS="2186" VPOS="710" WIDTH="139" HEIGHT="75" STYLEREFS="font0"/></TextLine><TextLine WIDTH="1037" HEIGHT="75" ID="p564_t76" HPOS="1287" VPOS="757"><String ID="p564_w756" CONTENT="fince" HPOS="1287" VPOS="757" WIDTH="78" HEIGHT="75" STYLEREFS="font0"/><SP WIDTH="18" VPOS="757" HPOS="1365"/><String ID="p564_w757" CONTENT="fhe" HPOS="1383" VPOS="757" WIDTH="51" HEIGHT="75" STYLEREFS="font0"/><SP WIDTH="17" VPOS="757" HPOS="1434"/><String ID="p564_w758" CONTENT="is" HPOS="1451" VPOS="757" WIDTH="26" HEIGHT="75" STYLEREFS="font0"/><SP WIDTH="24" VPOS="757" HPOS="1477"/><String ID="p564_w759" CONTENT="in" HPOS="1501" VPOS="757" WIDTH="30" HEIGHT="75" STYLEREFS="font0"/><SP WIDTH="18" VPOS="757" HPOS="1531"/><String ID="p564_w760" CONTENT="Pifces" HPOS="1549" VPOS="757" WIDTH="107" HEIGHT="75" STYLEREFS="font0"/><SP WIDTH="23" VPOS="757" HPOS="1656"/><String ID="p564_w761" CONTENT="and" HPOS="1679" VPOS="757" WIDTH="62" HEIGHT="75" STYLEREFS="font0"/><SP WIDTH="18" VPOS="757" HPOS="1741"/><String ID="p564_w762" CONTENT="Aries" HPOS="1759" VPOS="757" WIDTH="96" HEIGHT="75" STYLEREFS="font0"/><SP WIDTH="16" VPOS="757" HPOS="1855"/><String ID="p564_w763" CONTENT="twelve" HPOS="1871" VPOS="757" WIDTH="116" HEIGHT="75" STYLEREFS="font0"/><SP WIDTH="17" VPOS="757" HPOS="1987"/><String ID="p564_w764" CONTENT="times" HPOS="2004" VPOS="757" WIDTH="93" HEIGHT="75" STYLEREFS="font0"/><SP WIDTH="18" VPOS="757" HPOS="2097"/><String ID="p564_w765" CONTENT="in" HPOS="2115" VPOS="757" WIDTH="30" HEIGHT="75" STYLEREFS="font0"/><SP WIDTH="26" VPOS="757" HPOS="2145"/><String ID="p564_w766" CONTENT="the" HPOS="2171" VPOS="757" WIDTH="55" HEIGHT="75" STYLEREFS="font0"/><SP WIDTH="20" VPOS="757" HPOS="2226"/><String ID="p564_w767" CONTENT="year" HPOS="2246" VPOS="757" WIDTH="78" HEIGHT="75" STYLEREFS="font0"/></TextLine><TextLine WIDTH="1042" HEIGHT="75" ID="p564_t77" HPOS="1287" VPOS="803"><String ID="p564_w768" CONTENT="befides.;" HPOS="1287" VPOS="803" WIDTH="143" HEIGHT="75" STYLEREFS="font0"/><SP WIDTH="27" VPOS="803" HPOS="1430"/><String ID="p564_w769" CONTENT="and" HPOS="1457" VPOS="803" WIDTH="63" HEIGHT="75" STYLEREFS="font0"/><SP WIDTH="16" VPOS="803" HPOS="1520"/><String ID="p564_w770" CONTENT="muft" HPOS="1536" VPOS="803" WIDTH="80" HEIGHT="75" STYLEREFS="font0"/><SP WIDTH="18" VPOS="803" HPOS="1616"/><String ID="p564_w771" CONTENT="then" HPOS="1634" VPOS="803" WIDTH="76" HEIGHT="75" STYLEREFS="font0"/><SP WIDTH="17" VPOS="803" HPOS="1710"/><String ID="p564_w772" CONTENT="rife" HPOS="1727" VPOS="803" WIDTH="59" HEIGHT="75" STYLEREFS="font0"/><SP WIDTH="17" VPOS="803" HPOS="1786"/><String ID="p564_w773" CONTENT="with" HPOS="1803" VPOS="803" WIDTH="79" HEIGHT="75" STYLEREFS="font0"/><SP WIDTH="29" VPOS="803" HPOS="1882"/><String ID="p564_w774" CONTENT="as" HPOS="1911" VPOS="803" WIDTH="33" HEIGHT="75" STYLEREFS="font0"/><SP WIDTH="29" VPOS="803" HPOS="1944"/><String ID="p564_w775" CONTENT="little" HPOS="1973" VPOS="803" WIDTH="84" HEIGHT="75" STYLEREFS="font0"/><SP WIDTH="28" VPOS="803" HPOS="2057"/><String ID="p564_w776" CONTENT="difference" HPOS="2085" VPOS="803" WIDTH="175" HEIGHT="75" STYLEREFS="font0"/><SP WIDTH="28" VPOS="803" HPOS="2260"/><String ID="p564_w777" CONTENT="of" HPOS="2288" VPOS="803" WIDTH="41" HEIGHT="75" STYLEREFS="font0"/></TextLine><TextLine WIDTH="1036" HEIGHT="75" ID="p564_t78" HPOS="1287" VPOS="850"><String ID="p564_w778" CONTENT="time" HPOS="1287" VPOS="850" WIDTH="76" HEIGHT="75" STYLEREFS="font0"/><SP WIDTH="16" VPOS="850" HPOS="1363"/><String ID="p564_w779" CONTENT="as" HPOS="1379" VPOS="850" WIDTH="35" HEIGHT="75" STYLEREFS="font0"/><SP WIDTH="18" VPOS="850" HPOS="1414"/><String ID="p564_w780" CONTENT="in" HPOS="1432" VPOS="850" WIDTH="31" HEIGHT="75" STYLEREFS="font0"/><SP WIDTH="18" VPOS="850" HPOS="1463"/><String ID="p564_w781" CONTENT="harveft?" HPOS="1481" VPOS="850" WIDTH="149" HEIGHT="75" STYLEREFS="font0"/><SP WIDTH="26" VPOS="850" HPOS="1630"/><String ID="p564_w782" CONTENT="The" HPOS="1656" VPOS="850" WIDTH="78" HEIGHT="75" STYLEREFS="font0"/><SP WIDTH="24" VPOS="850" HPOS="1734"/><String ID="p564_w783" CONTENT="anfwer" HPOS="1758" VPOS="850" WIDTH="120" HEIGHT="75" STYLEREFS="font0"/><SP WIDTH="22" VPOS="850" HPOS="1878"/><String ID="p564_w784" CONTENT="is" HPOS="1900" VPOS="850" WIDTH="27" HEIGHT="75" STYLEREFS="font0"/><SP WIDTH="27" VPOS="850" HPOS="1927"/><String ID="p564_w785" CONTENT="plain:" HPOS="1954" VPOS="850" WIDTH="103" HEIGHT="75" STYLEREFS="font0"/><SP WIDTH="34" VPOS="850" HPOS="2057"/><String ID="p564_w786" CONTENT="for" HPOS="2091" VPOS="850" WIDTH="52" HEIGHT="75" STYLEREFS="font0"/><SP WIDTH="15" VPOS="850" HPOS="2143"/><String ID="p564_w787" CONTENT="in" HPOS="2158" VPOS="850" WIDTH="33" HEIGHT="75" STYLEREFS="font0"/><SP WIDTH="16" VPOS="850" HPOS="2191"/><String ID="p564_w788" CONTENT="winter" HPOS="2207" VPOS="850" WIDTH="116" HEIGHT="75" STYLEREFS="font0"/></TextLine><TextLine WIDTH="1037" HEIGHT="75" ID="p564_t79" HPOS="1288" VPOS="896"><String ID="p564_w789" CONTENT="thefe" HPOS="1288" VPOS="896" WIDTH="87" HEIGHT="75" STYLEREFS="font0"/><SP WIDTH="18" VPOS="896" HPOS="1375"/><String ID="p564_w790" CONTENT="figns" HPOS="1393" VPOS="896" WIDTH="79" HEIGHT="75" STYLEREFS="font0"/><SP WIDTH="27" VPOS="896" HPOS="1472"/><String ID="p564_w791" CONTENT="rife" HPOS="1499" VPOS="896" WIDTH="59" HEIGHT="75" STYLEREFS="font0"/><SP WIDTH="24" VPOS="896" HPOS="1558"/><String ID="p564_w792" CONTENT="at" HPOS="1582" VPOS="896" WIDTH="33" HEIGHT="75" STYLEREFS="font0"/><SP WIDTH="24" VPOS="896" HPOS="1615"/><String ID="p564_w793" CONTENT="noon" HPOS="1639" VPOS="896" WIDTH="85" HEIGHT="75" STYLEREFS="font0"/><SP WIDTH="17" VPOS="896" HPOS="1724"/><String ID="p564_w794" CONTENT=";" HPOS="1741" VPOS="896" WIDTH="10" HEIGHT="75" STYLEREFS="font0"/><SP WIDTH="22" VPOS="896" HPOS="1751"/><String ID="p564_w795" CONTENT="and" HPOS="1773" VPOS="896" WIDTH="63" HEIGHT="75" STYLEREFS="font0"/><SP WIDTH="16" VPOS="896" HPOS="1836"/><String ID="p564_w796" CONTENT="being" HPOS="1852" VPOS="896" WIDTH="94" HEIGHT="75" STYLEREFS="font0"/><SP WIDTH="18" VPOS="896" HPOS="1946"/><String ID="p564_w797" CONTENT="then" HPOS="1964" VPOS="896" WIDTH="77" HEIGHT="75" STYLEREFS="font0"/><SP WIDTH="22" VPOS="896" HPOS="2041"/><String ID="p564_w798" CONTENT="only" HPOS="2063" VPOS="896" WIDTH="78" HEIGHT="75" STYLEREFS="font0"/><SP WIDTH="17" VPOS="896" HPOS="2141"/><String ID="p564_w799" CONTENT="a" HPOS="2158" VPOS="896" WIDTH="18" HEIGHT="75" STYLEREFS="font0"/><SP WIDTH="16" VPOS="896" HPOS="2176"/><String ID="p564_w800" CONTENT="quarter" HPOS="2192" VPOS="896" WIDTH="133" HEIGHT="75" STYLEREFS="font0"/></TextLine><TextLine WIDTH="1036" HEIGHT="75" ID="p564_t80" HPOS="1286" VPOS="942"><String ID="p564_w801" CONTENT="of" HPOS="1286" VPOS="942" WIDTH="40" HEIGHT="75" STYLEREFS="font0"/><SP WIDTH="11" VPOS="942" HPOS="1326"/><String ID="p564_w802" CONTENT="a" HPOS="1337" VPOS="942" WIDTH="19" HEIGHT="75" STYLEREFS="font0"/><SP WIDTH="16" VPOS="942" HPOS="1356"/><String ID="p564_w803" CONTENT="circle" HPOS="1372" VPOS="942" WIDTH="95" HEIGHT="75" STYLEREFS="font0"/><SP WIDTH="16" VPOS="942" HPOS="1467"/><String ID="p564_w804" CONTENT="diftaht" HPOS="1483" VPOS="942" WIDTH="115" HEIGHT="75" STYLEREFS="font0"/><SP WIDTH="16" VPOS="942" HPOS="1598"/><String ID="p564_w805" CONTENT="from" HPOS="1614" VPOS="942" WIDTH="86" HEIGHT="75" STYLEREFS="font0"/><SP WIDTH="28" VPOS="942" HPOS="1700"/><String ID="p564_w806" CONTENT="the" HPOS="1728" VPOS="942" WIDTH="56" HEIGHT="75" STYLEREFS="font0"/><SP WIDTH="23" VPOS="942" HPOS="1784"/><String ID="p564_w807" CONTENT="fun," HPOS="1807" VPOS="942" WIDTH="69" HEIGHT="75" STYLEREFS="font0"/><SP WIDTH="26" VPOS="942" HPOS="1876"/><String ID="p564_w808" CONTENT="the" HPOS="1902" VPOS="942" WIDTH="55" HEIGHT="75" STYLEREFS="font0"/><SP WIDTH="25" VPOS="942" HPOS="1957"/><String ID="p564_w809" CONTENT="moon" HPOS="1982" VPOS="942" WIDTH="95" HEIGHT="75" STYLEREFS="font0"/><SP WIDTH="17" VPOS="942" HPOS="2077"/><String ID="p564_w810" CONTENT="in" HPOS="2094" VPOS="942" WIDTH="32" HEIGHT="75" STYLEREFS="font0"/><SP WIDTH="16" VPOS="942" HPOS="2126"/><String ID="p564_w811" CONTENT="them" HPOS="2142" VPOS="942" WIDTH="89" HEIGHT="75" STYLEREFS="font0"/><SP WIDTH="16" VPOS="942" HPOS="2231"/><String ID="p564_w812" CONTENT="is" HPOS="2247" VPOS="942" WIDTH="27" HEIGHT="75" STYLEREFS="font0"/><SP WIDTH="16" VPOS="942" HPOS="2274"/><String ID="p564_w813" CONTENT="in" HPOS="2290" VPOS="942" WIDTH="32" HEIGHT="75" STYLEREFS="font0"/></TextLine><TextLine WIDTH="1035" HEIGHT="75" ID="p564_t81" HPOS="1285" VPOS="989"><String ID="p564_w814" CONTENT="her" HPOS="1285" VPOS="989" WIDTH="58" HEIGHT="75" STYLEREFS="font0"/><SP WIDTH="15" VPOS="989" HPOS="1343"/><String ID="p564_w815" CONTENT="firft" HPOS="1358" VPOS="989" WIDTH="65" HEIGHT="75" STYLEREFS="font0"/><SP WIDTH="17" VPOS="989" HPOS="1423"/><String ID="p564_w816" CONTENT="quarter:" HPOS="1440" VPOS="989" WIDTH="153" HEIGHT="75" STYLEREFS="font0"/><SP WIDTH="26" VPOS="989" HPOS="1593"/><String ID="p564_w817" CONTENT="But" HPOS="1619" VPOS="989" WIDTH="67" HEIGHT="75" STYLEREFS="font0"/><SP WIDTH="17" VPOS="989" HPOS="1686"/><String ID="p564_w818" CONTENT="when" HPOS="1703" VPOS="989" WIDTH="92" HEIGHT="75" STYLEREFS="font0"/><SP WIDTH="12" VPOS="989" HPOS="1795"/><String ID="p564_w819" CONTENT="the" HPOS="1807" VPOS="989" WIDTH="55" HEIGHT="75" STYLEREFS="font0"/><SP WIDTH="12" VPOS="989" HPOS="1862"/><String ID="p564_w820" CONTENT="fun" HPOS="1874" VPOS="989" WIDTH="55" HEIGHT="75" STYLEREFS="font0"/><SP WIDTH="13" VPOS="989" HPOS="1929"/><String ID="p564_w821" CONTENT="is" HPOS="1942" VPOS="989" WIDTH="26" HEIGHT="75" STYLEREFS="font0"/><SP WIDTH="14" VPOS="989" HPOS="1968"/><String ID="p564_w822" CONTENT="^.boye" HPOS="1982" VPOS="989" WIDTH="101" HEIGHT="75" STYLEREFS="font0"/><SP WIDTH="12" VPOS="989" HPOS="2083"/><String ID="p564_w823" CONTENT="the" HPOS="2095" VPOS="989" WIDTH="56" HEIGHT="75" STYLEREFS="font0"/><SP WIDTH="19" VPOS="989" HPOS="2151"/><String ID="p564_w824" CONTENT="horizon," HPOS="2170" VPOS="989" WIDTH="150" HEIGHT="75" STYLEREFS="font0"/></TextLine><TextLine WIDTH="1037" HEIGHT="75" ID="p564_t82" HPOS="1285" VPOS="1036"><String ID="p564_w825" CONTENT="the" HPOS="1285" VPOS="1036" WIDTH="54" HEIGHT="75" STYLEREFS="font0"/><SP WIDTH="12" VPOS="1036" HPOS="1339"/><String ID="p564_w826" CONTENT="moon’s" HPOS="1351" VPOS="1036" WIDTH="124" HEIGHT="75" STYLEREFS="font0"/><SP WIDTH="19" VPOS="1036" HPOS="1475"/><String ID="p564_w827" CONTENT="rifing" HPOS="1494" VPOS="1036" WIDTH="92" HEIGHT="75" STYLEREFS="font0"/><SP WIDTH="15" VPOS="1036" HPOS="1586"/><String ID="p564_w828" CONTENT="is" HPOS="1601" VPOS="1036" WIDTH="26" HEIGHT="75" STYLEREFS="font0"/><SP WIDTH="18" VPOS="1036" HPOS="1627"/><String ID="p564_w829" CONTENT="neither" HPOS="1645" VPOS="1036" WIDTH="124" HEIGHT="75" STYLEREFS="font0"/><SP WIDTH="18" VPOS="1036" HPOS="1769"/><String ID="p564_w830" CONTENT="regarded" HPOS="1787" VPOS="1036" WIDTH="155" HEIGHT="75" STYLEREFS="font0"/><SP WIDTH="26" VPOS="1036" HPOS="1942"/><String ID="p564_w831" CONTENT="nor" HPOS="1968" VPOS="1036" WIDTH="58" HEIGHT="75" STYLEREFS="font0"/><SP WIDTH="27" VPOS="1036" HPOS="2026"/><String ID="p564_w832" CONTENT="perceived." HPOS="2053" VPOS="1036" WIDTH="183" HEIGHT="75" STYLEREFS="font0"/><SP WIDTH="46" VPOS="1036" HPOS="2236"/><String ID="p564_w833" CONTENT="In" HPOS="2282" VPOS="1036" WIDTH="40" HEIGHT="75" STYLEREFS="font0"/></TextLine><TextLine WIDTH="1037" HEIGHT="75" ID="p564_t83" HPOS="1284" VPOS="1082"><String ID="p564_w834" CONTENT="fpring" HPOS="1284" VPOS="1082" WIDTH="107" HEIGHT="75" STYLEREFS="font0"/><SP WIDTH="16" VPOS="1082" HPOS="1391"/><String ID="p564_w835" CONTENT="thefe" HPOS="1407" VPOS="1082" WIDTH="86" HEIGHT="75" STYLEREFS="font0"/><SP WIDTH="18" VPOS="1082" HPOS="1493"/><String ID="p564_w836" CONTENT="figns" HPOS="1511" VPOS="1082" WIDTH="80" HEIGHT="75" STYLEREFS="font0"/><SP WIDTH="18" VPOS="1082" HPOS="1591"/><String ID="p564_w837" CONTENT="rife," HPOS="1609" VPOS="1082" WIDTH="64" HEIGHT="75" STYLEREFS="font0"/><SP WIDTH="12" VPOS="1082" HPOS="1673"/><String ID="p564_w838" CONTENT="with" HPOS="1685" VPOS="1082" WIDTH="77" HEIGHT="75" STYLEREFS="font0"/><SP WIDTH="18" VPOS="1082" HPOS="1762"/><String ID="p564_w839" CONTENT="the" HPOS="1780" VPOS="1082" WIDTH="54" HEIGHT="75" STYLEREFS="font0"/><SP WIDTH="18" VPOS="1082" HPOS="1834"/><String ID="p564_w840" CONTENT="fun," HPOS="1852" VPOS="1082" WIDTH="68" HEIGHT="75" STYLEREFS="font0"/><SP WIDTH="14" VPOS="1082" HPOS="1920"/><String ID="p564_w841" CONTENT="’becaufe" HPOS="1934" VPOS="1082" WIDTH="144" HEIGHT="75" STYLEREFS="font0"/><SP WIDTH="20" VPOS="1082" HPOS="2078"/><String ID="p564_w842" CONTENT="he" HPOS="2098" VPOS="1082" WIDTH="41" HEIGHT="75" STYLEREFS="font0"/><SP WIDTH="17" VPOS="1082" HPOS="2139"/><String ID="p564_w843" CONTENT="is" HPOS="2156" VPOS="1082" WIDTH="27" HEIGHT="75" STYLEREFS="font0"/><SP WIDTH="18" VPOS="1082" HPOS="2183"/><String ID="p564_w844" CONTENT="then" HPOS="2201" VPOS="1082" WIDTH="77" HEIGHT="75" STYLEREFS="font0"/><SP WIDTH="11" VPOS="1082" HPOS="2278"/><String ID="p564_w845" CONTENT="in" HPOS="2289" VPOS="1082" WIDTH="32" HEIGHT="75" STYLEREFS="font0"/></TextLine><TextLine WIDTH="1045" HEIGHT="75" ID="p564_t84" HPOS="1284" VPOS="1129"><String ID="p564_w846" CONTENT="them" HPOS="1284" VPOS="1129" WIDTH="88" HEIGHT="75" STYLEREFS="font0"/><SP WIDTH="14" VPOS="1129" HPOS="1372"/><String ID="p564_w847" CONTENT=";" HPOS="1386" VPOS="1129" WIDTH="10" HEIGHT="75" STYLEREFS="font0"/><SP WIDTH="27" VPOS="1129" HPOS="1396"/><String ID="p564_w848" CONTENT="and" HPOS="1423" VPOS="1129" WIDTH="62" HEIGHT="75" STYLEREFS="font0"/><SP WIDTH="17" VPOS="1129" HPOS="1485"/><String ID="p564_w849" CONTENT="as" HPOS="1502" VPOS="1129" WIDTH="34" HEIGHT="75" STYLEREFS="font0"/><SP WIDTH="17" VPOS="1129" HPOS="1536"/><String ID="p564_w850" CONTENT="the" HPOS="1553" VPOS="1129" WIDTH="56" HEIGHT="75" STYLEREFS="font0"/><SP WIDTH="17" VPOS="1129" HPOS="1609"/><String ID="p564_w851" CONTENT="moon" HPOS="1626" VPOS="1129" WIDTH="95" HEIGHT="75" STYLEREFS="font0"/><SP WIDTH="17" VPOS="1129" HPOS="1721"/><String ID="p564_w852" CONTENT="changeth" HPOS="1738" VPOS="1129" WIDTH="160" HEIGHT="75" STYLEREFS="font0"/><SP WIDTH="14" VPOS="1129" HPOS="1898"/><String ID="p564_w853" CONTENT="in" HPOS="1912" VPOS="1129" WIDTH="30" HEIGHT="75" STYLEREFS="font0"/><SP WIDTH="14" VPOS="1129" HPOS="1942"/><String ID="p564_w854" CONTENT="them" HPOS="1956" VPOS="1129" WIDTH="87" HEIGHT="75" STYLEREFS="font0"/><SP WIDTH="18" VPOS="1129" HPOS="2043"/><String ID="p564_w855" CONTENT="at" HPOS="2061" VPOS="1129" WIDTH="34" HEIGHT="75" STYLEREFS="font0"/><SP WIDTH="15" VPOS="1129" HPOS="2095"/><String ID="p564_w856" CONTENT="that" HPOS="2110" VPOS="1129" WIDTH="70" HEIGHT="75" STYLEREFS="font0"/><SP WIDTH="14" VPOS="1129" HPOS="2180"/><String ID="p564_w857" CONTENT="time" HPOS="2194" VPOS="1129" WIDTH="77" HEIGHT="75" STYLEREFS="font0"/><SP WIDTH="15" VPOS="1129" HPOS="2271"/><String ID="p564_w858" CONTENT="of" HPOS="2286" VPOS="1129" WIDTH="43" HEIGHT="75" STYLEREFS="font0"/></TextLine><TextLine WIDTH="1038" HEIGHT="75" ID="p564_t85" HPOS="1284" VPOS="1176"><String ID="p564_w859" CONTENT="the" HPOS="1284" VPOS="1176" WIDTH="55" HEIGHT="75" STYLEREFS="font0"/><SP WIDTH="24" VPOS="1176" HPOS="1339"/><String ID="p564_w860" CONTENT="year," HPOS="1363" VPOS="1176" WIDTH="88" HEIGHT="75" STYLEREFS="font0"/><SP WIDTH="27" VPOS="1176" HPOS="1451"/><String ID="p564_w861" CONTENT="fhe" HPOS="1478" VPOS="1176" WIDTH="50" HEIGHT="75" STYLEREFS="font0"/><SP WIDTH="18" VPOS="1176" HPOS="1528"/><String ID="p564_w862" CONTENT="is" HPOS="1546" VPOS="1176" WIDTH="27" HEIGHT="75" STYLEREFS="font0"/><SP WIDTH="17" VPOS="1176" HPOS="1573"/><String ID="p564_w863" CONTENT="quite" HPOS="1590" VPOS="1176" WIDTH="89" HEIGHT="75" STYLEREFS="font0"/><SP WIDTH="24" VPOS="1176" HPOS="1679"/><String ID="p564_w864" CONTENT="invifible." HPOS="1703" VPOS="1176" WIDTH="153" HEIGHT="75" STYLEREFS="font0"/><SP WIDTH="56" VPOS="1176" HPOS="1856"/><String ID="p564_w865" CONTENT="In" HPOS="1912" VPOS="1176" WIDTH="37" HEIGHT="75" STYLEREFS="font0"/><SP WIDTH="18" VPOS="1176" HPOS="1949"/><String ID="p564_w866" CONTENT="furomef" HPOS="1967" VPOS="1176" WIDTH="136" HEIGHT="75" STYLEREFS="font0"/><SP WIDTH="17" VPOS="1176" HPOS="2103"/><String ID="p564_w867" CONTENT="they" HPOS="2120" VPOS="1176" WIDTH="77" HEIGHT="75" STYLEREFS="font0"/><SP WIDTH="15" VPOS="1176" HPOS="2197"/><String ID="p564_w868" CONTENT="rife" HPOS="2212" VPOS="1176" WIDTH="59" HEIGHT="75" STYLEREFS="font0"/><SP WIDTH="17" VPOS="1176" HPOS="2271"/><String ID="p564_w869" CONTENT="a-" HPOS="2288" VPOS="1176" WIDTH="34" HEIGHT="75" STYLEREFS="font0"/></TextLine><TextLine WIDTH="1040" HEIGHT="75" ID="p564_t86" HPOS="1284" VPOS="1222"><String ID="p564_w870" CONTENT="b'" HPOS="1284" VPOS="1222" WIDTH="28" HEIGHT="75" STYLEREFS="font0"/><String ID="p564_w871" CONTENT="out" HPOS="1312" VPOS="1222" WIDTH="52" HEIGHT="75" STYLEREFS="font0"/><SP WIDTH="20" VPOS="1222" HPOS="1364"/><String ID="p564_w872" CONTENT="midnight," HPOS="1384" VPOS="1222" WIDTH="173" HEIGHT="75" STYLEREFS="font0"/><SP WIDTH="26" VPOS="1222" HPOS="1557"/><String ID="p564_w873" CONTENT="and" HPOS="1583" VPOS="1222" WIDTH="63" HEIGHT="75" STYLEREFS="font0"/><SP WIDTH="28" VPOS="1222" HPOS="1646"/><String ID="p564_w874" CONTENT="the" HPOS="1674" VPOS="1222" WIDTH="54" HEIGHT="75" STYLEREFS="font0"/><SP WIDTH="17" VPOS="1222" HPOS="1728"/><String ID="p564_w875" CONTENT="fun" HPOS="1745" VPOS="1222" WIDTH="56" HEIGHT="75" STYLEREFS="font0"/><SP WIDTH="16" VPOS="1222" HPOS="1801"/><String ID="p564_w876" CONTENT="being" HPOS="1817" VPOS="1222" WIDTH="96" HEIGHT="75" STYLEREFS="font0"/><SP WIDTH="16" VPOS="1222" HPOS="1913"/><String ID="p564_w877" CONTENT="then" HPOS="1929" VPOS="1222" WIDTH="76" HEIGHT="75" STYLEREFS="font0"/><SP WIDTH="18" VPOS="1222" HPOS="2005"/><String ID="p564_w878" CONTENT="three" HPOS="2023" VPOS="1222" WIDTH="91" HEIGHT="75" STYLEREFS="font0"/><SP WIDTH="14" VPOS="1222" HPOS="2114"/><String ID="p564_w879" CONTENT="figns," HPOS="2128" VPOS="1222" WIDTH="98" HEIGHT="75" STYLEREFS="font0"/><SP WIDTH="25" VPOS="1222" HPOS="2226"/><String ID="p564_w880" CONTENT="or" HPOS="2251" VPOS="1222" WIDTH="37" HEIGHT="75" STYLEREFS="font0"/><SP WIDTH="17" VPOS="1222" HPOS="2288"/><String ID="p564_w881" CONTENT="a" HPOS="2305" VPOS="1222" WIDTH="19" HEIGHT="75" STYLEREFS="font0"/></TextLine><TextLine WIDTH="1039" HEIGHT="75" ID="p564_t87" HPOS="1285" VPOS="1268"><String ID="p564_w882" CONTENT="quarter" HPOS="1285" VPOS="1268" WIDTH="131" HEIGHT="75" STYLEREFS="font0"/><SP WIDTH="19" VPOS="1268" HPOS="1416"/><String ID="p564_w883" CONTENT="of" HPOS="1435" VPOS="1268" WIDTH="42" HEIGHT="75" STYLEREFS="font0"/><SP WIDTH="17" VPOS="1268" HPOS="1477"/><String ID="p564_w884" CONTENT="a" HPOS="1494" VPOS="1268" WIDTH="18" HEIGHT="75" STYLEREFS="font0"/><SP WIDTH="18" VPOS="1268" HPOS="1512"/><String ID="p564_w885" CONTENT="circle" HPOS="1530" VPOS="1268" WIDTH="95" HEIGHT="75" STYLEREFS="font0"/><SP WIDTH="18" VPOS="1268" HPOS="1625"/><String ID="p564_w886" CONTENT="before" HPOS="1643" VPOS="1268" WIDTH="110" HEIGHT="75" STYLEREFS="font0"/><SP WIDTH="15" VPOS="1268" HPOS="1753"/><String ID="p564_w887" CONTENT="them," HPOS="1768" VPOS="1268" WIDTH="102" HEIGHT="75" STYLEREFS="font0"/><SP WIDTH="25" VPOS="1268" HPOS="1870"/><String ID="p564_w888" CONTENT="the" HPOS="1895" VPOS="1268" WIDTH="56" HEIGHT="75" STYLEREFS="font0"/><SP WIDTH="23" VPOS="1268" HPOS="1951"/><String ID="p564_w889" CONTENT="moon" HPOS="1974" VPOS="1268" WIDTH="98" HEIGHT="75" STYLEREFS="font0"/><SP WIDTH="17" VPOS="1268" HPOS="2072"/><String ID="p564_w890" CONTENT="is" HPOS="2089" VPOS="1268" WIDTH="26" HEIGHT="75" STYLEREFS="font0"/><SP WIDTH="18" VPOS="1268" HPOS="2115"/><String ID="p564_w891" CONTENT="in" HPOS="2133" VPOS="1268" WIDTH="31" HEIGHT="75" STYLEREFS="font0"/><SP WIDTH="19" VPOS="1268" HPOS="2164"/><String ID="p564_w892" CONTENT="them" HPOS="2183" VPOS="1268" WIDTH="89" HEIGHT="75" STYLEREFS="font0"/><SP WIDTH="16" VPOS="1268" HPOS="2272"/><String ID="p564_w893" CONTENT="a-" HPOS="2288" VPOS="1268" WIDTH="36" HEIGHT="75" STYLEREFS="font0"/></TextLine><TextLine WIDTH="1039" HEIGHT="75" ID="p564_t88" HPOS="1284" VPOS="1315"><String ID="p564_w894" CONTENT="bout" HPOS="1284" VPOS="1315" WIDTH="78" HEIGHT="75" STYLEREFS="font0"/><SP WIDTH="17" VPOS="1315" HPOS="1362"/><String ID="p564_w895" CONTENT="her" HPOS="1379" VPOS="1315" WIDTH="57" HEIGHT="75" STYLEREFS="font0"/><SP WIDTH="17" VPOS="1315" HPOS="1436"/><String ID="p564_w896" CONTENT="third" HPOS="1453" VPOS="1315" WIDTH="88" HEIGHT="75" STYLEREFS="font0"/><SP WIDTH="16" VPOS="1315" HPOS="1541"/><String ID="p564_w897" CONTENT="quarter,;" HPOS="1557" VPOS="1315" WIDTH="153" HEIGHT="75" STYLEREFS="font0"/><SP WIDTH="27" VPOS="1315" HPOS="1710"/><String ID="p564_w898" CONTENT="when" HPOS="1737" VPOS="1315" WIDTH="95" HEIGHT="75" STYLEREFS="font0"/><SP WIDTH="18" VPOS="1315" HPOS="1832"/><String ID="p564_w899" CONTENT="rifing" HPOS="1850" VPOS="1315" WIDTH="92" HEIGHT="75" STYLEREFS="font0"/><SP WIDTH="19" VPOS="1315" HPOS="1942"/><String ID="p564_w900" CONTENT="fo" HPOS="1961" VPOS="1315" WIDTH="36" HEIGHT="75" STYLEREFS="font0"/><SP WIDTH="26" VPOS="1315" HPOS="1997"/><String ID="p564_w901" CONTENT="late," HPOS="2023" VPOS="1315" WIDTH="78" HEIGHT="75" STYLEREFS="font0"/><SP WIDTH="26" VPOS="1315" HPOS="2101"/><String ID="p564_w902" CONTENT="and" HPOS="2127" VPOS="1315" WIDTH="63" HEIGHT="75" STYLEREFS="font0"/><SP WIDTH="22" VPOS="1315" HPOS="2190"/><String ID="p564_w903" CONTENT="giving" HPOS="2212" VPOS="1315" WIDTH="111" HEIGHT="75" STYLEREFS="font0"/></TextLine><TextLine WIDTH="1036" HEIGHT="75" ID="p564_t89" HPOS="1283" VPOS="1364"><String ID="p564_w904" CONTENT="But" HPOS="1283" VPOS="1364" WIDTH="57" HEIGHT="75" STYLEREFS="font0"/><SP WIDTH="16" VPOS="1364" HPOS="1340"/><String ID="p564_w905" CONTENT="very" HPOS="1356" VPOS="1364" WIDTH="78" HEIGHT="75" STYLEREFS="font0"/><SP WIDTH="16" VPOS="1364" HPOS="1434"/><String ID="p564_w906" CONTENT="little" HPOS="1450" VPOS="1364" WIDTH="85" HEIGHT="75" STYLEREFS="font0"/><SP WIDTH="16" VPOS="1364" HPOS="1535"/><String ID="p564_w907" CONTENT="light," HPOS="1551" VPOS="1364" WIDTH="98" HEIGHT="75" STYLEREFS="font0"/><SP WIDTH="21" VPOS="1364" HPOS="1649"/><String ID="p564_w908" CONTENT="her" HPOS="1670" VPOS="1364" WIDTH="59" HEIGHT="75" STYLEREFS="font0"/><SP WIDTH="22" VPOS="1364" HPOS="1729"/><String ID="p564_w909" CONTENT="rifing" HPOS="1751" VPOS="1364" WIDTH="93" HEIGHT="75" STYLEREFS="font0"/><SP WIDTH="24" VPOS="1364" HPOS="1844"/><String ID="p564_w910" CONTENT="paifes" HPOS="1868" VPOS="1364" WIDTH="96" HEIGHT="75" STYLEREFS="font0"/><SP WIDTH="19" VPOS="1364" HPOS="1964"/><String ID="p564_w911" CONTENT="unpbferved." HPOS="1983" VPOS="1364" WIDTH="209" HEIGHT="75" STYLEREFS="font0"/><SP WIDTH="47" VPOS="1364" HPOS="2192"/><String ID="p564_w912" CONTENT="And" HPOS="2239" VPOS="1364" WIDTH="80" HEIGHT="75" STYLEREFS="font0"/></TextLine><TextLine WIDTH="1040" HEIGHT="75" ID="p564_t90" HPOS="1283" VPOS="1408"><String ID="p564_w913" CONTENT="in" HPOS="1283" VPOS="1408" WIDTH="31" HEIGHT="75" STYLEREFS="font0"/><SP WIDTH="27" VPOS="1408" HPOS="1314"/><String ID="p564_w914" CONTENT="autumn," HPOS="1341" VPOS="1408" WIDTH="143" HEIGHT="75" STYLEREFS="font0"/><SP WIDTH="26" VPOS="1408" HPOS="1484"/><String ID="p564_w915" CONTENT="thefe" HPOS="1510" VPOS="1408" WIDTH="87" HEIGHT="75" STYLEREFS="font0"/><SP WIDTH="23" VPOS="1408" HPOS="1597"/><String ID="p564_w916" CONTENT="figns," HPOS="1620" VPOS="1408" WIDTH="94" HEIGHT="75" STYLEREFS="font0"/><SP WIDTH="25" VPOS="1408" HPOS="1714"/><String ID="p564_w917" CONTENT="being" HPOS="1739" VPOS="1408" WIDTH="96" HEIGHT="75" STYLEREFS="font0"/><SP WIDTH="26" VPOS="1408" HPOS="1835"/><String ID="p564_w918" CONTENT="oppofite" HPOS="1861" VPOS="1408" WIDTH="140" HEIGHT="75" STYLEREFS="font0"/><SP WIDTH="27" VPOS="1408" HPOS="2001"/><String ID="p564_w919" CONTENT="to" HPOS="2028" VPOS="1408" WIDTH="35" HEIGHT="75" STYLEREFS="font0"/><SP WIDTH="23" VPOS="1408" HPOS="2063"/><String ID="p564_w920" CONTENT="the" HPOS="2086" VPOS="1408" WIDTH="55" HEIGHT="75" STYLEREFS="font0"/><SP WIDTH="24" VPOS="1408" HPOS="2141"/><String ID="p564_w921" CONTENT="fun," HPOS="2165" VPOS="1408" WIDTH="70" HEIGHT="75" STYLEREFS="font0"/><SP WIDTH="27" VPOS="1408" HPOS="2235"/><String ID="p564_w922" CONTENT="rife" HPOS="2262" VPOS="1408" WIDTH="61" HEIGHT="75" STYLEREFS="font0"/></TextLine><TextLine WIDTH="1042" HEIGHT="75" ID="p564_t91" HPOS="1283" VPOS="1456"><String ID="p564_w923" CONTENT="when" HPOS="1283" VPOS="1456" WIDTH="93" HEIGHT="75" STYLEREFS="font0"/><SP WIDTH="19" VPOS="1456" HPOS="1376"/><String ID="p564_w924" CONTENT="he" HPOS="1395" VPOS="1456" WIDTH="46" HEIGHT="75" STYLEREFS="font0"/><SP WIDTH="25" VPOS="1456" HPOS="1441"/><String ID="p564_w925" CONTENT="fets," HPOS="1466" VPOS="1456" WIDTH="75" HEIGHT="75" STYLEREFS="font0"/><SP WIDTH="25" VPOS="1456" HPOS="1541"/><String ID="p564_w926" CONTENT="wirh" HPOS="1566" VPOS="1456" WIDTH="79" HEIGHT="75" STYLEREFS="font0"/><SP WIDTH="26" VPOS="1456" HPOS="1645"/><String ID="p564_w927" CONTENT="the" HPOS="1671" VPOS="1456" WIDTH="55" HEIGHT="75" STYLEREFS="font0"/><SP WIDTH="21" VPOS="1456" HPOS="1726"/><String ID="p564_w928" CONTENT="moon" HPOS="1747" VPOS="1456" WIDTH="96" HEIGHT="75" STYLEREFS="font0"/><SP WIDTH="28" VPOS="1456" HPOS="1843"/><String ID="p564_w929" CONTENT="in‘oppofition," HPOS="1871" VPOS="1456" WIDTH="245" HEIGHT="75" STYLEREFS="font0"/><SP WIDTH="26" VPOS="1456" HPOS="2116"/><String ID="p564_w930" CONTENT="or" HPOS="2142" VPOS="1456" WIDTH="37" HEIGHT="75" STYLEREFS="font0"/><SP WIDTH="27" VPOS="1456" HPOS="2179"/><String ID="p564_w931" CONTENT="at" HPOS="2206" VPOS="1456" WIDTH="34" HEIGHT="75" STYLEREFS="font0"/><SP WIDTH="25" VPOS="1456" HPOS="2240"/><String ID="p564_w932" CONTENT="the" HPOS="2265" VPOS="1456" WIDTH="60" HEIGHT="75" STYLEREFS="font0"/></TextLine><TextLine WIDTH="847" HEIGHT="75" ID="p564_t92" HPOS="1283" VPOS="1502"><String ID="p564_w933" CONTENT="full," HPOS="1283" VPOS="1502" WIDTH="73" HEIGHT="75" STYLEREFS="font0"/><SP WIDTH="26" VPOS="1502" HPOS="1356"/><String ID="p564_w934" CONTENT="which" HPOS="1382" VPOS="1502" WIDTH="105" HEIGHT="75" STYLEREFS="font0"/><SP WIDTH="17" VPOS="1502" HPOS="1487"/><String ID="p564_w935" CONTENT="makes" HPOS="1504" VPOS="1502" WIDTH="109" HEIGHT="75" STYLEREFS="font0"/><SP WIDTH="15" VPOS="1502" HPOS="1613"/><String ID="p564_w936" CONTENT="her" HPOS="1628" VPOS="1502" WIDTH="59" HEIGHT="75" STYLEREFS="font0"/><SP WIDTH="16" VPOS="1502" HPOS="1687"/><String ID="p564_w937" CONTENT="rifing." HPOS="1703" VPOS="1502" WIDTH="100" HEIGHT="75" STYLEREFS="font0"/><SP WIDTH="9" VPOS="1502" HPOS="1803"/><String ID="p564_w938" CONTENT="very" HPOS="1812" VPOS="1502" WIDTH="79" HEIGHT="75" STYLEREFS="font0"/><SP WIDTH="17" VPOS="1502" HPOS="1891"/><String ID="p564_w939" CONTENT="confpicubus." HPOS="1908" VPOS="1502" WIDTH="222" HEIGHT="75" STYLEREFS="font0"/></TextLine><TextLine WIDTH="992" HEIGHT="75" ID="p564_t93" HPOS="1334" VPOS="1550"><String ID="p564_w940" CONTENT="At" HPOS="1334" VPOS="1550" WIDTH="47" HEIGHT="75" STYLEREFS="font0"/><SP WIDTH="16" VPOS="1550" HPOS="1381"/><String ID="p564_w941" CONTENT="the" HPOS="1397" VPOS="1550" WIDTH="56" HEIGHT="75" STYLEREFS="font0"/><SP WIDTH="17" VPOS="1550" HPOS="1453"/><String ID="p564_w942" CONTENT="equator," HPOS="1470" VPOS="1550" WIDTH="149" HEIGHT="75" STYLEREFS="font0"/><SP WIDTH="25" VPOS="1550" HPOS="1619"/><String ID="p564_w943" CONTENT="the" HPOS="1644" VPOS="1550" WIDTH="56" HEIGHT="75" STYLEREFS="font0"/><SP WIDTH="24" VPOS="1550" HPOS="1700"/><String ID="p564_w944" CONTENT="north" HPOS="1724" VPOS="1550" WIDTH="94" HEIGHT="75" STYLEREFS="font0"/><SP WIDTH="28" VPOS="1550" HPOS="1818"/><String ID="p564_w945" CONTENT="and" HPOS="1846" VPOS="1550" WIDTH="63" HEIGHT="75" STYLEREFS="font0"/><SP WIDTH="24" VPOS="1550" HPOS="1909"/><String ID="p564_w946" CONTENT="fouth" HPOS="1933" VPOS="1550" WIDTH="93" HEIGHT="75" STYLEREFS="font0"/><SP WIDTH="28" VPOS="1550" HPOS="2026"/><String ID="p564_w947" CONTENT="poles" HPOS="2054" VPOS="1550" WIDTH="88" HEIGHT="75" STYLEREFS="font0"/><SP WIDTH="17" VPOS="1550" HPOS="2142"/><String ID="p564_w948" CONTENT="lie" HPOS="2159" VPOS="1550" WIDTH="41" HEIGHT="75" STYLEREFS="font0"/><SP WIDTH="16" VPOS="1550" HPOS="2200"/><String ID="p564_w949" CONTENT="in" HPOS="2216" VPOS="1550" WIDTH="32" HEIGHT="75" STYLEREFS="font0"/><SP WIDTH="18" VPOS="1550" HPOS="2248"/><String ID="p564_w950" CONTENT="the," HPOS="2266" VPOS="1550" WIDTH="60" HEIGHT="75" STYLEREFS="font0"/></TextLine><TextLine WIDTH="1038" HEIGHT="75" ID="p564_t94" HPOS="1283" VPOS="1597"><String ID="p564_w951" CONTENT="horizon;" HPOS="1283" VPOS="1597" WIDTH="161" HEIGHT="75" STYLEREFS="font0"/><SP WIDTH="28" VPOS="1597" HPOS="1444"/><String ID="p564_w952" CONTENT="and" HPOS="1472" VPOS="1597" WIDTH="61" HEIGHT="75" STYLEREFS="font0"/><SP WIDTH="17" VPOS="1597" HPOS="1533"/><String ID="p564_w953" CONTENT="therefore" HPOS="1550" VPOS="1597" WIDTH="163" HEIGHT="75" STYLEREFS="font0"/><SP WIDTH="23" VPOS="1597" HPOS="1713"/><String ID="p564_w954" CONTENT="the" HPOS="1736" VPOS="1597" WIDTH="55" HEIGHT="75" STYLEREFS="font0"/><SP WIDTH="25" VPOS="1597" HPOS="1791"/><String ID="p564_w955" CONTENT="ecliptic" HPOS="1816" VPOS="1597" WIDTH="128" HEIGHT="75" STYLEREFS="font0"/><SP WIDTH="22" VPOS="1597" HPOS="1944"/><String ID="p564_w956" CONTENT="makes" HPOS="1966" VPOS="1597" WIDTH="108" HEIGHT="75" STYLEREFS="font0"/><SP WIDTH="17" VPOS="1597" HPOS="2074"/><String ID="p564_w957" CONTENT="the" HPOS="2091" VPOS="1597" WIDTH="55" HEIGHT="75" STYLEREFS="font0"/><SP WIDTH="17" VPOS="1597" HPOS="2146"/><String ID="p564_w958" CONTENT="fame" HPOS="2163" VPOS="1597" WIDTH="83" HEIGHT="75" STYLEREFS="font0"/><SP WIDTH="17" VPOS="1597" HPOS="2246"/><String ID="p564_w959" CONTENT="an-" HPOS="2263" VPOS="1597" WIDTH="58" HEIGHT="75" STYLEREFS="font0"/></TextLine><TextLine WIDTH="1040" HEIGHT="75" ID="p564_t95" HPOS="1283" VPOS="1643"><String ID="p564_w960" CONTENT="gle" HPOS="1283" VPOS="1643" WIDTH="52" HEIGHT="75" STYLEREFS="font0"/><SP WIDTH="26" VPOS="1643" HPOS="1335"/><String ID="p564_w961" CONTENT="fbuthward" HPOS="1361" VPOS="1643" WIDTH="183" HEIGHT="75" STYLEREFS="font0"/><SP WIDTH="28" VPOS="1643" HPOS="1544"/><String ID="p564_w962" CONTENT="with" HPOS="1572" VPOS="1643" WIDTH="79" HEIGHT="75" STYLEREFS="font0"/><SP WIDTH="23" VPOS="1643" HPOS="1651"/><String ID="p564_w963" CONTENT="the" HPOS="1674" VPOS="1643" WIDTH="56" HEIGHT="75" STYLEREFS="font0"/><SP WIDTH="22" VPOS="1643" HPOS="1730"/><String ID="p564_w964" CONTENT="horizon" HPOS="1752" VPOS="1643" WIDTH="137" HEIGHT="75" STYLEREFS="font0"/><SP WIDTH="18" VPOS="1643" HPOS="1889"/><String ID="p564_w965" CONTENT="when" HPOS="1907" VPOS="1643" WIDTH="93" HEIGHT="75" STYLEREFS="font0"/><SP WIDTH="16" VPOS="1643" HPOS="2000"/><String ID="p564_w966" CONTENT="Aries" HPOS="2016" VPOS="1643" WIDTH="97" HEIGHT="75" STYLEREFS="font0"/><SP WIDTH="17" VPOS="1643" HPOS="2113"/><String ID="p564_w967" CONTENT="rifes," HPOS="2130" VPOS="1643" WIDTH="89" HEIGHT="75" STYLEREFS="font0"/><SP WIDTH="26" VPOS="1643" HPOS="2219"/><String ID="p564_w968" CONTENT="as" HPOS="2245" VPOS="1643" WIDTH="33" HEIGHT="75" STYLEREFS="font0"/><SP WIDTH="17" VPOS="1643" HPOS="2278"/><String ID="p564_w969" CONTENT="it" HPOS="2295" VPOS="1643" WIDTH="28" HEIGHT="75" STYLEREFS="font0"/></TextLine><TextLine WIDTH="1043" HEIGHT="75" ID="p564_t96" HPOS="1282" VPOS="1690"><String ID="p564_w970" CONTENT="does" HPOS="1282" VPOS="1690" WIDTH="77" HEIGHT="75" STYLEREFS="font0"/><SP WIDTH="18" VPOS="1690" HPOS="1359"/><String ID="p564_w971" CONTENT="northward" HPOS="1377" VPOS="1690" WIDTH="186" HEIGHT="75" STYLEREFS="font0"/><SP WIDTH="16" VPOS="1690" HPOS="1563"/><String ID="p564_w972" CONTENT="when" HPOS="1579" VPOS="1690" WIDTH="93" HEIGHT="75" STYLEREFS="font0"/><SP WIDTH="17" VPOS="1690" HPOS="1672"/><String ID="p564_w973" CONTENT="Libra" HPOS="1689" VPOS="1690" WIDTH="103" HEIGHT="75" STYLEREFS="font0"/><SP WIDTH="16" VPOS="1690" HPOS="1792"/><String ID="p564_w974" CONTENT="rifes." HPOS="1808" VPOS="1690" WIDTH="88" HEIGHT="75" STYLEREFS="font0"/><SP WIDTH="50" VPOS="1690" HPOS="1896"/><String ID="p564_w975" CONTENT="Confequently," HPOS="1946" VPOS="1690" WIDTH="254" HEIGHT="75" STYLEREFS="font0"/><SP WIDTH="19" VPOS="1690" HPOS="2200"/><String ID="p564_w976" CONTENT="as" HPOS="2219" VPOS="1690" WIDTH="33" HEIGHT="75" STYLEREFS="font0"/><SP WIDTH="13" VPOS="1690" HPOS="2252"/><String ID="p564_w977" CONTENT="the" HPOS="2265" VPOS="1690" WIDTH="60" HEIGHT="75" STYLEREFS="font0"/></TextLine><TextLine WIDTH="1040" HEIGHT="75" ID="p564_t97" HPOS="1283" VPOS="1737"><String ID="p564_w978" CONTENT="moon" HPOS="1283" VPOS="1737" WIDTH="98" HEIGHT="75" STYLEREFS="font0"/><SP WIDTH="26" VPOS="1737" HPOS="1381"/><String ID="p564_w979" CONTENT="at" HPOS="1407" VPOS="1737" WIDTH="33" HEIGHT="75" STYLEREFS="font0"/><SP WIDTH="27" VPOS="1737" HPOS="1440"/><String ID="p564_w980" CONTENT="all" HPOS="1467" VPOS="1737" WIDTH="43" HEIGHT="75" STYLEREFS="font0"/><SP WIDTH="28" VPOS="1737" HPOS="1510"/><String ID="p564_w981" CONTENT="the" HPOS="1538" VPOS="1737" WIDTH="56" HEIGHT="75" STYLEREFS="font0"/><SP WIDTH="28" VPOS="1737" HPOS="1594"/><String ID="p564_w982" CONTENT="fore-mentioned" HPOS="1622" VPOS="1737" WIDTH="271" HEIGHT="75" STYLEREFS="font0"/><SP WIDTH="15" VPOS="1737" HPOS="1893"/><String ID="p564_w983" CONTENT="patches" HPOS="1908" VPOS="1737" WIDTH="132" HEIGHT="75" STYLEREFS="font0"/><SP WIDTH="25" VPOS="1737" HPOS="2040"/><String ID="p564_w984" CONTENT="rifes" HPOS="2065" VPOS="1737" WIDTH="75" HEIGHT="75" STYLEREFS="font0"/><SP WIDTH="29" VPOS="1737" HPOS="2140"/><String ID="p564_w985" CONTENT="and" HPOS="2169" VPOS="1737" WIDTH="62" HEIGHT="75" STYLEREFS="font0"/><SP WIDTH="27" VPOS="1737" HPOS="2231"/><String ID="p564_w986" CONTENT="fets" HPOS="2258" VPOS="1737" WIDTH="65" HEIGHT="75" STYLEREFS="font0"/></TextLine><TextLine WIDTH="1040" HEIGHT="75" ID="p564_t98" HPOS="1282" VPOS="1783"><String ID="p564_w987" CONTENT="nearly" HPOS="1282" VPOS="1783" WIDTH="112" HEIGHT="75" STYLEREFS="font0"/><SP WIDTH="27" VPOS="1783" HPOS="1394"/><String ID="p564_w988" CONTENT="at" HPOS="1421" VPOS="1783" WIDTH="32" HEIGHT="75" STYLEREFS="font0"/><SP WIDTH="24" VPOS="1783" HPOS="1453"/><String ID="p564_w989" CONTENT="equal" HPOS="1477" VPOS="1783" WIDTH="97" HEIGHT="75" STYLEREFS="font0"/><SP WIDTH="25" VPOS="1783" HPOS="1574"/><String ID="p564_w990" CONTENT="angles" HPOS="1599" VPOS="1783" WIDTH="111" HEIGHT="75" STYLEREFS="font0"/><SP WIDTH="29" VPOS="1783" HPOS="1710"/><String ID="p564_w991" CONTENT="with" HPOS="1739" VPOS="1783" WIDTH="80" HEIGHT="75" STYLEREFS="font0"/><SP WIDTH="28" VPOS="1783" HPOS="1819"/><String ID="p564_w992" CONTENT="the" HPOS="1847" VPOS="1783" WIDTH="55" HEIGHT="75" STYLEREFS="font0"/><SP WIDTH="25" VPOS="1783" HPOS="1902"/><String ID="p564_w993" CONTENT="horizon" HPOS="1927" VPOS="1783" WIDTH="137" HEIGHT="75" STYLEREFS="font0"/><SP WIDTH="29" VPOS="1783" HPOS="2064"/><String ID="p564_w994" CONTENT="all" HPOS="2093" VPOS="1783" WIDTH="43" HEIGHT="75" STYLEREFS="font0"/><SP WIDTH="28" VPOS="1783" HPOS="2136"/><String ID="p564_w995" CONTENT="the" HPOS="2164" VPOS="1783" WIDTH="55" HEIGHT="75" STYLEREFS="font0"/><SP WIDTH="25" VPOS="1783" HPOS="2219"/><String ID="p564_w996" CONTENT="yea,r" HPOS="2244" VPOS="1783" WIDTH="78" HEIGHT="75" STYLEREFS="font0"/></TextLine><TextLine WIDTH="1040" HEIGHT="75" ID="p564_t99" HPOS="1283" VPOS="1831"><String ID="p564_w997" CONTENT="round," HPOS="1283" VPOS="1831" WIDTH="114" HEIGHT="75" STYLEREFS="font0"/><SP WIDTH="26" VPOS="1831" HPOS="1397"/><String ID="p564_w998" CONTENT="and" HPOS="1423" VPOS="1831" WIDTH="63" HEIGHT="75" STYLEREFS="font0"/><SP WIDTH="23" VPOS="1831" HPOS="1486"/><String ID="p564_w999" CONTENT="about" HPOS="1509" VPOS="1831" WIDTH="99" HEIGHT="75" STYLEREFS="font0"/><SP WIDTH="19" VPOS="1831" HPOS="1608"/><String ID="p564_w1000" CONTENT="48" HPOS="1627" VPOS="1831" WIDTH="42" HEIGHT="75" STYLEREFS="font0"/><SP WIDTH="17" VPOS="1831" HPOS="1669"/><String ID="p564_w1001" CONTENT="minutes" HPOS="1686" VPOS="1831" WIDTH="139" HEIGHT="75" STYLEREFS="font0"/><SP WIDTH="26" VPOS="1831" HPOS="1825"/><String ID="p564_w1002" CONTENT="later" HPOS="1851" VPOS="1831" WIDTH="82" HEIGHT="75" STYLEREFS="font0"/><SP WIDTH="28" VPOS="1831" HPOS="1933"/><String ID="p564_w1003" CONTENT="every" HPOS="1961" VPOS="1831" WIDTH="95" HEIGHT="75" STYLEREFS="font0"/><SP WIDTH="23" VPOS="1831" HPOS="2056"/><String ID="p564_w1004" CONTENT="day" HPOS="2079" VPOS="1831" WIDTH="64" HEIGHT="75" STYLEREFS="font0"/><SP WIDTH="24" VPOS="1831" HPOS="2143"/><String ID="p564_w1005" CONTENT="or" HPOS="2167" VPOS="1831" WIDTH="38" HEIGHT="75" STYLEREFS="font0"/><SP WIDTH="23" VPOS="1831" HPOS="2205"/><String ID="p564_w1006" CONTENT="night" HPOS="2228" VPOS="1831" WIDTH="95" HEIGHT="75" STYLEREFS="font0"/></TextLine><TextLine WIDTH="1037" HEIGHT="75" ID="p564_t100" HPOS="1283" VPOS="1877"><String ID="p564_w1007" CONTENT="than" HPOS="1283" VPOS="1877" WIDTH="77" HEIGHT="75" STYLEREFS="font0"/><SP WIDTH="23" VPOS="1877" HPOS="1360"/><String ID="p564_w1008" CONTENT="on" HPOS="1383" VPOS="1877" WIDTH="41" HEIGHT="75" STYLEREFS="font0"/><SP WIDTH="21" VPOS="1877" HPOS="1424"/><String ID="p564_w1009" CONTENT="the" HPOS="1445" VPOS="1877" WIDTH="56" HEIGHT="75" STYLEREFS="font0"/><SP WIDTH="22" VPOS="1877" HPOS="1501"/><String ID="p564_w1010" CONTENT="preceding," HPOS="1523" VPOS="1877" WIDTH="185" HEIGHT="75" STYLEREFS="font0"/><SP WIDTH="26" VPOS="1877" HPOS="1708"/><String ID="p564_w1011" CONTENT="there" HPOS="1734" VPOS="1877" WIDTH="91" HEIGHT="75" STYLEREFS="font0"/><SP WIDTH="28" VPOS="1877" HPOS="1825"/><String ID="p564_w1012" CONTENT="can" HPOS="1853" VPOS="1877" WIDTH="57" HEIGHT="75" STYLEREFS="font0"/><SP WIDTH="18" VPOS="1877" HPOS="1910"/><String ID="p564_w1013" CONTENT="be" HPOS="1928" VPOS="1877" WIDTH="40" HEIGHT="75" STYLEREFS="font0"/><SP WIDTH="17" VPOS="1877" HPOS="1968"/><String ID="p564_w1014" CONTENT="no" HPOS="1985" VPOS="1877" WIDTH="41" HEIGHT="75" STYLEREFS="font0"/><SP WIDTH="24" VPOS="1877" HPOS="2026"/><String ID="p564_w1015" CONTENT="particular" HPOS="2050" VPOS="1877" WIDTH="172" HEIGHT="75" STYLEREFS="font0"/><SP WIDTH="24" VPOS="1877" HPOS="2222"/><String ID="p564_w1016" CONTENT="har-" HPOS="2246" VPOS="1877" WIDTH="74" HEIGHT="75" STYLEREFS="font0"/></TextLine><TextLine WIDTH="462" HEIGHT="75" ID="p564_t101" HPOS="1282" VPOS="1923"><String ID="p564_w1017" CONTENT="veft-moon" HPOS="1282" VPOS="1923" WIDTH="176" HEIGHT="75" STYLEREFS="font0"/><SP WIDTH="18" VPOS="1923" HPOS="1458"/><String ID="p564_w1018" CONTENT="at" HPOS="1476" VPOS="1923" WIDTH="32" HEIGHT="75" STYLEREFS="font0"/><SP WIDTH="16" VPOS="1923" HPOS="1508"/><String ID="p564_w1019" CONTENT="the" HPOS="1524" VPOS="1923" WIDTH="55" HEIGHT="75" STYLEREFS="font0"/><SP WIDTH="17" VPOS="1923" HPOS="1579"/><String ID="p564_w1020" CONTENT="equator." HPOS="1596" VPOS="1923" WIDTH="148" HEIGHT="75" STYLEREFS="font0"/></TextLine><TextLine WIDTH="992" HEIGHT="75" ID="p564_t102" HPOS="1329" VPOS="1970"><String ID="p564_w1021" CONTENT="The" HPOS="1329" VPOS="1970" WIDTH="78" HEIGHT="75" STYLEREFS="font0"/><SP WIDTH="15" VPOS="1970" HPOS="1407"/><String ID="p564_w1022" CONTENT="farther" HPOS="1422" VPOS="1970" WIDTH="124" HEIGHT="75" STYLEREFS="font0"/><SP WIDTH="17" VPOS="1970" HPOS="1546"/><String ID="p564_w1023" CONTENT="that" HPOS="1563" VPOS="1970" WIDTH="70" HEIGHT="75" STYLEREFS="font0"/><SP WIDTH="17" VPOS="1970" HPOS="1633"/><String ID="p564_w1024" CONTENT="any" HPOS="1650" VPOS="1970" WIDTH="62" HEIGHT="75" STYLEREFS="font0"/><SP WIDTH="15" VPOS="1970" HPOS="1712"/><String ID="p564_w1025" CONTENT="place" HPOS="1727" VPOS="1970" WIDTH="89" HEIGHT="75" STYLEREFS="font0"/><SP WIDTH="11" VPOS="1970" HPOS="1816"/><String ID="p564_w1026" CONTENT="is" HPOS="1827" VPOS="1970" WIDTH="28" HEIGHT="75" STYLEREFS="font0"/><SP WIDTH="17" VPOS="1970" HPOS="1855"/><String ID="p564_w1027" CONTENT="from" HPOS="1872" VPOS="1970" WIDTH="85" HEIGHT="75" STYLEREFS="font0"/><SP WIDTH="12" VPOS="1970" HPOS="1957"/><String ID="p564_w1028" CONTENT="the" HPOS="1969" VPOS="1970" WIDTH="56" HEIGHT="75" STYLEREFS="font0"/><SP WIDTH="11" VPOS="1970" HPOS="2025"/><String ID="p564_w1029" CONTENT="equator," HPOS="2036" VPOS="1970" WIDTH="147" HEIGHT="75" STYLEREFS="font0"/><SP WIDTH="18" VPOS="1970" HPOS="2183"/><String ID="p564_w1030" CONTENT="if" HPOS="2201" VPOS="1970" WIDTH="32" HEIGHT="75" STYLEREFS="font0"/><SP WIDTH="9" VPOS="1970" HPOS="2233"/><String ID="p564_w1031" CONTENT="it" HPOS="2242" VPOS="1970" WIDTH="26" HEIGHT="75" STYLEREFS="font0"/><SP WIDTH="12" VPOS="1970" HPOS="2268"/><String ID="p564_w1032" CONTENT="be" HPOS="2280" VPOS="1970" WIDTH="41" HEIGHT="75" STYLEREFS="font0"/></TextLine><TextLine WIDTH="1036" HEIGHT="75" ID="p564_t103" HPOS="1284" VPOS="2017"><String ID="p564_w1033" CONTENT="not" HPOS="1284" VPOS="2017" WIDTH="56" HEIGHT="75" STYLEREFS="font0"/><SP WIDTH="22" VPOS="2017" HPOS="1340"/><String ID="p564_w1034" CONTENT="beyond" HPOS="1362" VPOS="2017" WIDTH="129" HEIGHT="75" STYLEREFS="font0"/><SP WIDTH="15" VPOS="2017" HPOS="1491"/><String ID="p564_w1035" CONTENT="the" HPOS="1506" VPOS="2017" WIDTH="56" HEIGHT="75" STYLEREFS="font0"/><SP WIDTH="14" VPOS="2017" HPOS="1562"/><String ID="p564_w1036" CONTENT="polar" HPOS="1576" VPOS="2017" WIDTH="92" HEIGHT="75" STYLEREFS="font0"/><SP WIDTH="24" VPOS="2017" HPOS="1668"/><String ID="p564_w1037" CONTENT="circle," HPOS="1692" VPOS="2017" WIDTH="109" HEIGHT="75" STYLEREFS="font0"/><SP WIDTH="25" VPOS="2017" HPOS="1801"/><String ID="p564_w1038" CONTENT="the" HPOS="1826" VPOS="2017" WIDTH="56" HEIGHT="75" STYLEREFS="font0"/><SP WIDTH="28" VPOS="2017" HPOS="1882"/><String ID="p564_w1039" CONTENT="angle" HPOS="1910" VPOS="2017" WIDTH="94" HEIGHT="75" STYLEREFS="font0"/><SP WIDTH="27" VPOS="2017" HPOS="2004"/><String ID="p564_w1040" CONTENT="gradually" HPOS="2031" VPOS="2017" WIDTH="169" HEIGHT="75" STYLEREFS="font0"/><SP WIDTH="26" VPOS="2017" HPOS="2200"/><String ID="p564_w1041" CONTENT="dimi-" HPOS="2226" VPOS="2017" WIDTH="94" HEIGHT="75" STYLEREFS="font0"/></TextLine><TextLine WIDTH="1037" HEIGHT="75" ID="p564_t104" HPOS="1284" VPOS="2063"><String ID="p564_w1042" CONTENT="nilhes" HPOS="1284" VPOS="2063" WIDTH="101" HEIGHT="75" STYLEREFS="font0"/><SP WIDTH="17" VPOS="2063" HPOS="1385"/><String ID="p564_w1043" CONTENT="which" HPOS="1402" VPOS="2063" WIDTH="105" HEIGHT="75" STYLEREFS="font0"/><SP WIDTH="19" VPOS="2063" HPOS="1507"/><String ID="p564_w1044" CONTENT="the" HPOS="1526" VPOS="2063" WIDTH="54" HEIGHT="75" STYLEREFS="font0"/><SP WIDTH="17" VPOS="2063" HPOS="1580"/><String ID="p564_w1045" CONTENT="ecliptic" HPOS="1597" VPOS="2063" WIDTH="128" HEIGHT="75" STYLEREFS="font0"/><SP WIDTH="25" VPOS="2063" HPOS="1725"/><String ID="p564_w1046" CONTENT="and" HPOS="1750" VPOS="2063" WIDTH="64" HEIGHT="75" STYLEREFS="font0"/><SP WIDTH="27" VPOS="2063" HPOS="1814"/><String ID="p564_w1047" CONTENT="horizon" HPOS="1841" VPOS="2063" WIDTH="135" HEIGHT="75" STYLEREFS="font0"/><SP WIDTH="18" VPOS="2063" HPOS="1976"/><String ID="p564_w1048" CONTENT="make" HPOS="1994" VPOS="2063" WIDTH="91" HEIGHT="75" STYLEREFS="font0"/><SP WIDTH="18" VPOS="2063" HPOS="2085"/><String ID="p564_w1049" CONTENT="when" HPOS="2103" VPOS="2063" WIDTH="92" HEIGHT="75" STYLEREFS="font0"/><SP WIDTH="17" VPOS="2063" HPOS="2195"/><String ID="p564_w1050" CONTENT="Pifces" HPOS="2212" VPOS="2063" WIDTH="109" HEIGHT="75" STYLEREFS="font0"/></TextLine><TextLine WIDTH="1039" HEIGHT="75" ID="p564_t105" HPOS="1284" VPOS="2110"><String ID="p564_w1051" CONTENT="and" HPOS="1284" VPOS="2110" WIDTH="61" HEIGHT="75" STYLEREFS="font0"/><SP WIDTH="16" VPOS="2110" HPOS="1345"/><String ID="p564_w1052" CONTENT="Aries" HPOS="1361" VPOS="2110" WIDTH="97" HEIGHT="75" STYLEREFS="font0"/><SP WIDTH="18" VPOS="2110" HPOS="1458"/><String ID="p564_w1053" CONTENT="rife:" HPOS="1476" VPOS="2110" WIDTH="75" HEIGHT="75" STYLEREFS="font0"/><SP WIDTH="22" VPOS="2110" HPOS="1551"/><String ID="p564_w1054" CONTENT="And" HPOS="1573" VPOS="2110" WIDTH="77" HEIGHT="75" STYLEREFS="font0"/><SP WIDTH="16" VPOS="2110" HPOS="1650"/><String ID="p564_w1055" CONTENT="therefore," HPOS="1666" VPOS="2110" WIDTH="175" HEIGHT="75" STYLEREFS="font0"/><SP WIDTH="18" VPOS="2110" HPOS="1841"/><String ID="p564_w1056" CONTENT="when" HPOS="1859" VPOS="2110" WIDTH="94" HEIGHT="75" STYLEREFS="font0"/><SP WIDTH="16" VPOS="2110" HPOS="1953"/><String ID="p564_w1057" CONTENT="the" HPOS="1969" VPOS="2110" WIDTH="56" HEIGHT="75" STYLEREFS="font0"/><SP WIDTH="16" VPOS="2110" HPOS="2025"/><String ID="p564_w1058" CONTENT="moon" HPOS="2041" VPOS="2110" WIDTH="96" HEIGHT="75" STYLEREFS="font0"/><SP WIDTH="12" VPOS="2110" HPOS="2137"/><String ID="p564_w1059" CONTENT="is" HPOS="2149" VPOS="2110" WIDTH="26" HEIGHT="75" STYLEREFS="font0"/><SP WIDTH="12" VPOS="2110" HPOS="2175"/><String ID="p564_w1060" CONTENT="in" HPOS="2187" VPOS="2110" WIDTH="32" HEIGHT="75" STYLEREFS="font0"/><SP WIDTH="13" VPOS="2110" HPOS="2219"/><String ID="p564_w1061" CONTENT="thefe" HPOS="2232" VPOS="2110" WIDTH="91" HEIGHT="75" STYLEREFS="font0"/></TextLine><TextLine WIDTH="1038" HEIGHT="75" ID="p564_t106" HPOS="1284" VPOS="2158"><String ID="p564_w1062" CONTENT="figns" HPOS="1284" VPOS="2158" WIDTH="80" HEIGHT="75" STYLEREFS="font0"/><SP WIDTH="25" VPOS="2158" HPOS="1364"/><String ID="p564_w1063" CONTENT="ftie" HPOS="1389" VPOS="2158" WIDTH="52" HEIGHT="75" STYLEREFS="font0"/><SP WIDTH="27" VPOS="2158" HPOS="1441"/><String ID="p564_w1064" CONTENT="rifes" HPOS="1468" VPOS="2158" WIDTH="77" HEIGHT="75" STYLEREFS="font0"/><SP WIDTH="27" VPOS="2158" HPOS="1545"/><String ID="p564_w1065" CONTENT="with" HPOS="1572" VPOS="2158" WIDTH="80" HEIGHT="75" STYLEREFS="font0"/><SP WIDTH="28" VPOS="2158" HPOS="1652"/><String ID="p564_w1066" CONTENT="a" HPOS="1680" VPOS="2158" WIDTH="18" HEIGHT="75" STYLEREFS="font0"/><SP WIDTH="26" VPOS="2158" HPOS="1698"/><String ID="p564_w1067" CONTENT="nearly" HPOS="1724" VPOS="2158" WIDTH="112" HEIGHT="75" STYLEREFS="font0"/><SP WIDTH="24" VPOS="2158" HPOS="1836"/><String ID="p564_w1068" CONTENT="proportionable" HPOS="1860" VPOS="2158" WIDTH="259" HEIGHT="75" STYLEREFS="font0"/><SP WIDTH="27" VPOS="2158" HPOS="2119"/><String ID="p564_w1069" CONTENT="difference" HPOS="2146" VPOS="2158" WIDTH="176" HEIGHT="75" STYLEREFS="font0"/></TextLine><TextLine WIDTH="1037" HEIGHT="75" ID="p564_t107" HPOS="1284" VPOS="2204"><String ID="p564_w1070" CONTENT="later" HPOS="1284" VPOS="2204" WIDTH="82" HEIGHT="75" STYLEREFS="font0"/><SP WIDTH="15" VPOS="2204" HPOS="1366"/><String ID="p564_w1071" CONTENT="every" HPOS="1381" VPOS="2204" WIDTH="98" HEIGHT="75" STYLEREFS="font0"/><SP WIDTH="15" VPOS="2204" HPOS="1479"/><String ID="p564_w1072" CONTENT="day" HPOS="1494" VPOS="2204" WIDTH="64" HEIGHT="75" STYLEREFS="font0"/><SP WIDTH="16" VPOS="2204" HPOS="1558"/><String ID="p564_w1073" CONTENT="than" HPOS="1574" VPOS="2204" WIDTH="77" HEIGHT="75" STYLEREFS="font0"/><SP WIDTH="18" VPOS="2204" HPOS="1651"/><String ID="p564_w1074" CONTENT="on" HPOS="1669" VPOS="2204" WIDTH="41" HEIGHT="75" STYLEREFS="font0"/><SP WIDTH="17" VPOS="2204" HPOS="1710"/><String ID="p564_w1075" CONTENT="the" HPOS="1727" VPOS="2204" WIDTH="55" HEIGHT="75" STYLEREFS="font0"/><SP WIDTH="21" VPOS="2204" HPOS="1782"/><String ID="p564_w1076" CONTENT="former;" HPOS="1803" VPOS="2204" WIDTH="143" HEIGHT="75" STYLEREFS="font0"/><SP WIDTH="28" VPOS="2204" HPOS="1946"/><String ID="p564_w1077" CONTENT="and" HPOS="1974" VPOS="2204" WIDTH="61" HEIGHT="75" STYLEREFS="font0"/><SP WIDTH="17" VPOS="2204" HPOS="2035"/><String ID="p564_w1078" CONTENT="is" HPOS="2052" VPOS="2204" WIDTH="28" HEIGHT="75" STYLEREFS="font0"/><SP WIDTH="16" VPOS="2204" HPOS="2080"/><String ID="p564_w1079" CONTENT="for" HPOS="2096" VPOS="2204" WIDTH="53" HEIGHT="75" STYLEREFS="font0"/><SP WIDTH="15" VPOS="2204" HPOS="2149"/><String ID="p564_w1080" CONTENT="that" HPOS="2164" VPOS="2204" WIDTH="71" HEIGHT="75" STYLEREFS="font0"/><SP WIDTH="16" VPOS="2204" HPOS="2235"/><String ID="p564_w1081" CONTENT="rea-" HPOS="2251" VPOS="2204" WIDTH="70" HEIGHT="75" STYLEREFS="font0"/></TextLine><TextLine WIDTH="1037" HEIGHT="75" ID="p564_t108" HPOS="1284" VPOS="2250"><String ID="p564_w1082" CONTENT="fbn" HPOS="1284" VPOS="2250" WIDTH="54" HEIGHT="75" STYLEREFS="font0"/><SP WIDTH="18" VPOS="2250" HPOS="1338"/><String ID="p564_w1083" CONTENT="the" HPOS="1356" VPOS="2250" WIDTH="55" HEIGHT="75" STYLEREFS="font0"/><SP WIDTH="17" VPOS="2250" HPOS="1411"/><String ID="p564_w1084" CONTENT="more" HPOS="1428" VPOS="2250" WIDTH="89" HEIGHT="75" STYLEREFS="font0"/><SP WIDTH="17" VPOS="2250" HPOS="1517"/><String ID="p564_w1085" CONTENT="remarkable" HPOS="1534" VPOS="2250" WIDTH="199" HEIGHT="75" STYLEREFS="font0"/><SP WIDTH="17" VPOS="2250" HPOS="1733"/><String ID="p564_w1086" CONTENT="about" HPOS="1750" VPOS="2250" WIDTH="97" HEIGHT="75" STYLEREFS="font0"/><SP WIDTH="17" VPOS="2250" HPOS="1847"/><String ID="p564_w1087" CONTENT="the" HPOS="1864" VPOS="2250" WIDTH="56" HEIGHT="75" STYLEREFS="font0"/><SP WIDTH="27" VPOS="2250" HPOS="1920"/><String ID="p564_w1088" CONTENT="full," HPOS="1947" VPOS="2250" WIDTH="73" HEIGHT="75" STYLEREFS="font0"/><SP WIDTH="26" VPOS="2250" HPOS="2020"/><String ID="p564_w1089" CONTENT="until" HPOS="2046" VPOS="2250" WIDTH="81" HEIGHT="75" STYLEREFS="font0"/><SP WIDTH="30" VPOS="2250" HPOS="2127"/><String ID="p564_w1090" CONTENT="we" HPOS="2157" VPOS="2250" WIDTH="48" HEIGHT="75" STYLEREFS="font0"/><SP WIDTH="24" VPOS="2250" HPOS="2205"/><String ID="p564_w1091" CONTENT="come" HPOS="2229" VPOS="2250" WIDTH="92" HEIGHT="75" STYLEREFS="font0"/></TextLine><TextLine WIDTH="1036" HEIGHT="75" ID="p564_t109" HPOS="1285" VPOS="2298"><String ID="p564_w1092" CONTENT="to" HPOS="1285" VPOS="2298" WIDTH="34" HEIGHT="75" STYLEREFS="font0"/><SP WIDTH="18" VPOS="2298" HPOS="1319"/><String ID="p564_w1093" CONTENT="the" HPOS="1337" VPOS="2298" WIDTH="55" HEIGHT="75" STYLEREFS="font0"/><SP WIDTH="12" VPOS="2298" HPOS="1392"/><String ID="p564_w1094" CONTENT="polar" HPOS="1404" VPOS="2298" WIDTH="90" HEIGHT="75" STYLEREFS="font0"/><SP WIDTH="17" VPOS="2298" HPOS="1494"/><String ID="p564_w1095" CONTENT="circles," HPOS="1511" VPOS="2298" WIDTH="127" HEIGHT="75" STYLEREFS="font0"/><SP WIDTH="23" VPOS="2298" HPOS="1638"/><String ID="p564_w1096" CONTENT="or" HPOS="1661" VPOS="2298" WIDTH="38" HEIGHT="75" STYLEREFS="font0"/><SP WIDTH="12" VPOS="2298" HPOS="1699"/><String ID="p564_w1097" CONTENT="66" HPOS="1711" VPOS="2298" WIDTH="45" HEIGHT="75" STYLEREFS="font0"/><SP WIDTH="13" VPOS="2298" HPOS="1756"/><String ID="p564_w1098" CONTENT="degrees" HPOS="1769" VPOS="2298" WIDTH="131" HEIGHT="75" STYLEREFS="font0"/><SP WIDTH="24" VPOS="2298" HPOS="1900"/><String ID="p564_w1099" CONTENT="from" HPOS="1924" VPOS="2298" WIDTH="85" HEIGHT="75" STYLEREFS="font0"/><SP WIDTH="16" VPOS="2298" HPOS="2009"/><String ID="p564_w1100" CONTENT="the" HPOS="2025" VPOS="2298" WIDTH="56" HEIGHT="75" STYLEREFS="font0"/><SP WIDTH="19" VPOS="2298" HPOS="2081"/><String ID="p564_w1101" CONTENT="equator" HPOS="2100" VPOS="2298" WIDTH="136" HEIGHT="75" STYLEREFS="font0"/><SP WIDTH="14" VPOS="2298" HPOS="2236"/><String ID="p564_w1102" CONTENT=";" HPOS="2250" VPOS="2298" WIDTH="11" HEIGHT="75" STYLEREFS="font0"/><SP WIDTH="26" VPOS="2298" HPOS="2261"/><String ID="p564_w1103" CONTENT="in" HPOS="2287" VPOS="2298" WIDTH="34" HEIGHT="75" STYLEREFS="font0"/></TextLine><TextLine WIDTH="1037" HEIGHT="75" ID="p564_t110" HPOS="1285" VPOS="2344"><String ID="p564_w1104" CONTENT="which" HPOS="1285" VPOS="2344" WIDTH="106" HEIGHT="75" STYLEREFS="font0"/><SP WIDTH="12" VPOS="2344" HPOS="1391"/><String ID="p564_w1105" CONTENT="latitude" HPOS="1403" VPOS="2344" WIDTH="135" HEIGHT="75" STYLEREFS="font0"/><SP WIDTH="14" VPOS="2344" HPOS="1538"/><String ID="p564_w1106" CONTENT="the" HPOS="1552" VPOS="2344" WIDTH="56" HEIGHT="75" STYLEREFS="font0"/><SP WIDTH="13" VPOS="2344" HPOS="1608"/><String ID="p564_w1107" CONTENT="ecliptic" HPOS="1621" VPOS="2344" WIDTH="127" HEIGHT="75" STYLEREFS="font0"/><SP WIDTH="13" VPOS="2344" HPOS="1748"/><String ID="p564_w1108" CONTENT="and" HPOS="1761" VPOS="2344" WIDTH="61" HEIGHT="75" STYLEREFS="font0"/><SP WIDTH="16" VPOS="2344" HPOS="1822"/><String ID="p564_w1109" CONTENT="horizon" HPOS="1838" VPOS="2344" WIDTH="140" HEIGHT="75" STYLEREFS="font0"/><SP WIDTH="13" VPOS="2344" HPOS="1978"/><String ID="p564_w1110" CONTENT="become" HPOS="1991" VPOS="2344" WIDTH="132" HEIGHT="75" STYLEREFS="font0"/><SP WIDTH="17" VPOS="2344" HPOS="2123"/><String ID="p564_w1111" CONTENT="coincident" HPOS="2140" VPOS="2344" WIDTH="182" HEIGHT="75" STYLEREFS="font0"/></TextLine><TextLine WIDTH="1036" HEIGHT="75" ID="p564_t111" HPOS="1286" VPOS="2391"><String ID="p564_w1112" CONTENT="every" HPOS="1286" VPOS="2391" WIDTH="95" HEIGHT="75" STYLEREFS="font0"/><SP WIDTH="16" VPOS="2391" HPOS="1381"/><String ID="p564_w1113" CONTENT="day" HPOS="1397" VPOS="2391" WIDTH="64" HEIGHT="75" STYLEREFS="font0"/><SP WIDTH="16" VPOS="2391" HPOS="1461"/><String ID="p564_w1114" CONTENT="for" HPOS="1477" VPOS="2391" WIDTH="52" HEIGHT="75" STYLEREFS="font0"/><SP WIDTH="17" VPOS="2391" HPOS="1529"/><String ID="p564_w1115" CONTENT="a" HPOS="1546" VPOS="2391" WIDTH="19" HEIGHT="75" STYLEREFS="font0"/><SP WIDTH="15" VPOS="2391" HPOS="1565"/><String ID="p564_w1116" CONTENT="moment," HPOS="1580" VPOS="2391" WIDTH="156" HEIGHT="75" STYLEREFS="font0"/><SP WIDTH="23" VPOS="2391" HPOS="1736"/><String ID="p564_w1117" CONTENT="at" HPOS="1759" VPOS="2391" WIDTH="33" HEIGHT="75" STYLEREFS="font0"/><SP WIDTH="20" VPOS="2391" HPOS="1792"/><String ID="p564_w1118" CONTENT="the" HPOS="1812" VPOS="2391" WIDTH="55" HEIGHT="75" STYLEREFS="font0"/><SP WIDTH="17" VPOS="2391" HPOS="1867"/><String ID="p564_w1119" CONTENT="fame" HPOS="1884" VPOS="2391" WIDTH="83" HEIGHT="75" STYLEREFS="font0"/><SP WIDTH="16" VPOS="2391" HPOS="1967"/><String ID="p564_w1120" CONTENT="fydereal" HPOS="1983" VPOS="2391" WIDTH="143" HEIGHT="75" STYLEREFS="font0"/><SP WIDTH="16" VPOS="2391" HPOS="2126"/><String ID="p564_w1121" CONTENT="hour," HPOS="2142" VPOS="2391" WIDTH="96" HEIGHT="75" STYLEREFS="font0"/><SP WIDTH="29" VPOS="2391" HPOS="2238"/><String ID="p564_w1122" CONTENT="(or" HPOS="2267" VPOS="2391" WIDTH="55" HEIGHT="75" STYLEREFS="font0"/></TextLine><TextLine WIDTH="1045" HEIGHT="75" ID="p564_t112" HPOS="1289" VPOS="2439"><String ID="p564_w1123" CONTENT="3" HPOS="1289" VPOS="2439" WIDTH="16" HEIGHT="75" STYLEREFS="font0"/><SP WIDTH="15" VPOS="2439" HPOS="1305"/><String ID="p564_w1124" CONTENT="minutes" HPOS="1320" VPOS="2439" WIDTH="138" HEIGHT="75" STYLEREFS="font0"/><SP WIDTH="16" VPOS="2439" HPOS="1458"/><String ID="p564_w1125" CONTENT="56" HPOS="1474" VPOS="2439" WIDTH="42" HEIGHT="75" STYLEREFS="font0"/><SP WIDTH="17" VPOS="2439" HPOS="1516"/><String ID="p564_w1126" CONTENT="feconds" HPOS="1533" VPOS="2439" WIDTH="132" HEIGHT="75" STYLEREFS="font0"/><SP WIDTH="17" VPOS="2439" HPOS="1665"/><String ID="p564_w1127" CONTENT="fooner" HPOS="1682" VPOS="2439" WIDTH="113" HEIGHT="75" STYLEREFS="font0"/><SP WIDTH="16" VPOS="2439" HPOS="1795"/><String ID="p564_w1128" CONTENT="every" HPOS="1811" VPOS="2439" WIDTH="96" HEIGHT="75" STYLEREFS="font0"/><SP WIDTH="17" VPOS="2439" HPOS="1907"/><String ID="p564_w1129" CONTENT="day" HPOS="1924" VPOS="2439" WIDTH="62" HEIGHT="75" STYLEREFS="font0"/><SP WIDTH="17" VPOS="2439" HPOS="1986"/><String ID="p564_w1130" CONTENT="than" HPOS="2003" VPOS="2439" WIDTH="78" HEIGHT="75" STYLEREFS="font0"/><SP WIDTH="15" VPOS="2439" HPOS="2081"/><String ID="p564_w1131" CONTENT="the" HPOS="2096" VPOS="2439" WIDTH="57" HEIGHT="75" STYLEREFS="font0"/><SP WIDTH="15" VPOS="2439" HPOS="2153"/><String ID="p564_w1132" CONTENT="former),," HPOS="2168" VPOS="2439" WIDTH="166" HEIGHT="75" STYLEREFS="font0"/></TextLine><TextLine WIDTH="1034" HEIGHT="75" ID="p564_t113" HPOS="1287" VPOS="2485"><String ID="p564_w1133" CONTENT="and" HPOS="1287" VPOS="2485" WIDTH="61" HEIGHT="75" STYLEREFS="font0"/><SP WIDTH="17" VPOS="2485" HPOS="1348"/><String ID="p564_w1134" CONTENT="the" HPOS="1365" VPOS="2485" WIDTH="55" HEIGHT="75" STYLEREFS="font0"/><SP WIDTH="19" VPOS="2485" HPOS="1420"/><String ID="p564_w1135" CONTENT="very" HPOS="1439" VPOS="2485" WIDTH="79" HEIGHT="75" STYLEREFS="font0"/><SP WIDTH="16" VPOS="2485" HPOS="1518"/><String ID="p564_w1136" CONTENT="next" HPOS="1534" VPOS="2485" WIDTH="79" HEIGHT="75" STYLEREFS="font0"/><SP WIDTH="16" VPOS="2485" HPOS="1613"/><String ID="p564_w1137" CONTENT="moment" HPOS="1629" VPOS="2485" WIDTH="142" HEIGHT="75" STYLEREFS="font0"/><SP WIDTH="17" VPOS="2485" HPOS="1771"/><String ID="p564_w1138" CONTENT="one" HPOS="1788" VPOS="2485" WIDTH="60" HEIGHT="75" STYLEREFS="font0"/><SP WIDTH="17" VPOS="2485" HPOS="1848"/><String ID="p564_w1139" CONTENT="half" HPOS="1865" VPOS="2485" WIDTH="73" HEIGHT="75" STYLEREFS="font0"/><SP WIDTH="12" VPOS="2485" HPOS="1938"/><String ID="p564_w1140" CONTENT="of" HPOS="1950" VPOS="2485" WIDTH="40" HEIGHT="75" STYLEREFS="font0"/><SP WIDTH="18" VPOS="2485" HPOS="1990"/><String ID="p564_w1141" CONTENT="the" HPOS="2008" VPOS="2485" WIDTH="55" HEIGHT="75" STYLEREFS="font0"/><SP WIDTH="16" VPOS="2485" HPOS="2063"/><String ID="p564_w1142" CONTENT="ecliptic," HPOS="2079" VPOS="2485" WIDTH="139" HEIGHT="75" STYLEREFS="font0"/><SP WIDTH="26" VPOS="2485" HPOS="2218"/><String ID="p564_w1143" CONTENT="con-" HPOS="2244" VPOS="2485" WIDTH="77" HEIGHT="75" STYLEREFS="font0"/></TextLine><TextLine WIDTH="1035" HEIGHT="75" ID="p564_t114" HPOS="1286" VPOS="2530"><String ID="p564_w1144" CONTENT="taining" HPOS="1286" VPOS="2530" WIDTH="120" HEIGHT="75" STYLEREFS="font0"/><SP WIDTH="31" VPOS="2530" HPOS="1406"/><String ID="p564_w1145" CONTENT="Capricorn," HPOS="1437" VPOS="2530" WIDTH="193" HEIGHT="75" STYLEREFS="font0"/><SP WIDTH="29" VPOS="2530" HPOS="1630"/><String ID="p564_w1146" CONTENT="Aquarius," HPOS="1659" VPOS="2530" WIDTH="179" HEIGHT="75" STYLEREFS="font0"/><SP WIDTH="33" VPOS="2530" HPOS="1838"/><String ID="p564_w1147" CONTENT="Pifces," HPOS="1871" VPOS="2530" WIDTH="120" HEIGHT="75" STYLEREFS="font0"/><SP WIDTH="35" VPOS="2530" HPOS="1991"/><String ID="p564_w1148" CONTENT="Aries," HPOS="2026" VPOS="2530" WIDTH="109" HEIGHT="75" STYLEREFS="font0"/><SP WIDTH="41" VPOS="2530" HPOS="2135"/><String ID="p564_w1149" CONTENT="Taurus," HPOS="2176" VPOS="2530" WIDTH="145" HEIGHT="75" STYLEREFS="font0"/></TextLine><TextLine WIDTH="1035" HEIGHT="75" ID="p564_t115" HPOS="1287" VPOS="2578"><String ID="p564_w1150" CONTENT="and" HPOS="1287" VPOS="2578" WIDTH="62" HEIGHT="75" STYLEREFS="font0"/><SP WIDTH="27" VPOS="2578" HPOS="1349"/><String ID="p564_w1151" CONTENT="Gemini" HPOS="1376" VPOS="2578" WIDTH="131" HEIGHT="75" STYLEREFS="font0"/><SP WIDTH="28" VPOS="2578" HPOS="1507"/><String ID="p564_w1152" CONTENT="rifes," HPOS="1535" VPOS="2578" WIDTH="88" HEIGHT="75" STYLEREFS="font0"/><SP WIDTH="26" VPOS="2578" HPOS="1623"/><String ID="p564_w1153" CONTENT="and" HPOS="1649" VPOS="2578" WIDTH="63" HEIGHT="75" STYLEREFS="font0"/><SP WIDTH="25" VPOS="2578" HPOS="1712"/><String ID="p564_w1154" CONTENT="the" HPOS="1737" VPOS="2578" WIDTH="56" HEIGHT="75" STYLEREFS="font0"/><SP WIDTH="25" VPOS="2578" HPOS="1793"/><String ID="p564_w1155" CONTENT="oppofite" HPOS="1818" VPOS="2578" WIDTH="139" HEIGHT="75" STYLEREFS="font0"/><SP WIDTH="24" VPOS="2578" HPOS="1957"/><String ID="p564_w1156" CONTENT="Half" HPOS="1981" VPOS="2578" WIDTH="74" HEIGHT="75" STYLEREFS="font0"/><SP WIDTH="14" VPOS="2578" HPOS="2055"/><String ID="p564_w1157" CONTENT="fets." HPOS="2069" VPOS="2578" WIDTH="75" HEIGHT="75" STYLEREFS="font0"/><SP WIDTH="48" VPOS="2578" HPOS="2144"/><String ID="p564_w1158" CONTENT="There-" HPOS="2192" VPOS="2578" WIDTH="130" HEIGHT="75" STYLEREFS="font0"/></TextLine><TextLine WIDTH="1034" HEIGHT="75" ID="p564_t116" HPOS="1286" VPOS="2625"><String ID="p564_w1159" CONTENT="fore," HPOS="1286" VPOS="2625" WIDTH="81" HEIGHT="75" STYLEREFS="font0"/><SP WIDTH="19" VPOS="2625" HPOS="1367"/><String ID="p564_w1160" CONTENT="whilft" HPOS="1386" VPOS="2625" WIDTH="103" HEIGHT="75" STYLEREFS="font0"/><SP WIDTH="12" VPOS="2625" HPOS="1489"/><String ID="p564_w1161" CONTENT="the" HPOS="1501" VPOS="2625" WIDTH="56" HEIGHT="75" STYLEREFS="font0"/><SP WIDTH="17" VPOS="2625" HPOS="1557"/><String ID="p564_w1162" CONTENT="moon" HPOS="1574" VPOS="2625" WIDTH="95" HEIGHT="75" STYLEREFS="font0"/><SP WIDTH="17" VPOS="2625" HPOS="1669"/><String ID="p564_w1163" CONTENT="is" HPOS="1686" VPOS="2625" WIDTH="26" HEIGHT="75" STYLEREFS="font0"/><SP WIDTH="13" VPOS="2625" HPOS="1712"/><String ID="p564_w1164" CONTENT="going" HPOS="1725" VPOS="2625" WIDTH="97" HEIGHT="75" STYLEREFS="font0"/><SP WIDTH="16" VPOS="2625" HPOS="1822"/><String ID="p564_w1165" CONTENT="from" HPOS="1838" VPOS="2625" WIDTH="88" HEIGHT="75" STYLEREFS="font0"/><SP WIDTH="14" VPOS="2625" HPOS="1926"/><String ID="p564_w1166" CONTENT="the" HPOS="1940" VPOS="2625" WIDTH="56" HEIGHT="75" STYLEREFS="font0"/><SP WIDTH="16" VPOS="2625" HPOS="1996"/><String ID="p564_w1167" CONTENT="beginning" HPOS="2012" VPOS="2625" WIDTH="172" HEIGHT="75" STYLEREFS="font0"/><SP WIDTH="15" VPOS="2625" HPOS="2184"/><String ID="p564_w1168" CONTENT="of" HPOS="2199" VPOS="2625" WIDTH="41" HEIGHT="75" STYLEREFS="font0"/><SP WIDTH="15" VPOS="2625" HPOS="2240"/><String ID="p564_w1169" CONTENT="Ca-" HPOS="2255" VPOS="2625" WIDTH="65" HEIGHT="75" STYLEREFS="font0"/></TextLine><TextLine WIDTH="1038" HEIGHT="75" ID="p564_t117" HPOS="1285" VPOS="2670"><String ID="p564_w1170" CONTENT="pricorn" HPOS="1285" VPOS="2670" WIDTH="127" HEIGHT="75" STYLEREFS="font0"/><SP WIDTH="16" VPOS="2670" HPOS="1412"/><String ID="p564_w1171" CONTENT="to" HPOS="1428" VPOS="2670" WIDTH="37" HEIGHT="75" STYLEREFS="font0"/><SP WIDTH="22" VPOS="2670" HPOS="1465"/><String ID="p564_w1172" CONTENT="the" HPOS="1487" VPOS="2670" WIDTH="55" HEIGHT="75" STYLEREFS="font0"/><SP WIDTH="16" VPOS="2670" HPOS="1542"/><String ID="p564_w1173" CONTENT="beginning" HPOS="1558" VPOS="2670" WIDTH="171" HEIGHT="75" STYLEREFS="font0"/><SP WIDTH="17" VPOS="2670" HPOS="1729"/><String ID="p564_w1174" CONTENT="of" HPOS="1746" VPOS="2670" WIDTH="39" HEIGHT="75" STYLEREFS="font0"/><SP WIDTH="18" VPOS="2670" HPOS="1785"/><String ID="p564_w1175" CONTENT="Cancer," HPOS="1803" VPOS="2670" WIDTH="138" HEIGHT="75" STYLEREFS="font0"/><SP WIDTH="26" VPOS="2670" HPOS="1941"/><String ID="p564_w1176" CONTENT="which" HPOS="1967" VPOS="2670" WIDTH="108" HEIGHT="75" STYLEREFS="font0"/><SP WIDTH="21" VPOS="2670" HPOS="2075"/><String ID="p564_w1177" CONTENT="is" HPOS="2096" VPOS="2670" WIDTH="27" HEIGHT="75" STYLEREFS="font0"/><SP WIDTH="24" VPOS="2670" HPOS="2123"/><String ID="p564_w1178" CONTENT="almoft" HPOS="2147" VPOS="2670" WIDTH="112" HEIGHT="75" STYLEREFS="font0"/><SP WIDTH="20" VPOS="2670" HPOS="2259"/><String ID="p564_w1179" CONTENT="14" HPOS="2279" VPOS="2670" WIDTH="44" HEIGHT="75" STYLEREFS="font0"/></TextLine><TextLine WIDTH="1035" HEIGHT="75" ID="p564_t118" HPOS="1286" VPOS="2718"><String ID="p564_w1180" CONTENT="days," HPOS="1286" VPOS="2718" WIDTH="91" HEIGHT="75" STYLEREFS="font0"/><SP WIDTH="17" VPOS="2718" HPOS="1377"/><String ID="p564_w1181" CONTENT="file" HPOS="1394" VPOS="2718" WIDTH="52" HEIGHT="75" STYLEREFS="font0"/><SP WIDTH="12" VPOS="2718" HPOS="1446"/><String ID="p564_w1182" CONTENT="rifes" HPOS="1458" VPOS="2718" WIDTH="77" HEIGHT="75" STYLEREFS="font0"/><SP WIDTH="15" VPOS="2718" HPOS="1535"/><String ID="p564_w1183" CONTENT="at" HPOS="1550" VPOS="2718" WIDTH="33" HEIGHT="75" STYLEREFS="font0"/><SP WIDTH="17" VPOS="2718" HPOS="1583"/><String ID="p564_w1184" CONTENT="the" HPOS="1600" VPOS="2718" WIDTH="55" HEIGHT="75" STYLEREFS="font0"/><SP WIDTH="16" VPOS="2718" HPOS="1655"/><String ID="p564_w1185" CONTENT="fame" HPOS="1671" VPOS="2718" WIDTH="82" HEIGHT="75" STYLEREFS="font0"/><SP WIDTH="13" VPOS="2718" HPOS="1753"/><String ID="p564_w1186" CONTENT="fydereal" HPOS="1766" VPOS="2718" WIDTH="140" HEIGHT="75" STYLEREFS="font0"/><SP WIDTH="17" VPOS="2718" HPOS="1906"/><String ID="p564_w1187" CONTENT="hour;" HPOS="1923" VPOS="2718" WIDTH="103" HEIGHT="75" STYLEREFS="font0"/><SP WIDTH="27" VPOS="2718" HPOS="2026"/><String ID="p564_w1188" CONTENT="and" HPOS="2053" VPOS="2718" WIDTH="63" HEIGHT="75" STYLEREFS="font0"/><SP WIDTH="15" VPOS="2718" HPOS="2116"/><String ID="p564_w1189" CONTENT="in" HPOS="2131" VPOS="2718" WIDTH="32" HEIGHT="75" STYLEREFS="font0"/><SP WIDTH="14" VPOS="2718" HPOS="2163"/><String ID="p564_w1190" CONTENT="autumn," HPOS="2177" VPOS="2718" WIDTH="144" HEIGHT="75" STYLEREFS="font0"/></TextLine><TextLine WIDTH="1040" HEIGHT="75" ID="p564_t119" HPOS="1283" VPOS="2764"><String ID="p564_w1191" CONTENT="juft" HPOS="1283" VPOS="2764" WIDTH="64" HEIGHT="75" STYLEREFS="font0"/><SP WIDTH="15" VPOS="2764" HPOS="1347"/><String ID="p564_w1192" CONTENT="at" HPOS="1362" VPOS="2764" WIDTH="33" HEIGHT="75" STYLEREFS="font0"/><SP WIDTH="17" VPOS="2764" HPOS="1395"/><String ID="p564_w1193" CONTENT="fun-fet," HPOS="1412" VPOS="2764" WIDTH="130" HEIGHT="75" STYLEREFS="font0"/><SP WIDTH="26" VPOS="2764" HPOS="1542"/><String ID="p564_w1194" CONTENT="beeaufe" HPOS="1568" VPOS="2764" WIDTH="131" HEIGHT="75" STYLEREFS="font0"/><SP WIDTH="25" VPOS="2764" HPOS="1699"/><String ID="p564_w1195" CONTENT="all" HPOS="1724" VPOS="2764" WIDTH="42" HEIGHT="75" STYLEREFS="font0"/><SP WIDTH="28" VPOS="2764" HPOS="1766"/><String ID="p564_w1196" CONTENT="that" HPOS="1794" VPOS="2764" WIDTH="71" HEIGHT="75" STYLEREFS="font0"/><SP WIDTH="24" VPOS="2764" HPOS="1865"/><String ID="p564_w1197" CONTENT="half" HPOS="1889" VPOS="2764" WIDTH="74" HEIGHT="75" STYLEREFS="font0"/><SP WIDTH="16" VPOS="2764" HPOS="1963"/><String ID="p564_w1198" CONTENT="of" HPOS="1979" VPOS="2764" WIDTH="40" HEIGHT="75" STYLEREFS="font0"/><SP WIDTH="22" VPOS="2764" HPOS="2019"/><String ID="p564_w1199" CONTENT="the" HPOS="2041" VPOS="2764" WIDTH="54" HEIGHT="75" STYLEREFS="font0"/><SP WIDTH="28" VPOS="2764" HPOS="2095"/><String ID="p564_w1200" CONTENT="ecliptic," HPOS="2123" VPOS="2764" WIDTH="140" HEIGHT="75" STYLEREFS="font0"/><SP WIDTH="25" VPOS="2764" HPOS="2263"/><String ID="p564_w1201" CONTENT="in" HPOS="2288" VPOS="2764" WIDTH="35" HEIGHT="75" STYLEREFS="font0"/></TextLine><TextLine WIDTH="1036" HEIGHT="75" ID="p564_t120" HPOS="1286" VPOS="2812"><String ID="p564_w1202" CONTENT="which" HPOS="1286" VPOS="2812" WIDTH="105" HEIGHT="75" STYLEREFS="font0"/><SP WIDTH="29" VPOS="2812" HPOS="1391"/><String ID="p564_w1203" CONTENT="the" HPOS="1420" VPOS="2812" WIDTH="55" HEIGHT="75" STYLEREFS="font0"/><SP WIDTH="27" VPOS="2812" HPOS="1475"/><String ID="p564_w1204" CONTENT="fun" HPOS="1502" VPOS="2812" WIDTH="56" HEIGHT="75" STYLEREFS="font0"/><SP WIDTH="28" VPOS="2812" HPOS="1558"/><String ID="p564_w1205" CONTENT="is" HPOS="1586" VPOS="2812" WIDTH="27" HEIGHT="75" STYLEREFS="font0"/><SP WIDTH="29" VPOS="2812" HPOS="1613"/><String ID="p564_w1206" CONTENT="at" HPOS="1642" VPOS="2812" WIDTH="33" HEIGHT="75" STYLEREFS="font0"/><SP WIDTH="26" VPOS="2812" HPOS="1675"/><String ID="p564_w1207" CONTENT="that" HPOS="1701" VPOS="2812" WIDTH="71" HEIGHT="75" STYLEREFS="font0"/><SP WIDTH="32" VPOS="2812" HPOS="1772"/><String ID="p564_w1208" CONTENT="time," HPOS="1804" VPOS="2812" WIDTH="90" HEIGHT="75" STYLEREFS="font0"/><SP WIDTH="40" VPOS="2812" HPOS="1894"/><String ID="p564_w1209" CONTENT="fets" HPOS="1934" VPOS="2812" WIDTH="61" HEIGHT="75" STYLEREFS="font0"/><SP WIDTH="29" VPOS="2812" HPOS="1995"/><String ID="p564_w1210" CONTENT="at" HPOS="2024" VPOS="2812" WIDTH="32" HEIGHT="75" STYLEREFS="font0"/><SP WIDTH="28" VPOS="2812" HPOS="2056"/><String ID="p564_w1211" CONTENT="the" HPOS="2084" VPOS="2812" WIDTH="56" HEIGHT="75" STYLEREFS="font0"/><SP WIDTH="22" VPOS="2812" HPOS="2140"/><String ID="p564_w1212" CONTENT="fame" HPOS="2162" VPOS="2812" WIDTH="83" HEIGHT="75" STYLEREFS="font0"/><SP WIDTH="25" VPOS="2812" HPOS="2245"/><String ID="p564_w1213" CONTENT="fy-" HPOS="2270" VPOS="2812" WIDTH="52" HEIGHT="75" STYLEREFS="font0"/></TextLine><TextLine WIDTH="1038" HEIGHT="75" ID="p564_t121" HPOS="1286" VPOS="2858"><String ID="p564_w1214" CONTENT="dereal" HPOS="1286" VPOS="2858" WIDTH="116" HEIGHT="75" STYLEREFS="font0"/><SP WIDTH="8" VPOS="2858" HPOS="1402"/><String ID="p564_w1215" CONTENT="hour," HPOS="1410" VPOS="2858" WIDTH="96" HEIGHT="75" STYLEREFS="font0"/><SP WIDTH="25" VPOS="2858" HPOS="1506"/><String ID="p564_w1216" CONTENT="and" HPOS="1531" VPOS="2858" WIDTH="62" HEIGHT="75" STYLEREFS="font0"/><SP WIDTH="16" VPOS="2858" HPOS="1593"/><String ID="p564_w1217" CONTENT="the" HPOS="1609" VPOS="2858" WIDTH="55" HEIGHT="75" STYLEREFS="font0"/><SP WIDTH="16" VPOS="2858" HPOS="1664"/><String ID="p564_w1218" CONTENT="oppofite" HPOS="1680" VPOS="2858" WIDTH="139" HEIGHT="75" STYLEREFS="font0"/><SP WIDTH="28" VPOS="2858" HPOS="1819"/><String ID="p564_w1219" CONTENT="half" HPOS="1847" VPOS="2858" WIDTH="77" HEIGHT="75" STYLEREFS="font0"/><SP WIDTH="15" VPOS="2858" HPOS="1924"/><String ID="p564_w1220" CONTENT="rifes" HPOS="1939" VPOS="2858" WIDTH="74" HEIGHT="75" STYLEREFS="font0"/><SP WIDTH="15" VPOS="2858" HPOS="2013"/><String ID="p564_w1221" CONTENT=";" HPOS="2028" VPOS="2858" WIDTH="10" HEIGHT="75" STYLEREFS="font0"/><SP WIDTH="26" VPOS="2858" HPOS="2038"/><String ID="p564_w1222" CONTENT="that" HPOS="2064" VPOS="2858" WIDTH="71" HEIGHT="75" STYLEREFS="font0"/><SP WIDTH="16" VPOS="2858" HPOS="2135"/><String ID="p564_w1223" CONTENT="is,." HPOS="2151" VPOS="2858" WIDTH="49" HEIGHT="75" STYLEREFS="font0"/><SP WIDTH="18" VPOS="2858" HPOS="2200"/><String ID="p564_w1224" CONTENT="3" HPOS="2218" VPOS="2858" WIDTH="17" HEIGHT="75" STYLEREFS="font0"/><SP WIDTH="26" VPOS="2858" HPOS="2235"/><String ID="p564_w1225" CONTENT="mi-" HPOS="2261" VPOS="2858" WIDTH="63" HEIGHT="75" STYLEREFS="font0"/></TextLine><TextLine WIDTH="1037" HEIGHT="75" ID="p564_t122" HPOS="1287" VPOS="2907"><String ID="p564_w1226" CONTENT="nutes" HPOS="1287" VPOS="2907" WIDTH="91" HEIGHT="75" STYLEREFS="font0"/><SP WIDTH="20" VPOS="2907" HPOS="1378"/><String ID="p564_w1227" CONTENT="56" HPOS="1398" VPOS="2907" WIDTH="44" HEIGHT="75" STYLEREFS="font0"/><SP WIDTH="25" VPOS="2907" HPOS="1442"/><String ID="p564_w1228" CONTENT="feconds," HPOS="1467" VPOS="2907" WIDTH="144" HEIGHT="75" STYLEREFS="font0"/><SP WIDTH="20" VPOS="2907" HPOS="1611"/><String ID="p564_w1229" CONTENT="of" HPOS="1631" VPOS="2907" WIDTH="39" HEIGHT="75" STYLEREFS="font0"/><SP WIDTH="11" VPOS="2907" HPOS="1670"/><String ID="p564_w1230" CONTENT="mean" HPOS="1681" VPOS="2907" WIDTH="91" HEIGHT="75" STYLEREFS="font0"/><SP WIDTH="29" VPOS="2907" HPOS="1772"/><String ID="p564_w1231" CONTENT="folar" HPOS="1801" VPOS="2907" WIDTH="82" HEIGHT="75" STYLEREFS="font0"/><SP WIDTH="16" VPOS="2907" HPOS="1883"/><String ID="p564_w1232" CONTENT="time," HPOS="1899" VPOS="2907" WIDTH="95" HEIGHT="75" STYLEREFS="font0"/><SP WIDTH="20" VPOS="2907" HPOS="1994"/><String ID="p564_w1233" CONTENT="fooner" HPOS="2014" VPOS="2907" WIDTH="113" HEIGHT="75" STYLEREFS="font0"/><SP WIDTH="19" VPOS="2907" HPOS="2127"/><String ID="p564_w1234" CONTENT="every" HPOS="2146" VPOS="2907" WIDTH="96" HEIGHT="75" STYLEREFS="font0"/><SP WIDTH="16" VPOS="2907" HPOS="2242"/><String ID="p564_w1235" CONTENT="day" HPOS="2258" VPOS="2907" WIDTH="66" HEIGHT="75" STYLEREFS="font0"/></TextLine><TextLine WIDTH="1038" HEIGHT="75" ID="p564_t123" HPOS="1287" VPOS="2951"><String ID="p564_w1236" CONTENT="than" HPOS="1287" VPOS="2951" WIDTH="78" HEIGHT="75" STYLEREFS="font0"/><SP WIDTH="23" VPOS="2951" HPOS="1365"/><String ID="p564_w1237" CONTENT="on" HPOS="1388" VPOS="2951" WIDTH="42" HEIGHT="75" STYLEREFS="font0"/><SP WIDTH="23" VPOS="2951" HPOS="1430"/><String ID="p564_w1238" CONTENT="the" HPOS="1453" VPOS="2951" WIDTH="55" HEIGHT="75" STYLEREFS="font0"/><SP WIDTH="25" VPOS="2951" HPOS="1508"/><String ID="p564_w1239" CONTENT="day" HPOS="1533" VPOS="2951" WIDTH="64" HEIGHT="75" STYLEREFS="font0"/><SP WIDTH="15" VPOS="2951" HPOS="1597"/><String ID="p564_w1240" CONTENT="before." HPOS="1612" VPOS="2951" WIDTH="126" HEIGHT="75" STYLEREFS="font0"/><SP WIDTH="22" VPOS="2951" HPOS="1738"/><String ID="p564_w1241" CONTENT="." HPOS="1760" VPOS="2951" WIDTH="5" HEIGHT="75" STYLEREFS="font0"/><SP WIDTH="24" VPOS="2951" HPOS="1765"/><String ID="p564_w1242" CONTENT="So," HPOS="1789" VPOS="2951" WIDTH="61" HEIGHT="75" STYLEREFS="font0"/><SP WIDTH="23" VPOS="2951" HPOS="1850"/><String ID="p564_w1243" CONTENT="whilft" HPOS="1873" VPOS="2951" WIDTH="103" HEIGHT="75" STYLEREFS="font0"/><SP WIDTH="16" VPOS="2951" HPOS="1976"/><String ID="p564_w1244" CONTENT="the" HPOS="1992" VPOS="2951" WIDTH="56" HEIGHT="75" STYLEREFS="font0"/><SP WIDTH="19" VPOS="2951" HPOS="2048"/><String ID="p564_w1245" CONTENT="moon" HPOS="2067" VPOS="2951" WIDTH="95" HEIGHT="75" STYLEREFS="font0"/><SP WIDTH="18" VPOS="2951" HPOS="2162"/><String ID="p564_w1246" CONTENT="is" HPOS="2180" VPOS="2951" WIDTH="26" HEIGHT="75" STYLEREFS="font0"/><SP WIDTH="18" VPOS="2951" HPOS="2206"/><String ID="p564_w1247" CONTENT="going" HPOS="2224" VPOS="2951" WIDTH="101" HEIGHT="75" STYLEREFS="font0"/></TextLine><TextLine WIDTH="1037" HEIGHT="75" ID="p564_t124" HPOS="1287" VPOS="2999"><String ID="p564_w1248" CONTENT="from" HPOS="1287" VPOS="2999" WIDTH="84" HEIGHT="75" STYLEREFS="font0"/><SP WIDTH="28" VPOS="2999" HPOS="1371"/><String ID="p564_w1249" CONTENT="Capricorn" HPOS="1399" VPOS="2999" WIDTH="178" HEIGHT="75" STYLEREFS="font0"/><SP WIDTH="26" VPOS="2999" HPOS="1577"/><String ID="p564_w1250" CONTENT="to" HPOS="1603" VPOS="2999" WIDTH="35" HEIGHT="75" STYLEREFS="font0"/><SP WIDTH="24" VPOS="2999" HPOS="1638"/><String ID="p564_w1251" CONTENT="Cancer," HPOS="1662" VPOS="2999" WIDTH="137" HEIGHT="75" STYLEREFS="font0"/><SP WIDTH="26" VPOS="2999" HPOS="1799"/><String ID="p564_w1252" CONTENT="ftie" HPOS="1825" VPOS="2999" WIDTH="52" HEIGHT="75" STYLEREFS="font0"/><SP WIDTH="24" VPOS="2999" HPOS="1877"/><String ID="p564_w1253" CONTENT="rifes" HPOS="1901" VPOS="2999" WIDTH="74" HEIGHT="75" STYLEREFS="font0"/><SP WIDTH="29" VPOS="2999" HPOS="1975"/><String ID="p564_w1254" CONTENT="earlier" HPOS="2004" VPOS="2999" WIDTH="114" HEIGHT="75" STYLEREFS="font0"/><SP WIDTH="28" VPOS="2999" HPOS="2118"/><String ID="p564_w1255" CONTENT="every" HPOS="2146" VPOS="2999" WIDTH="95" HEIGHT="75" STYLEREFS="font0"/><SP WIDTH="17" VPOS="2999" HPOS="2241"/><String ID="p564_w1256" CONTENT="day" HPOS="2258" VPOS="2999" WIDTH="66" HEIGHT="75" STYLEREFS="font0"/></TextLine><TextLine WIDTH="1038" HEIGHT="75" ID="p564_t125" HPOS="1286" VPOS="3048"><String ID="p564_w1257" CONTENT="than" HPOS="1286" VPOS="3048" WIDTH="77" HEIGHT="75" STYLEREFS="font0"/><SP WIDTH="16" VPOS="3048" HPOS="1363"/><String ID="p564_w1258" CONTENT="on" HPOS="1379" VPOS="3048" WIDTH="43" HEIGHT="75" STYLEREFS="font0"/><SP WIDTH="16" VPOS="3048" HPOS="1422"/><String ID="p564_w1259" CONTENT="the" HPOS="1438" VPOS="3048" WIDTH="54" HEIGHT="75" STYLEREFS="font0"/><SP WIDTH="16" VPOS="3048" HPOS="1492"/><String ID="p564_w1260" CONTENT="preceding," HPOS="1508" VPOS="3048" WIDTH="184" HEIGHT="75" STYLEREFS="font0"/><SP WIDTH="25" VPOS="3048" HPOS="1692"/><String ID="p564_w1261" CONTENT="contrary" HPOS="1717" VPOS="3048" WIDTH="151" HEIGHT="75" STYLEREFS="font0"/><SP WIDTH="16" VPOS="3048" HPOS="1868"/><String ID="p564_w1262" CONTENT="to" HPOS="1884" VPOS="3048" WIDTH="34" HEIGHT="75" STYLEREFS="font0"/><SP WIDTH="23" VPOS="3048" HPOS="1918"/><String ID="p564_w1263" CONTENT="what" HPOS="1941" VPOS="3048" WIDTH="88" HEIGHT="75" STYLEREFS="font0"/><SP WIDTH="26" VPOS="3048" HPOS="2029"/><String ID="p564_w1264" CONTENT="ftie" HPOS="2055" VPOS="3048" WIDTH="52" HEIGHT="75" STYLEREFS="font0"/><SP WIDTH="27" VPOS="3048" HPOS="2107"/><String ID="p564_w1265" CONTENT="does" HPOS="2134" VPOS="3048" WIDTH="77" HEIGHT="75" STYLEREFS="font0"/><SP WIDTH="18" VPOS="3048" HPOS="2211"/><String ID="p564_w1266" CONTENT="at" HPOS="2229" VPOS="3048" WIDTH="32" HEIGHT="75" STYLEREFS="font0"/><SP WIDTH="17" VPOS="3048" HPOS="2261"/><String ID="p564_w1267" CONTENT="alt" HPOS="2278" VPOS="3048" WIDTH="46" HEIGHT="75" STYLEREFS="font0"/></TextLine><TextLine WIDTH="107" HEIGHT="75" ID="p564_t126" HPOS="2216" VPOS="3087"><String ID="p564_w1268" CONTENT="places" HPOS="2216" VPOS="3087" WIDTH="107" HEIGHT="75" STYLEREFS="font0"/></TextLine></PrintSpace></Page></Layout></alto>