2431 3327
531 121 55 75 JE
643 121 39 75 T
740 121 42 75 H

1076 121 129 75 (33

169 188 28 75 «
223 188 90 75 flows
322 188 159 75 copioufly
492 188 69 75 into
573 188 55 75 the
642 188 179 75 medullary
830 188 74 75 part
916 188 39 75 of
962 188 55 75 the
1027 188 126 75 nerves,

173 239 24 75 “
223 239 91 75 when
332 239 42 75 no
390 239 137 75 obttacle
543 239 105 75 Hands
666 239 32 75 in
710 239 43 75 its
765 239 72 75 way
849 239 8 75 :
876 239 71 75 but,
964 239 94 75 when
1075 239 79 75 once

173 285 25 75 “
222 285 27 75 it
264 285 57 75 has
338 285 58 75 got
411 285 105 75 there,
533 285 26 75 it
577 285 99 75 keeps
692 285 72 75 firm
779 285 175 75 poffeflion,
980 285 64 75 and
1058 285 97 75 never

174 332 23 75 “
223 332 189 75 afterwards
429 332 106 75 leaves
550 332 40 75 it.
639 332 125 75 Now,”
788 332 71 75 fays
882 332 53 75 he,
962 332 25 75 “
1012 332 19 75 a
1053 332 101 75 quan-

173 378 23 75 “
222 378 62 75 tity
301 378 40 75 of
352 378 102 75 aether
476 378 158 75 probably
650 378 182 75 conftitutes
849 378 60 75 one
926 378 40 75 of
976 378 56 75 the
1048 378 106 75 flami-

172 421 25 75 “
222 421 52 75 nal
290 421 88 75 parts
395 421 40 75 of
447 421 115 75 animal
578 421 126 75 bodies,
722 421 63 75 and
800 421 155 75 increafes
971 421 32 75 in
1020 421 133 75 propor-

170 453 12 49 x
182 471 14 75 ‘
221 471 69 75 tion
302 471 35 75 to
353 471 85 75 their
458 471 58 75 age
533 471 64 75 and
613 471 147 75 growth:
787 471 66 75 For
869 471 134 75 nothing
1019 471 27 75 is
1066 471 90 75 more

173 514 24 75 “
221 514 178 75 ridiculous
424 514 78 75 than
518 514 35 75 to
568 514 132 75 fuppofe
716 514 72 75 that
803 514 86 75 what
916 514 27 75 is
959 514 197 75 .commonly

172 561 24 75 “
222 561 105 75 called
342 561 53 75 the
412 561 135 75 nervous
554 561 91 75 fluid
659 561 57 75 can
733 561 38 75 be
794 561 88 75 daily
907 561 116 75 wafted
1048 561 106 75 by-la-

171 611 27 75 “
222 611 81 75 hour
319 611 64 75 a.nd
397 611 155 75 exercife,
578 611 62 75 and
656 611 88 75 daily
762 611 145 75 repaired
922 611 45 75 by
982 611 20 75 a
1017 611 72 75 new
1107 611 47 75 fe-

172 657 25 75 “
222 657 124 75 cretion
363 657 85 75 from
464 657 56 75 the
531 657 102 75 brain.
681 657 57 75 To
754 657 105 75 refute
875 657 63 75 this
957 657 119 75 vulgar
1096 657 58 75 no-

171 704 26 75 “
224 704 82 75 tion,
331 704 136 75 nothing
482 704 89 75 more
597 704 27 75 is
650 704 160 75 neceflary
826 704 78 75 than
921 704 35 75 to
972 704 65 75 fay.
1061 704 95 75 That

173 750 24 75 “
223 750 25 75 it
265 750 26 75 is
309 750 56 75 one
381 750 43 75 of
432 750 198 75 Boerbaave'
630 750 17 75 s
663 750 150 75 theories,
828 750 66 75 and
910 750 83 75 mujl
1009 750 35 75 be
1048 750 106 75 falfe,

168 797 29 75 “
222 797 34 75 as
273 797 44 75 all
332 797 218 75 Boerhaave’s
566 797 93 75 other
676 797 139 75 theories
830 797 84 75 have
933 797 81 75 been
1034 797 122 75 proved

174 843 23 75 “
223 843 35 75 to
273 843 41 75 be
330 843 195 75 ill-founded
539 843 8 75 !
590 843 67 75 But
673 843 101 75 aethgr
797 843 27 75 is
848 843 41 75 of
911 843 19 75 a
953 843 90 75 more
1066 843 91 75 fixed

174 889 23 75 “
223 889 65 75 and
299 889 209 75 determinate
524 889 112 75 nature
650 889 11 75 ;
661 921 8 49 t
687 889 168 75 whenever
867 889 29 75 it
912 889 71 75 gets
995 889 161 75 pofleflion

174 918 12 49 f
186 936 11 75 ‘
222 936 41 75 of
284 936 63 75 any
370 936 174 75 fubftance,
569 936 26 75 it
618 936 96 75 never
741 936 140 75 forfakes
906 936 39 75 it,
970 936 104 75 unlefs
1099 936 57 75 the

174 983 23 75 “
223 983 129 75 texture
369 983 63 75 and
447 983 205 75 conftitution
668 983 40 75 of
727 983 55 75 the
798 983 88 75 body
900 983 91 75 itfelf
1002 983 40 75 be
1058 983 97 75 chan-

174 1026 23 75 “
222 1026 75 75 ged.
346 1026 150 75 Hence,”
520 1026 165 75 continues
702 1026 60 75 our
778 1026 128 75 author,
933 1026 25 75 “
983 1026 57 75 the
1054 1026 103 75 tether

175 1058 24 49 ce
224 1076 41 75 of
278 1076 39 75 an
333 1076 74 75 acid
422 1076 89 75 body
527 1076 136 75 remains
680 1076 33 75 as
726 1076 76 75 long
818 1076 33 75 as
875 1076 56 75 the
947 1076 89 75 body
1053 1076 102 75 conti-

174 1122 9 75 ‘
183 1104 15 49 £
222 1122 78 75 nues
317 1122 36 75 to
369 1122 40 75 be
425 1122 90 75 acid;
543 1122 55 75 the
624 1122 84 75 fame
735 1122 201 75 obfervation
957 1122 94 75 holds
1077 1122 80 75 with

174 1167 23 75 “
224 1167 114 75 regard
361 1167 35 75 to
419 1167 55 75 the
493 1167 101 75 aether
610 1167 41 75 of
662 1167 38 75 an
723 1167 137 75 alkaline
876 1167 108 75 body:
1026 1167 80 75 But,
1132 1167 31 75 if

173 1212 25 75 “
224 1212 88 75 thefe
335 1212 66 75 two
417 1212 41 75 be
473 1212 140 75 blended
628 1212 149 75 together
792 1212 69 75 into
889 1212 19 75 a
930 1212 126 75 neutral
1083 1212 72 75 fait,

174 1262 24 75 “
223 1262 57 75 the
295 1262 102 75 tether
412 1262 80 75 muft
500 1262 146 75 .likewife
663 1262 40 75 be
720 1262 145 75 changed
879 1262 70 75 into
966 1262 19 75 a
1001 1262 154 75 neutral;

174 1290 25 49 <£
225 1308 64 75 and
315 1308 175 75 therefore,
514 1308 34 75 in
572 1308 56 75 the
645 1308 170 75 formation
838 1308 40 75 of
897 1308 56 75 the
980 1308 179 75 medullary

175 1354 25 75 “
225 1354 39 75 or
283 1354 141 75 ftaminal
446 1354 73 75 part
535 1354 40 75 of
587 1354 144 75 animals,
748 1354 55 75 the
815 1354 101 75 aether
928 1354 105 75 v/hich
1045 1354 112 75 before

177 1399 23 75 “
225 1399 159 75 belonged
395 1399 47 75 to,
455 1399 38 75 or
504 1399 65 75 had
580 1399 56 75 the
648 1399 174 75 properties
835 1399 41 75 of
886 1399 85 75 fome
980 1399 94 75 other
1086 1399 72 75 fub-

177 1448 23 75 “
226 1448 115 75 ftance,
359 1448 26 75 is
398 1448 262 75 inftantaneoufly
672 1448 145 75 changed
828 1448 68 75 into
912 1448 117 75 animal
1044 1448 113 75 Kther,

180 1494 23 75 “
231 1494 62 75 and
309 1494 135 75 remains
462 1494 33 75 fo
512 1494 52 75 till
580 1494 55 75 the
651 1494 184 75 diflblution
859 1494 40 75 of
910 1494 71 75 that
998 1494 153 75 animal.”

222 1540 74 75 Our
308 1540 117 75 author
440 1540 79 75 next
531 1540 159 75 obferves,
716 1540 25 75 “
757 1540 93 75 That
861 1540 113 75 bodies
987 1540 126 75 require
1124 1540 36 75 to

176 1587 25 75 “
226 1587 40 75 be
281 1587 33 75 in
328 1587 19 75 a
358 1587 120 75 certain
494 1587 78 75 ftate
587 1587 38 75 or
641 1587 164 75 condition
816 1587 32 75 in
861 1587 95 75 order
972 1587 35 75 to
1023 1587 56 75 the
1091 1587 68 75 for-

179 1633 24 75 “
229 1633 119 75 mation
365 1633 40 75 of
416 1633 40 75 an
470 1633 101 75 aether
587 1633 70 75 that
674 1633 26 75 is
725 1633 116 75 proper
857 1633 52 75 for
924 1633 102 75 them.
1073 1633 87 75 This

180 1678 23 75 “
229 1678 162 75 condition
402 1678 40 75 of
452 1678 110 75 bodies
579 1678 26 75 is
622 1678 104 75 called
738 1678 39 75 an
790 1678 235 75 excitedfate:
1049 1678 111 75 Thus,

181 1722 25 75 “
230 1722 34 75 as
280 1722 143 75 fulphur,
439 1722 94 75 when
548 1722 90 75 fluid,
655 1722 77 75 does
749 1722 57 75 not
823 1722 123 75 receive
962 1722 56 75 the
1034 1722 127 75 eleftric

181 1769 24 75 “
230 1769 130 75 matter,
390 1769 71 75 but,
487 1769 94 75 when
599 1769 94 75 folid,
718 1769 149 75 inftantly
888 1769 138 75 receives
1049 1769 48 75 it;
1128 1769 34 75 in

183 1815 23 75 “
231 1815 55 75 the
317 1815 84 75 fame
431 1815 141 75 manner,
609 1815 54 75 the
695 1815 125 75 nerves,
856 1815 123 75 though
1011 1815 152 75 properly

182 1861 24 75 “
231 1861 136 75 formed,
392 1861 45 75 do
465 1861 55 75 not
537 1861 99 75 admit
662 1861 39 75 an
728 1861 100 75 aether
855 1861 138 75 adapted
1017 1861 34 75 to
1076 1861 85 75 their

181 1909 23 75 “
230 1909 123 75 nature,
369 1909 103 75 unlefs
490 1909 78 75 they
583 1909 39 75 be
638 1909 33 75 in
687 1909 40 75 an
739 1909 129 75 excited
879 1909 90 75 ftate.
1010 1909 151 75 Hence,”

179 1955 69 75 fays
266 1955 55 75 he,
348 1955 24 75 “
397 1955 56 75 the
468 1955 100 75 xther
584 1955 39 75 of
635 1955 19 75 a
669 1955 94 75 dead,
789 1955 63 75 and
871 1955 74 75 that
961 1955 41 75 of
1021 1955 19 75 a
1054 1955 108 75 living

178 2001 23 75 “
227 2001 124 75 perfon,
371 2001 52 75 are
439 2001 79 75 very
532 2001 163 75 different,
713 2001 156 75 although
886 2001 55 75 the
954 2001 129 75 texture
1095 2001 65 75 and

178 2049 24 75 “
227 2049 100 75 figure
342 2049 41 75 of
394 2049 55 75 the
466 2049 111 75 nerves
594 2049 40 75 be
650 2049 56 75 the
722 2049 97 75 fame.
866 2049 78 75 The
960 2049 78 75 ftate
1054 2049 106 75 necef-

177 2095 25 75 “
226 2095 73 75 fary
315 2095 53 75 for
383 2095 205 75 conftituting
604 2095 55 75 the
686 2095 102 75 xther
803 2095 41 75 of
866 2095 19 75 a
908 2095 100 75 living
1030 2095 129 75 animal,

177 2122 23 49 £!
226 2140 99 75 feems
338 2140 34 75 to
384 2140 125 75 depend
520 2140 42 75 on
573 2140 76 75 heat
661 2140 63 75 and
734 2140 171 75 moifture;
922 2140 133 75 becaufe
1072 2140 88 75 thefe

170 2188 30 75 “
225 2188 106 75 things
349 2188 54 75 are
419 2188 177 75 abfolutely
611 2188 158 75 neceflary
780 2188 36 75 in
832 2188 56 75 the
904 2188 204 75 conftitution
1125 2188 41 75 of

175 2235 25 75 “
220 2235 80 75 life:
327 2235 79 75 And
420 2235 138 75 hence,”
576 2235 170 75 concludes
763 2235 60 75 our
838 2235 130 75 author,
986 2235 25 75 “
1028 2235 57 75 the
1101 2235 58 75 ex-

176 2281 25 75 “
226 2281 86 75 cited
330 2281 77 75 ftate
432 2281 40 75 of
491 2281 65 75 the-
564 2281 111 75 nerves
691 2281 141 75 depends
849 2281 42 75 on
906 2281 76 75 heat
997 2281 66 75 and
1077 2281 81 75 moi-

176 2327 25 75 “
226 2327 95 75 fture.
368 2327 114 75 There
498 2327 53 75 are
572 2327 64 75 alfo
656 2327 118 75 certain
791 2327 277 75 circumftances,”
1088 2327 71 75 fays

174 2374 52 75 he,
253 2374 24 75 “
303 2374 107 75 which
438 2374 184 75 contribute
649 2374 36 75 to
712 2374 115 75 render
853 2374 57 75 the
937 2374 78 75 ftate
1043 2374 41 75 of
1102 2374 57 75 the

176 2421 24 75 “
225 2421 111 75 nerves
353 2421 89 75 more
460 2421 38 75 or
513 2421 61 75 lefs
591 2421 55 75 apt
662 2421 52 75 for
730 2421 233 75 accumulating
977 2421 119 75 xther:
1122 2421 35 75 A

226 2466 173 75 fpafmodic
415 2466 101 75 fever,
534 2466 52 75 for
599 2466 160 75 example,
778 2466 129 75 renders
923 2466 56 75 the
995 2466 111 75 nerves
1123 2466 42 75 of

175 2512 25 75 “
224 2512 56 75 the
293 2512 106 75 whole
416 2512 87 75 body
513 2512 68 75 .lefs
607 2512 149 75 pervious
774 2512 36 75 to
834 2512 56 75 the
907 2512 127 75 motion
1050 2512 41 75 of
1102 2512 56 75 the

174 2559 25 75 “
223 2559 101 75 xther
338 2559 10 75 ;
376 2559 62 75 and
453 2559 114 75 hence,
591 2559 33 75 in
642 2559 85 75 cafes
743 2559 41 75 of
801 2559 68 75 this
888 2559 123 75 nature,
1037 2559 120 75 health,

176 2605 22 75 “
224 2605 64 75 and
305 2605 42 75 all
368 2605 55 75 the
443 2605 88 75 vital
533 2605 103 75 fund
638 2605 80 75 ions,
744 2605 80 75 muft
842 2605 40 75 be
898 2605 164 75 injured.”

223 2634 23 49 ££
270 2652 147 75 Thefe,”
442 2652 59 75 our
513 2652 116 75 author
645 2652 160 75 obferves,
832 2652 23 75 “
881 2652 53 75 are
946 2652 56 75 the
1019 2652 138 75 outlines

176 2698 22 75 “
224 2698 40 75 of
275 2698 19 75 a
314 2698 74 75 neon
403 2698 142 75 dodtrine
562 2698 192 75 concerning
777 2698 54 75 the
858 2698 112 75 nature
985 2698 64 75 and
1064 2698 92 75 func-

175 2745 23 75 “
224 2745 84 75 tions
333 2745 41 75 of
393 2745 55 75 the
470 2745 160 75 nerves;”
656 2745 74 75 and,
755 2745 84 75 upon
862 2745 65 75 this
941 2745 213 75 foundation,

173 2791 152 75 proceeds
343 2791 34 75 to
393 2791 72 75 give
481 2791 50 75 his
552 2791 74 75 new
643 2791 105 75 theory
766 2791 40 75 of
817 2791 116 75 animal
948 2791 88 75 heat.

223 2819 22 49 ££
271 2837 98 75 From
386 2837 54 75 the
457 2837 167 75 foregoing
644 2837 204 75 reafoning,"
871 2837 70 75 fays
968 2837 54 75 he,
1049 2837 25 75 “
1100 2837 55 75 the

176 2883 22 75 “
223 2883 87 75 heat,
335 2883 33 75 as
393 2883 72 75 well
482 2883 34 75 as
533 2883 41 75 all
592 2883 56 75 the
664 2883 158 75 fundtions
845 2883 40 75 of
901 2883 144 75 animals,
1070 2883 85 75 feem

175 2929 23 75 “
223 2929 35 75 to
274 2929 40 75 be
336 2929 183 75 occafioned
533 2929 45 75 by
593 2929 56 75 the
672 2929 194 75 ofcillations
882 2929 40 75 of
933 2929 56 75 the
1016 2929 137 75 nervous

172 2975 26 75 “
223 2975 100 75 xther
342 2975 136 75 betwixt
490 2975 55 75 the
558 2975 200 75 extremities
775 2975 40 75 of
821 2975 56 75 the
889 2975 135 75 fentient
1041 2975 111 75 nerves

220 3026 97 75 Vol.
335 3026 29 75 I.
389 3026 72 75 No.
478 3026 36 75 2.

990 3026 17 75 3

1267 118 19 75 )

1583 118 56 75 iE
1694 118 39 75 T
1790 118 43 75 H

1255 185 23 75 “
1304 185 62 75 and
1380 185 55 75 the
1448 185 102 75 brain,
1568 185 50 75 or,
1631 185 90 75 more
1741 185 161 75 properly,
1918 185 137 75 betwixt
2069 185 55 75 the
2144 185 91 75 brain

1255 231 24 75 “
1304 231 62 75 and
1383 231 145 75 mufcles.
1577 231 68 75 But
1668 231 159 75 eledtrical
1853 231 112 75 xther,
1991 231 35 75 as
2053 231 100 75 above
2178 231 57 75 ob-

1256 279 22 75 “
1302 279 124 75 fcrved,
1451 279 103 75 varies
1572 279 19 75 a
1606 279 84 75 little
1714 279 84 75 from
1816 279 146 75 common
1982 279 119 75 xther;
2129 279 43 75 all
2187 279 48 75 in-

1256 326 23 75 “
1304 326 106 75 elaftic
1437 326 107 75 fluids,
1570 326 33 75 as
1629 326 226 75 was.likewife
1878 326 155 75 formerly
2056 326 181 75 remarked,

1256 371 23 75 “
1305 371 52 75 are
1379 371 222 75 non-eledtrics
1616 371 11 75 ;
1654 371 62 75 and
1732 371 43 75 all
1792 371 80 75 fclid
1888 371 123 75 bodies,
2037 371 113 75 metals
2178 371 58 75 ex-

1255 419 25 75 “
1305 419 126 75 cepted,
1456 419 53 75 are
1534 419 162 75 eledtrics:
1728 419 111 75 Thefe
1864 419 277 75 circumftances,”
2166 419 71 75 fays

1254 465 59 75 our
1329 465 129 75 author,
1484 465 24 75 “
1533 465 84 75 feem
1633 465 35 75 to
1685 465 39 75 he
1747 465 107 75 owing
1871 465 35 75 to
1923 465 56 75 the
1995 465 194 75 ofcillations
2202 465 41 75 of

1256 495 22 49 ££
1304 513 55 75 the
1371 513 126 75 eledtric
1511 513 119 75 matter
1642 513 31 75 in
1687 513 124 75 bodies.
1845 513 38 75 In
1899 513 55 75 the
1970 513 84 75 fame
2070 513 167 75 manner,”

1253 559 69 75 fays
1339 559 54 75 he,
1418 559 24 75 “
1461 559 55 75 the
1533 559 113 75 nature
1662 559 41 75 of
1717 559 131 75 animals
1864 559 73 75 may
1949 559 39 75 be
2005 559 89 75 fuch,
2108 559 63 75 and
2182 559 56 75 the

1246 605 32 75 “
1303 605 112 75 nerves
1427 605 73 75 may
1511 605 40 75 be
1562 605 35 75 fo
1613 605 203 75 conftituted,
1835 605 33 75 as
1878 605 36 75 to
1923 605 84 75 form
2020 605 38 75 an
2069 605 100 75 xther
2181 605 56 75 ad-

1255 652 23 75 “
1303 652 97 75 apted
1411 652 35 75 to
1459 652 84 75 their
1554 652 124 75 nature,
1694 652 63 75 and
1768 652 35 75 to
1815 652 106 75 excite
1935 652 91 75 thofe
2042 652 196 75 ofcillations

1254 699 24 75 “
1303 699 107 75 which
1421 699 142 75 occafion
1578 699 117 75 animal
1711 699 88 75 heat.
1847 699 77 75 The
1936 699 180 75 wonderful
2128 699 110 75 effedls

1254 745 25 75 “
1304 745 40 75 of
1354 745 76 75 heat
1448 745 62 75 and
1526 745 75 75 cold
1624 745 86 75 upon
1733 745 56 75 the
1812 745 150 75 nerves,”
1987 745 166 75 continues
2179 745 60 75 our

1254 792 128 75 author,
1409 774 24 49 (f
1458 792 150 75 confirms
1636 792 65 75 this
1726 792 136 75 theory:
1905 792 111 75 Every
2031 792 117 75 adtion,
2174 792 65 75 and

1255 838 24 75 “
1304 838 79 75 even
1398 838 57 75 life
1471 838 97 75 itfelf,
1590 838 148 75 requires
1760 838 20 75 a
1804 838 121 75 certain
1948 838 117 75 degree
2082 838 40 75 of
2133 838 103 75 heat;

1255 885 24 75 “
1305 885 63 75 for,
1387 885 32 75 as
1433 885 54 75 the
1499 885 75 75 heat
1590 885 40 75 of
1641 885 56 75 the
1714 885 146 75 external
1877 885 46 75 air
1939 885 27 75 is
1983 885 34 75 fo
2033 885 153 75 variable,
2212 885 26 75 it

1256 932 23 75 “
1304 932 65 75 was
1394 932 176 75 abfolutely
1581 932 159 75 necefiary
1760 932 72 75 that
1854 932 116 75 animal
1991 932 111 75 bodies
2125 932 114 75 Ihould

1256 978 10 75 *
1266 960 13 49 £
1304 978 40 75 be
1361 978 156 75 endowed
1533 978 78 75 with
1627 978 57 75 the
1703 978 123 75 faculty
1842 978 40 75 of
1897 978 178 75 producing
2087 978 19 75 a
2121 978 119 75 degree

1257 1007 22 49 ££
1305 1025 39 75 of
1355 1025 76 75 heat
1447 1025 103 75 fuited
1567 1025 34 75 to
1617 1025 84 75 their
1726 1025 123 75 nature,
1874 1025 213 75 independent
2114 1025 40 75 of
2179 1025 59 75 ex-

1256 1054 23 49 ££
1305 1072 102 75 ternal
1423 1072 239 75 circumftances
1675 1072 8 75 :
1711 1072 113 75 Hence
1840 1072 49 75 we
1905 1072 50 75 fee
1966 1072 56 75 the
2039 1072 110 75 reafon
2163 1072 78 75 why

1256 1119 23 75 “
1304 1119 57 75 the
1376 1119 117 75 degree
1509 1119 40 75 of
1560 1119 76 75 heat
1651 1119 34 75 fo
1701 1119 122 75 feldom
1838 1119 104 75 varies
1954 1119 33 75 in
1998 1119 56 75 the
2071 1119 83 75 fame
2169 1119 69 75 fpe-

1255 1165 24 75 “
1305 1165 63 75 eies
1389 1165 40 75 of
1452 1165 146 75 animals.
1655 1165 174 75 However,
1854 1165 156 75 although
2028 1165 56 75 the
2101 1165 138 75 nervous

1245 1212 35 75 “
1303 1212 101 75 xther
1423 1212 26 75 is
1464 1212 121 75 always
1598 1212 99 75 ready
1712 1212 52 75 for
1779 1212 143 75 exciting
1937 1212 75 75 heat
2027 1212 44 75 by
2086 1212 42 75 its
2147 1212 91 75 ofcil-

1257 1259 24 75 “
1306 1259 115 75 lations
1434 1259 10 75 ;
1463 1259 68 75 yet,
1548 1259 33 75 in
1593 1259 97 75 order
1705 1259 36 75 to
1757 1259 94 75 bring
1868 1259 98 75 about
1983 1259 64 75 this
2064 1259 94 75 effedt
2169 1259 69 75 fuc-

1258 1305 23 75 “
1307 1305 162 75 cefsfully,
1495 1305 146 75 external
1647 1305 136 75 Jlimuli
1799 1305 54 75 ate
1871 1305 172 75 neceflary,
2067 1305 170 75 otherwife

1258 1353 23 75 “
1307 1353 55 75 the
1377 1353 100 75 xther
1489 1353 109 75 would
1613 1353 41 75 be
1672 1353 33 75 in
1720 1353 120 75 danger
1857 1353 40 75 of
1899 1353 207 75 Jlagnating,
2131 1353 107 75 which

1258 1398 24 75 “
1305 1398 111 75 would
1427 1398 143 75 occafion
1587 1398 94 75 fleep,
1699 1398 19 75 a
1729 1398 100 75 palfy,
1848 1398 74 75 and,
1938 1398 57 75 laft
2007 1398 41 75 of
2057 1398 56 75 all,
2126 1398 110 75 death.

1257 1426 24 49 C£
1304 1444 80 75 The
1399 1444 80 75 moft
1499 1444 186 75 permanent
1707 1444 40 75 of
1764 1444 89 75 thefe
1863 1444 136 75 ftimuli
2013 1444 27 75 is
2063 1444 176 75 the-pulfa-

1258 1491 23 75 “
1307 1491 70 75 tion
1399 1491 41 75 of
1450 1491 56 75 the
1522 1491 152 75 arteries;
1700 1491 108 75 which
1824 1491 27 75 is
1871 1491 57 75 the
1944 1491 110 75 reafon
2071 1491 74 75 why
2162 1491 78 75 heat

1258 1537 24 75 “
1307 1537 27 75 is
1356 1537 34 75 fo
1415 1537 174 75 connedted
1610 1537 80 75 with
1705 1537 56 75 the
1777 1537 189 75 circulation
1989 1537 40 75 of
2047 1537 56 75 the
2125 1537 112 75 blood,

1259 1584 24 75 “
1309 1584 62 75 and
1386 1584 74 75 why
1477 1584 96 75 many
1589 1584 132 75 authors
1732 1584 81 75 have
1825 1584 152 75 miftaken
1988 1584 27 75 it
2027 1584 52 75 for
2094 1584 57 75 the
2167 1584 74 75 true

1259 1630 24 75 “
1308 1630 91 75 caufe
1414 1630 41 75 of
1465 1630 116 75 animal
1596 1630 112 75 heat.”

1305 1676 72 75 Our
1392 1676 118 75 author
1526 1676 74 75 now
1615 1676 170 75 concludes
1802 1676 80 75 with
1894 1676 180 75 obferving,
2104 1676 24 75 “
2145 1676 94 75 That

1259 1725 24 75 “
1308 1725 43 75 by
1363 1725 49 75 his
1426 1725 125 75 theory,
1569 1725 55 75 the
1638 1725 148 75 varieties
1799 1725 40 75 of
1848 1725 75 75 heat
1939 1725 32 75 in
1988 1725 150 75 different
2150 1725 89 75 parts

1260 1770 24 75 “
1308 1770 41 75 of
1360 1770 55 75 the
1430 1770 99 75 body,
1555 1770 55 75 the
1626 1770 75 75 heat
1717 1770 63 75 and
1791 1770 131 75 fluffing
1937 1770 41 75 of
1996 1770 55 75 the
2064 1770 73 75 face
2154 1770 86 75 from

1260 1817 23 75 “
1307 1817 116 75 ftiame,
1449 1817 64 75 and
1528 1817 43 75 all
1583 1817 55 75 the
1655 1817 95 75 other
1765 1817 206 75 phxnomena
1986 1817 40 75 of
2032 1817 75 75 heat
2123 1817 33 75 in
2172 1817 67 75 ani-

1261 1863 23 75 “
1310 1863 62 75 mal
1390 1863 124 75 bodies,
1540 1863 100 75 admit
1652 1863 41 75 of
1706 1863 136 75 abetter
1859 1863 219 75 explanation,
2103 1863 78 75 than
2196 1863 44 75 by

1261 1910 24 75 “
1312 1910 62 75 any
1390 1910 94 75 other
1499 1910 117 75 theory
1631 1910 145 75 hitherto
1791 1910 188 75 invented.”

1304 1956 130 75 Having
1457 1956 74 75 thus
1549 1956 94 75 given
1660 1956 19 75 a
1694 1956 108 75 pretty
1818 1956 61 75 full
1895 1956 139 75 account
2059 1956 42 75 of
2122 1956 40 75 an
2189 1956 49 75 at-

1258 2003 102 75 tempt
1384 2003 36 75 to
1443 2003 129 75 explain
1594 2003 55 75 the
1677 2003 79 75 moft
1780 2003 136 75 abftrufe
1932 2003 182 75 operations
2132 2003 40 75 of
2183 2003 56 75 na-

1258 2050 83 75 ture,
1366 2050 34 75 as
1417 2050 111 75 nearly
1543 2050 34 75 as
1594 2050 128 75 poflible
1747 2050 31 75 in
1805 2050 55 75 the
1884 2050 79 75 very
1989 2050 107 75 words
2124 2050 41 75 of
2184 2050 55 75 the

1258 2096 127 75 author,
1410 2096 49 75 we
1479 2096 116 75 cannot
1610 2096 85 75 deny
1717 2096 160 75 ourfelves
1899 2096 56 75 the
1972 2096 119 75 liberty
2113 2096 41 75 of
2171 2096 67 75 ma-

1258 2144 78 75 king
1348 2144 23 75 a
1387 2144 64 75 few
1467 2144 230 75 obfervations.

1304 2189 56 75 To
1376 2189 72 75 give
1460 2189 19 75 a
1490 2189 115 75 formal
1622 2189 175 75 refutation
1813 2189 42 75 of
1872 2189 64 75 this
1954 2189 143 75 author’s
2115 2189 123 75 reafon-

1256 2235 67 75 ing,
1348 2235 26 75 is
1403 2235 42 75 no
1461 2235 72 75 part
1558 2235 40 75 of
1614 2235 62 75 our
1698 2235 86 75 plan.
1832 2235 34 75 It
1886 2235 41 75 is,
1952 2235 150 75 perhaps,
2126 2235 112 75 wrong

1256 2281 35 75 to
1307 2281 54 75 fay
1376 2281 71 75 that
1464 2281 39 75 he
1525 2281 58 75 has
1609 2281 173 75 reafoned;
1814 2281 52 75 for
1882 2281 55 75 the
1959 2281 102 75 whole
2078 2281 159 75 hypothe-

1256 2328 76 75 tical
1355 2328 73 75 part
1443 2328 40 75 of
1492 2328 51 75 his
1559 2328 85 75 eflay
1658 2328 27 75 is
1703 2328 19 75 a
1735 2328 87 75 mere
1834 2328 127 75 farrago
1978 2328 40 75 of
2027 2328 101 75 vague
2145 2328 92 75 afier-

1256 2374 97 75 tions,
1378 2374 220 75 non-entities,
1629 2374 143 75 illogical
1798 2374 207 75 conclufions,
2039 2374 63 75 and
2128 2374 109 75 extra-

1255 2420 117 75 vagant
1388 2420 133 75 fancies.
1569 2420 62 75 His
1643 2420 100 75 xther
1756 2420 98 75 feems
1869 2420 36 75 to
1918 2420 41 75 be
1971 2420 39 75 an
2026 2420 213 75 exceedingly

1255 2468 154 75 tradlable
1429 2468 65 75 fort
1506 2468 39 75 of
1556 2468 177 75 fubftance:
1760 2468 188 75 Whenever
1965 2468 55 75 the
2038 2468 149 75 qualities
2201 2468 42 75 of

1255 2514 60 75 one
1328 2514 86 75 body
1430 2514 95 75 differ
1538 2514 86 75 from
1640 2514 90 75 thofe
1752 2514 40 75 of
1803 2514 145 75 another,
1975 2514 19 75 a
2005 2514 150 75 different
2171 2514 65 75 mo-

1256 2560 164 75 dification
1444 2560 43 75 of
1504 2560 41 75 at
1547 2560 56 75 her
1635 2560 32 75 at
1695 2560 80 75 once
1797 2560 103 75 folves
1918 2560 56 75 the
1991 2560 246 75 phxnomenon.

1255 2607 76 75 The
1354 2607 102 75 xther
1479 2607 41 75 of
1541 2607 71 75 iron
1635 2607 81 75 muft
1730 2607 72 75 not,
1827 2607 35 75 to
1877 2607 40 75 be
1933 2607 83 75 fare,
2041 2607 40 75 be
2107 2607 129 75 exadtly

1254 2654 56 75 the
1326 2654 82 75 fame
1420 2654 80 75 with
1517 2654 55 75 the
1589 2654 135 75 nervous
1740 2654 114 75 xther,
1879 2654 169 75 otherwife
2070 2654 28 75 it
2127 2654 110 75 would

1254 2700 39 75 be
1318 2700 31 75 in
1373 2700 120 75 danger
1508 2700 40 75 of
1560 2700 176 75 producing
1751 2700 153 75 fenfation
1920 2700 32 75 in
1969 2700 89 75 place
2085 2700 42 75 of
2146 2700 89 75 mag-

1254 2747 124 75 netifm.
1427 2747 33 75 It
1488 2747 110 75 would
1624 2747 64 75 like
1691 2747 73 75 wife
1786 2747 81 75 have
1883 2747 81 75 been
1979 2747 79 75 very
2073 2747 163 75 improper

1253 2793 35 75 to
1311 2793 72 75 give
1406 2793 57 75 the
1484 2793 167 75 vegetable
1677 2793 102 75 xther
1801 2793 127 75 exadlly
1944 2793 56 75 the
2022 2793 84 75 fame
2131 2793 104 75 quali-

1253 2839 59 75 ties
1329 2839 78 75 with
1426 2839 89 75 thofe
1533 2839 40 75 of
1584 2839 115 75 animal
1715 2839 120 75 xther;
1874 2839 63 75 for,
1958 2839 37 75 in
2016 2839 76 75 fuch
2117 2839 18 75 a
2152 2839 81 75 cafe,

1252 2887 197 75 men-would
1464 2887 60 75 ruii
1544 2887 91 75 great
1658 2887 62 75 rifle
1743 2887 41 75 of
1799 2887 131 75 ftriking
1954 2887 72 75 root
2041 2887 33 75 in
2090 2887 56 75 the
2163 2887 70 75 foil,

1252 2933 63 75 and
1330 2933 84 75 trees
1432 2933 63 75 and
1510 2933 119 75 hedges
1656 2933 104 75 might
1784 2933 161 75 eradicate
1960 2933 72 75 "and
2054 2933 59 75 run
2136 2933 99 75 about

1250 2981 56 75 the
1324 2981 104 75 fields.
1477 2981 150 75 Nothing
1638 2981 58 75 can
1709 2981 39 75 be
1763 2981 89 75 more
1868 2981 162 75 ludicrous
2043 2981 78 75 than
2134 2981 33 75 :o
2183 2981 52 75 fo:

1730 3031 17 75 I

2219 3031 18 75 a
