2406 3327
169 153 52 75 58

627 153 42 75 A
747 153 40 75 G
864 153 36 75 R
977 153 19 75 I
1074 153 36 75 C
1188 153 45 75 U

167 221 120 75 middle
303 221 37 75 or
363 221 107 75 crown
484 221 11 75 ;
521 221 52 75 for
598 221 54 75 the
680 221 115 75 higher
820 221 80 75 they
926 221 54 75 are
1004 221 114 75 raifed,
1143 221 56 75 the

167 267 91 75 more
278 267 27 75 is
324 267 55 75 the
396 267 122 75 furface
535 267 163 75 enlarged.
748 267 176 75 Howe-ver,
949 267 31 75 if
999 267 56 75 the
1075 267 58 75 foil
1160 267 41 75 be

168 313 141 75 fhallow,
335 313 55 75 the
406 313 106 75 ridges
528 313 113 75 (hould
652 313 57 75 not
720 313 40 75 be
777 313 100 75 raifed
893 313 92 75 high,
1002 313 35 75 as
1054 313 79 75 they
1144 313 57 75 de-

168 361 89 75 prive
273 361 56 75 the
346 361 136 75 furrows
500 361 41 75 of
555 361 71 75 foil.

217 406 79 75 But,
321 406 34 75 in
378 406 65 75 low
469 406 164 75 flat-lying
660 406 137 75 ground,
824 406 56 75 the
909 406 106 75 ridges
1032 406 114 75 flfould
1161 406 41 75 be

169 453 30 75 ft'
199 453 63 75 iade
277 453 69 75 flat,
370 453 32 75 in
427 453 97 75 order
551 453 36 75 to
610 453 78 75 raife
705 453 55 75 the
782 453 139 75 furrows
936 453 10 75 ;
975 453 64 75 for,
1065 453 31 75 in
1114 453 88 75 fome

171 501 95 75 cafes,
292 501 57 75 the
365 501 114 75 higher
494 501 56 75 the
567 501 137 75 furrows
722 501 54 75 are
792 501 114 75 raifed,
931 501 26 75 it
982 501 26 75 is
1034 501 56 75 the
1113 501 90 75 more

170 547 72 75 eafy
258 547 35 75 to
317 547 68 75 find
409 547 18 75 a
454 547 58 75 fall
539 547 52 75 for
619 547 148 75 carrying
795 547 53 75 off
872 547 55 75 the
951 547 112 75 v/ater.
1129 547 74 75 Flat

171 594 106 75 ridges
294 594 53 75 are
363 594 66 75 alfo
444 594 130 75 capable
599 594 40 75 of
657 594 96 75 being
776 594 89 75 fown
888 594 79 75 with
995 594 129 75 greater
1145 594 59 75 ex-

174 640 133 75 aftnefs.

219 686 32 75 It
266 686 27 75 is
309 686 234 75 impracticable
558 686 36 75 to
610 686 71 75 give
697 686 62 75 any
774 686 128 75 general
931 686 69 75 rule
1026 686 52 75 for
1094 686 109 75 laying

171 733 58 75 out
252 733 120 75 ridges.
436 733 38 75 In
491 733 87 75 fome
593 733 177 75 fituations,
795 733 127 75 narrow
939 733 105 75 ridges
1062 733 52 75 are
1130 733 73 75 pre-

172 778 120 75 ferable
308 778 37 75 to
359 778 103 75 broad
478 778 76 75 ones
566 778 10 75 ;
603 778 32 75 in
660 778 123 75 others,
808 778 56 75 flat
888 778 105 75 ridges
1020 778 53 75 are
1100 778 106 75 better

171 828 77 75 than
266 828 84 75 fteep
365 828 89 75 ones,
481 828 64 75 <bc.
594 828 39 75 In
649 828 108 75 laying
773 828 58 75 out
843 828 41 75 of
891 828 118 75 ridges,
1027 828 176 75 therefore,

173 874 96 75 every
284 874 114 75 perfon
414 874 80 75 muft
513 874 41 75 be
571 874 200 75 determined
790 874 31 75 in
839 874 64 75 this
920 874 90 75 point
1026 874 43 75 by
1082 874 54 75 the
1148 874 56 75 na-

172 921 72 75 ture
270 921 62 75 and
359 921 146 75 fituation
533 921 41 75 of
595 921 55 75 the
678 921 71 75 foil,
775 921 63 75 and
864 921 56 75 the
948 921 192 75 advantages
1167 921 39 75 or

173 966 239 75 difadvantages
429 966 40 75 of
480 966 57 75 the
553 966 150 75 different
724 966 95 75 kinds
837 966 41 75 of
888 966 120 75 ridges.

220 1014 83 75 But,
325 1014 161 75 whatever
501 1014 40 75 be
557 1014 57 75 the
637 1014 114 75 nature
777 1014 39 75 or
838 1014 148 75 fituation
1006 1014 41 75 of
1060 1014 56 75 the
1133 1014 70 75 foil,

172 1060 56 75 the
252 1060 105 75 ridges
374 1060 112 75 fhould
502 1060 118 75 always
636 1060 40 75 be
693 1060 92 75 made
802 1060 145 75 flraight.
1012 1060 38 75 Id
1067 1060 137 75 plough-

173 1106 55 75 ing
248 1106 141 75 crooked
406 1106 118 75 ridges,
549 1106 56 75 the
622 1106 99 75 cattle
737 1106 82 75 mud
834 1106 89 75 often
949 1106 42 75 go
1008 1106 31 75 in
1068 1106 18 75 a
1109 1106 96 75 diffe-

173 1154 72 75 rent
261 1154 154 75 direction
431 1154 86 75 from
539 1154 56 75 the
611 1154 134 75 plough,
770 1154 60 75 and
856 1154 53 75 are
936 1154 131 75 obliged
1082 1154 35 75 to
1132 1154 75 75 take

175 1199 86 75 fhort
276 1199 158 75 turnings,
466 1199 105 75 which
599 1199 75 75 hurt
702 1199 55 75 the
772 1199 77 75 land
864 1199 44 75 by
930 1199 56 75 the
1009 1199 148 75 treading
1173 1199 41 75 of

173 1247 57 75 the
247 1247 110 75 cattle.
406 1247 142 75 Befides,
572 1247 95 75 when
691 1247 56 75 the
773 1247 105 75 ridges
902 1247 54 75 are
973 1247 153 75 crooked,
1152 1247 56 75 the

175 1293 55 75 fall
256 1293 53 75 for
336 1293 56 75 the
420 1293 100 75 water
536 1293 25 75 is
579 1293 198 75 diminished.
827 1293 39 75 In
894 1293 43 75 all
964 1293 73 75 foils
1056 1293 68 75 too,
1150 1293 57 75 the

175 1340 106 75 ridges
297 1340 111 75 fhould
424 1340 39 75 be
480 1340 93 75 made
590 1340 39 75 of
649 1340 55 75 the
720 1340 83 75 fame
830 1340 137 75 breadth
992 1340 213 75 throughout,

175 1387 65 75 and
255 1387 96 75 equal
368 1387 35 75 to
419 1387 61 75 one
497 1387 147 75 another.
676 1387 113 75 When
807 1387 79 75 they
902 1387 53 75 are
970 1387 153 75 unequal,
1141 1387 25 75 it
1181 1387 27 75 is

177 1432 137 75 difficult
331 1432 35 75 to
382 1432 64 75 fow
474 1432 88 75 them
590 1432 81 75 with
696 1432 174 75 exaCbnefs,
897 1432 37 75 or
959 1432 35 75 to
1022 1432 81 75 alter
1119 1432 90 75 them

178 1479 92 75 when
288 1479 161 75 neceffary
463 1479 10 75 ;
501 1479 63 75 and
590 1479 56 75 the
673 1479 121 75 plough
811 1479 80 75 mud
906 1479 91 75 often
1014 1479 74 75 turn
1104 1479 32 75 in
1153 1479 56 75 the

175 1526 120 75 middle
312 1526 40 75 of
363 1526 55 75 the
434 1526 102 75 ridge,
561 1526 106 75 which
685 1526 91 75 hurts
794 1526 55 75 the
866 1526 76 75 land
958 1526 44 75 by
1026 1526 56 75 the
1110 1526 97 75 tram-

178 1572 87 75 pling
282 1572 39 75 of
334 1572 55 75 the
406 1572 111 75 cattle.

372 1682 64 75 Of
448 1682 65 75 the
531 1682 162 75 Pofition
714 1682 48 75 of
771 1682 66 75 the
857 1682 162 75 Ridges.

225 1760 44 75 It
296 1760 26 75 is
348 1760 18 75 a
387 1760 117 75 matter
530 1760 40 75 of
591 1760 87 75 fome
707 1760 217 75 confequence
951 1760 35 75 to
1013 1760 96 75 know
1136 1760 76 75 how

178 1807 107 75 ridges
301 1807 111 75 fhould
422 1807 40 75 be
478 1807 127 75 placed,
628 1807 35 75 fo
679 1807 34 75 as
729 1807 66 75 bed
808 1807 35 75 to
859 1807 121 75 anfwer
991 1807 54 75 the
1061 1807 151 75 fituation

180 1854 40 75 of
232 1854 55 75 the
305 1854 87 75 land.

227 1900 39 75 In
282 1900 91 75 lands
390 1900 73 75 that
484 1900 83 75 have
591 1900 18 75 a
632 1900 97 75 Hope,
755 1900 55 75 the
835 1900 105 75 ridges
958 1900 54 75 are
1029 1900 184 75 commonly

180 1946 113 75 placed
316 1946 32 75 in
366 1946 18 75 a
400 1946 132 75 draight
548 1946 64 75 line
628 1946 85 75 from
736 1946 55 75 the
819 1946 56 75 top
903 1946 35 75 to
962 1946 55 75 the
1033 1946 127 75 bottom
1177 1946 41 75 of

180 1994 57 75 the
253 1994 165 75 declivity.
460 1994 119 75 -When
607 1994 57 75 the
691 1994 156 75 declivity
862 1994 28 75 is
907 1994 119 75 gentle,
1051 1994 64 75 this
1132 1994 79 75 pofi-

180 2039 70 75 tion
260 2039 28 75 is
305 2039 78 75 very
398 2039 128 75 proper,
552 2039 33 75 as
601 2039 28 75 it
644 2039 107 75 drains
766 2039 57 75 the
840 2039 75 75 land
931 2039 40 75 of
982 2039 113 75 water.
1144 2039 67 75 But

182 2086 93 75 when
292 2086 56 75 the
364 2086 154 75 declivity
533 2086 28 75 is
577 2086 103 75 great,
705 2086 64 75 this
793 2086 136 75 pofitiott
951 2086 110 75 allows
1079 2086 55 75 the
1151 2086 60 75 foil

183 2133 35 75 to
234 2133 40 75 be
290 2133 125 75 wafhed
430 2133 90 75 away
530 2133 45 75 by
592 2133 53 75 the
663 2133 66 75 rain
744 2133 11 75 ;
782 2133 63 75 and
860 2133 56 75 the
936 2133 149 75 quantity
1100 2133 41 75 of
1154 2133 58 75 foil

184 2178 125 75 carried
323 2178 53 75 off
387 2178 66 75 will
476 2178 118 75 always
617 2178 41 75 be
684 2178 33 75 in
745 2178 186 75 proportion
948 2178 35 75 to
998 2178 56 75 the
1070 2178 144 75 violence

184 2224 79 75 with
275 2224 106 75 which
397 2224 56 75 the
468 2224 129 75 current
614 2224 95 75 runs:
737 2224 125 75 Hence,
878 2224 33 75 in
925 2224 18 75 a
957 2224 59 75 foil
1032 2224 132 75 fituated
1181 2224 32 75 in

185 2272 64 75 this
265 2272 145 75 manner,
434 2272 57 75 the
508 2272 106 75 ridges
639 2272 112 75 fhould
766 2272 40 75 be
829 2272 113 75 placed
958 2272 103 75 acrofs
1078 2272 56 75 the
1156 2272 57 75 de-

186 2318 122 75 clivity,
322 2318 35 75 to
368 2318 133 75 prevent
512 2318 57 75 the
580 2318 58 75 foil
654 2318 84 75 from
749 2318 95 75 being
851 2318 126 75 carried
992 2318 95 75 down
1103 2318 45 75 by
1158 2318 58 75 the

186 2363 114 75 water.
357 2363 139 75 Making
512 2363 56 75 the
585 2363 105 75 ridges
706 2363 79 75 very
799 2363 128 75 narrow
943 2363 79 75 will,
1047 2363 32 75 in
1097 2363 19 75 a
1131 2363 86 75 good

186 2408 154 75 meafure,
366 2408 119 75 anfwer
509 2408 55 75 the
587 2408 83 75 fame
692 2408 144 75 purpofe'
836 2408 12 75 ;
886 2408 162 75 however,
1072 2408 27 75 it
1114 2408 27 75 is
1158 2408 58 75 not

187 2456 35 75 fo
237 2456 116 75 proper
368 2456 33 75 as
422 2456 127 75 placing
564 2456 88 75 them
670 2456 102 75 acrofs
789 2456 56 75 the
861 2456 165 75 declivity.

236 2500 111 75 When
364 2500 76 75 land
456 2500 26 75 is
499 2500 77 75 very
592 2500 75 75 dry,
692 2500 85 75 crofs
794 2500 105 75 ridges
918 2500 52 75 are
987 2500 65 75 alfo
1077 2500 41 75 of
1129 2500 92 75 great

183 2548 81 75 mfe;
290 2548 52 75 for
353 2548 79 75 they
444 2548 100 75 retain
556 2548 57 75 the
623 2548 114 75 water,
763 2548 62 75 and
839 2548 133 75 prevent
988 2548 55 75 the
1058 2548 59 75 foil
1132 2548 86 75 from

191 2594 94 75 being
304 2594 125 75 wafhed
448 2594 103 75 away.

450 2701 64 75 Of
521 2701 211 75 ploughing
751 2701 41 75 in
812 2701 158 75 Ridges.

240 2780 137 75 There
416 2780 53 75 are
500 2780 91 75 three
622 2780 150 75 different
804 2780 86 75 ways
920 2780 40 75 of
986 2780 176 75 ploughing
1188 2780 34 75 in

196 2826 116 75 ridges,
337 2826 71 75 viz.
434 2826 182 75 gathering,
641 2826 130 75 carting,
796 2826 63 75 and
876 2826 155 75 cleaving.

242 2872 53 75 By
305 2872 189 75 gathering,
519 2872 55 75 the
593 2872 108 75 crown
714 2872 61 75 and
791 2872 136 75 furrows
944 2872 39 75 of
995 2872 55 75 the
1062 2872 91 75 ridge
1170 2872 53 75 are

197 2917 77 75 kept
290 2917 31 75 in
339 2917 56 75 the
410 2917 83 75 fame
519 2917 131 75 pofition
674 2917 32 75 in
733 2917 107 75 which
869 2917 77 75 they
973 2917 83 75 were
1079 2917 112 75 before
1210 2917 9 75 :

197 2963 55 75 the
268 2963 120 75 plough
403 2963 111 75 begins
530 2963 32 75 in
579 2963 55 75 the
651 2963 120 75 crown,
788 2963 63 75 and
861 2963 101 75 plows
974 2963 57 75 out
1047 2963 55 75 the
1119 2963 102 75 ridge,

199 3010 128 75 turning
344 3010 54 75 the
414 3010 91 75 earth
521 3010 139 75 towards
677 3010 56 75 the
756 3010 125 75 crown,,
901 3010 107 75 where
1031 3010 26 75 it
1080 3010 64 75 firft
1168 3010 54 75 en-

1311 153 35 75 L
1421 153 38 75 T
1539 153 44 75 U
1661 153 37 75 R
1777 153 47 75 E.

1251 221 103 75 tered.
1403 221 111 75 Every
1530 221 88 75 ridge
1634 221 27 75 is
1677 221 163 75 ploughed
1854 221 45 75 by
1914 221 108 75 itfelf;
2048 221 38 75 or
2101 221 56 75 the
2169 221 113 75 halves

1251 267 39 75 of
1301 267 67 75 two
1383 267 190 75 contiguous
1591 267 105 75 ridges
1713 267 74 75 may
1803 267 40 75 be
1855 267 164 75 ploughed
2030 267 162 75 together.
2229 267 55 75 By

1251 314 63 75 this
1336 314 147 75 method,
1509 314 33 75 as
1560 314 55 75 the
1632 314 92 75 earth
1752 314 42 75 on
1819 314 80 75 each
1919 314 63 75 fide
2008 314 26 75 is
2065 314 117 75 turned
2197 314 87 75 upon

1252 360 55 75 the
1324 360 120 75 crown,
1471 360 63 75 and
1548 360 128 75 thrown
1693 360 43 75 up
1746 360 59 75 out
1822 360 40 75 of
1874 360 55 75 the
1946 360 151 75 furrows,
2122 360 56 75 the
2194 360 90 75 ridge

1253 406 80 75 muft
1352 406 41 75 be
1409 406 103 75 raifed
1530 406 127 75 higher.

1300 455 52 75 By
1369 455 136 75 cajling,
1531 455 55 75 the
1603 455 124 75 crowns
1744 455 64 75 and
1829 455 136 75 furrows
1983 455 54 75 are
2053 455 139 75 likewife
2209 455 84 75 kept

1252 500 33 75 in
1312 500 77 75 they
1389 482 7 49 -
1422 500 122 75 former
1570 500 155 75 pofition:
1761 500 78 75 The
1863 500 106 75 ridges
1994 500 54 75 are
2067 500 164 75 ploughed
2252 500 35 75 in

1253 547 84 75 pairs
1351 547 9 75 :
1386 547 77 75 The
1476 547 120 75 plough
1614 547 74 75 may
1704 547 90 75 enter
1810 547 33 75 in
1868 547 55 75 the
1939 547 122 75 furrow
2077 547 138 75 betwixt
2231 547 55 75 the

1252 594 120 75 ridges,
1398 594 63 75 and
1477 594 121 75 plough
1615 594 59 75 out
1692 594 56 75 the
1767 594 120 75 ridges,
1913 594 130 75 turning
2062 594 54 75 the
2130 594 91 75 earth
2234 594 51 75 to-

1254 640 105 75 wards
1375 640 55 75 the
1447 640 122 75 furrow
1585 640 107 75 where
1712 640 27 75 it
1755 640 152 75 entered;
1933 640 51 75 or,
2009 640 55 75 the
2080 640 120 75 plough
2212 640 75 75 may

1255 686 89 75 enter
1359 686 32 75 in
1407 686 57 75 the
1480 686 122 75 furrov/
1619 686 41 75 on
1680 686 56 75 the
1754 686 86 75 right
1857 686 62 75 fide
1944 686 40 75 of
2003 686 56 75 the
2083 686 66 75 two
2166 686 118 75 ridges,

1254 733 76 75 then
1354 733 75 75 turn
1457 733 35 75 to
1520 733 56 75 the
1602 733 60 75 One
1678 733 43 75 on
1736 733 57 75 the
1809 733 73 75 left,
1908 733 63 75 and
1996 733 122 75 plough
2147 733 56 75 out
2231 733 56 75 the

1256 779 117 75 ridges,
1398 779 132 75 turning
1542 779 55 75 the
1609 779 91 75 earth
1713 779 36 75 to
1765 779 88 75 thefe
1869 779 151 75 furrows,
2046 779 63 75 and
2130 779 84 75 from
2230 779 57 75 the

1254 826 120 75 furrow
1391 826 71 75 that
1478 826 26 75 is
1522 826 137 75 betwixt
1676 826 100 75 them.
1812 826 53 75 By
1882 826 62 75 this
1962 826 131 75 method
2105 826 41 75 of
2152 826 135 75 plough-

1257 873 65 75 ing,
1347 873 56 75 the
1420 873 107 75 ridges
1543 873 53 75 are
1612 873 77 75 kept
1706 873 40 75 of
1756 873 56 75 the
1827 873 84 75 fame
1929 873 111 75 height
2052 873 33 75 in
2098 873 55 75 the
2166 873 121 75 crown,

1256 919 61 75 and
1332 919 62 75 one
1411 919 41 75 of
1471 919 56 75 the
1550 919 137 75 furrows
1703 919 93 75 made
1813 919 18 75 a
1846 919 85 75 little
1946 919 128 75 higher,
2100 919 63 75 and
2179 919 56 75 the
2252 919 36 75 o-

1255 965 73 75 ther
1348 965 19 75 a
1383 965 83 75 little
1482 965 100 75 lower
1597 965 79 75 than
1691 965 124 75 before.

1303 1013 156 75 Cleaving
1480 1013 27 75 is
1531 1013 56 75 the
1611 1013 123 75 reverfe
1763 1013 40 75 of
1825 1013 181 75 gathering.
2063 1013 77 75 The
2167 1013 121 75 plough

1256 1059 104 75 enters
1384 1059 30 75 in
1433 1059 55 75 the
1505 1059 121 75 furrow
1642 1059 42 75 on
1701 1059 56 75 the
1773 1059 165 75 right-fide
1955 1059 40 75 of
2006 1059 55 75 the
2077 1059 103 75 ridge,
2197 1059 90 75 turns

1255 1106 35 75 to
1317 1106 56 75 the
1400 1106 124 75 furrow
1548 1106 41 75 on
1620 1106 56 75 the
1704 1106 154 75 left-fide,
1893 1106 64 75 and
1982 1106 136 75 ploughs
2147 1106 57 75 out
2232 1106 58 75 the

1255 1152 103 75 ridge,
1376 1152 130 75 turning
1521 1152 55 75 the
1593 1152 91 75 earth
1698 1152 85 75 from
1800 1152 55 75 the
1873 1152 107 75 crown
1996 1152 140 75 towards
2149 1152 55 75 the
2217 1152 68 75 fur-

1256 1199 98 75 rows.
1411 1199 111 75 Every
1537 1199 91 75 ridge
1644 1199 27 75 is
1688 1199 163 75 ploughed
1866 1199 44 75 by
1925 1199 98 75 itfelf,
2052 1199 38 75 or
2106 1199 56 75 the
2179 1199 109 75 halves

1255 1245 41 75 of
1313 1245 66 75 two
1395 1245 189 75 contiguous
1601 1245 106 75 ridges
1723 1245 74 75 may
1812 1245 41 75 be
1872 1245 162 75 ploughed
2053 1245 161 75 together.
2257 1245 38 75 If

1258 1292 55 75 the
1329 1292 90 75 ridge
1434 1292 41 75 be
1487 1292 102 75 raifed
1604 1292 34 75 in
1653 1292 56 75 the
1728 1292 120 75 crown,
1867 1292 66 75 this
1950 1292 133 75 method
2102 1292 40 75 of
2153 1292 136 75 plough-

1256 1338 53 75 ing
1325 1338 108 75 makes
1460 1338 27 75 it
1513 1338 120 75 flatter,
1658 1338 45 75 by
1725 1338 161 75 throwing
1913 1338 87 75 fome
2028 1338 40 75 of
2086 1338 26 75 it
2135 1338 70 75 into
2232 1338 57 75 the

1256 1385 149 75 furrows.

1891 1385 8 75 ,

1305 1432 117 75 There
1445 1432 27 75 is
1490 1432 135 75 another
1640 1432 133 75 method
1801 1432 40 75 of
1859 1432 178 75 ploughing
2054 1432 76 75 ufed
2156 1432 32 75 in
2203 1432 87 75 fome

1258 1478 118 75 places,
1402 1478 103 75 called
1526 1478 140 75 ribbing.
1714 1478 86 75 This
1829 1478 134 75 method
1989 1478 27 75 is
2042 1478 182 75 performed
2247 1478 44 75 by

1259 1524 127 75 making
1401 1524 138 75 furrows
1556 1524 98 75 about
1677 1524 67 75 two
1768 1524 67 75 feet
1856 1524 115 75 dirtant
1988 1524 84 75 from
2089 1524 76 75 each
2181 1524 109 75 other.

1260 1571 72 75 One
1348 1571 75 75 half
1433 1571 40 75 of
1482 1571 56 75 the
1550 1571 122 75 furface
1687 1571 27 75 is
1726 1571 183 75 untouched
1924 1571 44 75 by
1983 1571 56 75 the
2055 1571 119 75 plough
2189 1571 10 75 ;
2226 1571 65 75 and

1260 1617 55 75 the
1336 1617 93 75 other
1444 1617 82 75 half,
1551 1617 107 75 which
1678 1617 56 75 the
1750 1617 121 75 plough
1888 1617 90 75 turns
1990 1617 42 75 up
2045 1617 33 75 in
2093 1617 129 75 making
2234 1617 56 75 the

1259 1664 151 75 furrows,
1434 1664 26 75 is
1477 1664 127 75 thrown
1615 1664 42 75 on
1673 1664 56 75 the
1744 1664 57 75 top
1814 1664 39 75 of
1863 1664 88 75 what
1966 1664 134 75 remains
2117 1664 72 75 fart.
2213 1664 78 75 The

1259 1710 76 75 land
1351 1710 73 75 may
1446 1710 40 75 be
1510 1710 163 75 ploughed
1688 1710 33 75 in
1737 1710 64 75 this
1817 1710 131 75 manner
1966 1710 102 75 either
2087 1710 137 75 without
2239 1710 53 75 re-

1260 1757 80 75 gard
1355 1757 35 75 to
1407 1757 119 75 ridges,
1552 1757 37 75 or
1605 1757 56 75 the
1681 1757 120 75 plough
1816 1757 75 75 may
1902 1757 41 75 be
1943 1739 12 49 1
1965 1757 93 75 made
2074 1757 35 75 to
2125 1757 89 75 enter
2230 1757 63 75 and

1261 1803 86 75 turn,
1373 1803 33 75 as
1434 1803 33 75 in
1494 1803 180 75 gathering,
1699 1803 129 75 carting,
1854 1803 38 75 or
1907 1803 158 75 cleaving.
2111 1803 87 75 This
2214 1803 79 75 kind

1261 1849 40 75 of
1315 1849 176 75 ploughing
1507 1849 26 75 is
1550 1849 120 75 feldom
1687 1849 164 75 practifed,
1877 1849 58 75 but
1950 1849 33 75 in
2000 1849 55 75 the
2072 1849 170 75 beginning
2258 1849 41 75 of

1262 1894 125 75 winter,
1413 1894 62 75 and
1486 1894 86 75 upon
1587 1894 76 75 land
1681 1894 33 75 to
1731 1894 39 75 be
1787 1894 85 75 fown
1889 1894 79 75 with
1984 1894 123 75 barley,
2126 1894 83 75 after
2225 1894 66 75 two

1262 1940 174 75 additional
1453 1940 90 75 clean
1559 1940 204 75 ploughings.
1796 1940 171 75 Although
1979 1940 86 75 fome
2081 1940 132 75 modern
2230 1940 60 75 im-

1261 1987 130 75 provers
1408 1987 81 75 have
1506 1987 197 75 condemned
1715 1987 137 75 ribbing,
1870 1987 26 75 it
1908 1987 155 75 certainly
2074 1987 57 75 has
2143 1987 42 75 its
2197 1987 69 75 ufes
2278 1987 10 75 :

1260 2034 33 75 It
1310 2034 96 75 keeps
1422 2034 56 75 the
1494 2034 76 75 land
1585 2034 62 75 dry
1660 2034 11 75 ;
1697 2034 56 75 the
1778 2034 68 75 rain
1871 2034 71 75 that
1958 2034 74 75 falls
2051 2034 27 75 is
2095 2034 146 75 confined
2256 2034 38 75 to

1262 2081 55 75 the
1334 2081 149 75 furrows,
1502 2081 86 75 from
1600 2081 130 75 whence
1741 2081 28 75 it
1785 2081 27 75 is
1830 2081 95 75 eafily
1942 2081 123 75 carried
2082 2081 68 75 off;
2175 2081 26 75 it
2218 2081 74 75 pro-

1260 2126 102 75 motes
1379 2126 55 75 the
1452 2126 124 75 rotting
1603 2126 41 75 of
1667 2126 55 75 the
1739 2126 134 75 ftubble,
1899 2126 64 75 and
1984 2126 132 75 expofes
2133 2126 19 75 a
2167 2126 126 75 greater

1261 2174 71 75 part
1346 2174 40 75 of
1397 2174 54 75 the
1468 2174 58 75 foil
1544 2174 34 75 to
1595 2174 57 75 the
1671 2174 156 75 influence
1844 2174 40 75 of
1895 2174 56 75 the
1968 2174 59 75 air.

1591 2280 8 75 ,
1634 2280 66 75 Of
1720 2280 202 75 Harrows.

1312 2360 85 75 The
1414 2360 129 75 harrow
1558 2360 28 75 is
1602 2360 40 75 an
1658 2360 185 75 inftrument
1859 2360 171 75 employed
2045 2360 52 75 for
2113 2360 181 75 ftnoothing

1266 2407 55 75 the
1336 2407 122 75 furface
1476 2407 83 75 after
1575 2407 55 75 the
1646 2407 77 75 land
1736 2407 29 75 is
1780 2407 173 75 ploughed.
2002 2407 73 75 One
2086 2407 93 75 horfe
2190 2407 26 75 is
2229 2407 64 75 fuf-

1266 2452 106 75 ficient
1389 2452 36 75 to
1442 2452 88 75 draw
1546 2452 56 75 the
1618 2452 128 75 harrow
1774 2452 183 75 commonly
1980 2452 78 75 ufed
2074 2452 32 75 in
2124 2452 169 75 Scotland.

1269 2499 191 75 Sometimes
1476 2499 66 75 two
1555 2499 39 75 of
1600 2499 89 75 them
1701 2499 42 75 go
1760 2499 147 75 a-breaft,
1925 2499 61 75 and
1997 2499 180 75 fometimes
2189 2499 104 75 three.

1267 2545 112 75 When
1395 2545 56 75 the
1467 2545 122 75 furface
1602 2545 26 75 is
1645 2545 80 75 very
1741 2545 115 75 rough,
1882 2545 66 75 two
1964 2545 52 75 are
2033 2545 159 75 reckoned
2208 2545 85 75 fuffi-

1270 2591 84 75 cient
1380 2591 52 75 for
1455 2591 56 75 the
1538 2591 157 75 attention
1713 2591 40 75 of
1764 2591 60 75 one
1840 2591 111 75 perfon
1964 2591 9 75 :
2011 2591 67 75 But
2094 2591 93 75 when
2203 2591 92 75 three

1270 2638 58 75 can
1350 2638 40 75 be
1407 2638 87 75 ufed,
1518 2638 78 75 they
1612 2638 92 75 make
1720 2638 106 75 better
1842 2638 103 75 work,
1971 2638 62 75 and
2057 2638 53 75 are
2134 2638 112 75 nearly
2261 2638 34 75 e-

1269 2683 75 75 qual
1365 2683 34 75 to
1416 2683 66 75 two
1498 2683 81 75 pair.

1316 2729 112 75 There
1444 2729 53 75 are
1513 2729 119 75 feveral
1648 2729 94 75 kinds
1761 2729 40 75 of
1810 2729 143 75 harrows
1968 2729 78 75 ufed
2065 2729 32 75 in
2127 2729 166 75 Scotland.

1269 2776 76 75 The
1362 2776 146 75 common
1524 2776 60 75 one
1600 2776 27 75 is
1644 2776 34 75 fo
1695 2776 73 75 well
1784 2776 117 75 known
1920 2776 71 75 that
2015 2776 27 75 it
2059 2776 97 75 needs
2173 2776 43 75 no
2238 2776 56 75 de-

1269 2822 165 75 feription.

1318 2868 110 75 When
1440 2868 55 75 the
1510 2868 76 75 land
1602 2868 26 75 is
1646 2868 114 75 rough,
1785 2868 55 75 the
1862 2868 142 75 harrows
2016 2868 54 75 are
2087 2868 53 75 apt
2156 2868 35 75 to
2207 2868 88 75 ftam,

1272 2915 61 75 and
1349 2915 54 75 get
1416 2915 91 75 a-top
1522 2915 42 75 of
1574 2915 77 75 each
1668 2915 106 75 other.
1822 2915 57 75 To
1894 2915 133 75 prevent
2047 2915 77 75 this,
2148 2915 85 75 fome
2249 2915 47 75 fix

1271 2961 103 75 pieces
1395 2961 39 75 of
1446 2961 139 75 crooked
1601 2961 116 75 timber
1741 2961 35 75 to
1798 2961 56 75 the
1871 2961 137 75 out-fide
2035 2961 85 75 bulls
2144 2961 70 75 that
2242 2961 54 75 are

1272 3009 187 75 contiguous
1477 3009 35 75 to
1536 3009 60 75 one
1619 3009 145 75 another,
1789 3009 117 75 which,
1931 3009 44 75 by
1991 3009 172 75 ftretching
2179 3009 17 75 a
2212 3009 87 75 little

2207 3047 87 75 over.
