2477 3395
549 138 35 75 B
643 138 44 75 U
748 138 34 75 L

1120 138 19 75 r
1200 138 80 75 688
1340 138 18 75 ^

1684 138 35 75 B
1780 138 43 75 U

171 197 170 75 Injulatai
355 197 219 75 Building,
600 197 70 75 that
695 197 104 75 which
820 197 30 75 is
877 197 58 75 not
962 197 188 75 contiguous
1172 197 36 75 to

218 244 60 75 any
289 244 105 75 other,
409 244 57 75 but
477 244 27 75 is
516 244 217 75 encouipalTed
745 244 78 75 with
836 244 121 75 ftreets,
972 244 82 75 open
1064 244 141 75 fquares,

221 290 37 75 or
274 290 55 75 the
346 290 78 75 like.

171 338 158 75 Engaged

590 338 60 75 one
667 338 197 75 furrounded
880 338 78 75 with
984 338 94 75 other
1102 338 105 75 build-

217 383 82 75 ings,
318 383 115 75 having
451 383 41 75 no
508 383 89 75 front
614 383 34 75 to
665 383 62 75 any
744 383 93 75 ftreet
853 383 38 75 or
907 383 107 75 public
1030 383 101 75 place,
1151 383 60 75 nor

218 431 61 75 any
303 431 265 75 communication
592 431 149 75 without,
775 431 57 75 but
857 431 43 75 by
926 431 19 75 a
969 431 146 75 common
1141 431 69 75 paf-

218 477 82 75 fage.

171 524 157 75 Interred
342 524 35 75 or
392 524 87 75 funk
504 524 218 75 Building,
747 524 62 75 one
834 524 106 75 whofe
965 524 73 75 area
1062 524 25 75 is
1105 524 105 75 below

218 571 54 75 the
298 571 122 75 furface
445 571 40 75 of
504 571 54 75 the
585 571 88 75 place
698 571 41 75 on
766 571 104 75 which
893 571 26 75 it
942 571 117 75 Hands,
1088 571 64 75 and
1174 571 41 75 of

218 617 104 75 which
340 617 56 75 the
413 617 107 75 lowelt
537 617 126 75 courfes
679 617 41 75 of
738 617 87 75 Hone
841 617 53 75 are
911 617 181 75 concealed.

169 665 201 75 Building
390 665 27 75 is
435 665 64 75 alfo
523 665 77 75 ufed
623 665 52 75 for
699 665 56 75 the
780 665 50 75 art
853 665 40 75 of
912 665 212 75 conftru£ting
1146 665 62 75 and

219 710 112 75 railing
357 710 38 75 an
421 710 133 75 edifice;
582 710 30 75 in
638 710 105 75 which
767 710 85 75 fenfe
877 710 24 75 it
926 710 229 75 comprehends
1174 710 33 75 as

216 757 72 75 well
305 757 55 75 the
376 757 171 75 expences,
573 757 33 75 as
632 757 54 75 the
710 757 162 75 invention
894 757 63 75 and
979 757 171 75 execution
1172 757 42 75 of

217 804 54 75 the
288 804 118 75 defign.

261 850 49 75 As
327 850 52 75 for
395 850 55 75 the
475 850 161 75 materials
662 850 41 75 of
721 850 174 75 buildings,
920 850 79 75 they
1024 850 53 75 are
1103 850 104 75 either

216 897 98 75 Hone,
340 897 34 75 as
392 897 133 75 marble,
551 897 184 75 free-ftone,
761 897 91 75 brick
864 897 53 75 for
933 897 56 75 the
1002 897 102 75 walls,
1122 897 86 75 mor-

216 944 61 75 tar,
303 944 65 75 <bc.
394 944 39 75 or
457 944 40 75 of
516 944 108 75 wood,
649 944 35 75 as
708 944 51 75 fir,
785 944 139 75 cyprefs,
950 944 112 75 cedars
1079 944 52 75 for
1147 944 60 75 pil-

214 992 63 75 lars
307 992 40 75 of
366 992 130 75 upright
523 992 82 75 ules,
638 992 64 75 oak
729 992 52 75 for
805 992 165 75 fummers,
1001 992 119 75 beams,
1145 992 62 75 and

215 1037 196 75 crop-work,
437 1037 38 75 or
497 1037 51 75 for
572 1037 125 75 joining
711 1037 67 75 and
801 1037 198 75 conne&ion.
1050 1037 61 75 See
1132 1037 75 75 Ar-

218 1084 269 75 chitecture.
500 1084 6 75 ,

167 1132 112 75 BUL,
311 1132 32 75 in
368 1132 55 75 the
449 1132 124 75 ancient
599 1132 144 75 Hebrew
766 1132 211 75 chronology,
1012 1132 55 75 the
1094 1132 113 75 eighth

214 1177 112 75 month
343 1177 40 75 of
402 1177 55 75 the
474 1177 229 75 ecclefiallical,
730 1177 60 75 and
808 1177 55 75 the
888 1177 115 75 fecond
1028 1177 40 75 of
1087 1177 55 75 the
1160 1177 44 75 ci-

213 1224 44 75 vil
274 1224 98 75 year;
399 1224 26 75 it
441 1224 57 75 has
516 1224 79 75 fince
618 1224 81 75 been
722 1224 103 75 called
840 1224 205 75 Marlhevan,
1069 1224 65 75 and
1151 1224 54 75 an-

215 1271 94 75 fwers
327 1271 34 75 to
379 1271 59 75 our
454 1271 156 75 O&ober.

166 1318 178 75 BULAC,
370 1318 18 75 a
404 1318 86 75 town
505 1318 37 75 of
555 1318 124 75 Egypt,
704 1318 134 75 fituated
850 1318 41 75 on
908 1318 56 75 the
980 1318 118 75 eaftern
1115 1318 90 75 Ihore

214 1364 42 75 of
274 1364 55 75 the
354 1364 84 75 river
464 1364 89 75 Nile,
587 1364 99 75 about
713 1364 66 75 tv?o
802 1364 93 75 miles
923 1364 76 75 weft
1022 1364 40 75 of
1086 1364 118 75 Grand

212 1410 111 75 Cairo,
349 1410 41 75 of
408 1410 106 75 which
530 1410 26 75 it
582 1410 26 75 is
633 1410 56 75 the
712 1410 191 75 port-town,
930 1410 62 75 and
1009 1410 143 75 contains
1169 1410 34 75 a-

210 1458 81 75 bout
315 1458 74 75 four
414 1458 158 75 thoufand
595 1458 159 75 families;
781 1458 44 75 E.
852 1458 89 75 long.
969 1458 81 75 32%
1076 1458 63 75 and
1154 1458 48 75 N.

213 1505 61 75 lat.
296 1505 44 75 30
340 1487 16 49 0
356 1505 15 75 .

259 1550 32 75 It
307 1550 27 75 is
351 1550 18 75 a
389 1550 88 75 place
494 1550 40 75 of
552 1550 90 75 great
659 1550 104 75 trade,
790 1550 33 75 as
841 1550 42 75 all
900 1550 55 75 the
977 1550 111 75 vdTels
1107 1550 98 75 going

212 1599 43 75 up
272 1599 62 75 and
358 1599 95 75 down
471 1599 58 75 the
553 1599 78 75 Nile
654 1599 93 75 make
763 1599 86 75 forae
866 1599 67 75 flay
949 1599 75 75 here
1037 1599 8 75 :
1073 1599 25 75 it
1115 1599 27 75 is
1159 1599 44 75 al-

213 1646 33 75 fo
262 1646 32 75 in
311 1646 64 75 this
388 1646 89 75 place
493 1646 73 75 that
582 1646 77 75 they
680 1646 55 75 cut
753 1646 56 75 the
825 1646 100 75 banks
941 1646 41 75 of
1000 1646 56 75 the
1072 1646 78 75 Nile
1171 1646 33 75 e-

211 1692 80 75 very
303 1692 87 75 year,
408 1692 32 75 in
453 1692 96 75 order
561 1692 35 75 to
609 1692 43 75 fill
668 1692 84 75 their
764 1692 118 75 canals,
901 1692 62 75 and
981 1692 151 75 overflow
1149 1692 56 75 the

211 1737 233 75 neighbouring
469 1737 154 75 grounds,
648 1737 138 75 without
808 1737 107 75 which
941 1737 55 75 the
1022 1737 57 75 foil
1096 1737 109 75 would

211 1784 140 75 produce
363 1784 125 75 neither
500 1784 90 75 grain
606 1784 60 75 nor
681 1784 152 75 herbage.

163 1832 210 75 BULAFO,
411 1832 18 75 a
457 1832 126 75 mufical
611 1832 185 75 inftrument
823 1832 163 75 confifting
1012 1832 41 75 of
1083 1832 119 75 feveral

211 1878 87 75 pipes
315 1878 41 75 of
374 1878 108 75 wood,
508 1878 67 75 tied
600 1878 149 75 together
773 1878 79 75 with
877 1878 118 75 thongs
1020 1878 40 75 of
1078 1878 126 75 leather

210 1925 34 75 fo
261 1925 33 75 as
311 1925 36 75 to
363 1925 86 75 form
465 1925 19 75 a
501 1925 89 75 fmall
606 1925 157 75 interftice
779 1925 145 75 between
940 1925 78 75 each
1036 1925 85 75 pipe.
1170 1925 33 75 It

212 1972 25 75 is
253 1972 75 75 ufed
346 1972 43 75 by
406 1972 55 75 the
477 1972 135 75 negroes
630 1972 40 75 of
689 1972 144 75 Guinea.

164 2020 142 75 BULB,
331 2020 37 75 or
386 2020 186 75 Bulbous
597 2020 117 75 root,
739 2020 31 75 in
783 2020 56 75 the
856 2020 150 75 anatomy
1022 2020 40 75 of
1081 2020 118 75 plants,

210 2064 157 75 expreffes
385 2064 19 75 a
420 2064 76 75 root
517 2064 39 75 of
576 2064 18 75 a
610 2064 102 75 round
730 2064 37 75 or
784 2064 146 75 roundilh
947 2064 112 75 figure,
1086 2064 62 75 and
1165 2064 36 75 u-

210 2112 102 75 fually
328 2112 161 75 furnilhed
506 2112 77 75 with
601 2112 93 75 fibres
711 2112 33 75 at
761 2112 40 75 its
814 2112 86 75 bafe.

258 2158 145 75 Bulbous
420 2158 88 75 roots
531 2158 53 75 are
602 2158 66 75 faid
685 2158 34 75 to
735 2158 40 75 be
798 2158 93 75 folid,
916 2158 95 75 when
1034 2158 168 75 compofed

212 2204 39 75 of
280 2204 60 75 one
367 2204 140 75 uniform
532 2204 88 75 lump
648 2204 41 75 of
718 2204 137 75 matter;
894 2204 175 75 tunicated,
1109 2204 92 75 when

212 2251 124 75 formed
360 2251 39 75 of
419 2251 185 75 multitudes
628 2251 40 75 of
688 2251 101 75 coats,
814 2251 211 75 furrounding
1049 2251 60 75 one
1126 2251 76 75 ano-

212 2299 91 75 ther;
331 2299 177 75 fquamofe,
532 2299 93 75 when
648 2299 170 75 compofed
843 2299 47 75 of,
915 2299 37 75 or
968 2299 138 75 covered
1122 2299 79 75 with

210 2345 90 75 lefler
324 2345 119 75 flakes;
470 2345 172 75 duplicate,
668 2345 92 75 when
785 2345 92 75 there
901 2345 53 75 are
976 2345 77 75 only
1077 2345 65 75 two
1166 2345 36 75 to

211 2392 76 75 each
305 2392 110 75 plant;
442 2392 62 75 and
530 2392 182 75 aggregate,
738 2392 93 75 when
849 2392 90 75 there
956 2392 27 75 is
1003 2392 18 75 a
1038 2392 163 75 congeries

208 2440 41 75 of
266 2440 79 75 fuch
363 2440 88 75 roots
465 2440 34 75 to
517 2440 77 75 each
612 2440 101 75 plant.

165 2483 453 75 BULBOCASTANUM,
644 2483 34 75 in
694 2483 132 75 botany.
877 2483 252 75 SeeBuNiuM.

165 2531 378 75 BULBOCODIUM,
569 2531 32 75 in
617 2531 133 75 botany,
776 2531 18 75 a
819 2531 100 75 genus
941 2531 40 75 of
1002 2531 53 75 the
1078 2531 122 75 hexan-

209 2580 69 75 dria
303 2580 193 75 monogynia
519 2580 89 75 clafs.
657 2580 77 75 The
759 2580 123 75 corolla
905 2580 27 75 is
957 2580 115 75 ftiaped
1096 2580 65 75 like
1184 2580 19 75 a

212 2625 122 75 tunnel,
360 2625 62 75 and
446 2625 125 75 confifts
595 2625 40 75 of
654 2625 60 75 five
738 2625 123 75 petals;
888 2625 56 75 the
968 2625 95 75 claws
1087 2625 40 75 of
1146 2625 56 75 the

212 2672 102 75 petals
331 2672 54 75 are
398 2672 138 75 narrow.
584 2672 112 75 There
712 2672 26 75 is
756 2672 57 75 but
830 2672 59 75 one
902 2672 130 75 fpecies,
1057 2672 71 75 viz.
1146 2672 56 75 the

213 2718 143 75 vernum,
381 2718 18 75 a
416 2718 105 75 native
538 2718 40 75 of
598 2718 110 75 Spain.

166 2764 236 75 BULBOSE.
454 2764 61 75 See
532 2764 121 75 Bulb.

164 2811 262 75 BULRUT/E,
460 2811 33 75 in
517 2811 143 75 Grecian
688 2811 172 75 antiquity,
893 2811 85 75 were
1005 2811 197 75 magiftrates

212 2857 174 75 anfwering
403 2857 34 75 to
454 2857 56 75 the
527 2857 187 75 decuriones
731 2857 115 75 among
864 2857 55 75 the
931 2857 158 75 Romans.
1140 2857 62 75 See

213 2904 199 75 Decurio.

164 2952 218 75 BULGAR,
409 2952 55 75 the
489 2952 115 75 capital
629 2952 40 75 of
689 2952 54 75 the
772 2952 151 75 province
948 2952 39 75 of
1007 2952 133 75 Bulgar,
1169 2952 32 75 in

1302 205 117 75 Ruflia,
1444 205 135 75 fituated
1601 205 44 75 on
1669 205 56 75 the
1753 205 84 75 river
1862 205 147 75 Wolga;
2036 205 43 75 E.
2103 205 87 75 long,
2214 205 36 75 ci
2250 187 25 49 0
2275 205 17 75 ,

1304 250 58 75 and
1381 250 46 75 N.
1446 250 56 75 lat.
1525 250 43 75 54
1568 232 23 49 0
1591 250 15 75 .

1256 299 268 75 BULGARIA,
1550 299 19 75 a
1585 299 148 75 province
1750 299 40 75 of
1807 299 120 75 Turky
1944 299 31 75 in
2000 299 143 75 Europe,
2167 299 124 75 bound-

1303 344 40 75 ed
1354 344 44 75 by
1410 344 54 75 the
1483 344 83 75 river
1583 344 152 75 Danube,
1759 344 105 75 which
1881 344 124 75 divides
2020 344 26 75 it
2063 344 84 75 from
2164 344 127 75 Walla-

1303 391 71 75 chia
1391 391 62 75 and
1468 391 170 75 Moldavia
1653 391 41 75 on
1715 391 55 75 the
1782 391 109 75 north,
1917 391 44 75 by
1977 391 54 75 the
2050 391 100 75 Black
2169 391 62 75 Sea
2248 391 43 75 on

1304 437 54 75 the
1375 437 74 75 eaft,
1475 437 43 75 by
1540 437 158 75 Romania
1718 437 41 75 on
1777 437 55 75 the
1848 437 105 75 fouth,
1979 437 62 75 and
2056 437 44 75 by
2121 437 113 75 Servia
2249 437 42 75 on

1305 484 54 75 the
1377 484 86 75 weft.
1512 484 49 75 Its
1574 484 90 75 chief
1683 484 66 75 city
1761 484 25 75 is
1803 484 181 75 Nicopolis.

1257 530 233 75 Bulgarian
1516 530 172 75 language,
1725 530 53 75 the
1804 530 83 75 fame
1914 530 78 75 with
2023 530 55 75 the
2107 530 182 75 Sclavonic.

1257 577 204 75 BULIMY,
1480 577 17 75 a
1514 577 115 75 difeafe
1647 577 30 75 in
1695 577 106 75 which
1818 577 54 75 the
1889 577 120 75 patient
2025 577 27 75 is
2069 577 221 75 affededwith

1304 622 37 75 an
1361 622 163 75 infatiable
1541 622 61 75 and
1619 622 164 75 perpetual
1802 622 99 75 defire
1921 622 40 75 of
1979 622 126 75 eating;
2131 622 75 75 and,
2231 622 59 75 un-

1303 669 59 75 lefs
1379 669 39 75 he
1436 669 26 75 is
1479 669 164 75 indulged,
1661 669 41 75 he
1718 669 89 75 often
1819 669 74 75 falls
1909 669 69 75 into
1993 669 135 75 fainting
2145 669 63 75 fits.
2258 669 33 75 It

1303 715 24 75 is
1346 715 65 75 alfo
1427 715 103 75 called
1543 715 114 75 fames
1674 715 132 75 canina,
1831 715 110 75 canine
1953 715 151 75 appetite.

1256 763 264 75 BUL1THUS,
1547 763 18 75 a
1581 763 86 75 ftone
1692 763 98 75 found
1815 763 103 75 either
1942 763 32 75 in
1992 763 54 75 the
2062 763 226 75 gall-bladder,

1303 807 36 75 or
1354 807 33 75 in
1403 807 55 75 the
1471 807 133 75 kidneys
1621 807 62 75 and
1700 807 134 75 bladder
1850 807 40 75 of
1908 807 38 75 an
1964 807 58 75 ox.
2073 807 62 75 See
2150 807 90 75 Bos.

1256 855 133 75 BULK
1406 855 43 75 of
1463 855 22 75 a
1498 855 91 75 flip,
1614 855 56 75 the
1686 855 106 75 whole
1808 855 129 75 content
1954 855 32 75 in
2003 855 55 75 the
2074 855 79 75 hold
2169 855 52 75 for
2234 855 56 75 the

1303 902 136 75 ftowage
1455 902 40 75 of
1513 902 114 75 goods.

1256 949 255 75 Bulk-heads
1532 949 54 75 are
1611 949 167 75 partitions
1795 949 93 75 made
1904 949 138 75 athwart
2058 949 55 75 the
2130 949 64 75 ftiip
2210 949 80 75 with

1303 995 128 75 boards,
1456 995 44 75 by
1516 995 104 75 which
1639 995 60 75 one
1716 995 70 75 part
1802 995 26 75 is
1845 995 131 75 divided
1990 995 84 75 from
2093 995 56 75 the
2173 995 93 75 other
2279 995 11 75 ;

1302 1040 33 75 as
1359 1040 56 75 the
1439 1040 90 75 great
1551 1040 126 75 cabbin,
1702 1040 184 75 gun-room,
1912 1040 216 75 bread-room,
2157 1040 62 75 and
2242 1040 46 75 fe-

1302 1087 87 75 veral
1416 1087 94 75 other
1531 1087 164 75 divifions.
1751 1087 77 75 The
1855 1087 178 75 bulk-head
2061 1087 90 75 afore
2178 1087 27 75 is
2232 1087 57 75 the

1301 1134 152 75 partition
1470 1134 144 75 between
1640 1134 55 75 the
1719 1134 181 75 fore-caftle
1925 1134 62 75 and
2010 1134 142 75 gratings
2176 1134 32 75 in
2233 1134 56 75 the

1299 1180 97 75 head.

1253 1228 145 75 BULL,
1424 1228 32 75 in
1475 1228 152 75 zoology.
1679 1228 61 75 See
1756 1228 94 75 Bos.

1253 1273 120 75 Bull,
1415 1273 32 75 in
1480 1273 192 75 aftronomy.
1738 1273 62 75 See
1826 1273 271 75 Astronomy,
2138 1273 33 75 p.
2201 1273 83 75 486,

1299 1325 80 75 487.

1251 1365 244 75 Bull’s-eye,
1521 1365 115 75 among
1652 1365 135 75 feamen,
1812 1365 19 75 a
1854 1365 101 75 fmall,
1981 1365 145 75 obfcure,
2152 1365 134 75 fublime

1300 1411 107 75 cloud,
1433 1411 103 75 ruddy
1548 1411 33 75 in
1598 1411 55 75 the
1671 1411 131 75 middle,
1827 1411 70 75 that
1909 1411 179 75 fometimes
2102 1411 130 75 appears
2250 1411 37 75 to

1299 1457 163 75 mariners,
1488 1457 62 75 and
1576 1457 26 75 is
1619 1457 56 75 the
1699 1457 181 75 immediate
1896 1457 188 75 forerunner
2099 1457 40 75 of
2161 1457 20 75 a
2196 1457 91 75 great

1299 1504 94 75 ftorm
1410 1504 33 75 at
1459 1504 62 75 fea.

1253 1551 260 75 Bull-finch,
1538 1551 32 75 in
1588 1551 219 75 ornithology.
1858 1551 62 75 See
1937 1551 150 75 Loxia.

1254 1597 242 75 Bull-frog,
1518 1597 34 75 in
1571 1597 152 75 zoology,
1750 1597 61 75 See
1828 1597 125 75 Rana.

1252 1643 245 75 Bull-head,
1523 1643 31 75 in
1571 1643 224 75 ichthyology.
1847 1643 255 75 SccCottus.

1253 1690 121 75 Bull,
1400 1690 115 75 among
1531 1690 213 75 ecclefiaftics,
1770 1690 18 75 a
1804 1690 126 75 written
1948 1690 107 75 letter,
2085 1690 196 75 difpatched,

1299 1735 43 75 by
1359 1735 95 75 order
1470 1735 40 75 of
1522 1735 55 75 the
1594 1735 92 75 pope,
1713 1735 82 75 from
1813 1735 55 75 the
1885 1735 127 75 Roman
2029 1735 167 75 chancery,
2222 1735 63 75 and

1299 1783 103 75 fealed
1430 1783 79 75 with
1537 1783 84 75 lead,
1658 1783 95 75 being
1783 1783 128 75 written
1939 1783 41 75 on
2008 1783 199 75 parchment,
2242 1783 44 75 by

1299 1829 104 75 which
1421 1829 24 75 it
1462 1829 26 75 is
1505 1829 108 75 partly
1629 1829 223 75 diftinguifhed
1867 1829 85 75 from
1969 1829 17 75 a
2007 1829 95 75 brief.
2152 1829 62 75 See
2231 1829 55 75 the

1299 1875 109 75 article
1425 1875 135 75 Brief.

1345 1921 32 75 It
1394 1921 25 75 is
1438 1921 18 75 a
1480 1921 78 75 kind
1573 1921 42 75 of
1634 1921 182 75 apoftolical
1842 1921 142 75 refcript,
2003 1921 36 75 or
2059 1921 93 75 edidt,
2180 1921 61 75 and
2258 1921 26 75 is

1299 1968 114 75 chiefly
1428 1968 34 75 in
1478 1968 53 75 ufe
1554 1968 31 75 in
1614 1968 130 75 matters
1762 1968 40 75 of
1820 1968 113 75 juftice
1950 1968 37 75 or
2013 1968 107 75 grace.
2168 1968 38 75 If
2228 1968 57 75 the

1297 2013 119 75 former
1432 2013 40 75 be
1497 2013 56 75 the
1580 2013 155 75 intention
1752 2013 40 75 of
1814 2013 55 75 the
1885 2013 81 75 bull,
1994 2013 56 75 the
2067 2013 70 75 lead
2153 2013 27 75 is
2196 2013 88 75 hung

1298 2060 43 75 by
1356 2060 19 75 a
1391 2060 135 75 hempen
1544 2060 76 75 cord
1633 2060 12 75 ;
1671 2060 31 75 if
1724 2060 56 75 the
1796 2060 109 75 latter,
1929 2060 44 75 by
1989 2060 19 75 a
2033 2060 98 75 fifteen
2154 2060 127 75 thread.

1298 2105 31 75 It
1358 2105 25 75 is
1402 2105 63 75 this
1493 2105 137 75 pendent
1659 2105 85 75 lead,
1770 2105 36 75 or
1834 2105 75 75 feal,
1934 2105 107 75 which
2068 2105 39 75 is,
2132 2105 152 75 properly

1298 2152 160 75 fpeaking,
1483 2152 56 75 the
1567 2152 81 75 bull,
1673 2152 63 75 and
1762 2152 106 75 which
1897 2152 26 75 is
1951 2152 177 75 imprefied,
2153 2152 42 75 on
2222 2152 62 75 one

1300 2199 74 75 fide,
1400 2199 76 75 with
1495 2199 55 75 the
1576 2199 99 75 heads
1693 2199 40 75 of
1757 2199 52 75 St.
1827 2199 97 75 Peter
1940 2199 63 75 and
2031 2199 51 75 St.
2101 2199 95 75 Paul,
2221 2199 63 75 and

1300 2246 40 75 on
1358 2246 55 75 the
1430 2246 94 75 other
1538 2246 79 75 with
1634 2246 55 75 the
1706 2246 90 75 name
1813 2246 40 75 of
1872 2246 56 75 the
1952 2246 81 75 pope
2057 2246 63 75 and
2136 2246 55 75 the
2208 2246 76 75 year

1299 2293 40 75 of
1360 2293 50 75 his
1438 2293 195 75 pontificate.
1681 2293 77 75 The
1777 2293 74 75 Eull
1880 2293 26 75 is
1934 2293 128 75 written
2090 2293 32 75 in
2146 2293 39 75 an
2213 2293 68 75 old,

1298 2338 114 75 round,
1438 2338 109 75 gothic
1573 2338 108 75 letter,
1707 2338 62 75 and
1795 2338 27 75 is
1850 2338 130 75 divided
2007 2338 69 75 into
2094 2338 60 75 five
2181 2338 101 75 parts,

1298 2386 55 75 the
1377 2386 157 75 narrative
1550 2386 41 75 of
1613 2386 56 75 the
1685 2386 75 75 fa<ft,
1786 2386 55 75 the
1869 2386 200 75 conception,
2094 2386 56 75 the
2167 2386 114 75 claufe,

1298 2433 55 75 the
1370 2433 87 75 date,
1482 2433 63 75 and
1561 2433 56 75 the
1644 2433 181 75 falutation,
1850 2433 31 75 in
1898 2433 105 75 which
2019 2433 55 75 the
2089 2433 83 75 pope
2189 2433 94 75 ftyles

1296 2477 253 75 himfelffervus
1554 2477 185 75 fervorum,
1765 2477 25 75 i.
1807 2477 30 75 e.
1863 2477 58 75 the
1937 2477 125 75 fervant
2078 2477 39 75 ©f
2128 2477 153 75 fervants.

1345 2524 108 75 Thefe
1483 2524 213 75 inftruments,
1738 2524 117 75 befides
1888 2524 55 75 the
1972 2524 75 75 lead
2077 2524 139 75 hanging
2246 2524 37 75 to

1299 2571 99 75 them,
1420 2571 84 75 have
1520 2571 18 75 a
1554 2571 98 75 crofs,
1676 2571 80 75 with
1783 2571 86 75 fome
1893 2571 75 75 text
1993 2571 42 75 of
2056 2571 164 75 feripture,
2245 2571 37 75 or

1298 2619 150 75 religious
1464 2619 117 75 motto,
1607 2619 98 75 about
1732 2619 39 75 it.
1819 2619 93 75 Bulls
1929 2619 53 75 are
2009 2619 134 75 granted
2158 2619 53 75 for
2227 2619 57 75 the

1300 2662 212 75 confecration
1537 2662 40 75 of
1600 2662 138 75 bifhops,
1762 2662 55 75 the
1844 2662 180 75 promotion
2052 2662 35 75 to
2114 2662 167 75 benefices,

1300 2709 62 75 and
1377 2709 55 75 the
1448 2709 194 75 celebration
1660 2709 40 75 of
1706 2709 150 75 jubilees,
1882 2709 64 75 &c.

1252 2757 106 75 Bull
1388 2757 36 75 in
1452 2757 85 75 c<xna
1563 2757 150 75 Domini,
1752 2757 19 75 a
1791 2757 172 75 particular
1986 2757 68 75 bull
2082 2757 76 75 read
2186 2757 96 75 every

1299 2802 85 75 year,
1410 2802 41 75 on
1479 2802 56 75 the
1562 2802 64 75 day
1642 2802 40 75 of
1704 2802 55 75 the
1786 2802 121 75 Lord’s
1931 2802 125 75 fupper,
2080 2802 38 75 or
2133 2802 151 75 Maundy

1298 2848 184 75 Thurfday,
1507 2848 33 75 in
1556 2848 55 75 the
1637 2848 108 75 pope’s
1770 2848 159 75 prefence,
1954 2848 181 75 containing
2149 2848 134 75 excom-

1298 2894 210 75 munications
1535 2894 61 75 and
1624 2894 182 75 anathemas
1834 2894 117 75 againft
1979 2894 150 75 heretics,
2154 2894 60 75 and
2240 2894 43 75 all

1300 2942 74 75 who
1390 2942 119 75 difturb
1526 2942 36 75 or
1583 2942 113 75 oppofe
1712 2942 56 75 the
1789 2942 200 75 jurifdidion
2004 2942 40 75 of
2055 2942 55 75 the
2123 2942 80 75 holy
2219 2942 64 75 fee.

2186 2983 99 75 After
