2428 3377
661 158 43 75 A
818 158 44 75 N
980 158 40 75 A
1138 158 41 75 T

163 221 81 75 Ths
263 221 187 75 duodenum
476 221 118 75 having
611 221 100 75 arifen
728 221 85 75 from
831 221 56 75 the
901 221 147 75 pylorus,
1071 221 27 75 is
1112 221 59 75 im-

118 266 174 75 mediately
319 266 78 75 bent
418 266 19 75 a
461 266 85 75 little
566 266 186 75 backward,
779 266 64 75 and
867 266 168 75 obliquely
1059 266 112 75 down-

123 314 90 75 ward
224 314 11 75 ;
262 314 78 75 then
359 314 25 75 it
400 314 101 75 bends
515 314 17 75 a
548 314 117 75 fecond
682 314 78 75 time
778 314 126 75 toward
924 314 56 75 the
998 314 85 75 right
1100 314 72 75 kid-

119 364 76 75 ney,
222 364 34 75 to
274 364 106 75 which
398 364 25 75 it
440 364 27 75 is
485 364 18 75 a
527 364 84 75 little
644 364 186 75 conne&ed,
856 364 63 75 and
943 364 85 75 from
1056 364 116 75 thence

120 408 100 75 palfes
246 408 111 75 before
374 408 56 75 the
445 408 90 75 renal
563 408 109 75 artery
689 408 63 75 and
767 408 87 75 ve-n,
880 408 169 75 afcending
1066 408 104 75 infen-

120 455 80 75 fibly
216 455 85 75 from
320 455 85 75 right
423 455 34 75 to
483 455 73 75 left,
583 455 47 75 till
654 455 26 75 it
697 455 71 75 gets
785 455 112 75 before
916 455 56 75 the
1001 455 89 75 aorta
1108 455 63 75 and

120 502 59 75 laft
207 502 155 75 vertebrae
395 502 42 75 of
464 502 54 75 the
559 502 95 75 back.
711 502 33 75 It
776 502 166 75 continues
975 502 43 75 its
1060 502 110 75 courfe

123 548 169 75 obliquely
305 548 159 75 forward,
476 548 44 75 by
537 548 18 75 a
570 548 109 75 gentle
696 548 88 75 turn.

169 595 161 75 Through
363 595 62 75 this
454 595 107 75 whole
594 595 125 75 courfe,
745 595 56 75 the
830 595 187 75 duodenum
1036 595 26 75 is
1079 595 89 75 firm-

123 642 36 75 ly
186 642 109 75 bound
322 642 95 75 down
441 642 44 75 by
502 642 85 75 folds
615 642 41 75 of
675 642 55 75 the
754 642 220 75 peritonaeum,
1000 642 174 75 efpecially

122 690 45 75 by
183 690 19 75 a
216 690 174 75 tranfverfe
406 690 202 75 duplicature
624 690 108 75 which
749 690 88 75 gives
856 690 104 75 origin
978 690 34 75 to
1029 690 56 75 the
1103 690 66 75 me-

124 735 145 75 focolon.

169 783 77 75 The
262 783 68 75 villi
354 783 40 75 of
405 783 64 75 this
493 783 145 75 intefline
656 783 53 75 are
727 783 126 75 thicker
870 783 79 75 than
969 783 31 75 in
1024 783 56 75 the
1106 783 64 75 flo-

126 829 92 75 mach
232 829 10 75 ;
269 829 58 75 but
344 829 55 75 the
416 829 130 75 texture
562 829 40 75 of
625 829 88 75 them
730 829 33 75 in
780 829 73 75 man
878 829 27 75 is
923 829 58 75 not
996 829 64 75 like
1069 829 100 75 hairs,

126 877 35 75 as
186 877 78 75 they
289 877 54 75 are
367 877 183 75 commonly
573 877 206 75 reprefented
803 877 33 75 in
862 877 139 75 figures;
1036 877 58 75 but
1120 877 49 75 ra-

126 923 72 75 ther
227 923 65 75 like
316 923 70 75 that
414 923 40 75 of
473 923 20 75 a
508 923 139 75 fungous
672 923 191 75 granulated
889 923 174 75 fubftance,
1082 923 87 75 com-

126 970 98 75 pofed
241 970 40 75 of
301 970 40 75 an
364 970 123 75 infinite
513 970 137 75 number
667 970 40 75 of
718 970 78 75 very
812 970 63 75 fine
905 970 126 75 papillae
1049 970 40 75 of
1107 970 64 75 dif-

130 1016 104 75 ferent
252 1016 129 75 figures,
407 1016 33 75 in
457 1016 107 75 which
582 1016 48 75 we
647 1016 63 75 fee,
736 1016 142 75 through
895 1016 19 75 a
930 1016 207 75 microfcope,
1156 1016 19 75 a

129 1064 171 75 Ciuhitude
324 1064 39 75 of
383 1064 164 75 depreffed
563 1064 104 75 points
692 1064 37 75 or
757 1064 107 75 pores,
889 1064 45 75 by
958 1064 105 75 which
1089 1064 85 75 their

133 1110 105 75 whole
262 1110 123 75 furface
401 1110 100 75 feems
519 1110 35 75 to
571 1110 39 75 be
626 1110 142 75 pierced.

177 1158 52 75 By
245 1158 56 75 the
323 1158 83 75 fame
422 1158 76 75 help
526 1158 49 75 we
591 1158 143 75 obferve,
760 1158 43 75 on
831 1158 150 75 different
1005 1158 109 75 places
1139 1158 41 75 of

132 1204 58 75 the
223 1204 96 75 inner,
337 1204 123 75 furface
491 1204 41 75 of
551 1204 64 75 this
639 1204 158 75 inteftine,
830 1204 120 75 feveral
977 1204 104 75 round
1112 1204 61 75 vil-

131 1250 72 75 lous
229 1250 173 75 tubercles,
428 1250 94 75 rifing
547 1250 66 75 like
640 1250 91 75 fmall
746 1250 124 75 verucae
893 1250 34 75 at
951 1250 152 75 different
1124 1250 50 75 di-

133 1298 122 75 ftances
273 1298 86 75 from
375 1298 79 75 each
473 1298 107 75 other.

178 1344 85 75 This
280 1344 161 75 fubftance
457 1344 129 75 fu(tains
603 1344 38 75 an
658 1344 122 75 infinite
796 1344 134 75 number
954 1344 40 75 of
1014 1344 158 75 capillary

132 1391 123 75 veffels,
282 1391 39 75 of
339 1391 154 75 different
508 1391 116 75 kinds;
651 1391 52 75 for
720 1391 119 75 befides
857 1391 55 75 the
931 1391 238 75 blood-veffeis,

133 1439 50 75 we
210 1439 182 75 fometimes
427 1439 131 75 obferve
583 1439 19 75 a
626 1439 90 75 great
744 1439 135 75 number
908 1439 40 75 of
974 1439 110 75 white'
1104 1439 68 75 fila-

134 1484 104 75 ments
257 1484 104 75 which
379 1484 57 75 run
454 1484 142 75 through
609 1484 37 75 it,
673 1484 64 75 and
747 1484 64 75 end
823 1484 32 75 at
872 1484 41 75 its
930 1484 90 75 inner
1037 1484 136 75 furface,

134 1532 65 75 like
215 1532 34 75 fo
265 1532 95 75 many
386 1532 153 75 capillary
557 1532 88 75 roots
673 1532 40 75 of
731 1532 57 75 the
805 1532 125 75 yeffels,
956 1532 103 75 called
1086 1532 88 75 venae

135 1581 121 75 ladteae.

183 1625 77 75 The
284 1625 138 75 internal
453 1625 125 75 furface
605 1625 42 75 of
664 1625 56 75 the
752 1625 183 75 duodenum
963 1625 26 75 is
1013 1625 163 75 furnifiied

136 1672 81 75 with
234 1672 19 75 a
275 1672 92 75 great
390 1672 133 75 number
550 1672 41 75 of
610 1672 90 75 fmall
728 1672 54 75 flat
807 1672 167 75 glandular
1001 1672 173 75 tubercles,

138 1717 101 75 raifed
256 1717 43 75 on
315 1717 55 75 the
382 1717 92 75 fides,
492 1717 62 75 and
569 1717 163 75 depreffed
748 1717 32 75 in
794 1717 55 75 the
865 1717 133 75 middle,
1016 1717 43 75 by
1069 1717 18 75 a
1098 1717 78 75 kind

136 1765 42 75 of
196 1765 133 75 foffula;
355 1765 63 75 and
445 1765 79 75 they
551 1765 53 75 are
628 1765 88 75 more
741 1765 171 75 numerous
944 1765 74 75 near
1042 1765 56 75 the
1119 1765 56 75 be-

140 1811 134 75 ginning
290 1811 40 75 of
349 1811 64 75 this
430 1811 143 75 inteftine
598 1811 77 75 than
690 1811 65 75 any
774 1811 109 75 where
899 1811 75 75 elfe.

185 1857 108 75 Thefe
317 1857 111 75 glands
445 1857 116 75 appear
576 1857 64 75 like
652 1857 84 75 little
752 1857 164 75 bladders,
941 1857 78 75 with
1038 1857 56 75 the
1110 1857 65 75 ori-

139 1905 76 75 fices
257 1905 116 75 turned
402 1905 125 75 toward
560 1905 55 75 the
644 1905 108 75 cavity
780 1905 40 75 of
854 1905 55 75 the
932 1905 157 75 inteftine,
1114 1905 64 75 and

140 1952 56 75 the
211 1952 112 75 bodies
348 1952 89 75 fixed
453 1952 33 75 in
511 1952 55 75 the
593 1952 122 75 fpungy
729 1952 163 75 fubftance
917 1952 79 75 next
1023 1952 56 75 the
1103 1952 72 75 ner-

138 1998 81 75 vous
237 1998 84 75 coat.
370 1998 100 75 They
486 1998 120 75 furnifh
627 1998 18 75 a
661 1998 174 75 particular
850 1998 98 75 vifcid
965 1998 90 75 fluid.

188 2043 37 75 In
243 2043 55 75 the
326 2043 90 75 inner
431 2043 122 75 furface
570 2043 40 75 of
629 2043 56 75 the
712 2043 196 75 duodenum,
934 2043 110 75 almoft
1070 2043 33 75 at
1119 2043 55 75 the

140 2090 100 75 lower
256 2090 71 75 part
352 2090 40 75 of
410 2090 56 75 the
492 2090 66 75 firft
577 2090 212 75 incurvation,
815 2090 63 75 and
902 2090 42 75 on
967 2090 56 75 the
1045 2090 131 75 fhorteft

138 2137 79 75 fide,
243 2137 90 75 there
350 2137 27 75 is
407 2137 17 75 a
451 2137 213 75 longitudinal
690 2137 177 75 eminence,
891 2137 32 75 in
940 2137 55 75 the
1020 2137 90 75 point
1137 2137 38 75 or

141 2183 84 75 apex
239 2183 40 75 of
297 2183 105 75 which
414 2183 57 75 lies
488 2183 19 75 a
523 2183 171 75 particular
706 2183 150 75 opening,
881 2183 106 75 which
1003 2183 26 75 is
1042 2183 57 75 the
1110 2183 66 75 ori-

141 2230 61 75 fice
220 2230 41 75 of
272 2230 55 75 the
344 2230 111 75 duftus
472 2230 145 75 bilarius,
643 2230 112 75 within
776 2230 106 75 which
899 2230 55 75 the
971 2230 112 75 duttus
1098 2230 79 75 pan-

143 2276 154 75 creaticus
310 2276 139 75 likewife
462 2276 112 75 opens.

238 2382 458 75 INTESTINUM
745 2382 335 75 JEJUNUM.

190 2460 87 75 The
294 2460 159 75 jejunum,
478 2460 34 75 fo
537 2460 116 75 called,
677 2460 23 75 b
719 2460 91 75 caufe
826 2460 25 75 it
872 2460 27 75 is
928 2460 126 75 oftener
1077 2460 101 75 found

145 2508 107 75 empty
271 2508 76 75 than
363 2508 55 75 the
432 2508 102 75 ilium,
559 2508 111 75 begins
685 2508 32 75 at
730 2508 55 75 the
797 2508 56 75 laft
865 2508 198 75 incurvation
1076 2508 40 75 of
1122 2508 55 75 the

145 2553 196 75 duodenum,
367 2553 62 75 and
455 2553 28 75 is
499 2553 92 75 there
619 2553 172 75 connetfted
811 2553 36 75 to
873 2553 57 75 the
946 2553 172 75 beginning
1145 2553 39 75 of

144 2602 57 75 the
219 2602 190 75 mefocolon.

194 2647 99 75 From
315 2647 114 75 thence
442 2647 29 75 it
491 2647 100 75 bends
613 2647 187 75 downward
823 2647 86 75 from
932 2647 62 75 left
1017 2647 35 75 to
1076 2647 100 75 right,

146 2695 63 75 and
232 2695 163 75 obliquely
408 2695 153 75 forward,
586 2695 37 75 or
634 2695 84 75 fiom
736 2695 55 75 the
803 2695 166 75 vertebras,
995 2695 61 75 and
1069 2695 108 75 makes

146 2740 119 75 feveral
281 2740 235 75 convolutions,
539 2740 106 75 which
673 2740 42 75 lie
732 2740 115 75 chiefly
863 2740 32 75 in
917 2740 55 75 the
990 2740 97 75 upper
1105 2740 72 75 part

148 2788 40 75 of
207 2788 54 75 the
280 2788 160 75 umbilical
456 2788 123 75 region.
626 2788 163 75 Through
818 2788 43 75 all
888 2788 65 75 this
982 2788 109 75 courfe
1106 2788 26 75 it
1148 2788 27 75 is

148 2832 170 75 connefted
329 2832 34 75 to
380 2832 54 75 the
451 2832 190 75 mefentery.

193 2879 76 75 The
281 2879 146 75 jejunum
451 2879 62 75 and
528 2879 90 75 ilium
640 2879 73 75 may
728 2879 281 75 be.diftinguilhed
1029 2879 45 75 by
1093 2879 81 75 divi-

145 2924 80 75 ding
244 2924 80 75 both
351 2924 160 75 inteftines
527 2924 69 75 into
612 2924 60 75 five
688 2924 110 75 parts;
824 2924 63 75 and
904 2924 35 75 to
951 2924 95 75 allow
1063 2924 110 75 nearly

146 2971 67 75 two
228 2971 89 75 fifths
333 2971 35 75 to
384 2971 56 75 the
458 2971 159 75 jejunum,
643 2971 63 75 and
731 2971 91 75 three
842 2971 93 75 fifths
960 2971 62 75 and
1046 2971 19 75 a
1090 2971 85 75 little

143 3017 92 75 more
251 3017 35 75 to
302 3017 56 75 the
373 3017 108 75 ileum.

1296 164 40 75 o
1454 164 48 75 M
1617 164 40 75 Y

2080 164 99 75 Part
2198 164 73 75 VI.

1267 228 78 75 The
1362 228 89 75 coats
1468 228 41 75 of
1520 228 55 75 the
1583 228 147 75 jejunum
1747 228 53 75 are
1818 228 112 75 nearly
1943 228 41 75 of
1995 228 55 75 the
2066 228 85 75 fame
2169 228 100 75 ftruc-

1220 274 72 75 ture
1309 274 79 75 with
1406 274 91 75 thofe
1514 274 40 75 of
1566 274 56 75 the
1638 274 271 75 duodenunvbut
1933 274 140 75 thinner.

1362 385 461 75 INTESTINUM
1878 385 239 75 ILEUM.

1264 458 84 75 The
1380 458 226 75 convolutions
1627 458 40 75 of
1694 458 55 75 the
1777 458 184 75 inteftinum
1989 458 98 75 ileum
2105 458 164 75 furround

1217 503 89 75 thofe
1327 503 43 75 of
1389 503 55 75 the
1456 503 150 75 jejunum
1623 503 41 75 on
1683 503 54 75 the
1755 503 66 75 two
1836 503 113 75 lateral
1967 503 65 75 and
2048 503 103 75 lower
2169 503 97 75 fides,

1218 550 62 75 and
1296 550 26 75 it
1340 550 96 75 paffes
1465 550 31 75 in
1515 550 19 75 a
1556 550 142 75 winding
1722 550 109 75 courfe
1857 550 85 75 from
1959 550 55 75 the
2030 550 62 75 left
2115 550 78 75 fide,
2224 550 43 75 by

1216 602 55 75 the
1288 602 250 75 hypogaftrium,
1565 602 36 75 to
1623 602 55 75 the
1701 602 87 75 right
1803 602 76 75 fide,
1905 602 110 75 where
2030 602 27 75 it
2074 602 191 75 terminates

1218 642 18 75 a
1259 642 87 75 little
1377 642 105 75 below
1511 642 55 75 the
1600 642 86 75 right
1708 642 132 75 kidney,
1878 642 129 75 joining
2038 642 56 75 the
2118 642 148 75 inteftina

1225 691 110 75 cralfa.

1266 737 76 75 The
1368 737 153 75 ftrudure
1549 737 41 75 of
1609 737 55 75 the
1692 737 97 75 ileum
1817 737 27 75 is
1874 737 95 75 much
1997 737 56 75 the
2076 737 84 75 fame
2185 737 79 75 with

1218 783 71 75 that
1306 783 42 75 of
1365 783 57 75 the
1436 783 148 75 jejunum
1599 783 11 75 ;
1637 783 78 75 only
1734 783 56 75 the
1815 783 136 75 internal
1981 783 218 75 duplicatures
2226 783 39 75 or

1223 830 133 75 valvulae
1373 830 206 75 conniventes
1595 830 147 75 decreafe
1766 830 168 75 gradually
1959 830 81 75 both
2064 830 33 75 in
2130 830 136 75 number

1219 876 63 75 and
1304 876 75 75 fize.

1221 985 67 75 Tfo
1304 985 217 75 Intestina
1541 985 147 75 Ckassa
1701 985 36 75 in
1748 985 154 75 general,
1923 985 267 75 #</Inteftinum
2201 985 60 75 cae-

1571 1032 72 75 cum
1659 1032 35 75 in
1707 1032 205 75 particular.

1267 1111 86 75 The
1372 1111 92 75 great
1482 1111 159 75 inteftines
1660 1111 53 75 are
1730 1111 61 75 one
1817 1111 172 75 continued
2005 1111 101 75 canal,
2131 1111 132 75 divided

1217 1160 69 75 into
1298 1160 93 75 three
1409 1160 157 75 portions,
1593 1160 65 75 like
1675 1160 56 75 the
1748 1160 89 75 fmall
1856 1160 91 75 ones.
1996 1160 85 75 This
2099 1160 89 75 canal
2206 1160 55 75 be-

1221 1206 68 75 gins
1307 1206 44 75 by
1368 1206 18 75 a
1395 1206 81 75 kind
1487 1206 41 75 of
1543 1206 194 75 facculusor
1754 1206 74 75 bag,
1854 1206 106 75 which
1978 1206 26 75 is
2028 1206 161 75 reckoned
2201 1206 57 75 the

1220 1251 65 75 firft
1301 1251 41 75 of
1362 1251 55 75 the
1433 1251 91 75 three
1541 1251 159 75 portions,
1725 1251 64 75 and
1806 1251 102 75 called
1924 1251 133 75 caecum.
2105 1251 79 75 The
2211 1251 48 75 fe-

1219 1299 86 75 cond
1320 1299 142 75 portion,
1488 1299 103 75 called
1607 1299 107 75 colon,
1739 1299 27 75 is
1789 1299 55 75 the
1871 1299 123 75 longeft
2012 1299 40 75 of
2071 1299 56 75 the
2151 1299 107 75 three,

1222 1346 61 75 and
1300 1346 27 75 is
1343 1346 225 75 diftinguiftied
1581 1346 87 75 from
1680 1346 90 75 them
1787 1346 43 75 by
1847 1346 18 75 a
1880 1346 91 75 great
1980 1346 134 75 number
2129 1346 41 75 of
2188 1346 72 75 par-

1221 1391 114 75 ticular
1360 1391 179 75 eminences
1568 1391 38 75 or
1636 1391 211 75 convexities,
1881 1391 105 75 which
2011 1391 116 75 appear
2152 1391 40 75 on
2218 1391 40 75 its

1221 1438 93 75 outer
1330 1438 121 75 furface
1468 1438 143 75 through
1627 1438 41 75 its
1686 1438 105 75 whole
1806 1438 125 75 length.
1979 1438 78 75 The
2066 1438 56 75 laft
2131 1438 129 75 portion

1222 1485 25 75 is
1266 1485 114 75 named
1392 1485 132 75 reftum,
1549 1485 95 75 being
1655 1485 89 75 more
1757 1485 152 75 uniform,
1928 1485 172 75 narrower,
2119 1485 144 75 thicker,'

1223 1532 63 75 and
1302 1532 95 75 much
1413 1532 122 75 (horter
1552 1532 77 75 than
1643 1532 55 75 the
1715 1532 108 75 colon.

1269 1578 77 75 The
1360 1578 152 75 ftruflure
1527 1578 41 75 of
1579 1578 55 75 the
1646 1578 91 75 great
1750 1578 159 75 inteftines
1922 1578 26 75 is
1965 1578 112 75 nearly
2092 1578 55 75 the
2176 1578 82 75 fame

1221 1625 80 75 with
1318 1625 72 75 that
1406 1625 40 75 of
1457 1625 55 75 the
1529 1625 88 75 fmall
1635 1625 89 75 ones,
1749 1625 32 75 in
1796 1625 115 75 regard
1936 1625 78 75 both
2034 1625 34 75 to
2097 1625 54 75 the
2164 1625 93 75 num-

1223 1671 57 75 ber
1303 1671 62 75 and
1392 1671 183 75 difpofition
1603 1671 40 75 of
1663 1671 84 75 their
1775 1671 102 75 coats.
1924 1671 101 75 They
2041 1671 53 75 are
2120 1671 137 75 (horter,

1224 1719 62 75 and
1302 1719 81 75 have
1405 1719 100 75 fewer
1533 1719 234 75 convolutions,
1792 1719 59 75 but
1878 1719 52 75 are
1948 1719 95 75 much
2060 1719 89 75 more
2165 1719 92 75 capa-

1224 1765 101 75 cious.
1372 1765 78 75 The
1466 1765 88 75 coats
1571 1765 32 75 in
1620 1765 127 75 general
1769 1765 54 75 are
1838 1765 155 75 ftronger,
2017 1765 59 75 but
2090 1765 170 75 efpecially

1224 1812 55 75 the
1297 1812 158 75 mufcular
1470 1812 86 75 coat.

1269 1858 77 75 The
1370 1858 180 75 inteftinum
1573 1858 119 75 cascum
1709 1858 26 75 is
1761 1858 79 75 only
1866 1858 20 75 a
1914 1858 102 75 round
2044 1858 85 75 fliort
2156 1858 103 75 broad

1222 1903 74 75 bag,
1331 1903 56 75 the
1415 1903 126 75 bottom
1569 1903 41 75 of
1629 1903 106 75 which
1763 1903 26 75 is
1818 1903 116 75 turned
1960 1903 198 75 downward,
2194 1903 64 75 and

1223 1949 54 75 the
1302 1949 112 75 mouth
1437 1949 38 75 or
1491 1949 138 75 opening
1656 1949 145 75 upward.
1850 1949 31 75 It
1897 1949 58 75 lies
1972 1949 102 75 under
2096 1949 55 75 the
2169 1949 87 75 right

1223 1995 133 75 kidney,
1397 1995 63 75 and
1493 1995 26 75 is
1551 1995 57 75 hid
1639 1995 43 75 by
1711 1995 55 75 the
1801 1995 58 75 laft
1892 1995 206 75 convolution
2131 1995 40 75 of
2198 1995 62 75 the.

1223 2042 110 75 ileum.
1382 2042 33 75 It
1438 2042 27 75 is
1482 2042 97 75 about
1596 2042 91 75 three
1704 2042 115 75 fingers
1844 2042 137 75 breadth
1998 2042 32 75 in
2049 2042 125 75 length,
2192 2042 64 75 and

1223 2090 42 75 its
1282 2090 155 75 diameter
1452 2090 28 75 is
1496 2090 90 75 more
1605 2090 78 75 than
1705 2090 118 75 double
1851 2090 72 75 that
1950 2090 40 75 of
2007 2090 56 75 the
2090 2090 90 75 ftnail
2207 2090 48 75 in-

1225 2136 141 75 teftines.

1272 2183 54 75 On
1345 2183 61 75 one
1431 2183 63 75 fide
1511 2183 41 75 of
1569 2183 56 75 the
1651 2183 127 75 bottom
1794 2183 39 75 of
1852 2183 55 75 the
1929 2183 118 75 caecum
2064 2183 57 75 lies
2145 2183 39 75 an
2201 2183 56 75 ap-

1223 2230 135 75 pendix,
1381 2230 192 75 refembling
1589 2230 18 75 a
1625 2230 88 75 imall
1729 2230 156 75 inteftine,
1910 2230 111 75 nearly
2036 2230 41 75 of
2095 2230 54 75 the
2173 2230 84 75 fame

1224 2276 113 75 length
1353 2276 80 75 with
1449 2276 56 75 the
1524 2276 130 75 caecum,
1680 2276 58 75 but
1765 2276 78 75 very
1859 2276 132 75 flender.
2041 2276 32 75 It
2090 2276 25 75 is
2133 2276 124 75 termed

1225 2324 208 75 appendicula
1453 2324 227 75 vermiformis,
1705 2324 85 75 from
1816 2324 41 75 its
1875 2324 153 75 fuppofed
2045 2324 212 75 refemblance

1224 2369 36 75 to
1277 2369 39 75 an
1332 2369 223 75 earth-worm.
1603 2369 48 75 Its
1668 2369 147 75 common
1831 2369 155 75 diameter
2001 2369 27 75 is
2045 2369 56 75 not
2121 2369 99 75 above
2237 2369 19 75 a

1225 2416 131 75 quarter
1382 2416 41 75 of
1441 2416 39 75 an
1496 2416 88 75 inch.
1633 2416 53 75 By
1712 2416 60 75 one
1797 2416 175 75 extremity
1995 2416 26 75 it
2044 2416 98 75 opens
2175 2416 81 75 late-

1224 2463 97 75 rally,
1346 2463 62 75 and
1425 2463 18 75 a
1467 2463 84 75 little
1574 2463 177 75 obliquely,
1775 2463 71 75 into
1862 2463 54 75 the
1929 2463 124 75 bottom
2066 2463 40 75 of
2117 2463 55 75 the
2195 2463 60 75 cae-

1225 2510 70 75 cum
1309 2510 10 75 ;
1346 2510 62 75 and
1420 2510 55 75 the
1491 2510 93 75 other
1600 2510 176 75 extremity
1786 2510 27 75 is
1830 2510 119 75 clofed,
1973 2510 95 75 being
2076 2510 179 75 fometimes

1223 2556 141 75 greater,
1381 2556 178 75 fometimes
1569 2556 138 75 fmaller,
1724 2556 79 75 than
1819 2556 56 75 the
1892 2556 59 75 reft
1963 2556 40 75 of
2014 2556 54 75 the
2080 2556 173 75 appendix.

1269 2602 161 75 Through
1457 2602 55 75 the
1525 2602 222 75 membranous
1759 2602 37 75 or
1823 2602 148 75 common
1988 2602 72 75 coat
2074 2602 41 75 of
2126 2602 55 75 the
2193 2602 60 75 cae-

1225 2649 84 75 cum,
1327 2649 49 75 we
1393 2649 49 75 fee
1456 2649 91 75 three
1563 2649 97 75 white
1673 2649 210 75 ligamentary
1889 2649 113 75 bands,
2020 2649 105 75 which
2135 2649 118 75 adhere

1223 2696 79 75 very
1318 2696 118 75 clofely
1459 2696 78 75 both
1558 2696 37 75 to
1610 2696 56 75 the
1685 2696 93 75 outer
1794 2696 63 75 and
1873 2696 155 75 mufcular
2045 2696 84 75 coat.
2179 2696 75 75 One

1224 2743 40 75 of
1283 2743 88 75 them
1387 2743 26 75 is
1431 2743 55 75 hid
1502 2743 43 75 by
1561 2743 56 75 the
1631 2743 146 75 adhefion
1794 2743 40 75 of
1841 2743 54 75 the
1907 2743 200 75 mefocolon;
2135 2743 61 75 and
2209 2743 43 75 all

1223 2789 56 75 the
1296 2789 90 75 three
1398 2789 107 75 divide
1518 2789 56 75 the
1591 2789 117 75 caecum
1724 2789 245 75 longitudinally
1984 2789 70 75 into
2065 2789 90 75 three
2163 2789 88 75 parts

1223 2835 88 75 more
1327 2835 38 75 or
1382 2835 61 75 lefs
1460 2835 108 75 equal.

1268 2883 99 75 They
1394 2883 43 75 all
1464 2883 88 75 unite
1579 2883 31 75 in
1628 2883 55 75 the
1709 2883 207 75 appendicula
1938 2883 225 75 vermiformis,
2189 2883 64 75 and

1222 2931 94 75 cover
1328 2931 42 75 its
1386 2931 104 75 whole
1508 2931 92 75 outer
1615 2931 62 75 fide
1693 2931 215 75 immediately
1925 2931 99 75 under
2035 2931 57 75 the
2104 2931 146 75 common

1223 2976 82 75 coat.

2066 3069 17 75 I
2100 3069 35 75 N
2150 3069 35 75 T
2199 3069 47 75 E-
