2466 3327
544 121 34 75 A
642 121 41 75 D
743 121 42 75 D

1124 121 16 75 (
1202 121 18 75 2
1229 121 7 75 >

218 183 60 75 ^th
293 183 68 75 da^
372 183 40 75 of
424 183 40 75 if,
480 183 56 75 the
556 183 89 75 Jews
658 183 82 75 keep
763 183 19 75 a
809 183 58 75 fp.ft
893 183 52 75 for
959 183 55 75 the
1037 183 97 75 death
1162 183 41 75 of

218 230 132 75 Mofes;
376 230 41 75 on
433 230 55 75 the
509 230 93 75 13th,
627 230 79 75 they
734 230 80 75 have
840 230 57 75 the
923 230 59 75 fall
1006 230 40 75 of
1061 230 136 75 Efther;

218 276 60 75 and
297 276 41 75 on
359 276 56 75 the
448 276 90 75 14th,
564 276 78 75 they
665 276 158 75 celebrate
840 276 57 75 the
920 276 77 75 feat!
1020 276 40 75 of
1076 276 123 75 Purim,

217 322 52 75 for
286 322 83 75 their
386 322 201 75 deliverance
605 322 85 75 frora
707 322 154 75 Haman’s
879 322 200 75 confpiracy,.

173 369 217 75 ADARCE,
408 369 19 75 a
439 369 77 75 kind
532 369 40 75 of
583 369 173 75 concreted
771 369 75 75 falts
863 369 102 75 found
976 369 42 75 on
1031 369 91 75 reeds
1140 369 64 75 and

219 417 94 75 other
328 417 194 75 vegetables,
547 417 63 75 and
625 417 128 75 applied
767 417 45 75 by
828 417 55 75 the
903 417 141 75 ancients
1062 417 34 75 as
1117 417 19 75 a
1152 417 50 75 re-

219 461 97 75 medy
332 461 31 75 in
380 461 118 75 feveral
515 461 174 75 cutaneous
701 461 146 75 difeafes.

174 508 69 75 AD
250 508 177 75 ARGON,
452 508 32 75 in
498 508 116 75 Jewilh
630 508 173 75 antiquity,
830 508 19 75 a
869 508 78 75 gold
958 508 73 75 coin
1044 508 160 75 mention-

220 553 40 75 ed
279 553 33 75 in
335 553 166 75 fcripture,
526 553 98 75 about
641 553 56 75 the
713 553 94 75 value
821 553 41 75 of
873 553 106 75 which
996 553 132 75 authors
1151 553 53 75 are

165 600 3 75 .
221 600 57 75 not
295 600 129 75 agreed,

175 646 189 75 ADARJK,.
385 646 18 75 a
428 646 91 75 fmall
543 646 88 75 town
654 646 40 75 of
713 646 142 75 Ireland,
881 646 32 75 in
942 646 55 75 the
1025 646 120 75 county
1171 646 40 75 of

223 692 211 75 Limmerick.

175 739 226 75 ADARME,
418 739 33 75 in
467 739 173 75 comraere,
659 739 19 75 a
692 739 90 75 fmall
794 739 120 75 weight
925 739 34 75 in
972 739 110 75 Spain,
1099 739 107 75 which

221 784 31 75 is
266 784 66 75 alfo
348 784 77 75 ufed
441 784 33 75 at
490 784 258 75 Buenos-Aires,
774 784 63 75 and
849 784 32 75 in
894 784 44 75 all
958 784 132 75 Spanilh
1106 784 101 75 Ame-

222 831 77 75 rica.
349 831 32 75 It
397 831 27 75 is
436 831 57 75 the
513 831 80 75 16th
610 831 72 75 part
699 831 40 75 of
752 831 40 75 an
804 831 113 75 ounce,
942 831 109 75 which
1067 831 32 75 at
1115 831 91 75 Paris

222 877 26 75 is
266 877 105 75 called
386 877 55 75 the
458 877 185 75 demi-gros.
693 877 68 75 But
778 877 55 75 the
856 877 132 75 Spanifh
999 877 100 75 ounce
1116 877 27 75 is
1159 877 47 75 fe-

222 924 60 75 ven
303 924 60 75 per
381 924 84 75 cent,
490 924 119 75 lighter
625 924 78 75 than
731 924 71 75 that
829 924 40 75 of
892 924 105 75 Paris.
1048 924 158 75 Stephens

223 969 129 75 renders
370 969 25 75 it
417 969 31 75 in
468 969 133 75 Englilh
620 969 43 75 by
685 969 19 75 a.
719 969 108 75 dram.

177 1016 70 75 AD
254 1016 388 75 ARTICULATION,
675 1016 32 75 in
743 1016 163 75 anatomy,
932 1016 55 75 the
1014 1016 85 75 fame
1129 1016 80 75 with

225 1061 196 75 diarthrofis.
472 1061 61 75 See
557 1061 107 75 Djas.
669 1061 107 75 thro
785 1061 72 75 sis.

179 1109 233 75 ADATAIS,
436 1109 171 75 Adatis,
639 1109 38 75 or
700 1109 178 75 Adatys,
912 1109 34 75 in
975 1109 190 75 commerce,
1191 1109 19 75 a

226 1153 109 75 muflin
353 1153 37 75 or
405 1153 230 75 cotton-cloth,
660 1153 80 75 very
763 1153 62 75 fine
851 1153 63 75 and
930 1153 97 75 clear,
1052 1153 40 75 of
1104 1153 104 75 which

224 1200 57 75 the
298 1200 87 75 piece
401 1200 27 75 is
450 1200 54 75 ten
520 1200 126 75 French
674 1200 59 75 ells
762 1200 88 75 long,
876 1200 64 75 and
955 1200 91 75 three
1063 1200 147 75 quarters

224 1246 114 75 broad.
387 1246 31 75 It
436 1246 105 75 comes
565 1246 85 75 from
674 1246 56 75 the
748 1246 48 75 E.
814 1246 131 75 Indies;
972 1246 64 75 and
1051 1246 56 75 the
1124 1246 86 75 fined

224 1292 28 75 is
269 1292 95 75 made
384 1292 33 75 at
434 1292 135 75 Bengal.
619 1292 62 75 See
697 1292 67 75 Mu
771 1292 99 75 sun.

178 1339 220 75 ADCHER,
425 1339 32 75 in
481 1339 55 75 the
564 1339 134 75 materia
721 1339 135 75 medica,
882 1339 20 75 a
928 1339 92 75 name
1048 1339 93 75 given
1167 1339 46 75 by

228 1384 83 75 fome
328 1384 35 75 to
379 1384 55 75 the
456 1384 199 75 fchcenanth.
705 1384 62 75 See
784 1384 255 75 Scoenanth.

179 1431 384 75 ADCORDABILES
588 1431 141 75 denarii,
755 1431 31 75 in
804 1431 124 75 ancient
955 1431 194 75 law-books,
1184 1431 26 75 is

228 1478 118 75 money
356 1478 80 75 paid
451 1478 45 75 by
512 1478 58 75 the
585 1478 96 75 vaffal
698 1478 35 75 to
749 1478 50 75 his
816 1478 85 75 lord,
925 1478 32 75 in
976 1478 56 75 the
1049 1478 112 75 nature
1178 1478 40 75 of

230 1523 18 75 a
267 1523 76 75 fine,
366 1523 84 75 upon
467 1523 111 75 felling
594 1523 37 75 ©r
648 1523 202 75 exchanging
868 1523 19 75 a
910 1523 90 75 feud.

185 1570 405 75 ADCRESCENTES,
627 1570 115 75 among
768 1570 55 75 the
846 1570 157 75 Romans,
1028 1570 141 75 denoted
1195 1570 19 75 a

230 1614 78 75 kind
324 1614 39 75 of
375 1614 150 75 lotdiery,
550 1614 131 75 entered
697 1614 31 75 in
748 1614 54 75 the
819 1614 102 75 army,
945 1614 58 75 but
1020 1614 57 75 not
1089 1614 55 75 yet
1156 1614 57 75 put

230 1661 43 75 on
284 1661 100 75 duty;
403 1661 83 75 from
499 1661 86 75 thefe
597 1661 57 75 the
665 1661 144 75 {landing
823 1661 105 75 forces
941 1661 84 75 were
1038 1661 172 75 recruited.

233 1707 63 75 See
314 1707 187 75 Accensi.

184 1753 157 75 ADDA,
358 1753 32 75 in
407 1753 195 75 geography,
621 1753 18 75 a
654 1753 83 75 river
754 1753 40 75 of
807 1753 213 75 Switzerland
1037 1753 62 75 and
1113 1753 98 75 Italy,

233 1800 105 75 which
359 1800 75 75 rifes
450 1800 33 75 in
499 1800 111 75 mount
627 1800 145 75 Braulio,
796 1800 33 75 in
856 1800 56 75 the
939 1800 136 75 country
1103 1800 39 75 of
1158 1800 55 75 the

232 1847 150 75 Grifons,
407 1847 63 75 and
492 1847 115 75 palling
629 1847 141 75 through
788 1847 55 75 the
859 1847 175 75 Valteline,
1059 1847 153 75 traverfes

234 1893 59 75 the
306 1893 74 75 lake
402 1893 106 75 Como
532 1893 61 75 and
618 1893 55 75 the
698 1893 171 75 Milanefe,
894 1893 63 75 and
976 1893 74 75 falls
1065 1893 69 75 into
1156 1893 57 75 the

233 1938 65 75 Pp,
321 1938 76 75 near
414 1938 173 75 Cremona.

188 1986 110 75 ADD
303 1986 106 75 ACE,
427 1986 32 75 in
471 1986 123 75 natural
611 1986 131 75 hiftpry,
761 1986 20 75 a
797 1986 89 75 name
902 1986 55 75 the
973 1986 152 75 Africans
1143 1986 73 75 give

235 2030 37 75 to
291 2030 57 75 the
365 2030 146 75 common
529 2030 158 75 antelope.
738 2030 63 75 See
818 2030 206 75 Gazella.

192 2076 341 75 ADDEPHAGIA,
559 2076 32 75 in
615 2076 167 75 medicine,
808 2076 19 75 a
851 2076 82 75 term
958 2076 78 75 ufed
1059 2076 44 75 by
1129 2076 85 75 fpme

236 2122 187 75 phyficians,
448 2122 53 75 for
516 2122 161 75 gluttony,
702 2122 37 75 or
754 2122 19 75 a
788 2122 167 75 voracious
970 2122 150 75 appetite.

191 2168 186 75 ADDER,
403 2168 32 75 in
457 2168 153 75 zoology,
636 2168 19 75 a
678 2168 113 75 vulgar
815 2168 92 75 name
929 2168 52 75 for
997 2168 56 75 the
1069 2168 145 75 Viper;

240 2214 107 75 which
363 2214 62 75 fee.

193 2264 439 75 ADDERS-TONGUE,
658 2264 33 75 in
716 2264 137 75 botany,
884 2264 56 75 the
967 2264 131 75 Englilh
1126 2264 91 75 name

242 2306 37 75 of
290 2306 56 75 the
369 2306 243 75 ophicgloffum.
662 2306 61 75 See
740 2306 331 75 Ophioguossum.

196 2353 356 75 ADDER-WORT,
576 2353 34 75 in
628 2353 132 75 botany,
786 2353 54 75 the
857 2353 131 75 Englilh
1005 2353 91 75 name
1112 2353 40 75 of
1163 2353 55 75 the

241 2397 194 75 polygonum
457 2397 124 75 billata.
632 2397 60 75 See
719 2397 265 75 Polygonum.

196 2444 452 75 ADDEXTRATORES,
657 2444 33 75 in
702 2444 55 75 the
770 2444 91 75 court
873 2444 39 75 of
918 2444 118 75 Rome,
1046 2444 55 75 the
1110 2444 108 75 pope’s

242 2488 250 75 mitre-bearers,
527 2488 34 75 fo
584 2488 103 75 called
713 2488 170 75 according
906 2488 35 75 to
968 2488 171 75 Ducange,
1163 2488 56 75 be-

191 2534 7 75 .
244 2534 92 75 caufe
359 2534 79 75 they
460 2534 83 75 walk
567 2534 33 75 at
624 2534 56 75 the
704 2534 109 75 pope’s
841 2534 199 75 right-hand,
1065 2534 93 75 when
1180 2534 42 75 he

245 2580 84 75 rides
347 2580 35 75 to
398 2580 69 75 vifit
484 2580 55 75 the
560 2580 168 75 churches.

200 2626 203 75 ADDICE,
429 2626 37 75 or
480 2626 128 75 Adze,
634 2626 18 75 a
674 2626 79 75 kind
779 2626 40 75 of
842 2626 139 75 crooked
1008 2626 43 75 ax
1079 2626 76 75 ufed
1177 2626 45 75 by

248 2672 229 75 Ihip-wrights,
503 2672 191 75 carpenters,
721 2672 144 75 coopers,
891 2672 65 75 <&c.

201 2721 224 75 ADDICTI,
450 2721 33 75 in
500 2721 170 75 antiquity,
696 2721 18 75 a
733 2721 78 75 kind
834 2721 40 75 of
895 2721 111 75 Hayes,
1031 2721 114 75 among
1167 2721 56 75 the

249 2764 167 75 Romans,,
429 2764 163 75 adjudged
606 2764 35 75 to
657 2764 88 75 ferve
760 2764 85 75 fome
862 2764 139 75 creditor
1016 2764 107 75 whom
1146 2764 79 75 they

251 2810 96 75 could
362 2810 57 75 not
431 2810 165 75 otherwife
612 2810 122 75 fatisfy,
760 2810 62 75 and
838 2810 107 75 whofe
960 2810 98 75 Haves
1075 2810 77 75 they
1169 2810 54 75 be-

253 2856 86 75 came
354 2856 51 75 till
424 2856 77 75 they
516 2856 96 75 could
627 2856 74 75 pay,
725 2856 39 75 or
779 2856 90 75 work
885 2856 58 75 out
959 2856 55 75 the
1030 2856 90 75 debt.

207 2903 291 75 ADDICTION,
524 2903 114 75 among
669 2903 56 75 the
749 2903 155 75 Romans,
929 2903 65 75 was
1018 2903 55 75 the
1097 2903 129 75 making

253 2947 77 75 over
348 2947 99 75 goods
468 2947 34 75 to
519 2947 143 75 another,
681 2947 103 75 either
796 2947 43 75 by
849 2947 75 75 fale,
950 2947 38 75 or
1001 2947 41 75 by
1058 2947 83 75 legal
1157 2947 68 75 fen-

1238 119 17 75 1
1308 119 18 75 )
1370 151 29 49 y
1452 119 31 75 ^

1666 119 41 75 A
1764 119 41 75 D
1865 119 35 75 E

1294 184 89 75 tence
1396 184 10 75 ;
1432 184 57 75 the
1506 184 101 75 goods
1624 184 34 75 fo
1670 184 163 75 delivered
1848 184 85 75 were
1950 184 105 75 called
2070 184 57 75 von
2129 184 21 75 a
2163 184 111 75 addicr

1294 231 48 75 ta.
1392 231 145 75 Debtors
1561 231 85 75 were
1669 231 180 75 fometimes
1873 231 162 75 delivered
2060 231 77 75 over
2162 231 40 75 in-
2221 231 55 75 the

1294 277 82 75 fame
1397 277 151 75 manner;
1576 277 62 75 and
1654 277 114 75 thence
1792 277 103 75 called
1903 277 93 75 fervi
2018 277 138 75 additti.

1249 324 247 75 ADDICTIO
1513 324 37 75 in
1566 324 96 75 diem,
1689 324 115 75 among
1826 324 55 75 the
1898 324 157 75 Romans,
2080 324 55 75 the
2164 324 114 75 adjud-

1296 368 79 75 ging
1391 368 21 75 a.
1429 368 93 75 thing
1540 368 35 75 to
1591 368 23 75 a.
1626 368 111 75 perfem
1754 368 51 75 for
1822 368 18 75 a
1856 368 119 75 certain
1992 368 98 75 price,
2115 368 106 75 unlefs
2236 368 44 75 by

1294 415 77 75 fuch
1398 415 20 75 a
1444 415 64 75 day
1534 415 55 75 the
1614 415 120 75 owner,
1768 415 38 75 or
1833 415 85 75 fome
1946 415 106 75 other,
2086 415 71 75 give
2188 415 90 75 more

1299 464 51 75 for
1373 464 38 75 it.

1247 510 359 75 ADD1TAMENT,
1631 510 19 75 a
1666 510 82 75 term
1774 510 179 75 fometimes
1981 510 78 75 ufed
2073 510 44 75 by
2134 510 145 75 chemifts

1296 556 64 75 and
1375 556 177 75 phyficians,
1565 556 53 75 for
1643 556 57 75 the
1723 556 145 75 addition
1885 556 39 75 of
1936 556 62 75 any
2014 556 71 75 new
2100 556 180 75 ingredient

1297 600 35 75 to
1348 600 139 75 increafe
1509 600 56 75 the
1589 600 143 75 ftrength
1749 600 39 75 of
1808 600 19 75 a
1851 600 191 75 menltruum
2075 600 37 75 or
2128 600 151 75 compofi-

1299 647 80 75 tion.

1250 693 263 75 ADDITION,
1545 693 25 75 is
1587 693 56 75 the
1658 693 126 75 joining
1800 693 151 75 together
1967 693 37 75 or
2020 693 125 75 uniting
2161 693 67 75 two
2245 693 37 75 or

1297 738 87 75 more
1401 738 121 75 things,
1548 738 37 75 or
1602 738 205 75 augmenting
1831 738 18 75 a
1870 738 91 75 thing
1984 738 45 75 by
2051 738 56 75 the
2133 738 149 75 acceflion

1281 787 57 75 -of
1349 787 109 75 others
1475 787 137 75 thereto.

1251 831 223 75 Addition,
1514 831 33 75 in
1580 831 278 75 Arithmetic,
1901 831 204 75 Algebra,
2146 831 135 75 Loga-

1304 877 158 75 rithms,
1497 877 65 75 &c.
1588 877 49 75 fee
1654 877 88 75 thefe
1760 877 141 75 articles.

1253 923 206 75 Addition
1488 923 43 75 of
1537 923 116 75 ratios,
1678 923 20 75 a
1721 923 82 75 term
1828 923 181 75 fometimes
2031 923 76 75 ufed
2130 923 53 75 for
2199 923 83 75 com-

1296 972 135 75 pofition
1449 972 42 75 of
1499 972 115 75 ratios.

1254 1016 222 75 Addition,
1501 1016 33 75 in
1550 1016 107 75 mufic,
1683 1016 19 75 a
1717 1016 58 75 dot
1791 1016 132 75 marked
1939 1016 42 75 on
1992 1016 56 75 the
2066 1016 86 75 right
2168 1016 63 75 fide
2247 1016 42 75 of

1302 1062 19 75 a
1337 1062 87 75 note,
1450 1062 169 75 fignifying
1642 1062 70 75 that
1728 1062 25 75 it
1776 1062 27 75 is
1827 1062 36 75 to
1886 1062 39 75 be
1946 1062 141 75 founded
2103 1062 37 75 or
2155 1062 128 75 length-

1303 1108 81 75 ened
1399 1108 74 75 half
1485 1108 34 75 as
1535 1108 95 75 much
1647 1108 89 75 more
1759 1108 34 75 as
1808 1108 28 75 it
1851 1108 110 75 would
1982 1108 81 75 have
2083 1108 80 75 been
2187 1108 96 75 with-

1304 1154 56 75 out
1377 1154 75 75 fuch
1466 1154 102 75 mark.

1254 1200 221 75 Addition,
1501 1200 32 75 in
1550 1200 73 75 law,
1648 1200 32 75 is.
1693 1200 71 75 that
1779 1200 72 75 title
1867 1200 38 75 or
1920 1200 192 75 defiguation
2137 1200 105 75 which
2256 1200 27 75 is

1303 1246 92 75 given
1414 1246 36 75 to
1470 1246 19 75 a
1508 1246 85 75 man,
1618 1246 78 75 over
1712 1246 62 75 and
1786 1246 99 75 above
1905 1246 51 75 his
1974 1246 115 75 proper
2105 1246 94 75 name,
2221 1246 63 75 and

1302 1294 142 75 firnarae,
1469 1294 35 75 to
1520 1294 84 75 {hew
1615 1294 45 75 .of
1681 1294 88 75 what
1793 1294 108 75 eftate,
1927 1294 128 75 degree,
2081 1294 202 75 occupation,

1304 1340 37 75 or
1360 1340 89 75 place
1465 1340 41 75 he
1521 1340 41 75 is.

1257 1385 242 75 Additions,
1525 1385 33 75 in
1574 1385 164 75 heraldry,
1764 1385 87 75 fome
1877 1385 107 75 things
2002 1385 105 75 added
2126 1385 35 75 to
2179 1385 17 75 a
2212 1385 72 75 coat

1305 1432 40 75 of
1356 1432 94 75 arms,
1477 1432 33 75 as
1528 1432 104 75 marks
1662 1432 39 75 of
1723 1432 145 75 honour;
1896 1432 62 75 and
1976 1432 310 75 thereforedireftly

1304 1478 140 75 oppofite
1460 1478 34 75 to
1511 1478 207 75 abatements.
1776 1478 130 75 Among
1925 1478 160 75 additions
2103 1478 47 75 we
2167 1478 117 75 reckon

1304 1524 55 75 Bo
1370 1524 141 75 rdure,
1522 1524 209 75 Quarter,
1742 1524 339 75 Canton,Gyron,
2094 1524 109 75 Pile,
2218 1524 65 75 <&c.

1307 1570 61 75 See
1384 1570 87 75 thefe
1487 1570 140 75 articles.

1257 1616 217 75 Addition,
1499 1616 32 75 in
1549 1616 163 75 diltillery,
1738 1616 19 75 a
1781 1616 127 75 general
1936 1616 92 75 name
2047 1616 93 75 given
2152 1616 36 75 to
2204 1616 77 75 fuch

1307 1663 106 75 things
1426 1663 33 75 as
1472 1663 53 75 are
1538 1663 103 75 added
1653 1663 34 75 to
1700 1663 54 75 the
1767 1663 82 75 wadi
1862 1663 36 75 or
1909 1663 107 75 liquor
2024 1663 95 75 while
2132 1663 150 75 ferment-

1305 1708 67 75 ing,
1398 1708 36 75 to
1448 1708 139 75 increafe
1599 1708 55 75 the
1669 1708 136 75 vinofity
1820 1708 63 75 and
1899 1708 147 75 quantity
2058 1708 40 75 of
2110 1708 54 75 the
2181 1708 101 75 fpirit,

1306 1754 38 75 or
1361 1754 71 75 give
1449 1754 26 75 it
1492 1754 19 75 a
1525 1754 173 75 particular
1716 1754 105 75 reliia,

1260 1801 258 75 ADDITIVE,
1536 1801 33 75 in
1581 1801 138 75 general,
1737 1801 178 75 fomething
1927 1801 34 75 to
1973 1801 41 75 be
2025 1801 116 75 added.
2173 1801 109 75 Thus,

1307 1843 270 75 mathematicians
1593 1843 95 75 fpeak
1704 1843 41 75 of
1765 1843 148 75 additive
1935 1843 115 75 ratios,
2077 1843 208 75 aftronomers

1308 1890 39 75 of
1365 1890 147 75 additive
1530 1890 178 75 equations.
1733 1890 62 75 See.

1261 1936 189 75 ADDOU,
1475 1936 60 75 one
1550 1936 41 75 of
1602 1936 55 75 the
1673 1936 178 75 Maldivian
1868 1936 126 75 iHands.

1261 1985 240 75 ADDRESS,
1527 1985 18 75 a
1560 1985 80 75 term
1662 1985 88 75 often
1767 1985 76 75 ufed
1858 1985 35 75 to
1916 1985 128 75 exprefs
2063 1985 54 75 the
2134 1985 70 75 {kill
2224 1985 63 75 and

1308 2028 164 75 propriety
1493 2028 80 75 with
1596 2028 106 75 which
1728 2028 38 75 an
1787 2028 91 75 affair
1893 2028 27 75 is
1936 2028 178 75 condu&ed
2128 2028 37 75 or
2181 2028 105 75 mana-

1309 2076 73 75 ged.

1265 2122 55 75 An
1338 2122 192 75 Address,
1554 2122 34 75 in
1604 2122 19 75 a
1639 2122 172 75 particular
1830 2122 209 75 acceptation,
2065 2122 27 75 is
2116 2122 19 75 a
2153 2122 134 75 congra-

1309 2168 148 75 tulation,
1482 2168 147 75 petition,
1653 2168 38 75 or
1709 2168 242 75 remonftrance,
1976 2168 165 75 prefented
2156 2168 35 75 to
2203 2168 18 75 a
2236 2168 50 75 fo-

1310 2216 117 75 perior,
1453 2216 167 75 efpccially
1636 2216 35 75 to
1691 2216 55 75 the
1765 2216 92 75 king.

1265 2265 279 75 ADDUCENT
1568 2265 143 75 mufclcs,
1736 2265 38 75 or
1801 2265 261 75 Adductors.
2121 2265 61 75 See
2210 2265 76 75 Ad-

1315 2307 175 75 ductor.

1263 2355 313 75 ADDUCTION,
1600 2355 32 75 in
1649 2355 160 75 anatomy,
1834 2355 56 75 the
1916 2355 123 75 motion
2066 2355 38 75 or
2126 2355 103 75 aftion
2253 2355 41 75 of

1312 2400 54 75 the
1384 2400 157 75 adducent
1557 2400 146 75 mufcles.

1265 2448 292 75 ADDUCTOR,
1582 2448 33 75 in
1638 2448 161 75 anatomy,
1824 2448 56 75 the
1906 2448 107 75 names
2032 2448 45 75 of
2097 2448 42 75 all
2156 2448 132 75 mufcles

1312 2492 106 75 which
1433 2492 66 75 pull
1516 2492 59 75 one
1591 2492 70 75 part
1678 2492 40 75 of
1727 2492 54 75 the
1799 2492 86 75 body
1895 2492 140 75 towards
2047 2492 147 75 another.
2228 2492 62 75 See

1315 2539 213 75 Anatomy,
1553 2539 78 75 Part
1648 2539 47 75 II.

1266 2587 152 75 ADEA,
1429 2587 32 75 in
1478 2587 196 75 geography,
1691 2587 18 75 a
1720 2587 147 75 province
1881 2587 38 75 of
1929 2587 135 75 Annian,
2082 2587 42 75 on
2140 2587 55 75 the
2211 2587 78 75 eaft-

1315 2630 55 75 ern
1387 2630 83 75 coaft
1490 2630 39 75 of
1548 2630 125 75 Africa,
1698 2630 102 75 called
1817 2630 63 75 alfo
1901 2630 94 75 Adel.

1268 2677 147 75 ADEB,
1440 2677 19 75 a
1482 2677 87 75 large
1595 2677 63 75 and
1685 2677 163 75 uncertain
1872 2677 163 75 Egyptian
2058 2677 131 75 weight,
2214 2677 78 75 ufed

1317 2722 115 75 chiefly
1446 2722 53 75 for
1515 2722 78 75 rice.

1270 2769 148 75 ADEL,
1444 2769 36 75 or
1497 2769 124 75 Adea,
1646 2769 32 75 in
1694 2769 196 75 geography,
1907 2769 19 75 a
1941 2769 151 75 kingdom
2108 2769 41 75 of
2165 2769 126 75 Africa,

1318 2815 103 75 called
1436 2815 63 75 alfo
1518 2815 112 75 Zeila,
1654 2815 85 75 from
1766 2815 41 75 its
1835 2815 114 75 capital
1978 2815 100 75 town.
2126 2815 32 75 It
2174 2815 59 75 lies
2250 2815 42 75 o»

1319 2861 54 75 the
1395 2861 36 75 S.
1458 2861 82 75 coaft
1557 2861 39 75 of
1606 2861 55 75 the
1677 2861 89 75 ftrait
1782 2861 39 75 of
1841 2861 240 75 Babelmandel.
2128 2861 113 75 There
2263 2861 29 75 i»

1320 2907 120 75 feldom
1456 2907 61 75 any
1534 2907 68 75 rain
1624 2907 88 75 here,
1739 2907 61 75 and
1815 2907 56 75 yet
1887 2907 54 75 the
1953 2907 136 75 country
2104 2907 29 75 is
2150 2907 142 75 fruitful,

1321 2954 24 75 it
1363 2954 94 75 being
1473 2954 73 75 well
1563 2954 139 75 watered
1721 2954 77 75 with
1817 2954 112 75 rivers.
1984 2954 33 75 It
2044 2954 142 75 abcuids
2214 2954 78 75 with

2175 2998 117 75 wheat.
