2493 3387
177 154 81 75 463

739 154 500 75 ASTRO

179 220 91 75 earth
295 220 33 75 at
356 220 71 75 that
453 220 91 75 time.
589 220 71 75 But
688 220 65 75 this
781 220 160 75 difficulty
963 220 141 75 vaniffies
1122 220 95 75 when

179 267 48 75 we
253 267 154 75 confider,
432 267 72 75 that
521 267 18 75 a
555 267 148 75 common
726 267 133 75 impulfe
883 267 41 75 on
949 267 62 75 any
1037 267 114 75 fyftem
1178 267 40 75 of

179 313 111 75 bodies
307 313 109 75 affefts
434 313 55 75 not
510 313 85 75 their
612 313 131 75 relative
760 313 160 75 motions;
952 313 60 75 but
1039 313 73 75 that
1138 313 80 75 they

180 359 65 75 will
263 359 148 75 continue
423 359 36 75 to
471 359 125 75 attraft,
623 359 165 75 impel,-or
799 359 153 75 circulate
964 359 104 75 round
1083 359 62 75 one
1162 359 54 75 an-

182 405 106 75 other,
313 405 31 75 in
363 405 55 75 the
441 405 85 75 fame
553 405 130 75 manner
708 405 33 75 as
767 405 31 75 if
817 405 90 75 there
924 405 66 75 was
1007 405 43 75 no
1065 405 76 75 fuch
1159 405 59 75 im-

182 452 99 75 pulfe.
329 452 78 75 The
423 452 97 75 moon
536 452 26 75 is
578 452 35 75 fo
625 452 77 75 near
707 452 68 75 "the
783 452 105 75 earth,
909 452 63 75 and
983 452 80 75 both
1079 452 40 75 of
1130 452 90 75 them

183 499 33 75 fo
235 499 49 75 far
300 499 84 75 from
409 499 140 75 the-fun,
574 499 72 75 that
662 499 55 75 the
735 499 165 75 attractive
917 499 108 75 power
1042 499 41 75 of
1094 499 55 75 the
1166 499 56 75 fun

181 545 72 75 may
271 545 40 75 he
322 545 187 75 confidered
526 545 33 75 as
576 545 95 75 equal
693 545 41 75 on
751 545 81 75 both
847 545 10 75 ;
885 545 63 75 and
965 545 175 75 therefore,
1166 545 55 75 the

181 591 96 75 moon
295 591 66 75 will
378 591 150 75 continue
552 591 34 75 to
611 591 153 75 circulate
784 591 105 75 round
913 591 55 75 the
993 591 92 75 earth
1110 591 33 75 in
1166 591 56 75 the

183 639 83 75 fame
295 639 131 75 manner
444 639 32 75 as
494 639 30 75 if
537 639 54 75 the
610 639 54 75 fun
688 639 56 75 did
762 639 57 75 not
844 639 115 75 attradl
981 639 89 75 them
1101 639 33 75 at
1158 639 62 75 all;

184 685 64 75 like
270 685 114 75 bodies
400 685 33 75 in
449 685 56 75 the
523 685 114 75 cabbin
659 685 41 75 of
714 685 18 75 a
750 685 78 75 (hip,
853 685 107 75 which
986 685 92 75 move
1106 685 117 75 round,

186 731 38 75 or
240 731 97 75 impel
354 731 61 75 one
432 731 148 75 another,
606 731 32 75 in
656 731 54 75 the
728 731 83 75 fame
828 731 130 75 manner
975 731 92 75 when
1086 731 55 75 the
1157 731 66 75 (hip

185 778 25 75 is
230 778 100 75 under
345 778 69 75 fail,
440 778 33 75 as
492 778 91 75 when
600 778 27 75 it
651 778 26 75 is
705 778 33 75 at
767 778 73 75 reft,
868 778 132 75 becaufe
1018 778 77 75 they
1111 778 53 75 are
1181 778 42 75 all

185 824 130 75 equally
334 824 135 75 affeCted
489 824 44 75 by
549 824 57 75 the
626 824 149 75 common
795 824 123 75 motion
935 824 40 75 of
992 824 55 75 the
1063 824 80 75 {hip.
1193 824 38 75 If

186 870 42 75 by
242 870 61 75 any
316 870 94 75 other
426 870 104 75 caufe,
556 870 75 75 fuch
649 870 34 75 as
697 870 55 75 the
764 870 75 75 near
851 870 160 75 approach
1024 870 40 75 of
1071 870 19 75 a
1105 870 120 75 comet,

187 917 55 75 the
271 917 124 75 moon’s
420 917 139 75 diftance
583 917 86 75 from
685 917 56 75 the
757 917 92 75 earth
866 917 112 75 fhould
993 917 125 75 happen
1134 917 35 75 to
1185 917 41 75 be

187 962 34 75 fo
239 962 96 75 much
351 962 174 75 increafed,
550 962 71 75 that
639 962 54 75 the
720 962 173 75 difference
920 962 41 75 of
980 962 84 75 their
1086 962 140 75 gravita-

190 1010 68 75 ting
275 1010 104 75 forces
405 1010 140 75 towards
568 1010 54 75 the
646 1010 56 75 fun
722 1010 113 75 fliould
863 1010 123 75 exceed
1012 1010 71 75 that
1112 1010 40 75 of
1171 1010 56 75 the

189 1056 95 75 moon
302 1056 141 75 towards
459 1056 55 75 the
538 1056 90 75 earth
644 1056 11 75 ;
681 1056 34 75 in
732 1056 71 75 that
819 1056 81 75 cafe,
927 1056 55 75 the
999 1056 108 75 moon,
1133 1056 94 75 when

188 1102 33 75 in
239 1102 216 75 conjunction,
482 1102 109 75 would
614 1102 147 75 abandon
787 1102 55 75 the
859 1102 105 75 earth,
990 1102 63 75 and
1069 1102 40 75 be
1124 1102 105 75 either

189 1150 109 75 drawn
326 1150 69 75 into
422 1150 56 75 the
505 1150 69 75 fun,
611 1150 38 75 or
673 1150 118 75 comet,
817 1150 37 75 or
881 1150 153 75 circulate
1062 1150 104 75 round
1194 1150 33 75 a-

192 1196 79 75 bout
288 1196 36 75 it.

237 1243 77 75 The
328 1243 113 75 curves
458 1243 105 75 which
581 1243 153 75 Jupiter’s
751 1243 154 75 fatellites
930 1243 156 75 deferibe,
1115 1243 54 75 are
1186 1243 43 75 all

192 1290 39 75 of
242 1290 150 75 different
409 1290 80 75 forts
507 1290 84 75 from
611 1290 55 75 the
683 1290 77 75 path
785 1290 165 75 deferibed
975 1290 43 75 by
1035 1290 58 75 our
1118 1290 109 75 moon,

192 1336 156 75 although
366 1336 87 75 thefe
469 1336 152 75 fatejlites
637 1336 42 75 go
702 1336 105 75 round
830 1336 141 75 Jupiter,
997 1336 33 75 as
1053 1336 57 75 the
1132 1336 98 75 moon

192 1384 76 75 goes
297 1384 103 75 round
427 1384 56 75 the
511 1384 105 75 earth.
677 1384 38 75 In
743 1384 92 75 Plate
863 1384 134 75 XLIII.
1023 1384 56 75 fig.
1110 1384 36 75 3.
1183 1384 48 75 let

193 1430 177 75 j4BCDE,
394 1430 63 75 &c.
483 1430 41 75 be
548 1430 34 75 as
608 1430 95 75 much
727 1430 39 75 of
785 1430 155 75 Jupiter’s
958 1430 86 75 orbit
1061 1430 33 75 as
1116 1430 41 75 he
1173 1430 57 75 de-

192 1476 119 75 feribes
337 1476 32 75 in
393 1476 37 75 18
447 1476 80 75 days
553 1476 84 75 from
658 1476 33 75 A
714 1476 35 75 to
768 1476 53 75 T;
852 1476 62 75 and
940 1476 56 75 the
1012 1476 112 75 curves
1150 1476 84 75 abed

193 1524 65 75 will
283 1524 39 75 be
340 1524 56 75 the
415 1524 78 75 path'
493 1524 16 75 s
526 1524 39 75 of
584 1524 50 75 his
660 1524 73 75 four
749 1524 112 75 moons
883 1524 96 75 going
997 1524 103 75 round
1114 1524 67 75 him
1197 1524 34 75 in

196 1570 50 75 his
264 1570 187 75 progreffive
464 1570 137 75 motion.

241 1616 87 75 Now
344 1616 46 75 let
406 1616 37 75 us
463 1616 131 75 fuppofe
611 1616 42 75 all
670 1616 88 75 thefe
774 1616 112 75 moons
903 1616 36 75 to
963 1616 46 75 fet
1030 1616 56 75 out
1111 1616 85 75 from
1213 1616 19 75 a

195 1662 201 75 conjunction
426 1662 78 75 with
528 1662 55 75 the
611 1662 69 75 fun,
715 1662 33 75 as
776 1662 72 75 feen
865 1662 85 75 from
969 1662 128 75 Jupiter
1120 1662 32 75 at
1171 1662 57 75 A;

193 1709 77 75 then
294 1709 48 75 his
359 1709 64 75 firft
440 1709 37 75 or
492 1709 121 75 neareft
630 1709 96 75 moon
743 1709 65 75 will
826 1709 39 75 be
892 1709 33 75 at
941 1709 35 75 a,
1001 1709 50 75 his
1068 1709 116 75 fecond
1196 1709 33 75 at

195 1757 30 75 b,
250 1757 50 75 his
329 1757 90 75 third
436 1757 32 75 at
484 1757 29 75 c,
539 1757 64 75 and
625 1757 50 75 his
703 1757 111 75 fourth
839 1757 33 75 at
890 1757 32 75 d.
972 1757 48 75 At
1044 1757 55 75 the
1118 1757 63 75 end
1197 1757 41 75 of

197 1805 44 75 24
266 1805 170 75 terreftrial
462 1805 98 75 hours
586 1805 85 75 after
695 1805 65 75 this
785 1805 214 75 conjunction,
1030 1805 127 75 Jupiter
1172 1805 59 75 has

195 1849 117 75 moved
329 1849 36 75 to
385 1849 27 75 B
412 1881 14 49 t
451 1849 50 75 his
519 1849 63 75 firft
599 1849 96 75 moon
711 1849 39 75 or
765 1849 137 75 fatellite
921 1849 57 75 has
995 1849 165 75 deferibed
1177 1849 55 75 the

197 1896 95 75 curve
308 1896 57 75 ai,
390 1896 50 75 his
457 1896 115 75 fecond
588 1896 57 75 the
661 1896 96 75 curve
774 1896 35 75 b\
809 1928 19 49 y
852 1896 49 75 his
920 1896 87 75 third
1023 1896 53 75 ci,
1102 1896 64 75 and
1181 1896 51 75 his

197 1942 110 75 fourth
326 1942 57 75 di.
429 1942 79 75 The
533 1942 79 75 next
636 1942 76 75 day,
745 1942 94 75 when
867 1942 127 75 Jupiter
1015 1942 27 75 is
1070 1942 34 75 at
1119 1942 37 75 C,
1181 1942 51 75 his

196 1989 64 75 firft
276 1989 135 75 fatellite
427 1989 59 75 has
513 1989 165 75 deferibed
705 1989 56 75 the
789 1989 96 75 curve
902 1989 56 75 «2,
983 1989 85 75 from
1095 1989 42 75 its
1155 1989 76 75 con-

195 2034 157 75 junction,
377 2034 49 75 his
444 2034 116 75 fecond
576 2034 55 75 the
644 2034 95 75 curve
756 2034 53 75 hi,
835 2034 50 75 his
898 2034 88 75 third
998 2034 55 75 the
1065 2034 97 75 curve
1178 2034 52 75 a,

199 2081 63 75 and
277 2081 50 75 his
350 2081 109 75 fourth
488 2081 56 75 the
561 2081 95 75 curve
673 2081 57 75 ^2,
755 2081 63 75 and
842 2081 33 75 fo
893 2081 53 75 on.
996 2081 77 75 The
1089 2081 143 75 numeral

198 2127 116 75 figures
327 2127 100 75 under
440 2127 55 75 the
507 2127 115 75 capital
639 2127 113 75 letters
764 2127 83 75 (hew
859 2127 155 75 Jupiter’s
1031 2127 89 75 place
1136 2127 32 75 in
1181 2127 51 75 his

199 2173 76 75 path
301 2173 96 75 every
414 2173 63 75 day
494 2173 50 75 for
571 2173 40 75 18
637 2173 91 75 days,
755 2173 176 75 accounted
959 2173 84 75 from
1063 2173 34 75 A
1117 2173 36 75 to
1177 2173 36 75 T

200 2220 61 75 and
278 2220 55 75 the
349 2220 64 75 like
430 2220 116 75 figures
563 2220 45 75 fet
624 2220 36 75 to
673 2220 54 75 the
745 2220 93 75 paths
850 2220 40 75 of
900 2220 51 75 his
968 2220 164 75 fatellites,
1150 2220 83 75 fhew

199 2266 111 75 wherq
323 2266 78 75 they
418 2266 53 75 are
488 2266 32 75 at
536 2266 56 75 the
607 2266 65 75 like
689 2266 105 75 times.
842 2266 77 75 The
936 2266 64 75 firft
1016 2266 147 75 fatellite,
1189 2266 46 75 al-

200 2314 80 75 moft
298 2314 101 75 under
414 2314 38 75 C,
477 2314 26 75 is
521 2314 172 75 ftationary
710 2314 32 75 at
759 2314 37 75 ft-
813 2314 34 75 as
871 2314 72 75 feen
968 2314 86 75 from
1070 2314 55 75 the
1152 2314 55 75 fun
1222 2314 11 75 ;

202 2360 62 75 and
281 2360 184 75 retrograde
489 2360 84 75 from
589 2360 39 75 +
643 2360 35 75 to
698 2360 17 75 2
733 2360 9 75 :
770 2360 31 75 at
820 2360 18 75 2
869 2360 25 75 it
917 2360 130 75 appears
1065 2360 172 75 ftationary

201 2406 104 75 again,
331 2406 62 75 and
414 2406 116 75 thence
554 2406 26 75 it
596 2406 109 75 moves
731 2406 141 75 forward
888 2406 81 75 until
993 2406 26 75 it
1043 2406 57 75 has
1118 2406 65 75 paft
1203 2406 32 75 3,

202 2453 62 75 and
279 2453 26 75 is
323 2453 92 75 twice
432 2453 184 75 ftationary,
642 2453 61 75 and
721 2453 79 75 once
824 2453 198 75 retrograde,
1046 2453 145 75 between
1217 2453 17 75 3

203 2500 62 75 and
283 2500 34 75 4.
364 2500 78 75 The
459 2500 76 75 path
560 2500 40 75 of
626 2500 60 75 ihis
705 2500 132 75 fatellite
854 2500 161 75 interfeCts
1039 2500 90 75 itfelf
1141 2500 97 75 every

203 2552 70 75 42t
300 2552 111 75 houfs,
447 2552 129 75 making
603 2552 76 75 fuch
707 2552 91 75 loops
827 2552 33 75 as
889 2552 31 75 in
949 2552 55 75 the
1031 2552 142 75 diagram
1205 2552 33 75 at

206 2592 18 75 2
254 2592 16 75 3
302 2592 15 75 5
347 2592 19 75 7
394 2592 21 75 9
445 2592 41 75 10
515 2592 39 75 12
586 2592 40 75 14
656 2592 40 75 16
727 2592 54 75 18,
806 2592 19 75 a
849 2592 83 75 little
950 2592 82 75 after
1048 2592 97 75 every
1162 2592 75 75 con-

200 2640 156 75 junction.
405 2640 77 75 The
498 2640 116 75 fecond
630 2640 135 75 fatellite
778 2640 30 75 b,
835 2640 129 75 moving
980 2640 123 75 flower,
1127 2640 112 75 barely

205 2684 113 75 crofles
344 2684 41 75 its
412 2684 76 75 path
505 2684 97 75 every
629 2684 17 75 3
673 2684 79 75 days
774 2684 38 75 13
839 2684 98 75 hours
953 2684 9 75 ;
990 2684 33 75 as
1049 2684 32 75 at
1099 2684 21 75 4
1149 2684 17 75 7
1197 2684 37 75 11

210 2733 41 75 14
280 2733 53 75 18,
359 2733 128 75 making
503 2733 75 75 only
595 2733 60 75 five
672 2733 90 75 loops
780 2733 61 75 and
858 2733 33 75 as
910 2733 94 75 many
1020 2733 218 75 conjunctions

206 2776 104 75 in-the
327 2776 77 75 time
421 2776 69 75 that
506 2776 56 75 the
579 2776 64 75 firft
659 2776 107 75 makes
784 2776 66 75 ten.
898 2776 75 75 The
993 2776 88 75 third
1104 2776 136 75 fatellite

207 2825 17 75 c
251 2825 128 75 moving
407 2825 60 75 ftill
490 2825 120 75 flower,
643 2825 64 75 and
733 2825 116 75 having
871 2825 168 75 deferibed
1061 2825 55 75 the
1144 2825 96 75 curve

205 2870 17 75 £
251 2870 13 75 1
294 2870 19 75 2
343 2870 16 75 3
388 2870 21 75 4
438 2870 15 75 5
480 2870 21 75 6
527 2870 32 75 7,
594 2870 105 75 comes
724 2870 35 75 to
791 2870 40 75 an
863 2870 93 75 angle
984 2870 32 75 at
1054 2870 18 75 7
1102 2870 33 75 in
1163 2870 76 75 con-

202 2916 143 75 junction
363 2916 78 75 with
459 2916 55 75 the
532 2916 55 75 fun
604 2916 33 75 at
653 2916 55 75 the
725 2916 62 75 end
803 2916 40 75 of
857 2916 18 75 7
894 2916 79 75 days
991 2916 21 75 4
1028 2916 98 75 hours
1141 2916 10 75 ;
1178 2916 62 75 and

202 2962 34 75 fo
254 2962 75 75 gaps
354 2962 42 75 on
414 2962 33 75 to
463 2962 143 75 deferibe
622 2962 75 75 fuch
716 2962 132 75 another
866 2962 95 75 curve
985 2962 251 75 789101!

208 3012 23 75 1.
231 3012 16 75 2
277 3012 38 75 13
350 3012 54 75 14,
429 3012 63 75 and
507 3012 27 75 is
561 3012 33 75 at
617 3012 40 75 14
682 3012 32 75 in
739 3012 40 75 its
797 3012 80 75 next
901 3012 213 75 conjunction.
1162 3012 78 75 The

1316 149 45 75 N
1438 149 41 75 O
1558 149 49 75 M
1683 149 55 75 Y.

1265 218 111 75 fourth
1404 218 137 75 fatellite
1558 218 24 75 d
1605 218 27 75 is
1661 218 119 75 always
1808 218 201 75 progreffive,
2033 218 130 75 making
2180 218 122 75 neither

1265 266 91 75 loops
1372 266 60 75 nor
1449 266 107 75 angles
1574 266 32 75 in
1630 266 55 75 the
1701 266 163 75 heavens;
1890 266 59 75 but
1966 266 106 75 comes
2096 266 35 75 to
2153 266 41 75 its
2224 266 80 75 next

1266 312 202 75 conjunction
1485 312 33 75 at
1535 312 16 75 e
1567 312 145 75 between
1735 312 56 75 the
1808 312 141 75 numeral
1966 312 116 75 figures
2103 312 42 75 16
2162 312 63 75 and
2248 312 53 75 17,

1268 357 37 75 or
1327 357 33 75 in
1384 357 38 75 16
1439 357 79 75 days
1549 357 38 75 18
1614 357 110 75 hours.
1774 357 38 75 In
1835 357 95 75 order
1953 357 36 75 to
2005 357 80 75 have
2102 357 18 75 a
2143 357 162 75 tolerably

1268 406 88 75 good
1393 406 100 75 figure
1521 406 39 75 of
1582 406 56 75 the
1665 406 93 75 paths
1785 406 41 75 of
1846 406 88 75 thefe
1961 406 166 75 fatellites,
2153 406 74 75 take
2247 406 56 75 the

1269 452 169 75 following
1455 452 146 75 method.

1316 499 31 75 It
1363 499 132 75 appears
1512 499 43 75 by
1572 499 55 75 the
1643 499 137 75 fcheme,
1804 499 71 75 that
1891 499 55 75 the
1963 499 91 75 three
2071 499 63 75 firft
2150 499 154 75 fatellites

1271 546 90 75 come
1377 546 112 75 almoft
1504 546 71 75 into
1591 546 56 75 the
1668 546 84 75 fame
1776 546 65 75 line
1856 546 40 75 or
1918 546 134 75 pofition
2068 546 97 75 every
2176 546 131 75 feventh

1273 591 63 75 day
1350 591 10 75 ;
1387 591 57 75 the
1460 591 64 75 firft
1541 591 95 75 being
1652 591 76 75 only
1744 591 19 75 a
1778 591 83 75 little
1877 591 119 75 behind
2011 591 79 75 with
2107 591 54 75 the
2178 591 128 75 fecond,

1274 638 18 75 a
1301 638 35 75 -d
1347 638 56 75 the
1415 638 116 75 fecond
1547 638 119 75 behind
1681 638 79 75 with
1777 638 56 75 the
1849 638 100 75 third.
1998 638 68 75 But
2077 638 55 75 the
2148 638 112 75 period
2272 638 41 75 of

1274 685 55 75 the
1342 685 111 75 fourth
1469 685 135 75 fatellite
1616 685 25 75 is
1660 685 35 75 fo
1710 685 284 75 incommenfurate
2009 685 35 75 to
2060 685 55 75 the
2132 685 127 75 periods
2272 685 41 75 of

1274 732 56 75 the
1348 732 94 75 other
1461 732 106 75 three,
1593 732 70 75 that
1680 732 26 75 it
1722 732 116 75 cannot
1854 732 39 75 be
1910 732 127 75 gueffed
2053 732 32 75 at
2101 732 43 75 by
2168 732 54 75 the
2238 732 70 75 dia-

1274 778 90 75 gram
1380 778 93 75 when
1489 778 27 75 it
1533 778 108 75 would
1659 778 57 75 fall
1733 778 91 75 again
1840 778 70 75 into
1927 778 18 75 a
1964 778 64 75 line
2047 778 41 75 of
2105 778 203 75 conjunCHon

1275 824 77 75 with
1371 824 100 75 them,
1497 824 145 75 between
1659 824 125 75 Jupiter
1797 824 63 75 and
1875 824 57 75 the
1947 824 70 75 fun.
2069 824 74 75 And
2159 824 42 75 no
2218 824 89 75 won-

1276 871 58 75 der
1347 871 11 75 ;
1393 871 51 75 for
1465 871 166 75 fuppofing
1655 871 88 75 them
1764 871 42 75 all
1831 871 35 75 to
1883 871 81 75 have
1992 871 77 75 been
2087 871 80 75 once
2183 871 31 75 in
2232 871 76 75 con-

1272 918 157 75 junction,
1464 918 27 75 it
1519 918 66 75 will
1609 918 127 75 require
1767 918 360 75 3,087,043,493,260
2155 918 91 75 years
2273 918 38 75 to

1277 963 92 75 bring
1380 963 88 75 them
1484 963 31 75 in
1535 963 201 75 conjunction
1752 963 105 75 again.

1326 1011 37 75 In
1380 1011 92 75 Plate
1483 1011 134 75 XLIV.
1630 1011 57 75 fig.
1710 1011 30 75 1.
1757 1011 49 75 we
1822 1011 80 75 have
1913 1011 55 75 the
1983 1011 202 75 proportions
2203 1011 40 75 of
2253 1011 57 75 the

1276 1058 101 75 orbits
1394 1058 40 75 of
1453 1058 145 75 Saturn’s
1618 1058 63 75 five
1705 1058 165 75 fatellites,
1896 1058 62 75 and
1980 1058 40 75 of
2037 1058 154 75 Jupiter’s
2219 1058 87 75 four,

1278 1105 34 75 to
1329 1105 60 75 one
1407 1105 145 75 another,
1578 1105 35 75 to
1640 1105 61 75 our
1717 1105 124 75 moon’s
1858 1105 98 75 orbit,
1981 1105 62 75 and
2070 1105 35 75 to
2122 1105 54 75 the
2191 1105 68 75 difk
2274 1105 43 75 of

1278 1151 55 75 the
1350 1151 68 75 fun.
1468 1151 25 75 S
1517 1151 27 75 is
1569 1151 56 75 the
1649 1151 55 75 fun
1719 1151 11 75 ;
1758 1151 49 75 M
1825 1151 31 75 rn
1877 1151 56 75 the
1962 1151 123 75 moon’s
2113 1151 97 75 orbit,
2238 1151 74 75 (the

1278 1197 91 75 earth
1386 1197 154 75 fuppofed
1564 1197 35 75 to
1624 1197 39 75 be
1679 1197 33 75 at
1729 1197 32 75 E
1775 1197 44 75 ;),
1854 1197 31 75 J
1906 1197 127 75 Jupiter
2046 1197 11 75 ;
2096 1197 133 75 1234
2254 1197 57 75 the

1278 1243 102 75 orbits
1398 1243 39 75 of
1448 1243 49 75 his
1515 1243 74 75 four
1605 1243 111 75 moons
1734 1243 36 75 or
1794 1243 150 75 fatellites
1958 1243 11 75 ;
1996 1243 64 75 Sat
2078 1243 117 75 Saturn
2210 1243 10 75 ;
2247 1243 64 75 and

1283 1292 13 75 x
1319 1292 18 75 2
1358 1292 17 75 3
1396 1292 21 75 4
1438 1292 16 75 5
1474 1292 55 75 the
1545 1292 103 75 orbits
1665 1292 41 75 of
1727 1292 49 75 his
1805 1292 62 75 five
1894 1292 124 75 moons.
2066 1292 114 75 Hence
2205 1292 25 75 it
2255 1292 55 75 ap-

1278 1336 103 75 pears,
1407 1336 71 75 that
1494 1336 55 75 the
1565 1336 57 75 fun
1634 1336 109 75 would
1758 1336 95 75 much
1869 1336 89 75 more
1976 1336 74 75 than
2068 1336 45 75 fill
2131 1336 54 75 the
2203 1336 106 75 whole

1279 1382 86 75 orbit
1388 1382 40 75 of
1447 1382 56 75 the
1527 1382 96 75 moon
1639 1382 10 75 ;
1680 1382 52 75 for
1755 1382 56 75 the
1833 1382 84 75 fun’s
1941 1382 154 75 diameter
2112 1382 26 75 is
2157 1382 155 75 763,000

1279 1429 103 75 miles,
1423 1429 63 75 and
1523 1429 54 75 the
1609 1429 156 75 diameter
1796 1429 40 75 of
1866 1429 56 75 the
1958 1429 124 75 moon’s
2113 1429 87 75 orbit
2222 1429 90 75 ^only

1281 1477 165 75 480,000.
1495 1477 39 75 In
1551 1477 188 75 proportion
1755 1477 35 75 to
1807 1477 42 75 all
1866 1477 87 75 thefe
1973 1477 101 75 orbits
2091 1477 40 75 of
2143 1477 54 75 the
2214 1477 96 75 fatel-

1279 1523 86 75 lites,
1391 1523 55 75 the
1463 1523 106 75 radius
1587 1523 40 75 of
1648 1523 145 75 Saturn’s
1811 1523 114 75 annual
1944 1523 86 75 orbit
2049 1523 109 75 would
2186 1523 39 75 be
2244 1523 68 75 21-J

1279 1568 110 75 yards,
1425 1568 41 75 of
1489 1568 153 75 Jupiter’s
1670 1568 85 75 orbit
1776 1568 78 75 n-J,
1879 1568 64 75 and
1969 1568 119 75 of'the
2114 1568 120 75 earth’s
2251 1568 59 75 2^*

1281 1615 110 75 taking
1407 1615 88 75 them
1512 1615 32 75 in
1563 1615 103 75 round
1682 1615 162 75 numbers.

1282 1748 144 75 Chap.
1448 1748 110 75 XIV.
1615 1748 81 75 The
1713 1748 239 75 Phenomena
1973 1748 47 75 of
2030 1748 65 75 the
2123 1748 190 75 Harvefl-

1338 1807 98 75 moon
1469 1807 210 75 explained
1719 1807 46 75 by
1794 1807 26 75 a
1860 1807 152 75 common
2051 1807 136 75 Globe:
2234 1807 80 75 The

1331 1861 116 75 years
1477 1861 40 75 in
1547 1861 133 75 which
1702 1861 66 75 the
1789 1861 305 75 Harvejl-moons
2124 1861 68 75 are
2220 1861 94 75 leajl

1339 1919 85 75 and
1461 1919 86 75 mojl
1582 1919 198 75 beneficial
1804 1919 107 75 from
1955 1919 118 75 1751,
2115 1919 36 75 to
2189 1919 124 75 18(^1.

1338 1974 79 75 The
1451 1974 86 75 long
1575 1974 198 75 Duration
1813 1974 48 75 of
1890 1974 234 75 Moon-light
2162 1974 46 75 at
2247 1974 66 75 the

1337 2031 109 75 Poles
1468 2031 40 75 in
1532 2031 147 75 Winter

1328 2126 43 75 It
1390 2126 27 75 is
1435 2126 163 75 generally
1613 2126 144 75 believed
1776 2126 70 75 that
1862 2126 55 75 the
1944 2126 95 75 moon
2063 2126 75 75 rifes
2154 2126 97 75 about
2269 2126 44 75 48

1282 2174 137 75 minutes
1435 2174 82 75 later
1533 2174 97 75 every
1646 2174 63 75 day
1725 2174 76 75 than
1824 2174 41 75 on
1883 2174 55 75 the
1954 2174 191 75 preceding;
2176 2174 57 75 but
2249 2174 66 75 this

1281 2220 27 75 is
1325 2220 71 75 true
1413 2220 77 75 only
1506 2220 79 75 v/ith
1613 2220 114 75 regard
1743 2220 35 75 to
1805 2220 105 75 places
1927 2220 40 75 on
1996 2220 56 75 the
2079 2220 148 75 equator.
2275 2220 41 75 In

1284 2267 162 75 places-of
1457 2267 213 75 confiderable
1686 2267 134 75 latitude
1837 2267 90 75 there
1955 2267 26 75 is
1999 2267 19 75 a
2037 2267 197 75 remarkable
2252 2267 63 75 dif-

1285 2313 139 75 ference,
1449 2313 167 75 efpecially
1632 2313 31 75 in
1681 2313 55 75 the
1752 2313 124 75 harveft
1903 2313 77 75 time
1994 2313 11 75 ;
2032 2313 79 75 with
2128 2313 105 75 which
2249 2313 66 75 far-

1285 2359 82 75 mers
1395 2359 84 75 were
1507 2359 105 75 better
1638 2359 192 75 acquainted
1855 2359 78 75 than
1961 2359 209 75 aftronomers
2198 2359 50 75 till
2279 2359 42 75 of

1285 2407 63 75 late
1363 2407 10 75 ;
1400 2407 63 75 and
1480 2407 171 75 gratefully
1666 2407 141 75 aferibed
1830 2407 55 75 the
1902 2407 88 75 early
2007 2407 93 75 rifing
2117 2407 40 75 of
2176 2407 56 75 the
2255 2407 62 75 full

1285 2453 96 75 moon
1398 2453 33 75 at
1448 2453 70 75 that
1535 2453 76 75 time
1628 2453 40 75 of
1693 2453 55 75 the
1765 2453 76 75 year
1858 2453 35 75 to
1920 2453 56 75 the
1998 2453 155 75 goodnefs
2170 2453 39 75 of
2221 2453 94 75 God,

1285 2499 32 75 in
1341 2499 149 75 ordering
1513 2499 26 75 it
1556 2499 33 75 fo
1605 2499 41 75 on
1664 2499 134 75 purpofe
1822 2499 34 75 to
1874 2499 72 75 give
1962 2499 87 75 them
2067 2499 37 75 an
2133 2499 183 75 immediate

1286 2545 111 75 fupply
1414 2545 40 75 of
1465 2545 195 75 moon-light
1677 2545 82 75 after
1776 2545 119 75 fun-fet
1921 2545 52 75 for
1989 2545 85 75 their
2096 2545 126 75 greater
2238 2545 77 75 con-

1285 2591 153 75 veniency
1449 2591 32 75 in
1499 2591 129 75 reaping
1640 2591 55 75 the
1712 2591 95 75 fruits
1819 2591 40 75 of
1870 2591 56 75 the
1941 2591 103 75 earth.
2093 2591 76 75 And
2186 2591 128 75 indeed.

1336 2637 36 75 In
1389 2637 65 75 this
1470 2637 137 75 inftance
1619 2637 40 75 of
1671 2637 55 75 the
1737 2637 248 75 harveft-,moon,
2011 2637 34 75 as
2057 2637 30 75 in
2101 2637 94 75 many
2205 2637 112 75 others

1287 2684 215 75 difcoverable
1527 2684 43 75 by
1587 2684 190 75 aftronomy,
1803 2684 56 75 the
1885 2684 129 75 wifdom
2040 2684 61 75 and
2118 2684 198 75 beneficence

1287 2731 39 75 of
1348 2731 56 75 the
1432 2731 104 75 Deity
1562 2731 27 75 is
1618 2731 219 75 confpicuous,
1873 2731 75 75 who
1975 2731 100 75 really
2099 2731 136 75 ordered
2259 2731 58 75 the

1287 2779 109 75 courfe
1412 2779 40 75 of
1463 2779 54 75 the
1535 2779 95 75 moon
1647 2779 45 75 fo,
1718 2779 34 75 as
1778 2779 35 75 to
1839 2779 116 75 beftow
1973 2779 87 75 more
2087 2779 38 75 or
2152 2779 58 75 lefs
2233 2779 83 75 light

1288 2824 40 75 on
1346 2824 42 75 all
1416 2824 86 75 parts
1520 2824 40 75 of
1582 2824 55 75 the
1653 2824 91 75 earth
1770 2824 33 75 as
1830 2824 84 75 their
1941 2824 117 75 feveral
2078 2824 239 75 circumftances

1288 2871 63 75 and
1366 2871 122 75 feafons
1514 2871 115 75 render
1650 2871 26 75 it
1699 2871 88 75 more
1804 2871 37 75 or
1868 2871 61 75 lefs
1954 2871 200 75 ferviceable.
2203 2871 114 75 About

1288 2918 55 75 the
1360 2918 148 75 equator,
1535 2918 106 75 where
1665 2918 92 75 there
1781 2918 26 75 is
1831 2918 41 75 no
1896 2918 123 75 variety
2036 2918 40 75 of
2095 2918 133 75 feafons,
2254 2918 64 75 and

1287 2964 56 75 the
1360 2964 141 75 weather
1517 2964 137 75 changes
1671 2964 132 75 feldom,
1829 2964 63 75 and
1911 2964 33 75 at
1961 2964 99 75 ftated
2076 2964 104 75 times,
2204 2964 113 75 moon-

1287 3011 81 75 light
1385 3011 27 75 is
1425 3011 56 75 not
1498 3011 158 75 neceffary
1672 3011 52 75 for
1740 3011 169 75 gathering
1924 3011 33 75 in
1974 3011 54 75 the
2053 3011 140 75 produce
2208 3011 40 75 of
2260 3011 56 75 the

2165 3055 123 75 ground
2302 3055 11 75 ;
