2396 3377
448 100 226 75 ALE

1020 100 19 75 (
1100 100 50 75 79
1209 100 18 75 )

1575 100 41 75 A
1676 100 35 75 L
1769 100 39 75 G

70 168 285 75 ALENGNER,
382 168 18 75 a
419 168 88 75 town
523 168 40 75 of
578 168 168 75 Portugal,
771 168 32 75 in
822 168 54 75 the
900 168 150 75 province
1068 168 40 75 of

119 214 237 75 Eftremadura,
382 214 99 75 about
498 214 228 75 twenty-feven
744 214 90 75 miles
851 214 48 75 N.
913 214 44 75 E.
975 214 40 75 of
1027 214 73 75 Lif-

120 262 74 75 bon.

70 308 204 75 ALENON
282 308 85 75 fa/f,
386 308 38 75 an
441 308 141 75 obfolete
598 308 92 75 name
706 308 41 75 of
758 308 54 75 the
829 308 44 75 oil
890 308 40 75 of
940 308 158 75 almonds.

70 355 272 75 ALENTEJO,
369 355 18 75 a
403 355 149 75 province
567 355 41 75 of
619 355 167 75 Portugal,
811 355 90 75 lying
916 355 184 75 foutlnvard

74 401 5 75 •
116 401 40 75 of
166 401 127 75 Tagus.

69 447 247 75 ALENZON,
343 447 18 75 a
377 447 106 75 drong
499 447 66 75 city
581 447 40 75 of
632 447 202 75 Normandy,
852 447 135 75 fituated
998 447 102 75 under

114 494 56 75 the
197 494 84 75 fame
306 494 153 75 meri.dian
483 494 78 75 with
582 494 152 75 London,
767 494 33 75 in
816 494 59 75 48.
895 494 56 75 32.
969 494 48 75 N.
1038 494 59 75 lat.

115 539 31 75 It
162 539 26 75 is
209 539 55 75 the
281 539 114 75 capital
413 539 40 75 of
463 539 56 75 the
534 539 122 75 dutchy
672 539 40 75 of
731 539 55 75 the
801 539 84 75 fame
907 539 103 75 name.

67 586 214 75 ALEORE,
306 586 116 75 among
445 586 125 75 ancient
594 586 187 75 phyficians,
804 586 141 75 denoted
969 586 55 75 the
1047 586 49 75 in-

70 632 4 75 :
114 632 118 75 ter-vals
250 632 40 75 of
308 632 68 75 eafe
394 632 72 75 that
484 632 189 75 alternately
689 632 133 75 fucceed
839 632 91 75 acute
946 632 101 75 pains.

67 679 202 75 ALEPPO,
296 679 18 75 a
329 679 88 75 large
433 679 68 75 city
517 679 40 75 of
568 679 260 75 xlliaticTurky,
853 679 241 75 fituatedinE.

114 726 89 75 long.
224 726 56 75 37.
300 726 33 75 4.
360 726 61 75 and
437 726 48 75 N.
502 726 59 75 lat.
577 726 67 75 .36.
671 726 56 75 30.

161 771 32 75 It
210 771 26 75 is
253 771 39 75 an
307 771 109 75 inland
431 771 99 75 town,
555 771 88 75 lying
660 771 110 75 almoft
786 771 32 75 in
834 771 56 75 the
901 771 120 75 middle
1036 771 56 75 be-

114 817 102 75 tween
234 817 55 75 the
305 817 85 75 river
405 817 181 75 Euphrates
605 817 62 75 and
683 817 55 75 the
757 817 127 75 Levant
904 817 62 75 lea.
1015 817 77 75 The

113 864 188 75 Chriftians,
327 864 74 75 who
418 864 53 75 are
487 864 136 75 allowed
639 864 55 75 the
710 864 68 75 free
795 864 140 75 exercife
951 864 40 75 of
1010 864 84 75 their

112 911 145 75 religion,
275 911 79 75 have
371 911 83 75 their
465 911 112 75 houfes
591 911 62 75 and
665 911 153 75 churches
832 911 31 75 in
877 911 55 75 the
943 911 148 75 fuburbs.

70 952 6 75 ,
156 952 78 75 The
249 952 171 75 beglerbeg
436 952 39 75 of
486 952 131 75 Aleppo
632 952 182 75 commands
832 952 55 75 the
915 952 105 75 whole
1035 952 59 75 ex-

113 1003 68 75 tent
196 1003 40 75 of
254 1003 148 75 country,
427 1003 143 75 between
586 1003 55 75 the
658 1003 195 75 Levant-fea
868 1003 63 75 and
946 1003 54 75 the
1024 1003 69 75 Eu-

114 1048 141 75 phrates.

65 1097 234 75 ALERION,
324 1097 38 75 or
381 1097 221 75 Allerion,
628 1097 32 75 in
677 1097 163 75 heraldry.
890 1097 62 75 See
967 1097 124 75 Alle-

114 1143 112 75 RiON..

64 1189 268 75 ALESSANO,
358 1189 19 75 a
400 1189 86 75 town
503 1189 41 75 of
562 1189 56 75 the
634 1189 152 75 kingdom
804 1189 40 75 of
855 1189 135 75 Naples,
1016 1189 73 75 fitu-

111 1235 73 75 ated
204 1235 97 75 about
315 1235 132 75 twelves
464 1235 91 75 miles
571 1235 75 75 weft
663 1235 38 75 of
714 1235 54 75 the
785 1235 67 75 city
872 1235 154 75 Otranto.

64 1282 216 75 ALESSIO,
314 1282 19 75 a
360 1282 85 75 town
468 1282 40 75 of
526 1282 168 75 European
710 1282 130 75 Turky,
873 1282 32 75 in
933 1282 56 75 the
1016 1282 73 75 pro-

110 1327 90 75 vince
216 1327 40 75 of
274 1327 152 75 Albania,
443 1327 134 75 lituated
596 1327 75 75 near
682 1327 56 75 the
758 1327 111 75 mouth
882 1327 40 75 of
940 1327 54 75 the
1006 1327 84 75 river

112 1374 131 75 Drtnio.

63 1420 147 75 ALET,
235 1420 37 75 or
293 1420 153 75 Aleth,
471 1420 19 75 a
510 1420 66 75 city
600 1420 41 75 of
662 1420 135 75 France,
822 1420 136 75 fituated
986 1420 31 75 in
1035 1420 56 75 the

110 1464 112 75 Upper
233 1464 211 75 Languedoc,
462 1464 34 75 at
508 1464 54 75 the
578 1464 71 75 foot
661 1464 40 75 of
712 1464 55 75 die
778 1464 194 75 Pyrennees,
994 1464 98 75 about

109 1512 185 75 thirty-two
306 1512 91 75 miles
409 1512 184 75 fouth-weft
605 1512 39 75 of
651 1512 188 75 Narbonne,
854 1512 34 75 2.
900 1512 36 75 o.
946 1512 45 75 E.
1000 1512 89 75 long.

111 1559 56 75 43.
191 1559 53 75 10.
261 1559 48 75 N.
327 1559 58 75 lat.

62 1605 224 75 ALETRIS,
310 1605 33 75 in
361 1605 132 75 botapy,
516 1605 21 75 a
553 1605 98 75 genus
668 1605 40 75 of
719 1605 56 75 the
790 1605 177 75 hexandria
979 1605 111 75 mono-

108 1650 96 75 gynia
216 1650 90 75 clafs.
354 1650 80 75 The
448 1650 121 75 corolla
584 1650 26 75 is
627 1650 255 75 tunnel-fnaped,
894 1650 54 75 the
960 1650 131 75 ftamina

109 1695 52 75 are
173 1695 139 75 inferred
323 1695 68 75 into
406 1695 56 75 the
474 1695 71 75 bafe
558 1695 40 75 of
608 1695 56 75 the
675 1695 101 75 petals
788 1695 10 75 ;
818 1695 61 75 and
895 1695 55 75 the
967 1695 124 75 capfule

110 1740 122 75 confifts
246 1740 38 75 of
297 1740 90 75 three
396 1740 100 75 .cells.
528 1740 112 75 There
656 1740 53 75 are
727 1740 74 75 only
818 1740 90 75 three
923 1740 116 75 fpecies
1056 1740 41 75 of

110 1786 54 75 the
192 1786 122 75 aletris,
332 1786 70 75 viz.
427 1786 55 75 the
504 1786 150 75 farinofa,
689 1786 18 75 a
729 1786 106 75 native
858 1786 40 75 of
914 1786 174 75 America.;

108 1832 54 75 the
180 1832 148 75 capenfis,
347 1832 17 75 a
376 1832 105 75 native
502 1832 41 75 of
552 1832 55 75 the
624 1832 89 75 Cape
729 1832 41 75 of
783 1832 100 75 Good
892 1832 95 75 Hope
999 1832 9 75 ;
1028 1832 62 75 and

107 1877 55 75 the
180 1877 157 75 fragrans,
364 1877 18 75 a
406 1877 106 75 native
541 1877 40 75 of
603 1877 126 75 Africa.
778 1877 75 75 The
869 1877 66 75 two
950 1877 64 75 firft
1031 1877 53 75 are

105 1923 160 75 perennial
282 1923 117 75 plants,
425 1923 62 75 and
505 1923 55 75 the
576 1923 57 75 laft
649 1923 26 75 is
697 1923 18 75 a
730 1923 227 75 fruit-bearing
978 1923 104 75 Ihrub.

102 1970 109 75 Thefe
228 1970 53 75 are
297 1970 43 75 all
357 1970 121 75 ranked
494 1970 114 75 among
625 1970 56 75 the
697 1970 86 75 aloes
800 1970 40 75 of
859 1970 151 75 different
1025 1970 56 75 au-

102 2015 104 75 thors.
257 2015 61 75 See
335 2015 126 75 Aloe.

54 2065 388 75 ALEUROMANCY,
468 2065 19 75 a
501 2065 116 75 fpecies
642 2065 41 75 of
702 2065 175 75 divination
900 2065 182 75 performed

101 2107 43 75 by
160 2107 106 75 means
285 2107 38 75 of
335 2107 81 75 meal
433 2107 38 75 or
486 2107 95 75 flour.

55 2155 346 75 ALEXANDERS,
426 2155 32 75 in
476 2155 133 75 botany.
660 2155 60 75 See
741 2155 229 75 Smyrnium.

54 2201 423 75 ALEXANDRETTA,
510 2201 31 75 in
570 2201 196 75 geography,
807 2201 54 75 the
885 2201 83 75 fame
1000 2201 79 75 with

102 2247 216 75 Scanderoon.
368 2247 62 75 See
447 2247 54 75 the
519 2247 110 75 article
647 2247 273 75 Scanderoon.

1150 156 342 75 ALEXANDRIA,
1519 156 19 75 a
1549 156 142 75 fea-port
1702 156 87 75 town
1802 156 40 75 of
1857 156 123 75 Egypt,
2004 156 133 75 fituated
2148 156 32 75 in

1200 204 56 75 31.
1282 204 53 75 xy.
1353 204 45 75 E.
1415 204 90 75 long,
1532 204 63 75 and
1609 204 56 75 30.
1683 204 58 75 40.
1766 204 47 75 N.
1831 204 59 75 lat.
1916 204 100 75 about
2030 204 149 75 fourteen

1197 250 90 75 miles
1305 250 164 75 weftward
1484 250 41 75 of
1537 250 54 75 the
1614 250 81 75 moft
1714 250 146 75 wefterly
1876 250 120 75 brmch
2012 250 41 75 of
2064 250 55 75 die
2136 250 42 75 ri-

1195 296 56 75 ver
1266 296 91 75 Nile.

1146 343 263 75 Alexandria
1433 343 27 75 is
1485 343 64 75 alfo
1574 343 56 75 the
1647 343 91 75 name
1755 343 41 75 of
1807 343 18 75 a
1841 343 67 75 city
1923 343 41 75 of
1980 343 98 75 Italy,
2103 343 74 75 fitu-

1194 389 74 75 ated
1283 389 41 75 on
1342 389 55 75 the
1416 389 85 75 river
1526 389 146 75 Tanaro,
1699 389 98 75 about
1819 389 91 75 forty
1933 389 90 75 miles
2047 389 49 75 N.
2113 389 62 75 W.

1195 436 40 75 of
1245 436 128 75 Genoa,
1400 436 34 75 8.
1456 436 55 75 52.
1530 436 44 75 E.
1591 436 89 75 long.
1707 436 57 75 44.
1784 436 58 75 45.
1861 436 48 75 N.
1927 436 58 75 lat.

1147 483 373 75 ALEXANDRIAN,
1556 483 38 75 or
1621 483 275 75 Alexandrin,
1928 483 34 75 in
1990 483 126 75 poetry,
2155 483 19 75 a

1192 529 78 75 kind
1285 529 41 75 of
1337 529 100 75 verfe,
1461 529 165 75 confiding
1643 529 40 75 of
1700 529 127 75 twelve,
1853 529 37 75 or
1917 529 41 75 of
1976 529 115 75 twelve
2109 529 64 75 and

1193 575 137 75 thirteen
1347 575 147 75 fyllables
1510 575 209 75 alternately;
1746 575 34 75 fo
1798 575 105 75 called
1919 575 85 75 from
2036 575 18 75 a
2081 575 94 75 poem

1193 623 41 75 on
1250 623 56 75 the
1321 623 56 75 life
1394 623 40 75 of
1444 623 201 75 Alexander,
1670 623 129 75 written
1814 623 33 75 in
1864 623 63 75 this
1943 623 80 75 kind
2035 623 40 75 of
2085 623 90 75 verfe

1192 670 43 75 by
1251 670 87 75 fome
1354 670 127 75 French
1498 670 88 75 poet.

1235 715 236 75 Alexandrines
1489 715 53 75 are
1561 715 140 75 peculiar
1728 715 35 75 to
1790 715 133 75 modern
1950 715 128 75 poetry,
2104 715 66 75 and

1187 763 82 75 feem
1297 763 73 75 well
1397 763 136 75 adapted
1549 763 35 75 to
1600 763 70 75 epic
1697 763 121 75 poems.
1866 763 100 75 They
1988 763 54 75 are
2068 763 103 75 fome-

1188 809 92 75 times
1297 809 76 75 ufed
1390 809 43 75 by
1449 809 78 75 moft
1544 809 123 75 nations
1685 809 41 75 of
1736 809 144 75 Europe,
1906 809 57 75 but
1989 809 116 75 chiefly
2128 809 45 75 by

1189 856 55 75 the
1270 856 138 75 French,
1441 856 106 75 whofe
1572 856 157 75 tragedies
1748 856 52 75 are
1823 856 163 75 generally
2002 856 170 75 compofed

1189 903 39 75 of
1232 903 250 75 Alexandrines.

1142 950 419 75 ALEXANDRINUM,
1586 950 56 75 the
1658 950 91 75 name
1776 950 41 75 of
1835 950 19 75 a
1877 950 113 75 plnfter
2006 950 166 75 defcribed

1190 995 44 75 by
1250 995 126 75 Celfus.

1141 1043 325 75 ALEXICACUS.
1518 1043 61 75 See
1599 1043 299 75 Alexeterial.

1140 1089 254 75 Alexicacus
1420 1089 63 75 was
1501 1089 64 75 alfo
1584 1089 18 75 a
1620 1089 90 75 name
1734 1089 102 75 under
1858 1089 106 75 which
1989 1089 55 75 the
2062 1089 107 75 fiftier-

1185 1135 72 75 men
1281 1135 77 75 ufed
1382 1135 34 75 to
1433 1135 115 75 invoke
1564 1135 165 75 Neptune,
1753 1135 36 75 to
1815 1135 144 75 preferve
1987 1135 85 75 their
2098 1135 72 75 nets

1185 1182 84 75 from
1286 1182 93 75 being
1394 1182 72 75 torn
1491 1182 34 75 to
1546 1182 103 75 pieces
1666 1182 44 75 by
1726 1182 55 75 the
1797 1182 212 75 fword-fifti.'

1138 1231 414 75 ALEXIPHARMICS,
1578 1231 115 75 among
1708 1231 189 75 phyficians,
1915 1231 149 75 properly
2075 1231 93 75 figni-

1186 1275 36 75 fy
1237 1275 171 75 medicines
1425 1275 105 75 which
1547 1275 122 75 correft
1686 1275 36 75 or
1739 1275 95 75 expel
1851 1275 123 75 poifon.

1138 1322 349 75 ALEXITERIAL.
1540 1322 61 75 See
1618 1322 54 75 the
1689 1322 55 75 laft
1761 1322 123 75 article.

1138 1368 271 75 ALFAQUES,
1434 1368 115 75 among
1576 1368 56 75 the
1656 1368 129 75 Moors,
1810 1368 56 75 the
1890 1368 90 75 name
2005 1368 164 75 generally

1187 1414 75 75 ufed
1278 1414 51 75 for
1346 1414 83 75 their
1445 1414 121 75 clergy,
1590 1414 38 75 or
1644 1414 91 75 thofe
1751 1414 77 75 who
1842 1414 93 75 teach
1960 1414 56 75 the
2042 1414 126 75 Maho-

1186 1459 104 75 metan
1310 1459 144 75 religion,
1479 1459 32 75 in
1536 1459 174 75 oppofition
1735 1459 35 75 to
1795 1459 55 75 the
1872 1459 195 75 Mojabites,
2092 1459 76 75 who

1187 1505 118 75 anfwer
1328 1505 35 75 to
1379 1505 113 75 monks
1510 1505 116 75 among
1639 1505 192 75 Chriftians.

1138 1552 211 75 ALFELD,
1376 1552 18 75 a
1410 1552 87 75 town
1522 1552 40 75 of
1582 1552 181 75 Germany,
1789 1552 31 75 in
1845 1552 56 75 the
1928 1552 179 75 biflioprick
2130 1552 42 75 of

1185 1601 208 75 Hildelheim,
1434 1601 63 75 and
1524 1601 109 75 circle"
1647 1601 40 75 of
1709 1601 121 75 Lower
1854 1601 145 75 Saxony,
2030 1601 136 75 fituated

1186 1646 96 75 about
1297 1646 54 75 ten
1366 1646 91 75 miles
1483 1646 36 75 S.
1538 1646 40 75 of
1588 1646 208 75 Hildeftieim,
1821 1646 33 75 in
1873 1646 25 75 9'
1898 1646 9 75 .
1931 1646 57 75 50.
2013 1646 45 75 E.
2075 1646 90 75 long,

1185 1691 62 75 and
1266 1691 109 75 52.0.
1399 1691 48 75 N.
1463 1691 59 75 lat.

1138 1738 174 75 ALFET,
1338 1738 30 75 in
1387 1738 58 75 our
1461 1738 56 75 old
1533 1738 147 75 cuftoms,
1705 1738 132 75 denotes
1862 1738 19 75 a
1904 1738 132 75 caldron
2052 1738 61 75 full
2129 1738 44 75 of

1185 1784 119 75 boiling
1322 1784 109 75 water,
1457 1784 139 75 wherein
1614 1784 38 75 an
1675 1784 131 75 accufed
1822 1784 124 75 perfon,
1971 1784 45 75 by
2042 1784 73 75 way
2130 1784 42 75 of

1185 1830 73 75 trial
1275 1830 37 75 or
1328 1830 182 75 purgation,
1534 1830 140 75 plunged
1691 1830 48 75 his
1761 1830 67 75 arm
1845 1830 41 75 up
1904 1830 35 75 to
1956 1830 55 75 the
2027 1830 118 75 elbow.

1132 1880 151 75 ALGA,
1307 1880 32 75 in
1356 1880 132 75 botany,
1514 1880 55 75 the
1585 1880 104 75 trivial
1716 1880 90 75 name
1833 1880 41 75 of
1890 1880 55 75 the
1961 1880 119 75 lichen,
2107 1880 53 75 fu-

1181 1924 67 75 cus,
1288 1924 62 75 and
1378 1924 118 75 feveral
1533 1924 94 75 other
1662 1924 103 75 plants
1794 1924 40 75 of
1854 1924 55 75 the
1936 1924 223 75 cryptogamia

1177 1971 91 75 clals.

1129 2018 253 75 ALGAROT,
1415 2018 32 75 in
1473 2018 179 75 chemiftry,
1678 2018 39 75 an
1739 2018 123 75 Arabic
1890 2018 82 75 term
1992 2018 53 75 for
2062 2018 39 75 an
2125 2018 34 75 e-

1176 2063 96 75 metic
1296 2063 142 75 powder,
1471 2063 156 75 prepared
1652 2063 82 75 from
1764 2063 127 75 regulus
1919 2063 40 75 of
1981 2063 178 75 antimony,

1176 2110 152 75 diffolved
1354 2110 31 75 in
1411 2110 99 75 acids,
1536 2110 63 75 and
1625 2110 165 75 feparated
1805 2110 44 75 by
1865 2110 150 75 repeated
2038 2110 120 75 lotions

1175 2156 31 75 in
1223 2156 99 75 warm
1339 2156 111 75 water.

1127 2203 252 75 ALGARVA,
1404 2203 55 75 the
1475 2203 80 75 moft
1569 2203 165 75 foutherly
1754 2203 150 75 province
1930 2203 40 75 of
1988 2203 54 75 the
2059 2203 96 75 king-

1173 2250 75 75 dom
1268 2250 39 75 of
1322 2250 167 75 Portugal.

395 2517 76 75 A

620 2517 65 75 L

834 2517 75 75 G

1060 2517 59 75 E

1270 2517 67 75 B

1486 2517 71 75 R

1710 2517 103 75 A.

49 2677 281 75 ALGEBRA
353 2677 26 75 is
407 2677 19 75 a
447 2677 127 75 general
590 2677 133 75 method
738 2677 41 75 of
790 2677 215 75 computation
1029 2677 43 75 by

123 2722 8 75 _
155 2722 117 75 certain
296 2722 82 75 figns
404 2722 61 75 and
485 2722 150 75 fymbols,
659 2722 106 75 which
788 2722 81 75 have
892 2722 79 75 been
995 2722 76 75 con-

159 2768 103 75 trived
278 2768 51 75 for
345 2768 63 75 this
425 2768 146 75 purpofe,
597 2768 61 75 and
674 2768 100 75 found
790 2768 201 75 convenient.
1039 2768 32 75 It

50 2814 25 75 is
92 2814 104 75 called
220 2814 39 75 an
283 2814 224 75 Universal
526 2814 277 75 Arithmetic,
829 2814 63 75 and
917 2814 153 75 proceeds

47 2860 45 75 by
108 2860 180 75 operations
305 2860 62 75 and
383 2860 83 75 rules
479 2860 114 75 fimilar
608 2860 35 75 to
659 2860 88 75 thofe
763 2860 33 75 in
812 2860 146 75 common
970 2860 100 75 arith-

48 2907 110 75 metic,
184 2907 140 75 founded
355 2907 84 75 upon
466 2907 54 75 the
548 2907 85 75 fame
658 2907 180 75 principles.
898 2907 67 75 But
990 2907 34 75 as
1053 2907 18 75 a

49 2953 132 75 number
205 2953 39 75 of
261 2953 139 75 fymbols
416 2953 54 75 are
487 2953 154 75 admitted
656 2953 68 75 into
739 2953 63 75 this
818 2953 133 75 fcience,
975 2953 96 75 being

1119 2680 158 75 neceffary
1293 2680 51 75 for
1360 2680 106 75 giving
1487 2680 28 75 it
1538 2680 69 75 that
1631 2680 112 75 extent
1771 2680 62 75 and
1849 2680 177 75 generality
2041 2680 107 75 which

1120 2728 25 75 is
1168 2728 42 75 its
1226 2728 133 75 greateft
1383 2728 195 75 excellence,
1602 2728 57 75 the
1682 2728 119 75 import
1828 2728 41 75 of
1888 2728 89 75 thofe
2002 2728 140 75 fymbols

1119 2774 78 75 muft
1213 2774 40 75 be
1270 2774 118 75 clearly
1403 2774 112 75 ftated.

1166 2819 38 75 In
1219 2819 176 75 geometry,
1419 2819 80 75 lines
1517 2819 53 75 are
1590 2819 201 75 reprefented
1806 2819 44 75 by
1867 2819 18 75 a
1899 2819 76 75 line,
1993 2819 151 75 triangles

1119 2866 42 75 by
1178 2866 16 75 a
1211 2866 146 75 triangle,
1383 2866 61 75 and
1467 2866 93 75 other
1584 2866 116 75 figures
1717 2866 44 75 by
1777 2866 18 75 a
1813 2866 100 75 figure
1936 2866 41 75 of
1988 2866 56 75 the
2059 2866 84 75 fame

1117 2913 98 75 kind:
1253 2913 78 75 Bur,
1356 2913 33 75 in
1421 2913 141 75 algebra,
1588 2913 171 75 quantities
1791 2913 54 75 are
1873 2913 200 75 reprefented
2099 2913 46 75 by

1117 2960 54 75 the
1188 2960 82 75 fame
1286 2960 111 75 letters
1413 2960 42 75 of
1465 2960 55 75 the
1537 2960 171 75 alphabet;
1742 2960 61 75 and
1819 2960 126 75 various
1963 2960 81 75 figns
2060 2960 82 75 have

1767 2990 11 104 ♦

2061 3016 81 75 been
