2396 3377
487 145 41 75 A
585 145 18 75 I
660 145 35 75 Z

1059 145 98 75 (i

161 211 98 75 goM;
286 211 75 75 and,
379 211 35 75 in
424 211 56 75 the
495 211 111 75 latter,
630 211 149 75 eighteen
795 211 245 75 penny-weight
1054 211 40 75 of
1106 211 47 75 al-

161 258 55 75 loy
232 258 52 75 for
300 258 20 75 a
339 258 110 75 pound
463 258 41 75 of
516 258 105 75 filver.

113 305 192 75 ALLUM.
357 305 62 75 See
435 305 134 75 Alum.

114 351 282 75 ALUMNIOR,
428 351 33 75 in
483 351 86 75 forae
592 351 42 75 of
656 351 60 75 our
742 351 58 75 old
826 351 143 75 ftatutes,
996 351 18 75 a
1041 351 114 75 perfon

160 398 107 75 whofe
291 398 92 75 trade
405 398 27 75 it
459 398 28 75 is
513 398 35 75 to
577 398 125 75 colour,
728 398 38 75 or
794 398 88 75 paint
899 398 85 75 upon
1003 398 96 75 paper
1116 398 38 75 or

161 444 201 75 parchment.

113 492 265 75 ALLUSION,
404 492 33 75 in
454 492 155 75 rhetoric,
635 492 18 75 a
669 492 101 75 figure
787 492 45 75 by
849 492 106 75 which
972 492 182 75 fomething

160 538 27 75 is
208 538 128 75 applied
351 538 48 75 to,
423 538 40 75 or
479 538 194 75 underftood
688 538 41 75 of
740 538 147 75 another,
912 538 43 75 on
972 538 135 75 account
1119 538 42 75 of

161 585 86 75 feme
265 585 170 75 (imilitude
451 585 146 75 between
613 585 102 75 them.

113 632 273 75 ALLUVION,
410 632 34 75 in
471 632 75 75 law,
570 632 134 75 denotes
727 632 55 75 the
804 632 134 75 gradual
963 632 137 75 increafe
1118 632 41 75 of

161 677 77 75 land
253 677 95 75 along
364 677 56 75 the
436 677 170 75 fea-ftiore,
632 677 38 75 or
686 677 44 75 on
745 677 101 75 banks
863 677 41 75 of
916 677 113 75 rivers.
1091 677 62 75 See

162 725 106 75 Law,
293 725 84 75 title,
404 725 155 75 Divifion
574 725 43 75 of
619 725 122 75 rights.

114 771 145 75 ALLY,
284 771 33 75 in
333 771 133 75 matters
483 771 41 75 of
535 771 116 75 polity,
678 771 19 75 a
716 771 165 75 fovereign
897 771 109 75 prince
1023 771 38 75 or
1076 771 78 75 ftate

163 817 71 75 that
250 817 58 75 has
327 817 133 75 entered
475 817 69 75 into
560 817 135 75 alliance
711 817 81 75 with
809 817 124 75 others.
992 817 62 75 See
1077 817 76 75 Al-

166 863 158 75 liance.

116 910 391 75 ALMACANTARS.
559 910 62 75 See
637 910 315 75 Almucantars.

115 957 362 75 ALMACARRON,
504 957 19 75 a
538 957 180 75 port-town
734 957 40 75 of
795 957 111 75 Spain,
931 957 34 75 in
993 957 56 75 the
1077 957 76 75 pro-

165 1004 91 75 vince
274 1004 39 75 of
338 1004 144 75 Murcia,
510 1004 30 75 at
558 1004 55 75 the
630 1004 116 75 mouth
773 1004 41 75 of
837 1004 55 75 the
909 1004 219 75 Guadalentin
1142 1004 12 75 ;

163 1052 61 75 W.
242 1052 89 75 long.
354 1052 36 75 i°
411 1052 54 75 15'
465 1052 11 75 ,
502 1052 48 75 N.
568 1052 59 75 lat.
648 1052 42 75 37
690 1034 20 49 0
729 1052 45 75 40
774 1034 11 49 ,
785 1052 13 75 .

115 1099 227 75 ALMADE,
361 1099 18 75 a
395 1099 88 75 town
495 1099 41 75 of
545 1099 109 75 Spain,
672 1099 33 75 in
721 1099 57 75 the
795 1099 151 75 province
958 1099 42 75 of
1010 1099 33 75 la
1054 1099 99 75 Man-

163 1145 74 75 cha,
262 1145 34 75 in
313 1145 55 75 the
384 1145 156 75 kingdom
557 1145 40 75 of
616 1145 131 75 Cafiile,
773 1145 135 75 fituated
920 1145 89 75 upon
1026 1145 55 75 the
1096 1145 58 75 top

164 1192 40 75 of
216 1192 19 75 a
249 1192 178 75 mountain,
453 1192 107 75 where
577 1192 54 75 are
648 1192 56 75 the
721 1192 78 75 mOft
815 1192 139 75 ancient,
980 1192 34 75 as
1032 1192 75 75 well
1119 1192 34 75 as

114 1221 5 49 1
163 1239 57 75 the
236 1239 114 75 richeft
366 1239 91 75 filver
473 1239 101 75 mines
589 1239 33 75 in
639 1239 147 75 Europe.

117 1285 245 75 ALMADIE,
388 1285 20 75 a
434 1285 79 75 kind
540 1285 40 75 of
603 1285 112 75 canoe,
741 1285 37 75 or
805 1285 90 75 fmall
922 1285 69 75 vefl'
991 1285 38 75 el,
1054 1285 100 75 about

164 1332 74 75 four
253 1332 141 75 fathoms
411 1332 90 75 long,
527 1332 122 75 ufually
660 1332 94 75 made
770 1332 39 75 of
821 1332 92 75 bark,
938 1332 64 75 and
1017 1332 78 75 ufed
1110 1332 45 75 by

164 1379 57 75 the
237 1379 135 75 negroes
390 1379 39 75 of
441 1379 128 75 Africa.

116 1427 187 75 Almadie
323 1427 27 75 is
368 1427 65 75 alfo
449 1427 55 75 the
517 1427 91 75 name
621 1427 40 75 of
672 1427 19 75 a
707 1427 79 75 kind
798 1427 40 75 of
849 1427 195 75 longboats,
1061 1427 93 75 fitted

165 1474 57 75 out
250 1474 34 75 at
311 1474 143 75 Calicut,
479 1474 106 75 which
611 1474 55 75 are
683 1474 111 75 eighty
810 1474 67 75 feet
892 1474 34 75 in
943 1474 123 75 length,
1093 1474 62 75 and

164 1520 48 75 fix
236 1520 38 75 or
298 1520 93 75 feven
412 1520 34 75 in
474 1520 151 75 breadth.
672 1520 101 75 They
789 1520 55 75 are
860 1520 179 75 fexceeding
1055 1520 98 75 fwift,

165 1567 64 75 and
252 1567 53 75 are
322 1567 170 75 otherwife
510 1567 104 75 called
629 1567 53 75 cat
685 1567 89 75 hurt.

117 1613 288 75 ALMAGEST,
429 1613 33 75 in
490 1613 131 75 matters
638 1613 41 75 of
699 1613 180 75 literature,
903 1613 27 75 is
947 1613 209 75 particularly

165 1660 76 75 ufed
268 1660 52 75 for
339 1660 20 75 a
386 1660 168 75 collection
579 1660 38 75 or
641 1660 87 75 book
745 1660 170 75 compofed
930 1660 43 75 by
989 1660 164 75 Ptolemy,

165 1706 187 75 containing
368 1706 128 75 various
513 1706 162 75 problems
701 1706 39 75 of
764 1706 56 75 the
850 1706 143 75 ancients
1018 1706 84 75 both
1123 1706 33 75 in

164 1753 165 75 geometry
345 1753 61 75 and
424 1753 193 75 altronomy.

118 1800 220 75 Almagest
367 1800 27 75 is
419 1800 65 75 alfo
508 1800 56 75 the
581 1800 71 75 title
668 1800 42 75 of
719 1800 96 75 other
830 1800 184 75 collections
1031 1800 40 75 of
1089 1800 64 75 this

164 1847 92 75 kind.
304 1847 111 75 Thus,
440 1847 139 75 Riccioli
603 1847 58 75 has
685 1847 165 75 publifhed
867 1847 18 75 a
901 1847 87 75 book
1004 1847 40 75 of
1056 1847 98 75 aftro-

165 1895 100 75 nomy
280 1895 107 75 which
405 1895 42 75 he
464 1895 78 75 calls
560 1895 55 75 the
632 1895 84 75 New
732 1895 184 75 Almageft;
937 1895 62 75 and
1016 1895 137 75 Plucke-

164 1941 68 75 net,
259 1941 18 75 a
292 1941 89 75 book
396 1941 107 75 which
518 1941 42 75 he
578 1941 77 75 calls
676 1941 242 75 Almagejirum
943 1941 210 75 Botanicum.

118 1989 263 75 ALMAGRA,
406 1989 19 75 a
440 1989 62 75 fine
519 1989 81 75 deep
616 1989 58 75 red
689 1989 111 75 ochre.
851 1989 61 75 See
928 1989 152 75 Ochre.

118 2034 441 75 ALMAN-FURNACE,
585 2034 56 75 the
665 2034 84 75 fame
765 2034 81 75 with
862 2034 288 75 almond-furnace.

170 2081 61 75 See
255 2081 186 75 Almond.

117 2128 260 75 ALMANAC,
402 2128 33 75 in
451 2128 134 75 matters
607 2128 41 75 of
666 2128 179 75 literature,
871 2128 18 75 a
905 2128 86 75 table
1008 2128 143 75 contain-

164 2174 56 75 ing
236 2174 56 75 the
317 2174 152 75 kalendar
485 2174 40 75 of
544 2174 79 75 days
641 2174 63 75 and
719 2174 144 75 months,
888 2174 56 75 the
969 2174 94 75 rifing
1091 2174 64 75 and

164 2221 119 75 fetting
299 2221 41 75 of
351 2221 54 75 the
421 2221 69 75 fun,
515 2221 55 75 the
587 2221 59 75 age
663 2221 40 75 of
714 2221 55 75 the
784 2221 125 75 moon,_
921 2221 64 75 <bc.

215 2268 275 75 Regiomontanus
506 2268 28 75 is
551 2268 138 75 allowed
700 2268 36 75 to
746 2268 82 75 have
840 2268 81 75 been
932 2268 56 75 the
999 2268 65 75 firfl
1080 2268 74 75 who

166 2313 141 75 reduced
323 2313 156 75 almanacs
497 2313 35 75 to
548 2313 84 75 their
645 2313 127 75 prefent
787 2313 97 75 form.

120 2361 220 75 Cmjlruttion
357 2361 43 75 of
406 2361 230 75 Almanacs.
684 2361 77 75 The
777 2361 38 75 fir
817 2361 24 75 ft
858 2361 91 75 thing
965 2361 36 75 to
1012 2361 41 75 be
1067 2361 86 75 done

166 2406 41 75 is,
232 2406 35 75 to
290 2406 149 75 compute
464 2406 56 75 the
544 2406 84 75 fun’s
657 2406 62 75 and
742 2406 124 75 moon’s
891 2406 89 75 place
1005 2406 53 75 for
1074 2406 78 75 each

166 2453 65 75 day
247 2453 40 75 of
297 2453 55 75 the
369 2453 87 75 year,
482 2453 37 75 or
535 2453 27 75 it
578 2453 74 75 may
678 2453 41 75 be
742 2453 96 75 taken
854 2453 85 75 from
955 2453 86 75 fome
1057 2453 96 75 ephe-

166 2500 138 75 merides
321 2500 63 75 and
401 2500 131 75 entered
555 2500 33 75 in
616 2500 56 75 the
700 2500 162 75 almanac;
890 2500 93 75 next,
1007 2500 66 75 find
1097 2500 56 75 the

166 2546 172 75 dominical
370 2546 109 75 letter,
515 2546 75 75 and,
615 2546 45 75 by
686 2546 108 75 means
822 2546 139 75 thereof,
986 2546 166 75 diftribute

167 2595 57 75 the
239 2595 153 75 kalendar
408 2595 69 75 into
498 2595 107 75 weeks
614 2595 10 75 ;
651 2595 90 75 then,
767 2595 118 75 having
908 2595 172 75 computed
1100 2595 54 75 the

168 2641 76 75 time
261 2641 41 75 of
313 2641 111 75 eafter,
448 2641 45 75 by
517 2641 26 75 it
567 2641 47 75 fix
638 2641 56 75 the
719 2641 95 75 other
841 2641 164 75 moveable
1033 2641 92 75 feafts
1141 2641 10 75 ;

168 2687 119 75 adding
302 2687 56 75 the
373 2687 209 75 immoveable
598 2687 91 75 ones,
714 2687 80 75 with
821 2687 55 75 the
903 2687 108 75 names
1039 2687 40 75 of
1099 2687 55 75 the

169 2734 152 75 martyrs,
345 2734 56 75 the
418 2734 94 75 rifing
528 2734 63 75 and
604 2734 117 75 fetting
742 2734 41 75 of
800 2734 78 75 each
901 2734 172 75 luminary,
1098 2734 57 75 the

168 2780 113 75 length
305 2780 41 75 of
366 2780 64 75 day
457 2780 64 75 and
547 2780 105 75 night,
677 2780 56 75 the
757 2780 118 75 afpeCts
891 2780 42 75 of
943 2780 56 75 the
1016 2780 138 75 planets,

169 2827 58 75 the
237 2827 111 75 phafes
365 2827 40 75 of
416 2827 56 75 the
487 2827 111 75 moon,
616 2827 62 75 and
689 2827 60 75 the
760 2827 85 75 fun’s
857 2827 150 75 entrance
1018 2827 69 75 into
1098 2827 57 75 the

155 2874 8 75 '
163 2874 150 75 Cardinal
337 2874 106 75 points
466 2874 40 75 of
524 2874 57 75 the
599 2874 141 75 ecliptic,
772 2874 28 75 i.
824 2874 30 75 e.
886 2874 57 75 the
970 2874 67 75 two
1063 2874 92 75 equi-

169 2920 102 75 noxes
289 2920 62 75 and
366 2920 152 75 folftices.
548 2920 5 75 .

122 2969 317 75 ALMANDINE,
464 2969 19 75 a
498 2969 92 75 name
606 2969 93 75 given
716 2969 43 75 by
775 2969 125 75 ancient
924 2969 178 75 naturalifts
1119 2969 35 75 to

169 3014 56 75 the
245 3014 181 75 carbuncle.
476 3014 62 75 See
555 3014 251 75 Carbuncle.

1197 145 26 75 4
1279 145 19 75 )

1628 145 237 75 ALA

1202 209 258 75 ALMANZA,
1486 209 19 75 a
1520 209 85 75 little
1621 209 89 75 town
1725 209 34 75 in
1775 209 56 75 the
1850 209 152 75 province
2018 209 39 75 of
2069 209 84 75 New
2173 209 63 75 Ca~

1253 256 69 75 ftile
1337 256 165 75 in'Spain,
1526 256 200 75 remarkable
1745 256 52 75 for
1814 256 55 75 the
1882 256 107 75 defeat
2006 256 40 75 of
2058 256 56 75 the
2130 256 108 75 confe-

1249 303 110 75 derate
1376 303 91 75 army
1478 303 44 75 by
1534 303 56 75 the
1602 303 140 75 French,
1759 303 33 75 in
1808 303 111 75 1707;
1938 303 62 75 W.
2013 303 90 75 long.
2122 303 36 75 i°
2172 303 65 75 i</,

1249 351 50 75 N.
1317 351 59 75 lat.
1397 351 44 75 39
1441 333 19 49 0
1460 351 14 75 .

1202 397 245 75 ALMARIA,
1473 397 19 75 a
1508 397 83 75 term
1607 397 105 75 found
1734 397 32 75 in
1794 397 86 75 fome
1897 397 126 75 ancient
2040 397 129 75 records
2180 397 60 75 for

1252 443 57 75 the
1327 443 145 75 archives
1489 443 41 75 of
1542 443 19 75 a
1577 443 136 75 church,
1738 443 192 75 monaftery,
1954 443 64 75 and
2033 443 56 75 the
2105 443 79 75 like.

1202 491 229 75 ALMARIC
1454 491 116 75 herefy,
1596 491 62 75 one
1683 491 163 75 broached
1868 491 33 75 in
1925 491 121 75 France
2070 491 34 75 in
2136 491 104 75 1209,

1250 537 55 75 the
1321 537 238 75 diftinguilhing
1577 537 88 75 tenet
1686 537 42 75 of
1746 537 107 75 which
1870 537 77 75 was.
1972 537 93 75 That
2082 537 42 75 no
2141 537 99 75 Chri-

1250 583 77 75 ftian
1344 583 97 75 could
1456 583 40 75 be
1512 583 97 75 faved
1625 583 104 75 unlefs
1746 583 42 75 he
1804 583 146 75 believed
1964 583 132 75 himfelf
2114 583 35 75 to
2164 583 41 75 be
2222 583 19 75 a

1250 630 144 75 member
1410 630 40 75 of
1466 630 122 75 Chrift.

1206 678 228 75 ALMEDA,
1464 678 19 75 a
1510 678 88 75 town
1625 678 34 75 in
1687 678 56 75 the
1760 678 150 75 province
1927 678 41 75 of
1989 678 100 75 Beira
2103 678 33 75 in
2159 678 82 75 Por-

1247 724 117 75 tugal.;
1391 724 62 75 W.
1471 724 90 75 long.
1582 724 20 75 9
1602 706 19 49 0
1639 724 70 75 40',
1733 724 122 75 N.lat.
1871 724 42 75 3S
1913 706 21 49 0
1953 724 69 75 4c/.

1206 772 245 75 ALMEDIA,
1477 772 20 75 a
1519 772 143 75 frontier-
1680 772 87 75 town
1793 772 33 75 in
1842 772 56 75 the
1922 772 150 75 province
2096 772 42 75 of
2152 772 88 75 Tra-

1252 818 51 75 los
1328 818 149 75 Montes,
1508 818 34 75 in
1558 818 159 75 Portugal
1734 818 12 75 ;
1771 818 63 75 W.
1848 818 93 75 long.
1962 818 18 75 7
1980 800 20 49 0
2023 818 54 75 10'
2077 818 11 75 ,
2113 818 48 75 N.
2177 818 62 75 lat.

1251 866 63 75 40°
1340 866 45 75 40
1399 866 9 75 .

1201 913 291 75 ALMEHRAB,
1517 913 34 75 in
1574 913 55 75 the
1646 913 212 75 Mahometan
1882 913 149 75 cuftoms,
2041 913 36 75 'a
2102 913 75 75 nich
2204 913 35 75 in

1249 958 83 75 their
1343 958 162 75 mofques,
1522 958 146 75 pointing
1684 958 140 75 towards
1841 958 56 75 the
1909 958 95 75 kebla
2020 958 37 75 or
2069 958 118 75 temple
2204 958 43 75 of

1248 1005 129 75 Mecca,
1403 1005 35 75 to
1453 1005 109 75 which
1584 1005 78 75 they
1678 1005 54 75 are
1754 1005 132 75 obliged
1901 1005 35 75 to
1952 1005 74 75 bow
2041 1005 34 75 in
2091 1005 147 75 praying.

1252 1052 61 75 See
1332 1052 147 75 Kebla.

1202 1100 343 75 ALMELILETU,
1571 1100 19 75 a
1605 1100 84 75 term
1704 1100 78 75 ufed
1797 1100 45 75 by
1859 1100 172 75 Avifenna,
2061 1100 53 75 for
2130 1100 19 75 a
2165 1100 73 75 pre-

1249 1147 174 75 ternatural
1437 1147 75 75 heat
1535 1147 107 75 which
1662 1147 182 75 fometimes
1862 1147 135 75 remains
2014 1147 85 75 after
2114 1147 19 75 a
2149 1147 90 75 fever

1249 1192 25 75 is
1292 1192 95 75 gone.

1200 1239 223 75 ALMENE,
1448 1239 33 75 in
1508 1239 135 75 botany,
1666 1239 42 75 an
1725 1239 143 75 obfolete
1884 1239 93 75 name
1998 1239 41 75 of
2057 1239 57 75 the
2137 1239 100 75 lotus.

1250 1287 60 75 See
1324 1287 155 75 Lotus.

1201 1334 179 75 Almene,
1405 1334 32 75 in
1456 1334 190 75 commerce,
1673 1334 19 75 a
1707 1334 122 75 weight
1844 1334 41 75 of
1896 1334 66 75 two
1978 1334 124 75 pounds
2114 1334 77 75 ufed
2202 1334 37 75 to

1248 1383 104 75 weigh
1375 1383 118 75 laffron
1510 1383 33 75 in
1566 1383 120 75 feveral
1702 1383 88 75 parts
1807 1383 40 75 of
1858 1383 55 75 the
1934 1383 165 75 continent
2122 1383 42 75 of
2183 1383 56 75 the

1250 1427 43 75 E.
1311 1427 123 75 Indies.

1201 1474 252 75 Almendine,
1478 1474 259 75 Almemdine,
1763 1474 37 75 or
1821 1474 246 75 Albandine,
2085 1474 19 75 a
2119 1474 118 75 fpecies

1248 1521 40 75 of
1299 1521 93 75 ruby.
1443 1521 63 75 See
1522 1521 126 75 Ruby.

1201 1568 242 75 ALMERIA,
1469 1568 19 75 a
1510 1568 143 75 fea-port
1677 1568 88 75 town
1781 1568 41 75 of
1842 1568 99 75 Spain
1957 1568 32 75 in
2009 1568 56 75 the
2081 1568 156 75 kingdom

1248 1614 40 75 of
1300 1614 167 75 Granada,
1492 1614 137 75 fituated
1645 1614 34 75 at
1696 1614 55 75 the
1767 1614 114 75 mouth
1899 1614 40 75 of
1946 1614 56 75 the
2017 1614 86 75 river
2118 1614 117 75 Almo-

1249 1661 59 75 ria,
1333 1661 38 75 or
1388 1661 174 75 Bolciduy.

1202 1708 220 75 ALMERY.
1472 1708 62 75 See
1551 1708 180 75 Ambery.

1201 1755 382 75 ALMIGGIM-toW,
1607 1755 27 75 is
1652 1755 146 75 thought,
1806 1755 36 75 to
1858 1755 41 75 be
1913 1755 73 75 that
2002 1755 40 75 of
2053 1755 55 75 the
2120 1755 116 75 Indian

1248 1802 172 75 pine-tree,
1446 1802 105 75 which
1568 1802 95 75 being
1678 1802 85 75 light
1790 1802 62 75 and
1881 1802 111 75 white,
2017 1802 66 75 was
2110 1802 128 75 greatly

1249 1848 155 75 efteemed
1427 1848 53 75 for
1496 1848 272 75 making-mufical
1784 1848 215 75 inftruments.

1201 1895 226 75 ALMISSA,
1454 1895 19 75 a
1504 1895 67 75 city
1596 1895 39 75 of
1659 1895 179 75 Dalmatia,
1864 1895 119 75 fubjedt
1999 1895 35 75 to
2051 1895 55 75 the
2122 1895 109 75 Vene-

1248 1941 95 75 tians,
1369 1941 63 75 and
1448 1941 103 75 called
1568 1941 43 75 by
1627 1941 56 75 the
1701 1941 205 75 Sclavonians
1924 1941 145 75 Omifch.

1200 1989 295 75 ALMIZADIR,
1528 1989 40 75 an
1591 1989 142 75 obfolete
1760 1989 83 75 term
1869 1989 116 75 among
2008 1989 146 75 chemifts
2182 1989 54 75 for

1250 2035 168 75 verdigris,
1445 2035 64 75 fac.

1201 2082 247 75 ALMODIA,
1474 2082 19 75 a
1508 2082 80 75 kind
1603 2082 41 75 of
1654 2082 79 75 very
1748 2082 78 75 long
1842 2082 63 75 and
1917 2082 126 75 narrow
2054 2082 90 75 boat,
2157 2082 78 75 ufed

1249 2128 32 75 in
1298 2128 55 75 the
1369 2128 45 75 E.
1433 2128 122 75 Indies.

1201 2176 276 75 ALMOGIZA,
1503 2176 19 75 a
1546 2176 82 75 term
1653 2176 77 75 ufed
1749 2176 44 75 by
1808 2176 144 75 Arabian
1970 2176 126 75 writers
2111 2176 53 75 for
2176 2176 60 75 the

1248 2223 77 75 limb
1342 2223 41 75 of
1394 2223 55 75 the
1465 2223 167 75 aftrolabe.
1672 2223 8 75 '
1680 2223 64 75 See
1760 2223 255 75 Astrolabe.

1201 2271 211 75 ALMOIN,
1437 2271 356 75 or/rawi-Almoin,
1826 2271 33 75 in
1885 2271 75 75 law.
2022 2271 63 75 See
2108 2271 127 75 Frank-

1250 2316 174 75 Almoin.

1198 2364 232 75 ALMOND,
1456 2364 55 75 the
1527 2364 80 75 fruit
1619 2364 40 75 of
1670 2364 56 75 the
1738 2364 226 75 almond-tree.
2015 2364 63 75 See
2094 2364 141 75 Amyg-

1249 2411 139 75 dalus.

1200 2456 274 75 Almond-/^.
1525 2456 63 75 See
1603 2456 265 75 Amygdalus.

1201 2503 165 75 Egyptian
1381 2503 189 75 Ahmoxto,
1594 2503 35 75 in
1643 2503 133 75 botany.
1827 2503 62 75 See
1904 2503 224 75 Brabejum.

1200 2550 184 75 Almond,
1409 2550 32 75 in
1459 2550 190 75 commerce,
1674 2550 19 75 a
1708 2550 142 75 meafure
1866 2550 44 75 by
1925 2524 5 104 ■
1930 2550 103 75 \frhich
2045 2550 55 75 the
2116 2550 119 75 Portu-

1249 2596 93 75 guefe
1357 2596 57 75 fell
1442 2596 87 75 their
1552 2596 63 75 oil;
1641 2596 187 75 twenty-fix
1844 2596 144 75 almonds
2004 2596 93 75 make
2113 2596 20 75 a
2147 2596 87 75 pipe.

1201 2643 257 75 ALMONDS,
1482 2643 34 75 in
1533 2643 163 75 anatomy.
1746 2643 63 75 See
1826 2643 249 75 Amygdalae.

1201 2691 345 75 AmoKvfvrnace,
1576 2691 117 75 among
1717 2691 142 75 refiners,
1884 2691 70 75 that
1981 2691 34 75 in
2041 2691 108 75 which
2177 2691 57 75 the

1248 2737 80 75 flags
1345 2737 40 75 of
1395 2737 152 75 litharge,
1563 2737 61 75 left
1640 2737 34 75 in
1692 2737 135 75 refining
1841 2737 104 75 filver,
1970 2737 54 75 are
2043 2737 141 75 reduced
2199 2737 36 75 to

1250 2783 73 75 lead
1339 2783 104 75 again,
1470 2783 42 75 by
1524 2783 56 75 the
1598 2783 75 75 help
1691 2783 40 75 of
1742 2783 160 75 charcoal.

1202 2830 171 75 Almond
1392 2830 27 75 is
1433 2830 65 75 alfo
1510 2830 56 75 the
1582 2830 92 75 name
1686 2830 40 75 of
1737 2830 19 75 a
1770 2830 119 75 fpecies
1905 2830 41 75 of
1956 2830 222 75 rock-cryftal,
2195 2830 39 75 u-

1249 2877 55 75 fed
1319 2877 44 75 by
1377 2877 170 75 lapidaries
1566 2877 33 75 in
1617 2877 156 75 adorning
1792 2877 222 75 candlefticks,
2038 2877 64 75 &r.
2128 2877 42 75 on
2181 2877 53 75 ac-

1250 2922 98 75 count
1364 2922 41 75 of
1416 2922 86 75 their
1518 2922 211 75 refemblance
1745 2922 36 75 to
1797 2922 58 75 the
1870 2922 81 75 fruit
1966 2922 41 75 of
2016 2922 72 75 that
2104 2922 105 75 name.

1203 2970 364 75 ALMONDBURY,
1593 2970 19 75 a
1632 2970 115 75 village
1772 2970 32 75 in
1828 2970 167 75 England,
2017 2970 33 75 in
2077 2970 55 75 the
2159 2970 76 75 weft

1236 3017 3 75 ,
1249 3017 107 75 riding
1376 3017 41 75 of
1427 3017 186 75 Yorklhire,
1637 3017 48 75 fix
1701 3017 93 75 miles
1813 3017 87 75 from
1916 3017 164 75 Haliifax.
