2483 3387
218 167 82 75 394

687 152 43 75 A

442 217 64 75 Ex.
530 217 29 75 i.

399 261 83 75 818,
500 261 33 75 at
551 261 11 75 i
577 261 35 75 d.

422 357 120 75 6|8—2
555 357 34 75 d.

806 151 38 75 R
920 151 19 75 I
1014 151 41 75 T
1130 151 44 75 H

935 214 65 75 Ex.
1020 214 34 75 2.

827 260 24 75 £
889 260 104 75 5316,
1010 260 34 75 at
1057 260 65 75 sd.

1250 149 49 75 M
1354 149 36 75 E
1466 149 39 75 T
1580 149 19 75 I
1674 149 37 75 C
1788 149 50 75 K.

1355 216 34 75 2.
1414 216 110 75 When
1541 216 56 75 the
1614 216 67 75 rate
1697 216 28 75 is
1742 216 40 75 an
1798 216 66 75 odd
1880 216 135 75 number
2026 216 40 75 of
2077 216 151 75 rtullings.

1494 267 65 75 Ex.
1582 267 32 75 1.

1945 267 65 75 Ex.
2037 267 34 75 2.

1449 314 81 75 635,
1556 314 33 75 at
1610 314 13 75 1
1640 314 28 75 s.

1905 314 82 75 422,
2013 314 33 75 at
2063 314 17 75 3
2095 314 29 75 s.

374 459 67 75 L-3

865 445 92 75 L.44
1006 445 22 75 6

268 512 99 75 Ws/?,
391 512 77 75 The
496 512 194 75 remainders
714 512 32 75 at
772 512 56 75 the
852 512 65 75 firft
941 512 134 75 divifion
1097 512 33 75 in
1148 512 55 75 the
1220 512 34 75 a-

221 558 83 75 bove
327 558 163 75 examples
514 558 54 75 are
591 558 57 75 the
664 558 83 75 fame
764 558 79 75 with
872 558 56 75 the
952 558 83 75 rate.
1089 558 109 75 Thus,
1223 558 33 75 in

222 605 69 75 Ex.
316 605 29 75 1.
370 605 98 75 every
479 605 178 75 remainder
672 605 27 75 is
721 605 60 75 id.

266 650 101 75 Case
385 650 66 75 III.
501 650 110 75 When
628 650 56 75 the
701 650 69 75 rate
784 650 29 75 is
829 650 99 75 pence
945 650 63 75 and
1024 650 169 75 farthings.

267 696 125 75 Rule.
440 696 77 75 The
541 696 99 75 pence
662 696 81 75 muft
766 696 41 75 be
833 696 86 75 fome
943 696 125 75 aliquot
1091 696 71 75 part
1178 696 41 75 of
1237 696 19 75 a

220 741 124 75 fhiliing
356 741 10 75 ;
385 741 75 75 and,
478 741 33 75 at
523 741 56 75 the
591 741 83 75 fame
686 741 91 75 time,
795 741 55 75 the
862 741 157 75 farthings
1031 741 85 75 fome
1130 741 125 75 aliquot

219 788 72 75 part
308 788 39 75 of
358 788 56 75 the
430 788 119 75 pence;
576 788 63 75 and
662 788 31 75 if
712 788 79 75 they
812 788 41 75 be
877 788 57 75 not
957 788 36 75 fo
1015 788 106 75 given,
1146 788 109 75 divide

219 835 57 75 the
292 835 98 75 pence
405 835 69 75 into
485 835 66 75 two
567 835 38 75 or
621 835 89 75 more
726 835 75 75 fuch
819 835 99 75 parts,
936 835 35 75 fo
981 835 33 75 as
1026 835 57 75 the
1098 835 157 75 farthings

219 881 75 75 may
310 881 39 75 be
365 881 86 75 fome
479 881 123 75 aliquot
626 881 71 75 part
719 881 41 75 of
779 881 55 75 the
854 881 110 75 lowed:
987 881 130 75 divifion
1142 881 40 75 of
1199 881 56 75 the

219 927 112 75 pence.
380 927 110 75 Then,
523 927 172 75 beginning
718 927 79 75 with
822 927 55 75 the
901 927 123 75 higheft
1056 927 130 75 divifion
1218 927 42 75 of

220 972 55 75 the
292 972 111 75 pence,
429 972 106 75 divide
552 972 44 75 by
620 972 55 75 the
700 972 240 75 denominators
967 972 40 75 of
1026 972 56 75 the
1104 972 150 75 fractions

220 1018 153 75 denoting
389 1018 55 75 the
462 1018 124 75 aliquot
603 1018 100 75 parts.

267 1620 37 75 In
321 1620 72 75 Ex.
415 1620 33 75 1.
472 1620 91 75 work
579 1620 64 75 firft
659 1620 52 75 for
733 1620 10 75 1
758 1620 58 75 d.;
842 1620 108 75 which
976 1620 96 75 being
1095 1620 38 75 ^
1149 1620 28 75 s.
1202 1620 50 75 di-

217 1667 73 75 vide
307 1667 56 75 the
383 1667 94 75 given
503 1667 135 75 number
659 1667 44 75 by
718 1667 57 75 the
790 1667 222 75 denominator
1040 1667 54 75 12,
1119 1667 62 75 and
1196 1667 57 75 the

221 1712 82 75 quot
317 1712 26 75 is
368 1712 154 75 (hillings,
548 1712 63 75 and
637 1712 56 75 the
718 1712 177 75 remainder
919 1712 97 75 pence
1033 1712 12 75 ;
1081 1712 91 75 then,
1196 1712 57 75 be-

219 1758 91 75 caufe
333 1758 11 75 i
365 1758 142 75 farthing
526 1758 26 75 is
564 1758 67 75 -Jd.
649 1758 107 75 divide
772 1758 56 75 the
848 1758 120 75 former
982 1758 81 75 quot
1078 1758 43 75 by
1139 1758 34 75 4,
1190 1758 64 75 and

220 1806 54 75 the
290 1806 69 75 fum
375 1806 40 75 of
425 1806 54 75 the
498 1806 101 75 quots
610 1806 28 75 is
654 1806 57 75 the
726 1806 88 75 price
830 1806 33 75 ip
879 1806 141 75 (hillings
1034 1806 11 75 ;
1071 1806 106 75 which
1201 1806 49 75 di-

218 1851 74 75 vide
308 1851 45 75 by
370 1851 57 75 20.

265 1897 39 75 In
321 1897 70 75 Ex.
409 1897 33 75 2.
468 1897 56 75 the
540 1897 68 75 rate
630 1897 41 75 i-J
688 1897 35 75 d.
747 1897 96 75 being
866 1897 38 75 an
929 1897 123 75 aliquot
1079 1897 72 75 part
1175 1897 41 75 of
1234 1897 19 75 a

218 1943 137 75 fhilling,
380 1943 55 75 the
451 1943 117 75 fecond
581 1943 135 75 method
730 1943 27 75 is
773 1943 122 75 Ihorter
913 1943 62 75 and
985 1943 106 75 better
1107 1943 77 75 than
1195 1943 57 75 the

220 1991 77 75 firft.

266 2035 102 75 Case
396 2035 65 75 IV.
509 2035 112 75 When
638 2035 56 75 the
710 2035 70 75 rate
795 2035 28 75 is
839 2035 141 75 (hillings
996 2035 102 75 under
1113 2035 136 75 twenty.

265 2081 125 75 Rule.
439 2081 159 75 Multiply
615 2081 56 75 the
687 2081 93 75 given
796 2081 133 75 number
947 2081 42 75 by
1001 2081 55 75 the
1068 2081 183 75 numerator

221 2129 40 75 of
278 2129 59 75 the
358 2129 152 75 fra&ions
535 2129 166 75 contained
725 2129 34 75 in
781 2129 91 75 Tab.
886 2129 68 75 III.
979 2129 63 75 and
1066 2129 106 75 divide
1196 2129 57 75 the

220 2174 135 75 produft
375 2174 45 75 by
436 2174 55 75 the
515 2174 253 75 denominators.
815 2174 64 75 Or,
904 2174 119 75 inftead
1047 2174 41 75 of
1104 2174 69 75 this
1196 2174 58 75 ge-

219 2220 88 75 neral
328 2220 80 75 rule,
441 2220 73 75 take
531 2220 56 75 the
606 2220 66 75 two
692 2220 173 75 particular
880 2220 76 75 ones
973 2220 177 75 following.

273 2269 29 75 1.
328 2269 37 75 If
375 2269 56 75 the
447 2269 69 75 rate
533 2269 39 75 be
584 2269 41 75 an
640 2269 79 75 even
734 2269 135 75 number
881 2269 40 75 of
932 2269 154 75 (hillings,
1102 2269 149 75 multiply

221 2312 55 75 the
293 2312 94 75 given
408 2312 134 75 number
557 2312 44 75 by
617 2312 73 75 half
701 2312 55 75 the
772 2312 134 75 number
922 2312 43 75 of
983 2312 141 75 (hillings
1147 2312 33 75 in
1196 2312 61 75 the

220 2359 82 75 rate,
328 2359 118 75 always
472 2359 155 75 doubling
642 2359 56 75 the
721 2359 188 75 right-hand
928 2359 100 75 figure
1044 2359 41 75 of
1107 2359 53 75 the
1177 2359 75 75 pro-

220 2405 75 75 du£t
310 2405 52 75 for
378 2405 152 75 (hillings,
555 2405 62 75 and
632 2405 56 75 the
705 2405 60 75 reft
781 2405 53 75 are
850 2405 147 75 pounds..

269 2454 34 75 2.
329 2454 37 75 If
377 2454 55 75 the
448 2454 69 75 rate
532 2454 40 75 be
589 2454 39 75 an
641 2454 65 75 odd
721 2454 135 75 number
866 2454 41 75 of
917 2454 153 75 (hillings,
1095 2454 99 75 work;
1201 2454 54 75 for

221 2496 56 75 the
292 2496 80 75 next
395 2496 91 75 lefler
505 2496 79 75 ev«n
603 2496 135 75 number
753 2496 40 75 of
810 2496 154 75 (hillings,
989 2496 34 75 as
1040 2496 125 75 above;
1191 2496 64 75 and

221 2544 52 75 for
289 2544 56 75 the
360 2544 67 75 odd
441 2544 125 75 (hilling
581 2544 74 75 take
671 2544 48 75 ^
735 2544 40 75 of
786 2544 54 75 the
857 2544 94 75 given
966 2544 146 75 number.

269 2590 153 75 Examp.
444 2590 29 75 i.
500 2590 112 75 When
629 2590 57 75 the
701 2590 69 75 rate
784 2590 28 75 is
829 2590 39 75 an
885 2590 79 75 even
978 2590 134 75 number
1128 2590 41 75 of
1179 2590 73 75 (hil-

223 2636 96 75 lings.

410 2715 65 75 Ex.
498 2715 31 75 1.

859 2715 66 75 Ex.
951 2715 35 75 2..

366 2761 82 75 436,
473 2761 32 75 at
523 2761 19 75 2
556 2761 31 75 s.

826 2761 79 75 127,
930 2761 33 75 at
979 2761 22 75 4
1013 2761 29 75 Si

417 2812 13 75 1

871 2812 20 75 2

800 2902 46 75 L.
864 2902 59 75 2.5,
971 2902 20 75 8
1005 2902 29 75 s.

1437 407 43 75 L.
1496 407 56 75 31,
1593 407 39 75 15
1647 407 29 75 s.

1931 407 44 75 42
2024 407 23 75 4

1932 454 39 75 21
2025 454 20 75 2

1872 546 45 75 L.
1934 546 59 75 63,
2030 546 22 75 6
2065 546 27 75 s.

1355 602 88 75 Note
1464 602 29 75 1.
1525 602 78 75 The
1619 602 109 75 reafon
1745 602 42 75 of
1804 602 205 75 multiplying
2024 602 45 75 by
2083 602 75 75 half
2177 602 56 75 the
2250 602 92 75 num-

1306 649 58 75 ber
1388 649 41 75 of
1451 649 140 75 (hillings
1618 649 33 75 in
1679 649 56 75 the
1759 649 69 75 rate
1844 649 68 75 will
1941 649 113 75 appear
2071 649 44 75 by
2132 649 209 75 confidering,

1307 695 70 75 that
1393 695 87 75 thefe
1498 695 53 75 are
1576 695 55 75 the
1655 695 199 75 numerators
1871 695 42 75 of
1932 695 55 75 the
2013 695 149 75 fradtions
2189 695 154 75 denoting

1306 742 55 75 the
1374 742 81 75 rate.
1503 742 110 75 Thus,
1639 742 19 75 2
1673 742 28 75 s.
1725 742 28 75 is
1753 774 39 49 x
1792 742 64 75 \yl.
1881 742 62 75 and
1961 742 61 75 4s,
2046 742 127 75 is^l.
2199 742 62 75 and
2278 742 20 75 6
2311 742 30 75 s.

1305 787 127 75 is-r^-l.
1458 787 62 75 and
1546 787 78 75 each
1653 787 69 75 unit
1749 787 33 75 in
1810 787 56 75 the
1893 787 135 75 produdt
2054 787 26 75 is
2098 787 65 75 two
2188 787 152 75 (hillings.

1304 834 77 75 The
1397 834 132 75 divifion
1546 834 44 75 by
1605 834 56 75 the
1677 834 222 75 denominator
1916 834 41 75 10
1974 834 27 75 is
2017 834 183 75 performed
2218 834 42 75 by
2271 834 71 75 cut-

1306 879 69 75 ting
1390 879 52 75 off
1452 879 55 75 the
1523 879 187 75 right-hand
1726 879 101 75 figure
1843 879 41 75 of
1902 879 56 75 the
1974 879 146 75 produdt,
2153 879 63 75 and
2230 879 56 75 the
2302 879 39 75 fi-

1305 926 78 75 gure
1399 926 34 75 fo
1449 926 55 75 cut
1519 926 52 75 off
1582 926 26 75 is
1625 926 55 75 the
1696 926 179 75 remainder
1887 926 12 75 ;
1926 926 63 75 and
2005 926 34 75 as
2056 926 78 75 each
2151 926 70 75 unit
2236 926 33 75 in
2285 926 57 75 the

1305 972 177 75 remainder
1499 972 27 75 is
1543 972 65 75 two
1624 972 153 75 (hillings,
1801 972 57 75 the
1873 972 119 75 double
2008 972 41 75 of
2068 972 90 75 them
2172 972 28 75 is
2218 972 55 75 the
2289 972 52 75 re-

1306 1018 144 75 mainder
1465 1018 33 75 in
1514 1018 154 75 (hillings.

1355 1066 88 75 Note
1462 1066 33 75 2.
1526 1066 98 75 From
1641 1066 69 75 Ex.
1733 1066 31 75 1.
1789 1066 49 75 we
1860 1066 74 75 may
1950 1066 101 75 learn,
2077 1066 71 75 that
2175 1066 93 75 when
2283 1066 58 75 the

1305 1111 67 75 rate
1388 1111 28 75 is
1433 1111 20 75 2
1467 1111 29 75 s.
1521 1111 56 75 the
1589 1111 85 75 price
1690 1111 29 75 is
1735 1111 100 75 found
1852 1111 43 75 by
1907 1111 155 75 doubling
2078 1111 55 75 the
2150 1111 86 75 right
2253 1111 88 75 hand

1306 1158 99 75 figure
1422 1158 41 75 of
1472 1158 56 75 the
1544 1158 93 75 given
1654 1158 133 75 number
1802 1158 53 75 for
1871 1158 153 75 (hillings,
2049 1158 62 75 and
2124 1158 56 75 the
2196 1158 95 75 other
2302 1158 39 75 fi-

1305 1204 77 75 gure
1394 1204 38 75 or
1447 1204 117 75 figures
1582 1204 53 75 are
1652 1204 137 75 pounds.

1353 1251 88 75 Note
1459 1251 32 75 3.
1524 1251 40 75 In
1579 1251 69 75 Ex.
1667 1251 32 75 2.
1727 1251 57 75 the
1809 1251 86 75 price
1919 1251 74 75 may
2009 1251 65 75 alfo
2094 1251 39 75 be
2149 1251 65 75 had
2230 1251 43 75 by
2290 1251 50 75 ta-

1303 1295 78 75 king
1396 1295 25 75 -f
1436 1295 40 75 of
1494 1295 55 75 the
1573 1295 94 75 given
1682 1295 133 75 number
1829 1295 12 75 ;
1868 1295 63 75 and
1957 1295 33 75 in
2006 1295 66 75 this
2088 1295 71 75 way
2176 1295 97 75 every
2289 1295 51 75 re-

1304 1342 144 75 mainder
1464 1342 66 75 will
1546 1342 40 75 be
1604 1342 21 75 4
1637 1342 28 75 s.

1352 1389 88 75 Note
1458 1389 34 75 4.
1517 1389 53 75 By
1591 1389 155 75 reverfing
1768 1389 57 75 the
1851 1389 179 75 operation,
2057 1389 85 75 from
2169 1389 57 75 the
2253 1389 87 75 price

1304 1435 62 75 and
1383 1435 62 75 any
1456 1435 78 75 even
1546 1435 68 75 rate
1630 1435 106 75 given,
1761 1435 48 75 we
1822 1435 74 75 may
1907 1435 122 75 readily
2041 1435 66 75 find
2118 1435 55 75 the
2189 1435 150 75 quantity

1306 1482 41 75 of
1368 1482 116 75 goods,
1510 1482 70 75 viz.
1616 1482 160 75 Multiply
1799 1482 56 75 the
1882 1482 86 75 price
1997 1482 43 75 by
2063 1482 55 75 10,
2141 1482 72 75 that
2237 1482 42 75 is,
2302 1482 38 75 to

1302 1528 56 75 the
1374 1528 86 75 price
1477 1528 105 75 annex
1598 1528 19 75 a
1632 1528 122 75 cipher,
1779 1528 63 75 and
1863 1528 108 75 divide
1990 1528 55 75 the
2060 1528 133 75 produdt
2211 1528 42 75 by
2269 1528 75 75 half

1304 1575 56 75 the
1377 1575 82 75 rate.

1349 1621 65 75 Ex.
1437 1621 30 75 1.
1515 1621 88 75 How
1629 1621 97 75 many
1752 1621 109 75 yards,
1886 1621 33 75 at
1941 1621 40 75 14
1992 1621 28 75 s.
2047 1621 75 75 may
2144 1621 42 75 be
2213 1621 124 75 bought

1302 1667 53 75 for
1371 1667 82 75 491.
1504 1667 176 75 7)490(70
1695 1667 110 75 yards,
1854 1667 83 75 dnf.

1349 1714 63 75 Ex.
1433 1714 32 75 2.
1513 1714 89 75 How
1629 1714 96 75 many
1741 1714 137 75 gallons,
1902 1714 34 75 at
1964 1714 20 75 8
1998 1714 25 75 s.
2050 1714 76 75 may
2149 1714 40 75 be
2213 1714 124 75 bought

1302 1759 52 75 for
1373 1759 102 75 5001.
1493 1759 13 75 ?
1558 1759 246 75 4)5000(1250
1820 1759 134 75 gallons.
2006 1759 82 75 Jnf.

1350 1805 102 75 Case
1471 1805 45 75 V.
1565 1805 114 75 When
1694 1805 56 75 the
1768 1805 67 75 rate
1860 1805 27 75 is
1912 1805 140 75 (hillings
2078 1805 63 75 and
2163 1805 111 75 pence,
2299 1805 39 75 or

1302 1851 153 75 (hillings,
1480 1851 111 75 pence,
1616 1851 62 75 and
1693 1851 171 75 farthings.

1349 1897 108 75 Rule
1483 1897 30 75 I.
1561 1897 38 75 If
1621 1897 54 75 the
1691 1897 70 75 rate
1788 1897 40 75 be
1855 1897 140 75 (hillings
2019 1897 63 75 and
2108 1897 98 75 pence
2229 1897 107 75 which

1300 1943 92 75 make
1408 1943 39 75 an
1464 1943 122 75 aliquot
1610 1943 73 75 part
1699 1943 41 75 of
1750 1943 18 75 a
1786 1943 120 75 pound,
1931 1943 106 75 divide
2054 1943 55 75 the
2133 1943 93 75 given
2243 1943 93 75 num-

1300 1989 56 75 ber
1371 1989 44 75 by
1426 1989 56 75 the
1498 1989 222 75 denominator
1735 1989 40 75 of
1787 1989 56 75 the
1856 1989 134 75 fra&ion
2002 1989 153 75 denoting
2171 1989 55 75 the
2239 1989 69 75 rate
2320 1989 13 75 ;

1300 2035 54 75 the
1371 2035 80 75 quot
1467 2035 27 75 is
1510 2035 138 75 pounds,
1673 2035 63 75 and
1751 2035 79 75 each
1850 2035 69 75 unit
1935 2035 40 75 of
1994 2035 54 75 the
2065 2035 178 75 remainder
2257 2035 28 75 is
2301 2035 35 75 e-

1301 2084 74 75 qual
1391 2084 35 75 to
1442 2084 56 75 the
1514 2084 83 75 rate.
1656 2137 63 75 Ex.
1741 2137 32 75 1.

1571 2184 80 75 354,
1677 2184 33 75 at
1731 2184 13 75 t
1761 2184 29 75 s.
1816 2184 20 75 8
1850 2184 35 75 d.

1548 2278 112 75 L.29,
1715 2278 56 75 10.

1654 2321 63 75 Ex.
1737 2321 34 75 2.

1571 2368 80 75 443,
1676 2368 33 75 at
1726 2368 19 75 2
1759 2368 28 75 s.
1814 2368 22 75 6
1848 2368 36 75 d.

1547 2459 43 75 L.
1606 2459 41 75 Si
1712 2459 20 75 j
1792 2459 23 75 6

2326 2485 25 75 9

1348 2522 109 75 Rule
1483 2522 49 75 II.
1580 2522 39 75 If
1628 2522 57 75 the
1700 2522 69 75 rate
1784 2522 41 75 be
1840 2522 43 75 no
1899 2522 125 75 aliquot
2040 2522 71 75 part
2128 2522 42 75 of
2179 2522 20 75 a
2213 2522 120 75 pound,

1301 2568 58 75 but
1374 2568 75 75 may
1464 2568 39 75 be
1519 2568 130 75 divided
1663 2568 71 75 into
1748 2568 76 75 fucb
1849 2568 101 75 parts,
1974 2568 107 75 divide
2103 2568 28 75 it
2146 2568 188 75 according-

1301 2615 49 75 ly,
1374 2615 92 75 work
1482 2615 52 75 for
1549 2615 56 75 the
1622 2615 87 75 parts
1724 2615 189 75 feparately,
1939 2615 63 75 and
2013 2615 76 75 then
2105 2615 76 75 add.

1381 2843 22 75 6
1414 2843 26 75 s.

1307 2893 56 75 25.
1377 2893 63 75 6d.

1598 2662 66 75 Ex.
1687 2662 33 75 1.

1552 2709 80 75 427,
1658 2709 33 75 at
1708 2709 20 75 8
1742 2709 17 75 s

1668 2756 21 75 6
1702 2756 34 75 d.

1557 2846 62 75 128

1578 2903 41 75 53
1671 2902 23 75 y
1740 2902 24 75 6

1506 2988 110 75 L.i8i
1669 2988 22 75 9
1738 2988 22 75 6

1809 2846 57 75 3S.
1866 2878 37 49 4
1903 2846 41 75 d.

2108 2661 64 75 Ex.

2066 2709 80 75 540,
2173 2709 33 75 at
2224 2709 18 75 5
2257 2709 29 75 s.

2205 2764 20 75 4
2239 2764 36 75 d-

2088 2846 44 75 90

2089 2903 43 75 54

2018 2985 116 75 L.144

340 2900 123 75 L.43,
507 2900 81 75 X2-S.
