2396 3377
464 88 41 75 A
563 88 48 75 M
670 88 44 75 H

1046 88 19 75 (
1128 88 74 75 135

139 153 172 75 difference
326 153 41 75 of
387 153 240 75 circumftances
653 153 73 75 may
743 153 93 75 make
862 153 85 75 fome
971 153 160 75 diflimila-

138 200 78 75 rity.
263 200 100 75 They
378 200 80 75 have
477 200 41 75 all
541 200 170 75 originally
736 200 19 75 a
782 200 57 75 red
863 200 117 75 copper
1005 200 124 75 colour,

137 247 64 75 and
227 247 96 75 every
347 247 71 75 part
443 247 40 75 of
502 247 83 75 their
613 247 112 75 bodies
750 247 138 75 without
904 247 82 75 hair,
1013 247 118 75 except

137 293 61 75 the,
210 293 95 75 head,
331 293 108 75 where
457 293 25 75 it
499 293 27 75 is
542 293 107 75 black,
675 293 143 75 ftraight,
844 293 63 75 and
923 293 119 75 coarfe.
1092 293 38 75 In

138 340 56 75 the
212 340 131 75 Spanifh
361 340 63 75 and
440 340 199 75 portuguefe
656 340 213 75 fettlements,
893 340 79 75 gold
986 340 27 75 is
1030 340 102 75 found

136 387 32 75 in
192 387 91 75 great
299 387 123 75 plenty.
473 387 47 75 Its
537 387 198 75 remarkable
759 387 98 75 rivers
881 387 65 75 are,
977 387 39 75 St
1039 387 89 75 Lau-

137 433 93 75 rence
248 433 62 75 and
335 433 55 75 the
406 433 176 75 Miihfippi,
607 433 32 75 in
658 433 47 75 N.
724 433 171 75 America;
922 433 63 75 and
1002 433 55 75 the
1080 433 47 75 A-

135 480 131 75 mazons
285 480 62 75 and
360 480 66 75 Rio
438 480 40 75 de
494 480 32 75 la
538 480 93 75 Plata
641 480 33 75 in
694 480 36 75 S.
748 480 164 75 America.
959 480 78 75 The
1053 480 71 75 An-

134 527 70 75 des,
229 527 107 75 which
361 527 109 75 bound
493 527 89 75 Chili
607 527 40 75 on
665 527 57 75 the
745 527 74 75 eaft,
846 527 53 75 are
924 527 55 75 the
1003 527 123 75 highell

133 573 179 75 mountains
329 573 33 75 in
378 573 57 75 the
452 573 116 75 world.

86 621 300 75 AMPRICIMA,
412 621 32 75 in
461 621 154 75 zoology,
640 621 39 75 an
696 621 141 75 obfolete
856 621 91 75 name
959 621 41 75 of
1018 621 19 75 a
1055 621 70 75 fpe-

135 666 63 75 cies
215 666 39 75 of
274 666 131 75 lacerta.
456 666 61 75 See
534 666 204 75 Lacerta.

86 714 312 75 AMERSFORT,
426 714 17 75 a
460 714 85 75 town
562 714 41 75 of
620 714 60 75 the
701 714 112 75 Dutch
831 714 233 75 Netherlands,
1092 714 32 75 in

133 760 54 75 the
204 760 150 75 province
370 760 42 75 of
431 760 153 75 Utrecht,
610 760 134 75 fituated
771 760 41 75 on
835 760 57 75 the
917 760 83 75 river
1028 760 93 75 Ems,

131 806 97 75 about
246 806 145 75 fourteen
405 806 90 75 miles
520 806 175 75 north-eall
712 806 41 75 of
772 806 155 75 Utrecht,
952 806 33 75 in
1004 806 41 75 j°
1066 806 57 75 2c/

130 853 44 75 E.
187 853 88 75 long,
300 853 63 75 and
378 853 41 75 52
419 835 23 49 0
464 853 55 75 2*,'
535 853 47 75 N.
599 853 59 75 lat.

81 901 294 75 AMER.SHAM,
401 901 19 75 a
435 901 228 75 market-town
679 901 42 75 of
740 901 318 75 Buckinghamfnire,
1086 901 33 75 a-

128 946 80 75 bout
231 946 230 75 twenty-feven
479 946 90 75 miles
587 946 74 75 well
665 946 86 75 ward
772 946 41 75 of
832 946 153 75 London.
1036 946 32 75 It
1091 946 27 75 is

127 993 136 75 fituated
284 993 32 75 in
342 993 54 75 4c/
419 993 61 75 W.
510 993 89 75 long,
633 993 64 75 and
723 993 38 75 51
761 975 27 49 0
812 993 54 75 40'
893 993 49 75 N.
967 993 60 75 lat.
1052 993 67 75 and

127 1038 89 75 fends
234 1038 66 75 two
312 1038 156 75 members
483 1038 35 75 to
535 1038 200 75 parliament.

79 1086 347 75 AMETHYSTUS,
445 1086 168 75 amethyft,
631 1086 18 75 a
662 1086 195 75 trahfparent
870 1086 72 75 gem
959 1086 40 75 of
1010 1086 19 75 a
1041 1086 74 75 pur-

127 1134 50 75 ple
201 1134 124 75 colour,
350 1134 113 75 arifing
487 1134 85 75 from
596 1134 18 75 a
638 1134 141 75 mixture
796 1134 40 75 of
856 1134 57 75 red
940 1134 63 75 and
1029 1134 85 75 blue.

127 1179 174 75 However,
343 1179 86 75 their
456 1179 112 75 colour
599 1179 27 75 is
642 1179 144 75 ^various
801 1179 9 75 :
855 1179 97 75 Some
983 1179 81 75 have
1096 1179 19 75 a

125 1226 140 75 mixture
282 1226 40 75 of
340 1226 131 75 yellow,
497 1226 62 75 and
575 1226 85 75 fome
684 1226 154 75 refemble
864 1226 57 75 red
945 1226 81 75 wine
1051 1226 64 75 and

123 1272 100 75 water
234 1272 10 75 ;
270 1272 58 75 but
345 1272 56 75 the
417 1272 65 75 bell
494 1272 82 75 kind
588 1272 27 75 is
631 1272 197 75 tranfparent
847 1272 60 75 and
925 1272 186 75 colourlefs,

124 1319 62 75 and
198 1319 188 75 refembling
401 1319 35 75 fo
452 1319 95 75 much
565 1319 56 75 the
644 1319 163 75 diamond,
834 1319 70 75 that
923 1319 55 75 the
998 1319 111 75 differ-

122 1365 76 75 ence
216 1365 57 75 can
291 1365 75 75 only
384 1365 36 75 be
443 1365 222 75 diilinguilhed
689 1365 44 75 by
758 1365 55 75 the
837 1365 133 75 foftnefs
994 1365 41 75 of
1054 1365 55 75 the

122 1412 168 75 amethyft.
338 1412 87 75 This
444 1412 72 75 gem
532 1412 28 75 is
584 1412 100 75 found
706 1412 40 75 of
765 1412 127 75 various
909 1412 90 75 fizes,
1025 1412 85 75 from

119 1459 56 75 the
192 1459 77 75 bulk
285 1459 41 75 of
345 1459 18 75 a
378 1459 90 75 fmall
485 1459 108 75 vetch,
619 1459 35 75 to
671 1459 39 75 an
733 1459 75 75 inch
832 1459 63 75 and
919 1459 38 75 an
983 1459 74 75 half
1076 1459 31 75 in

119 1505 167 75 diameter.
336 1505 48 75 Its
397 1505 91 75 ftiape
505 1505 27 75 is
550 1505 179 75 fometimes
744 1505 158 75 foundilh,
928 1505 180 75 fometimes

119 1552 132 75 oblong,
277 1552 63 75 and
352 1552 179 75 fometimes
543 1552 109 75 flatted
674 1552 19 75 a
708 1552 84 75 little
809 1552 42 75 on
867 1552 61 75 one
938 1552 85 75 fide;
1051 1552 58 75 but

118 1599 41 75 its
176 1599 79 75 moft
272 1599 147 75 common
444 1599 100 75 figure
559 1599 27 75 is
604 1599 69 75 that
690 1599 40 75 of
750 1599 18 75 a
788 1599 124 75 cryftal,
937 1599 170 75 compofed

118 1645 40 75 of
177 1645 73 75 four
268 1645 119 75 planes,
413 1645 63 75 and
497 1645 195 75 terminated
712 1645 44 75 by
779 1645 19 75 a
821 1645 57 75 flat
896 1645 91 75 Ihort
1010 1645 94 75 pyra-

119 1691 79 75 mid.
246 1691 77 75 The
341 1691 154 75 aniethyft
521 1691 154 75 is-found
696 1691 32 75 in
751 1691 105 75 India,
883 1691 132 75 Arabia,
1040 1691 66 75 Ar-

116 1737 115 75 menia,
263 1737 167 75 Ethiopia,
462 1737 141 75 Cyprus,
634 1737 181 75 Germany,
846 1737 169 75 Bohemia,
1041 1737 64 75 and

116 1784 141 75 Mifhia;
284 1784 58 75 but
359 1784 33 75 as
409 1784 78 75 they
510 1784 53 75 are
583 1784 165 75 generally
771 1784 34 75 as
828 1784 63 75 foft
916 1784 35 75 as
976 1784 125 75 cryftal,

113 1830 80 75 they
217 1830 53 75 are
296 1830 57 75 not
377 1830 95 75 much
496 1830 128 75 valued.
675 1830 30 75 It
723 1830 72 75 may
811 1830 40 75 be
868 1830 235 75 counterfeited

113 1877 96 75 many
226 1877 85 75 ways
325 1877 8 75 ;
361 1877 58 75 but
436 1877 55 75 the
515 1877 162 75 Germans
702 1877 118 75 hardly
843 1877 93 75 think
951 1877 26 75 it
994 1877 106 75 worth

112 1924 55 75 the
179 1924 258 75 counterfeiting.

65 1972 283 75 AMETHYST,
366 1972 33 75 in
409 1972 163 75 heraldry,
591 1972 19 75 a
625 1972 82 75 term
725 1972 51 75 for
792 1972 55 75 the
860 1972 112 75 purple
989 1972 111 75 colour

112 2017 30 75 in
160 2017 55 75 the
227 2017 73 75 coat
316 2017 39 75 of
374 2017 18 75 a
405 2017 179 75 nobleman,
613 2017 32 75 in
661 2017 54 75 ufe
731 2017 79 75 with
828 2017 90 75 thofe
938 2017 76 75 who
1030 2017 68 75 bla-

111 2064 62 75 zon
186 2064 42 75 by
246 2064 145 75 precious
411 2064 113 75 ftones,
549 2064 120 75 inftead
686 2064 40 75 of
744 2064 113 75 metals
875 2064 62 75 and
955 2064 141 75 colours.

108 2110 99 75 This,
225 2110 32 75 in
274 2110 19 75 a
308 2110 207 75 gentleman’s
533 2110 203 75 efcutcheon,
759 2110 28 75 is
805 2110 104 75 called
926 2110 169 75 Purpure,

109 2157 61 75 and
186 2157 31 75 in
235 2157 89 75 thofe
342 2157 40 75 of
401 2157 163 75 fovereign
581 2157 136 75 princes,
746 2157 168 75 Mercury.

62 2204 350 75 AMETHYSTEA,
437 2204 32 75 in
491 2204 133 75 botany,
650 2204 18 75 a
692 2204 97 75 genus
815 2204 40 75 of
874 2204 55 75 the
951 2204 146 75 diandria

107 2252 193 75 mbnogynia
321 2252 91 75 clafs,
436 2252 40 75 of
497 2252 103 75 which
623 2252 91 75 there
737 2252 26 75 is
789 2252 59 75 hut
874 2252 61 75 one
962 2252 131 75 fpecies,

107 2297 69 75 viz.
201 2297 56 75 the
273 2297 145 75 caerulea,
444 2297 19 75 a
479 2297 106 75 native
601 2297 40 75 of
658 2297 56 75 the
739 2297 179 75 mountains
942 2297 40 75 of
1001 2297 92 75 Sibe-

106 2343 58 75 ria.
212 2343 78 75 The
307 2343 121 75 corolla
444 2343 40 75 of
495 2343 63 75 this
574 2343 90 75 plant
680 2343 26 75 is
724 2343 13 75 r
747 2343 194 75 uinquefide,
967 2343 56 75 the
1040 2343 52 75 ca-

104 2390 48 75 lix
170 2390 18 75 a
204 2390 85 75 little
304 2390 207 75 bell-fhaped,
537 2390 63 75 and
622 2390 56 75 the
701 2390 125 75 capfole
851 2390 144 75 contains
1018 2390 74 75 four

105 2437 133 75 gibbous
255 2437 101 75 feeds.

57 2483 373 75 AMETHYSTINE,
460 2483 32 75 in
518 2483 17 75 a
559 2483 126 75 general
710 2483 97 75 fenfe,
833 2483 39 75 an
896 2483 192 75 appellarion

104 2529 91 75 given
207 2529 35 75 to
254 2529 162 75 whatever
431 2529 147 75 partakes
595 2529 41 75 of
654 2529 55 75 the
725 2529 126 75 nature,
876 2529 38 75 or
936 2529 152 75 emulates

103 2576 57 75 the
175 2576 111 75 colour
302 2576 40 75 of
360 2576 55 75 the
433 2576 175 75 amethyft.'

54 2624 152 75 AMEY,
232 2624 19 75 a
267 2624 67 75 city
350 2624 40 75 of
409 2624 121 75 Savoy,
555 2624 135 75 fituated
704 2624 34 75 in
760 2624 19 75 a
800 2624 97 75 plain,
922 2624 86 75 upon
1032 2624 55 75 the

99 2669 72 75 lake
191 2669 101 75 Nicy.

54 2716 245 75 AMGAILA,
323 2716 40 75 or
390 2716 234 75 Amgailam,
657 2716 38 75 an
724 2716 143 75 obfblete
888 2716 91 75 name
1007 2716 41 75 of
1066 2716 20 75 a

101 2762 116 75 foecies
234 2762 40 75 of
292 2762 167 75 acanthus.
510 2762 60 75 See
587 2762 231 75 Acanthus.

47 2809 195 75 AMHAR,
267 2809 37 75 or
316 2809 88 75 Amh
412 2809 88 75 ara,
527 2809 18 75 a
555 2809 154 75 kingdom
721 2809 40 75 of
773 2809 160 75 Abylfinia
945 2809 30 75 in
994 2809 90 75 Afri-

99 2855 49 75 ca,
172 2855 119 75 fubjedt
303 2855 35 75 to
354 2855 55 75 the
426 2855 232 75 great'Negus.
706 2855 33 75 It
756 2855 26 75 is
798 2855 151 75 bounded
971 2855 41 75 on
1028 2855 67 75 thb.

96 2901 97 75 north
208 2901 45 75 by
275 2901 56 75 the
352 2901 153 75 kingdom
531 2901 40 75 of
590 2901 194 75 Bajemder;
811 2901 41 75 on
869 2901 55 75 the
941 2901 74 75 eaft,
1041 2901 44 75 by

96 2948 71 75 that
194 2948 42 75 of
255 2948 132 75 Angote
401 2948 11 75 j
446 2948 42 75 on
511 2948 56 75 the
589 2948 106 75 fouth,
720 2948 45 75 by
787 2948 56 75 the
869 2948 156 75 kingdom
1049 2948 41 75 of

1264 91 18 75 )

1572 91 224 75 AMI

1233 157 159 75 Walaca;
1419 157 63 75 and
1498 157 41 75 on
1557 157 55 75 the
1636 157 86 75 weft,
1749 157 43 75 by
1807 157 56 75 the
1887 157 90 75 Nile,
2003 157 107 75 which
2132 157 89 75 fepa-

1230 204 84 75 rate.s
1335 204 25 75 it
1377 204 84 75 from
1484 204 55 75 the
1555 204 156 75 kingdom
1726 204 42 75 of
1786 204 135 75 Gojam.
1970 204 86 75 This
2081 204 138 75 country

1229 250 25 75 is
1271 250 197 75 remarkable
1487 250 52 75 for
1556 250 55 75 the
1623 250 180 75 mountains
1821 250 175 75 Ghefghen
2014 250 62 75 and
2092 250 124 75 Amb^-

1226 297 60 75 cel,
1312 297 108 75 where
1432 297 56 75 the
1506 297 144 75 children
1662 297 62 75 and
1737 297 75 75 near
1830 297 151 75 relations
1998 297 41 75 of
2049 297 56 75 the
2123 297 94 75 kings

1225 343 40 75 of
1276 343 162 75 Abylnnia
1462 343 92 75 were,
1563 343 155 75 formerly
1735 343 168 75 confined;
1929 343 86 75 upon
2032 343 107 75 which
2162 343 54 75 ac-

1225 389 97 75 count
1337 389 27 75 it
1382 389 26 75 is
1426 389 156 75 regarded
1604 389 34 75 as
1655 389 55 75 the
1727 389 105 75 native
1849 389 137 75 country
2005 389 41 75 of
2064 389 57 75 the
2144 389 70 75 mo-

1224 435 78 75 dern
1319 435 175 75 emperors.

1176 483 141 75 AMIA,
1342 483 32 75 in
1391 483 221 75 ichthyology,
1637 483 56 75 the
1709 483 107 75 trivial
1833 483 91 75 name
1941 483 40 75 of
2000 483 19 75 a
2041 483 120 75 fpecies
2178 483 42 75 of

1222 527 179 75 fehomber.
1452 527 62 75 See
1531 527 229 75 Schomber.

1174 575 310 75 AMIANTHUS,
1509 575 38 75 or
1563 575 175 75 earth-lax,
1764 575 32 75 in
1822 575 124 75 natural
1969 575 134 75 hiftory,
2129 575 19 75 a
2172 575 37 75 fi-

1222 620 108 75 brous,
1352 620 123 75 flexile,
1499 620 106 75 elaftic
1629 620 131 75 mineral
1784 620 173 75 fubftance,
1984 620 164 75 confifting
2170 620 44 75 of

1219 668 99 75 ftiort,
1344 668 127 75 abrupt,
1498 668 62 75 and
1575 668 197 75 interwoven
1789 668 170 75 filaments.
2007 668 34 75 It
2058 668 26 75 is
2107 668 103 75 found

1220 714 32 75 in
1269 714 31 75 G
1306 714 142 75 ermany,
1466 714 32 75 in
1515 714 54 75 the
1581 714 97 75 ftrata
1692 714 41 75 of
1739 714 72 75 iron
1825 714 68 75 ore,
1910 714 180 75 fometimes
2107 714 100 75 form-

1218 760 55 75 ing
1283 760 87 75 veins
1383 760 40 75 of
1436 760 39 75 an
1488 760 72 75 inch
1572 760 32 75 in
1617 760 170 75 diameter.'
1819 760 112 75 There
1943 760 25 75 is
1983 760 225 75 another-kind

1219 808 39 75 of
1277 808 191 75 amianthus,
1493 808 105 75 which
1621 808 26 75 is
1665 808 35 75 to
1716 808 40 75 be
1779 808 66 75 met
1867 808 79 75 with
1963 808 31 75 in
2012 808 56 75 the
2085 808 121 75 marble

1218 853 142 75 quarries
1378 853 40 75 of
1429 853 128 75 Wales.
1606 853 67 75 But
1689 853 64 75 this
1770 853 79 75 kind
1865 853 151 75 Linnaeus
2034 853 118 75 affirms
2171 853 35 75 to

1216 901 40 75 be
1273 901 39 75 an
1329 901 146 75 albedos.
1522 901 80 75 The
1615 901 176 75 amianthus
1804 901 78 75 does
1899 901 57 75 not
1972 901 72 75 give
2056 901 57 75 fire
2125 901 80 75 with

1214 946 25 75 ft
1241 946 61 75 Cel,
1327 946 59 75 nor
1409 946 139 75 ferment
1565 946 80 75 with
1661 946 101 75 acids.
1812 946 33 75 It
1866 946 136 75 endurqs
2026 946 39 75 an
2082 946 124 75 intenfe

1215 993 76 75 heat
1306 993 139 75 without
1457 993 107 75 injury
1575 993 35 75 to
1627 993 196 75 its-texture.

1166 1040 269 75 AMICABLE,
1453 1040 32 75 in
1503 1040 18 75 a
1533 1040 127 75 general
1676 1040 97 75 fenfe,
1791 1040 132 75 denotes
1937 1040 62 75 any
2011 1040 92 75 thing
2119 1040 85 75 done

1213 1087 32 75 in
1262 1087 19 75 a
1297 1087 140 75 friendly
1448 1087 143 75 manner,
1617 1087 37 75 or
1670 1087 35 75 to
1721 1087 147 75 promote
1880 1087 109 75 peace.

1164 1133 207 75 Amicable
1391 1133 198 75 tawin
1601 1133 129 75 Roman
1746 1133 172 75 antiquity,
1945 1133 96 75 were,
2067 1133 133 75 accorct-

1211 1180 54 75 ing
1281 1180 34 75 to
1333 1180 147 75 Pitifcus,
1505 1180 99 75 lower
1625 1180 61 75 and
1703 1180 59 75 lefs
1778 1180 197 75 honourable
1998 1180 81 75 feats
2103 1180 96 75 allot-

1210 1227 54 75 ted
1280 1227 52 75 for
1356 1227 55 75 the
1427 1227 130 75 judices
1570 1227 150 75 pe-danei,
1746 1227 38 75 or
1802 1227 135 75 inferior
1953 1227 130 75 judges,
2109 1227 87 75 who,

1209 1273 85 75 upon
1318 1273 95 75 being
1436 1273 153 75 admitted
1616 1273 40 75 of
1674 1273 55 75 the
1752 1273 174 75 emperor’s
1951 1273 138 75 council,
2114 1273 85 75 were

1209 1319 151 75 dignified
1376 1319 43 75 by
1435 1319 67 75 him
1519 1319 79 75 with
1616 1319 55 75 the
1687 1319 73 75 title
1775 1319 113 75 amici.

1160 1365 244 75 AMICITIA,
1430 1365 37 75 or
1484 1365 113 75 tenure
1614 1365 35 75 in
1667 1365 199 75 Amicitja
1866 1397 14 49 ;
1907 1365 110 75 tensre
2032 1365 36 75 in
2080 1365 116 75 aniici-

1206 1413 95 75 tiam,
1323 1413 32 75 in
1372 1413 55 75 the
1440 1413 108 75 feudal
1561 1413 148 75 cuftoms,
1734 1413 84 75 were
1834 1413 90 75 lands
1942 1413 134 75 granted
2093 1413 104 75 freely

1207 1459 34 75 to
1258 1459 39 75 be
1315 1459 138 75 enjoyed
1468 1459 78 75 only
1557 1459 34 75 fo
1607 1459 79 75 long
1696 1459 32 75 a«
1746 1459 56 75 the
1818 1459 103 75 donor
1936 1459 139 75 pleafed.

1158 1506 237 75 AMICTUS,
1420 1506 32 75 in
1475 1506 129 75 Roman
1632 1506 173 75 antiquity,
1831 1506 65 75 was
1921 1506 62 75 any
2005 1506 100 75 upper
2117 1506 76 75 gar-

1205 1552 86 75 ment
1308 1552 89 75 worn
1414 1552 78 75 over
1508 1552 55 75 the
1575 1552 118 75 tunica.

1157 1598 200 75 Amictus,
1384 1598 116 75 among
1526 1598 217 75 ecdefiaftical
1768 1598 137 75 writers,
1931 1598 57 75 the
2012 1598 182 75 uppermoft

1203 1644 144 75 garment
1364 1644 160 75 anciently
1547 1644 90 75 worn
1653 1644 44 75 by
1713 1644 55 75 the
1788 1644 131 75 clergy;
1946 1644 55 75 the
2018 1644 94 75 other
2128 1644 68 75 five,

1203 1691 94 75 being
1308 1691 54 75 the
1374 1691 84 75 alba,
1477 1691 166 75 fingulum,
1657 1691 90 75 ftola,
1765 1691 190 75 manipulus,
1974 1691 63 75 and
2048 1691 139 75 planeta.

1248 1739 77 75 The
1342 1739 130 75 amictus
1485 1739 64 75 was
1563 1739 18 75 a
1596 1739 85 75 linen
1695 1739 154 75 garment,
1869 1739 40 75 of
1920 1739 142 75 afquare
2074 1739 117 75 figure^

1201 1785 150 75 covering
1366 1785 55 75 the
1445 1785 95 75 head,
1565 1785 94 75 neck,
1685 1785 61 75 and
1770 1785 176 75 fhouiders,
1972 1785 62 75 and
2050 1785 141 75 buckled

1203 1831 36 75 or
1256 1831 125 75 clafped
1397 1831 110 75 before
1524 1831 55 75 the
1596 1831 114 75 breaft.
1760 1831 32 75 It
1816 1831 27 75 is
1867 1831 62 75 ftill
1953 1831 91 75 worn
2065 1831 45 75 by
2132 1831 57 75 the

1202 1878 148 75 religious
1367 1878 132 75 abroad.

1151 1925 285 75 AMICULUM,
1461 1925 34 75 in
1520 1925 126 75 Roman
1669 1925 172 75 antiquity,
1868 1925 18 75 a
1908 1925 153 75 woman’s
2086 1925 107 75 upper

1197 1970 156 75 garment,
1379 1970 105 75 which
1501 1970 137 75 differed
1651 1970 84 75 from
1752 1970 55 75 the
1822 1970 85 75 pala.
1956 1970 33 75 It
2006 1970 64 75 was
2095 1970 95 75 worn,

1197 2017 78 75 both
1288 2017 47 75 by-
1347 2017 141 75 matrons
1502 2017 62 75 and
1580 2017 202 75 courtezans.

1149 2065 186 75 AMICUS
1365 2065 110 75 curia-,
1513 2065 17 75 a
1557 2065 234 75 law-term,'to
1819 2065 116 75 denote
1958 2065 19 75 a
1998 2065 185 75 by-ftander

1197 2110 73 75 who
1287 2110 132 75 informs
1432 2110 55 75 the
1500 2110 94 75 court
1605 2110 39 75 of
1657 2110 17 75 a
1686 2110 116 75 matter
1813 2110 31 75 in
1861 2110 63 75 law
1941 2110 72 75 that
2023 2110 27 75 is
2064 2110 118 75 doubt-

1195 2156 46 75 ful
1258 2156 37 75 or
1307 2156 164 75 miftaken.

1146 2204 201 75 AMIENS,
1372 2204 55 75 the
1441 2204 117 75 capital
1572 2204 66 75 city
1650 2204 40 75 of
1707 2204 150 75 Picardy,
1882 2204 31 75 in
1927 2204 133 75 France,
2086 2204 93 75 fitua-

1194 2250 54 75 ted
1265 2250 41 75 on
1322 2250 56 75 the
1396 2250 84 75 river
1509 2250 141 75 Somme,
1674 2250 93 75 ituE.
1784 2250 91 75 long.
1893 2250 17 75 2
1910 2232 26 49 0
1957 2250 66 75 3a,
2049 2250 63 75 and
2128 2250 48 75 N\

1192 2297 58 75 lat.
1269 2297 45 75 49
1314 2279 23 49 0
1359 2297 54 75 50'
1413 2297 12 75 .
1474 2297 32 75 It
1522 2297 27 75 is
1566 2297 19 75 a
1609 2297 154 75 beautiful
1788 2297 100 75 town,
1914 2297 63 75 and
2000 2297 19 75 a
2041 2297 142 75 biflrop’i

1191 2343 61 75 fee,
1278 2343 102 75 under
1392 2343 55 75 the
1464 2343 185 75 arChbiffiop
1666 2343 39 75 of
1716 2343 148 75 Rheims.
1913 2343 90 75 Here
2019 2343 57 75 too
2091 2343 26 75 is
2136 2343 44 75 an

1190 2388 173 75 univerlity
1378 2388 40 75 of
1432 2388 213 75 confiderable
1661 2388 88 75 note.

1143 2435 311 75 AMIGDALUS,
1479 2435 31 75 in
1527 2435 133 75 botany;
1710 2435 62 75 See
1789 2435 263 75 Amygdalus.

1140 2483 281 75 AMIESTIES,
1442 2483 110 75 cotton
1569 2483 116 75 cloths,
1711 2483 104 75 which
1840 2483 90 75 come
1948 2483 89 75 from
2054 2483 55 75 the
2125 2483 52 75 E^

1188 2528 120 75 Indies.

1139 2574 241 75 AMILICTI,
1406 2574 31 75 in
1454 2574 55 75 the
1533 2574 124 75 ancient
1678 2574 165 75 Chaldean
1864 2574 168 75 theology,
2058 2574 61 75 one
2135 2574 41 75 of

1185 2621 54 75 the
1263 2621 97 75 triads
1381 2621 41 75 of
1440 2621 126 75 psrfons
1582 2621 33 75 in
1631 2621 55 75 the
1710 2621 86 75 third
1818 2621 95 75 order
1928 2621 41 75 of
1988 2621 56 75 the
2061 2621 111 75 divine

1181 2669 180 75 hierarchy.
1408 2669 66 75 See
1490 2669 254 75 Hierarchy.

1135 2715 179 75 AMINA,
1337 2715 18 75 a
1366 2715 66 75 city
1444 2715 39 75 of
1501 2715 154 75 Ethiopia
1677 2715 32 75 in
1725 2715 127 75 Africa,
1876 2715 74 75 nine
1967 2715 91 75 miles
2081 2715 86 75 from

1182 2761 135 75 Albcar.

1134 2808 239 75 AMINEUM
1390 2808 116 75 criuni,
1531 2808 55 75 the
1598 2808 90 75 name
1701 2808 40 75 of
1760 2808 19 75 a
1793 2808 131 75 vinegar
1932 2808 101 75 .made
2050 2808 40 75 of
2107 2808 59 75 the

1182 2853 80 75 v/ine
1276 2853 40 75 of
1329 2853 25 75 A
1361 2853 40 75 mi
1407 2853 56 75 rife,
1490 2853 17 75 a
1523 2853 87 75 town
1626 2853 40 75 of
1686 2853 176 75 Campania
1873 2853 31 75 in
1922 2853 97 75 Italy.

1134 2904 276 75 AMIRANTE,
1434 2904 33 75 in
1484 2904 55 75 the
1556 2904 130 75 Spanilh
1710 2904 114 75 polity,
1850 2904 19 75 a
1890 2904 90 75 great
2002 2904 108 75 officer
2128 2904 41 75 of

1180 2950 89 75 ftate,
1295 2950 173 75 aafwering
1481 2950 35 75 to
1533 2950 59 75 Our
1602 2950 74 75 lord
1691 2950 242 75 high-admiral.
1976 3001 116 75 AMIS
2098 3001 14 75 I
2114 3001 46 75 A,
