2431 3327
482 123 41 75 A
581 123 32 75 F
671 123 33 75 F

1069 123 97 75 (3

159 194 141 75 rubbing,
312 194 190 75 quickfllver
517 194 80 75 with
625 194 19 75 a
668 194 119 75 double
812 194 150 75 quantity
987 194 40 75 of
1045 194 108 75 crabs-

158 242 77 75 eyes
250 242 38 75 or
304 242 134 75 candied
455 242 103 75 fugar,
584 242 50 75 till
650 242 26 75 it
691 242 27 75 is
732 242 233 75 extinguifhed.

111 287 223 75 ^.THiOPS
360 287 43 75 of
418 287 60 75 Dr
500 287 172 75 Plumber,
703 287 19 75 a
745 287 156 75 medicine
928 287 156 75 prepared
1107 287 45 75 by

158 334 173 75 levigating
358 334 133 75 fulphur
518 334 147 75 auratum
690 334 168 75 Intimonii
880 334 80 75 with
987 334 40 75 an
1055 334 96 75 equal

160 380 148 75 quantity
320 380 40 75 of
379 380 148 75 calomel.

112 427 228 75 jETHUSA,
367 427 32 75 in
424 427 134 75 botany,
584 427 18 75 a
626 427 97 75 genus
746 427 41 75 of
805 427 56 75 the
889 427 187 75 pentandria
1098 427 52 75 di-

159 474 97 75 gynia
283 474 92 75 clafs.
435 474 79 75 The
539 474 167 75 voiucrum
734 474 27 75 is
787 474 201 75 dimidiated,
1014 474 136 75 triphyl-

158 521 84 75 lous,
254 553 6 49 r
260 521 70 75 and
347 521 191 75 pendulous.
585 521 114 75 There
715 521 26 75 is
764 521 58 75 but
839 521 60 75 one
920 521 131 75 fpecies,
1078 521 71 75 viz.

158 567 56 75 the
228 567 121 75 aethufa
364 567 176 75 fynapium,
562 567 38 75 or
615 567 234 75 fools-parfley,
867 567 19 75 a
902 567 106 75 native
1023 567 41 75 of
1075 567 74 75 Bri-

111 660 230 75 AETIANS,
366 660 32 75 in
415 660 270 75 church-hiftory,
715 660 19 75 a
748 660 120 75 branch
886 660 40 75 of
937 660 121 75 Arians
1075 660 77 75 who

160 706 206 75 maintained,
392 706 70 75 that
489 706 57 75 the
569 706 67 75 Son
659 706 62 75 and
743 706 93 75 Holy
851 706 107 75 Ghoft
982 706 54 75 are
1058 706 33 75 in
1108 706 43 75 all

161 753 107 75 things
282 753 160 75 diffimilar
457 753 36 75 to
506 753 55 75 the
578 753 134 75 Father.

113 800 282 75 AETIOLOGY,
424 800 72 75 that
511 800 121 75 branch
648 800 40 75 of
708 800 107 75 phyfic
831 800 104 75 which
959 800 110 75 afiigns
1094 800 57 75 the

160 846 106 75 caufes
283 846 41 75 of
334 846 145 75 difeafes.

112 894 193 75 AsTITjE,
330 894 39 75 or
392 894 192 75 AiTiT.es,
611 894 18 75 a
656 894 92 75 name
776 894 92 75 given
896 894 35 75 to
959 894 129 75 pebbles
1112 894 39 75 or

160 940 101 75 rtones
278 940 41 75 of
337 940 61 75 any
414 940 79 75 kind
503 940 106 75 which
626 940 81 75 have
725 940 19 75 a
760 940 87 75 loofe
864 940 130 75 nucleus
1018 940 133 75 rattling

160 985 32 75 in
205 985 100 75 them,
330 985 116 75 called,
463 985 34 75 in
513 985 144 75 Englifh,
678 985 233 75 Eagh-Jiones.

113 1032 164 75 iETNA,
293 1032 28 75 ‘a
337 1032 125 75 famous
478 1032 138 75 burning
633 1032 164 75 mountain
818 1032 38 75 or
879 1032 136 75 volcano
1038 1032 41 75 of
1098 1032 52 75 Si-

161 1079 76 75 cily.
286 1079 32 75 It
333 1079 28 75 is
378 1079 61 75 one
455 1079 39 75 of
514 1079 55 75 the
584 1079 125 75 higheft
726 1079 179 75 mountains
921 1079 40 75 of
972 1079 55 75 the
1045 1079 106 75 whole

160 1126 110 75 ifiand,
296 1126 63 75 and
374 1126 137 75 fituated
533 1126 41 75 on
591 1126 57 75 the
670 1126 119 75 eaftern
814 1126 84 75 coaft
920 1126 57 75 not
999 1126 50 75 far
1065 1126 86 75 from

161 1171 150 75 Catania.
360 1171 32 75 It
414 1171 26 75 is
467 1171 169 75 remarked
660 1171 40 75 of
718 1171 65 75 this
807 1171 176 75 mountain,
1013 1171 72 75 that
1108 1171 42 75 its

161 1218 163 75 eruptions
348 1218 110 75 ceafed
480 1218 216 75 immediately
711 1218 95 75 when
822 1218 89 75 thofe
933 1218 40 75 of
992 1218 158 75 Vefuvius

161 1265 116 75 began.
328 1265 62 75 See
401 1265 217 75 Vesuvius.

114 1311 126 75 ./Etna
255 1311 86 75 fait,
378 1311 19 75 a
418 1311 93 75 name
533 1311 77 75 ufed
633 1311 46 75 by
700 1311 86 75 fome
814 1311 132 75 authors
971 1311 52 75 for
1053 1311 98 75 faline

161 1357 189 75 fubftances,
381 1357 103 75 found
507 1357 76 75 near
606 1357 56 75 the
689 1357 139 75 opening
854 1357 41 75 of
914 1357 112 75 mount
1049 1357 104 75 ./Etna

164 1405 60 75 and
241 1405 94 75 other
347 1405 165 75 volcanos.

115 1450 334 75 AiTOLARCHA,
476 1450 34 75 in
536 1450 144 75 Grecian
707 1450 172 75 antiquity,
913 1450 56 75 the
996 1450 155 75 principal

162 1497 180 75 magillrate
358 1497 38 75 or
407 1497 159 75 governor
582 1497 39 75 of
640 1497 56 75 the
711 1497 176 75 Akolians.

117 1545 136 75 AFFA,
279 1545 19 75 a
312 1545 119 75 weight
446 1545 77 75 ufed
538 1545 43 75 on
597 1545 55 75 the
668 1545 177 75 gold-coaft
862 1545 43 75 of
921 1545 142 75 Guinea,
1087 1545 65 75 and

166 1589 92 75 equal
274 1589 35 75 to
322 1589 38 75 an
377 1589 114 75 ounce.

117 1637 241 75 AFFECTIO
376 1637 127 75 bovina,
529 1637 18 75 a
562 1637 143 75 diforder
721 1637 140 75 incident
877 1637 34 75 to
923 1637 110 75 cattle,
1058 1637 92 75 occa-

164 1683 106 75 lioned
284 1683 44 75 by
345 1683 19 75 a
378 1683 89 75 fmall
483 1683 102 75 worm
600 1683 25 75 w
625 1665 5 49 r
630 1683 77 75 hich
723 1683 68 75 eats
807 1683 42 75 its
865 1683 72 75 way
954 1683 43 75 all
1010 1683 75 75 over
1096 1683 57 75 the

165 1726 101 75 body.

119 1774 290 75 AFFECTION,
434 1774 33 75 in
484 1774 19 75 a
518 1774 127 75 general
661 1774 98 75 fehfe,
784 1774 133 75 denotes
934 1774 40 75 an
998 1774 153 75 attribute

165 1820 194 75 infeparable
373 1820 86 75 from
474 1820 42 75 its
533 1820 131 75 fubje€t,
689 1820 39 75 or
739 1820 39 75 an
794 1820 140 75 eflential
950 1820 154 75 property
1116 1820 41 75 of

164 1865 38 75 it.
250 1865 108 75 Thus,
384 1865 160 75 quantity,
569 1865 113 75 figure,
707 1865 132 75 weight,
871 1865 65 75 &c.
970 1865 54 75 are
1051 1865 98 75 affec-

162 1912 85 75 tions
264 1912 41 75 of
323 1912 42 75 all
380 1912 126 75 bodies.

118 1959 250 75 Affections
387 1959 44 75 e/"
445 1959 53 75 the
512 1959 104 75 viind.
675 1959 62 75 See
753 1959 201 75 Passions,
979 1959 64 75 and
1066 1959 83 75 Mo-

166 2006 108 75 rals.

114 2053 296 75 AFFEERERS,
436 2053 37 75 or
501 2053 242 75 Affeerors,
769 2053 31 75 in
828 2053 75 75 law,
937 2053 128 75 perfons
1094 2053 55 75 ap-

160 2098 132 75 pointed
318 2098 33 75 in
379 2098 202 75 court-leets,
611 2098 238 75 courts-baron,
882 2098 66 75 &c.
980 2098 36 75 to
1042 2098 106 75 fettle,

160 2145 85 75 upon
267 2145 89 75 oath,
382 2145 55 75 the
462 2145 76 75 fines
563 2145 35 75 to
622 2145 39 75 be
685 2145 143 75 impofed
851 2145 86 75 upon
961 2145 91 75 thofe
1074 2145 75 75 who

161 2192 79 75 have
256 2192 81 75 been
353 2192 105 75 guilty
473 2192 40 75 of
532 2192 97 75 faults
646 2192 182 75 arbitrarily
842 2192 195 75 punilhable.

114 2239 186 75 AFFERI,
325 2239 118 75 inlaw.
494 2239 62 75 See
571 2239 170 75 Averia.

113 2286 302 75 AFFETUOSO,
441 2286 38 75 or
567 2286 202 75 Affetto,
794 2286 32 75 in
839 2286 55 75 the
906 2286 116 75 Italian
1038 2286 109 75 mufic,

160 2331 174 75 intimates,
359 2331 71 75 that
446 2331 57 75 the
519 2331 73 75 part
607 2331 36 75 to
658 2331 106 75 which
786 2331 27 75 it
829 2331 26 75 is
874 2331 104 75 added
994 2331 101 75 ought
1112 2331 36 75 to

159 2378 40 75 be
215 2378 117 75 played
355 2378 32 75 in
404 2378 22 75 a
438 2378 112 75 tender
571 2378 130 75 moving
723 2378 86 75 way,
833 2378 71 75 and,
919 2378 230 75 confequehtly

160 2424 108 75 rather
284 2424 75 75 How
376 2424 78 75 than
469 2424 71 75 fall.

113 2471 255 75 AFFIANCE,
393 2471 33 75 in
448 2471 74 75 law,
547 2471 133 75 denotes
703 2471 57 75 the
782 2471 122 75 mutual
928 2471 159 75 plighting
1112 2471 40 75 of

160 2517 89 75 troth
276 2517 145 75 between
450 2517 19 75 a
490 2517 74 75 man
592 2517 62 75 and
683 2517 18 75 a
723 2517 126 75 woman
870 2517 37 75 to
934 2517 109 75 marry
1069 2517 79 75 each

160 2563 106 75 other.

113 2611 223 75 AFFICHE,
359 2611 19 75 a
392 2611 82 75 term
490 2611 78 75 ufed
583 2611 45 75 by
647 2611 56 75 the
727 2611 126 75 French
877 2611 52 75 for
944 2611 75 75 bills
1037 2611 37 75 or
1091 2611 55 75 ad-

158 2657 219 75 vertifements
410 2657 88 75 hung
525 2657 38 75 or
590 2657 108 75 parted
720 2657 42 75 up
790 2657 32 75 in
850 2657 106 75 public
980 2657 106 75 places
1111 2657 38 75 to

158 2703 93 75 make
264 2703 61 75 any
340 2703 97 75 thing,
449 2703 129 75 known.

777 2703 14 75 *

113 2750 267 75 AFFIDATIO
406 2750 136 75 domino)
551 2750 66 75 urn,
650 2750 33 75 in
708 2750 56 75 old
786 2750 194 75 law-books,
1012 2750 134 75 denotes

162 2795 36 75 an
216 2795 75 75 oath
309 2795 39 75 of
363 2795 174 75 allegiance
551 2795 97 75 taken
665 2795 43 75 by
725 2795 55 75 the
795 2795 88 75 lords
900 2795 32 75 in
944 2795 201 75 parliament.

114 2842 291 75 AFFIDATUS,
441 2842 38 75 or
510 2842 264 75 Affidiatus,
809 2842 33 75 in
871 2842 55 75 old
950 2842 194 75 law-books,

160 2888 133 75 fignifies
319 2888 18 75 a
359 2888 110 75 tenant
491 2888 45 75 by
559 2888 114 75 fealty,
698 2888 39 75 or
760 2888 65 75 one
843 2888 76 75 who
943 2888 56 75 put
1020 2888 133 75 himfeif

159 2933 101 75 under
275 2933 55 75 the
348 2933 174 75 protection
540 2933 40 75 of
589 2933 50 75 his
654 2933 86 75 lord,
758 2933 127 75 vov/ing
901 2933 102 75 fealty
1019 2933 35 75 to
1065 2933 82 75 him.

112 2982 280 75 AFFIDAVIT,
416 2982 132 75 fignifies
573 2982 40 75 an
635 2982 77 75 oath
735 2982 33 75 in
792 2982 141 75 writing,
962 2982 104 75 fworn
1087 2982 58 75 be-

1182 121 14 75 5
1257 121 19 75 )

1640 121 43 75 A
1741 121 34 75 F
1833 121 36 75 R

1248 189 69 75 fore
1334 189 86 75 fome
1436 189 112 75 perfon
1571 189 75 75 who
1669 189 27 75 is
1714 189 184 75 authorifed
1913 189 36 75 to
1971 189 75 75 take
2070 189 54 75 the
2141 189 96 75 lame.

1200 236 331 75 AFFILIATION,
1568 236 19 75 a
1610 236 82 75 term
1716 236 78 75 ufed
1817 236 44 75 by
1883 236 85 75 fome
1991 236 57 75 for
2070 236 167 75 adoption.

1249 282 61 75 See
1327 282 225 75 Adoption.

1199 329 261 75 AFFINAGE,
1486 329 19 75 a
1528 329 82 75 term
1635 329 179 75 fbmetimes
1839 329 67 75 met
1929 329 80 75 with
2032 329 33 75 in
2088 329 57 75 old
2159 329 81 75 law-

1246 378 115 75 books,
1385 378 53 75 for
1455 378 54 75 the
1526 378 133 75 refining
1674 378 41 75 of
1733 378 127 75 metals.

1198 423 243 75 AFFINITY,
1475 423 33 75 in
1534 423 94 75 Scots
1652 423 74 75 law,
1752 423 56 75 the
1832 423 186 75 connection
2043 423 127 75 formed
2195 423 46 75 by

1246 469 154 75 marriage
1417 469 138 75 betwixt
1572 469 61 75 one
1649 469 41 75 of
1709 469 56 75 the
1781 469 139 75 married
1943 469 128 75 perfons
2097 469 65 75 and
2181 469 58 75 the

1246 515 264 75 blood-relations
1527 515 40 75 of
1583 515 55 75 the
1650 515 109 75 other.
1809 515 63 75 See
1888 515 103 75 Law,
2016 515 84 75 title,
2126 515 111 75 Mar-

1250 562 133 75 riage.

1198 609 213 75 Affinity,
1437 609 26 75 is
1480 609 66 75 alfo
1561 609 79 75 ufed
1661 609 36 75 to
1720 609 118 75 denote
1863 609 195 75 conformity
2073 609 39 75 or
2128 609 110 75 agree-

1245 655 88 75 ment
1344 655 9 75 :
1379 655 97 75 Thus
1493 655 49 75 we
1554 655 66 75 fay,
1645 655 57 75 the
1718 655 123 75 affinity
1856 655 41 75 of
1906 655 185 75 languages,
2117 655 56 75 the
2189 655 48 75 af-

1246 701 89 75 finity
1352 701 41 75 of
1411 701 120 75 words,
1557 701 54 75 the
1628 701 122 75 affinity
1766 701 41 75 of
1825 701 129 75 founds,
1981 701 64 75 <bc.

1198 749 198 75 Affinity
1421 749 41 75 of
1481 749 125 75 bodies.
1657 749 63 75 See
1743 749 252 75 Chemistry,
2022 749 145 75 chapter.
2192 749 57 75 Of

1246 795 131 75 eieflive
1392 795 210 75 attradions.

1197 843 358 75 AFFIRMATION,
1580 843 34 75 in
1636 843 100 75 logic,
1761 843 56 75 the
1842 843 150 75 afferting
2013 843 56 75 the
2092 843 90 75 truth
2202 843 42 75 of

1245 887 62 75 any
1323 887 206 75 propofition.

1197 935 298 75 Affirmation,
1520 935 26 75 is
1571 935 64 75 alfo
1662 935 77 75 ufed
1764 935 52 75 for
1839 935 56 75 the
1918 935 155 75 ratifying
2098 935 37 75 or
2160 935 76 75 con-

1245 981 127 75 firming
1388 981 55 75 the
1460 981 146 75 fentence
1622 981 40 75 or
1676 981 115 75 decree
1791 963 12 49 !
1812 981 40 75 of
1871 981 85 75 fome
1973 981 134 75 inferior
2123 981 109 75 court:

1245 1029 75 75 thus
1338 1029 50 75 we
1401 1029 67 75 fay,
1494 1029 55 75 the
1564 1029 99 75 houfe
1678 1029 43 75 of
1736 1029 90 75 lords
1843 1029 146 75 affirmed
2005 1029 56 75 the
2076 1029 114 75 decree
2202 1029 42 75 of

1246 1075 55 75 the
1317 1075 283 75 lord-chancellor,
1625 1075 38 75 or
1675 1075 56 75 the
1746 1075 115 75 decree
1878 1075 40 75 of
1937 1075 56 75 the
2008 1075 89 75 lords
2117 1075 42 75 of
2175 1075 62 75 fef-

1245 1121 77 75 fion.

1197 1169 156 75 AFFIX,
1379 1169 117 75 among
1519 1169 240 75 grammarians,
1792 1169 134 75 denotes
1952 1169 96 75 much
2072 1169 57 75 the
2152 1169 86 75 fame

1247 1216 77 75 with
1341 1216 116 75 prefix.
1509 1216 61 75 See
1587 1216 162 75 Prefix.

1197 1263 269 75 AFFLATUS,
1492 1263 115 75 among
1631 1263 140 75 heathen
1794 1263 223 75 mythologifts
2042 1263 64 75 and
2130 1263 118 75 poets,-

1244 1309 133 75 denotes
1394 1309 56 75 the
1462 1309 187 75 infpiration
1665 1309 42 75 of
1724 1309 86 75 fome
1825 1309 154 75 divinity,

1198 1356 275 75 AFFORAGE,
1498 1356 32 75 in
1556 1356 55 75 the
1637 1356 126 75 French
1788 1356 148 75 cuftoms,
1963 1356 18 75 a
2005 1356 82 75 duty
2104 1356 74 75 paid
2201 1356 37 75 to

1246 1401 54 75 the
1324 1401 75 75 lord
1421 1401 41 75 of
1480 1401 19 75 a
1521 1401 133 75 diftritt,
1679 1401 51 75 for
1754 1401 177 75 permiffion
1955 1401 35 75 to
2013 1401 56 75 fell
2092 1401 82 75 wine
2198 1401 41 75 or

1245 1447 92 75 other
1353 1447 122 75 liquors
1493 1447 112 75 within
1625 1447 50 75 his
1692 1447 172 75 feigniory.
1913 1447 33 75 It
1966 1447 27 75 is
2011 1447 65 75 alfo
2091 1447 78 75 ufed
2184 1447 57 75 for

1246 1494 54 75 the
1323 1494 69 75 rate
1416 1494 38 75 or
1476 1494 87 75 price
1590 1494 41 75 of
1649 1494 171 75 provifions
1845 1494 89 75 fixed
1956 1494 44 75 by
2026 1494 55 75 the
2106 1494 129 75 provort

1246 1542 39 75 of
1303 1542 105 75 Paris,
1434 1542 38 75 or
1488 1542 42 75 by
1546 1542 56 75 the
1618 1542 147 75 (heriffk..

1198 1589 382 75 AFFORCEMENT,
1604 1589 116 75 among
1735 1589 56 75 old
1815 1589 219 75 law-writers,
2058 1589 138 75 denotes
2217 1589 20 75 a

1247 1633 130 75 fortrefs
1394 1633 38 75 or
1447 1633 89 75 place
1554 1633 41 75 of
1608 1633 155 75 ftrength.

1199 1682 466 75 AFFOR.CIAMENTUM
1698 1682 110 75 curia,
1850 1682 19 75 a
1900 1682 83 75 term
2015 1682 77 75 ufed
2119 1682 33 75 in
2180 1682 57 75 old

1246 1727 180 75 charteraly
1442 1727 53 75 for
1517 1727 55 75 the
1589 1727 199 75 fummoning
1804 1727 28 75 a.
1838 1727 91 75 court
1946 1727 31 75 in
1995 1727 40 75 an
2052 1727 183 75 extraordi-

1246 1773 79 75 nary
1335 1773 142 75 manner.

1197 1824 358 75 AFFORESTING,
1590 1824 33 75 in
1652 1824 55 75 old
1734 1824 194 75 law-books,
1969 1824 26 75 is
2024 1824 56 75 the
2104 1824 147 75 turnings

1244 1867 90 75 lands
1345 1867 70 75 into
1431 1867 19 75 a
1465 1867 97 75 foreft
1575 1867 10 75 ;
1613 1867 34 75 as
1663 1867 56 75 the
1735 1867 187 75 converting
1938 1867 19 75 a
1972 1867 97 75 foreft
2086 1867 35 75 to
2140 1867 96 75 other

1245 1914 69 75 ufes
1331 1914 29 75 is
1376 1914 103 75 called
1496 1914 246 75 dijafforefing,
1771 1914 38 75 or
1824 1914 85 75 deaf
1911 1914 147 75 orejiing.

1196 1962 203 75 AFFRAY,
1424 1962 37 75 or
1473 1962 287 75 Affrayment,
1785 1962 122 75 inlaw,
1927 1962 155 75 formerly
2093 1962 144 75 fignified

1244 2007 55 75 the
1320 2007 98 75 crime
1442 2007 41 75 of
1501 2007 189 75 affrighting
1714 2007 93 75 other
1828 2007 142 75 perfons,
1996 2007 43 75 by
2064 2007 172 75 appearing

1244 2053 31 75 in
1297 2053 131 75 unufual
1446 2053 139 75 armour,
1611 2053 201 75 brandiffiing
1828 2053 19 75 a
1862 2053 147 75 weapon,
2035 2053 65 75 <bc.
2126 2053 58 75 but
2201 2053 33 75 at

1243 2099 136 75 prefent,
1417 2099 102 75 affray
1547 2099 133 75 denotes
1705 2099 20 75 a
1752 2099 141 75 Ikirmifh
1917 2099 37 75 or
1985 2099 86 75 fight
2090 2099 144 75 between

1244 2147 68 75 two:
1326 2147 37 75 or
1379 2147 102 75 more.

1195 2195 454 75 AFFREIGHTMENT,,
1663 2195 18 75 a
1696 2195 82 75 term
1794 2195 77 75 ufed
1886 2195 35 75 in
1944 2195 86 75 fome
2051 2195 182 75 law-books

1243 2240 51 75 for
1310 2240 55 75 the
1382 2240 120 75 freight
1519 2240 40 75 of
1578 2240 19 75 a
1612 2240 79 75 ffiip.

1195 2288 155 75 AFFRI,
1376 2288 38 75 or
1428 2288 123 75 Afra,
1578 2288 19 75 a
1618 2288 83 75 term
1725 2288 66 75 met
1816 2288 79 75 with
1920 2288 31 75 in
1974 2288 57 75 old
2051 2288 181 75 law-books

1244 2335 51 75 for
1309 2335 122 75 horfes,
1456 2335 159 75 bullocks,
1641 2335 36 75 or
1703 2335 62 75 any
1786 2335 87 75 heart
1895 2335 78 75 ufed
1988 2335 32 75 in
2043 2335 194 75 ploughing,

1195 2381 307 75 AFFRONTEE,
1528 2381 32 75 in
1576 2381 163 75 heraldry,
1765 2381 39 75 an
1824 2381 193 75 appellation
2036 2381 93 75 given
2146 2381 35 75 to
2198 2381 33 75 a-

1243 2427 112 75 nimals
1370 2427 109 75 facing
1496 2427 59 75 one
1572 2427 134 75 another
1723 2427 41 75 on
1780 2427 260 75 an.efcutcheon,
2063 2427 17 75 a
2096 2427 79 75 kind
2197 2427 42 75 of

1242 2473 143 75 bearing,
1418 2473 106 75 which
1552 2473 26 75 is
1602 2473 171 75 otherwife-
1798 2473 116 75 called,
1933 2473 196 75 confrontee,
2167 2473 64 75 and

1242 2520 104 75 ftands
1363 2520 139 75 oppofed
1518 2520 35 75 to
1569 2520 133 75 adojfee.

1194 2567 261 75 AFFUIAGE,
1480 2567 32 75 in
1529 2567 125 75 ancient
1671 2567 148 75 cultoms,
1847 2567 138 75 denotes,
2003 2567 56 75 the
2082 2567 90 75 right
2192 2567 44 75 or.

1243 2613 151 75 privilege
1412 2613 40 75 of
1470 2613 235 75 cutting-wood
1721 2613 32 75 in
1771 2613 17 75 a
1805 2613 95 75 foreft
1916 2613 147 75 for.fuel.

1195 2662 311 75 AFI-LIATION,
1549 2662 65 75 See
1626 2662 283 75 Affiliation.

1195 2707 172 75 AFOBA,
1392 2707 31 75 in
1441 2707 140 75 botany,,
1598 2707 41 75 an
1655 2707 141 75 obfolete
1817 2707 92 75 name
1932 2707 41 75 of
1991 2707 55 75 the
2062 2707 175 75 phaffeolus-

1243 2752 36 75 or
1294 2752 229 75 kidney-bean.
1574 2752 61 75 See
1652 2752 242 75 Phaseolus.

1196 2800 129 75 AFRA
1333 2800 69 75 wv/'
1402 2800 22 75 j,
1448 2800 41 75 an
1501 2800 142 75 obfolete
1658 2800 92 75 name
1770 2800 40 75 of
1829 2800 56 75 the
1901 2800 180 75 meleagris,
2106 2800 38 75 or
2159 2800 68 75 tur-

1243 2846 73 75 key.
1368 2846 60 75 See
1444 2846 251 75 Meleagris.

1195 2893 122 75 Afra,
1342 2893 39 75 or
1395 2893 158 75 Afrum,
1578 2893 32 75 in
1626 2893 136 75 botany,
1782 2893 21 75 a
1826 2893 162 75 fynonime
2012 2893 40 75 of
2070 2893 18 75 a
2110 2893 117 75 fpecies

1243 2939 38 75 of
1300 2939 177 75 gnaiacitm.
1528 2939 61 75 See
1605 2939 235 75 Guaiacum.

1193 2989 194 75 AFRICA,
1424 2989 59 75 one
1507 2989 40 75 of
1566 2989 59 75 the
1645 2989 74 75 four
1748 2989 155 75 principal
1921 2989 7 75 '
1928 2989 147 75 divifiohs
2103 2989 41 75 of
2164 2989 72 75 "the;
