2428 3377
130 154 101 75 Part
252 154 69 75 VI.

678 154 41 75 A
834 154 44 75 N
994 154 41 75 A
1151 154 38 75 T

129 216 111 75 pillars
255 216 11 75 ;
292 216 80 75 with
389 216 64 75 this
481 216 171 75 difference
668 216 161 75 however,
854 216 71 75 that
941 216 25 75 it
982 216 27 75 is
1027 216 18 75 a
1061 216 102 75 conti-

131 262 132 75 nuation
279 262 40 75 of
341 262 55 75 the
412 262 121 75 fpungy
548 262 161 75 fubftance
725 262 41 75 of
786 262 54 75 the
858 262 141 75 urethra,
1025 262 62 75 and
1103 262 58 75 on-

130 309 36 75 ly
189 309 133 75 adheres
346 309 36 75 to
403 309 56 75 the
483 309 174 75 extremity
684 309 40 75 of
750 309 57 75 the
835 309 135 75 corpora
992 309 170 75 cavernofa

130 355 139 75 without
285 355 62 75 any
362 355 99 75 direft
479 355 278 75 communication.

178 402 78 75 The
274 402 100 75 figure
391 402 41 75 of
452 402 55 75 the
524 402 90 75 glans
630 402 27 75 is
683 402 69 75 that
768 402 41 75 of
827 402 19 75 a
862 402 145 75 rounded
1024 402 91 75 cone,
1141 402 20 75 a

130 445 88 75 little
230 445 162 75 flattened,
399 445 33 75 at
459 445 56 75 the
542 445 101 75 lower
669 445 83 75 part,
778 445 61 75 and
866 445 78 75 with
974 445 39 75 an
1030 445 131 75 oblique

131 493 179 75 prominent
325 493 93 75 balls,
442 493 55 75 the
513 493 248 75 circumference
777 493 41 75 of
824 493 106 75 which
941 493 27 75 is
980 493 180 75 fomething

130 540 127 75 greater
273 540 77 75 than
366 540 72 75 that
453 540 41 75 of
512 540 55 75 the
584 540 135 75 corpora
743 540 180 75 cavernofa.

177 587 76 75 The
278 587 123 75 fpungy
423 587 160 75 fubftance
610 587 41 75 of
669 587 54 75 the
740 587 89 75 glans
857 587 26 75 is
907 587 90 75 thick
1011 587 63 75 and
1090 587 71 75 uni-

132 633 84 75 form
232 633 80 75 next
327 633 56 75 the
400 633 134 75 corpora
551 633 189 75 cavernofa;
767 633 58 75 but
842 633 77 75 next
938 633 56 75 the
1017 633 143 75 urethra,

130 679 28 75 it
185 679 27 75 is
230 679 184 75 perforated
441 679 43 75 by
501 679 18 75 a
535 679 218 75 continuation
779 679 42 75 Bf
831 679 72 75 that
918 679 102 75 canal,
1045 679 61 75 and
1134 679 27 75 is

130 725 94 75 there
252 725 42 75 no
322 725 125 75 thicker
463 725 77 75 than
564 725 56 75 the
635 725 132 75 urethra
783 725 110 75 before
916 725 56 75 the
988 725 174 75 formation

132 772 41 75 of
192 772 55 75 the
256 772 104 75 glans.

179 816 183 75 Therefore
378 816 54 75 the
455 816 89 75 canal
562 816 41 75 of
613 816 55 75 the
685 816 132 75 urethra
832 816 77 75 does
927 816 56 75 cot
998 816 43 75 lie
1057 816 32 75 in
1105 816 56 75 the

132 864 120 75 taiddle
268 864 41 75 of
320 864 54 75 the
391 864 102 75 glans,
518 864 58 75 but
594 864 163 75 continues
774 864 41 75 its
832 864 100 75 direft
948 864 110 75 courfe
1074 864 87 75 thro’

132 910 56 75 the
207 910 99 75 lower
321 910 56 75 flat
401 910 62 75 fide
487 910 41 75 of
545 910 38 75 it,
610 910 43 75 all
677 910 57 75 the
758 910 73 75 way
848 910 34 75 to
901 910 54 75 the
972 910 189 75 extremity,

132 956 107 75 where
255 956 26 75 it
297 956 183 75 terminates
497 956 46 75 by
557 956 38 75 an
612 956 120 75 oblong
748 956 122 75 orifice.

179 1004 59 75 All
266 1004 55 75 the
344 1004 127 75 convex
494 1004 123 75 furface
641 1004 41 75 of
703 1004 57 75 the
776 1004 90 75 glans
882 1004 27 75 is
926 1004 137 75 covered
1081 1004 44 75 by
1141 1004 19 75 a

132 1049 62 75 fine
210 1049 115 75 villous
349 1049 181 75 fubftance;
571 1049 64 75 and
657 1049 73 75 that
753 1049 92 75 again
868 1049 45 75 by
933 1049 19 75 a
979 1049 61 75 fine
1059 1049 99 75 mem-

132 1095 109 75 brane,
267 1095 187 75 refembling
470 1095 55 75 the
538 1095 57 75 red
606 1095 70 75 part
691 1095 42 75 of
743 1095 55 75 the
810 1095 71 75 lips.
929 1095 77 75 The
1023 1095 134 75 circum-

136 1140 128 75 ference
280 1140 41 75 of
339 1140 55 75 the
410 1140 79 75 balls
513 1140 41 75 of
571 1140 56 75 the
650 1140 91 75 glans
764 1140 57 75 has
850 1140 19 75 a
891 1140 118 75 double
1036 1140 68 75 row
1126 1140 41 75 of

132 1187 89 75 fmall
239 1187 137 75 papilla:,
401 1187 105 75 which
523 1187 73 75 may
611 1187 40 75 be
667 1187 161 75 reckoned
843 1187 170 75 febaceous
1030 1187 128 75 glandsj

132 1234 85 75 from
237 1234 105 75 which
367 1234 19 75 a
408 1234 90 75 thick
514 1234 118 75 matter
647 1234 27 75 is
690 1234 200 75 difcharged.

181 1279 48 75 At
244 1279 56 75 the
311 1279 127 75 bottom
454 1279 41 75 of
508 1279 55 75 the
580 1279 106 75 cavity
702 1279 40 75 of
752 1279 55 75 the
824 1279 63 75 firft
904 1279 127 75 portion
1047 1279 41 75 of
1106 1279 55 75 the

134 1326 142 75 urethra,
302 1326 37 75 or
356 1326 70 75 that
445 1326 106 75 which
563 1326 59 75 lies
639 1326 112 75 within
767 1326 55 75 the
836 1326 165 75 proftates,
1028 1326 91 75 there
1135 1326 26 75 is

136 1373 17 75 a
171 1373 90 75 fmall
277 1373 119 75 oblong
411 1373 73 75 pval
500 1373 184 75 eminence,-
700 1373 108 75 pretty
824 1373 87 75 large
938 1373 41 75 on
1004 1373 54 75 the
1082 1373 82 75 back

135 1417 83 75 part,
243 1417 63 75 and
321 1417 205 75 terminating
540 1417 143 75 forward
703 1417 33 75 in
753 1417 19 75 a
786 1417 101 75 point,
913 1417 104 75 called
1043 1417 119 75 carun-

135 1464 76 75 cula
226 1464 39 75 or
280 1464 281 75 verumontanum.
601 1464 77 75 The
693 1464 88 75 large
797 1464 126 75 portion
940 1464 40 75 of
989 1464 26 75 it
1032 1464 26 75 is
1076 1464 86 75 com-

136 1510 110 75 monly
260 1510 184 75 perforated
459 1510 44 75 by
524 1510 67 75 two
613 1510 105 75 holes,
734 1510 178 75 fometimes
931 1510 76 75 only
1025 1510 44 75 by
1088 1510 73 75 one-,

137 1556 62 75 and
226 1556 78 75 very
326 1556 122 75 feldom
470 1556 44 75 by
530 1556 112 75 three;
669 1556 63 75 and
747 1556 87 75 thefe
850 1556 54 75 are
921 1556 54 75 the
992 1556 173 75 excretory

136 1603 122 75 orifices
284 1603 40 75 of
344 1603 55 75 the
426 1603 140 75 veliculae
593 1603 177 75 feminales.
818 1603 92 75 Each
933 1603 109 75 orifice
1063 1603 57 75 has
1145 1603 19 75 a

136 1650 90 75 fmall
252 1650 70 75 thin
349 1650 223 75 hiembranous
600 1650 129 75 border,
768 1650 104 75 which
901 1650 73 75 may
998 1650 87 75 ferve
1112 1650 52 75 for

136 1695 106 75 valves
272 1695 35 75 to
335 1695 56 75 the
419 1695 172 75 excretory
607 1695 90 75 dufts
713 1695 41 75 of
765 1695 54 75 the
836 1695 151 75 veficulje.

184 1742 54 75 On
262 1742 79 75 each
363 1742 64 75 fide
451 1742 40 75 of
514 1742 55 75 the
584 1742 88 75 lange
688 1742 127 75 portion
840 1742 40 75 of
903 1742 55 75 the
982 1742 181 75 caruncula,

136 1788 90 75 there
242 1788 54 75 are
317 1788 62 75 five
394 1788 38 75 or
448 1788 47 75 fix
510 1788 91 75 holes
618 1788 118 75 ranked
752 1788 33 75 in
810 1788 83 75 form
918 1788 41 75 of
980 1788 19 75 a
1025 1788 140 75 crefcent

136 1834 104 75 round
254 1834 42 75 its
320 1834 111 75 lateral
452 1834 110 75 parts;
588 1834 105 75 which
710 1834 53 75 are
780 1834 55 75 the
852 1834 122 75 orifices
987 1834 40 75 of
1038 1834 56 75 the
1106 1834 58 75 ex-

134 1880 130 75 cretory
274 1880 90 75 dufts
381 1880 41 75 of
428 1880 55 75 the
494 1880 154 75 proftates
664 1880 71 75 that
750 1880 90 75 come
856 1880 84 75 from
956 1880 57 75 the
1035 1880 129 75 follicu-

134 1926 25 75 li
174 1926 128 75 already
317 1926 196 75 mentioned,
538 1926 63 75 and
613 1926 58 75 run
688 1926 32 75 in
737 1926 39 75 an
792 1926 130 75 oblique
940 1926 110 75 courfe
1063 1926 33 75 to
1108 1926 56 75 the

136 1973 134 75 orifices,
296 1973 32 75 in
346 1973 19 75 a
380 1973 78 75 kind
474 1973 41 75 of
525 1973 221 75 membranous
762 1973 213 75 duplicature.

180 2019 77 75 The
273 2019 141 75 veficulas
430 2019 164 75 feminales
611 2019 54 75 are
681 2019 64 75 foft
764 2019 124 75 whitilh
906 2019 117 75 knotty
1038 2019 124 75 bodies,

133 2066 101 75 about
257 2066 92 75 three
374 2066 36 75 or
433 2066 74 75 four
531 2066 115 75 fingers
671 2066 138 75 breadth
833 2066 33 75 in
890 2066 123 75 length,
1046 2066 61 75 one
1130 2066 34 75 in

136 2111 148 75 breadth,
310 2111 62 75 and
388 2111 98 75 about
502 2111 90 75 three
609 2111 91 75 times
720 2111 34 75 as
775 2111 101 75 broad
892 2111 34 75 as
941 2111 102 75 thick,
1069 2111 94 75 fitua-

137 2158 57 75 ted
209 2158 165 75 obliquely
388 2158 145 75 between
560 2158 55 75 the
631 2158 119 75 reftum
768 2158 60 75 and
844 2158 99 75 lower
970 2158 71 75 part
1056 2158 40 75 of
1107 2158 55 75 the

139 2203 147 75 bladder,
310 2203 33 75 in
360 2203 74 75 fuch
453 2203 28 75 a'
481 2203 148 75 manner,
655 2203 33 75 as
710 2203 72 75 that
798 2203 84 75 their
897 2203 141 75 fuperior
1053 2203 109 75 extre-

137 2250 106 75 mities
260 2250 53 75 are
325 2250 32 75 at
373 2250 19 75 a
407 2250 136 75 diftance
560 2250 83 75 from
660 2250 77 75 each
754 2250 106 75 other,
884 2250 64 75 and
962 2250 85 75 their
1063 2250 99 75 lower

110 2278 18 49 N
137 2296 199 75 extremities
352 2296 111 75 united
478 2296 142 75 between
638 2296 90 75 thofe
745 2296 40 75 of
802 2296 56 75 the
879 2296 73 75 vafa
973 2296 187 75 deferentia,

138 2343 41 75 of
189 2343 107 75 which
314 2343 79 75 they
408 2343 122 75 imitate
546 2343 80 75 both
649 2343 57 75 the
729 2343 161 75 obliquity
906 2343 63 75 and
984 2343 56 75 the
1056 2343 104 75 incur-

139 2388 122 75 vation.

184 2434 100 75 They
307 2434 53 75 are
382 2434 190 75 irregularly
594 2434 104 75 round
721 2434 40 75 on
791 2434 54 75 the
871 2434 98 75 upper
992 2434 82 75 part,
1100 2434 63 75 and

137 2480 85 75 their
238 2480 134 75 breadth
389 2480 162 75 decreafes
568 2480 167 75 gradually
749 2480 85 75 from
854 2480 127 75 thence.
1029 2480 53 75 By
1106 2480 55 75 the

138 2526 97 75 union
251 2526 41 75 of
308 2526 85 75 their
414 2526 101 75 lower
529 2526 209 75 extremities,
762 2526 78 75 they
867 2526 83 75 form
978 2526 19 75 a
1022 2526 78 75 kind
1127 2526 41 75 of

138 2572 86 75 fork,
249 2572 57 75 the
331 2572 155 75 branches
509 2572 40 75 of
570 2572 105 75 which
702 2572 54 75 are
778 2572 114 75 broad,
917 2572 63 75 and
995 2572 76 75 bent
1097 2572 65 75 like

139 2619 83 75 rams
239 2619 111 75 horns.
397 2619 109 75 Thefe
530 2619 196 75 extremities
754 2619 53 75 are
831 2619 79 75 very
937 2619 137 75 narrow,
1100 2619 62 75 and

140 2665 83 75 form
241 2665 18 75 a
278 2665 88 75 fmall
392 2665 94 75 neck,
510 2665 203 75 which-runs
736 2665 119 75 behind
877 2665 56 75 the
957 2665 133 75 bladder
1109 2665 51 75 to-

139 2711 89 75 ward
242 2711 41 75 its
301 2711 120 75 orifice,
446 2711 62 75 and
524 2711 162 75 continues
702 2711 40 75 its
760 2711 109 75 courfe
885 2711 31 75 in
929 2711 55 75 the
996 2711 118 75 groove
1126 2711 41 75 of

138 2758 58 75 the
212 2758 166 75 proftates,
402 2758 140 75 through
566 2758 56 75 the
645 2758 162 75 fubftance
831 2758 41 75 of
890 2758 55 75 the
973 2758 187 75 contiguous

139 2802 127 75 portion
294 2802 41 75 of
352 2802 56 75 the
435 2802 141 75 urethra,
609 2802 51 75 till
687 2802 41 75 its
751 2802 197 75 extremities
971 2802 105 75 pierce
1105 2802 56 75 the

138 2848 169 75 caruncula
323 2848 31 75 in
371 2848 55 75 the
441 2848 130 75 manner
586 2848 129 75 already
730 2848 78 75 faid.

187 2895 76 75 The
279 2895 91 75 inner
389 2895 160 75 fubftance
573 2895 39 75 of
623 2895 55 75 the
695 2895 140 75 veficidae
853 2895 25 75 is
896 2895 132 75 plaited,
1054 2895 62 75 and
1131 2895 33 75 in

137 2942 22 75 a
173 2942 130 75 manner
319 2942 222 75 diftinguilhed
552 2942 71 75 into
638 2942 119 75 feveral
781 2942 142 75 capfuls,
949 2942 44 75 by
1017 2942 144 75 contort-

140 2989 39 75 ed
197 2989 98 75 folds.
343 2989 106 75 Their
464 2989 145 75 external
623 2989 125 75 furface
775 2989 28 75 is
827 2989 137 75 covered
986 2989 44 75 by
1058 2989 18 75 a
1099 2989 62 75 fine

184 3036 100 75 Von.
308 3036 31 75 I.
386 3036 73 75 No.
487 3036 55 75 f2.

1092 3036 18 75 3

1310 150 38 75 O
1466 150 49 75 M
1633 150 51 75 Y.

2157 150 21 75 2
2189 150 47 75 73

1211 212 195 75 membrane,
1428 212 106 75 which
1551 212 104 75 f;rves
1672 212 51 75 for
1736 212 18 75 a
1769 212 119 75 border
1903 212 62 75 and
1982 212 132 75 frasnum
2132 212 34 75 to
2182 212 56 75 the

1209 257 97 75 folds,
1332 257 63 75 and
1411 257 26 75 is
1454 257 19 75 a
1489 257 71 75 true
1573 257 218 75 continuation
1806 257 42 75 of
1858 257 55 75 the
1930 257 130 75 cellular
2077 257 160 75 fubftance

1208 303 41 75 of
1259 303 53 75 the
1329 303 220 75 peritonaeum.
1598 303 76 75 The
1692 303 139 75 veficuls
1850 303 74 75 may
1941 303 93 75 eaftly
2053 303 37 75 be
2106 303 130 75 unfold-

1207 350 52 75 ed,
1285 350 62 75 and
1371 350 43 75 all
1439 350 83 75 their
1547 350 194 75 contoifions
1766 350 224 75 ftreightened,
2015 350 64 75 and
2104 350 45 75 by
2171 350 65 75 this

1207 396 106 75 means
1326 396 77 75 they
1412 396 130 75 become
1554 396 94 75 much
1660 396 111 75 longer
1785 396 75 75 than
1872 396 31 75 in
1915 396 84 75 their
2011 396 123 75 natural
2144 396 90 75 ftate.

1254 442 103 75 Their
1373 442 88 75 inner
1476 442 122 75 furface
1614 442 27 75 is
1660 442 116 75 villous
1801 442 62 75 and
1877 442 180 75 glandular,
2081 442 62 75 and
2159 442 76 75 con-

1207 488 135 75 tinually
1358 488 152 75 furnifhes
1539 488 18 75 a
1584 488 172 75 particular
1783 488 90 75 fluid,
1899 488 106 75 which
2032 488 118 75 exalts,
2183 488 51 75 re-

1207 535 90 75 fines,
1323 535 62 75 and
1401 535 133 75 perfects
1559 535 56 75 the
1642 535 117 75 femen,
1784 535 106 75 which
1915 535 78 75 they
2019 535 104 75 recive
2150 535 86 75 from

1208 581 55 75 the
1280 581 71 75 vafa
1366 581 188 75 deferentia,
1580 581 63 75 and
1658 581 40 75 of
1709 581 105 75 which
1831 581 77 75 they
1924 581 53 75 are
1989 581 56 75 the
2062 581 173 75 refervato-

1208 627 61 75 ries
1286 627 52 75 for
1355 627 18 75 a
1389 627 118 75 certain
1525 627 89 75 time.

1254 674 77 75 The
1343 674 122 75 paflage
1476 674 42 75 of
1536 674 55 75 the
1607 674 72 75 vafa
1694 674 177 75 deferentia
1886 674 69 75 into
1970 674 56 75 the
2041 674 142 75 veficulae
2207 674 28 75 is

1208 719 78 75 very
1304 719 183 75 particular.
1535 719 32 75 It
1588 719 64 75 was
1670 719 164 75 obfffrved,
1860 719 70 75 that
1947 719 88 75 thefe
2059 719 105 75 canals
2180 719 56 75 are

1207 767 187 75 incurvated
1410 767 121 75 behind
1545 767 56 75 the
1616 767 145 75 bladder,
1787 767 62 75 and
1865 767 71 75 that
1952 767 84 75 their
2051 767 185 75 contrafted

1208 814 197 75 extremities
1422 814 87 75 unite
1526 814 32 75 at
1576 814 69 75 that
1661 814 102 75 place.
1811 814 99 75 They
1925 814 88 75 unite
2029 814 32 75 in
2074 814 39 75 an
2130 814 104 75 angle,

1207 859 62 75 and
1286 859 59 75 run
1369 859 145 75 between
1538 859 55 75 the
1619 859 186 75 contiguous
1821 859 198 75 extremities
2036 859 40 75 of
2086 859 56 75 the
2156 859 79 75 vefi-

1205 906 79 75 culae
1298 906 10 75 ;
1335 906 63 75 and
1415 906 64 75 this
1496 906 95 75 union
1609 906 26 75 is
1652 906 33 75 fo
1709 906 97 75 clofe,
1830 906 71 75 that
1917 906 56 75 the
1990 906 154 75 adhering
2160 906 76 75 por-

1207 952 83 75 tions
1307 952 83 75 feem
1408 952 34 75 to
1454 952 84 75 form
1555 952 76 75 only
1649 952 60 75 one
1725 952 120 75 middle
1857 952 134 75 feptum,
2009 952 144 75 between
2169 952 68 75 two

1206 1001 89 75 fmall
1308 1001 104 75 tubes,
1438 1001 77 75 each
1531 1001 41 75 of
1583 1001 105 75 which
1709 1001 26 75 is
1752 1001 138 75 formed,
1915 1001 106 75 partly
2036 1001 45 75 by
2096 1001 58 75 the
2176 1001 60 75 ex-

1206 1044 132 75 tremity
1354 1044 40 75 of
1412 1044 61 75 one
1490 1044 54 75 vas
1561 1044 160 75 deferens,
1746 1044 64 75 and
1836 1044 107 75 partly
1959 1044 43 75 by
2025 1044 72 75 that
2120 1044 41 75 of
2179 1044 57 75 the

1208 1092 230 75 neighbouring
1454 1092 147 75 veficula.

1252 1138 85 75 This
1356 1138 111 75 lateral
1484 1138 97 75 union
1598 1138 41 75 of
1650 1138 55 75 the
1721 1138 200 75 extremities
1946 1138 40 75 of
2004 1138 54 75 the
2075 1138 55 75 vas
2146 1138 90 75 defe-

1208 1184 82 75 rens,
1315 1184 63 75 and
1394 1184 133 75 veficula
1542 1184 156 75 feminalis
1715 1184 41 75 on
1773 1184 78 75 each
1879 1184 76 75 fide,
1980 1184 100 75 forms
2098 1184 63 75 like
2163 1184 74 75 wife

1206 1230 19 75 a
1251 1230 78 75 kind
1346 1230 40 75 of
1403 1230 85 75 fliort
1512 1230 133 75 feptum,
1671 1230 105 75 which
1799 1230 183 75 terminates
1998 1230 68 75 in,a
2081 1230 154 75 crefcent,

1207 1277 64 75 like
1288 1277 18 75 a
1321 1277 89 75 fmall
1430 1277 168 75 femilunar
1619 1277 104 75 valve,
1749 1277 62 75 and
1834 1277 54 75 the
1915 1277 177 75 extremity
2119 1277 40 75 of
2180 1277 57 75 the

1209 1323 52 75 vas
1278 1323 146 75 deferens
1441 1323 26 75 is
1485 1323 160 75 narrower
1662 1323 76 75 than
1754 1323 71 75 that
1849 1323 40 75 of
1912 1323 55 75 the
1989 1323 145 75 veficula.
2183 1323 55 75 By

1207 1371 281 75 this.mechanifm,
1514 1371 54 75 the
1584 1371 77 75 fluid
1678 1371 170 75 contained
1864 1371 32 75 in
1916 1371 78 75 each
2010 1371 55 75 vas
2086 1371 148 75 deferens

1206 1416 56 75 has
1278 1416 118 75 liberty
1411 1416 35 75 to
1463 1416 90 75 enter
1569 1416 56 75 the
1637 1416 189 75 contiguous
1838 1416 146 75 veficula,
2001 1416 59 75 but
2073 1416 70 75 that
2159 1416 77 75 con-

1207 1463 107 75 tained
1329 1463 32 75 in
1378 1463 56 75 the
1450 1463 134 75 veficula
1600 1463 115 75 cannot
1731 1463 109 75 return
1856 1463 70 75 into
1942 1463 54 75 the
2013 1463 94 75 other
2126 1463 105 75 canal.

1255 1510 201 75 Afterwards
1474 1510 55 75 the
1546 1510 65 75 two
1626 1510 89 75 fmall
1732 1510 104 75 tubes,
1861 1510 126 75 formed
2013 1510 78 75 each
2115 1510 43 75 by
2180 1510 58 75 the

1208 1556 197 75 extremities
1422 1556 41 75 of
1475 1556 53 75 the
1552 1556 56 75 vas
1632 1556 146 75 deferens
1797 1556 63 75 and
1887 1556 146 75 veficula,
2058 1556 58 75 run
2133 1556 32 75 in
2181 1556 57 75 be-

1209 1602 102 75 tween
1332 1602 56 75 the
1404 1602 77 75 bafis
1499 1602 41 75 of
1556 1602 55 75 the
1636 1602 164 75 proftates,
1826 1602 62 75 and
1909 1602 90 75 canal
2025 1602 41 75 of
2084 1602 55 75 the
2162 1602 75 75 ure-

1207 1648 74 75 thra
1294 1648 10 75 ;
1330 1648 63 75 and
1408 1648 197 75 perforating
1622 1648 55 75 the
1693 1648 78 75 fides
1794 1648 42 75 of
1846 1648 72 75 that
1941 1648 88 75 canal
2058 1648 177 75 obliquely,

1209 1695 76 75 they
1301 1695 167 75 terminate
1485 1695 32 75 in
1534 1695 55 75 the
1605 1695 182 75 caruncula.

1255 1742 76 75 The
1346 1742 97 75 infide
1467 1742 40 75 of
1525 1742 55 75 the
1608 1742 90 75 canal
1726 1742 39 75 of
1787 1742 54 75 the
1866 1742 130 75 urethra
2013 1742 26 75 is
2055 1742 87 75 lined
2156 1742 46 75 by
2216 1742 21 75 a

1209 1788 60 75 fine
1285 1788 193 75 membrane,
1504 1788 59 75 full
1595 1788 41 75 of
1657 1788 151 75 capillary
1842 1788 247 75 blood-vefiels;
2115 1788 64 75 and
2193 1788 44 75 its

1209 1835 120 75 furface
1345 1835 27 75 is
1389 1835 184 75 perforated
1589 1835 42 75 by
1649 1835 19 75 a
1684 1835 90 75 great
1791 1835 131 75 number
1938 1835 41 75 of
1998 1835 119 75 oblong
2145 1835 91 75 holes

1210 1880 36 75 or
1262 1880 88 75 fmall
1377 1880 119 75 lacunas
1512 1880 41 75 of
1571 1880 151 75 different
1738 1880 91 75 fizes,
1855 1880 56 75 the
1926 1880 113 75 largeft
2055 1880 89 75 lying
2161 1880 76 75 near

1210 1927 54 75 the
1281 1927 103 75 glans.

1254 1975 110 75 Thefe
1378 1975 132 75 lacuna:,
1535 1975 38 75 or
1600 1975 124 75 orifices
1749 1975 40 75 of
1811 1975 56 75 the
1890 1975 173 75 excretory
2087 1975 90 75 dufts
2200 1975 42 75 of

1209 2021 54 75 the
1280 2021 84 75 fame
1380 2021 133 75 number
1529 2021 41 75 of
1586 2021 90 75 fmall
1693 2021 124 75 glands,
1845 2021 52 75 are
1914 2021 158 75 difperfed
2095 2021 141 75 through

1209 2067 54 75 the
1279 2067 159 75 fubftance
1455 2067 40 75 of
1507 2067 54 75 the
1578 2067 143 75 urethra.
1769 2067 125 75 Which
1912 2067 90 75 dufts
2016 2067 57 75 run
2086 2067 51 75 for
2149 2067 86 75 fome

1208 2114 71 75 way
1294 2114 33 75 in
1343 2114 55 75 the
1414 2114 122 75 fpungy
1562 2114 173 75 fubftance,
1760 2114 96 75 along
1883 2114 54 75 the
1961 2114 125 75 convex
2109 2114 63 75 fide
2198 2114 43 75 of

1208 2160 55 75 the
1278 2160 136 75 internal
1429 2160 181 75 membrane
1623 2160 40 75 of
1669 2160 56 75 the
1740 2160 142 75 urethra,
1908 2160 62 75 and
1989 2160 80 75 open
2087 2160 147 75 oblique-

1207 2206 35 75 ly
1258 2206 85 75 from
1370 2206 132 75 behind,
1528 2206 140 75 forward
1695 2206 68 75 into
1790 2206 55 75 the
1872 2206 91 75 great
1989 2206 103 75 canal.
2155 2206 80 75 The

1207 2253 95 75 edges
1319 2253 41 75 of
1370 2253 55 75 the
1440 2253 119 75 lacunae
1582 2253 54 75 are
1652 2253 179 75 femilunar,
1856 2253 37 75 or
1909 2253 64 75 like
1989 2253 19 75 a
2023 2253 154 75 crefcent.

1254 2299 33 75 A
1303 2299 84 75 little
1415 2299 71 75 way
1510 2299 85 75 from
1612 2299 54 75 the
1682 2299 169 75 beginning
1877 2299 41 75 of
1941 2299 55 75 the
2012 2299 133 75 cellular
2161 2299 71 75 fub-

1207 2344 102 75 ftance
1337 2344 40 75 of
1394 2344 55 75 the
1476 2344 142 75 urethra,
1645 2344 49 75 we
1718 2344 83 75 meet
1830 2344 78 75 with
1925 2344 66 75 two
2007 2344 118 75 lacunae
2143 2344 89 75 more

1208 2390 212 75 confiderable
1440 2390 76 75 than
1534 2390 54 75 the
1605 2390 71 75 reft,
1694 2390 63 75 and
1773 2390 83 75 their
1870 2390 89 75 dufte
1976 2390 54 75 are
2048 2390 77 75 very
2140 2390 90 75 long,

1208 2439 107 75 Thefe
1338 2439 120 75 lacunae
1473 2439 65 75 and
1553 2439 90 75 dufts
1659 2439 72 75 lead
1759 2439 35 75 to
1818 2439 65 75 two
1911 2439 166 75 glandular
2105 2439 125 75 bodies,

1207 2484 134 75 fituated
1355 2484 42 75 on
1414 2484 56 75 the
1486 2484 66 75 two
1568 2484 124 75 convex
1719 2484 78 75 fides
1815 2484 41 75 of
1866 2484 54 75 the
1933 2484 123 75 fpungy
2071 2484 162 75 Jubftance

1207 2529 40 75 of
1258 2529 55 75 the
1329 2529 130 75 urethra
1475 2529 73 75 near
1563 2529 56 75 the
1635 2529 90 75 bulb.
1774 2529 90 75 Each
1876 2529 39 75 of
1922 2529 89 75 them
2022 2529 27 75 is
2062 2529 97 75 about
2172 2529 60 75 the

1206 2577 63 75 fize
1295 2577 41 75 of
1353 2577 20 75 a
1395 2577 230 75 cherry-ftone,
1656 2577 57 75 but
1741 2577 78 75 they
1845 2577 53 75 are
1925 2577 120 75 oblong
2072 2577 62 75 and
2159 2577 70 75 flat,

1207 2621 61 75 and
1284 2621 135 75 covered
1441 2621 128 75 intirely
1584 2621 44 75 by
1644 2621 55 75 the
1722 2621 132 75 mufcles
1868 2621 102 75 called
1985 2621 243 75 acctlenxtoret.

1205 2669 108 75 Thefe
1340 2669 66 75 two
1433 2669 110 75 bodies
1570 2669 54 75 are
1643 2669 190 75 -commonly
1849 2669 103 75 called
1968 2669 153 75 projiatae
2141 2669 88 75 infe-

1206 2715 71 75 rior
1279 2715 42 75 es.

1251 2762 76 75 The
1343 2762 108 75 cavity
1472 2762 40 75 of
1534 2762 54 75 the
1610 2762 131 75 urethra
1756 2762 167 75 refembles
1941 2762 110 75 nearly
2066 2762 71 75 that
2160 2762 40 75 of
2210 2762 20 75 a

1205 2807 86 75 fmall
1309 2807 125 75 writing
1450 2807 73 75 pen.
1571 2807 32 75 It
1620 2807 25 75 is
1663 2807 56 75 not
1735 2807 96 75 every
1843 2807 106 75 where
1965 2807 115 75 round,
2098 2807 62 75 and
2176 2807 51 75 to-

1205 2855 104 75 wards
1325 2855 55 75 the
1396 2855 96 75 gland
1503 2855 144 75 becomes
1665 2855 134 75 broader
1815 2855 62 75 and
1892 2855 106 75 flatter
2014 2855 40 75 on
2072 2855 59 75 one
2151 2855 75 75 fide,

1205 2900 165 75 efpecially
1386 2900 31 75 in
1437 2900 54 75 the
1507 2900 95 75 gland
1615 2900 99 75 itfelf,
1741 2900 106 75 where
1864 2900 90 75 there
1973 2900 27 75 is
2017 2900 19 75 a
2046 2900 78 75 kind
2140 2900 39 75 of
2190 2900 36 75 o-

1205 2948 49 75 val
1272 2948 37 75 or
1325 2948 159 75 navicular
1501 2948 122 75 foffula.

1250 2996 84 75 This
1351 2996 89 75 canal
1462 2996 182 75 terminates
1663 2996 32 75 at
1722 2996 55 75 the
1800 2996 176 75 extremity
2000 2996 43 75 of
2065 2996 54 75 the
2136 2996 91 75 glans

1699 3044 15 75 3
1744 3044 26 75 Z

2136 3044 21 75 °
2185 3044 44 75 by
