2406 3327
516 111 42 75 A
636 111 39 75 G
754 111 37 75 R
868 111 17 75 I
965 111 35 75 C
1080 110 43 75 U

470 238 65 75 Of
535 220 11 49 4
554 238 167 75 Sowing.

126 318 65 75 As,
209 318 32 75 in
253 318 56 75 the
324 318 136 75 praftice
476 318 41 75 of
526 318 56 75 the
598 318 72 75 new
684 318 192 75 hufoandry,
894 318 104 75 plants
1015 318 91 75 grow

78 363 78 75 with
184 363 126 75 greater
327 363 113 75 vigour
468 363 78 75 than
574 363 44 75 by
646 363 55 75 the
717 363 55 75 old
789 363 144 75 method,
959 363 56 75 the
1031 363 76 75 land

76 408 112 75 fhould
203 408 38 75 be
258 408 107 75 fowed
382 408 140 75 thinner.
570 408 33 75 It
618 408 27 75 is
662 408 63 75 this
742 408 154 75 principle
913 408 40 75 of
967 408 55 75 the
1034 408 71 75 new

74 455 182 75 hufbaodry
271 455 72 75 that
367 455 58 75 has
454 455 78 75 been
549 455 116 75 chiefly
682 455 145 75 objected
845 455 57 75 to;
928 455 64 75 for,
1018 455 86 75 upon

74 501 168 75 obferving
259 501 55 75 the
330 501 76 75 land
422 501 208 75 occupied.by
647 501 19 75 a
681 501 88 75 fmall
786 501 132 75 number
933 501 41 75 of
983 501 118 75 plants,

73 548 113 75 people
203 548 53 75 are
273 548 53 75 apt
346 548 35 75 to
396 548 77 75 look
488 548 86 75 upon
595 548 42 75 all
657 548 56 75 the
729 548 115 75 vacant
867 548 92 75 fpace
979 548 34 75 as
1029 548 72 75 loft.

73 593 68 75 But
153 593 63 75 this
233 593 162 75 prejudice
411 593 67 75 will
493 593 77 75 foon
586 593 39 75 be
641 593 162 75 removed,
828 593 92 75 when
936 593 26 75 it
980 593 28 75 is
1025 593 75 75 con-

74 639 134 75 fidered,
234 639 83 75 that,
343 639 32 75 in
391 639 56 75 the
463 639 66 75 belt
545 639 76 75 land
644 639 172 75 cultivated
831 639 33 75 in
880 639 56 75 the
952 639 147 75 common

71 685 145 75 method,
242 685 63 75 and
319 685 87 75 fown
429 685 78 75 very
530 685 102 75 thick,
658 685 78 75 each
760 685 73 75 feed
859 685 154 75 produces
1041 685 64 75 but.

71 732 62 75 one
156 732 37 75 or
220 732 66 75 two
308 732 91 75 ears;
426 732 83 75 that,
534 732 33 75 in
592 732 55 75 the
663 732 83 75 fame
762 732 76 75 land
853 732 86 75 fown
955 732 140 75 thinner,

70 777 98 75 every
187 777 73 75 feed
274 777 155 75 produces
443 777 65 75 two
524 777 37 75 or
576 777 91 75 three
683 777 92 75 ears;
802 777 64 75 and
880 777 71 75 that
967 777 20 75 a
1000 777 97 75 fingle

69 824 73 75 feed
155 824 180 75 fometimes
352 824 156 75 produces
524 824 147 75 eighteen
691 824 37 75 or
747 824 123 75 twenty
885 824 84 75 ears.

117 870 39 75 In
192 870 56 75 the
274 870 146 75 common
452 870 145 75 method,
631 870 33 75 as
693 870 92 75 there
809 870 53 75 are
886 870 96 75 many
1006 870 90 75 more

68 917 103 75 plants
189 917 77 75 than
282 917 57 75 can
363 917 67 75 find
444 917 154 75 fuflicient
614 917 225 75 nourilhment,
866 917 62 75 and
952 917 33 75 as
1013 917 27 75 it
1068 917 26 75 is

68 962 171 75 impoflible
254 962 36 75 to
307 962 74 75 aflift
398 962 88 75 them
514 962 43 75 by
581 962 130 75 hoeing,
736 962 147 75 numbers
908 962 52 75 die
983 962 111 75 before

69 1008 80 75 they
165 1008 101 75 attain
282 1008 166 75 maturity,
472 1008 56 75 the
545 1008 133 75 greateft
695 1008 72 75 part
785 1008 119 75 remain
919 1008 99 75 fickly
1034 1008 63 75 and

65 1055 179 75 drooping;
263 1055 62 75 and
341 1055 73 75 thus
431 1055 71 75 part
515 1055 39 75 of
565 1055 54 75 the
632 1055 72 75 feed
719 1055 26 75 is
757 1055 70 75 loft.
876 1055 55 75 On
947 1055 54 75 the
1018 1055 70 75 con-

66 1101 101 75 trary,
193 1101 32 75 in
242 1101 56 75 the
315 1101 70 75 new
407 1101 144 75 method,
577 1101 43 75 all
648 1101 55 75 the
719 1101 103 75 plants
839 1101 80 75 have
936 1101 35 75 as
997 1101 96 75 much

66 1148 80 75 food
161 1148 39 75 as-
212 1148 78 75 they
316 1148 148 75 require;
492 1148 62 75 and
582 1148 33 75 as
643 1148 78 75 they
748 1148 66 75 are,
839 1148 84 75 from
952 1148 78 75 time
1057 1148 35 75 to

67 1193 89 75 time,
181 1193 117 75 kffifted
317 1193 44 75 by
378 1193 129 75 hoeing,
532 1193 79 75 they
634 1193 130 75 become
788 1193 34 75 fo
839 1193 150 75 vigorous
1006 1193 33 75 as
1057 1193 34 75 to

65 1239 95 75 equal
176 1239 32 75 in
225 1239 86 75 their
327 1239 185 75 production
525 1239 54 75 the
592 1239 182 75 numerous,
804 1239 57 75 but
873 1239 98 75 fickly
986 1239 105 75 plants

65 1286 176 75 cultivated
256 1286 33 75 in
305 1286 55 75 the
376 1286 147 75 common
539 1286 144 75 method.

463 1406 58 75 Gf
540 1406 155 75 Hoeing.

107 1482 86 75 The
226 1482 72 75 new
326 1482 180 75 hulbandry
533 1482 27 75 is
589 1482 176 75 abfolutely
796 1482 231 75 impracticable
1054 1482 33 75 in

62 1527 89 75 lands
169 1527 71 75 that
255 1527 53 75 are
328 1527 57 75 not
400 1527 95 75 eafily
511 1527 174 75 ploughed.
733 1527 206 75 Attempting
960 1527 34 75 to
1019 1527 67 75 cul-

61 1574 98 75 tivate
175 1574 76 75 land
273 1574 170 75 according
465 1574 36 75 to
513 1574 64 75 this
589 1574 192 75 hulbandry,
806 1574 137 75 without
960 1574 124 75 attend-

59 1619 55 75 ing
129 1619 35 75 to
181 1619 63 75 this
258 1619 237 75 circumftance,
519 1619 71 75 that
604 1619 27 75 it
647 1619 26 75 is
691 1619 188 75 practicable
895 1619 32 75 in
944 1619 41 75 no
997 1619 87 75 land,

60 1665 170 75 excepting
253 1665 77 75 fuch
355 1665 32 75 as
414 1665 83 75 have
520 1665 131 75 already
666 1665 80 75 been
761 1665 140 75 brought
917 1665 68 75 into
999 1665 86 75 good

60 1710 73 75 tilth
150 1710 43 75 by
209 1710 56 75 the
281 1710 56 75 old
352 1710 145 75 method,
516 1710 62 75 lias
605 1710 84 75 gone
703 1710 50 75 far
777 1710 35 75 to
836 1710 92 75 make
954 1710 26 75 it
1008 1710 75 75 con-

59 1756 166 75 temptible
244 1756 32 75 in
293 1756 94 75 many
402 1756 117 75 places.

106 1802 109 75 When
233 1802 19 75 a
268 1802 74 75 field
365 1802 25 75 is
407 1802 32 75 in
457 1802 86 75 good
569 1802 87 75 tilth,
682 1802 26 75 it
735 1802 111 75 Ihould
873 1802 39 75 be
936 1802 86 75 fown
1035 1802 46 75 .fo

58 1848 69 75 thin
145 1848 32 75 as
196 1848 33 75 to
244 1848 88 75 leave
355 1848 154 75 fuffieient
526 1848 90 75 room
643 1848 53 75 for
711 1848 56 75 the
788 1848 104 75 plants
909 1848 35 75 to
960 1848 122 75 extend

56 1893 84 75 their
163 1893 101 75 roots.
312 1893 99 75 After
426 1893 95 75 being
537 1893 71 75 well
625 1893 161 75 ploughed
809 1893 63 75 and
897 1893 180 75 harrowed,

55 1940 25 75 it
97 1940 79 75 muft
196 1940 38 75 be
250 1940 130 75 divided
395 1940 68 75 into
480 1940 95 75 rows,
593 1940 32 75 at
636 1940 56 75 the
708 1940 136 75 diftance
856 1940 40 75 of
909 1940 43 75 30
968 1940 109 75 inches

52 1986 84 75 from
152 1986 61 75 one
240 1986 145 75 another.
435 1986 54 75 On
505 1986 56 75 the
577 1986 79 75 fides
673 1986 40 75 of
730 1986 78 75 each
824 1986 41 75 <Jf
875 1986 87 75 thefe
977 1986 97 75 rows,

52 2031 65 75 two
134 2031 83 75 rows
234 2031 40 75 of
285 2031 104 75 wheat
406 2031 79 75 muft
501 2031 42 75 be
557 2031 106 75 fowgd
674 2031 47 75 fix
736 2031 107 75 inches
856 2031 114 75 diftant
985 2031 84 75 from

52 2077 78 75 each
141 2077 107 75 other.
296 2077 53 75 By
364 2077 64 75 this
452 2077 107 75 means
582 2077 92 75 there
689 2077 66 75 will
771 2077 40 75 be
828 2077 38 75 an
888 2077 135 75 interval
1039 2077 42 75 of

51 2123 65 75 two
131 2123 68 75 feet
215 2123 83 75 wide
314 2123 137 75 betwixt
475 2123 68 75 the*
555 2123 96 75 rows,
678 2123 62 75 and
767 2123 96 75 every
890 2123 88 75 plant
1006 2123 66 75 will

49 2170 81 75 have
147 2170 90 75 room
254 2170 126 75 enough
398 2170 34 75 to
449 2170 119 75 extend
584 2170 41 75 its
642 2170 102 75 roots,
770 2170 62 75 and
860 2170 34 75 to
918 2170 112 75 fupply
1046 2170 26 75 it

49 2215 79 75 with
145 2215 90 75 food.
282 2215 77 75 The
375 2215 149 75 intervals
550 2215 65 75 will
638 2215 138 75 likewife
792 2215 40 75 be
847 2215 155 75 fufficient
1018 2215 53 75 for

48 2262 149 75 allowing
212 2262 56 75 the
290 2262 91 75 earth
398 2262 35 75 to
450 2262 40 75 be
505 2262 86 75 hoed
607 2262 37 75 or
666 2262 93 75 tilled
777 2262 137 75 without
930 2262 139 75 injuring

48 2307 55 75 the
119 2307 102 75 plants
238 2307 33 75 in
291 2307 55 75 the
363 2307 96 75 rows;

92 2354 78 75 The
189 2354 64 75 firft
276 2354 128 75 hoeing,
430 2354 105 75 which
562 2354 112 75 Ihould
695 2354 41 75 be
760 2354 92 75 given
874 2354 112 75 before
1013 2354 55 75 the

46 2399 124 75 winter,
196 2399 27 75 is
239 2399 152 75 intended
415 2399 34 75 to
476 2399 92 75 drain
584 2399 92 75 away
690 2399 56 75 the
762 2399 76 75 wet,
862 2399 64 75 and
952 2399 35 75 to
1003 2399 62 75 dif-

45 2446 73 75 pofe
135 2446 54 75 the
202 2446 92 75 earth
306 2446 35 75 to
357 2446 40 75 be
413 2446 169 75 mellowed
596 2446 44 75 by
656 2446 55 75 the
727 2446 105 75 frofts.
879 2446 109 75 Thefe
999 2446 66 75 two

44 2492 77 75 ends
139 2492 66 75 will
221 2492 39 75 be
277 2492 161 75 anfwered
454 2492 42 75 by
511 2492 143 75 drawing
677 2492 65 75 two
761 2492 89 75 fmall
877 2492 138 75 furrows
1032 2492 33 75 at

43 2537 19 75 a
76 2537 84 75 little
176 2537 135 75 diftance
335 2537 83 75 from
435 2537 54 75 the
505 2537 96 75 rows,
627 2537 62 75 and
704 2537 161 75 throwing
887 2537 54 75 the
970 2537 91 75 earth

42 2585 94 75 taken
147 2585 85 75 from
248 2585 56 75 the
320 2585 136 75 furrows
481 2585 69 75 into
561 2585 56 75 the
632 2585 120 75 middle
768 2585 39 75 of
824 2585 57 75 the
897 2585 165 75 intervals.

41 2630 84 75 Tiiis
149 2630 64 75 firft
229 2630 117 75 hoeing
361 2630 112 75 ftiould
497 2630 39 75 be
546 2630 103 75 .given
673 2630 92 75 when
787 2630 57 75 the
865 2630 105 75 wheat
987 2630 25 75 is
1030 2630 32 75 in

40 2676 76 75 leaf.

85 2723 76 75 The
180 2723 116 75 fecond
314 2723 129 75 hoeing,
467 2723 106 75 which
600 2723 27 75 is
655 2723 150 75 intended
828 2723 35 75 to
889 2723 93 75 make
1006 2723 55 75 the

39 2768 102 75 plants
158 2768 131 75 branch,
307 2768 117 75 .ftiould
444 2768 41 75 be
508 2768 92 75 given
625 2768 84 75 after
730 2768 54 75 die
801 2768 81 75 hard
898 2768 93 75 frofts
1008 2768 54 75 are

39 2813 89 75 over.
175 2813 56 75 To
255 2813 43 75 do
323 2813 63 75 this
414 2813 79 75 with
520 2813 187 75 advantage,
744 2813 83 75 after
854 2813 124 75 furring
1006 2813 55 75 the

37 2859 90 75 earth
144 2859 19 75 a
175 2859 96 75 little,
288 2859 75 75 near
378 2859 54 75 the
445 2859 96 75 rows,
559 2859 53 75 the
628 2859 92 75 earth
735 2859 105 75 which
856 2859 64 75 was
932 2859 128 75 thrown

37 2905 31 75 in
89 2905 55 75 the
159 2905 119 75 middle
295 2905 39 75 of
346 2905 53 75 the
415 2905 150 75 intervals
589 2905 113 75 ftiould
719 2905 40 75 be
775 2905 116 75 turned
907 2905 81 75 back
1009 2905 49 75 in-

35 2951 35 75 to
86 2951 55 75 the
152 2951 148 75 furrows.
332 2951 87 75 This
435 2951 102 75 earth,
549 2951 118 75 having
678 2951 81 75 been
769 2951 168 75 mellowed
949 2951 43 75 by
1003 2951 55 75 the

82 2998 96 75 Vol.
195 2998 30 75 I.
250 2998 71 75 No.
344 2998 33 75 3.

942 2998 17 75 3

1203 109 34 75 L
1313 109 40 75 T
1430 109 67 75 IT
1551 109 38 75 R
1665 109 46 75 E.

2133 109 26 75 6
2159 141 26 49 9

1158 171 125 75 winter,
1301 171 135 75 fupplies
1449 171 56 75 the
1516 171 104 75 plants
1632 171 79 75 with
1725 171 158 75 excellent
1895 171 90 75 food,
2003 171 62 75 and
2076 171 108 75 makes

1158 219 53 75 the
1228 219 89 75 roots
1334 219 133 75 extend.

1203 265 76 75 The
1294 265 90 75 third
1398 265 130 75 hoeing,
1552 265 106 75 which
1674 265 26 75 is
1718 265 151 75 intended
1885 265 35 75 to
1935 265 176 75 invigorate
2126 265 56 75 the

1156 310 91 75 ftalk,
1272 310 111 75 ftiould
1398 310 40 75 be
1453 310 94 75 given
1571 310 93 75 when
1692 310 55 75 the
1769 310 69 75 ears
1862 310 41 75 of
1921 310 57 75 the
1994 310 75 75 corn
2087 310 95 75 begin

1153 357 35 75 to
1200 357 83 75 ftiew
1298 357 200 75 themfelves.
1530 357 86 75 This
1632 357 119 75 hoeing
1768 357 84 75 may,
1870 357 161 75 however,
2049 357 41 75 be
2100 357 80 75 very

1153 403 107 75 flight.

1199 449 65 75 But
1282 449 56 75 the
1353 449 56 75 laft
1425 449 116 75 hoeing
1565 449 26 75 is
1617 449 39 75 of
1676 449 55 75 the
1750 449 136 75 greateft
1906 449 212 75 importance,
2144 449 34 75 as

1150 495 26 75 it
1192 495 143 75 enlarges
1351 495 55 75 the
1421 495 102 75 grain,
1549 495 63 75 and
1627 495 108 75 makes
1753 495 54 75 the
1823 495 70 75 ears
1910 495 45 75 fill
1973 495 33 75 at
2018 495 85 75 their
2118 495 57 75 ex-

1151 542 166 75 tremities.
1364 542 84 75 This
1460 542 118 75 hoeing
1593 542 110 75 ihould
1719 542 40 75 be
1771 542 92 75 given
1877 542 92 75 when
1986 542 55 75 the
2065 542 108 75 wheat

1149 587 26 75 is
1192 587 33 75 in
1240 587 109 75 bloom
1363 587 9 75 ;
1399 587 20 75 a
1437 587 121 75 furrow
1575 587 79 75 muft
1670 587 39 75 be
1725 587 111 75 drawn
1860 587 33 75 in
1916 587 54 75 the
1991 587 120 75 middle
2138 587 42 75 of

1149 634 55 75 the
1219 634 146 75 interval,
1388 634 65 75 and
1468 634 56 75 the
1540 634 90 75 earth
1647 634 127 75 thrown
1797 634 36 75 to
1855 634 55 75 the
1926 634 86 75 right
2028 634 62 75 and
2113 634 62 75 left

1149 680 42 75 on
1208 680 55 75 the
1279 680 70 75 foot
1376 680 40 75 of
1438 680 56 75 the
1522 680 118 75 plants.
1687 680 85 75 This
1800 680 145 75 fupports
1972 680 55 75 the
2052 680 118 75 plants,

1147 726 146 75 prevents
1317 726 87 75 them
1419 726 85 75 from
1522 726 93 75 being
1630 726 77 75 laid,
1733 726 62 75 and
1811 726 146 75 prepares
1975 726 55 75 the
2046 726 126 75 ground

1147 772 52 75 for
1214 772 56 75 the
1288 772 78 75 next
1381 772 131 75 fowing,
1537 772 33 75 as
1595 772 54 75 the
1662 772 73 75 feed
1749 772 26 75 is
1796 772 76 75 then
1889 772 34 75 to
1940 772 39 75 be
1995 772 57 75 put
2067 772 32 75 in
2116 772 55 75 the

1145 820 119 75 middle
1280 820 40 75 of
1331 820 54 75 the
1402 820 125 75 ground
1542 820 69 75 that
1627 820 125 75 formed
1766 820 55 75 the
1837 820 163 75 intervals.

1192 866 53 75 By
1260 866 63 75 this
1340 866 161 75 fucceilive
1518 866 120 75 tillage,
1663 866 38 75 or
1721 866 129 75 hoeing,
1875 866 87 75 good
1985 866 93 75 crops
2100 866 70 75 will

1145 911 39 75 be
1200 911 163 75 obtained,
1389 911 153 75 provided
1558 911 55 75 the
1633 911 140 75 weather
1788 911 28 75 is
1833 911 56 75 not
1910 911 76 75 very
1998 911 170 75 unfavour-

1143 958 85 75 able.

1188 1004 66 75 But
1278 1004 33 75 as
1329 1004 117 75 ftrong,
1471 1004 148 75 vigorous
1636 1004 102 75 plants
1759 1004 53 75 are
1827 1004 111 75 longer
1961 1004 109 75 before
2087 1004 78 75 they

1140 1051 103 75 arrive
1260 1051 32 75 at
1309 1051 165 75 maturity,
1498 1051 77 75 corn
1602 1051 101 75 railed
1724 1051 34 75 in
1780 1051 55 75 the
1861 1051 71 75 new
1954 1051 71 75 way
2041 1051 27 75 is
2083 1051 83 75 later

1140 1096 32 75 in
1189 1096 143 75 ripening
1357 1096 77 75 than
1462 1096 62 75 any
1540 1096 106 75 other,
1671 1096 64 75 and
1750 1096 81 75 muft
1846 1096 162 75 therefore
2025 1096 38 75 be
2078 1096 87 75 fown

1137 1143 127 75 earlier.

1186 1189 36 75 In
1239 1189 96 75 order
1361 1189 35 75 to
1420 1189 131 75 prepare
1576 1189 55 75 the
1654 1189 151 75 intervals
1833 1189 51 75 for
1910 1189 120 75 fowing
2057 1189 104 75 again,

1137 1237 84 75 fome
1238 1237 199 75 v/ell-rotted
1454 1237 87 75 dung
1568 1237 72 75 may
1657 1237 39 75 be
1711 1237 66 75 laid
1792 1237 32 75 in
1847 1237 57 75 the
1925 1237 80 75 deep
2021 1237 138 75 furrows

1136 1282 92 75 made
1244 1282 32 75 in
1293 1282 55 75 the
1364 1282 120 75 middle
1500 1282 41 75 of
1552 1282 55 75 the
1629 1282 170 75 intervals;
1826 1282 64 75 and
1906 1282 63 75 this
1981 1282 87 75 dung
2080 1282 80 75 muft

1135 1329 41 75 be
1192 1329 137 75 covered
1344 1329 79 75 with
1442 1329 56 75 the
1513 1329 92 75 earth
1633 1329 70 75 that
1731 1329 64 75 was
1823 1329 111 75 before
1957 1329 127 75 thrown
2109 1329 49 75 to-

1136 1375 102 75 wards
1255 1375 55 75 the
1327 1375 83 75 rows
1423 1375 41 75 of
1473 1375 117 75 wheat.
1640 1375 77 75 But,
1743 1375 31 75 if
1784 1375 55 75 the
1855 1375 73 75 land
1946 1375 77 75 does
2039 1375 57 75 not
2108 1375 49 75 re-

1135 1421 91 75 quire
1253 1421 162 75 mending,
1441 1421 55 75 the
1530 1421 81 75 deep
1640 1421 120 75 furrow
1776 1421 25 75 is
1818 1421 88 75 filled
1932 1421 136 75 without
2096 1421 62 75 any

1132 1466 100 75 dung.
1280 1466 85 75 This
1378 1466 164 75 operation
1558 1466 111 75 fhould
1684 1466 40 75 be
1741 1466 182 75 performed
1938 1466 218 75 immediately

1135 1513 82 75 after
1232 1513 135 75 harveft,
1392 1513 70 75 that
1478 1513 92 75 there
1586 1513 74 75 may
1676 1513 39 75 be
1731 1513 77 75 time
1824 1513 37 75 to
1875 1513 72 75 give
1963 1513 56 75 the
2042 1513 76 75 land
2134 1513 19 75 a

1133 1560 94 75 flight
1245 1560 125 75 ftirring
1385 1560 110 75 before
1512 1560 55 75 the
1586 1560 81 75 rows
1692 1560 53 75 are
1768 1560 129 75 fowed;
1923 1560 104 75 which
2043 1560 111 75 fliould

1133 1606 124 75 occupy
1273 1606 55 75 the
1350 1606 120 75 middle
1486 1606 41 75 of
1544 1606 55 75 the
1614 1606 90 75 fpace
1721 1606 104 75 which
1843 1606 127 75 formed
1984 1606 56 75 the
2055 1606 98 75 inter-

1133 1652 65 75 vals
1215 1652 117 75 during
1348 1652 55 75 the
1422 1652 57 75 laft
1496 1652 88 75 crop.
1633 1652 76 75 The
1737 1652 150 75 intervals
1904 1652 41 75 of
1967 1652 54 75 the
2038 1652 115 75 fecond

1131 1699 75 75 year
1228 1699 74 75 take
1326 1699 42 75 up
1392 1699 55 75 the
1462 1699 91 75 fpace
1569 1699 154 75 occupied
1745 1699 43 75 by
1812 1699 55 75 the
1892 1699 120 75 ftubble
2034 1699 41 75 of
2096 1699 56 75 the

1128 1744 77 75 firft.

1177 1793 174 75 Suppofing
1372 1793 86 75 dung
1482 1793 36 75 to
1546 1793 38 75 be
1612 1793 170 75 neceflary,
1807 1793 105 75 which
1928 1793 27 75 is
1972 1793 114 75 denied
2106 1793 44 75 by

1127 1837 107 75 many,
1260 1837 19 75 a
1294 1837 77 75 very
1387 1837 88 75 fmail
1493 1837 148 75 quantity
1655 1837 26 75 is
1698 1837 177 75 fufficient;
1901 1837 19 75 a
1935 1837 95 75 fingle
2047 1837 99 75 layer,

1128 1884 56 75 put
1200 1884 33 75 in
1249 1884 55 75 the
1321 1884 125 75 bottom
1463 1884 40 75 of
1513 1884 78 75 each
1608 1884 132 75 furrow,
1766 1884 65 75 will
1848 1884 40 75 be
1907 1884 138 75 enough.

1123 1994 199 75 Summary
1350 1994 47 75 cf
1410 1994 65 75 the
1494 1994 227 75 Operations
1740 1994 179 75 necejfary
1946 1994 41 75 in
2015 1994 129 75 execu-

1181 2051 157 75 tingthe
1346 2051 101 75 New
1460 2051 236 75 Husbandry
1720 2051 99 75 with
1839 2051 67 75 tlx
1922 2051 163 75 Plough.
2110 2051 6 75 -

1174 2128 29 75 r.
1228 2128 44 75 It
1297 2128 27 75 is
1349 2128 220 75 indifpenfibly
1595 2128 159 75 neceftary
1769 2128 70 75 that
1866 2128 55 75 the
1955 2128 118 75 farmer
2098 2128 40 75 be

1119 2174 156 75 provided
1290 2174 78 75 with
1385 2174 19 75 a
1418 2174 76 75 drill
1510 2174 63 75 and
1588 2174 210 75 hoe-plough.

1167 2223 33 75 2.
1224 2223 77 75 The
1317 2223 71 75 new
1403 2223 179 75 hufbandry
1597 2223 73 75 may
1693 2223 38 75 be
1749 2223 102 75 begun
1869 2223 102 75 either
1986 2223 79 75 with
2082 2223 55 75 the

1117 2267 112 75 winter
1244 2267 38 75 or
1297 2267 105 75 fpring
1413 2267 90 75 corn.

1167 2313 32 75 3.
1223 2313 77 75 Tire
1328 2313 76 75 land
1419 2313 79 75 muft
1514 2313 40 75 be
1570 2313 155 75 prepared
1740 2313 43 75 by
1799 2313 72 75 four
1887 2313 86 75 good
1999 2313 135 75 plough-

1115 2359 81 75 ings,
1221 2359 93 75 given
1330 2359 32 75 at
1379 2359 149 75 different
1545 2359 104 75 times,
1675 2359 84 75 from
1779 2359 55 75 the
1850 2359 169 75 beginning
2035 2359 39 75 of
2084 2359 49 75 A-

1113 2404 62 75 pril
1192 2404 35 75 to
1243 2404 55 75 the
1316 2404 120 75 middle
1448 2404 40 75 of
1500 2404 200 75 September.

1161 2451 34 75 4.
1219 2451 107 75 Thefe
1346 2451 188 75 ploughings
1550 2451 79 75 muft
1649 2451 39 75 be
1704 2451 83 75 done
1802 2451 33 75 in
1851 2451 62 75 dry
1928 2451 151 75 weather,
2097 2451 35 75 to

1111 2497 132 75 prevent
1258 2497 56 75 the
1329 2497 89 75 earth
1434 2497 84 75 from
1533 2497 169 75 kneading.

1160 2543 33 75 5.
1217 2543 76 75 The
1310 2543 75 75 land
1400 2543 79 75 muft
1494 2543 39 75 be
1547 2543 168 75 harrowed
1730 2543 32 75 in
1779 2543 55 75 the
1852 2543 83 75 fame
1952 2543 128 75 manner
2096 2543 33 75 as

1110 2589 31 75 if
1152 2589 26 75 it
1194 2589 83 75 were
1293 2589 106 75 fowed
1415 2589 31 75 in
1469 2589 54 75 the
1540 2589 145 75 common
1701 2589 83 75 way.

1159 2638 34 75 6.
1217 2638 77 75 The
1311 2638 82 75 rows
1410 2638 40 75 of
1460 2638 105 75 wheat
1580 2638 112 75 fhould
1714 2638 39 75 be
1769 2638 105 75 fowed
1889 2638 78 75 very
1982 2638 144 75 ftraight.

1159 2682 33 75 7.
1217 2682 111 75 When
1347 2682 55 75 the
1425 2682 76 75 field
1527 2682 26 75 is
1577 2682 56 75 not
1660 2682 78 75 very
1752 2682 101 75 large,
1879 2682 17 75 a
1912 2682 62 75 line
1991 2682 78 75 muft
2087 2682 39 75 be

1109 2729 136 75 ftrained
1261 2729 102 75 acrofs
1388 2729 37 75 it,
1451 2729 44 75 by
1512 2729 105 75 which
1640 2729 18 75 a
1677 2729 51 75 rill
1745 2729 73 75 may
1833 2729 39 75 be
1888 2729 109 75 traced
2012 2729 78 75 with
2106 2729 18 75 a

1109 2774 61 75 hoe
1186 2774 51 75 for
1254 2774 54 75 the
1324 2774 92 75 horfe
1431 2774 71 75 that
1521 2774 104 75 draws
1652 2774 55 75 the
1734 2774 75 75 drill
1835 2774 36 75 to
1897 2774 42 75 go
1965 2774 54 75 in;
2046 2774 76 75 and,

1109 2820 91 75 when
1213 2820 53 75 the
1278 2820 81 75 rows
1375 2820 53 75 are
1444 2820 98 75 fown,
1567 2820 72 75 fifty
1655 2820 107 75 inches
1774 2820 78 75 muft
1865 2820 38 75 be
1915 2820 60 75 left
1987 2820 137 75 betwixt

1107 2867 78 75 each
1201 2867 65 75 rill.
1312 2867 79 75 But,
1416 2867 93 75 when
1536 2867 55 75 the
1618 2867 75 75 field
1717 2867 27 75 is
1771 2867 100 75 large,
1895 2867 101 75 flakes
2014 2867 32 75 at
2062 2867 61 75 fiye

1106 2913 65 75 feet
1186 2913 136 75 diftance
1338 2913 85 75 from
1441 2913 78 75 each
1533 2913 106 75 other,
1664 2913 79 75 muft
1758 2913 39 75 be
1814 2913 111 75 placed
1941 2913 32 75 at
1984 2913 54 75 the
2055 2913 66 75 two

1106 2960 89 75 ends.
1243 2960 76 75 The
1337 2960 162 75 workman
1527 2960 78 75 muft
1632 2960 76 75 then
1728 2960 86 75 trace
1838 2960 19 75 a
1883 2960 89 75 fmall
1987 2960 132 75 furrow,

1640 3011 21 75 S

2040 3011 78 75 with
