2483 3387
611 192 39 75 A
728 192 37 75 R
842 192 18 75 I
936 192 51 75 r
1055 192 42 75 H

131 273 18 75 2
168 273 39 75 or
228 273 32 75 5,
286 273 38 75 or
340 273 57 75 the
421 273 135 75 produft
578 273 43 75 of
639 273 87 75 fome
750 273 42 75 of
810 273 84 75 their
922 273 137 75 powers.
1110 273 62 75 See

130 317 107 75 Chap.
257 317 84 75 XII.
368 317 62 75 and
446 317 204 75 Algebra,
676 317 107 75 Chap.
800 317 68 75 III.

176 363 77 75 The
275 363 124 75 powers
424 363 42 75 of
484 363 148 75 numbers
661 363 53 75 are
739 363 179 75 fometimes
943 363 166 75 exprefled
1126 363 43 75 by

130 410 119 75 indices
272 410 38 75 or
334 410 179 75 exponents
536 410 113 75 placed
671 410 34 75 at
725 410 56 75 the
806 410 128 75 corners
952 410 40 75 of
1003 410 56 75 the
1075 410 91 75 num-

128 456 87 75 bers.
263 456 109 75 Thus,
400 456 18 75 2
418 438 18 49 2
455 456 134 75 fignifies
606 456 56 75 the
678 456 116 75 fecond
809 456 109 75 power
934 456 41 75 of
987 456 33 75 2^
1045 456 62 75 and
1126 456 18 75 5
1144 438 20 49 3

129 504 134 75 fignifies
280 504 56 75 the
353 504 89 75 third
453 504 110 75 power
578 504 41 75 of
632 504 38 75 5;
689 504 62 75 and
769 504 41 75 10
810 486 16 49 4
841 504 132 75 fignifies
987 504 55 75 the
1053 504 110 75 fourth

127 550 109 75 power
251 550 42 75 of
307 550 54 75 10,
380 550 65 75 &c.
481 550 78 75 The
578 550 101 75 index
694 550 42 75 of
746 550 56 75 the
819 550 73 75 root
915 550 38 75 or
968 550 65 75 firlt
1055 550 110 75 power

127 597 25 75 is
169 597 122 75 feldom
307 597 179 75 exprefled.

175 644 78 75 Any
269 644 109 75 power
394 644 41 75 of
447 644 19 75 2
484 644 181 75 multiplied
681 644 69 75 into
766 644 56 75 the
853 644 66 75 like
949 644 109 75 power
1081 644 42 75 of
1144 644 18 75 5

128 690 86 75 gives
232 690 19 75 a
269 690 134 75 product
419 690 96 75 equal
532 690 36 75 to
584 690 56 75 the
656 690 83 75 fame
755 690 109 75 power
891 690 41 75 of
954 690 63 75 10;
1045 690 33 75 as
1106 690 56 75 ap-

128 737 91 75 pears
236 737 86 75 from
338 737 57 75 the
415 737 166 75 following
597 737 158 75 fpecimen
779 737 39 75 of
838 737 54 75 the
916 737 125 75 powers
1065 737 40 75 of
1128 737 34 75 2,

132 785 31 75 5,
188 785 62 75 and
272 785 54 75 10.

146 1003 17 75 2
163 985 19 49 4
190 1003 36 75 —
262 1003 41 75 l6

144 1047 19 75 2
163 1029 17 49 s
189 1047 37 75 =
261 1047 41 75 32

146 1095 82 75 2®—
259 1095 45 75 64

145 1143 18 75 2
163 1125 19 49 7
193 1143 36 75 =
240 1143 63 75 I28

192 1190 63 75 6-c.

333 871 79 75 r=
515 871 18 75 s

332 916 16 75 5
348 898 18 49 2
366 916 46 75 =

332 962 16 75 S
348 944 19 49 3
367 962 45 75 =
468 962 64 75 12*

331 1009 80 75 5*—
465 1009 66 75 62*

331 1046 16 75 *
347 1028 18 49 !
365 1046 46 75 =
443 1046 88 75 3125

331 1090 80 75 *®=
423 1090 109 75 1562*

330 1140 17 75 *
347 1122 19 49 7
375 1140 36 75 =
420 1140 112 75 78i2*

378 1186 65 75 &c.

608 859 17 75 2
637 859 30 75 X
773 859 61 75 y=
847 859 40 75 10
887 841 17 49 1
918 859 36 75 =

606 908 21 75 4
638 908 28 75 X
744 908 143 75 2*=I0
887 890 15 49 2
916 908 37 75 =

607 952 19 75 8
638 952 29 75 X
725 952 107 75 12*=
845 952 40 75 10
885 934 17 49 3
917 952 36 75 =:

587 999 40 75 16
637 999 29 75 X
720 999 167 75 62*=io
887 981 17 49 4
918 999 36 75 =

586 1046 80 75 32X
699 1046 133 75 3125=:
848 1046 40 75 10
888 1028 16 49 s
919 1046 36 75 =

585 1093 44 75 64
638 1093 29 75 X
678 1093 154 75 1*625=
847 1093 41 75 10
888 1075 18 49 6
919 1093 36 75 =
987 1093 160 75 100000b

565 1141 268 75 128X7812*=
846 1141 41 75 to
887 1123 16 49 7
917 1141 36 75 =
964 1141 183 75 IOOOOOOO

1083 908 64 75 100

1058 955 89 75 1000

1035 1001 112 75 10000

1011 1048 136 75 100000

170 1258 77 75 The
263 1258 134 75 produfl:
414 1258 40 75 of
464 1258 66 75 two
546 1258 150 75 different
713 1258 124 75 powers
854 1258 41 75 of
907 1258 18 75 2
946 1258 61 75 and
1028 1258 33 75 5,
1086 1258 27 75 is
1126 1258 37 75 e-

126 1305 127 75 qual.to
271 1305 55 75 the
343 1305 134 75 product
493 1305 70 75 that
580 1305 66 75 will
673 1305 79 75 arife
777 1305 44 75 by
847 1305 112 75 raifing
983 1305 40 75 10
1048 1305 35 75 to
1106 1305 57 75 the

128 1352 109 75 power
252 1352 141 75 denoted
408 1352 45 75 by
465 1352 55 75 the
537 1352 90 75 lefler
643 1352 94 75 given
754 1352 112 75 index,
885 1352 62 75 and
963 1352 77 75 then
1054 1352 109 75 multi-

128 1399 110 75 plying
255 1399 66 75 this
334 1399 108 75 power
453 1399 41 75 of
510 1399 40 75 10
563 1399 69 75 into
645 1399 72 75 that
729 1399 107 75 power
850 1399 40 75 of
901 1399 55 75 the
967 1399 94 75 other
1071 1399 92 75 num-

127 1445 56 75 ber
200 1445 106 75 which
323 1445 27 75 is
366 1445 142 75 denoted
523 1445 43 75 by
582 1445 57 75 the
655 1445 174 75 difference
850 1445 40 75 of
909 1445 56 75 the
989 1445 66 75 two
1072 1445 93 75 given

127 1491 192 75 exponents.
367 1491 110 75 Thus,

176 1556 18 75 2
194 1538 21 49 <s
215 1556 68 75 X5
283 1538 20 49 ,
303 1556 139 75 =64X
453 1556 42 75 25
505 1556 37 75 =
554 1556 41 75 IO
595 1538 16 49 ,
625 1556 59 75 X2
684 1538 20 49 4
715 1556 36 75 =
765 1556 103 75 100X
883 1556 40 75 16
932 1556 37 75 =
981 1556 89 75 1600

178 1603 36 75 2*
231 1603 29 75 X
271 1603 38 75 *®
316 1603 37 75 =
361 1603 21 75 4
393 1603 30 75 X
438 1603 109 75 i*625
556 1603 37 75 =
604 1603 43 75 io
647 1585 17 49 2
677 1603 57 75 X*
734 1585 19 49 4
763 1603 37 75 =
811 1603 182 75 100X625
1002 1603 37 75 =
1046 1603 117 75 62500

175 1660 98 75 From
290 1660 89 75 thefe
398 1660 142 75 remarks
557 1660 27 75 it
610 1660 28 75 is
661 1660 73 75 eafy
756 1660 36 75 to
818 1660 158 75 perceive,
1001 1660 70 75 that
1090 1660 18 75 2
1126 1660 38 75 or

131 1705 31 75 5,
188 1705 38 75 or
252 1705 62 75 any
337 1705 41 75 of
397 1705 85 75 their
496 1705 137 75 powers,
658 1705 38 75 or
712 1705 135 75 product
862 1705 41 75 of
925 1705 84 75 their
1024 1705 137 75 powers,

126 1751 67 75 will
225 1751 142 75 meafure
403 1751 42 75 10
469 1751 37 75 or
530 1751 41 75 its
596 1751 137 75 powers,
758 1751 70 75 v/z.
860 1751 78 75 100,
968 1751 101 75 1000,
1095 1751 65 75 &c.

127 1798 39 75 or
188 1798 86 75 their
305 1798 174 75 multiples,
503 1798 76 75 fuch
607 1798 48 75 as,
682 1798 58 75 20,
768 1798 80 75 200,
874 1798 106 75 2000,
1005 1798 66 75 <&c.
1104 1798 56 75 30,

131 1847 80 75 300,
238 1847 105 75 3000,
369 1847 88 75 lire.;
485 1847 63 75 and
571 1847 78 75 fuch
673 1847 98 75 every
800 1847 184 75 numerator
1015 1847 147 75 becomes

128 1892 42 75 by
185 1892 118 75 having
318 1892 125 75 ciphers
468 1892 168 75 annexed;
678 1892 64 75 and
766 1892 162 75 therefore
954 1892 18 75 2
997 1892 39 75 or
1064 1892 34 75 5,
1123 1892 38 75 or

125 1938 85 75 their
225 1938 137 75 powers,
388 1938 38 75 or
441 1938 135 75 produdt
598 1938 42 75 of
658 1938 83 75 their
764 1938 136 75 powers,
926 1938 76 75 ufed
1018 1938 34 75 as
1069 1938 18 75 a
1103 1938 57 75 de-

126 1985 190 75 nominator,
341 1985 67 75 will
424 1985 112 75 divide"
547 1985 63 75 any
624 1985 186 75 numerator
833 1985 79 75 with
936 1985 18 75 a
978 1985 183 75 competent

125 2032 133 75 number
274 2032 41 75 of
326 2032 123 75 ciphers
467 2032 159 75 annexed,
667 2032 64 75 and
757 2032 90 75 leave
879 2032 42 75 no
954 2032 179 75 remainder
1147 2032 10 75 ;

126 2078 62 75 and
217 2078 231 75 confequently
470 2078 55 75 the
548 2078 138 75 decimal
711 2078 114 75 thence
850 2078 153 75 refulting
1029 2078 67 75 will
1121 2078 40 75 be

125 2125 101 75 finite.

173 2170 38 75 If
221 2170 56 75 the
293 2170 184 75 numerator
492 2170 41 75 of
542 2170 57 75 the
615 2170 112 75 vulgar
743 2170 133 75 fraftion
900 2170 41 75 be
968 2170 104 75 unity,
1098 2170 63 75 and

125 2217 56 75 the
197 2217 227 75 denominator
448 2217 62 75 any
526 2217 97 75 Angle
642 2217 109 75 power
766 2217 41 75 of
827 2217 18 75 2
871 2217 38 75 or
928 2217 32 75 5,
986 2217 91 75 there
1093 2217 67 75 will

125 2265 40 75 be
185 2265 33 75 as
239 2265 97 75 many
357 2265 135 75 decimal
509 2265 105 75 places
630 2265 33 75 in
681 2265 56 75 the
753 2265 81 75 quot
848 2265 34 75 as
900 2265 90 75 there
1003 2265 54 75 are
1072 2265 86 75 units

126 2312 32 75 in
174 2312 57 75 the
254 2312 98 75 index
369 2312 42 75 of
422 2312 55 75 the
492 2312 95 75 given
603 2312 121 75 power.
782 2312 110 75 Thus,
923 2312 39 75 i6
971 2312 36 75 =
1014 2312 18 75 2
1032 2294 20 49 4
1070 2312 89 75 gives

123 2358 20 75 a
166 2358 137 75 decimal
325 2358 41 75 of
383 2358 75 75 four
480 2358 117 75 places,
623 2358 70 75 viz.
718 2358 51 75 tV-
769 2340 47 49 =:
830 2358 102 75 *0625
946 2358 10 75 ;
989 2358 75 75 and,
1093 2358 63 75 125

121 2404 38 75 =
168 2404 17 75 *
185 2386 20 49 3
231 2404 90 75 gives
338 2404 18 75 a
379 2404 136 75 decimal
525 2404 41 75 of
577 2404 90 75 three
682 2404 118 75 places,
825 2404 71 75 viz.
921 2436 24 49 x
945 2404 26 75 -r
971 2436 23 49 T
994 2404 147 75 =.oo8.

170 2451 112 75 When
310 2451 57 75 the
395 2451 222 75 denominator
632 2451 27 75 is
676 2451 56 75 the
749 2451 134 75 product
899 2451 41 75 of
950 2451 66 75 like
1033 2451 124 75 powers

123 2498 41 75 of
176 2498 18 75 2
214 2498 63 75 and
295 2498 17 75 5
327 2498 11 75 ;
364 2498 32 75 in
413 2498 64 75 this
505 2498 93 75 cafe,,
615 2498 76 75 fuch
707 2498 19 75 a
741 2498 135 75 produft
900 2498 94 75 being
1011 2498 95 75 equal
1124 2498 35 75 to

121 2545 56 75 the
194 2545 67 75 like
280 2545 66 75 pov,
355 2545 35 75 er
417 2545 41 75 of
477 2545 54 75 10,
556 2545 63 75 and
634 2545 64 75 any
713 2545 109 75 power
838 2545 41 75 of
895 2545 40 75 10
952 2545 94 75 being
1062 2545 94 75 equal

120 2591 36 75 to
177 2591 31 75 1,
237 2591 79 75 with
334 2591 32 75 as
384 2591 96 75 many
496 2591 123 75 ciphers
633 2591 147 75 annexed
796 2591 33 75 as
848 2591 89 75 there
954 2591 53 75 are
1025 2591 83 75 units
1125 2591 32 75 in

120 2639 55 75 the
191 2639 113 75 index,
322 2639 25 75 it
364 2639 140 75 follows,
524 2639 71 75 that
611 2639 91 75 there
718 2639 66 75 will
799 2639 62 75 ftill
878 2639 40 75 be
935 2639 33 75 as
986 2639 95 75 many
1097 2639 57 75 de-

120 2685 94 75 cimal
231 2685 107 75 places
354 2685 33 75 in
404 2685 56 75 the
477 2685 81 75 quot
576 2685 32 75 as
625 2685 92 75 there
733 2685 54 75 are
802 2685 85 75 units
905 2685 32 75 in
963 2685 56 75 the
1042 2685 112 75 index,

120 2732 102 75 either
238 2732 41 75 of
299 2732 34 75 2,
358 2732 41 75 of
423 2732 33 75 5,
482 2732 37 75 or
548 2732 54 75 10.
649 2732 109 75 Thus,
783 2732 20 75 8
824 2732 29 75 X
876 2732 61 75 125
956 2732 36 75 =
1010 2732 17 75 2
1027 2714 19 49 3
1068 2732 29 75 X
1117 2732 15 75 *
1132 2714 21 49 3

124 2780 81 75 =io
205 2762 16 49 3
221 2780 146 75 =iooo,
403 2780 89 75 gives
524 2780 19 75 a
569 2780 135 75 decimal
735 2780 40 75 of
800 2780 90 75 three
926 2780 118 75 places,
1085 2780 70 75 viz.

124 2835 6 75 '
130 2835 87 75 TSotS
228 2835 36 75 —
277 2835 93 75 .OOI.

167 2872 110 75 When
303 2872 56 75 the
387 2872 221 75 denominator
639 2872 28 75 is
694 2872 57 75 the
783 2872 134 75 product
948 2872 40 75 of
1006 2872 151 75 different

119 2918 123 75 powers
267 2918 40 75 of
327 2918 19 75 2
371 2918 38 75 or
433 2918 33 75 y,
490 2918 67 75 find
583 2918 87 75 what
699 2918 108 75 power
836 2918 40 75 of
899 2918 54 75 10,
979 2918 62 75 and
1067 2918 89 75 what

118 2965 110 75 power
245 2965 40 75 of
297 2965 19 75 2
334 2965 38 75 or
391 2965 33 75 5,
450 2965 84 75 upon
562 2965 96 75 being
685 2965 193 75 multiplied,
912 2965 65 75 will
1001 2965 73 75 give
1099 2965 56 75 the

119 3010 83 75 fame
219 3010 147 75 produfl,
399 3010 34 75 as
451 3010 26 75 is
493 3010 115 75 taught
625 3010 120 75 above;
789 3010 62 75 and
867 3010 55 75 the
938 3010 66 75 fum
1033 3010 41 75 of
1100 3010 56 75 the

118 3058 133 75 indices'
272 3058 98 75 (hews
402 3058 56 75 the
490 3058 133 75 number
657 3058 40 75 of
723 3058 135 75 decimal
890 3058 104 75 places
1014 3058 11 75 ;
1068 3058 86 75 thus,

166 3105 98 75 Vol.
290 3105 32 75 I.
369 3105 73 75 No.
473 3105 54 75 17.

1094 3105 24 75 3

1175 191 47 75 M

1530 187 15 75 I

1743 185 45 75 K,

2179 194 79 75 397

1342 243 10 49 2
1364 261 36 75 =
1411 261 42 75 io
1453 243 16 49 2
1485 261 58 75 X2
1543 243 19 49 4
1562 261 21 75 ;
1611 261 63 75 and
1690 261 55 75 the
1763 261 65 75 fum
1848 261 47 75 .of
1914 261 55 75 the
1989 261 136 75 indices,
2153 261 106 75 2+4

1221 308 36 75 =
1269 308 33 75 6,
1328 308 87 75 gives
1433 308 54 75 the
1504 308 132 75 number
1661 308 41 75 of
1722 308 135 75 decimal
1881 308 118 75 places,
2025 308 70 75 viz.
2120 308 95 75 -rvav
2225 308 35 75 —

1224 356 164 75 .000625.

1268 401 89 75 And,
1383 401 32 75 in
1448 401 140 75 general,
1623 401 35 75 to
1690 401 65 75 find
1784 401 87 75 what
1899 401 132 75 number
2056 401 40 75 of
2122 401 138 75 decimal

1218 448 106 75 places
1341 448 62 75 any
1420 448 75 75 fuch
1513 448 113 75 vulgar
1641 448 139 75 fraflion
1801 448 65 75 will
1882 448 85 75 give,
1993 448 108 75 divide
2118 448 54 75 the
2200 448 40 75 de
2240 430 16 49 1

1217 494 179 75 nominator
1411 494 46 75 by
1477 494 35 75 2,
1532 494 32 75 5,
1583 494 38 75 or
1642 494 53 75 10,
1713 494 50 75 till
1781 494 55 75 the
1852 494 58 75 lafl:
1929 494 147 75 quotient
2089 494 38 75 be
2146 494 29 75 i,
2193 494 64 75 and

1217 541 54 75 the
1303 541 179 75 remainder
1508 541 45 75 o;
1592 541 63 75 and
1678 541 55 75 the
1761 541 133 75 number
1926 541 41 75 of
1994 541 83 75 divii'
2077 541 51 75 ors
2156 541 99 75 (hews

1215 589 57 75 the
1287 589 133 75 number
1440 589 41 75 of
1501 589 137 75 decimal
1657 589 120 75 places.
1825 589 110 75 Thus,
1959 589 49 75 -s*^
2029 589 89 75 gives
2135 589 18 75 a
2168 589 87 75 d.eci-

1767 636 119 75 2)2)2)

1215 681 64 75 mal
1295 681 40 75 of
1346 681 72 75 four
1437 681 125 75 places;
1588 681 52 75 for
1662 681 265 75 2)16(8(4(2(1.
1976 681 78 75 And
2165 681 89 75 gives

1959 748 10 75 ,
2006 748 77 75 s)s)

1215 775 18 75 a
1259 775 137 75 decimal
1419 775 41 75 of
1479 775 91 75 three
1594 775 134 75 places;
1765 775 52 75 for
1844 775 272 75 5)125(25(5(1.
2175 775 79 75 And

1215 831 97 75 TtRrtr

1455 813 19 49 a
1505 831 136 75 decimal
1668 831 41 75 of
1732 831 92 75 three
1853 831 130 75 places;
2019 831 51 75 for
2099 831 155 75 io)xooo

1268 869 121 75 10)10)

1216 916 206 75 (100(10(1.
1469 916 78 75 And
1565 916 97 75 -rg-Vs-
1684 916 88 75 gives
1789 916 20 75 a
1823 916 137 75 decimal
1982 916 43 75 of
2047 916 48 75 fix
2114 916 110 75 places
2240 916 10 75 ;

1467 962 57 75 10)
1552 962 37 75 2)
1617 962 121 75 2)2)2)

1215 1007 51 75 for
1287 1007 488 75 10)1600(160(16(8(4(2(1.

1261 1054 37 75 If
1308 1054 55 75 the
1380 1054 223 75 denominator
1622 1054 39 75 of
1685 1054 17 75 a
1719 1054 112 75 vulgar
1857 1054 133 75 fraflion
2015 1054 40 75 be
2079 1054 126 75 neither
2230 1054 18 75 2

1215 1100 58 75 nor
1303 1100 32 75 5,
1361 1100 59 75 nor
1443 1100 63 75 any
1529 1100 41 75 of
1589 1100 85 75 their
1697 1100 139 75 powers,
1861 1100 59 75 nor
1948 1100 134 75 produfl
2109 1100 39 75 of
2168 1100 84 75 their

1213 1147 138 75 powers,
1374 1147 77 75 fuch
1477 1147 19 75 a
1519 1147 223 75 denominator
1765 1147 67 75 Will
1856 1147 57 75 not
1936 1147 107 75 divide
2068 1147 56 75 the
2141 1147 110 75 nume-

1214 1193 87 75 rator
1323 1193 79 75 with
1426 1193 147 75 annexed
1597 1193 126 75 ciphers
1748 1193 138 75 without
1914 1193 19 75 a
1960 1193 202 75 remainder;
2187 1193 65 75 and

1214 1240 55 75 the
1285 1240 138 75 decimal
1439 1240 115 75 thence
1570 1240 151 75 refulting
1738 1240 25 75 is
1787 1240 105 75 called
1918 1240 139 75 infinite,
2083 1240 37 75 or
2146 1240 105 75 inter-

1214 1288 136 75 minute.

1261 1335 52 75 Of
1338 1335 122 75 infinite
1489 1335 38 75 or
1558 1335 202 75 interminate
1784 1335 165 75 decimals,
1981 1335 92 75 there
2105 1335 54 75 are
2183 1335 66 75 two

1211 1381 95 75 forts.
1356 1381 65 75 For
1445 1381 87 75 fome
1549 1381 177 75 conftantly
1743 1381 108 75 repeat
1867 1381 56 75 the
1939 1381 83 75 fame
2040 1381 120 75 figure;
2188 1381 63 75 and

1213 1428 53 75 are
1282 1428 103 75 called
1402 1428 171 75 repeating
1588 1428 167 75 decimals,
1782 1428 177 75 repeaters,
1984 1428 39 75 or
2026 1428 112 75 fingle
2158 1428 90 75 repe-

1212 1475 106 75 tends.
1366 1475 124 75 Others
1519 1475 109 75 repeat
1645 1475 18 75 a
1678 1475 97 75 circle
1799 1475 41 75 of
1857 1475 117 75 figures
1990 1475 10 75 ;
2028 1475 62 75 and
2113 1475 43 75 on
2179 1475 72 75 that

1212 1521 135 75 account
1369 1521 55 75 are
1445 1521 105 75 called
1574 1521 200 75 circulating
1799 1521 166 75 decimals,
2000 1521 188 75 circulates,
2213 1521 38 75 or

1217 1568 174 75 compound
1407 1568 178 75 repetends.

1258 1615 153 75 Examp.
1430 1615 66 75 III.
1533 1615 136 75 Reduce
1726 1615 35 75 to
1778 1615 19 75 a
1812 1615 151 75 decimal.

1257 1662 90 75 Here
1374 1662 56 75 the
1453 1662 178 75 remainder
1658 1662 94 75 being
1779 1662 61 75 ftill
1863 1662 56 75 the
1939 1662 97 75 fame,
2088 1662 159 75 3)l-o(..3’

1211 1707 69 75 viz.
1304 1707 29 75 1,
1360 1707 55 75 the
1432 1707 83 75 fame
1532 1707 98 75 figure
1648 1707 65 75 will
1730 1707 178 75 conftanfly
1930 1707 40 75 be
1988 1707 65 75 re-.
2169 1707 21 75 9

1210 1755 113 75 peated
1339 1755 33 75 in
1389 1755 56 75 the
1461 1755 94 75 quot.

2139 1813 60 75 U)

1257 1849 181 75 Repeating
1455 1849 152 75 decimals
1625 1849 53 75 are
1695 1849 40 75 of
1750 1849 65 75 two
1832 1849 112 75 kinds:
1972 1849 71 75 viz.
2067 1849 87 75 fome
2171 1849 77 75 con-

1210 1895 48 75 fid
1274 1895 77 75 only
1374 1895 41 75 of
1435 1895 54 75 the
1515 1895 163 75 repeating
1694 1895 130 75 figures,
1849 1895 78 75 fuch
1952 1895 33 75 as
2009 1895 56 75 the
2082 1895 166 75 examples

1208 1942 121 75 above;
1357 1942 62 75 and
1434 1942 89 75 thefe
1539 1942 54 75 are
1610 1942 103 75 called
1724 1942 86 75 pure
1826 1942 185 75 repeaters;
2038 1942 109 75 others
2164 1942 83 75 have

1206 1988 60 75 one
1283 1988 37 75 or
1337 1988 88 75 more
1440 1988 98 75 digits
1555 1988 37 75 or
1609 1988 126 75 ciphers
1750 1988 140 75 betwixt
1913 1988 55 75 the
1991 1988 138 75 decimal
2157 1988 90 75 point

1208 2034 62 75 and
1287 2034 54 75 the
1358 2034 163 75 repeating
1537 2034 122 75 figure;
1687 2034 62 75 and
1766 2034 87 75 thefe
1879 2034 53 75 are
1957 2034 101 75 called
2086 2034 82 75 mixt
2193 2034 52 75 re-

1202 2082 129 75 peaters
1345 2082 15 75 ;
1386 2082 63 75 and
1464 2082 56 75 the
1537 2082 97 75 digits
1648 2082 41 75 or
1704 2082 124 75 ciphers
1846 2082 41 75 on
1911 2082 55 75 the
1983 2082 59 75 left
2058 2082 41 75 of
2120 2082 56 75 the
2194 2082 50 75 re-

1207 2128 128 75 peating
1351 2128 116 75 figures
1493 2128 53 75 are
1568 2128 105 75 called
1694 2128 55 75 the
1767 2128 103 75 finite
1886 2128 83 75 part
1993 2128 41 75 of
2055 2128 76 75 fuch
2159 2128 87 75 deci-

1208 2174 91 75 mals.

1255 2222 85 75 Pure
1356 2222 161 75 repeaters
1543 2222 74 75 take
1645 2222 84 75 their
1756 2222 59 75 rife
1843 2222 84 75 from
1954 2222 114 75 vulgar
2093 2222 153 75 fraflions

1207 2268 105 75 whofe
1329 2268 221 75 denominator
1565 2268 27 75 is
1612 2268 33 75 3,
1670 2268 38 75 or
1724 2268 42 75 its
1784 2268 145 75 multiple
1947 2268 44 75 9;
2018 2268 62 75 and
2108 2268 54 75 are
2182 2268 62 75 but

1207 2314 62 75 few
1286 2314 31 75 in
1335 2314 145 75 number.

1254 2361 93 75 Mixt
1364 2361 160 75 repeaters
1542 2361 108 75 derive
1667 2361 85 75 their
1774 2361 104 75 origin
1910 2361 87 75 from
2021 2361 113 75 vulgar
2158 2361 85 75 frac-

1206 2407 84 75 tions
1306 2407 107 75 whofe
1430 2407 221 75 denominator
1667 2407 27 75 is
1711 2407 55 75 the
1788 2407 133 75 produfl
1949 2407 43 75 of
2014 2407 17 75 3
2061 2407 69 75 into
2158 2407 19 75 2
2204 2407 39 75 or

1210 2453 31 75 5,
1268 2453 37 75 or
1336 2453 69 75 into
1437 2453 85 75 fome
1546 2453 40 75 of
1613 2453 85 75 their
1715 2453 143 75 powers,
1883 2453 37 75 or
1942 2453 135 75 produfl
2100 2453 40 75 of
2158 2453 85 75 their

1206 2499 122 75 powers
1344 2499 10 75 ;
1381 2499 62 75 and
1466 2499 76 75 fuch
1570 2499 238 75 denominators
1835 2499 75 75 may
1934 2499 40 75 be
1995 2499 184 75 confidered
2207 2499 35 75 as

1206 2546 55 75 the
1278 2546 134 75 produfl
1427 2546 41 75 of
1488 2546 65 75 two
1578 2546 190 75 component
1785 2546 100 75 parts,
1910 2546 150 75 whereof
2078 2546 60 75 one
2166 2546 27 75 is
2220 2546 20 75 2

1205 2592 37 75 or
1257 2592 31 75 5,
1307 2592 36 75 or
1354 2592 86 75 fome
1453 2592 40 75 of
1504 2592 84 75 their
1600 2592 136 75 powers,
1749 2592 37 75 or
1798 2592 133 75 produfl
1944 2592 40 75 of
1995 2592 84 75 their
2090 2592 124 75 powers
2226 2592 11 75 ;

1205 2640 62 75 and
1282 2640 100 75 hence
1399 2640 55 75 the
1471 2640 88 75 finite
1576 2640 83 75 part.
1706 2640 78 75 The
1800 2640 94 75 other
1915 2640 192 75 component
2123 2640 72 75 part
2211 2640 28 75 is

1207 2687 17 75 3
1238 2687 10 75 ;
1276 2687 63 75 and
1355 2687 101 75 hence
1472 2687 54 75 the
1543 2687 164 75 repeating
1721 2687 113 75 figure.

1248 2733 153 75 Examp.
1426 2733 63 75 IV.
1537 2733 134 75 Reduce
1686 2733 35 75 -fi
1721 2765 14 49 T
1751 2733 35 75 to
1804 2733 18 75 a
1838 2733 147 75 decimal.

1252 2780 88 75 Here
1357 2780 56 75 the
1430 2780 143 75 repeater
1589 2780 26 75 is
1632 2780 96 75 mixt,
1746 2780 55 75 the
1813 2780 87 75 finite
1912 2780 72 75 part
2037 2780 202 75 15)4.o(.2$

1204 2826 95 75 being
1316 2826 33 75 2,
1375 2826 62 75 and
1453 2826 55 75 the
1524 2826 164 75 repeating
1703 2826 101 75 figure
1827 2826 34 75 6.

2095 2826 17 75 3
2128 2808 22 49 0

1684 3130 19 75 5
1728 3130 35 75 H

2124 2973 44 75 90

2110 3066 79 75 (10)
