2493 3387
217 150 83 75 460

603 150 10 75 .

778 150 494 75 ASTRO

217 221 105 75 enters
340 221 125 75 Libra;
493 221 61 75 and
578 221 56 75 the
654 221 69 75 21ft
746 221 41 75 of
806 221 196 75 December,
1027 221 93 75 when
1137 221 40 75 he
1195 221 54 75 en-

217 267 65 75 ters
295 267 190 75 Capricorn.
535 267 80 75 But,
641 267 33 75 as
699 267 90 75 there
806 267 26 75 is
849 267 77 75 only
946 267 61 75 one
1025 267 67 75 fun,
1119 267 62 75 and
1200 267 50 75 his

220 314 150 75 apparent
395 314 123 75 motion
537 314 27 75 is
581 314 117 75 always
715 314 41 75 on
774 314 55 75 the
851 314 139 75 ecliptic,
1016 314 45 75 let
1084 314 36 75 us
1137 314 114 75 hence-

218 362 88 75 forth
324 362 59 75 call
401 362 66 75 him
485 362 55 75 the
558 362 73 75 real
635 362 66 75 fun
712 362 13 75 ;
752 362 61 75 and
827 362 54 75 the
898 362 107 75 other,
1024 362 103 75 which
1141 362 26 75 is
1182 362 69 75 fup-

215 408 100 75 .poied
331 408 35 75 to
383 408 92 75 move
492 408 30 75 in
540 408 56 75 the
620 408 148 75 equator,
794 408 54 75 the
863 408 160 75 fitlilious
1036 408 11 75 ;
1086 408 35 75 to
1146 408 107 75 which

217 455 70 75 ialt,
313 455 54 75 the
395 455 124 75 motion
543 455 42 75 of
606 455 19 75 a
652 455 258 75 well-regulated
938 455 94 75 clock
1056 455 119 75 always
1197 455 55 75 an-

222 502 107 75 fwers.

266 548 36 75 In
315 548 217 75 PlateXLII.
550 548 55 75 fig.
619 548 31 75 4.
669 548 44 75 let
727 548 150 75 Z'YzQ
891 548 39 75 be
943 548 55 75 the
1010 548 105 75 earth,
1134 548 117 75 ZFRz

215 597 44 75 •its
277 597 83 75 axis,
374 597 96 75 abcde
483 597 64 75 <bc.
560 597 56 75 the
627 597 147 75 equator,
790 597 157 75 ABCDF.
957 597 61 75 ilc.
1033 597 54 75 the
1099 597 153 75 northern

217 642 74 75 half
303 642 39 75 of
353 642 56 75 the
425 642 126 75 ecliptic
567 642 84 75 from
719 642 38 75 or
769 642 48 75 Q
835 642 42 75 on
889 642 55 75 the
956 642 63 75 fide
1031 642 40 75 of
1082 642 55 75 the
1153 642 96 75 globe

216 689 80 75 next
314 689 54 75 the
384 689 57 75 eye
457 689 10 75 ;
494 689 60 75 and
584 689 145 75 MNOP
755 689 60 75 See.
850 689 56 75 the
934 689 150 75 fouthern
1112 689 71 75 half
1208 689 41 75 on

219 735 54 75 the
294 735 146 75 oppolite
467 735 63 75 fide
558 735 85 75 from
673 735 47 75 ;Q;
739 735 35 75 to
792 735 53 75 °f.
913 735 66 75 Let
1004 735 55 75 the
1087 735 104 75 points
1217 735 33 75 at

221 783 192 75 jJBCQEF
441 783 61 75 See.
530 783 89 75 quite
636 783 103 75 round
754 783 85 75 from
916 783 35 75 to
975 783 42 75 ‘Y’
1034 783 92 75 again
1142 783 109 75 bound

220 829 93 75 equal
342 829 142 75 portions
507 829 39 75 of
569 829 55 75 the
651 829 139 75 ecliptic,
825 829 82 75 gone
931 829 138 75 through
1098 829 32 75 in
1156 829 94 75 equal

219 876 91 75 times
327 876 43 75 by
387 876 54 75 the
463 876 66 75 real
546 876 55 75 fun
616 876 10 75 ;
653 876 63 75 and
743 876 91 75 thofe
862 876 33 75 at
928 876 122 75 abedef
1066 876 64 75 <bc.
1156 876 94 75 equal

219 923 142 75 portions
378 923 41 75 of
442 923 55 75 the
514 923 146 75 equator,
686 923 164 75 deferibed
865 923 32 75 in
915 923 93 75 equal
1026 923 93 75 times
1136 923 43 75 by
1196 923 55 75 the

219 969 148 75 fictitious
393 969 55 75 fun
463 969 9 75 ;
500 969 61 75 and
579 969 45 75 let
647 969 99 75 Z°<Fz
766 969 38 75 be
821 969 55 75 the
893 969 167 75 meridian.

339 1016 54 75 the
422 1016 63 75 real
507 1016 56 75 fun
588 1016 108 75 moves
720 1016 169 75 obliquely
905 1016 31 75 in
954 1016 54 75 the
1025 1016 138 75 ecliptic,
1190 1016 62 75 and

219 1064 54 75 the
289 1064 148 75 fidlitious
455 1064 55 75 fun
529 1064 134 75 dire&ly
687 1064 31 75 in
736 1064 56 75 the
808 1064 148 75 equator,
983 1064 78 75 with
1080 1064 119 75 refpeft
1216 1064 35 75 to

218 1111 55 75 the
291 1111 174 75 meridian;
493 1111 17 75 a
526 1111 129 75 degree,
681 1111 37 75 or
735 1111 60 75 any
812 1111 134 75 number
962 1111 39 75 of
1025 1111 145 75 degrees,
1195 1111 55 75 be-

218 1157 102 75 tween
338 1157 41 75 hf
396 1157 64 75 and
475 1157 29 75 F
518 1157 41 75 on
580 1157 55 75 the
660 1157 140 75 ecliptic,
826 1157 78 75 mull:
922 1157 38 75 be
977 1157 111 75 nearer
1105 1157 55 75 the
1185 1157 65 75 me-

218 1204 101 75 ridian
338 1204 118 75 Z'Y'z;
476 1204 77 75 than
578 1204 18 75 a
615 1204 129 75 degree,
769 1204 37 75 or
823 1204 61 75 any
899 1204 246 75 conelponding
1160 1204 92 75 num-

217 1250 55 75 ber
289 1250 40 75 of
347 1250 131 75 degrees
495 1250 40 75 on
553 1250 56 75 the
625 1250 136 75 equator
789 1250 82 75 from
971 1250 35 75 to
1019 1250 51 75 f;
1106 1250 62 75 and
1196 1250 56 75 the

219 1297 88 75 mote
324 1297 46 75 fo,
396 1297 33 75 as
446 1297 78 75 they
546 1297 54 75 are
617 1297 56 75 the
690 1297 88 75 more
794 1297 131 75 oblique
941 1297 9 75 :
994 1297 77 75 And
1089 1297 162 75 therefore

218 1344 55 75 the
291 1344 71 75 true
384 1344 55 75 fun
468 1344 106 75 comes
601 1344 113 75 fooner
742 1344 35 75 to
804 1344 55 75 the
886 1344 153 75 meridian
1067 1344 97 75 every
1187 1344 64 75 day

219 1391 104 75 whilif
340 1391 40 75 he
397 1391 26 75 is
441 1391 30 75 in
490 1391 55 75 the
562 1391 157 75 quadrant
732 1365 6 104 ■
738 1373 16 49 c
754 1391 25 75 f
797 1391 38 75 F,
861 1391 77 75 than
951 1391 56 75 the
1023 1391 150 75 fi&itious
1195 1391 56 75 fun

220 1438 76 75 does
312 1438 33 75 in
362 1438 54 75 the
434 1438 157 75 quadrant
609 1420 13 49 C
622 1438 23 75 Y
645 1420 5 49 >
659 1438 48 75 f;
735 1438 52 75 for
811 1438 106 75 which
943 1438 121 75 reafon,
1090 1438 56 75 the
1169 1438 82 75 folar

222 1484 84 75 noon
337 1484 150 75 piecedes
515 1484 81 75 no:',
628 1484 44 75 by
699 1484 55 75 the
778 1484 105 75 clock,
908 1484 80 75 until
1018 1484 54 75 the
1101 1484 66 75 real
1194 1484 57 75 fun

218 1531 105 75 comes
341 1531 35 75 to
394 1531 37 75 F,
457 1531 61 75 and
546 1531 55 75 the
629 1531 148 75 fi&itious
802 1531 35 75 to
853 1531 47 75 f;
927 1531 106 75 which
1051 1531 65 75 two
1133 1531 116 75 points,

220 1578 94 75 being
330 1578 189 75 equidiftant
536 1578 85 75 Bom
635 1578 53 75 the
706 1578 165 75 meridian,
897 1578 79 75 bo;h
991 1578 72 75 funs
1081 1578 65 75 will
1158 1578 93 75 come

213 1625 38 75 ,to
268 1625 25 75 it
310 1625 152 75 precifely
478 1625 32 75 at
531 1625 84 75 noon
633 1625 43 75 by
693 1625 54 75 the
767 1625 105 75 clock.

264 1671 122 75 Whilft
398 1671 53 75 the
465 1671 64 75 real
543 1671 56 75 fun
611 1671 157 75 deferibes
781 1671 56 75 the
850 1671 115 75 fecond
977 1671 159 75 quadrant
1149 1671 40 75 of
1196 1671 55 75 the

221 1718 127 75 ecliptic
373 1718 181 75 FGHIKL
586 1718 84 75 from
696 1718 28 75 F
746 1718 35 75 to
808 1718 64 75 £2,
903 1718 42 75 he
973 1718 106 75 comes
1107 1718 82 75 later
1215 1718 36 75 to

218 1765 56 75 the
291 1765 153 75 meridian
462 1765 95 75 every
573 1765 76 75 day,
676 1765 75 75 than
782 1765 57 75 the
867 1765 149 75 fiflitious
1039 1765 56 75 fun
1123 1765 128 75 moving

218 1811 139 75 through
376 1811 54 75 the
446 1811 117 75 fecond
586 1811 158 75 quadrant
771 1811 40 75 of
835 1811 55 75 the
920 1811 136 75 equator
1082 1811 84 75 from
1173 1811 36 75 f
1216 1811 34 75 to

221 1853 46 75 urn
277 1853 9 75 ;
314 1853 51 75 for
382 1853 54 75 the
452 1853 106 75 points
583 1853 32 75 at
633 1853 128 75 GHIK
772 1853 63 75 and
852 1853 40 75 L,
918 1853 94 75 being
1029 1853 122 75 farther
1165 1853 85 75 from

221 1904 54 75 the
288 1904 152 75 meridian
458 1904 75 75 than
548 1904 82 75 their
643 1904 247 75 correfponding
906 1904 104 75 points
1028 1904 138 75 xtghik
1188 1904 63 75 and

219 1951 25 75 l,
270 1951 78 75 they
363 1951 80 75 mull:
458 1951 40 75 be
516 1951 81 75 later
615 1951 41 75 of
673 1951 125 75 coming
815 1951 34 75 to
865 1951 45 75 it:
938 1951 78 75 And
1031 1951 33 75 as
1082 1951 78 75 both
1178 1951 71 75 funs

218 1998 89 75 come
324 1998 33 75 at
373 1998 55 75 the
451 1998 83 75 farne
556 1998 142 75 moment
726 1998 34 75 to
786 1998 55 75 the
862 1998 90 75 point
1065 1998 77 75 they
1159 1998 90 75 come

218 2044 34 75 to
273 2044 55 75 the
348 2044 152 75 meridian
517 2044 32 75 at
567 2044 54 75 the
636 2044 144 75 moment
802 2044 40 75 of
861 2044 85 75 poon
961 2044 44 75 by
1023 2044 55 75 the
1095 2044 106 75 clock.

264 2090 39 75 In
317 2090 168 75 departing
501 2090 83 75 from
601 2090 114 75 Libra,
732 2090 140 75 through
884 2090 56 75 the
956 2090 88 75 third
1061 2090 187 75 quadrants,

220 2137 54 75 the
299 2137 62 75 real
380 2137 54 75 fun
450 2137 96 75 going
562 2137 141 75 through

932 2137 140 75 towards
1090 2137 33 75 rs
1148 2137 32 75 at
1205 2137 42 75 R,

221 2184 61 75 and
299 2184 55 75 the
379 2184 148 75 fiftitious
555 2184 56 75 fun
640 2184 140 75 through
805 2184 142 75 mnopq
974 2184 141 75 towards
1136 2184 30 75 r,
1193 2184 55 75 the

220 2230 119 75 former
356 2230 105 75 comes
480 2230 34 75 to
530 2230 56 75 the
611 2230 152 75 meridian
781 2230 96 75 every
893 2230 63 75 day
972 2230 112 75 fooner
1100 2230 76 75 than
1193 2230 55 75 the

218 2277 108 75 latter,
351 2277 81 75 until
449 2277 54 75 the
521 2277 65 75 real
602 2277 55 75 fun
685 2277 105 75 comes
813 2277 36 75 to
874 2277 45 75 m,
946 2277 63 75 and
1031 2277 52 75 the
1100 2277 148 75 fiftitious

220 2323 34 75 to
329 2323 62 75 and
407 2323 77 75 then
501 2323 76 75 they
593 2323 79 75 both
699 2323 92 75 come
807 2323 35 75 to
869 2323 55 75 the
952 2323 154 75 meridian
1133 2323 33 75 at
1193 2323 55 75 the

220 2369 83 75 fame
320 2369 89 75 time.

268 2416 123 75 Laftly,
402 2416 33 75 as
448 2416 55 75 the
515 2416 66 75 real
592 2416 55 75 fun
659 2416 108 75 moves
779 2416 138 75 equably
927 2416 140 75 through
1080 2416 168 75 STUVIV,

216 2463 91 75 from
325 2463 34 75 rs
378 2463 139 75 towards
535 2445 8 49 <
543 2463 25 75 Y
568 2445 9 49 5
577 2463 20 75 ;
625 2463 62 75 and
708 2463 54 75 the
786 2463 148 75 fidlitious
950 2463 56 75 fun
1023 2463 225 75 thro’-rrauw,

222 2509 84 75 from
324 2509 19 75 r
359 2509 139 75 towards
581 2509 10 75 ;
618 2509 54 75 the
696 2509 119 75 former
836 2509 107 75 comes
966 2509 83 75 later
1073 2509 96 75 every
1185 2509 64 75 day

221 2556 36 75 to
273 2556 55 75 the
344 2556 154 75 meridian
515 2556 75 75 than
608 2556 55 75 the
678 2556 108 75 latter,
812 2556 80 75 until
912 2556 76 75 they
1005 2556 78 75 both
1102 2556 102 75 arrive
1217 2556 33 75 at

222 2603 55 75 the
293 2603 88 75 point
399 2603 54 75 °f,
478 2603 63 75 and
557 2603 76 75 then
650 2603 77 75 they
746 2603 93 75 make
855 2603 84 75 noon
956 2603 33 75 at
1006 2603 55 75 the
1077 2603 83 75 fame
1172 2603 77 75 time

223 2648 76 75 with
322 2648 54 75 the
393 2648 104 75 clock.

268 2696 85 75 This
382 2696 71 75 part
479 2696 41 75 of
539 2696 55 75 the
620 2696 150 75 equation
799 2696 40 75 of
861 2696 76 75 time
961 2696 74 75 may
1050 2696 135 75 perhaps
1210 2696 40 75 be

219 2743 176 75 fbmewhat
422 2743 135 75 difficult
584 2743 35 75 to
646 2743 189 75 underftand
867 2743 43 75 by
938 2743 19 75 a
978 2743 112 75 figure,
1115 2743 135 75 becaufe

224 2787 77 75 borh
327 2787 107 75 halves
452 2787 39 75 of
503 2787 55 75 the
575 2787 126 75 ecliptic
718 2787 81 75 feem
828 2787 34 75 to
890 2787 40 75 be
957 2787 41 75 on
1015 2787 56 75 the
1087 2787 82 75 fame
1186 2787 65 75 fide

224 2835 40 75 of
276 2835 55 75 the
348 2835 94 75 globe
453 2835 9 75 ;
490 2835 57 75 but
559 2835 27 75 it
602 2835 72 75 may
690 2835 39 75 be
745 2835 92 75 made
853 2835 77 75 very
946 2835 72 75 eafy
1035 2835 35 75 to
1094 2835 62 75 any
1180 2835 70 75 per-

224 2882 54 75 fun
297 2882 73 75 who
396 2882 57 75 has
471 2882 17 75 a
505 2882 64 75 real
598 2882 94 75 globe
718 2882 110 75 before
855 2882 79 75 him,
959 2882 43 75 by
1019 2882 126 75 putting
1160 2882 91 75 fmall

226 2929 129 75 patches
371 2929 41 75 on
429 2929 95 75 every
540 2929 91 75 tenth
658 2929 36 75 or
722 2929 145 75 fifteenth
895 2929 127 75 degree,
1048 2929 79 75 both
1144 2929 40 75 of
1195 2929 56 75 the

224 2975 136 75 equator
383 2975 62 75 and
463 2975 139 75 ecliptic,
627 2975 171 75 beginning
822 2975 34 75 at
881 2975 93 75 Aries
992 2975 41 75 T
1046 2975 9 75 ;
1084 2975 62 75 and
1162 2975 89 75 then,

226 3021 127 75 turning
370 3021 53 75 the
441 3021 64 75 ball
518 3021 111 75 ilowly
647 3021 102 75 round
768 3021 172 75 wdhvard,
970 3021 42 75 he
1036 3021 68 75 will
1129 3021 52 75 fee
1210 3021 42 75 all

1354 156 42 75 N
1475 156 40 75 O
1595 156 48 75 M
1721 156 53 75 Y.

1301 226 54 75 the
1373 226 131 75 patches
1520 226 84 75 from
1622 226 142 75 Aries-to
1775 226 125 75 Cancer
1915 226 89 75 come
2016 226 36 75 to
2064 226 55 75 the
2136 226 117 75 brazen
2264 226 50 75 me
2314 208 16 49 -

1301 273 100 75 ridian
1418 273 114 75 fooner
1548 273 75 75 than
1642 273 54 75 the
1713 273 246 75 correfponding
1972 273 129 75 patches
2114 273 40 75 on
2166 273 57 75 the
2235 273 96 75 equa*

1301 318 52 75 tor
1364 318 11 75 ;
1401 318 42 75 all
1461 318 90 75 thofe
1576 318 82 75 from
1684 318 125 75 Cancer
1826 318 35 75 to
1878 318 102 75 Libra
1996 318 64 75 will
2077 318 91 75 come
2184 318 97 75 latter
2296 318 36 75 to

1301 365 55 75 the
1372 365 155 75 meridian
1557 365 74 75 than
1659 365 84 75 their
1760 365 245 75 correfponding
2022 365 129 75 patches
2169 365 41 75 on
2226 365 56 75 the
2299 365 34 75 e-

1301 411 137 75 quator;
1473 411 91 75 thofe
1597 411 84 75 from
1713 411 102 75 Libra
1840 411 36 75 to
1904 411 178 75 Capricorn
2114 411 124 75 foqner,
2270 411 64 75 and

1301 458 88 75 thofe
1412 458 84 75 from
1520 458 178 75 Capricorn
1715 458 35 75 to
1768 458 96 75 Aries
1886 458 113 75 latter:
2037 458 76 75 And
2130 458 54 75 the
2202 458 131 75 patches

1299 504 33 75 at
1354 504 56 75 the
1434 504 186 75 beginnings
1642 504 40 75 of
1695 504 108 75 Aries,
1829 504 137 75 Cancer,
1992 504 114 75 Libra,
2132 504 62 75 and
2218 504 115 75 Capri-

1300 551 89 75 corn,
1416 551 94 75 being
1538 551 102 75 either
1663 551 55 75 on,
1744 551 38 75 or
1805 551 77 75 even
1900 551 77 75 with
1995 551 90 75 thofe
2103 551 41 75 on
2162 551 170 75 the-equa-

1302 598 63 75 tor,
1391 598 82 75 {hew
1490 598 70 75 that
1576 598 55 75 the
1649 598 64 75 two
1734 598 72 75 funs
1830 598 102 75 either
1949 598 83 75 meet
2050 598 103 75 there,
2179 598 37 75 or
2233 598 52 75 are
2299 598 35 75 e-

1302 644 58 75 ven
1378 644 78 75 with
1473 644 60 75 one
1550 644 145 75 another,
1720 644 63 75 and
1808 644 34 75 fo
1864 644 91 75 come
1978 644 35 75 to
2041 644 56 75 the
2120 644 153 75 meridian
2299 644 34 75 at

1298 692 54 75 the
1370 692 85 75 fame
1469 692 154 75 moment.

1343 738 66 75 Let
1427 738 35 75 us
1479 738 130 75 fuppofe
1625 738 71 75 that
1713 738 90 75 there
1820 738 53 75 are
1897 738 67 75 two
1987 738 85 75 little
2095 738 82 75 balls
2202 738 131 75 moving

1296 784 140 75 equably
1462 784 104 75 round
1594 784 19 75 a
1640 784 137 75 celeftial
1798 784 94 75 globe
1910 784 43 75 by
1970 784 213 75 clock-work,
2208 784 61 75 one
2285 784 47 75 al-

1299 831 84 75 ways
1412 831 134 75 keeping
1563 831 31 75 in
1613 831 54 75 the
1694 831 143 75 ecliptic,
1863 831 62 75 and
1941 831 59 75 gilt
2016 831 79 75 with
2113 831 89 75 gold,
2229 831 33 75 to
2280 831 50 75 re-

1298 877 122 75 prefent
1436 877 56 75 the
1511 877 63 75 real
1591 877 55 75 fun
1661 877 10 75 ;
1699 877 62 75 and
1778 877 55 75 the
1850 877 93 75 other
1959 877 136 75 keeping
2115 877 32 75 in
2165 877 55 75 the
2233 877 98 75 equa-

1298 923 62 75 tor,
1386 923 62 75 and
1473 923 144 75 filvered,
1643 923 35 75 to
1706 923 127 75 reprefe'
1833 923 33 75 nt
1889 923 56 75 the
1972 923 147 75 fictitious
2148 923 77 75 fun:
2256 923 77 75 And

1299 970 70 75 that
1392 970 103 75 whilft
1520 970 88 75 thefe
1635 970 81 75 balls
1742 970 93 75 move
1858 970 80 75 once
1955 970 103 75 round
2074 970 56 75 the
2146 970 107 75 globe,
2278 970 53 75 ac-

1299 1017 132 75 cording
1448 1017 34 75 to
1501 1017 54 75 the
1572 1017 96 75 order
1693 1017 39 75 of
1755 1017 94 75 figns,
1874 1017 55 75 the
1946 1017 91 75 clock
2058 1017 89 75 turns
2165 1017 55 75 the
2237 1017 95 75 globe

1300 1066 65 75 366
1383 1066 211 75 times-round
1607 1066 41 75 its
1667 1066 69 75 axis
1754 1066 175 75 weftward.
1978 1066 76 75 The
2068 1066 75 75 ftars
2160 1066 66 75 will
2239 1066 92 75 make

1302 1113 64 75 366
1383 1113 126 75 diurnal
1526 1113 196 75 revolutions
1738 1113 84 75 from
1840 1113 54 75 the
1911 1113 110 75 brafen
2038 1113 153 75 meridian
2210 1113 33 75 to
2255 1113 25 75 it
2297 1113 34 75 a-

1297 1156 94 75 gain;
1418 1156 63 75 and
1505 1156 56 75 die
1588 1156 66 75 two
1682 1156 80 75 balls
1791 1156 212 75 reprefenting
2024 1156 56 75 the
2107 1156 64 75 real
2196 1156 62 75 and
2276 1156 55 75 fic-

1298 1203 109 75 titious
1431 1203 56 75 fun
1516 1203 117 75 always
1658 1203 98 75 going
1778 1203 122 75 farther
1925 1203 151 75 eaftward
2092 1203 85 75 from
2203 1203 62 75 any
2281 1203 48 75 gi-

1297 1249 59 75 ven
1374 1249 73 75 liar,
1466 1249 66 75 will
1549 1249 90 75 come
1655 1249 81 75 later
1752 1249 75 75 than
1841 1249 25 75 it
1878 1249 34 75 to
1927 1249 55 75 the
1993 1249 154 75 meridian
2160 1249 96 75 every
2269 1249 62 75 fol-

1298 1298 116 75 lowing
1430 1298 85 75 day;
1542 1298 63 75 and
1625 1298 75 75 each
1720 1298 63 75 bail
1805 1298 64 75 will
1886 1298 92 75 make
1997 1298 65 75 365
2081 1298 197 75 revolutions
2295 1298 36 75 to

1298 1342 55 75 the
1370 1342 175 75 meridian;
1571 1342 127 75 coming
1714 1342 131 75 equally
1861 1342 35 75 to
1915 1342 25 75 it
1962 1342 33 75 at
2012 1342 55 75 the
2084 1342 186 75 beginnings
2294 1342 41 75 of

1298 1389 108 75 Aries,
1433 1389 136 75 Cancer,
1595 1389 114 75 Libra,
1735 1389 63 75 and
1814 1389 196 75 Capricorn:
2039 1389 65 75 But
2124 1389 31 75 in
2173 1389 96 75 every
2293 1389 36 75 o-

1298 1435 71 75 ther
1387 1435 88 75 point
1503 1435 41 75 of
1561 1435 54 75 the
1631 1435 141 75 ecliptic,
1798 1435 54 75 the
1869 1435 59 75 gilt
1946 1435 62 75 ball
2028 1435 64 75 will
2120 1435 90 75 come
2227 1435 103 75 either

1298 1482 111 75 fooner
1425 1482 38 75 or
1478 1482 96 75 latter
1591 1482 35 75 to
1642 1482 55 75 the
1709 1482 154 75 meridian
1887 1482 77 75 than
1981 1482 55 75 the
2053 1482 93 75 filver
2163 1482 77 75 bail,
2264 1482 66 75 like

1297 1529 54 75 the
1368 1529 130 75 patches
1523 1529 100 75 above
1640 1529 194 75 mentioned.

1339 1577 85 75 This
1437 1577 107 75 would
1560 1577 39 75 be
1612 1577 18 75 a
1643 1577 106 75 pretty
1762 1577 125 75 enough
1899 1577 72 75 way
1987 1577 40 75 of
2037 1577 138 75 {hewing
2187 1577 55 75 the
2260 1577 73 75 rea-

1296 1622 54 75 fon
1367 1622 73 75 why
1458 1622 61 75 any
1536 1622 91 75 given
1643 1622 73 75 liar,
1743 1622 116 75 which,
1883 1622 42 75 on
1950 1622 18 75 a
1996 1622 120 75 certain
2134 1622 63 75 day
2213 1622 40 75 of
2273 1622 56 75 the

1296 1668 87 75 year,
1410 1668 105 75 comes
1533 1668 33 75 to
1584 1668 54 75 the
1655 1668 153 75 meridian
1834 1668 80 75 with
1930 1668 55 75 the
2001 1668 68 75 fun,
2095 1668 97 75 paffes
2209 1668 77 75 over
2302 1668 27 75 it

1296 1715 34 75 fo
1361 1715 95 75 much
1481 1715 110 75 fooner
1620 1715 96 75 every
1743 1715 166 75 following
1934 1715 75 75 day,
2035 1715 33 75 as
2096 1715 42 75 on
2167 1715 66 75 that
2265 1715 65 75 day

1296 1763 227 75 {welvemonth
1540 1763 35 75 to
1591 1763 90 75 come
1694 1763 34 75 to
1744 1763 55 75 the
1815 1763 151 75 meridian
1984 1763 76 75 with
2078 1763 55 75 the
2145 1763 56 75 fun
2214 1763 89 75 again
2315 1763 12 75 ;

1297 1809 60 75 and
1374 1809 66 75 alfo
1467 1809 35 75 to
1527 1809 81 75 {hew
1625 1809 56 75 the
1698 1809 111 75 reafon
1839 1809 76 75 why
1941 1809 55 75 the
2014 1809 64 75 real
2095 1809 55 75 fun
2168 1809 107 75 comes
2293 1809 38 75 to

1296 1855 54 75 the
1368 1855 153 75 meridian
1538 1855 178 75 fometimes
1734 1855 124 75 fooner,
1883 1855 179 75 fometimes
2090 1855 93 75 later,
2209 1855 75 75 than
2302 1855 27 75 it

1295 1902 26 75 is
1338 1902 83 75 noon
1439 1902 44 75 by
1498 1902 56 75 the
1576 1902 113 75 clock;
1716 1902 75 75 and,
1816 1902 42 75 on
1874 1902 76 75 four
1965 1902 78 75 days
2060 1902 40 75 of
2110 1902 56 75 the
2182 1902 88 75 year,
2294 1902 36 75 at

1295 1948 54 75 the
1372 1948 83 75 fame
1475 1948 98 75 time;
1600 1948 102 75 whilft
1727 1948 55 75 the
1798 1948 147 75 fictitious
1962 1948 55 75 fun
2034 1948 118 75 always
2169 1948 105 75 comes
2291 1948 38 75 to

1294 1995 55 75 the
1367 1995 152 75 meridiafi
1543 1995 91 75 w"hen
1658 1995 26 75 it
1706 1995 27 75 is
1762 1995 115 75 twelve
1905 1995 33 75 at
1961 1995 85 75 noon
2070 1995 42 75 by
2141 1995 53 75 the
2220 1995 106 75 clock.

1294 2041 84 75 This
1396 2041 107 75 would
1520 2041 38 75 be
1576 2041 42 75 no
1634 2041 135 75 difficult
1786 2041 66 75 tafle
1869 2041 50 75 for
1936 2041 39 75 an
1992 2041 86 75 artift
2101 2041 17 75 t'
2118 2041 18 75 o
2157 2041 141 75 perform
2315 2041 14 75 ;

1294 2088 51 75 for
1365 2088 56 75 the
1438 2088 76 75 gold
1530 2088 64 75 ball
1613 2088 102 75 might
1742 2088 39 75 be
1806 2088 124 75 carried
1946 2088 104 75 round
2066 2088 55 75 the
2137 2088 127 75 ecliptic
2283 2088 46 75 by

1294 2135 18 75 a
1340 2135 75 75 wire
1433 2135 82 75 from
1542 2135 41 75 its
1606 2135 97 75 north
1729 2135 85 75 pole,
1840 2135 62 75 and
1933 2135 56 75 the
2016 2135 90 75 filver
2132 2135 64 75 ball
2224 2135 105 75 round

1294 2182 54 75 the
1366 2182 135 75 equator
1518 2182 42 75 by
1577 2182 18 75 a
1612 2182 76 75 wire
1704 2182 84 75 from
1804 2182 41 75 its
1867 2182 93 75 fouth
1983 2182 85 75 pole,
2094 2182 42 75 by
2157 2182 89 75 mein
2291 2182 57 75 of.

1292 2229 19 75 a
1327 2229 63 75 few
1406 2229 119 75 wheels
1543 2229 35 75 to
1595 2229 91 75 each.

1342 2275 28 75 It
1387 2275 25 75 is
1431 2275 98 75 plain,
1546 2275 70 75 that
1634 2275 31 75 if
1675 2275 56 75 the
1748 2275 127 75 ecliptic
1890 2275 84 75 were
1992 2275 87 75 more
2091 2275 165 75 obliquely
2268 2275 57 75 po-

1290 2321 77 75 fited
1390 2321 35 75 to
1453 2321 55 75 the
1532 2321 148 75 equator,
1717 2321 33 75 as
1779 2321 55 75 the
1861 2321 101 75 doted
1984 2321 96 75 circle

2270 2321 58 75 the

1293 2368 94 75 equal
1404 2368 146 75 divifions
1568 2368 84 75 from
1678 2350 8 49 t
1686 2368 27 75 Y
1713 2350 5 49 )
1747 2350 35 49 t0
1803 2368 32 75 X
1856 2368 107 75 would
1980 2368 90 75 come
2087 2368 58 75 ftill
2163 2368 105 75 foonei
2292 2368 36 75 to

1293 2416 55 75 the
1360 2416 153 75 meridian
1532 2416 93 75 ZoT
1642 2416 76 75 than
1732 2416 88 75 thofe
1837 2416 131 75 marked
1981 2416 129 75 ABCD
2127 2416 62 75 and
2209 2416 30 75 E
2256 2416 42 75 do
2313 2416 12 75 ;

1295 2463 50 75 for
1368 2463 66 75 two
1461 2463 145 75 divifions
1629 2463 184 75 containing
1832 2463 43 75 30
1892 2463 145 75 degrees,
2060 2463 84 75 from
2161 2463 94 75 ‘T'to
2271 2463 57 75 the

1294 2508 116 75 fecond
1428 2508 70 75 dot,
1524 2508 18 75 a
1557 2508 85 75 little
1657 2508 86 75 ffiort
1759 2508 40 75 of
1817 2508 55 75 the
1889 2508 99 75 figure
2009 2508 30 75 1,
2057 2508 90 75 come
2163 2508 111 75 fooner
2291 2508 36 75 to

1293 2556 54 75 the
1363 2556 154 75 meridian
1533 2556 76 75 than
1626 2556 60 75 one
1702 2556 132 75 divifion
1851 2556 182 75 containing
2050 2556 76 75 only
2144 2556 38 75 15
2195 2556 132 75 degrees

1293 2602 83 75 from
1395 2602 41 75 T
1453 2602 35 75 to
1510 2602 139 75 ^-does,
1667 2602 33 75 as
1713 2602 54 75 the
1784 2602 126 75 ecliptic
1926 2602 72 75 now
2014 2602 122 75 ftands;
2158 2602 61 75 and
2236 2602 91 75 thofe

1294 2649 38 75 of
1344 2649 54 75 the
1414 2649 118 75 fecond
1551 2649 159 75 quadrant
1726 2649 84 75 from
1830 2649 33 75 X
1879 2649 34 75 to
2000 2649 108 75 would
2124 2649 39 75 be
2180 2649 33 75 fo
2229 2649 97 75 much

1294 2694 92 75 later.
1433 2694 77 75 The
1534 2694 88 75 third
1639 2694 158 75 quadrant
1824 2694 109 75 would
1960 2694 39 75 be
2027 2694 34 75 as
2087 2694 56 75 the
2161 2694 75 75 firft,
2261 2694 66 75 and

1296 2741 54 75 the
1368 2741 109 75 fourth
1503 2741 33 75 as
1553 2741 55 75 the
1625 2741 126 75 fecond.
1801 2741 78 75 And
1901 2741 25 75 it
1942 2741 26 75 is
1986 2741 138 75 likewife
2140 2741 98 75 plain,
2255 2741 72 75 that

1294 2787 106 75 where
1412 2787 55 75 the
1479 2787 127 75 ecliptic
1618 2787 25 75 is
1658 2787 76 75 moft
1747 2787 141 75 oblique,
1900 2787 137 75 namely,
2047 2787 96 75 about
2154 2787 95 75 Aries
2263 2787 63 75 and

1295 2834 113 75 Libra,
1434 2834 54 75 the
1511 2834 172 75 difference
1701 2834 106 75 would
1824 2834 38 75 be
1878 2834 133 75 greateft
2023 2834 9 75 ;
2060 2834 61 75 and
2136 2834 76 75 lead
2229 2834 98 75 about

1296 2880 124 75 Cancer
1437 2880 60 75 and
1519 2880 190 75 Capricorn,
1736 2880 104 75 where
1860 2880 54 75 the
1930 2880 162 75 obliquity
2107 2880 26 75 is
2151 2880 85 75 leaft.

1343 2923 128 75 Having
1487 2923 171 75 explained
1674 2923 59 75 one
1750 2923 90 75 caiife
1857 2923 40 75 of
1917 2923 53 75 the
1987 2923 170 75 difference
2186 2923 41 75 of
2249 2923 76 75 time

1296 2974 101 75 (hewn
1422 2974 42 75 by
1493 2974 18 75 a
1540 2974 255 75 well-regulated
1823 2974 92 75 clock
1943 2974 62 75 and
2025 2974 18 75 a
2066 2974 70 75 true
2164 2974 158 75 fun-dial;

1295 3023 64 75 and
1374 3023 182 75 confidered
1573 3023 54 75 the
1650 3023 69 75 fun,
1745 3023 58 75 not
1819 3023 55 75 the
1896 3023 104 75 earth,
2025 3023 179 75 as.moving
2219 3023 30 75 in
2269 3023 55 75 the

2198 3060 127 75 ecliptic
