2396 3377
480 116 39 75 A
567 116 53 75 "N
680 116 41 75 A

160 179 63 75 and
249 179 55 75 the
330 179 113 75 iflands
472 179 41 75 of
537 179 158 75 Solomon
710 179 10 75 ;
753 179 62 75 and
842 179 55 75 the
921 179 88 75 third
1031 179 32 75 in
1092 179 55 75 the

122 226 7 75 .
159 226 138 75 Chinefe
314 226 62 75 fea,
393 226 145 75 between
554 226 115 75 Japan,
687 226 62 75 and
764 226 55 75 the
836 226 96 75 ifland
950 226 164 75 Formofa.

113 273 225 75 AMULET,
357 273 18 75 a
391 273 108 75 charm
516 273 117 75 againft
649 273 196 75 witchcraft,
862 273 38 75 or
916 273 146 75 difeafes,
1081 273 64 75 &c.

173 301 6 49 1
205 319 109 75 Thefe
340 319 135 75 amulets
499 319 86 75 were
601 319 93 75 made
710 319 41 75 of
765 319 98 75 ftone,
881 319 110 75 met;il,
1010 319 134 75 fimples,

160 369 143 75 animals,
322 369 73 75 and,
412 369 32 75 in
461 369 98 75 ihort,
577 369 40 75 of
636 369 95 75 every
748 369 90 75 thing
855 369 70 75 that
942 369 204 75 imagination

161 412 96 75 could
273 412 134 75 fugged.
457 412 149 75 Amulets
622 412 179 75 fometimcs
814 412 148 75 confided
976 412 30 75 in
1025 412 122 75 drange

160 458 189 75 unmeaning
365 458 313 75 words,,characters
695 458 62 75 and
776 458 299 75 fentences.—The
1092 458 55 75 an-

159 505 100 75 cients
287 505 84 75 were
403 505 181 75 extremely
614 505 81 75 fond
720 505 41 75 of
782 505 147 75 amulets.
978 505 169 75 Notwith-

159 550 144 75 ftanding
318 550 56 75 the
390 550 146 75 progrefs
557 550 41 75 of
607 550 144 75 learning
767 550 62 75 and
845 550 197 75 refinement,
1055 550 91 75 there

159 599 26 75 is
203 599 57 75 not
277 599 61 75 any
350 599 137 75 country
498 599 30 75 in
547 599 144 75 Europe,
703 599 77 75 even
798 599 33 75 a\
847 599 64 75 this
928 599 75 75 day,
1017 599 73 75 who
1103 599 44 75 do

161 646 56 75 not
233 646 123 75 believe
372 646 33 75 in
420 646 86 75 home
522 646 110 75 charm
644 646 37 75 or
697 646 107 75 other.

112 692 185 75 Amulet,
322 692 31 75 in
372 692 152 75 cookery.
574 692 63 75 See
654 692 180 75 Omelet.

112 738 302 75 AMULETICS,
440 738 116 75 among
578 738 193 75 phyficians,.
787 738 19 75 a
830 738 92 75 name
941 738 92 75 given
1051 738 35 75 to
1103 738 43 75 all

160 785 171 75 medicines
348 785 105 75 which
470 785 53 75 are
538 785 155 75 fivppofed
708 785 35 75 to
760 785 49 75 adt
824 785 34 75 as
874 785 139 75 charms.

112 831 223 75 AMURCA,
360 831 57 75 the
433 831 91 75 name
536 831 40 75 of
587 831 40 75 an
644 831 189 75 antiquated
848 831 168 75 medicine,
1036 831 110 75 prepa-

161 878 57 75 red
241 878 43 75 by
301 878 122 75 boiling
439 878 56 75 the
512 878 178 75 recrement
708 878 37 75 or
760 878 94 75 dregs
871 878 41 75 of
922 878 45 75 oil
984 878 40 75 of
1046 878 100 75 olives

160 924 35 75 to
210 924 56 75 the
281 924 189 75 confidence
485 924 40 75 of
535 924 121 75 honey,
673 924 63 75 and
751 924 77 75 ufed
841 924 33 75 as
892 924 38 75 an
947 924 182 75 adringent.

113 971 186 75 Amurca,
317 971 30 75 in
366 971 162 75 anatomy.
579 971 62 75 See
657 971 119 75 Capful
778 971 16 75 a
811 971 215 75 atrabilaria.

112 1018 135 75 Amuy,
271 1018 19 75 a
306 1018 66 75 city
389 1018 40 75 of
448 1018 105 75 India,
578 1018 128 75 beyond
729 1018 56 75 the
810 1018 146 75 Ganges,
989 1018 76 75 near
1091 1018 56 75 the

160 1065 71 75 lake
248 1065 161 75 Chiamai,
435 1065 42 75 on
493 1065 55 75 the
566 1065 188 75 borders.of
767 1065 53 75 the
836 1065 154 75 kingdom
1006 1065 40 75 of
1057 1065 90 75 Kan-

161 1110 115 75 duana.

113 1158 120 75 AMY,
250 1158 33 75 in
299 1158 73 75 law,
391 1158 54 75 the
462 1158 79 75 next
557 1158 105 75 friend
677 1158 37 75 or
726 1158 136 75 relation
877 1158 35 75 to
931 1158 40 75 be
987 1158 161 75 entruded

160 1203 51 75 for
228 1203 38 75 an
283 1203 117 75 infant.
450 1203 62 75 See
528 1203 202 75 Prochen.

115 1250 99 75 Alien
231 1250 106 75 Amy,
363 1250 132 75 fignifies
522 1250 19 75 a
563 1250 160 75 foreigner
738 1250 89 75 here,
856 1250 119 75 fubjedl
1002 1250 36 75 to
1060 1250 87 75 fome

162 1296 122 75 foreign
301 1296 176 75 prince,-or
492 1296 121 75 power,
624 1296 33 75 in
673 1296 172 75 friendfhip
857 1296 78 75 with
953 1296 50 75 us.

113 1343 297 75 AMYGDALA,
429 1343 55 75 the
502 1343 78 75 fruit
597 1343 40 75 of
648 1343 56 75 the
721 1343 225 75 almond-tree.

114 1389 226 75 Amygdala
373 1389 27 75 is
429 1389 138 75 likewife
592 1389 76 75 ufed
692 1389 51 75 for
766 1389 18 75 a
807 1389 120 75 fpecies
953 1389 41 75 of
1015 1389 130 75 echinus

160 1436 151 75 marinas,
329 1436 20 75 a
366 1436 78 75 died
461 1436 67 75 fifh.
579 1436 61 75 See
656 1436 194 75 Echinus.

114 1483 308 75 AMYGDALAE,
441 1483 31 75 in
489 1483 163 75 anatomy.
700 1483 64 75 See
778 1483 164 75 Tonfillae.

115 1529 400 75 AMYGDALOIDES
532 1529 97 75 lapis,
658 1529 32 75 in
715 1529 81 75 Nat.
813 1529 72 75 hid.
910 1529 19 75 a
951 1529 100 75 foffile
1073 1529 73 75 fub-

163 1574 112 75 dance,
294 1574 188 75 refemhling
498 1574 56 75 the
569 1574 111 75 kernel
696 1574 39 75 of
747 1574 40 75 an
803 1574 141 75 almond.

114 1621 325 75 AMYGDALUS,
449 1621 37 75 or
497 1621 303 75 Almond-tree,
816 1621 33 75 in
867 1621 131 75 botany,
1013 1621 18 75 a
1045 1621 99 75 genus

162 1667 39 75 of
223 1667 56 75 the
294 1667 176 75 icofandria
485 1667 193 75 monogynia
693 1667 92 75 clafs.
832 1667 77 75 The
932 1667 85 75 calix
1044 1667 27 75 is
1095 1667 50 75 di-

161 1713 96 75 vided
276 1713 69 75 into
361 1713 60 75 five
435 1713 186 75 Jegments;
648 1713 63 75 and
735 1713 55 75 the
815 1713 121 75 corolla
960 1713 124 75 confids
1112 1713 40 75 of

162 1760 62 75 five
247 1760 117 75 petals.
410 1760 77 75 The
510 1760 118 75 fpecits
653 1760 54 75 are
731 1760 104 75 three,
856 1760 69 75 viz,
943 1760 55 75 the
1018 1760 128 75 perfica,

163 1806 37 75 or
216 1806 185 75 peach-tree
415 1806 10 75 ;
452 1806 55 75 the
524 1806 176 75 comnunis,
720 1806 18 75 a
753 1806 105 75 native
875 1806 40 75 of
926 1806 218 75 Mauritania;

162 1852 64 75 and
250 1852 55 75 the
329 1852 92 75 nana,
445 1852 19 75 a
485 1852 105 75 native
614 1852 41 75 of
671 1852 88 75 Afia.
807 1852 161 75 Almonds
993 1852 53 75 are
1070 1852 78 75 ufed

161 1899 30 75 in
208 1899 154 75 medicine
380 1899 224 75 as^emollient,
621 1899 67 75 isc.

114 1946 222 75 AMYLON,
351 1946 5 75 -
369 1946 38 75 or
424 1946 190 75 Amylum,
643 1946 18 75 a
677 1946 82 75 term
775 1946 95 75 given
886 1946 35 75 to
938 1946 116 75 darch.
1085 1946 62 75 See

164 1991 171 75 Starch.

114 2039 296 75 AMYRBERIS,
427 2039 32 75 in
475 2039 135 75 botany.
660 2039 62 75 See
738 2039 209 75 Berberis.

115 2085 199 75 AMYRIS,
331 2085 31 75 in
380 2085 131 75 botany,
530 2085 17 75 a
564 2085 98 75 genus
680 2085 41 75 of
731 2085 55 75 the
802 2085 132 75 decandi
943 2085 30 75 ia
989 2085 156 75 monogy-

161 2131 52 75 nia
229 2131 91 75 clafs.
367 2131 77 75 The
460 2131 110 75 flower
588 2131 124 75 confids
728 2131 41 75 of
790 2131 74 75 four
888 2131 118 75 oblong
1030 2131 115 75 petals.

160 2178 77 75 The
253 2178 132 75 dygmia
407 2178 27 75 is
455 2178 235 75 quadrangular
704 2178 10 75 ;
740 2178 54 75 the
811 2178 79 75 fruit
913 2178 27 75 is
965 2178 19 75 a
999 2178 96 75 berry
1111 2178 41 75 of

161 2224 55 75 the
232 2224 101 75 drupa
347 2224 90 75 kind.
486 2224 112 75 There
614 2224 60 75 are-
690 2224 74 75 four
786 2224 118 75 fpecits
932 2224 40 75 of
999 2224 64 75 this
1090 2224 55 75 ge-

162 2270 70 75 nus,
251 2270 70 75 viz.
337 2270 77 75 The
431 2270 173 75 elemifera,
623 2270 170 75 maritima,
812 2270 152 75 toxifera,
990 2270 62 75 and
1076 2270 68 75 bal-

162 2317 156 75 famifera,
338 2317 42 75 all
397 2317 121 75 natives
534 2317 40 75 of
583 2317 167 75 America.

114 2366 326 75 AMYTHAONIS
473 2366 219 75 emplaftrum,
724 2366 19 75 a
776 2366 112 75 plader
915 2366 168 75 compofed
1110 2366 41 75 of

161 2409 75 75 gum
249 2409 187 75 ammoniac,
453 2409 87 75 wax,
558 2409 162 75 bdellium,
734 2409 222 75 6v.fuppofed
969 2409 45 75 by
1019 2409 55 75 the
1089 2409 54 75 an-

161 2455 100 75 cients
278 2455 34 75 to
328 2455 40 75 be
385 2455 100 75 ufeful
501 2455 33 75 in
551 2455 208 75 convulfions,

114 2503 183 75 AMZEL,
314 2503 34 75 in
365 2503 219 75 ornithology,
611 2503 56 75 the
682 2503 133 75 Englifli
832 2503 90 75 name
939 2503 42 75 of
992 2503 18 75 a
1026 2503 117 75 fpecies

162 2549 38 75 of
211 2549 125 75 turdus.
387 2549 258 75 SeeTuRDus.

113 2597 69 75 AN
199 2597 95 75 jour
312 2597 67 75 <?«d
394 2597 142 75 waste,
564 2597 32 75 in
623 2597 74 75 law,
726 2597 133 75 fignifies
884 2597 18 75 a
925 2597 168 75 forfeiture
1109 2597 42 75 of

161 2642 90 75 lands
273 2642 53 75 for
346 2642 19 75 a
395 2642 77 75 year
488 2642 62 75 and
577 2642 17 75 a
620 2642 63 75 day
699 2642 36 75 to
759 2642 56 75 the
839 2642 89 75 king,
957 2642 43 75 by
1016 2642 129 75 perfons

161 2687 198 75 committing
384 2687 82 75 petit
483 2687 125 75 treafon
635 2687 67 75 and
720 2687 123 75 felony,
872 2687 62 75 and
957 2687 188 75 afterwards

161 2734 55 75 the
231 2734 76 75 land
328 2734 73 75 falls
418 2734 35 75 to
469 2734 54 75 the
540 2734 85 75 lord.

114 2781 116 75 ANA,
248 2781 114 75 among
374 2781 186 75 phyficians,
581 2781 134 75 denotes
732 2781 19 75 a
763 2781 149 75 quantity
924 2781 93 75 equal
1030 2781 35 75 to
1075 2781 71 75 that

162 2826 39 75 of
212 2826 55 75 the
290 2826 170 75 preceding
486 2826 191 75 ingredient.
726 2826 33 75 It
786 2826 27 75 is
831 2826 203 75 abbreviated
1057 2826 88 75 thus,

163 2873 57 75 aa,
243 2873 38 75 or
297 2873 34 75 a.

115 2919 97 75 Ana,
238 2919 114 75 among
368 2919 105 75 occCtlt
490 2919 232 75 philofophers,
751 2919 18 75 a
785 2919 83 75 term
884 2919 77 75 uftd
978 2919 35 75 to'
1028 2919 118 75 denote

1069 125 18 75 (
1152 125 76 75 139
1286 125 20 75 )

1641 125 242 75 ANA

1242 178 54 75 the
1312 178 116 75 human
1446 178 100 75 mind,
1564 178 85 75 from
1665 178 130 75 whence
1811 178 85 75 fome
1912 178 66 75 will
1994 178 81 75 have
2091 178 136 75 anafap-

1244 224 46 75 ta,
1310 224 18 75 a
1343 224 124 75 daemon
1483 224 139 75 invoked
1636 224 45 75 By
1693 224 62 75 fick
1768 224 140 75 perfons,
1925 224 36 75 to
1977 224 41 75 be
2033 224 144 75 derived.

1195 273 216 75 ANABAO,
1441 273 60 75 one
1528 273 40 75 of
1587 273 54 75 the
1666 273 155 75 Molucca
1844 273 126 75 idands,
2000 273 37 75 S.
2061 273 61 75 W.
2141 273 86 75 from

1242 317 128 75 Timor.

1195 366 393 75 ANABAPTISTON,
1622 366 54 75 the
1704 366 84 75 fame
1816 366 77 75 with
1923 366 189 75 abaptidon.
2163 366 64 75 See

1243 411 148 75 Abapti
1402 411 116 75 STON.

1195 459 349 75 ANABAPTISTS,
1562 459 18 75 a
1595 459 63 75 fed!
1672 459 38 75 or
1725 459 240 75 denominatiofi
1983 459 40 75 of
2036 459 190 75 Chridians,

1241 503 73 75 who
1345 503 122 75 deduce
1493 503 85 75 their
1603 503 135 75 original
1769 503 86 75 from
1887 503 57 75 the
1972 503 150 75 apodolic
2154 503 70 75 age.

1240 550 85 75 This
1343 550 90 75 name
1446 550 62 75 was
1519 550 92 75 given
1627 550 87 75 them
1727 550 43 75 by
1778 550 85 75 their
1886 550 189 75 opponents,
2085 550 76 75 foon
2177 550 50 75 af-

1240 596 51 75 ter
1306 596 56 75 the
1374 596 237 75 Reformation,
1628 596 44 75 by
1687 596 72 75 way
1775 596 150 75 offcorn,
1944 596 62 75 and
2021 596 136 75 imports
2174 596 53 75 r*-

1241 644 189 75 baptizing\
1456 644 60 75 but
1538 644 63 75 this
1618 644 116 75 charge
1758 644 78 75 they
1850 644 155 75 difclaim,
2024 644 46 75 by
2088 644 139 75 denying

1244 689 70 75 that
1330 689 55 75 the
1402 689 186 75 fprinkling,
1606 689 37 75 or
1659 689 134 75 pouring
1808 689 41 75 of
1871 689 111 75 water,
2007 689 84 75 upon
2107 689 120 75 infants

1241 736 56 75 has
1321 736 61 75 any
1399 736 135 75 relation
1558 736 99 75 at,all
1682 736 35 75 to
1740 736 56 75 the
1821 736 339 75 fcripture-ordinance
2192 736 41 75 of

1242 783 145 75 baptifm,
1406 783 103 75 either
1524 783 34 75 as
1574 783 36 75 to
1625 783 43 75 hs
1670 783 144 75 fuijefts
1831 783 37 75 or
1881 783 99 75 mode.

1289 830 144 75 Though
1449 830 78 75 they
1543 830 121 75 believe
1688 830 56 75 the
1760 830 153 75 falvation
1930 830 40 75 of
1986 830 79 75 eledt
2081 830 118 75 infants
2215 830 11 75 ;

1243 876 55 75 yet
1313 876 79 75 they
1407 876 84 75 deny
1507 876 84 75 their
1609 876 96 75 being
1727 876 55 75 the
1806 876 116 75 proper
1937 876 135 75 fubjedls
2088 876 41 75 of
2150 876 78 75 bap-

1244 921 72 75 tifm
1326 921 9 75 :
1362 921 141 75 Becaufe
1529 921 80 75 they
1624 921 58 75 can
1710 921 67 75 find
1796 921 125 75 neither
1944 921 131 75 precept
2093 921 60 75 nor
2170 921 60 75 ex-

1243 970 103 75 ample
1362 970 51 75 for
1429 970 76 75 fuch
1530 970 19 75 a
1575 970 134 75 pradtice
1734 970 31 75 in
1791 970 55 75 the
1861 970 48 75 N.
1927 970 210 75 Tedament:
2163 970 66 75 Be-

1244 1016 89 75 caufe
1350 1016 136 75 Chrid’s
1503 1016 188 75 commiflion
1718 1016 35 75 to
1777 1016 128 75 baptize
1922 1016 131 75 appears
2076 1016 35 75 to
2139 1016 93 75 them

1243 1062 34 75 to
1290 1062 118 75 redridt
1420 1062 64 75 this
1501 1062 171 75 ordinance
1688 1062 35 75 to
1739 1062 76 75 fuCh
1832 1062 77 75 only
1925 1062 33 75 as
1976 1062 53 75 are
2046 1062 127 75 taught,
2191 1062 38 75 or

1244 1109 91 75 made
1354 1109 159 75 difciples,
1543 1109 61 75 and
1631 1109 121 75 believe
1779 1109 56 75 the
1860 1109 118 75 gofpel,
2004 1109 89 75 Mat.
2110 1109 119 75 xXviii.

1248 1155 54 75 19.
1328 1155 98 75 Mark
1445 1155 66 75 xvi.
1535 1155 75 75 16.:
1638 1155 141 75 Becaufe
1807 1155 55 75 the
1882 1155 146 75 apodles,
2053 1155 33 75 in
2110 1155 118 75 execu-

1242 1203 69 75 ting
1324 1203 134 75 Chrid’s
1476 1203 202 75 commiffion,
1704 1203 96 75 never
1816 1203 153 75 baptized
1984 1203 62 75 any
2062 1203 59 75 but
2137 1203 93 75 thofe

1242 1247 74 75 who
1327 1247 84 75 were
1428 1247 63 75 fird
1507 1247 167 75 indrudted
1691 1247 31 75 in
1735 1247 55 75 the
1803 1247 160 75 Chridian
1974 1247 95 75 faith,
2083 1247 145 75 andpro-

1241 1294 97 75 fefled
1356 1294 83 75 their
1455 1294 103 75 belief
1568 1294 40 75 of
1618 1294 39 75 it,
1674 1294 80 75 Adis
1770 1294 35 75 ii.
1823 1294 58 75 41.
1898 1294 145 75 viii.-12.
2058 1294 93 75 xviii.
2169 1294 58 75 g,:

1241 1341 78 75 And
1336 1341 130 75 becaufe
1483 1341 55 75 the
1555 1341 110 75 nature
1682 1341 63 75 and
1760 1341 105 75 defign
1883 1341 40 75 of
1939 1341 54 75 the
2010 1341 174 75 ordinance
2201 1341 27 75 is

1241 1387 75 75 fuch
1341 1387 33 75 as
1392 1387 56 75 can
1465 1387 40 75 be
1521 1387 41 75 of
1579 1387 42 75 no
1638 1387 174 75 advantage
1829 1387 35 75 to
1887 1387 130 75 infants,
2046 1387 26 75 it
2089 1387 98 75 being
2211 1387 19 75 a

1242 1434 64 75 fign
1323 1434 63 75 and
1403 1434 244 75 reprefentation
1664 1434 40 75 of
1725 1434 144 75 fpiritual
1892 1434 156 75 blefiings,
2076 1434 153 75 intended

1242 1481 35 75 to
1294 1481 129 75 imprefs
1436 1481 55 75 the
1507 1481 88 75 mind
1607 1481 40 75 of
1658 1481 55 75 the
1729 1481 113 75 perfon
1857 1481 152 75 baptized
2020 1481 80 75 with
2111 1481 18 75 a
2141 1481 89 75 com-

1242 1528 137 75 fortable
1394 1528 87 75 fenfe
1498 1528 40 75 of
1550 1528 88 75 what
1659 1528 29 75 is
1704 1528 139 75 fignified
1864 1528 148 75 thereby,
2045 1528 15 75 1
2087 1528 74 75 Pet.
2179 1528 49 75 iii.

1243 1576 78 75 21.;
1349 1576 62 75 and
1434 1576 34 75 as
1492 1576 119 75 infants
1638 1576 57 75 can
1712 1576 125 75 neither
1852 1576 122 75 difeern
1996 1576 57 75 the
2075 1576 65 75 fign
2168 1576 60 75 nor

1242 1620 54 75 the
1313 1620 92 75 thing
1421 1620 150 75 fignified,
1596 1620 35 75 fo
1647 1620 77 75 they
1736 1620 92 75 think
1844 1620 78 75 they
1937 1620 58 75 can
2011 1620 74 75 reap
2108 1620 41 75 no
2172 1620 56 75 be-

1242 1666 76 75 nefit
1343 1666 84 75 from
1451 1666 37 75 it,
1513 1666 61 75 any
1591 1666 87 75 more
1696 1666 76 75 than
1789 1666 84 75 from
1890 1666 54 75 the
1961 1666 121 75 Lord’s
2102 1666 125 75 dipper,

1242 1713 37 75 or
1296 1713 62 75 any
1374 1713 93 75 other
1484 1713 170 75 ordinance
1671 1713 40 75 of
1729 1713 56 75 the
1800 1713 120 75 gofpdl.

1289 1760 99 75 They
1403 1760 98 75 repel!
1519 1760 54 75 the
1589 1760 166 75 argument
1770 1760 110 75 drawn
1898 1760 84 75 from
1999 1760 228 75 circumcifion,

1243 1807 44 75 by
1302 1807 235 75 didinguifhing
1553 1807 135 75 betwixt
1705 1807 56 75 the
1778 1807 69 75 Old
1862 1807 62 75 and
1940 1807 85 75 New
2039 1807 192 75 Tedament

1243 1853 236 75 difpenfations,
1504 1853 62 75 and
1590 1853 136 75 betwixt
1754 1853 55 75 the
1842 1853 125 75 natural
1999 1853 63 75 and
2085 1853 145 75 fpiritual

1241 1900 73 75 feed
1321 1900 41 75 of
1371 1900 179 75 Abraham,
1563 1900 100 75 Rom.
1676 1900 48 75 ix.
1744 1900 32 75 8.
1792 1900 80 75 Gal.
1890 1900 44 75 iv.
1954 1900 271 75 22,23,28,31.

1243 1945 63 75 and
1321 1945 163 75 maintain,
1495 1945 71 75 that
1584 1945 32 75 as
1634 1945 213 75 circumcifion
1864 1945 159 75 belonged
2038 1945 35 75 to
2090 1945 55 75 the
2158 1945 69 75 car-

1242 1992 52 75 nal
1321 1992 101 75 birth,
1446 1992 35 75 fo
1508 1992 134 75 fcaptifm
1674 1992 133 75 belongs
1839 1992 77 75 only
1931 1992 35 75 to
1999 1992 54 75 the
2084 1992 144 75 fpiritual

1242 2038 100 75 birth,
1375 2038 39 75 or
1441 2038 81 75 thefe
1539 2038 71 75 who
1636 2038 59 75 are
1718 2038 43 75 of
1770 2038 109 75 faith.
1906 2038 80 75 Gal.
2004 2038 33 75 iii
2072 2038 32 75 7.
2154 2038 73 75 t)ur

1243 2085 120 75 Lord’s
1387 2085 106 75 words
1516 2085 32 75 in
1569 2085 99 75 Mark
1693 2085 36 75 x.
1759 2085 54 75 13,
1840 2085 54 75 14.
1919 2085 78 75 they
2024 2085 141 75 corfider
2191 2085 35 75 as

1241 2131 117 75 having
1374 2131 42 75 no
1432 2131 134 75 relation
1583 2131 35 75 to
1633 2131 265 75 infant-baptifm,
1921 2131 34 75 as
1977 2131 41 75 he
2042 2131 91 75 there
2159 2131 69 75 nei-

1242 2177 72 75 ther
1329 2177 116 75 injoins
1461 2177 59 75 nor
1535 2177 195 75 exemplifies
1742 2177 47 75 it;
1816 2177 62 75 and
1889 2177 77 75 they
1977 2177 179 75 diltinguifli
2169 2177 56 75 be-

1242 2223 95 75 twixt
1361 2223 89 75 thofe
1474 2223 74 75 who
1572 2223 73 75 may
1661 2223 40 75 be
1723 2223 134 75 fubjefts
1873 2223 41 75 of
1935 2223 55 75 the
2013 2223 153 75 kingdom
2189 2223 43 75 of

1241 2270 121 75 heaven
1377 2270 33 75 in
1426 2270 107 75 God’s
1556 2270 94 75 fight,
1675 2270 62 75 and
1754 2270 86 75 thefe
1856 2270 107 75 whom
1979 2270 41 75 he
2044 2270 106 75 points
2167 2270 60 75 out

1241 2316 35 75 to
1298 2316 37 75 us
1360 2316 33 75 as
1418 2316 114 75 proper
1548 2316 107 75 vilible
1679 2316 134 75 fubjedls
1838 2316 40 75 of
1899 2316 325 75 gofpel-oidinances.

1239 2363 76 75 The
1332 2363 163 75 argument
1511 2363 84 75 from
1612 2363 55 75 the
1683 2363 133 75 apodles
1829 2363 83 75 their
1928 2363 163 75 baptizing
2118 2363 108 75 whole

1241 2410 124 75 houfes,
1399 2410 77 75 they
1503 2410 131 75 anfwer,
1660 2410 43 75 by
1730 2410 137 75 fhewing
1894 2410 70 75 that
1991 2410 88 75 thefe
2104 2410 121 75 Jioufes

1240 2456 101 75 heard
1357 2456 54 75 the
1423 2456 102 75 word,
1539 2456 156 75 believed,
1708 2456 83 75 were
1805 2456 192 75 comforted,
2011 2456 62 75 and
2082 2456 143 75 abound-

1240 2502 40 75 ed
1303 2502 31 75 in
1358 2502 85 75 good
1459 2502 118 75 works,
1599 2502 78 75 Adis
1695 2502 69 75 xvi.
1793 2502 54 75 32,
1877 2502 55 75 34,
1958 2502 59 75 40.
2043 2502 63 75 and
2129 2502 93 75 xviii.

1242 2551 32 75 8.
1306 2551 12 75 1
1340 2551 81 75 Cor.
1439 2551 68 75 xvi.
1530 2551 52 75 15,
1605 2551 55 75 16.
1685 2551 62 75 and
1769 2551 34 75 fo
1820 2551 95 75 could
1930 2551 57 75 not
2004 2551 39 75 be
2059 2551 132 75 infants.

1286 2596 77 75 The
1379 2596 94 75 mode
1498 2596 37 75 or
1550 2596 130 75 manner
1696 2596 40 75 of
1755 2596 131 75 baptifm
1903 2596 78 75 they
1998 2596 101 75 aflirm
2124 2596 35 75 to
2183 2596 40 75 be

1240 2641 131 75 dipping
1386 2641 37 75 cr
1445 2641 7 75 '
1452 2641 168 75 nnmerfing
1635 2641 56 75 the
1707 2641 104 75 whole
1826 2641 89 75 body
1930 2641 32 75 in
1978 2641 111 75 water.
2136 2641 97 75 This,

1241 2688 77 75 they
1333 2688 54 75 lay
1402 2688 27 75 is
1446 2688 54 75 the
1516 2688 139 75 primary
1666 2688 62 75 and
1744 2688 115 75 proper
1874 2688 147 75 meaning
2036 2688 41 75 of
2086 2688 55 75 the
2157 2688 69 75 ori-

1242 2735 84 75 ginal
1343 2735 90 75 word
1450 2735 155 75 Babtizo,
1632 2735 31 75 to
1680 2735 66 75 dip,
1772 2735 159 75 ivnnerfe,
1953 2735 39 75 or
2009 2735 134 75 plunge.
2183 2735 40 75 In

1241 2782 129 75 fupport
1386 2782 41 75 of
1447 2782 65 75 this
1528 2782 84 75 fenfe
1629 2782 40 75 of
1689 2782 55 75 the
1759 2782 102 75 word,
1880 2782 77 75 they
1973 2782 139 75 produce
2129 2782 94 75 other

1242 2830 104 75 places
1361 2830 33 75 in
1410 2830 56 75 the
1482 2830 48 75 N.
1546 2830 187 75 Tedament
1744 2830 105 75 where
1866 2830 25 75 it
1908 2830 26 75 is
1951 2830 34 75 fo
2002 2830 166 75 rendered,
2187 2830 36 75 as

1242 2874 86 75 Mat.
1346 2874 94 75 xxvi.
1462 2874 56 75 23.
1544 2874 95 75 Luke
1660 2874 68 75 xvi.
1755 2874 58 75 24.
1838 2874 86 75 John
1952 2874 70 75 xiii.
2049 2874 58 75 26.
2133 2874 87 75 Rev.

1235 2923 79 75 ,xix.
1337 2923 54 75 13,
1418 2923 33 75 as
1469 2923 64 75 aifo
1549 2923 55 75 the
1621 2923 237 75 circumdances
1876 2923 41 75 cf
1931 2923 59 75 our
2006 2923 120 75 Lord’s
2144 2923 79 75 bap-
