2493 3387
698 125 498 75 ASTRO

142 201 64 75 and
221 201 72 75 that
309 201 71 75 part
402 201 42 75 of
466 201 55 75 the
538 201 128 75 ecliptic
683 201 70 75 FG,
782 201 30 75 in
830 201 106 75 which
965 201 56 75 the
1038 201 96 75 moon
1151 201 27 75 is

142 248 79 75 then
237 248 82 75 new,
346 248 133 75 touches
500 248 56 75 the
580 248 104 75 tropic
700 248 40 75 of
760 248 126 75 Cancer
904 248 34 75 T"
953 248 33 75 at
1004 248 49 75 Z>.
1101 248 78 75 The

142 294 96 75 north
256 294 72 75 pole
347 294 43 75 N
401 294 33 75 zx.
450 294 71 75 that
537 294 246 75 time^inclining
801 294 70 75 23!
890 294 131 75 degrees
1039 294 140 75 towards

143 342 57 75 the
228 342 67 75 fun,
322 342 73 75 falls
422 342 35 75 fo
484 342 95 75 many
595 342 133 75 degrees
751 342 114 75 within
894 342 54 75 the
976 342 118 75 earth’s
1123 342 55 75 en-

143 388 165 75 lightened
332 388 79 75 dilk,
449 388 132 75 becaufe
608 388 56 75 the
686 388 55 75 fun
769 388 26 75 is
820 388 76 75 then
920 388 131 75 vertical
1075 388 35 75 to
1128 388 52 75 D,

145 440 70 75 23-r
230 440 131 75 degrees
378 440 97 75 north
488 440 39 75 of
539 440 56 75 the
612 440 136 75 equator

899 440 62 75 and
973 440 54 75 the
1043 440 138 75 equator

144 481 79 75 with
242 481 42 75 all
301 481 41 75 its
359 481 147 75 parallels
529 481 84 75 feem
637 481 121 75 elliptic
775 481 111 75 curves
911 481 140 75 bending
1067 481 112 75 down-

145 529 101 75 ward,
271 529 38 75 or
325 529 140 75 towards
482 529 56 75 the
557 529 93 75 fouth
667 529 85 75 pole,
778 529 33 75 as
831 529 72 75 feen
918 529 84 75 from
1023 529 55 75 the
1095 529 56 75 fun
1166 529 11 75 ;

144 575 107 75 which
276 575 85 75 pole,
386 575 148 75 together
559 575 78 75 with
657 575 69 75 234
742 575 131 75 degrees
898 575 41 75 ail
969 575 103 75 round
1088 575 38 75 it,
1152 575 31 75 is

145 623 58 75 hid
220 623 116 75 behind
354 623 54 75 the
426 623 68 75 dilk
510 623 33 75 in
560 623 57 75 the
633 623 82 75 dark
731 623 196 75 hemifphere
945 623 38 75 of
995 623 54 75 the
1073 623 108 75 earth.

145 669 49 75 At
213 669 55 75 the
294 669 161 75 autumnal
473 669 155 75 equinox,
654 669 55 75 the
725 669 120 75 earth’s
863 669 69 75 axis
958 669 57 75 has
1041 669 56 75 the
1123 669 57 75 po-

145 716 91 75 lition
254 716 106 75 NOS,
385 716 88 75 lying
490 716 35 75 to
545 716 55 75 the
617 716 59 75 left
692 716 87 75 hand
794 716 34 75 as
850 716 71 75 feen
949 716 85 75 from
1052 716 55 75 the
1124 716 60 75 fun

146 762 38 75 or
200 762 71 75 new
287 762 108 75 moon,
422 762 103 75 which
543 762 55 75 are
622 762 75 75 then
719 762 132 75 vertical
876 762 35 75 to
934 762 41 75 0,
1000 762 107 75 where
1124 762 58 75 the

146 809 128 75 ecliptic
300 809 70 75 cuts
398 809 55 75 the
476 809 135 75 equator

781 809 89 75 Both
897 809 88 75 poles
1003 809 72 75 now
1091 809 42 75 lie
1150 809 32 75 in

146 856 55 75 the
219 856 245 75 circumference
481 856 40 75 of
543 856 55 75 the
615 856 80 75 dilk,
722 856 55 75 the
793 856 96 75 north
916 856 72 75 pole
1005 856 64 75 juft
1085 856 97 75 going

147 904 34 75 to
197 904 163 75 difappear
376 904 120 75 behind
520 904 36 75 it,
584 904 62 75 and
662 904 56 75 the
743 904 93 75 fouth
860 904 72 75 pole
957 904 62 75 juft
1036 904 146 75 entering

145 949 68 75 into
231 949 25 75 it
273 949 9 75 ;
309 949 62 75 and
387 949 56 75 the
467 949 148 75 equator,
640 949 78 75 with
737 949 41 75 all
796 949 41 75 its
856 949 162 75 parallels,
1048 949 82 75 feem
1147 949 35 75 to

145 997 40 75 be
202 997 131 75 ftraight
349 997 93 75 lines,
468 997 132 75 becaufe
628 997 83 75 their
740 997 108 75 planes
877 997 69 75 pafs
969 997 141 75 through
1128 997 56 75 the

145 1044 177 75 obferver’s
340 1044 71 75 eye,
437 1044 33 75 as
487 1044 71 75 feen
576 1044 84 75 from
677 1044 56 75 the
756 1044 68 75 fun,
850 1044 63 75 and
929 1044 79 75 very
1024 1044 110 75 nearly
1150 1044 34 75 fo

130 1091 52 75 .as
210 1091 72 75 feen
309 1091 86 75 from
417 1091 56 75 the
500 1091 107 75 moon.
658 1091 48 75 At
735 1091 55 75 the
819 1091 112 75 winter
958 1091 135 75 iolftice,
1127 1091 57 75 the

147 1137 119 75 earth’s
285 1137 70 75 axis
373 1137 56 75 has
447 1137 55 75 the
520 1137 133 75 pofition
671 1137 130 75 NNS;
830 1137 93 75 when
939 1137 41 75 its
995 1137 93 75 fouth
1107 1137 76 75 pole

148 1184 25 75 S
197 1184 152 75 inclining
375 1184 69 75 234
467 1184 133 75 degrees
624 1184 125 75 toward
773 1184 55 75 the
852 1184 70 75 fun,
946 1184 75 75 falls
1042 1184 68 75 234
1126 1184 22 75 d
1148 1166 18 49 e
1166 1184 15 75 '

149 1231 90 75 grees
256 1231 111 75 within
384 1231 55 75 the
457 1231 204 75 enlightened
686 1231 80 75 dilk,
797 1231 33 75 as
855 1231 71 75 feen
952 1231 86 75 from
1054 1231 55 75 the
1125 1231 57 75 fun

148 1277 37 75 or
201 1277 71 75 new
288 1277 107 75 moon,
422 1277 105 75 which
552 1277 53 75 are
630 1277 77 75 then
732 1277 132 75 vertical
882 1277 35 75 to
945 1277 55 75 the
1029 1277 104 75 tropic
1149 1277 40 75 of

147 1324 178 75 Capricorn
338 1324 26 75 t,
385 1324 68 75 234
469 1324 131 75 degrees
616 1324 94 75 fouth
723 1324 39 75 of
775 1324 53 75 the
840 1324 136 75 equator

1123 1324 62 75 and

149 1370 55 75 the
229 1370 150 75 equator,
396 1370 80 75 with
502 1370 42 75 all
568 1370 42 75 its
639 1370 158 75 parallels,
822 1370 84 75 feem
934 1370 121 75 elliptic
1072 1370 112 75 curves

149 1415 140 75 bending
307 1415 131 75 upward
452 1415 10 75 ;
501 1415 55 75 the
584 1415 95 75 north
708 1415 73 75 pole
806 1415 94 75 being
928 1415 34 75 as
990 1415 49 75 far
1055 1415 56 75 hid
1128 1415 55 75 be-

150 1462 79 75 hind
245 1462 56 75 the
318 1462 68 75 dike
410 1462 31 75 in
467 1462 54 75 the
538 1462 80 75 dark
642 1462 209 75 heipifphere,
877 1462 32 75 as
926 1462 56 75 tfie
998 1462 93 75 fouth
1113 1462 72 75 pole

150 1510 26 75 is
194 1510 90 75 come
300 1510 68 75 into
386 1510 53 75 the
455 1510 96 75 light.
610 1510 14 75 T
635 1510 41 75 he
693 1510 110 75 nearer
820 1510 70 75 that
908 1510 60 75 any
985 1510 76 75 time
1079 1510 38 75 of
1129 1510 57 75 the

151 1555 76 75 year
238 1555 26 75 is
282 1555 35 75 to
333 1555 56 75 the
405 1555 178 75 equinoxes
596 1555 36 75 or
648 1555 150 75 folftices,
824 1555 55 75 the
893 1555 88 75 more
993 1555 26 75 it
1035 1555 148 75 partakes

150 1604 41 75 of
203 1604 54 75 the
275 1604 198 75 phenomena
489 1604 135 75 relating
640 1604 35 75 to
692 1604 101 75 them.

198 1650 94 75 Thus
311 1650 25 75 it
353 1650 144 75 appears,
522 1650 70 75 that
614 1650 84 75 from
715 1650 54 75 the
787 1650 108 75 vernal
919 1650 143 75 equinox
1078 1650 35 75 to
1129 1650 56 75 the

151 1696 177 75 autumnal,
353 1696 56 75 the
427 1696 94 75 north
541 1696 72 75 pole
628 1696 26 75 is
672 1696 204 75 enlightened
891 1696 9 75 ;
928 1696 61 75 and
1013 1696 56 75 the
1087 1696 98 75 equa-i

152 1741 64 75 tor,
234 1741 64 75 and
324 1741 42 75 all
394 1741 41 75 its
463 1741 160 75 parallels,
649 1741 115 75 appear
780 1741 150 75 elliptical
955 1741 34 75 as
1013 1741 71 75 feen
1100 1741 89 75 from

152 1789 56 75 the
224 1789 68 75 fun,
318 1789 88 75 more
423 1789 37 75 or
477 1789 58 75 lefs
553 1789 118 75 curved
688 1789 32 75 as
739 1789 53 75 the
810 1789 76 75 time
904 1789 25 75 is
948 1789 110 75 nearer
1074 1789 48 75 to,
1147 1789 39 75 or

151 1836 124 75 farther
300 1836 96 75 from,
422 1836 55 75 the
502 1836 136 75 fummer
662 1836 120 75 folftice
797 1836 10 75 ;
837 1836 63 75 and
920 1836 138 75 bending
1074 1836 112 75 down-

151 1882 118 75 wards,
294 1882 37 75 or
347 1882 140 75 towards
505 1882 54 75 the
575 1882 93 75 fouth
686 1882 71 75 pole
772 1882 10 75 ;
811 1882 54 75 the
889 1882 121 75 reverfe
1027 1882 39 75 of
1078 1882 106 75 which

151 1931 140 75 happens
308 1931 84 75 from
410 1931 54 75 the
492 1931 162 75 autumnal
683 1931 143 75 equinox
850 1931 36 75 to
910 1931 55 75 the
982 1931 120 75 vernal.
1152 1931 34 75 A

151 1977 83 75 little
258 1977 228 75 confideration
514 1977 67 75 will
609 1977 39 75 be
675 1977 155 75 fuffreient
862 1977 35 75 to
937 1977 152 75 convince
1129 1977 58 75 the

152 2023 122 75 reader,
300 2023 70 75 that
387 2023 55 75 the
459 2023 119 75 earth’s
596 2023 71 75 axis
689 2023 130 75 inclines
845 2023 142 75 towards
1002 2023 57 75 the
1079 2023 56 75 fun
1152 2023 35 75 at

152 2069 55 75 the
223 2069 135 75 fummer
374 2069 122 75 folftice
510 2069 26 75 ;.
547 2069 85 75 from
649 2069 55 75 the
715 2069 55 75 fun
789 2069 32 75 at
838 2069 54 75 the
909 2069 113 75 winter
1034 2069 122 75 folftice
1171 2069 12 75 ;

153 2116 63 75 and
230 2116 137 75 lidewife
384 2116 34 75 to
439 2116 55 75 the
522 2116 56 75 fun
603 2116 33 75 at
661 2116 54 75 the
732 2116 176 75 equinoxes
923 2116 11 75 ;
961 2116 57 75 but
1043 2116 143 75 towards

152 2162 55 75 the
224 2162 86 75 right
327 2162 97 75 hand,
442 2162 34 75 as
492 2162 73 75 feen
581 2162 88 75 from
682 2162 55 75 the
754 2162 55 75 fun
834 2162 33 75 at
893 2162 56 75 the
966 2162 108 75 vernal
1092 2162 95 75 equi-

153 2208 64 75 nox
233 2208 10 75 ;
271 2208 63 75 and
349 2208 140 75 towards
506 2208 56 75 the
578 2208 60 75 left
654 2208 85 75 hand
756 2208 33 75 at
805 2208 55 75 the
873 2208 176 75 autumnal.
1086 2208 98 75 From

153 2255 56 75 the
233 2255 115 75 winter
372 2255 34 75 to
431 2255 55 75 the
510 2255 136 75 fummer
669 2255 132 75 folftice,
827 2255 56 75 the
904 2255 119 75 earth’s
1049 2255 69 75 axis
1135 2255 53 75 in-

154 2300 96 75 clines
268 2300 88 75 more
372 2300 38 75 or
436 2300 60 75 lefs
514 2300 34 75 to
565 2300 55 75 the
648 2300 85 75 right
749 2300 97 75 hand,
872 2300 34 75 as
933 2300 72 75 feen
1028 2300 86 75 from
1129 2300 56 75 the

153 2349 80 75 fun;
262 2349 62 75 and
351 2349 55 75 the
433 2349 150 75 contrary
598 2349 86 75 from
701 2349 54 75 the
783 2349 136 75 fummer
947 2349 35 75 to
999 2349 57 75 the
1071 2349 119 75 winter;

153 2395 137 75 folftice.

200 2442 76 75 The
298 2442 150 75 different
475 2442 150 75 pofitions
652 2442 40 75 of
714 2442 57 75 the
798 2442 120 75 earth’s
945 2442 88 75 axis,-
1055 2442 34 75 as
1113 2442 77 75 feew

153 2489 84 75 from
254 2489 55 75 the
325 2489 55 75 fun
397 2489 33 75 at
454 2489 149 75 different
627 2489 92 75 times
736 2489 40 75 of
796 2489 55 75 the
875 2489 88 75 year,
993 2489 94 75 affedi
1103 2489 84 75 folar

153 2535 129 75 eclipfes
298 2535 124 75 greatly
440 2535 76 75 ^ith
534 2535 114 75 regard
659 2535 35 75 to
711 2535 171 75 particular
898 2535 103 75 places
1016 2535 10 75 ;
1054 2535 70 75 yea,
1150 2535 35 75 fo

152 2581 49 75 far
218 2581 33 75 as
269 2581 108 75 would
394 2581 91 75 make
501 2581 119 75 central
637 2581 129 75 eclipfes
783 2581 105 75 which
905 2581 56 75 fall
978 2581 34 75 at
1030 2581 61 75 one
1107 2581 81 75 time

154 2627 38 75 of
205 2627 55 75 the
277 2627 74 75 year
367 2627 140 75 invifible
524 2627 30 75 if
565 2627 77 75 they
658 2627 55 75 fell
732 2627 31 75 at
788 2627 148 75 another,
964 2627 77 75 even
1058 2627 130 75 thong}*

154 2675 55 75 the
226 2675 96 75 moon
338 2675 112 75 fhould
465 2675 118 75 always
600 2675 120 75 change
736 2675 31 75 in
785 2675 55 75 the
857 2675 111 75 nodes,
993 2675 63 75 and
1080 2675 31 75 at
1127 2675 61 75 the

153 2721 83 75 fame
252 2721 83 75 hour
352 2721 40 75 of
411 2721 55 75 the
484 2721 85 75 day;
597 2721 39 75 of
652 2721 106 75 which
779 2721 197 75 indefinitely
991 2721 127 75 various
1135 2721 48 75 af-

154 2767 145 75 fedtions,
325 2767 48 75 we
389 2767 76 75 fhall
478 2767 76 75 only
570 2767 71 75 give
658 2767 168 75 examples-
837 2767 51 75 for
901 2767 56 75 the
968 2767 93 75 times
1072 2767 45 75 of
1128 2767 60 75 the

154 2813 177 75 equinoxes
349 2813 60 75 and
425 2813 152 75 folftices.

203 2860 36 75 In
258 2860 54 75 the
325 2860 84 75 fame
419 2860 154 75 diagram,
601 2860 109 75 (Plate
721 2860 151 75 XLVJI.
898 2860 55 75 fig.
972 2860 69 75 2.),
1064 2860 45 75 let
1126 2860 59 75 FG

153 2908 39 75 be
209 2908 72 75 part
298 2908 40 75 of
357 2908 56 75 the
437 2908 139 75 ecliptic,
602 2908 61 75 and
683 2908 66 75 IK,
771 2908 44 75 ik,
840 2908 45 75 ik,
910 2908 44 75 ik,
981 2908 70 75 part
1068 2908 42 75 of
1128 2908 60 75 the

152 2955 124 75 moon’s
293 2955 110 75 orbit;
442 2955 78 75 both
547 2955 72 75 feen
646 2955 168 75 edgewife,
839 2955 61 75 and
924 2955 162 75 therefore
1111 2955 73 75 pro-

150 3005 107 75 jedted
270 3005 69 75 into
357 3005 86 75 right
458 3005 80 75 lines
553 3005 10 75 j
591 3005 63 75 and
669 3005 45 75 let
736 3005 54 75 the
815 3005 214 75 interfedlions
1046 3005 143 75 NODE.

1277 123 44 75 N
1399 123 41 75 O
1518 123 49 75 M
1643 123 55 75 Y.

1227 195 38 75 be
1282 195 60 75 one
1359 195 64 75 and
1439 195 55 75 the
1511 195 83 75 fame
1617 195 84 75 node
1721 195 34 75 at
1775 195 55 75 the
1847 195 100 75 above
1967 195 106 75 times,
2098 195 94 75 when
2209 195 66 75 the;

1227 240 91 75 earth
1342 240 58 75 has
1418 240 54 75 the
1490 240 256 75 forementioned
1762 240 150 75 different
1934 240 150 75 pofitions
2099 240 11 75 ;
2141 240 61 75 and
2219 240 47 75 let

1227 289 55 75 the
1298 289 107 75 fpaces
1420 289 153 75 included
1589 289 43 75 by
1649 289 55 75 the
1720 289 115 75 circles
1854 289 90 75 Pppp
1961 289 40 75 be
2018 289 55 75 the
2090 289 177 75 penumbra

1228 335 32 75 at
1281 335 87 75 thefe
1384 335 106 75 times,
1516 335 33 75 as
1566 335 41 75 its
1624 335 110 75 centre
1758 335 28 75 is
1804 335 114 75 paffing
1935 335 76 75 over
2032 335 55 75 the
2105 335 108 75 centre
2230 335 41 75 of

1227 383 55 75 the
1300 383 119 75 earth’s
1432 383 80 75 difk.
1563 383 47 75 At
1623 383 57 75 the
1692 383 114 75 winter
1818 383 134 75 folftice,
1969 383 93 75 when
2075 383 55 75 the
2143 383 132 75 earthV

1228 429 69 75 axis
1314 429 57 75 has
1388 429 56 75 the
1462 429 133 75 pofition
1611 429 117 75 NNS,
1754 429 55 75 the
1834 429 110 75 centre
1960 429 41 75 of
2012 429 55 75 the
2091 429 177 75 penumbra

1229 476 30 75 P
1278 476 132 75 touches
1428 476 55 75 the
1500 476 104 75 tropic
1619 476 41 75 of
1680 476 179 75 Capricorn
1875 476 16 75 /
1914 476 32 75 in
1964 476 45 75 Ad
2023 476 33 75 at
2072 476 56 75 the
2145 476 122 75 middle

1229 524 39 75 of
1291 524 55 75 the
1374 524 128 75 general
1530 524 115 75 eclipfe
1659 524 11 75 ;
1707 524 59 75 but
1793 524 42 75 no
1859 524 72 75 part
1954 524 40 75 of
2012 524 55 75 the
2092 524 175 75 penumbra

1227 570 134 75 touches
1389 570 57 75 the
1473 570 106 75 tropic
1606 570 40 75 of
1669 570 127 75 Cancer
1817 570 38 75 T.
1903 570 49 75 At
1973 570 54 75 the
2050 570 135 75 fummer
2202 570 63 75 fol-

1227 618 86 75 ftice,
1339 618 93 75 when
1452 618 56 75 the
1524 618 119 75 earth’s
1661 618 70 75 axis
1748 618 58 75 has
1823 618 56 75 the
1903 618 134 75 pofition
2056 618 102 75 NDS
2177 618 89 75 (iDk

1227 664 94 75 being
1346 664 76 75 then
1452 664 70 75 part
1538 664 41 75 of
1602 664 55 75 the
1686 664 124 75 moon’s
1828 664 98 75 orbit,
1952 664 106 75 whofe
2075 664 93 75 node-
2186 664 27 75 is
2231 664 35 75 at

1227 711 53 75 D)
1309 711 54 75 the
1380 711 177 75 penumbra
1578 711 22 75 p
1619 711 56 75 has
1692 711 42 75 its
1762 711 109 75 centre
1895 711 32 75 at
1945 711 49 75 D,
2024 711 41 75 on
2090 711 55 75 the
2161 711 107 75 tropic

1228 758 38 75 of
1279 758 126 75 Cancer
1422 758 41 75 T,
1490 758 32 75 at
1538 758 56 75 the
1619 758 120 75 middle
1757 758 40 75 of
1816 758 56 75 the
1897 758 127 75 general
2049 758 127 75 eclipfe,
2202 758 64 75 and

1227 805 77 75 then
1328 805 43 75 no
1398 805 71 75 part
1493 805 39 75 of
1554 805 27 75 it
1607 805 134 75 touches
1766 805 56 75 the
1846 805 105 75 tropic
1976 805 40 75 of
2039 805 180 75 Capricorn
2236 805 29 75 t.

1229 851 47 75 At
1293 851 55 75 the
1365 851 165 75 autumnal
1555 851 156 75 equinox,
1737 851 56 75 the
1817 851 120 75 earth’s
1954 851 73 75 axis
2052 851 57 75 has
2135 851 56 75 the
2207 851 59 75 po-

1229 898 89 75 fition
1337 898 106 75 NOS,
1472 898 76 75 [iOk
1572 898 96 75 being
1684 898 76 75 then
1785 898 73 75 part
1875 898 39 75 of
1934 898 55 75 the
2006 898 124 75 moon’s
2148 898 126 75 orbit),,

1230 945 61 75 and
1315 945 56 75 the
1396 945 173 75 penumbra
1586 945 132 75 equally
1734 945 144 75 includes
1902 945 72 75 part
1986 945 40 75 of
2046 945 78 75 both
2146 945 122 75 tropics

1231 992 34 75 T
1276 992 62 75 and
1355 992 13 75 t
1386 992 33 75 at
1438 992 55 75 the
1511 992 119 75 middle
1644 992 38 75 of
1694 992 55 75 the
1767 992 126 75 general
1911 992 116 75 eclipfe
2043 992 8 75 :
2079 992 33 75 at
2129 992 54 75 the
2198 992 69 75 ver-

1229 1038 52 75 ml
1298 1038 145 75 equinox
1457 1038 27 75 it
1511 1038 77 75 does
1617 1038 55 75 the
1700 1038 98 75 fame,
1822 1038 130 75 becaufe
1981 1038 55 75 the
2059 1038 119 75 earth’s
2196 1038 72 75 axis

1229 1086 57 75 has
1304 1086 54 75 the
1379 1086 136 75 pofition
1538 1086 97 75 NFS
1649 1086 10 75 ;
1685 1086 71 75 but,
1781 1086 33 75 in
1836 1086 55 75 the
1909 1086 121 75 former
2046 1086 40 75 of
2097 1086 87 75 thefe
2202 1086 66 75 two

1229 1133 57 75 laft
1304 1133 98 75 cafes,
1428 1133 55 75 the
1501 1133 175 75 penumbra
1691 1133 107 75 enters
1815 1133 56 75 the
1892 1133 91 75 earth
2002 1133 33 75 at
2054 1133 44 75 A,
2124 1133 94 75 north
2232 1133 41 75 of

1231 1180 55 75 the
1302 1180 105 75 tropic
1424 1180 41 75 of
1477 1180 125 75 Cancer
1621 1180 40 75 T,
1688 1180 62 75 and
1765 1180 105 75 leaves
1887 1180 26 75 it
1931 1180 33 75 at
1981 1180 43 75 m,
2050 1180 92 75 fouth
2160 1180 39 75 of
2211 1180 57 75 the

1231 1227 103 75 tropic
1351 1227 39 75 of
1411 1227 178 75 Capricorn
1613 1227 40 75 t;
1687 1227 118 75 having
1829 1227 82 75 gone
1928 1227 77 75 over
2029 1227 56 75 the
2102 1227 91 75 earth
2210 1227 58 75 ob-

1231 1274 122 75 liquely
1369 1274 198 75 fouthward,
1593 1274 32 75 as
1643 1274 41 75 its
1702 1274 107 75 centre
1821 1274 166 75 deferibed
1999 1274 55 75 the
2065 1274 66 75 line
2149 1274 94 75 AOm
2256 1274 9 75 :

1232 1322 155 75 whereas,
1413 1322 31 75 in
1467 1322 55 75 the
1547 1322 97 75 latter
1668 1322 82 75 cafe,
1783 1322 56 75 the
1868 1322 174 75 penumbra
2063 1322 133 75 touches
2213 1322 60 75 the

1232 1369 92 75 earth
1340 1369 84 75 at/?,
1449 1369 94 75 fouch
1570 1369 41 75 of
1633 1369 56 75 the
1702 1369 150 75 .equator

2000 1369 61 75 and
2089 1369 181 75 deferibing

1233 1416 56 75 the
1304 1416 157 75 line-;w.Ej'
1461 1416 9 75 ,
1499 1416 131 75 (fimvlar
1648 1416 35 75 to
1707 1416 56 75 the
1787 1416 122 75 former
1930 1416 64 75 line
2013 1416 94 75 AOm
2131 1416 32 75 in
2186 1416 87 75 open,

1232 1462 121 75 fpace),
1379 1462 76 75 goes
1483 1462 166 75 obliquely
1672 1462 190 75 northward
1889 1462 88 75 over,
1993 1462 55 75 the
2076 1462 104 75 earth,
2207 1462 64 75 and

1232 1508 104 75 leaves
1352 1508 26 75 it
1395 1508 32 75 at
1445 1508 32 75 q,
1503 1508 96 75 north
1609 1508 40 75 of
1661 1508 56 75 the
1733 1508 150 75 equator.

1283 1555 37 75 In
1338 1555 43 75 all
1398 1555 88 75 thefe
1503 1555 255 75 circumftances,
1784 1555 55 75 the
1863 1555 96 75 moon
1983 1555 58 75 has
2057 1555 80 75 been
2154 1555 117 75 fuppo-

1233 1602 54 75 fed
1304 1602 34 75 to
1359 1602 124 75 change
1498 1602 33 75 at
1547 1602 85 75 noon
1648 1602 32 75 in
1698 1602 57 75 her
1772 1602 197 75 defeending
1982 1602 103 75 node:
2124 1602 77 75 Had
2217 1602 60 75 Ills'

1233 1649 145 75 changed
1402 1649 33 75 in
1459 1649 58 75 her
1545 1649 169 75 afeending
1734 1649 96 75 node,
1855 1649 57 75 the
1935 1649 198 75 phenomena
2160 1649 111 75 would

1232 1696 81 75 have
1330 1696 79 75 been
1427 1696 33 75 as
1478 1696 126 75 various
1622 1696 55 75 the
1700 1696 152 75 contrary
1874 1696 85 75 way,
1985 1696 79 75 with
2092 1696 118 75 refpedt
2234 1696 42 75 to;

1233 1744 54 75 the
1312 1744 202 75 penumbra’s
1531 1744 98 75 going
1645 1744 188 75 northward
1857 1744 37 75 or
1921 1744 183 75 fouthward
2120 1744 78 75 over
2214 1744 59 75 the

1233 1790 109 75 earth..
1387 1790 66 75 But
1470 1790 131 75 becaufe
1618 1790 56 75 the
1690 1790 96 75 moon
1802 1790 138 75 changes
1969 1790 33 75 at
2029 1790 41 75 all
2099 1790 110 75 hours,
2235 1790 43 75 as-

1234 1837 89 75 often
1350 1837 40 75 in.
1408 1837 61 75 one
1492 1837 84 75 node
1590 1837 35 75 as
1642 1837 32 75 in
1692 1837 54 75 the
1763 1837 106 75 other,
1895 1837 62 75 and
1982 1837 33 75 at
2043 1837 51 75 all.
2114 1837 159 75 diftances

1232 1884 85 75 from
1338 1884 88 75 them
1441 1884 81 75 both
1540 1884 33 75 at
1589 1884 150 75 different
1757 1884 92 75 times
1866 1884 34 75 as
1922 1884 25 75 it
1963 1884 153 75 happens,
2143 1884 55 75 the
2214 1884 63 75 va-

1232 1932 84 75 riety
1328 1932 40 75 of
1383 1932 56 75 the
1456 1932 108 75 phafes
1582 1932 39 75 of
1634 1932 132 75 eclipfes
1782 1932 53 75 are
1856 1932 110 75 almoft
1988 1932 230 75 innumerable,
2237 1932 34 75 e-

1232 1978 183 75 venatthe
1438 1978 84 75 fame
1547 1978 129 75 places;
1704 1978 197 75 confidering
1926 1978 65 75 alfo
2014 1978 76 75 how
2114 1978 162 75 varioufly

1231 2025 57 75 the
1307 2025 84 75 fame
1410 2025 105 75 places
1539 2025 212 75 are.fituated
1779 2025 42 75 on
1849 2025 55 75 the
1929 2025 205 75 enlightened
2150 2025 68 75 difk
2234 2025 41 75 of

1233 2071 54 75 the
1303 2071 105 75 earth,
1435 2071 78 75 with
1531 2071 119 75 refpedt
1665 2071 40 75 to
1716 2071 56 75 the
1789 2071 202 75 penumbra’s
2009 2071 140 75 motion,
2166 2071 33 75 at
2214 2071 64 75 the

1232 2118 151 75 different
1399 2118 99 75 hours
1516 2118 92 75 when
1626 2118 131 75 eclipfes
1768 2118 145 75 -happen.

1279 2164 111 75 When
1418 2164 55 75 the
1496 2164 97 75 moon
1616 2164 138 75 changes
1774 2164 41 75 17
1834 2164 132 75 degrees
1975 2164 93 75 fhort
2085 2164 41 75 of
2136 2164 60 75 her
2211 2164 62 75 de-

1233 2211 262 75 fcending..node,
1511 2211 66 75 .the
1594 2211 174 75 penumbra
1787 2211 29 75 P
1839 2211 40 75 18
1894 2211 63 75 juft
1973 2211 132 75 touches
2123 2211 55 75 the
2195 2211 74 75 nor-

1233 2258 93 75 thern
1343 2258 72 75 part
1445 2258 40 75 of
1504 2258 58 75 the
1584 2258 120 75 earths
1732 2258 80 75 difk,
1837 2258 75 75 near
1928 2258 55 75 the
1999 2258 96 75 north
2113 2258 72 75 pole
2203 2258 63 75 W;

1235 2304 74 75 and,
1335 2304 34 75 as
1385 2304 72 75 feen
1474 2304 86 75 from
1577 2304 71 75 that
1667 2304 103 75 place,
1786 2304 55 75 the
1857 2304 97 75 moon
1971 2304 132 75 appears
2120 2304 35 75 to
2171 2304 99 75 touch

1234 2352 55 75 the
1305 2352 70 75 fun,
1401 2352 64 75 but
1475 2352 92 75 hides
1583 2352 46 75 no,
1642 2352 71 75 part
1729 2352 40 75 of
1783 2352 67 75 him
1874 2352 84 75 from
1975 2352 95 75 fight.
2119 2352 77 75 Had
2213 2352 63 75 the

1235 2399 120 75 change
1372 2399 79 75 been
1470 2399 32 75 as
1520 2399 49 75 far
1585 2399 86 75 fhort
1696 2399 40 75 of
1756 2399 56 75 the
1836 2399 165 75 afeending
2019 2399 95 75 node,
2140 2399 56 75 the
2213 2399 56 75 pe-

1234 2445 132 75 numbra
1384 2445 104 75 would
1507 2445 80 75 have
1604 2445 139 75 touched
1759 2445 55 75 the
1827 2445 149 75 fouthern
1993 2445 72 75 part
2076 2445 41 75 of
2129 2445 55 75 the
2201 2445 74 75 dike

1233 2491 75 75 near
1324 2491 56 75 the
1395 2491 91 75 fouth
1506 2491 74 75 pole
1593 2491 40 75 5.
1679 2491 111 75 When
1808 2491 55 75 the
1880 2491 96 75 moon
1993 2491 141 75 changes
2154 2491 38 75 12
2210 2491 59 75 de-

1233 2538 89 75 grees
1340 2538 86 75 fhort
1438 2538 40 75 of
1486 2538 54 75 the
1556 2538 190 75 defeending
1757 2538 96 75 node,
1871 2538 87 75 more
1977 2538 75 75 than
2066 2538 17 75 a
2097 2538 87 75 third
2197 2538 72 75 part

1232 2585 39 75 of
1283 2585 55 75 the
1357 2585 269 75 penumbra.Pi2
1646 2585 73 75 falls
1737 2585 42 75 on
1795 2585 60 75 the.
1867 2585 151 75 northern
2048 2585 86 75 parts
2160 2585 40 75 of
2212 2585 63 75 the.

1232 2632 90 75 earth
1332 2632 33 75 at
1377 2632 57 75 the
1441 2632 118 75 middle
1568 2632 40 75 of
1615 2632 55 75 the
1682 2632 127 75 general
1822 2632 131 75 eclipfe:
1973 2632 77 75 Had
2060 2632 50 75 ihe
2123 2632 145 75 changed

1232 2679 32 75 as
1278 2679 48 75 far
1339 2679 64 75 paft
1416 2679 55 75 the
1488 2679 82 75 fame
1583 2679 95 75 node,
1697 2679 36 75 as
1744 2679 93 75 much
1851 2679 40 75 of
1901 2679 55 75 the
1969 2679 94 75 other
2080 2679 63 75 fide
2159 2679 40 75 of
2212 2679 55 75 the

1233 2726 173 75 penumbra
1423 2726 107 75 .about
1555 2726 30 75 P
1605 2726 106 75 would
1734 2726 81 75 have
1838 2726 98 75 fallen
1963 2726 42 75 on
2033 2726 65 75 the.
2115 2726 151 75 fouthern

1234 2772 70 75 part
1321 2772 39 75 of
1379 2772 55 75 the
1456 2772 89 75 earth
1558 2772 10 75 ;
1595 2772 42 75 all
1655 2772 55 75 the
1727 2772 60 75 reft
1803 2772 31 75 in
1852 2772 57 75 the
1924 2772 182 75 expanfum,
2132 2772 37 75 or
2185 2772 81 75 open

1233 2820 103 75 fpace.
1384 2820 112 75 When
1525 2820 54 75 the
1604 2820 260 75 moon.,changes
1893 2820 21 75 6
1942 2820 132 75 degrees
2100 2820 85 75 from
2211 2820 56 75 the

1234 2865 95 75 node,
1354 2865 110 75 almoft
1482 2865 54 75 the
1553 2865 104 75 whole
1675 2865 171 75 penumbra
1864 2865 54 75 P6
1936 2865 73 75 falls
2037 2865 40 75 on
2103 2865 55 75 the
2175 2865 91 75 earth

1235 2912 32 75 at
1294 2912 193 75 the.middle
1502 2912 40 75 of
1553 2912 55 75 the
1625 2912 125 75 general
1768 2912 126 75 eclipfe.
1944 2912 77 75 And
2043 2912 103 75 laftly,
2172 2912 102 75 when-

1235 2960 54 75 the
1305 2960 95 75 moon
1418 2960 137 75 changes
1572 2960 31 75 in
1621 2960 54 75 the
1692 2960 83 75 node
1792 2960 33 75 at
1843 2960 52 75 N,
1918 2960 55 75 the
1997 2960 174 75 penumbra
2195 2960 80 75 PN

1235 3009 87 75 takes
1347 3009 56 75 the
1424 3009 123 75 longed
1571 3009 109 75 courfe
1697 3009 126 75 poffible
1840 3009 41 75 on
1899 3009 54 75 the
1970 3009 119 75 earth’s
2106 3009 65 75 dilk
2186 3009 11 75 ;
2224 3009 42 75 its

2159 3064 110 75 centre
