2466 3327
527 113 231 75 ACT

1094 113 126 75 (22

210 178 104 75 games
330 178 163 75 infUtuted
509 178 42 75 by
568 178 175 75 Auguftus,
767 178 33 75 in
824 178 144 75 memory
991 178 39 75 of
1048 178 50 75 bis
1123 178 65 75 vic-

208 225 75 75 tory
299 225 76 75 over
394 225 95 75 Marc
504 225 159 75 Anthony
679 225 33 75 at
734 225 143 75 Aftium,
902 225 77 75 held
1001 225 98 75 every
1117 225 74 75 fifth

209 269 93 75 year,,
322 269 63 75 and
396 269 180 75 celebrated
593 269 31 75 in
641 269 124 75 honour
781 269 40 75 of
832 269 133 75 Apollo,
991 269 80 75 fmce
1088 269 105 75 called

210 315 130 75 Acliur.
399 315 113 75 Hence
535 315 74 75 Adi
613 315 38 75 an
678 315 105 75 years,
820 315 38 75 an
885 315 64 75 sera
976 315 218 75 commencing

209 362 84 75 from
317 362 54 75 the
395 362 101 75 battle
521 362 40 75 of
577 362 144 75 Adium,
745 362 106 75 called
873 362 57 75 the
955 362 84 75 JEra
1063 362 42 75 of
1121 362 71 75 Au-

168 394 5 104 ■
207 420 8 75 '
215 420 119 75 guflus.

164 454 202 75 ACTION,
390 454 34 75 in
441 454 19 75 a
475 454 130 75 general
621 454 98 75 fenfe.
770 454 62 75 See
848 454 101 75 Act,

163 500 171 75 Action,
359 500 33 75 in
409 500 192 75 mechanics,
618 500 55 75 the
690 500 121 75 motion
829 500 164 75 produced
1008 500 44 75 by
1068 500 55 75 the
1135 500 58 75 im-

211 547 87 75 pulfe
314 547 40 75 of
373 547 60 75 one
449 547 87 75 body
557 547 84 75 upon
664 547 148 75 another.
863 547 61 75 See
941 547 251 75 Mechanics.

164 593 172 75 Action,
360 593 33 75 in
404 593 113 75 ethics,
543 593 131 75 denotes
691 593 56 75 the
759 593 145 75 external
920 593 80 75 figns
1014 593 37 75 or
1063 593 131 75 expref-

212 639 80 75 fions
304 639 41 75 of
355 639 55 75 the
426 639 182 75 fentiments
625 639 40 75 of
676 639 18 75 a
706 639 101 75 moral
821 639 105 75 agent.
954 639 62 75 See
1028 639 57 75 Et
1093 639 19 75 h
1122 639 9 75 i
1139 639 54 75 cs,

213 685 299 75 Metaphysics.

166 732 172 75 Action,
362 732 33 75 in
419 732 125 75 poetry,
570 732 55 75 the
641 732 83 75 fame
739 732 79 75 with
834 732 55 75 the
908 732 118 75 fubjed
1042 732 38 75 or
1095 732 99 75 fable.

215 778 117 75 Critics
354 778 161 75 generally
538 778 182 75 diftinguilh
743 778 67 75 two
832 778 108 75 kinds,
965 778 55 75 the
1044 778 152 75 principal

213 824 62 75 and
291 824 55 75 the
369 824 185 75 incidental.
601 824 77 75 The
705 824 153 75 principal
880 824 101 75 adion
1004 824 26 75 is
1058 824 88 75 what
1169 824 27 75 is

214 871 163 75 generally
392 871 101 75 called
516 871 56 75 the
587 871 119 75 fable;
734 871 62 75 and
812 871 53 75 the
883 871 171 75 incidental
1074 871 40 75 an
1131 871 65 75 epi-

206 917 89 75 fode.
346 917 60 75 See
424 917 161 75 Dr.Ama.

167 964 172 75 Action,
365 964 32 75 in
414 964 142 75 oratory,
581 964 27 75 is
625 964 53 75 the
701 964 147 75 outward
864 964 202 75 deportment
1083 964 39 75 of
1141 964 56 75 the

216 1010 120 75 orator,
373 1010 38 75 or
438 1010 55 75 the
522 1010 272 75 accommodation
822 1010 39 75 of
890 1010 51 75 his
970 1010 226 75 countenance,

216 1057 102 75 voice,
343 1057 61 75 and
420 1057 134 75 gefture,
572 1057 36 75 to
624 1057 55 75 the
695 1057 119 75 fubjed
830 1057 40 75 of
881 1057 105 75 which
1002 1057 41 75 he
1059 1057 26 75 is
1098 1057 99 75 treat-

217 1103 67 75 ing.
334 1103 61 75 See
411 1103 251 75 Bloquence.

171 1149 172 75 Action,
367 1149 33 75 in
425 1149 17 75 a
466 1149 166 75 theatrical
655 1149 97 75 fenfe,
775 1149 29 75 is
828 1149 95 75 much
947 1149 56 75 the
1019 1149 83 75 fame
1118 1149 80 75 with

218 1195 101 75 adion
335 1195 206 75 in'oratory;
568 1195 55 75 the
639 1195 60 75 one
715 1195 112 75 adapts
843 1195 50 75 his
910 1195 101 75 adion
1028 1195 35 75 to
1088 1195 39 75 an
1151 1195 47 75 af-

217 1242 109 75 firmed
350 1242 173 75 chabader,
548 1242 55 75 the
619 1242 94 75 other
729 1242 26 75 is
772 1242 154 75 fuppofed
941 1242 36 75 to
999 1242 64 75 feel
1079 1242 33 75 in
1129 1242 69 75 rea-

217 1288 62 75 lity
294 1288 88 75 what
394 1288 44 75 he
454 1288 171 75 fexpreffes.

171 1334 172 75 Action,
368 1334 32 75 in
425 1334 141 75 painting
592 1334 64 75 and
669 1334 172 75 fculpture,
865 1334 28 75 is
909 1334 55 75 the
980 1334 182 75 pofture,of
1181 1334 18 75 a

219 1380 97 75 ftatue
331 1380 38 75 or
385 1380 132 75 pidure,
541 1380 125 75 ferving
681 1380 35 75 to
733 1380 128 75 exprefs
877 1380 86 75 fame
979 1380 50 75 pat
1031 1380 75 75 lion,
1133 1380 28 75 6
1167 1380 31 75 c.

173 1427 171 75 Action,
370 1427 114 75 among
500 1427 187 75 phyficians.
737 1427 61 75 See
814 1427 200 75 Motions.

172 1473 177 75 Action,
381 1473 32 75 in
438 1473 189 75 commerce,
652 1473 34 75 is
711 1473 19 75 a
756 1473 82 75 term
863 1473 77 75 ufed
963 1473 120 75 abroad
1106 1473 52 75 for
1182 1473 18 75 a

221 1519 70 75 part
307 1519 38 75 or
360 1519 88 75 lhare
464 1519 32 75 in
514 1519 18 75 a
549 1519 182 75 company’s
749 1519 86 75 flock
852 1519 37 75 or
905 1519 128 75 capital.

173 1565 172 75 Action,
369 1565 34 75 in
432 1565 94 75 Scots
552 1565 75 75 law,
660 1565 27 75 is
716 1565 23 75 a
761 1565 137 75 demand
924 1565 92 75 made
1042 1565 113 75 before
1182 1565 19 75 a

217 1611 100 75 judge
333 1611 52 75 for
400 1611 164 75 obtaining
580 1611 88 75 what
683 1611 48 75 we
749 1611 52 75 are
818 1611 117 75 legally
952 1611 128 75 intitled
1092 1611 34 75 to
1142 1611 57 75 de-

220 1657 108 75 mand,
354 1657 63 75 and
431 1657 27 75 is
474 1657 89 75 more
579 1657 180 75 commonly
774 1657 117 75 known
913 1657 44 75 by
972 1657 55 75 the
1052 1657 91 75 name
1165 1657 41 75 of

219 1703 142 75 law-fuit
378 1703 36 75 or
431 1703 137 75 procefs.
619 1703 62 75 See
693 1703 102 75 Law,
819 1703 85 75 tide,
931 1703 145 75 Attions.

175 1750 300 75 ACTIONARY,
498 1750 37 75 or
551 1750 240 75 Actionist,
816 1750 18 75 a
855 1750 179 75 proprietor
1055 1750 40 75 of
1113 1750 88 75 flock

223 1795 32 75 in
272 1795 19 75 a
306 1795 129 75 trading
449 1795 166 75 company.

175 1843 228 75 ACTIONS,
428 1843 113 75 among
558 1843 192 75 merchants,
774 1843 178 75 fometimes
969 1843 113 75 fignify
1093 1843 107 75 move-

223 1888 70 75 able
310 1888 130 75 efleds;
466 1888 62 75 and
539 1888 49 75 we
604 1888 54 75 fay
669 1888 55 75 the
741 1888 190 75 merchant’s
948 1888 154 75 creditors
1119 1888 81 75 have

222 1934 107 75 feized
344 1934 41 75 on
402 1934 40 75 all
461 1934 49 75 his
523 1934 130 75 adions,
669 1934 93 75 when
777 1934 49 75 we
842 1934 91 75 mean
949 1934 71 75 that
1031 1934 78 75 they
1119 1934 82 75 have

224 1980 94 75 taken
336 1980 157 75 pofleffion
510 1980 39 75 of
569 1980 42 75 all
628 1980 49 75 his
694 1980 97 75 adive
807 1980 106 75 debts.

176 2027 198 75 ACTIVE,
398 2027 132 75 denotes
546 2027 178 75 fomething
741 2027 71 75 that
835 2027 246 75 communicates
1098 2027 102 75 adion

225 2072 36 75 or
280 2072 121 75 motion
425 2072 36 75 to
483 2072 156 75 another;
665 2072 32 75 in
714 2072 105 75 which
843 2072 197 75 acceptation
1055 2072 26 75 it
1097 2072 103 75 ftands

225 2118 138 75 oppofed
378 2118 35 75 to
428 2118 125 75 paffive.

177 2165 170 75 Active,
372 2165 31 75 in
420 2165 170 75 grammar,
614 2165 27 75 is
658 2165 126 75 applied
799 2165 36 75 to
856 2165 75 75 fuch
955 2165 107 75 words
1086 2165 34 75 as
1143 2165 58 75 ex-

224 2211 84 75 prefs
323 2211 125 75 adion;
474 2211 62 75 and
547 2211 26 75 is
590 2211 102 75 theref
696 2211 54 75 ore
767 2211 139 75 oppofed
917 2211 35 75 to
963 2211 124 75 paffive.
1123 2211 77 75 The

226 2257 98 75 adive
342 2257 157 75 performs
515 2257 55 75 the
586 2257 114 75 adion,
725 2257 33 75 as
774 2257 55 75 the
845 2257 110 75 paffive
971 2257 138 75 receives
1125 2257 38 75 it-.

179 2305 154 75 herwr.
347 2305 190 75 principles,
560 2305 33 75 in
611 2305 179 75 chemiftry,
815 2305 75 75 fuch
913 2305 33 75 as
972 2305 53 75 are
1049 2305 152 75 fuppofed

228 2349 35 75 to
280 2349 47 75 ad
343 2349 136 75 without
495 2349 61 75 any
572 2349 152 75 affiflance
740 2349 84 75 from
840 2349 108 75 others
960 2349 11 75 ;
997 2349 34 75 as
1043 2349 158 75 mercury,

230 2394 142 75 falpliur,
398 2394 64 75 <fcc.
512 2394 61 75 See
589 2394 250 75 Chemistry.

1147 2394 9 75 /

181 2442 250 75 ACTIVITY,
454 2442 32 75 in
509 2442 138 75 general,
672 2442 130 75 denotes
827 2442 55 75 the
905 2442 108 75 power
1028 2442 40 75 of
1087 2442 114 75 ading,

230 2489 36 75 or
282 2489 55 75 the
354 2489 97 75 adive
468 2489 133 75 faculty.
652 2489 60 75 See
730 2489 167 75 Active.

183 2534 120 75 Sphere
318 2534 42 75 of
377 2534 216 75 Activity,
616 2534 56 75 the
688 2534 104 75 whole
804 2534 89 75 fpace
906 2534 31 75 in
953 2534 105 75 which
1071 2534 54 75 the
1137 2534 64 75 vir-

232 2579 65 75 tue,
322 2579 120 75 power,
466 2579 38 75 or
518 2579 152 75 influence
687 2579 40 75 of
745 2579 60 75 any
822 2579 105 75 objed
942 2579 27 75 is
985 2579 135 75 exerted

184 2627 192 75 ACTIUS,
400 2627 33 75 in
459 2627 205 75 mythology,:
692 2627 19 75 a
737 2627 130 75 firname
893 2627 40 75 of
953 2627 135 75 Apollo,
1118 2627 86 75 from

232 2671 138 75 Adium,
395 2671 105 75 Where
515 2671 42 75 he
572 2671 65 75 was
653 2671 209 75 worfhipped.

184 2718 179 75 ACTOR,
388 2718 32 75 in
436 2718 137 75 general,
597 2718 132 75 fignilies
745 2718 18 75 a
779 2718 112 75 perfon
905 2718 75 75 who
998 2718 64 75 ads
1079 2718 37 75 or
1129 2718 74 75 per-

234 2764 98 75 forms
348 2764 190 75 fomething.

186 2810 151 75 Actor,
361 2810 33 75 in
409 2810 55 75 the
480 2810 120 75 drama,
624 2810 27 75 is
669 2810 18 75 a
702 2810 111 75 perfon
830 2810 74 75 who
920 2810 173 75 reprefents
1118 2810 86 75 fome

234 2855 71 75 part
332 2855 37 75 or
391 2855 160 75 charader
573 2855 84 75 upon
677 2855 55 75 the
756 2855 137 75 theatre.
939 2855 76 75 The
1039 2855 110 75 drama
1172 2855 32 75 in

233 2902 42 75 its
302 2902 135 75 original
462 2902 75 75 only
562 2902 149 75 cqnfifled
731 2902 41 75 of
798 2902 19 75 a
838 2902 108 75 Ample
970 2902 128 75 chorus,
1128 2902 75 75 who

1283 113 18 75 )

1669 113 37 75 A
1765 113 35 75 C
1861 113 44 75 U

1286 178 77 75 fung
1381 178 114 75 hymns
1516 178 33 75 in
1565 178 126 75 honour
1706 178 41 75 of
1765 178 146 75 Bacchus
1923 178 9 75 ;
1959 178 34 75 fo
2010 178 71 75 that
2093 178 54 75 the
2164 178 108 75 primi-

1286 225 65 75 tive
1374 225 101 75 adors
1492 225 85 75 were
1601 225 77 75 only
1695 225 115 75 lingers
1829 225 61 75 and
1907 225 176 75 muficians.
2131 225 142 75 Thefpis

1288 271 63 75 was
1376 271 55 75 the
1447 271 38 75 fir
1487 271 25 75 A
1528 271 74 75 who
1619 271 188 75 introduced
1835 271 19 75 a
1872 271 148 75 perjona,
2046 271 38 75 or
2109 271 53 75 aft
2164 271 48 75 or,
2239 271 34 75 to

1287 318 69 75 eafe
1373 318 55 75 the
1453 318 127 75 chorus,
1608 318 41 75 by
1675 318 134 75 reciting
1836 318 53 75 the
1914 318 188 75 adventures
2128 318 41 75 of
2187 318 88 75 fome

1288 365 40 75 of
1347 365 83 75 their
1446 365 127 75 heroes.
1621 365 174 75 iEfchylus
1818 365 189 75 introduced
2023 365 19 75 a
2057 365 127 75 fecond,
2211 365 64 75 and

1290 410 143 75 changed
1449 410 54 75 the
1527 410 126 75 ancient
1678 410 126 75 recitals
1828 410 68 75 into
1917 410 178 75 dialogues.
2146 410 126 75 Sopho-

1290 457 63 75 cles
1371 457 105 75 added
1488 457 18 75 a
1522 457 99 75 third,
1648 457 32 75 in
1696 457 96 75 order
1809 457 34 75 to
1860 457 158 75 reprefent
2035 457 55 75 the
2104 457 122 75 variety
2238 457 42 75 of

1289 502 156 75 incidents
1472 502 34 75 in
1532 502 19 75 a
1575 502 90 75 more
1690 502 124 75 natural
1839 502 141 75 manner.
2034 502 77 75 And
2126 502 75 75 here
2218 502 56 75 the

1291 550 126 75 Greeks
1441 550 151 75 flopped;
1627 550 33 75 at
1683 550 75 75 leaft
1775 550 48 75 we
1846 550 44 75 do
1915 550 57 75 not
1996 550 78 75 find,
2098 550 31 75 in
2154 550 62 75 any
2239 550 40 75 of

1290 595 85 75 their
1391 595 171 75 tragedies,
1581 595 100 75 above
1698 595 89 75 three
1801 595 127 75 perfons
1948 595 33 75 in
1998 595 53 75 the
2068 595 84 75 fame
2168 595 104 75 Icene,

1290 641 136 75 though,
1452 641 33 75 in
1502 641 84 75 their
1602 641 173 75 comedies,
1801 641 78 75 they
1895 641 78 75 took
1994 641 19 75 a
2037 641 127 75 greater
2178 641 96 75 liber-

1291 688 48 75 ty.
1388 688 77 75 The
1492 688 125 75 ancient
1645 688 101 75 adors
1774 688 84 75 were
1886 688 138 75 malked,
2062 688 105 75 which
2196 688 79 75 muft

1290 734 80 75 have
1386 734 79 75 been
1483 734 18 75 a
1516 734 90 75 great
1623 734 222 75 difadvantage
1863 734 34 75 to
1914 734 84 75 their
2015 734 116 75 adion,
2149 734 33 75 as
2197 734 79 75 they

1290 780 84 75 were
1390 780 136 75 thereby
1544 780 152 75 deprived
1712 780 39 75 of
1770 780 43 75 all
1834 780 55 75 the
1905 780 123 75 variety
2044 780 40 75 of
2102 780 173 75 expreffion

1291 827 56 75 the
1363 827 215 75 countenance
1593 827 27 75 is
1637 827 129 75 capable
1783 827 48 75 of.
1880 827 116 75 Adors
2018 827 84 75 were
2127 827 33 75 as
2178 827 95 75 much

1291 872 167 75 honoured
1474 872 32 75 at
1522 872 140 75 Athens,
1687 872 34 75 as
1738 872 77 75 they
1832 872 83 75 were
1931 872 143 75 defpifed
2096 872 33 75 at
2154 872 119 75 Rome.

1289 919 80 75 The
1397 919 126 75 French
1550 919 93 75 have,
1678 919 33 75 in
1738 919 64 75 this
1831 919 183 75 particular,
2056 919 138 75 adopted
2218 919 56 75 the

1292 965 127 75 manner
1437 965 40 75 of
1495 965 56 75 the
1567 965 155 75 Romans,
1748 965 62 75 and
1833 965 55 75 the
1912 965 131 75 Englilh
2067 965 71 75 that
2158 965 41 75 of
2217 965 56 75 the

1293 1012 192 75 Athenians.
1535 1012 61 75 See
1612 1012 162 75 Drama.

1246 1059 245 75 ACTORUM
1508 1059 129 75 tabula,
1660 1059 32 75 in
1708 1059 172 75 antiquity,
1898 1059 84 75 were
1993 1059 102 75 tables
2112 1059 163 75 inflkuted

1294 1104 42 75 by
1354 1104 129 75 Servius
1507 1104 144 75 Tullius,
1676 1104 31 75 in
1733 1104 107 75 which
1864 1104 56 75 the
1945 1104 103 75 births
2072 1104 40 75 of
2131 1104 142 75 children

1294 1152 83 75 were
1392 1152 183 75 regiflered.
1622 1152 101 75 They
1744 1152 85 75 were
1851 1152 79 75 kept
1953 1152 32 75 in
2009 1152 55 75 the
2081 1152 142 75 treafury
2239 1152 40 75 of

1296 1197 168 75 Saturnus.

1246 1243 232 75 ACTRESS,
1503 1243 19 75 a
1545 1243 123 75 woman
1693 1243 74 75 who
1794 1243 156 75 performs
1975 1243 19 75 a
2016 1243 72 75 part
2109 1243 84 75 upon
2217 1243 55 75 the

1294 1289 95 75 ftage.
1438 1289 143 75 Women
1597 1289 101 75 adors
1714 1289 83 75 wene
1814 1289 160 75 unknown
1990 1289 36 75 to
2042 1289 55 75 the
2117 1289 155 75 ancients.

1246 1336 215 75 ACTUAL,
1479 1336 176 75 fomething
1671 1336 70 75 that
1757 1336 26 75 is
1800 1336 65 75 real
1882 1336 62 75 and
1964 1336 156 75 effedive,
2145 1336 37 75 or
2202 1336 71 75 that

1295 1383 95 75 exifts
1407 1383 88 75 truly
1511 1383 62 75 and
1584 1383 188 75 abfolutely.

1246 1429 269 75 ACTUARIAL
1538 1429 112 75 naves,
1676 1429 19 75 a
1721 1429 78 75 kind
1822 1429 40 75 of
1880 1429 81 75 fliips
1987 1429 115 75 among
2125 1429 56 75 the
2203 1429 69 75 Ro-

1293 1476 101 75 mans,
1420 1476 115 75 chiefly
1550 1476 147 75 defigned
1713 1476 51 75 for
1778 1476 87 75 fwift
1881 1476 112 75 failing

1247 1521 298 75 ACTUARIES,
1571 1521 273 75 ofActarius,
1870 1521 19 75 a
1907 1521 114 75 notary
2036 1521 38 75 or
2090 1521 110 75 officer
2217 1521 56 75 ap-

1294 1568 130 75 pointed
1435 1568 35 75 to
1487 1568 91 75 write
1590 1568 54 75 the
1661 1568 62 75 ads
1741 1568 37 75 or
1793 1568 206 75 proceedings
2017 1568 39 75 of
2075 1568 18 75 a
2109 1568 104 75 court,
2235 1568 38 75 or

1296 1615 55 75 the
1374 1615 78 75 like.
1500 1615 38 75 In
1563 1615 55 75 the
1645 1615 133 75 Eaftern
1806 1615 131 75 empire,
1962 1615 56 75 the
2039 1615 127 75 aduarii
2187 1615 85 75 were

1295 1661 149 75 properly
1466 1661 123 75 officers
1615 1661 73 75 who
1712 1661 78 75 kept
1806 1661 55 75 the
1877 1661 138 75 military
2034 1661 162 75 accounts,
2222 1661 49 75 re-

1297 1706 109 75 ceived
1423 1706 55 75 the
1494 1706 76 75 corn
1587 1706 83 75 from
1687 1706 55 75 i\\e
1750 1706 208 75 fufceplores,
1983 1706 37 75 or
2032 1706 239 75 ftore-keepers,

1297 1753 61 75 and
1373 1753 162 75 delivered
1545 1753 25 75 it
1583 1753 34 75 to
1634 1753 55 75 the
1702 1753 143 75 foldiers.

1248 1799 250 75 ACTUATE,
1523 1799 36 75 to
1570 1799 92 75 bring
1673 1799 67 75 into
1753 1799 59 75 ad,
1831 1799 34 75 to
1877 1799 56 75 put
1946 1799 19 75 a
1980 1799 93 75 thing
2088 1799 32 75 in
2137 1799 134 75 motion,

1295 1843 37 75 Or
1348 1843 104 75 to-ftir
1468 1843 43 75 up
1527 1843 18 75 a
1560 1843 112 75 perlpn
1689 1843 36 75 to
1742 1843 114 75 adion.

1248 1889 175 75 ACTUS,
1448 1889 32 75 in
1494 1889 355 75 ancient.architcdure,
1875 1889 18 75 a
1909 1889 140 75 meafure
2067 1889 33 75 in
2116 1889 109 75 length
2238 1889 33 75 e-

1297 1936 73 75 qual
1384 1936 34 75 to
1434 1936 66 75 120
1515 1936 126 75 Roman
1659 1936 78 75 feet.
1785 1936 39 75 In
1841 1936 124 75 ancient
1987 1936 206 75 agriculture,
2217 1936 56 75 the

1295 1983 91 75 word
1400 1983 140 75 fignified
1556 1983 54 75 the
1621 1983 113 75 length
1746 1983 40 75 of
1797 1983 60 75 one
1868 1983 133 75 furrow,
2019 1983 37 75 or
2068 1983 55 75 the
2135 1983 139 75 diftanee

1297 2031 17 75 a
1330 2031 120 75 plough
1466 2031 77 75 goes
1559 2031 110 75 before
1684 2031 143 75 it-turns.

1249 2076 135 75 Actus
1410 2076 164 75 minimus,
1599 2076 63 75 was
1689 2076 18 75 a
1732 2076 147 75 quantity
1903 2076 41 75 of
1962 2076 77 75 land
2067 2076 65 75 120
2152 2076 66 75 feet
2241 2076 34 75 in

1296 2122 123 75 length,
1445 2122 62 75 and
1523 2122 73 75 four
1612 2122 34 75 in
1655 2122 149 75 breadth.

1249 2170 134 75 Actus
1404 2170 115 75 major,
1543 2170 39 75 or
1598 2170 134 75 Actus
1752 2170 192 75 quadratus,
1970 2170 18 75 a
1999 2170 87 75 piece
2099 2170 40 75 of
2150 2170 126 75 ground

1296 2216 33 75 in
1345 2216 55 75 the
1417 2216 111 75 fquare
1545 2216 96 75 form,
1666 2216 105 75 whofe
1787 2216 62 75 fide
1862 2216 65 75 was
1945 2216 93 75 equal
2059 2216 35 75 to
2110 2216 64 75 120
2195 2216 77 75 feet,

1298 2262 92 75 equal
1409 2262 34 75 to
1459 2262 75 75 half
1551 2262 56 75 the
1620 2262 162 75 jugerum.

1250 2309 134 75 Actus
1410 2309 256 75 intervicenalis,
1699 2309 18 75 a
1738 2309 91 75 fpace
1851 2309 41 75 of
1909 2309 124 75 ground
2057 2309 73 75 four
2153 2309 67 75 feet
2241 2309 34 75 in

1297 2354 148 75 breadth,
1470 2354 60 75 left
1546 2354 143 75 between
1706 2354 55 75 the
1776 2354 92 75 lands
1884 2354 33 75 as
1935 2354 18 75 a
1968 2354 75 75 path
2056 2354 37 75 or
2108 2354 83 75 way.

1249 2402 296 75 ACUANITES,
1569 2402 37 75 or
1625 2402 236 75 Acuanit*:,
1887 2402 17 75 a
1920 2402 118 75 branch
2055 2402 39 75 of
2113 2402 89 75 thofe
2219 2402 56 75 an-

1297 2447 83 75 cient
1397 2447 136 75 heretics
1543 2447 73 75 who
1627 2447 77 75 bore
1717 2447 55 75 the
1783 2447 125 75 general
1920 2447 91 75 name
2023 2447 39 75 of
2073 2447 200 75 Maniehees.

1295 2494 86 75 This
1397 2494 119 75 branch
1533 2494 78 75 took
1627 2494 83 75 their
1726 2494 233 75 diflinguiffiing
1976 2494 70 75 title
2067 2494 83 75 from
2166 2494 107 75 Acua,

1298 2540 18 75 a
1331 2540 129 75 difciple
1476 2540 39 75 of
1533 2540 158 75 Thomas.

1249 2586 245 75 ACUBENE,
1518 2586 32 75 in
1569 2586 189 75 aflronomy,
1783 2586 56 75 the
1860 2586 121 75 Arabic
2006 2586 89 75 name
2120 2586 40 75 of
2178 2586 18 75 a
2213 2586 62 75 ftar

1298 2632 39 75 of
1356 2632 55 75 the
1435 2632 110 75 fourth
1568 2632 193 75 magnitude,
1786 2632 32 75 in
1844 2632 53 75 the
1921 2632 150 75 fouthern
2094 2632 126 75 forceps
2240 2632 41 75 of

1298 2678 147 75 Cancer;
1479 2678 45 75 by
1549 2678 107 75 Bayer
1682 2678 132 75 marked
1839 2678 46 75 A.
1935 2678 63 75 See
2024 2678 247 75 Astronomy

1298 2724 62 75 and
1377 2724 173 75 Cancer.

1251 2771 266 75 ACUHYTLI,
1542 2771 18 75 a
1574 2771 173 75 barbarous
1763 2771 91 75 name
1870 2771 40 75 of
1921 2771 144 75 afpecies
2083 2771 42 75 of
2135 2771 139 75 ferpent.

1252 2818 255 75 ACUITION.
1558 2818 61 75 See
1635 2818 247 75 Acutition.

1252 2863 278 75 ACULEATE,
1555 2863 37 75 or
1609 2863 220 75 Aculeati,
1856 2863 18 75 a
1897 2863 81 75 term
2004 2863 126 75 applied
2153 2863 35 75 to
2213 2863 63 75 any

1299 2910 87 75 plant
1398 2910 38 75 or
1452 2910 114 75 animal
1582 2910 109 75 armed
1703 2910 77 75 with
1797 2910 148 75 prickks.

2159 2949 117 75 ACU-
