2483 3387
627 198 42 75 A
752 198 814 75 RITHMETI
1642 198 40 75 C
1758 198 50 75 K.

196 264 78 75 The
297 264 61 75 five
385 264 168 75 following
579 264 149 75 pradlicai
748 264 169 75 dire&ions
934 264 65 75 will
1024 264 94 75 make
1134 264 56 75 the
1236 264 92 75 caufe
1339 264 91 75 there
1447 264 53 75 are
1517 264 66 75 two
1599 264 134 75 decimal
1740 264 114 75 j>laces

150 310 191 75 application
357 310 40 75 of
408 310 56 75 the
479 310 130 75 general
627 310 68 75 rule
719 310 86 75 eafy.

201 356 30 75 1.
253 356 115 75 When
384 356 56 75 the
457 356 117 75 divifor
591 356 63 75 and
664 356 153 75 dividend
832 356 82 75 have
930 356 39 75 an
981 356 96 75 equal
1093 356 94 75 num-

148 404 58 75 ber
221 404 40 75 of
270 404 136 75 decimal
421 404 119 75 places,
557 404 57 75 the
625 404 82 75 quot
723 404 107 75 comes
847 404 58 75 out
920 404 40 75 an
976 404 125 75 integer
1113 404 12 75 ;
1151 404 34 75 as

149 452 32 75 in
197 452 69 75 Ex.
287 452 35 75 2.

200 500 32 75 2.
256 500 112 75 When
386 500 56 75 the
457 500 135 75 decimal
610 500 106 75 places
733 500 40 75 of
787 500 56 75 the
859 500 151 75 dividend
1026 500 54 75 are
1096 500 90 75 more

147 544 77 75 than
240 544 91 75 thofe
347 544 40 75 of
398 544 56 75 the
469 544 132 75 divifor,
626 544 55 75 the
701 544 135 75 number
851 544 41 75 of
910 544 137 75 decimal
1072 544 109 75 places

146 591 33 75 in
196 591 55 75 the
267 591 81 75 quot
363 591 81 75 mull
467 591 41 75 be
531 591 97 75 equal
652 591 36 75 to
714 591 57 75 the
793 591 114 75 excefs
921 591 12 75 ;
959 591 34 75 as
1008 591 33 75 in
1057 591 70 75 Ex.
1150 591 30 75 i.

148 637 36 75 4.
204 637 62 75 and
282 637 36 75 8.

197 683 33 75 3.
253 683 114 75 When
391 683 55 75 the
473 683 135 75 decimal
631 683 105 75 places
753 683 40 75 of
805 683 53 75 the
876 683 117 75 divifor
1011 683 53 75 are
1089 683 90 75 more

147 731 77 75 than
236 731 91 75 thofe
342 731 41 75 of
394 731 56 75 the
464 731 164 75 dividend,
646 731 106 75 annex
763 731 125 75 ciphers
900 731 35 75 to
946 731 57 75 the
1014 731 164 75 dividend,

148 778 32 75 fo
197 778 33 75 as
248 778 35 75 to
299 778 93 75 make
408 778 88 75 them
512 778 107 75 equal,
644 778 63 75 and
722 778 57 75 the
794 778 94 75 quot,
913 778 44 75 by
972 778 155 75 diredtion
1148 778 30 75 1.

148 824 66 75 will
230 824 39 75 be
285 824 158 75 integers;
470 824 33 75 as
520 824 33 75 in
569 824 69 75 Ex.
658 824 33 75 3.
713 824 32 75 y.
769 824 62 75 and
851 824 32 75 7.

194 868 35 75 4.
253 868 123 75 When,
400 868 85 75 after
498 868 131 75 divifion
646 868 26 75 is
689 868 143 75 finilhed,
857 868 56 75 the
936 868 81 75 quot
1041 868 58 75 has
1122 868 58 75 not

145 917 35 75 fo
196 917 95 75 many
313 917 130 75 figures,
468 917 47 75 as,
540 917 43 75 by
614 917 55 75 the
697 917 127 75 general
856 917 81 75 rule,
961 917 27 75 it
1014 917 104 75 ou^ht
1143 917 37 75 to

143 963 82 75 have
242 963 136 75 decimal
398 963 120 75 places,
543 963 114 75 fupply
677 963 72 75 that
770 963 105 75 defedt
891 963 45 75 by
950 963 160 75 prefixing
1134 963 45 75 ci-

142 1010 95 75 phers
247 1010 11 75 ;
284 1010 34 75 as
334 1010 32 75 in
382 1010 70 75 Ex.
470 1010 35 75 6.

194 1055 32 75 y.
251 1055 44 75 If,
319 1055 84 75 after
421 1055 57 75 the
500 1055 153 75 dividend
668 1055 28 75 is
712 1055 187 75 exhaufted,
925 1055 94 75 there
1036 1055 40 75 be
1093 1055 18 75 a
1127 1055 51 75 re-

141 1101 156 75 mainder,
323 1101 106 75 annex
445 1101 19 75 a
480 1101 121 75 cipher,
627 1101 38 75 or
681 1101 136 75 ciphers,
843 1101 36 75 to
903 1101 57 75 the
988 1101 191 75 remainder,

143 1149 62 75 and
224 1149 152 75 continue
393 1149 56 75 the
464 1149 132 75 divifion
613 1149 51 75 till
684 1149 24 75 o
725 1149 133 75 remain,
883 1149 38 75 or
938 1149 49 75 till
1012 1149 56 75 the
1097 1149 82 75 quot

143 1195 108 75 repeat
267 1195 39 75 or
325 1195 166 75 circulate,
516 1195 38 75 or
573 1195 51 75 till
644 1195 64 75 you
729 1195 93 75 think
838 1195 117 75 proper
971 1195 36 75 to
1023 1195 83 75 limit
1123 1195 53 75 it;

141 1240 34 75 as
191 1240 32 75 in
241 1240 69 75 Ex.
329 1240 34 75 9.
388 1240 56 75 10.
469 1240 55 75 11.
543 1240 62 75 and
627 1240 55 75 12.

188 1289 67 75 We
274 1289 74 75 now
364 1289 138 75 proceed
519 1289 35 75 to
569 1289 146 75 divifion.

187 1335 110 75 Rule
324 1335 31 75 I.
404 1335 38 75 If
461 1335 55 75 the
532 1335 119 75 divifor
668 1335 63 75 and
746 1335 153 75 dividend
915 1335 54 75 are
990 1335 83 75 both
1089 1335 89 75 finite

139 1381 39 75 or
192 1381 236 75 approximate,
445 1381 92 75 work
552 1381 128 75 exadtly
699 1381 34 75 as
752 1381 34 75 in
804 1381 135 75 divifion
953 1381 41 75 of
1005 1381 153 75 integers.

376 1439 65 75 Ex.
472 1439 30 75 1,

285 1495 310 75 •75).f887s(.785

379 1540 112 75 52J’•

399 1637 69 75 637

398 1673 70 75 (loo

424 1775 65 75 375

424 1821 66 75 375

184 1866 37 75 In
240 1866 69 75 Ex.
330 1866 33 75 1.
391 1866 30 75 A
438 1866 139 75 decimal
603 1866 126 75 divides
745 1866 20 75 a
780 1866 156 75 decimal;
963 1866 64 75 and
1042 1866 131 75 becaufe

138 1914 55 75 the
206 1914 152 75 dividend
372 1914 58 75 has
447 1914 61 75 five
527 1914 138 75 decimal
681 1914 120 75 places,
826 1914 64 75 and
913 1914 54 75 the
983 1914 118 75 divifor
1116 1914 58 75 on-

135 1960 34 75 ly
193 1960 79 75 two,
296 1960 72 75 give
392 1960 92 75 three
507 1960 135 75 decimal
670 1960 106 75 places
793 1960 35 75 to
844 1960 56 75 the
922 1960 93 75 quot,
1040 1960 131 75 accord-

136 2007 55 75 ing
208 2007 34 75 to
265 2007 167 75 Dire&ion
451 2007 34 75 2.

184 2052 38 75 In
244 2052 71 75 Ex.
333 2052 35 75 2.
415 2052 35 75 A
471 2052 85 75 mixt
576 2052 136 75 number
730 2052 124 75 divides
877 2052 21 75 a
918 2052 85 75 mixt
1024 2052 146 75 number,

136 2098 62 75 and
212 2098 56 75 the
284 2098 119 75 divifor
416 2098 65 75 and
495 2098 152 75 dividend
662 2098 118 75 having
804 2098 40 75 an
867 2098 95 75 equal
979 2098 134 75 number
1136 2098 41 75 of

136 2143 134 75 decimal
286 2143 119 75 places,
429 2143 57 75 the
512 2143 82 75 quot
613 2143 107 75 comes
736 2143 58 75 out
812 2143 40 75 an
875 2143 139 75 integer,
1038 2143 132 75 accord-

136 2190 53 75 ing
207 2190 34 75 to
257 2190 168 75 Diredtion
447 2190 30 75 1.

182 2238 78 75 The
276 2238 109 75 reafon
401 2238 41 75 of
463 2238 56 75 the
535 2238 69 75 rule
627 2238 53 75 for
702 2238 147 75 pointing
871 2238 57 75 the
952 2238 80 75 quot
1059 2238 27 75 is
1111 2238 57 75 ob-

134 2283 92 75 vious
237 2283 11 75 ;
273 2283 54 75 for
342 2283 244 75 multiplication
601 2283 89 75 gives
718 2283 34 75 as
778 2283 96 75 many
899 2283 135 75 decimal
1062 2283 105 75 places

134 2330 36 75 to
186 2330 57 75 the
258 2330 135 75 produdt
408 2330 34 75 as
458 2330 54 75 are
527 2330 33 75 in
576 2330 79 75 both
668 2330 138 75 fadtors;
832 2330 59 75 but
902 2330 55 75 ihe
973 2330 152 75 dividend
1139 2330 28 75 is

133 2375 57 75 the
201 2375 136 75 produdt
352 2375 41 75 of
410 2375 56 75 fhe
481 2375 118 75 divifor
614 2375 65 75 and
702 2375 93 75 quot,
821 2375 62 75 and
899 2375 34 75 fo
948 2375 58 75 has
1018 2375 34 75 as
1068 2375 96 75 many

135 2421 134 75 decimal
287 2421 105 75 places
410 2421 33 75 as
459 2421 54 75 are
535 2421 32 75 in
582 2421 81 75 both
676 2421 12 75 ;
715 2421 228 75 confequently
959 2421 55 75 the
1030 2421 135 75 decimal

134 2468 107 75 places
257 2468 33 75 in
306 2468 56 75 the
381 2468 117 75 divifor
515 2468 63 75 and
594 2468 81 75 quot
689 2468 150 75 together
855 2468 80 75 mull
954 2468 42 75 be
1012 2468 95 75 equal
1133 2468 34 75 in

131 2514 137 75 number
295 2514 37 75 to
359 2514 91 75 thofe
466 2514 106 75 of*the
587 2514 164 75 dividend.

850 2572 65 75 Ex.
941 2572 36 75 4.

798 2623 224 75 7)-875(-l25

857 2674 20 75 7
889 2674 9 75 *
909 2674 13 75 *

862 2767 41 75 17

859 2812 43 75 14

882 2909 44 75 35

467 2955 23 75 °

645 2955 10 75 .

885 2955 43 75 35

177 2998 40 75 In
231 2998 69 75 Ex.
321 2998 34 75 3.
380 2998 35 75 A
431 2998 137 75 decimal
591 2998 125 75 divides
737 2998 40 75 an
787 2998 125 75 integer
925 2998 12 75 ;
964 2998 62 75 and
1043 2998 55 75 the
1114 2998 49 75 di-

131 3043 117 75 vidend
262 3043 117 75 having
396 3043 41 75 no
453 3043 136 75 decimal
604 3043 102 75 place,
731 3043 105 75 annex
860 3043 67 75 two
942 3043 138 75 ciphers,
1106 3043 56 75 be-

178 3091 99 75 Vol.
301 3091 32 75 I.
379 3091 74 75 No.
481 3091 55 75 18.

1107 3091 19 75 3

2188 198 82 75 409

1952 263 26 75 ie
1988 263 132 75 divifor,
2135 263 64 75 and
2214 263 57 75 the

1236 306 80 75 quot
1333 306 106 75 comes
1454 306 59 75 out
1536 306 39 75 an
1588 306 139 75 integer,
1752 306 171 75 according
1939 306 36 75 to
1991 306 169 75 Diredtion
2179 306 33 75 3,

1283 354 38 75 In
1337 354 70 75 Ex.
1427 354 34 75 4.
1486 354 55 75 An
1557 354 124 75 integer
1694 354 124 75 divides
1835 354 20 75 a
1870 354 137 75 decimal
2023 354 9 75 ;
2058 354 63 75 and
2137 354 132 75 becaufe

1234 401 56 75 the
1312 401 152 75 dividend
1490 401 58 75 has
1577 401 92 75 three
1689 401 136 75 decimal
1852 401 120 75 places,
1995 401 63 75 and
2076 401 59 75 the
2150 401 118 75 divifor

1232 447 95 75 none,
1352 447 74 75 give
1442 447 55 75 the
1511 447 82 75 quot
1609 447 104 75 three,
1738 447 44 75 by
1801 447 167 75 Diredtion
1987 447 34 75 2.

1948 526 66 75 Ex.
2040 526 35 75 6.

1819 575 333 75 2.5).2287s(.09iy

1910 622 66 75 22;

1956 723 43 75 37

1952 766 43 75 25

1955 859 64 75 125

1955 901 63 75 i2y

1275 957 38 75 In
1330 957 70 75 Ex.
1421 957 33 75 y.
1479 957 33 75 A
1525 957 135 75 decimal
1677 957 123 75 divides
1817 957 19 75 a
1853 957 85 75 mixt
1950 957 152 75 number;
2130 957 62 75 and
2208 957 55 75 the

1228 1003 118 75 divifor
1361 1003 118 75 having
1494 1003 92 75 three
1602 1003 136 75 decimal
1750 1003 118 75 places,
1893 1003 63 75 and
1969 1003 55 75 the
2040 1003 152 75 dividend
2204 1003 61 75 but

1228 1050 79 75 two,
1331 1050 113 75 fupply
1468 1050 72 75 that
1557 1050 104 75 defedt
1689 1050 43 75 by
1760 1050 160 75 annexing
1937 1050 19 75 a
1973 1050 123 75 cipher,
2120 1050 65 75 and
2206 1050 57 75 the

1230 1097 79 75 quot
1325 1097 108 75 comes
1450 1097 58 75 out
1525 1097 38 75 an
1582 1097 138 75 integer,
1746 1097 43 75 by
1806 1097 167 75 Diredtion
1992 1097 34 75 3.

1275 1145 37 75 In
1334 1145 69 75 Ex.
1422 1145 34 75 6.
1481 1145 33 75 A
1532 1145 84 75 mixt
1628 1145 135 75 number
1773 1145 124 75 divides
1914 1145 18 75 a
1948 1145 158 75 decimal;
2132 1145 61 75 and
2205 1145 57 75 be-

1226 1190 92 75 caufe
1342 1190 55 75 the
1420 1190 152 75 dividend
1595 1190 58 75 has
1681 1190 75 75 four
1776 1190 136 75 decimal
1939 1190 104 75 places
2071 1190 88 75 more
2184 1190 78 75 than

1227 1240 56 75 the
1300 1240 131 75 divifor,
1455 1240 62 75 and
1542 1240 55 75 the
1613 1240 94 75 quot,
1733 1240 84 75 after
1838 1240 54 75 tire
1913 1240 120 75 divfion
2061 1240 27 75 is
2118 1240 141 75 finilhed,

1226 1284 58 75 has
1305 1284 76 75 only
1398 1284 91 75 three
1511 1284 128 75 figures,
1665 1284 112 75 fupply
1800 1284 66 75 this
1889 1284 104 75 defedt
2009 1284 43 75 by
2067 1284 160 75 prefixing
2242 1284 20 75 a

1227 1335 108 75 cipher
1351 1335 35 75 to
1401 1335 38 75 it,
1464 1335 171 75 according
1649 1335 36 75 to
1701 1335 169 75 Diredtion
1888 1335 33 75 4.

1414 1406 64 75 Ex.
1507 1406 33 75 7.

1346 1456 187 75 3-75)j8o(

1345 1503 296 75 3-75)i8o.oo(48

1453 1549 10 75 1
1472 1549 68 75 yoo
1558 1549 10 75 *

1473 1641 92 75 3000

1473 1689 92 75 3000

1938 1409 64 75 Ex.
2033 1409 34 75 8.

1869 1459 249 75 38)243.2(6.4

1931 1504 65 75 228
2021 1504 12 75 *
2139 1560 13 75 i

1951 1581 12 49 1
1963 1599 51 75 52

1945 1645 66 75 i52

1270 1751 38 75 In
1320 1751 72 75 Ex-
1414 1751 33 75 7.
1473 1751 31 75 A
1523 1751 84 75 mixt
1623 1751 134 75 number
1768 1751 124 75 divides
1905 1751 39 75 an
1959 1751 143 75 integer;
2128 1751 63 75 and
2202 1751 56 75 the

1223 1799 150 75 dividend
1388 1799 119 75 having
1524 1799 41 75 no
1582 1799 136 75 decimal
1736 1799 118 75 places,
1879 1799 113 75 fupply
2006 1799 73 75 that
2095 1799 104 75 defedt
2214 1799 45 75 by

1224 1845 160 75 annexing
1399 1845 68 75 two
1490 1845 138 75 ciphers,
1653 1845 56 75 the
1734 1845 133 75 number
1883 1845 41 75 of
1943 1845 136 75 decimal
2101 1845 108 75 places
2226 1845 33 75 in

1223 1892 55 75 the
1297 1892 131 75 divifor,
1454 1892 63 75 and
1536 1892 57 75 the
1616 1892 81 75 quot
1717 1892 27 75 is
1762 1892 38 75 an
1817 1892 137 75 integer,
1973 1892 48 75 by
2038 1892 168 75 Diredtion
2222 1892 33 75 3.

1269 1942 38 75 In
1323 1942 71 75 Ex.
1414 1942 35 75 8.
1473 1942 57 75 An
1557 1942 124 75 integer
1707 1942 122 75 divides
1857 1942 19 75 a
1898 1942 84 75 mixt
2006 1942 154 75 number;
2194 1942 62 75 and

1221 1986 54 75 the
1295 1986 118 75 divifor
1439 1986 118 75 having
1583 1986 44 75 no
1650 1986 135 75 decimal
1806 1986 102 75 place,
1934 1986 63 75 and
2024 1986 57 75 the
2103 1986 153 75 dividend

1222 2032 76 75 only
1324 2032 74 75 one,
1435 2032 73 75 give
1535 2032 61 75 one
1622 2032 35 75 to
1685 2032 55 75 the
1757 2032 94 75 quot,
1877 2032 171 75 according
2071 2032 37 75 to
2136 2032 118 75 Direc-

1220 2080 68 75 tion
1315 2080 34 75 2.
1408 2134 62 75 Er.
1497 2134 35 75 9.

1361 2183 225 75 .8)29(36.25

1418 2240 43 75 24

1444 2332 43 75 5°

1440 2369 43 75 48

1912 2139 66 75 Ex.
2007 2139 56 75 10.

1824 2187 290 75 .0lS).0024(.I3’

1988 2234 40 75 18

2010 2327 47 75 60

2009 2384 44 75 54

1489 2604 45 75 40

1483 2651 45 75 40

1263 2721 38 75 In
1325 2721 70 75 Ex.
1414 2721 33 75 9.
1480 2721 34 75 A
1530 2721 137 75 decimal
1691 2721 127 75 divides
1841 2721 38 75 an
1904 2721 145 75 integer;
2076 2721 61 75 and
2165 2721 84 75 after

1217 2768 58 75 the
1291 2768 148 75 dividend
1451 2768 27 75 is
1490 2768 185 75 exhaufted,
1701 2768 104 75 annex
1822 2768 18 75 a
1857 2768 109 75 cipher
1982 2768 34 75 to
2034 2768 56 75 the
2110 2768 135 75 remain-

1216 2813 69 75 der,
1311 2813 62 75 and
1392 2813 149 75 continue
1557 2813 56 75 the
1636 2813 130 75 divifion
1794 2813 48 75 till
1866 2813 23 75 o
1913 2813 134 75 remain,
2072 2813 173 75 according

1215 2861 35 75 to
1271 2861 161 75 Diredtion
1452 2861 32 75 y.

1262 2908 37 75 In
1316 2908 68 75 Ex.
1407 2908 55 75 10.
1499 2908 31 75 A
1547 2908 135 75 decimal
1705 2908 122 75 divides
1852 2908 19 75 a
1889 2908 159 75 decimal;
2075 2908 62 75 and
2160 2908 85 75 after

1192 2954 6 75 '
1212 2954 56 75 the
1291 2954 152 75 dividend
1463 2954 28 75 is
1518 2954 185 75 exhaufted,
1741 2954 105 75 annex
1875 2954 18 75 a
1916 2954 110 75 cipher
2050 2954 35 75 to
2109 2954 55 75 the
2192 2954 50 75 re-

1211 3002 155 75 mainder,
1391 3002 62 75 and
1469 3002 148 75 continue
1634 3002 56 75 the
1706 3002 133 75 divifion
1854 3002 52 75 till
1922 3002 64 75 you
2008 3002 67 75 find
2090 3002 56 75 the
2162 3002 82 75 quot

1211 3050 135 75 repeats.

1693 3107 16 75 5
1736 3107 32 75 L

2181 3107 65 75 Ex.
