2498 3377
164 172 83 75 ^4

664 172 362 75 AHA
1144 172 39 75 T

164 240 93 75 valve
273 240 34 75 to
325 240 113 75 hinder
449 240 90 75 what
554 240 49 75 we
619 240 153 75 fwailow-j
791 240 62 75 and
870 240 168 75 efpecially
1054 240 87 75 what
1159 240 48 75 we

166 287 107 75 drink,
295 287 86 75 from
404 287 167 75 returning
595 287 44 75 by
656 287 62 75 the
741 287 106 75 nares.
895 287 78 75 The
999 287 68 75 ufes
1092 287 39 75 of
1151 287 55 75 the

167 333 150 75 different
333 333 132 75 mufcles
483 333 40 75 of
539 333 58 75 the
615 333 121 75 feptnm
750 333 58 75 are
825 333 57 75 not
895 333 34 75 as
946 333 55 75 yet
1017 333 192 75 fufficiently

167 381 130 75 known,
321 381 60 75 nor
397 381 55 75 the
468 381 152 75 different
637 381 137 75 motions
790 381 42 75 of
850 381 109 75 which
976 381 25 75 it
1018 381 26 75 is
1062 381 143 75 capable.

459 509 102 75 The
609 509 305 75 TONGUE.

214 603 85 75 The
320 603 118 75 tongue
462 603 27 75 is
514 603 131 75 divided
669 603 68 75 into
763 603 56 75 the
834 603 80 75 bafis
931 603 62 75 and
1009 603 113 75 point;
1148 603 57 75 the

168 649 100 75 upper
280 649 63 75 and
356 649 104 75 under
476 649 79 75 Tides
567 649 9 75 ;
604 649 64 75 and
678 649 57 75 the
749 649 113 75 lateral
880 649 144 75 portions
1041 649 38 75 or
1094 649 111 75 edges.

167 696 77 75 The
267 696 79 75 bafis
362 696 27 75 is
406 696 55 75 the
486 696 152 75 poflerior
662 696 64 75 and
748 696 136 75 thickeft
907 696 95 75 part;
1029 696 56 75 the
1101 696 103 75 point,

170 743 55 75 the
242 743 140 75 anterior
404 743 63 75 and
491 743 137 75 thinneft
651 743 84 75 part.
783 743 78 75 The
885 743 100 75 upper
1009 743 63 75 fide
1095 743 26 75 is
1150 743 58 75 not

169 790 89 75 quite
275 790 68 75 flat,
369 790 59 75 but
444 790 19 75 a
478 790 85 75 little
579 790 138 75 convex,
743 790 63 75 and
817 790 131 75 divided
964 790 68 75 into
1045 790 66 75 two
1126 790 81 75 late-

170 836 46 75 ral
234 836 122 75 halves,
381 836 45 75 by
441 836 19 75 a
475 836 130 75 (hallow
621 836 165 75 depreffed
807 836 77 75 line,
909 836 103 75 called
1036 836 67 75 line
1105 836 19 75 a
1141 836 65 75 lin-

164 883 74 75 gnie
263 883 163 75 mediana.
475 883 78 75 The
580 883 97 75 edges
701 883 54 75 are
782 883 129 75 thinner
934 883 78 75 than
1036 883 55 75 the
1114 883 94 75 other

171 930 100 75 parts,
297 930 63 75 and
381 930 19 75 a
423 930 85 75 little
526 930 145 75 rounded
687 930 34 75 as
744 930 73 75 well
843 930 34 75 as
900 930 56 75 the
981 930 102 75 point.
1131 930 78 75 The

171 977 99 75 lower
286 977 63 75 fide
367 977 130 75 reaches
509 977 79 75 only
599 977 86 75 from
701 977 55 75 the
774 977 120 75 middle
912 977 41 75 of
972 977 55 75 the
1042 977 112 75 length
1172 977 40 75 of

173 1025 55 75 the
244 1025 120 75 tongue
381 1025 34 75 to
433 1025 54 75 the
504 1025 103 75 point.

218 1071 76 75 The
311 1071 117 75 tongue
444 1071 27 75 is
488 1071 190 75 principally
694 1071 169 75 compofed
878 1071 42 75 of
937 1071 79 75 very
1030 1071 64 75 foft
1111 1071 97 75 flelhy

171 1118 108 75 fibres,
304 1118 195 75 intermixed
518 1118 80 75 with
615 1118 19 75 a
649 1118 173 75 particular
838 1118 181 75 medullary
1034 1118 173 75 fubftance,

173 1165 63 75 and
250 1165 148 75 difpofed
411 1165 31 75 in
459 1165 126 75 various
604 1165 159 75 manners.
813 1165 105 75 Many
942 1165 40 75 of
1001 1165 86 75 thefe
1113 1165 95 75 fibres

173 1212 53 75 are
238 1212 146 75 confined
402 1212 34 75 to
452 1212 55 75 the
524 1212 119 75 tongue
654 1212 137 75 without
808 1212 96 75 going
920 1212 61 75 any
993 1212 135 75 farther,
1154 1212 55 75 the

174 1258 60 75 red
251 1258 84 75 form
352 1258 141 75 feparate
509 1258 133 75 mufcles
656 1258 107 75 which
779 1258 40 75 go
832 1258 58 75 out
907 1258 83 75 from
1009 1258 26 75 it
1052 1258 32 75 in
1097 1258 111 75 differ-

174 1305 53 75 ent
243 1305 99 75 ways,
361 1305 63 75 and
440 1305 53 75 are
505 1305 137 75 inferted
659 1305 33 75 in
708 1305 94 75 other
815 1305 99 75 parts.
963 1305 57 75 All
1039 1305 54 75 the
1110 1305 99 75 upper

173 1353 62 75 fide
252 1353 40 75 of
311 1353 55 75 the
383 1353 119 75 tongue
525 1353 26 75 is
574 1353 137 75 covered
736 1353 43 75 by
796 1353 18 75 a
829 1353 90 75 thick
935 1353 181 75 membrane
1133 1353 39 75 of
1191 1353 19 75 a

173 1398 159 75 papillary
363 1398 142 75 texture,
547 1398 83 75 upon
659 1398 107 75 which
793 1398 58 75 lies
880 1398 135 75 another
1041 1398 78 75 very
1147 1398 62 75 fine

174 1446 182 75 membrane
383 1446 66 75 like
474 1446 18 75 a
515 1446 79 75 kind
618 1446 40 75 of
676 1446 182 75 epidermis,
888 1446 108 75 which
1020 1446 28 75 is
1072 1446 138 75 likewife

175 1492 171 75 continued
363 1492 77 75 over
456 1492 55 75 the
524 1492 103 75 lower
639 1492 79 75 fide,
744 1492 57 75 but
818 1492 137 75 without
971 1492 137 75 papillse.

222 1539 114 75 Three
353 1539 81 75 forts
447 1539 41 75 of
507 1539 123 75 papillss
648 1539 73 75 may
738 1539 40 75 be
794 1539 222 75 didinguilhed
1031 1539 33 75 in
1081 1539 54 75 the
1152 1539 58 75 up-

175 1587 56 75 per
247 1587 64 75 fide
335 1587 40 75 of
391 1587 56 75 the
472 1587 131 75 tongue,
630 1587 158 75 capitatae,
814 1587 309 75 feroi-lenticulares,,
1149 1587 63 75 and

176 1633 131 75 villofac.
356 1633 112 75 Thofe
487 1633 40 75 of
547 1633 55 75 the
626 1633 63 75 fird
709 1633 78 75 kind
804 1633 53 75 are
874 1633 55 75 the
946 1633 125 75 larged,
1095 1633 116 75 refem-

176 1679 89 75 bling
281 1679 85 75 little
382 1679 196 75 mufltrooms
590 1679 79 75 with
685 1679 87 75 (hcrt
787 1679 104 75 dems,
917 1679 37 75 or
970 1679 131 75 buttons
1117 1679 95 75 with-

177 1726 57 75 out
251 1726 19 75 a
286 1726 94 75 neck.
420 1726 102 75 They
537 1726 43 75 lie
597 1726 42 75 on
656 1726 55 75 the
727 1726 79 75 bafis
823 1726 39 75 of
874 1726 55 75 the
942 1726 118 75 tongue
1076 1726 32 75 in
1124 1726 91 75 final!

177 1772 176 75 fuperficial
369 1772 134 75 foffulse.

224 1819 100 75 They
342 1819 153 75 referable
511 1819 89 75 finall
621 1819 236 75 conglomerate
880 1819 112 75 glands
1010 1819 106 75 feated
1138 1819 42 75 on
1196 1819 20 75 a

178 1867 78 75 very
281 1867 127 75 narrow
430 1867 93 75 bafis,
549 1867 64 75 and
636 1867 79 75 each
739 1867 41 75 of
799 1867 88 75 them
911 1867 58 75 has
993 1867 178 75 fometimes
1197 1867 19 75 a

181 1913 91 75 fmall
289 1913 171 75 depreffion
478 1913 31 75 in
527 1913 55 75 the
598 1913 121 75 middle
741 1913 40 75 of
800 1913 84 75 their
906 1913 99 75 upper
1028 1913 38 75 or
1090 1913 126 75 convex

179 1960 77 75 fide.
305 1960 99 75 They
421 1960 124 75 occupy
562 1960 56 75 the
635 1960 104 75 whole
750 1960 123 75 furface
889 1960 40 75 of
940 1960 56 75 the
1012 1960 79 75 bafis
1108 1960 38 75 of
1159 1960 55 75 the

180 2005 130 75 tongue.
359 2005 100 75 They
476 2005 51 75 are
544 2005 168 75 glandular
727 2005 136 75 papillae,
889 2005 36 75 or
942 2005 89 75 fmall
1048 2005 108 75 lalival
1177 2005 38 75 or

180 2050 232 75 mucilaginous
430 2050 125 75 glands.

231 2098 66 75 We
315 2098 182 75 oftentimes
514 2098 142 75 obferve,
682 2098 98 75 about
797 2098 56 75 the
868 2098 121 75 middle
1006 2098 39 75 of
1064 2098 64 75 this
1146 2098 71 75 part

183 2145 40 75 of
242 2145 55 75 the
314 2145 131 75 tongue,
471 2145 19 75 a
505 2145 173 75 particular
699 2145 76 75 hole
790 2145 40 75 of
840 2145 151 75 different
1007 2145 128 75 depths,
1162 2145 55 75 the

183 2191 90 75 inner
289 2191 125 75 furface
436 2191 42 75 of
497 2191 104 75 which
624 2191 27 75 is
675 2191 139 75 entirely
835 2191 180 75 glandular,
1045 2191 62 75 and
1129 2191 90 75 filled

184 2237 78 75 with
288 2237 89 75 finall
401 2237 137 75 papillae,
565 2237 64 75 like
654 2237 90 75 thofe
769 2237 41 75 of
828 2237 56 75 the
907 2237 65 75 fird
994 2237 91 75 kind.
1134 2237 33 75 It
1189 2237 27 75 is

185 2283 112 75 called,
304 2283 154 75 foramen
476 2283 39 75 at
519 2283 76 75 cum
608 2283 207 75 Morgagnii,
842 2283 34 75 as
898 2283 95 75 being
1017 2283 64 75 fird
1097 2283 120 75 defcri-

186 2330 63 75 bed
270 2330 44 75 by
337 2330 71 75 that
429 2330 127 75 anthor.
606 2330 94 75 Since
724 2330 70 75 that
813 2330 81 75 time
915 2330 54 75 M.
995 2330 140 75 Vaterus
1159 2330 58 75 has

186 2375 185 75 difcovered
395 2375 20 75 a
437 2375 80 75 kind
540 2375 39 75 of
598 2375 108 75 falival
730 2375 90 75 dufts
844 2375 171 75 belonging
1032 2375 34 75 to
1083 2375 25 75 it
1120 2375 10 75 ;
1156 2375 64 75 and

187 2425 54 75 M.
256 2425 126 75 Heider
398 2425 101 75 found
520 2425 66 75 two
604 2425 39 75 of
663 2425 88 75 thefe
767 2425 91 75 duds
874 2425 77 75 very
968 2425 171 75 didindly,
1163 2425 56 75 the

187 2469 124 75 orifices
328 2469 40 75 of
386 2469 105 75 which
505 2469 83 75 were
604 2469 33 75 in
655 2469 55 75 the
725 2469 127 75 bottom
867 2469 42 75 of
927 2469 56 75 the
1000 2469 143 75 foramen
1160 2469 60 75 cae-

189 2516 71 75 cum
285 2516 75 75 near
384 2516 80 75 each
488 2516 107 75 other.
643 2516 54 75 He
724 2516 155 75 obferved
900 2516 56 75 the
983 2516 90 75 duds
1099 2516 34 75 to
1161 2516 60 75 run

188 2562 182 75 backward,
395 2562 209 75 divaricating
620 2562 18 75 a
653 2562 86 75 little
755 2562 84 75 from
854 2562 79 75 each
950 2562 105 75 other,
1073 2562 62 75 and
1151 2562 73 75 that

189 2610 61 75 one
267 2610 39 75 of
325 2610 89 75 them
430 2610 191 75 terminated
638 2610 32 75 in
689 2610 19 75 a
724 2610 88 75 fmall
828 2610 119 75 oblong
962 2610 111 75 veficle
1089 2610 134 75 fituated

191 2657 42 75 on
250 2657 55 75 the
321 2657 63 75 fide
396 2657 42 75 of
455 2657 56 75 the
526 2657 90 75 fmall
629 2657 98 75 cornu
738 2657 40 75 of
794 2657 56 75 the
861 2657 36 75 os
908 2657 147 75 hyoides.

236 2702 77 75 The
329 2702 124 75 papillae
470 2702 41 75 of
528 2702 56 75 the
607 2702 116 75 fecond
745 2702 91 75 kind,
861 2702 37 75 or
914 2702 307 75 (emi-lenticulares,

193 2750 54 75 are
259 2750 88 75 fmall
364 2750 161 75 orbicular
536 2750 190 75 eminences,
751 2750 76 75 only
844 2750 18 75 a
877 2750 84 75 little
977 2750 136 75 convex,
1138 2750 85 75 their

193 2794 134 75 circular
344 2794 80 75 edge
447 2794 58 75 not
527 2794 93 75 being
636 2794 141 75 feparate
800 2794 84 75 from
900 2794 56 75 the
973 2794 121 75 furface
1107 2794 39 75 of
1162 2794 58 75 .the

193 2842 130 75 tongue.
371 2842 112 75 When
507 2842 50 75 we
580 2842 146 75 examine
750 2842 88 75 them
864 2842 33 75 in
925 2842 18 75 a
966 2842 100 75 (bund
1089 2842 131 75 tongue,

193 2888 78 75 with
291 2888 17 75 a
324 2888 84 75 good
424 2888 205 75 microfcope,
654 2888 47 75 we
717 2888 66 75 find
806 2888 83 75 their
912 2888 124 75 convex
1060 2888 78 75 (ides
1162 2888 61 75 full

194 2936 40 75 of
253 2936 89 75 fmall
360 2936 89 75 holes
466 2936 37 75 or
519 2936 106 75 pores,
649 2936 64 75 like
725 2936 54 75 the
791 2936 63 75 end
865 2936 40 75 of
924 2936 18 75 a
957 2936 146 75 thimble.

240 2979 99 75 They
355 2979 42 75 lie
413 2979 115 75 chiefly
543 2979 33 75 in
592 2979 56 75 the
664 2979 120 75 middle
796 2979 62 75 and
875 2979 139 75 anterior
1029 2979 143 75 portions
1188 2979 40 75 of

196 3029 55 75 the
268 3029 130 75 tongue,
425 3029 62 75 and
499 3029 53 75 are
568 3029 179 75 fometimes
765 3029 80 75 mod
859 3029 108 75 vifible
983 3029 42 75 on
1041 3029 55 75 the
1112 3029 109 75 edges,

1303 162 39 75 O
1459 162 48 75 M
1624 162 54 75 Y.

2099 162 101 75 Part
2222 162 71 75 VI.

1257 235 107 75 where
1380 235 78 75 they
1481 235 116 75 appear
1614 235 36 75 to
1666 235 40 75 be
1721 235 81 75 very
1816 235 126 75 fmooth
1959 235 62 75 and
2037 235 153 75 poliflied,
2215 235 78 75 even

1258 281 35 75 to
1310 281 63 75 the.
1382 281 105 75 iraked
1503 281 72 75 eye.

1304 327 76 75 The
1405 327 123 75 papillae
1556 327 41 75 of
1618 327 56 75 the
1702 327 88 75 third
1812 327 92 75 kind,
1932 327 38 75 or
1997 327 129 75 villofe,
2156 327 54 75 aire
2236 327 58 75 the

1257 375 136 75 fmalleft
1409 375 62 75 and
1487 375 80 75 moft
1580 375 184 75 numerous.
1805 375 98 75 They
1916 375 45 75 fill
1977 375 56 75 the
2050 375 105 75 whole
2172 375 123 75 furface

1256 421 41 75 of
1316 421 55 75 the
1388 421 99 75 upper
1504 421 63 75 fide
1584 421 41 75 of
1639 421 60 75 the
1715 421 133 75 tongue,
1873 421 64 75 and
1952 421 78 75 even
2048 421 55 75 the
2119 421 175 75 interftices

1256 468 146 75 between
1419 468 55 75 the
1491 468 93 75 other
1601 468 138 75 papillae.

1303 514 77 75 The
1404 514 99 75 fleftiy
1526 514 95 75 fibres
1644 514 40 75 of
1708 514 107 75 which
1842 514 55 75 the
1919 514 120 75 tongue
2060 514 26 75 is
2110 514 182 75 compofed,

1255 561 65 75 and
1335 561 108 75 which
1458 561 43 75 go
1517 561 42 75 no
1576 561 125 75 further
1718 561 77 75 than
1807 561 55 75 the
1879 561 129 75 tongue,
2026 561 74 75 may
2112 561 40 75 be
2169 561 126 75 termed

1257 608 135 75 mufculi
1408 608 120 75 lingua
1545 608 192 75 interiores;
1764 608 63 75 and
1843 608 78 75 they
1937 608 54 75 are
2008 608 56 75 the
2087 608 83 75 fame
2186 608 108 75 which

1259 655 159 75 Spigelius
1445 655 116 75 named
1588 655 137 75 mufculi
1753 655 173 75 linguales.
1985 655 77 75 The
2083 655 95 75 fibres
2206 655 88 75 thefe

1255 701 134 75 mufcles
1407 701 108 75 confift
1531 701 40 75 of
1592 701 55 75 are
1662 701 41 75 of
1722 701 90 75 three
1838 701 127 75 general
1986 701 108 75 kinds,
2118 701 175 75 longitudi-

1257 749 64 75 nal,
1340 749 187 75 tranfverfe,
1553 749 60 75 and
1632 749 153 75 vertical;
1813 749 63 75 and
1891 749 78 75 each
1983 749 40 75 of
2034 749 87 75 thefe
2133 749 162 75 fituations

1257 795 116 75 admits
1396 795 40 75 of
1453 795 150 75 different
1614 795 147 75 .degrees
1778 795 41 75 of
1838 795 173 75 obliquity.
2059 795 77 75 The
2152 795 142 75 longitu-

1254 841 89 75 dinal
1359 841 95 75 fibres
1470 841 90 75 point
1576 841 35 75 to
1627 841 57 75 the
1701 841 77 75 bafis
1792 841 67 75 and
1869 841 85 75 apex
1965 841 41 75 of
2017 841 53 75 the
2083 841 131 75 tongue,
2232 841 64 75 and

1258 889 83 75 feem
1356 889 106 75 partly
1478 889 36 75 to
1529 889 40 75 be
1591 889 187 75 expanfions
1802 889 41 75 of
1863 889 55 75 the
1939 889 131 75 mufculi
2096 889 197 75 llylo-glotli,

1258 936 181 75 hyo-glolli,
1465 936 64 75 and
1556 936 217 75 genio-glofli;
1806 936 41 75 of
1865 936 106 75 which
1994 936 175 75 hereafter.
2217 936 79 75 The

1259 982 131 75 vertical
1407 982 94 75 fibres
1514 982 82 75 feem
1608 982 139 75 likewife
1763 982 35 75 to
1816 982 39 75 be
1871 982 32 75 in
1915 982 72 75 part
2003 982 162 75 produced
2182 982 44 75 by
2238 982 57 75 the

1258 1028 84 75 fame
1366 1028 210 75 genio-glofli,
1602 1028 64 75 and
1688 1028 57 75 the
1763 1028 173 75 tranfverfe
1951 1028 44 75 by
2010 1028 55 75 the
2088 1028 205 75 mylo-gloffi.

1306 1076 77 75 The
1401 1076 131 75 mufculi
1548 1076 179 75 exteriores
1743 1076 55 75 are
1814 1076 73 75 four
1904 1076 32 75 in
1952 1076 146 75 number,
2124 1076 62 75 and
2202 1076 94 75 make

1259 1122 19 75 a
1293 1122 73 75 part
1383 1122 41 75 of
1445 1122 53 75 the
1511 1122 88 75 body
1613 1122 41 75 of
1675 1122 56 75 the
1748 1122 134 75 tongue.

1305 1169 77 75 The
1399 1169 190 75 mylo-glolli
1609 1169 53 75 are
1678 1169 89 75 fmall
1784 1169 95 75 fle(hy
1895 1169 121 75 planes,
2041 1169 135 75 fituated
2192 1169 101 75 tranf-

1259 1214 134 75 verfcly,
1412 1214 60 75 one
1488 1214 42 75 on
1541 1214 78 75 each
1636 1214 76 75 fide,
1730 1214 145 75 between
1891 1214 54 75 the
1959 1214 103 75 ramus
2074 1214 41 75 of
2125 1214 55 75 the
2195 1214 99 75 lower

1255 1260 78 75 jaw,
1351 1260 62 75 and
1425 1260 57 75 the
1500 1260 79 75 bafis
1595 1260 39 75 of
1653 1260 56 75 the
1726 1260 131 75 tongue.
1905 1260 106 75 Their
2021 1260 150 75 infertion
2187 1260 33 75 in
2236 1260 58 75 the

1256 1307 65 75 jaw
1333 1307 26 75 is
1371 1307 218 75 immediately
1597 1307 100 75 above
1706 1307 55 75 the
1772 1307 232 75 pofteiiorhalf
2015 1307 39 75 of
2062 1307 55 75 the
2129 1307 164 75 mylo-hy-

1260 1354 132 75 oidteus,
1409 1354 145 75 between
1570 1354 56 75 the
1641 1354 180 75 prominent
1838 1354 131 75 oblique
1985 1354 64 75 line
2065 1354 42 75 on
2124 1354 55 75 the
2197 1354 97 75 infide

1260 1401 39 75 of
1311 1401 55 75 the
1378 1401 95 75 bone,
1498 1401 62 75 and
1577 1401 56 75 the
1649 1401 112 75 dentes
1778 1401 150 75 molares.
1976 1401 98 75 From
2087 1401 114 75 thence
2217 1401 78 75 they

1262 1447 58 75 run
1336 1447 125 75 toward
1476 1447 56 75 the
1546 1447 81 75 bafis
1639 1447 41 75 of
1696 1447 58 75 the
1770 1447 131 75 tongue,
1926 1447 64 75 and
2005 1447 54 75 are
2074 1447 60 75 loft
2150 1447 92 75 there
2253 1447 43 75 on

1261 1494 60 75 one
1337 1494 64 75 fide
1418 1494 40 75 of
1477 1494 56 75 the
1550 1494 313 75 gloffo-pharyngxi.

1308 1540 76 75 The
1401 1540 185 75 ftylo-glofii
1608 1540 53 75 are
1678 1540 67 75 two
1759 1540 77 75 long
1851 1540 91 75 fmall
1958 1540 132 75 mufcles
2113 1540 105 75 which
2235 1540 60 75 run

1261 1587 95 75 down
1373 1587 86 75 from
1474 1587 56 75 the
1547 1587 116 75 ftyloid
1679 1587 187 75 apophyfes,
1884 1587 37 75 or
1937 1587 178 75 epiphyfes,
2133 1587 62 75 and
2210 1587 85 75 form

1263 1634 64 75 two
1351 1634 143 75 portions
1508 1634 44 75 of
1571 1634 55 75 the
1642 1634 112 75 lateral
1778 1634 87 75 parts
1888 1634 39 75 of
1946 1634 54 75 the
2023 1634 131 75 tongue.
2203 1634 93 75 Each

1263 1680 117 75 mufcle
1397 1680 26 75 is
1446 1680 86 75 fixed
1549 1680 32 75 in
1604 1680 55 75 the
1683 1680 121 75 outfide
1828 1680 41 75 of
1887 1680 55 75 the
1966 1680 164 75 apophyfis
2146 1680 150 75 ftyloides

1264 1727 43 75 by
1333 1727 19 75 a
1375 1727 77 75 long
1475 1727 133 75 tendon.
1657 1727 77 75 The
1759 1727 259 75 ftylo-hyoidaeus
2040 1727 27 75 is
2092 1727 55 75 the
2174 1727 121 75 lowed,

1265 1773 63 75 and
1354 1773 56 75 the
1438 1773 307 75 ftylo-pharyngseus
1768 1773 27 75 is
1820 1773 33 75 in
1877 1773 55 75 the
1958 1773 132 75 middle,
2127 1773 57 75 but
2206 1773 91 75 more

1264 1820 183 75 backward.

1311 1866 48 75 As
1376 1866 27 75 it
1426 1866 75 75 runs
1523 1866 96 75 down
1636 1866 110 75 almoft
1762 1866 140 75 oppofite
1924 1866 35 75 to
1982 1866 56 75 the
2062 1866 96 75 infide
2182 1866 40 75 of
2240 1866 57 75 the

1265 1913 92 75 angle
1373 1913 41 75 of
1433 1913 54 75 the
1511 1913 99 75 lower
1623 1913 79 75 jaw,
1726 1913 26 75 it
1769 1913 91 75 fends
1877 1913 52 75 off
1947 1913 20 75 a
1982 1913 111 75 pretty
2108 1913 100 75 broad
2233 1913 64 75 and

1266 1959 85 75 (hort
1366 1959 113 75 lateral
1496 1959 206 75 aponeurotic
1725 1959 164 75 ligament,
1913 1959 105 75 which
2042 1959 95 75 being
2159 1959 88 75 fixed
2263 1959 32 75 in

1266 2005 71 75 that
1354 2005 92 75 angle
1470 2005 102 75 ferves
1598 2005 51 75 for
1674 2005 19 75 a
1716 2005 147 75 frsenum,
1887 2005 38 75 or
1940 2005 207 75 ligamentum
2170 2005 125 75 fufpen-

1267 2051 130 75 forium,
1422 2051 35 75 to
1473 2051 55 75 the
1551 2051 117 75 mufcle
1692 2051 32 75 in
1742 2051 63 75 this
1821 2051 72 75 part
1909 2051 40 75 of
1968 2051 43 75 its
2027 2051 120 75 courfe.
2197 2051 100 75 From

1267 2098 113 75 thence
1396 2098 27 75 it
1438 2098 67 75 pafl'
1505 2098 32 75 es
1553 2098 42 75 on
1612 2098 35 75 to
1664 2098 54 75 the
1731 2098 63 75 fide
1810 2098 40 75 of
1868 2098 56 75 the
1939 2098 80 75 bafis
2036 2098 40 75 of
2094 2098 56 75 the
2165 2098 133 75 tongue,

1268 2144 106 75 where
1390 2144 27 75 it
1432 2144 64 75 firft
1509 2144 39 75 of
1568 2144 42 75 all
1626 2144 134 75 adheres
1776 2144 118 75 clofely
1909 2144 36 75 to
1964 2144 55 75 the
2038 2144 114 75 lateral
2171 2144 128 75 portion

1268 2193 40 75 of
1326 2193 56 75 the
1399 2193 211 75 hyo-gloffus,
1636 2193 62 75 and
1721 2193 77 75 then
1814 2193 114 75 forms,
1953 2193 149 75 together
2124 2193 78 75 with
2227 2193 72 75 that

1268 2238 129 75 mufcle,
1423 2238 19 75 a
1456 2238 89 75 large
1561 2238 127 75 portion
1699 2238 41 75 of
1758 2238 54 75 the
1830 2238 62 75 fide
1904 2238 40 75 of
1962 2238 56 75 the
2033 2238 131 75 tongue.

1315 2285 77 75 The
1408 2285 169 75 hyo-gloffi
1593 2285 55 75 are
1670 2285 78 75 each
1771 2285 139 75 inferted
1924 2285 32 75 in
1972 2285 93 75 three
2080 2285 87 75 parts
2183 2285 41 75 of
2242 2285 57 75 the

1268 2332 37 75 os
1321 2332 135 75 hyoides
1479 2332 70 75 that
1564 2332 43 75 lie
1629 2332 76 75 near
1727 2332 78 75 each
1820 2332 108 75 other,
1952 2332 33 75 in
2001 2332 55 75 the
2078 2332 92 75 bafis,
2194 2332 33 75 in
2243 2332 58 75 the

1269 2378 74 75 root
1360 2378 39 75 of
1419 2378 55 75 the
1497 2378 90 75 great
1603 2378 111 75 cornu,
1740 2378 64 75 and
1826 2378 31 75 in
1882 2378 55 75 the
1960 2378 172 75 fymphyfis
2156 2378 145 75 between

1268 2425 90 75 thefe
1373 2425 67 75 two
1452 2425 9 75 ;
1487 2425 62 75 and
1565 2425 42 75 on
1623 2425 63 75 this
1706 2425 134 75 account
1856 2425 54 75 the
1927 2425 197 75 hyo-gloffus
2144 2425 57 75 has
2217 2425 83 75 been

1270 2471 129 75 divided
1415 2471 43 75 by
1473 2471 86 75 fome
1574 2471 69 75 into
1655 2471 65 75 two
1736 2471 38 75 or
1789 2471 91 75 three
1896 2471 122 75 diftind
2034 2471 144 75 mufcles,
2196 2471 104 75 called

1270 2515 175 75 bafio-glojj'
1445 2515 45 75 us,
1515 2515 248 75 cerato-glojfus,
1788 2515 64 75 and
1866 2515 274 75 cbondro-glojfus.

1319 2565 31 75 It
1364 2565 29 75 is
1408 2565 134 75 fituated
1559 2565 40 75 on
1617 2565 54 75 the
1682 2565 110 75 infide,
1818 2565 62 75 and
1896 2565 19 75 a
1929 2565 84 75 little
2031 2565 99 75 lower
2150 2565 75 75 than
2242 2565 57 75 the

1272 2609 224 75 ftylo-gloflus,
1521 2609 80 75 with
1617 2609 106 75 which
1739 2609 26 75 it
1778 2609 100 75 forms
1894 2609 55 75 the
1970 2609 112 75 lateral
2099 2609 71 75 part
2186 2609 40 75 of
2243 2609 56 75 the

1270 2658 132 75 tongue.
1449 2658 77 75 The
1543 2658 127 75 portion
1686 2658 137 75 inferted
1839 2658 33 75 in
1892 2658 56 75 the
1966 2658 76 75 bafis
2061 2658 40 75 of
2118 2658 56 75 the
2190 2658 35 75 os
2238 2658 61 75 hy-

1271 2703 87 75 oides
1381 2703 58 75 lies
1455 2703 90 75 more
1565 2703 186 75 anteriorly,
1776 2703 64 75 and
1862 2703 27 75 is
1905 2703 105 75 larger
2025 2703 77 75 than
2126 2703 56 75 the
2204 2703 95 75 other

1271 2750 87 75 two;
1385 2750 71 75 that
1472 2750 105 75 which
1593 2750 27 75 is
1637 2750 136 75 inferted
1788 2750 32 75 in
1838 2750 55 75 the
1908 2750 171 75 fymphyfis
2095 2750 27 75 is
2138 2750 55 75 the
2208 2750 90 75 leaft,

1271 2796 64 75 and
1358 2796 69 75 that
1451 2796 137 75 inferted
1603 2796 31 75 in
1652 2796 55 75 the
1723 2796 90 75 great
1829 2796 98 75 cornu
1953 2796 55 75 the
2031 2796 79 75 moft
2132 2796 165 75 pofterior.

1270 2843 84 75 This
1371 2843 118 75 mufcle
1501 2843 26 75 is
1544 2843 107 75 partly
1665 2843 156 75 fuftained
1836 2843 44 75 by
1894 2843 56 75 the
1966 2843 280 75 mylo-hyoidsus,
2264 2843 35 75 as

1269 2889 74 75 by.a
1355 2889 86 75 girth
1453 2889 10 75 ;
1491 2889 63 75 and
1570 2889 54 75 the
1640 2889 140 75 anterior
1795 2889 128 75 portion
1939 2889 28 75 is
1978 2889 220 75 diftinguiftied
2214 2889 84 75 frqm

1271 2937 55 75 the
1338 2937 60 75 reft
1416 2937 42 75 by
1470 2937 55 75 the
1541 2937 123 75 paffage
1680 2937 41 75 of
1737 2937 56 75 the
1805 2937 112 75 nerves
1933 2937 40 75 of
1984 2937 54 75 the
2050 2937 74 75 fifth
2140 2937 79 75 pair,
2237 2937 63 75 and

1270 2982 40 75 of
1328 2982 54 75 the
1394 2982 131 75 arteries
1537 2982 104 75 which
1658 2982 193 75 accompany
1866 2982 102 75 them.

1316 3029 76 75 The
1408 3029 195 75 genio-gloffi
1616 3029 52 75 are
1680 3029 135 75 fituated
1827 3029 82 75 clofe
1925 3029 35 75 to
1976 3029 78 75 each
2070 3029 93 75 other
2181 3029 41 75 on
2242 3029 55 75 the

2198 3065 97 75 lower
