2397 3387
610 165 35 75 B
719 165 39 75 O
834 165 39 75 O
955 165 37 75 K
1026 165 14 75 -
1077 165 37 75 K

131 230 116 75 down;
274 230 104 75 which
406 230 27 75 is
462 230 17 75 a
507 230 86 75 daily
621 230 78 75 talk,
725 230 35 75 to
783 230 39 75 be
839 230 182 75 performed
1038 230 32 75 as
1087 230 78 75 they

130 275 121 75 occur;
289 275 62 75 and
379 275 110 75 fhould
516 275 40 75 be
583 275 83 75 done
694 275 167 75 difHnftly,
898 275 69 75 that
994 275 41 75 is,
1067 275 98 75 every

130 322 92 75 thing
235 322 110 75 (hould
364 322 37 75 be
418 322 118 75 clearly
553 322 62 75 and
632 322 126 75 exactly
774 322 125 75 expre/l'
899 322 50 75 ed.

189 369 38 75 If
255 369 42 75 no
325 369 172 75 fubfidiary
526 369 101 75 books
657 369 52 75 are
738 369 89 75 kept,
862 369 54 75 the
942 369 223 75 Wade-book

129 415 113 75 fliould
261 415 125 75 contain
405 415 17 75 a
439 415 115 75 record
570 415 40 75 of
621 415 43 75 all
679 415 55 75 the
751 415 191 75 merchant’s
959 415 203 75 tranfaftions

130 461 61 75 and
208 461 142 75 dealings
368 461 31 75 in
423 461 18 75 a
461 461 72 75 way
556 461 41 75 of
614 461 110 75 trade;
752 461 62 75 and
840 461 71 75 that
939 461 57 75 not
1024 461 75 75 only
1128 461 40 75 of

129 507 74 75 fuch
222 507 33 75 as
272 507 53 75 are
343 507 149 75 properly
508 507 62 75 and
593 507 112 75 purely
721 507 195 75 mercantile,
943 507 56 75 but
1016 507 40 75 of
1066 507 97 75 every

128 555 191 75 occurrence
335 555 69 75 that
422 555 109 75 affefts
549 555 48 75 his
615 555 98 75 dock,
739 555 33 75 fo
800 555 32 75 as
862 555 35 75 to
923 555 113 75 impair
1052 555 36 75 or
1114 555 46 75 in-

128 601 104 75 creafe
245 601 45 75 it;
317 601 75 75 fuch
406 601 46 75 as,
469 601 123 75 private
609 601 169 75 expences,
796 601 139 75 fervants
953 601 78 75 fees,
1049 601 111 75 houfe-

129 647 99 75 rents,
253 647 116 75 money
386 647 113 75 gained
515 647 37 75 or
567 647 59 75 lod
638 647 41 75 on
697 647 138 75 wagers;
859 647 148 75 legacies,
1027 647 134 75 and'the

126 693 78 75 like.
254 693 51 75 By
321 693 75 75 fuch
417 693 206 75 occurrences
648 693 32 75 as
698 693 100 75 thefe,
824 693 18 75 a
859 693 7 75 '
866 693 165 75 met-chant
1054 693 32 75 as
1113 693 48 75 ef-

128 740 151 75 feftualiy
295 740 146 75 becomes
458 740 34 75 fo
509 740 94 75 much
620 740 116 75 poorer
765 740 37 75 or
829 740 116 75 richer,
971 740 33 75 as
1033 740 44 75 by
1105 740 56 75 the

129 786 96 75 refult
250 786 40 75 of
310 786 61 75 any
397 786 120 75 branch
544 786 40 75 of
602 786 49 75 his
676 786 104 75 trade.
830 786 76 75 And
922 786 55 75 the
994 786 76 75 ends
1088 786 73 75 pro-

128 833 96 75 pofed
235 833 31 75 in
279 833 237 75 book-keeping
533 833 57 75 can
608 833 95 75 never
720 833 38 75 be
774 833 127 75 gained,
919 833 31 75 if
961 833 76 75 ftich
1054 833 108 75 things

128 879 68 75 pafs
212 879 210 75 unrecorded.

1187 167 33 75 E
1290 167 36 75 E
1397 167 34 75 P
1504 167 17 75 I
1595 167 44 75 N
1712 167 49 75 G.

2166 167 80 75 583

1213 232 70 75 that
1299 232 237 75 didinguifheth
1554 232 55 75 the
1629 232 66 75 two
1711 232 101 75 books
1824 232 26 75 is
1863 232 55 75 the
1931 232 78 75 dyle
2021 232 10 75 ;
2058 232 70 75 that
2144 232 39 75 of
2194 232 56 75 the

1212 279 60 75 one
1295 279 95 75 being
1406 279 137 75 natural,
1569 279 63 75 and
1659 279 70 75 that
1755 279 40 75 of
1815 279 54 75 the
1886 279 95 75 other
2004 279 157 75 artificial.
2200 279 52 75 -In

1212 325 55 75 the
1290 325 148 75 Journal,
1463 325 129 75 perfons
1609 325 61 75 and
1688 325 107 75 things
1819 325 54 75 are
1897 325 142 75 charged
2056 325 142 75 Debtors
2216 325 35 75 to

1212 371 94 75 other
1322 371 126 75 perfons
1466 371 37 75 or
1520 371 108 75 things
1647 371 32 75 as
1697 371 187 75 Creditors;
1904 371 62 75 and
1980 371 30 75 in
2024 371 64 75 this
2101 371 25 75 it
2139 371 109 75 agrees

1212 418 77 75 with
1308 418 55 75 the
1379 418 143 75 Ledger,
1549 418 107 75 where
1673 418 55 75 the
1745 418 83 75 fame
1845 418 79 75 dyje
1940 418 26 75 is
1995 418 89 75 ufed,
2109 418 57 75 but
2183 418 64 75 dif-

1212 464 62 75 fers
1293 464 84 75 from
1394 464 24 75 it
1436 464 32 75 as
1486 464 35 75 to
1538 464 82 75 form
1639 464 63 75 and
1718 464 115 75 order:
1855 464 45 75 So
1912 464 72 75 that
2000 464 26 75 it
2042 464 108 75 agrees
2167 464 80 75 with

1211 510 55 75 the
1293 510 215 75 Wade-book
1524 510 32 75 in
1573 510 88 75 thofe
1689 510 79 75 very
1785 510 107 75 things
1910 510 140 75 wherein
2078 510 26 75 it
2132 510 114 75 differs

1211 557 83 75 from
1311 557 56 75 the
1383 557 152 75 Ledger;
1563 557 63 75 and
1641 557 41 75 on
1699 557 57 75 the
1773 557 94 75 other
1882 557 97 75 hand,
1997 557 25 75 it
2039 557 109 75 agrees
2166 557 78 75 with

1210 603 55 75 the
1281 603 96 75 latter
1392 603 32 75 in
1443 603 70 75 that
1529 603 78 75 very
1632 603 90 75 point
1739 603 140 75 wherein
1900 603 27 75 it
1942 603 110 75 differs
2077 603 84 75 from
2189 603 56 75 the

1214 650 132 75 former.

1258 696 64 75 But
1340 696 38 75 an
1395 696 148 75 example
1568 696 40 75 of
1630 696 55 75 the
1711 696 216 75 Wade-book
1950 696 116 75 turned
2093 696 69 75 into
2189 696 57 75 the

1205 742 138 75 Journal
1361 742 95 75 form,
1482 742 65 75 will
1565 742 72 75 give
1661 742 19 75 a
1702 742 121 75 clearer
1838 742 72 75 idea
1926 742 77 75 than
2032 742 57 75 can
2107 742 39 75 be
2169 742 91 75 con-

1207 790 104 75 veyed
1329 790 42 75 by
1387 790 120 75 words.

1494 885 464 75 WASTE-BOOK.

387 987 55 75 II.
499 987 59 75 Of
576 987 59 75 the
662 987 231 75 Journal.

172 1067 86 75 The
291 1067 149 75 Journal
463 1067 26 75 is
514 1067 56 75 the
595 1067 85 75 book
706 1067 139 75 wherein
874 1067 55 75 the
957 1067 205 75 tranfaclions

127 1113 155 75 recorded
297 1113 31 75 in
346 1113 54 75 the
417 1113 216 75 Wade-book
663 1113 52 75 are
739 1113 154 75 prepared
921 1113 35 75 to
983 1113 39 75 be
1039 1113 123 75 carried

128 1159 35 75 to
180 1159 55 75 the
252 1159 142 75 Ledger,
419 1159 44 75 by
479 1159 118 75 having
626 1159 83 75 their
733 1159 116 75 proper
866 1159 131 75 debtors
1014 1159 63 75 and
1092 1159 68 75 cre-

127 1206 101 75 ditors
246 1206 194 75 afcertained
457 1206 62 75 and
536 1206 128 75 pointed
682 1206 68 75 out.

176 1253 72 75 One
264 1253 90 75 great
376 1253 107 75 defign
504 1253 41 75 of
567 1253 55 75 the
639 1253 134 75 Journal
790 1253 39 75 is,
855 1253 34 75 to
906 1253 132 75 prevent
1055 1253 105 75 errors

126 1298 32 75 in
182 1298 55 75 the
266 1298 132 75 Ledger
410 1298 9 75 ;
459 1298 18 75 a
504 1298 91 75 thing
622 1298 40 75 of
686 1298 54 75 the
766 1298 95 75 word
889 1298 215 75 confequence
1128 1298 31 75 in

127 1344 236 75 book-keeping
378 1344 9 75 ;
407 1344 104 75 which
528 1344 68 75 yet,
613 1344 139 75 without
765 1344 57 75 the
838 1344 75 75 help
929 1344 40 75 of
982 1344 62 75 this
1062 1344 97 75 book,

126 1390 108 75 would
251 1390 39 75 be
304 1390 109 75 almod
429 1390 171 75 inevitable
647 1390 78 75 For,
742 1390 129 75 fuppofe
890 1390 17 75 a
923 1390 111 75 perfon
1051 1390 111 75 fhould

128 1436 136 75 attempt
280 1436 36 75 to
344 1436 82 75 form
454 1436 56 75 the
539 1436 141 75 Debtors
708 1436 64 75 and
798 1436 164 75 Creditors
994 1436 83 75 from
1105 1436 56 75 the

126 1481 214 75 Wade-book
353 1481 30 75 in
402 1481 48 75 his
468 1481 98 75 mind,
593 1481 63 75 and
673 1481 31 75 at
724 1481 52 75 the
794 1481 82 75 fame
893 1481 75 75 time
986 1481 67 75 pod
1069 1481 88 75 them

128 1527 35 75 to
179 1527 54 75 the
251 1527 141 75 Ledger,
419 1527 40 75 he
479 1527 77 75 fhall
573 1527 66 75 find
655 1527 50 75 his
733 1527 155 75 thoughts
916 1527 34 75 fo
971 1527 95 75 much
1093 1527 67 75 em-

128 1574 156 75 barraffed
303 1574 61 75 and
380 1574 247 75 over-charged,
652 1574 43 75 by
719 1574 165 75 attending
910 1574 32 75 at
967 1574 77 75 once
1067 1574 34 75 to
1126 1574 34 75 fo

126 1620 94 75 many
237 1620 149 75 different
403 1620 105 75 things
538 1620 33 75 as
599 1620 97 75 occur
723 1620 89 75 here,
838 1620 84 75 that,
946 1620 85 75 were
1054 1620 41 75 he
1119 1620 40 75 an

126 1666 199 75 accomptant
342 1666 40 75 of
393 1666 92 75 very-
498 1666 89 75 great
610 1666 201 75 experience,
836 1666 41 75 he
903 1666 95 75 could
1016 1666 54 75 not
1086 1666 73 75 well

126 1713 72 75 mifs
215 1713 39 75 of
269 1713 111 75 falling
400 1713 69 75 into
493 1713 149 75 frequent
670 1713 163 75 blunders.
881 1713 86 75 This
996 1713 108 75 makes
1132 1713 26 75 it

123 1759 159 75 necefiary
298 1759 242 75 todidvidethe
557 1759 78 75 talk,
662 1759 63 75 and
748 1759 42 75 do
814 1759 32 75 at
863 1759 93 75 twice
980 1759 86 75 what
1084 1759 79 75 can-

124 1806 58 75 not
198 1806 40 75 be
256 1806 182 75 performed
456 1806 31 75 at
505 1806 91 75 once,
622 1806 137 75 without
782 1806 77 75 fuch
886 1806 123 75 hazard
1025 1806 40 75 of
1086 1806 72 75 mif-

127 1853 111 75 takes;
267 1853 70 75 that
359 1853 38 75 is,
423 1853 63 75 fird
514 1853 35 75 to
565 1853 90 75 write
672 1853 57 75 out
746 1853 54 75 the
822 1853 144 75 Debtors
992 1853 62 75 and
1082 1853 77 75 Cre-

125 1899 104 75 ditors
255 1899 33 75 in
305 1899 19 75 a
338 1899 141 75 feparate
503 1899 86 75 book
614 1899 43 75 by
681 1899 201 75 themfelves,
908 1899 61 75 and
987 1899 172 75 afterward

126 1945 138 75 transfer
281 1945 86 75 them
384 1945 35 75 to
436 1945 55 75 the
507 1945 145 75 Ledger.
710 1945 77 75 The
805 1945 88 75 work
911 1945 43 75 by
971 1945 63 75 this
1051 1945 107 75 means

125 1992 95 75 being
237 1992 129 75 divided
378 1992 69 75 into
464 1992 99 75 parts,
588 1992 149 75 becomes
753 1992 88 75 more
858 1992 118 75 fimple,
1003 1992 60 75 and
1081 1992 76 75 cbn-

125 2038 166 75 fequently
304 2038 88 75 more
405 2038 84 75 eafy,
508 2038 60 75 and
581 2038 34 75 fo
628 2038 73 75 may
714 2038 39 75 be
766 2038 182 75 performed
960 2038 77 75 with
1050 2038 107 75 great-

126 2085 33 75 er
177 2085 156 75 certainty
349 2085 39 75 of
400 2085 41 75 its
458 2085 95 75 being
565 2085 98 75 right.
712 2085 120 75 Again,
857 2085 82 75 after
957 2085 54 75 the
1028 2085 130 75 Ledger

126 2131 26 75 is
169 2131 88 75 filled
281 2131 54 75 up,
361 2131 55 75 the
432 2131 133 75 Journal
591 2131 170 75 fafcilitates
778 2131 55 75 the
850 2131 90 75 work
957 2131 151 75 required
1124 2131 33 75 in

126 2176 133 75 revifing
279 2176 61 75 and
357 2176 175 75 corredfing
548 2176 69 75 it;-
633 2176 63 75 for,
722 2176 63 75 fird
813 2176 55 75 the
887 2176 190 75 Wafie-bopk
1098 2176 62 75 and

127 2225 149 75 Journal
290 2225 52 75 are
355 2225 181 75 compared,
555 2225 61 75 and
629 2225 75 75 then
720 2225 55 75 the
788 2225 148 75 Journal
946 2225 60 75 and
1022 2225 136 75 Ledger.

125 2269 175 75 Whereas,
325 2269 35 75 to
378 2269 98 75 revife
493 2269 62 75 and
582 2269 122 75 corredt
720 2269 55 75 the
793 2269 131 75 Ledger
940 2269 217 75 immediately

125 2318 83 75 from
225 2318 55 75 the
297 2318 225 75 Wade-book,
549 2318 107 75 would
672 2318 39 75 be
734 2318 18 75 a
776 2318 117 75 matter
910 2318 41 75 of
961 2318 41 75 no
1019 2318 59 75 lefs
1096 2318 62 75 dif-

124 2362 113 75 ficulty
254 2362 74 75 than
346 2362 36 75 to
399 2362 82 75 form
507 2362 25 75 it
560 2362 136 75 without
722 2362 55 75 the
801 2362 74 75 help
901 2362 40 75 of
964 2362 29 75 a'
1010 2362 146 75 Journal.

125 2408 123 75 Ladly,
271 2408 77 75 The
365 2408 133 75 Journal
526 2408 26 75 is
581 2408 146 75 defigned
755 2408 33 75 as
817 2408 17 75 a
864 2408 61 75 fair
941 2408 113 75 record
1079 2408 40 75 of
1141 2408 19 75 a

125 2455 189 75 merchant’s
331 2455 156 75 bufinefs:
515 2455 65 75 For
597 2455 123 75 neither
742 2455 40 75 of
795 2455 54 75 the
866 2455 94 75 other
976 2455 66 75 two
1055 2455 102 75 books

126 2500 57 75 can
201 2500 86 75 ferve
304 2500 65 75 this
385 2500 132 75 purpofe
530 2500 11 75 ;
567 2500 56 75 not
639 2500 55 75 the
712 2500 142 75 Ledger,
881 2500 42 75 by
952 2500 109 75 reafon
1078 2500 78 75 both

126 2546 39 75 of
180 2546 55 75 the
251 2546 95 75 order
361 2546 71 75 that
448 2546 125 75 obtains
590 2546 31 75 in
634 2546 38 75 it,
699 2546 61 75 and
772 2546 65 75 alfo
855 2546 41 75 on
913 2546 134 75 account
1065 2546 40 75 of
1115 2546 41 75 its

124 2593 87 75 brevi
231 2593 32 75 y,
289 2593 94 75 being
398 2593 85 75 little
499 2593 88 75 more
604 2593 76 75 than
698 2593 16 75 a
730 2593 88 75 large
834 2593 118 75 Index.
1002 2593 73 75 Nor
1097 2593 58 75 can

125 2640 55 75 the
197 2640 212 75 Wade-book
426 2640 118 75 anfwer
560 2640 63 75 this
640 2640 104 75 defign
758 2640 11 75 ;
787 2640 52 75 for
855 2640 95 75 being
968 2640 127 75 written
1113 2640 41 75 up

126 2686 31 75 in
173 2686 57 75 the
246 2686 76 75 time
339 2686 41 75 of
394 2686 147 75 bufinefs,
566 2686 63 75 and
652 2686 182 75 commonly
858 2686 56 75 too
937 2686 44 75 by
1006 2686 151 75 different

123 2732 117 75 hands,
265 2732 26 75 it
314 2732 58 75 can
396 2732 124 75 neither
535 2732 40 75 be
591 2732 61 75 fair
676 2732 235 75 and-uniform.,
937 2732 58 75 nor
1010 2732 78 75 very
1095 2732 80 75 .ac--

126 2778 120 75 curate.

172 2824 76 75 The
265 2824 132 75 Journal
416 2824 26 75 is
460 2824 16 75 a
500 2824 77 75 kind
604 2824 40 75 of
656 2824 119 75 middle
792 2824 85 75 book
894 2824 135 75 betwixt
1046 2824 55 75 the
1122 2824 35 75 0-

126 2872 71 75 ther
214 2872 66 75 two
296 2872 8 75 ;
331 2872 26 75 it
372 2872 93 75 looks
483 2872 80 75 back
578 2872 35 75 to
636 2872 56 75 the
718 2872 73 75 one,
816 2872 61 75 and
894 2872 141 75 forward
1052 2872 35 75 to
1103 2872 56 75 the

127 2916 104 75 other.
280 2916 97 75 With
400 2916 56 75 the
479 2916 214 75 Wade-book
721 2916 25 75 it
770 2916 109 75 agrees
894 2916 32 75 in
943 2916 104 75 form,,
1064 2916 95 75 being

127 2963 91 75 ruled
235 2963 82 75 after
334 2963 55 75 the
405 2963 81 75 fame
510 2963 141 75 manner.
700 2963 76 75 The
804 2963 96 75 order
922 2963 64 75 alfo
1010 2963 63 75 and
1088 2963 69 75 fuc-

127 3011 110 75 ceffion
253 3011 40 75 of
302 3011 108 75 things
428 3011 26 75 is
484 3011 55 75 the
554 3011 84 75 fame
664 3011 38 75 in.
722 3011 92 75 both.
862 3011 77 75 The
966 3011 96 75 thing
1080 3011 77 75 then

1215 1899 100 75 Bhck
1334 1899 93 75 Cloth
1449 1899 53 75 Dx
1519 1899 37 75 xo
1571 1899 82 75 Cajh
1674 1899 76 75 28V.

1259 1945 79 75 Paid
1354 1945 52 75 for
1426 1945 46 75 40
1489 1945 109 75 yards,
1623 1945 34 75 at
1678 1945 82 75 140.
1832 1945 47 75 —
1951 1945 41 75 —

1529 1775 381 75 JOURNAL.

1508 1851 109 75 -July
1634 1851 74 75 id-

1662 2038 25 75 /.
1713 2038 27 75 /.
1766 2038 37 75 V.

1214 2083 149 75 Shalloon
1373 2083 54 75 Dr
1436 2083 34 75 to
1481 2083 157 75 Sundries
1669 2083 115 75 434

1259 2130 8 75 '
1267 2130 47 75 To
1343 2130 96 75 Cajh,
1472 2130 33 75 in
1532 2130 71 75 part
1628 2130 52 75 for
1713 2130 92 75 ioo7

1306 2175 108 75 yards,
1440 2175 32 75 at
1494 2175 86 75 io<A

1786 2175 19 75 3

1258 2222 55 75 To
1340 2222 39 75 J.
1407 2222 113 75 Sloan,
1547 2222 52 75 for
1623 2222 56 75 the
1703 2222 72 75 red,
1784 2222 30 75 >

1307 2269 31 75 at
1357 2269 19 75 2
1394 2269 130 75 months

1785 2269 20 75 3

1552 2358 49 75 —4
1603 2358 35 75 th
1646 2358 26 75 —

1213 2407 156 75 Sundries
1382 2407 68 75 Drs
1460 2407 34 75 to
1504 2407 83 75 Port
1601 2407 92 75 IVine
1708 2407 62 75 110
1779 2407 26 75 /.

1259 2455 94 75 Cajh,
1372 2455 32 75 in
1417 2455 84 75 part,
1519 2455 52 75 for
1589 2455 20 75 4
1626 2455 100 75 pipes,
1745 2455 32 75 at
1786 2455 21 75 7

1301 2500 84 75 -27/.
1408 2500 78 75 tor.

1786 2500 20 75 3

1258 2546 89 75 Will.
1368 2546 98 75 Pope,
1499 2546 52 75 for
1575 2546 55 75 the
1655 2546 60 75 red
1737 2546 39 75 on
1787 2546 20 75 7

1305 2591 137 75 demand

1786 2591 20 75 3

1867 2408 24 75 /.
1940 2408 29 75 r.
2019 2408 5 75 ,

1861 2486 40 75 55
1943 2486 48 75 00

1250 2778 119 75 Bqfore
1397 2778 190 75 proceeding
1614 2778 35 75 to
1674 2778 71 75 give
1771 2778 86 75 rules
1883 2778 51 75 for
1961 2778 129 75 writing
2116 2778 32 75 in
2179 2778 80 75 the-

1205 2823 145 75 Journal,
1376 2823 27 75 it
1425 2823 67 75 will
1507 2823 39 75 be
1565 2823 157 75 necefiary
1747 2823 35 75 to
1810 2823 74 75 take
1901 2823 119 75 notioe,
2047 2823 69 75 that
2139 2823 112 75 every,

1206 2871 68 75 cafe
1290 2871 37 75 or
1344 2871 147 75 example
1507 2871 39 75 of
1558 2871 54 75 the
1630 2871 226 75 Wade-book,
1875 2871 90 75 when
1986 2871 130 75 entered
2132 2871 31 75 in
2181 2871 55 75 the

1205 2917 144 75 Journal,
1367 2917 27 75 is
1410 2917 101 75 called
1529 2917 18 75 a
1564 2917 223 75 Journalpojl
1801 2917 40 75 or
1856 2917 90 75 entry
1961 2917 12 75 :
1990 2917 96 75 Thus
2103 2917 55 75 the
2175 2917 58 75 ex-

1205 2964 118 75 amples
1341 2964 100 75 above
1458 2964 91 75 make
1563 2964 40 75 up
1617 2964 90 75 three
1725 2964 122 75 didinfl
1867 2964 95 75 pods.
2000 2964 119 75 Again,
2136 2964 19 75 a
2171 2964 68 75 pod

1203 3012 25 75 is
1254 3012 102 75 either
1371 3012 106 75 fimple
1494 3012 38 75 or
1548 3012 160 75 complex.
1756 3012 34 75 A
1793 3012 120 75 fymple
1924 3012 70 75 poft
2009 3012 25 75 is
2047 3012 71 75 that
2134 3012 103 75 which

2182 3062 77 75 has-..
