2423 3387
164 186 85 75 49©

723 186 43 75 A
843 186 28 75 S
947 186 41 75 T
1064 186 38 75 R
1181 186 31 75 C

166 250 67 75 But
261 250 104 75 Julius
393 250 120 75 Caefar,
544 250 33 75 as
605 250 131 75 already
763 250 195 75 mentioned,
989 250 112 75 taking
1129 250 64 75 this

165 296 213 75 troublefome
402 296 92 75 affair
518 296 68 75 into
608 296 241 75 confideration,
874 296 161 75 reformed
1058 296 55 75 the
1136 296 57 75 ka-

165 342 126 75 lendar,
309 342 43 75 by
364 342 128 75 making
504 342 55 75 the
572 342 75 75 year
658 342 34 75 to
704 342 109 75 confift
825 342 41 75 of
879 342 64 75 365
958 342 78 75 days
1050 342 20 75 6
1084 342 110 75 hours.

213 389 76 75 The
305 389 77 75 year
397 389 73 75 thus
488 389 125 75 fettled,
639 389 26 75 is
682 389 88 75 what
786 389 49 75 we
851 389 61 75 {till
929 389 93 75 make
1038 389 52 75 ufe
1103 389 39 75 of
1162 389 32 75 in

165 435 147 75 Britain;
339 435 57 75 but
421 435 33 75 as
477 435 25 75 it
526 435 27 75 is
578 435 173 75 fomewhat
775 435 89 75 more
887 435 76 75 than
993 435 37 75 11
1059 435 137 75 minutes

165 481 112 75 longer
292 481 78 75 than
392 481 57 75 the
465 481 84 75 folar
563 481 136 75 tropical
716 481 88 75 year,
829 481 55 75 the
908 481 92 75 times
1024 481 43 75 of
1083 481 55 75 the
1162 481 33 75 e-

165 528 158 75 quinoxes
339 528 42 75 go
396 528 184 75 backward,
606 528 61 75 and
684 528 56 75 fall
757 528 116 75 earlier
893 528 44 75 by
952 528 62 75 one
1035 528 63 75 day
1114 528 33 75 in
1164 528 33 75 a-

165 574 80 75 bout
274 574 65 75 1^0
363 574 106 75 years.
517 574 39 75 In
581 574 55 75 the
660 574 77 75 time
760 574 41 75 of
820 574 54 75 the
895 574 126 75 Nicene
1045 574 151 75 Council,

166 622 62 75 {A.
252 622 45 75 D.
318 622 99 75 32O*
447 622 107 75 which
578 622 66 75 was
674 622 87 75 1444
786 622 92 75 years
904 622 73 75 ago,
1009 622 56 75 the
1087 622 108 75 vernal

164 668 144 75 equinox
336 668 56 75 fell
418 668 42 75 on
483 668 56 75 the
566 668 71 75 21ft
660 668 41 75 of
718 668 141 75 March;
890 668 63 75 and
975 668 32 75 if
1024 668 49 75 we
1089 668 107 75 divide

168 716 89 75 1444
274 716 45 75 by
341 716 76 75 130.
443 716 26 75 it
484 716 66 75 will
574 716 99 75 quote
695 716 52 75 11,
774 716 107 75 which
896 716 27 75 is
940 716 56 75 the
1013 716 134 75 number
1162 716 41 75 of

162 760 79 75 days
257 760 107 75 which
381 760 55 75 the
451 760 143 75 equinox
610 760 57 75 has
684 760 99 75 fallen
798 760 83 75 back
897 760 80 75 fince
989 760 55 75 the
1056 760 140 75 Council

162 806 42 75 of
221 806 98 75 Nice.
368 806 85 75 This
471 806 125 75 caufing
620 806 91 75 great
733 806 226 75 difturbances,
985 806 44 75 by
1051 806 145 75 unfixing

161 853 56 75 the
233 853 93 75 times
347 853 41 75 of
405 853 57 75 the
478 853 195 75 celebration
685 853 41 75 of
744 853 124 75 Eafter,
895 853 62 75 and
970 853 227 75 confequently

162 899 40 75 of
220 899 43 75 all
279 899 55 75 the
350 899 95 75 other
460 899 165 75 moveable
641 899 105 75 feafts,
772 899 89 75 Pope
885 899 154 75 Gregory
1055 899 139 75 XHIth,

160 945 33 75 in
210 945 55 75 the
281 945 77 75 year
378 945 101 75 1582,
505 945 137 75 ordered
664 945 54 75 ten
737 945 78 75 days
832 945 35 75 to
883 945 41 75 be
940 945 34 75 at
989 945 80 75 once
1090 945 105 75 flxuck

160 990 59 75 out
230 990 40 75 of
289 990 72 75 that
377 990 96 75 year;
500 990 63 75 and
579 990 55 75 the
650 990 80 75 next
746 990 64 75 day
826 990 84 75 after
926 990 56 75 the
1000 990 59 75 4th
1076 990 40 75 of
1127 990 67 75 Oc-

159 1038 93 75 tober
268 1038 65 75 was
350 1038 103 75 called
468 1038 56 75 the
543 1038 91 75 15th.
683 1038 52 75 By
752 1038 64 75 this
834 1038 106 75 means
965 1038 55 75 the
1035 1038 109 75 vernal
1161 1038 32 75 e-

160 1084 126 75 qijinox
309 1084 65 75 was
391 1084 140 75 reftored
547 1084 36 75 to
599 1084 56 75 the
673 1084 71 75 21ft
769 1084 41 75 of
829 1084 140 75 March;
996 1084 63 75 and
1081 1084 26 75 it
1130 1084 65 75 was

160 1130 234 75 endeavoured,
419 1130 45 75 by
487 1130 57 75 the
568 1130 139 75 omiffion
733 1130 42 75 of
792 1130 91 75 three
907 1130 193 75 intercalary
1116 1130 79 75 days

159 1179 31 75 in
210 1179 68 75 400
300 1179 104 75 years,
430 1179 37 75 to
490 1179 93 75 make
608 1179 55 75 the
688 1179 75 75 civil
788 1179 37 75 or
849 1179 144 75 political
1019 1179 77 75 year
1111 1179 82 75 keep

158 1224 78 75 pace
254 1224 80 75 with
351 1224 55 75 the
423 1224 83 75 folar
529 1224 52 75 for
604 1224 78 75 time
706 1224 35 75 to
766 1224 104 75 come.
918 1224 85 75 This
1020 1224 71 75 new
1107 1224 84 75 form

158 1270 40 75 of
222 1270 56 75 the
302 1270 76 75 year
401 1270 27 75 is
453 1270 103 75 called
579 1270 55 75 the
663 1270 184 75 Gregorian
875 1270 147 75 account,
1057 1270 37 75 or
1118 1270 74 75 neou

147 1316 109 75 Jlyle;
275 1316 105 75 which
397 1316 27 75 is
442 1316 146 75 received
603 1316 32 75 in
653 1316 41 75 all
713 1316 160 75 countries
885 1316 108 75 where
1009 1316 56 75 the
1081 1316 109 75 pope’s

156 1362 166 75 authority
340 1362 28 75 is
386 1362 261 75 acknowledged,
673 1362 64 75 and
752 1362 101 75 ought
869 1362 36 75 to
921 1362 40 75 be
977 1362 32 75 in
1025 1362 43 75 all
1085 1362 105 75 places

156 1408 108 75 where
276 1408 89 75 truth
380 1408 29 75 is
426 1408 173 75 regarded.

202 1455 76 75 The
302 1455 156 75 principal
482 1455 131 75 divifion
644 1455 41 75 of
710 1455 56 75 the
793 1455 77 75 year
896 1455 27 75 is
951 1455 70 75 into
1049 1455 136 75 months,

154 1501 106 75 which
278 1501 53 75 are
348 1501 40 75 of
405 1501 66 75 two
487 1501 95 75 forts,
607 1501 139 75 namely,
774 1501 229 75 ajironomical
1016 1501 62 75 and
1093 1501 92 75 civil.

154 1549 78 75 The
250 1549 220 75 agronomical
495 1549 115 75 month
626 1549 28 75 is
670 1549 56 75 the
750 1549 78 75 time
844 1549 32 75 in
902 1549 106 75 which
1028 1549 57 75 the
1101 1549 98 75 moon

1282 181 43 75 N
1404 181 40 75 O
1524 181 48 75 M
1668 181 54 75 Y.

1243 251 75 75 runs
1334 251 139 75 through
1492 251 56 75 the
1565 251 127 75 zodiac,
1718 251 63 75 artd
1796 251 28 75 is
1846 251 104 75 either
1967 251 187 75 periodical
2174 251 38 75 or
2224 251 56 75 fy-

1243 298 141 75 nodical.
1433 298 78 75 The
1527 298 174 75 periodical
1718 298 113 75 month
1848 298 26 75 is
1892 298 56 75 the
1965 298 76 75 time
2058 298 89 75 fpent
2164 298 44 75 by
2223 298 67 75 the*

1244 343 94 75 moon
1356 343 31 75 in
1401 343 128 75 making
1542 343 60 75 one
1612 343 158 75 complete
1783 343 180 75 revolution
1976 343 83 75 from
2069 343 60 75 any
2143 343 90 75 point
2245 343 40 75 of

1243 390 55 75 the
1315 390 114 75 zodiac
1445 390 35 75 to
1496 390 56 75 the
1568 390 83 75 fame
1668 390 112 75 again;
1800 390 104 75 which
1922 390 77 75 is27
1999 372 21 49 d
2035 390 18 75 7
2053 372 18 49 h
2071 390 53 75 43
2124 372 29 49 m
2153 390 15 75 .
2203 390 78 75 The

1246 437 162 75 fynodicaJ
1426 437 126 75 month,
1570 437 105 75 called
1692 437 18 75 a
1726 437 162 75 lunation,
1908 437 26 75 is
1949 437 55 75 the
2021 437 78 75 time
2112 437 169 75 contained

1244 481 143 75 between
1404 481 56 75 the
1473 481 122 75 moon’s
1613 481 126 75 parting
1751 481 80 75 with
1845 481 54 75 the
1912 481 55 75 fun
1985 481 32 75 at
2031 481 19 75 a
2062 481 216 75 conjun&ion,

1246 528 64 75 and
1334 528 167 75 returning
1524 528 36 75 to
1585 528 66 75 him
1680 528 104 75 again,
1820 528 105 75 which
1955 528 26 75 is
2008 528 45 75 29
2053 510 17 49 d
2102 528 38 75 I2
2140 510 21 49 h
2191 528 45 75 44
2236 510 27 49 m
2263 528 14 75 .

1235 574 87 75 -The
1339 574 72 75 civil
1429 574 130 75 months
1576 574 53 75 are
1641 574 90 75 thofe
1746 574 107 75 which
1870 574 53 75 are
1941 574 125 75 framed
2078 574 52 75 for
2142 574 55 75 the
2209 574 69 75 ufes

1245 620 41 75 of
1304 620 72 75 civil
1393 620 78 75 life;
1498 620 63 75 and
1577 620 54 75 are
1647 620 151 75 different
1822 620 34 75 as
1881 620 35 75 to
1939 620 85 75 their
2041 620 119 75 names,
2186 620 91 75 num-

1244 666 57 75 ber
1318 666 39 75 of
1369 666 91 75 days,
1486 666 62 75 and
1566 666 93 75 times
1678 666 40 75 of
1736 666 181 75 beginning,
1943 666 32 75 in
1992 666 118 75 feveral
2127 666 152 75 different

1246 713 172 75 cduntries.
1466 713 77 75 The
1559 713 64 75 firfl:
1639 713 112 75 month
1768 713 40 75 of
1829 713 55 75 the
1907 713 115 75 Jewilh
2045 713 76 75 year
2145 713 56 75 fell
2226 713 51 75 ac-

1246 759 133 75 cording
1395 759 35 75 to
1448 759 56 75 the
1520 759 97 75 moon
1633 759 33 75 in
1682 759 61 75 our
1759 759 125 75 Auguft
1908 759 61 75 and
1996 759 200 75 September,
2222 759 57 75 old

1245 806 98 75 ftyle;
1370 806 55 75 the
1442 806 115 75 fecond
1574 806 32 75 in
1625 806 189 75 September
1830 806 237 75 andOdtober;
2094 806 62 75 and
2172 806 33 75 fo
2221 806 56 75 on.

1244 852 75 75 The
1336 852 64 75 firft
1416 852 112 75 month
1545 852 41 75 of
1603 852 56 75 the
1677 852 162 75 Egyptian
1856 852 76 75 year
1949 852 100 75 began
2062 852 42 75 on
2121 852 55 75 the
2195 852 81 75 29th

1244 898 39 75 of
1308 898 59 75 our
1390 898 137 75 Auguft.
1583 898 77 75 The
1687 898 65 75 firft
1778 898 110 75 month
1918 898 41 75 of
1977 898 55 75 the
2060 898 124 75 Arabic
2212 898 65 75 and

1243 944 140 75 Turkifti
1417 944 77 75 year
1529 944 100 75 began
1662 944 56 75 the
1762 944 79 75 16th
1876 944 41 75 of
1946 944 92 75 July.
2110 944 77 75 The
2214 944 65 75 firft

1243 990 113 75 month
1373 990 40 75 of
1431 990 56 75 the
1503 990 143 75 Grecian
1663 990 76 75 year
1755 990 57 75 fell
1825 990 171 75 according
2013 990 34 75 to
2060 990 55 75 the
2128 990 95 75 moon
2241 990 33 75 in

1243 1037 83 75 June
1343 1037 63 75 and
1422 1037 90 75 July,
1538 1037 56 75 the
1610 1037 115 75 fecond
1749 1037 32 75 in
1806 1037 79 75 July
1909 1037 61 75 and
1994 1037 137 75 Auguft,
2156 1037 63 75 and
2242 1037 34 75 fo

1244 1083 55 75 on,
1325 1083 34 75 as
1377 1083 33 75 in
1428 1083 54 75 the
1495 1083 167 75 following
1679 1083 97 75 table.

1290 1130 34 75 A
1341 1130 111 75 month
1469 1130 27 75 is
1513 1130 131 75 divided
1667 1130 69 75 into
1752 1130 73 75 four
1841 1130 87 75 parts
1946 1130 103 75 called
2072 1130 116 75 •weeks,
2214 1130 63 75 and

1243 1175 18 75 a
1275 1175 91 75 week
1382 1175 68 75 into
1467 1175 92 75 feven
1576 1175 86 75 parts
1686 1175 104 75 called
1811 1175 86 75 days'
1897 1175 11 75 ,
1936 1175 35 75 fo
1993 1175 71 75 that
2079 1175 34 75 in
2130 1175 20 75 a
2165 1175 110 75 Julian

1241 1223 76 75 year
1332 1223 91 75 there
1447 1223 54 75 are
1531 1223 36 75 13
1596 1223 74 75 fuch
1695 1223 143 75 months,
1864 1223 39 75 or
1920 1223 42 75 52
1982 1223 119 75 weeks,
2127 1223 62 75 and
2214 1223 62 75 one

1240 1267 63 75 day
1327 1267 90 75 over.
1464 1267 78 75 The
1567 1267 149 75 Gentiles
1742 1267 80 75 gave
1847 1267 55 75 the
1926 1267 108 75 names
2059 1267 40 75 of
2125 1267 57 75 the
2205 1267 69 75 fun,

1239 1313 107 75 moon,
1374 1313 62 75 and
1452 1313 135 75 planets,
1613 1313 36 75 to
1674 1313 55 75 the
1751 1313 78 75 days
1853 1313 41 75 of
1913 1313 54 75 the
1991 1313 103 75 week.
2143 1313 57 75 To
2217 1313 57 75 the

1238 1360 77 75 firft,
1336 1360 55 75 the
1408 1360 90 75 name
1516 1360 39 75 of
1567 1360 54 75 the
1639 1360 71 75 Sun
1722 1360 10 75 ;
1757 1360 36 75 to
1804 1360 56 75 the
1875 1360 128 75 fecond,
2021 1360 40 75 of
2073 1360 55 75 the
2146 1360 101 75 Moon
2259 1360 11 75 ;

1239 1406 35 75 to
1290 1406 55 75 the
1361 1406 100 75 third,
1488 1406 40 75 of
1541 1406 100 75 Mars
1653 1406 10 75 ;
1690 1406 36 75 to
1742 1406 56 75 the
1815 1406 124 75 fourth,
1965 1406 41 75 of
2026 1406 157 75 Mercury
2199 1406 10 75 ;
2237 1406 36 75 to

1234 1453 57 75 the
1314 1453 86 75 fifth,
1426 1453 40 75 of
1488 1453 159 75 Jupiter;
1674 1453 35 75 to
1733 1453 55 75 the
1812 1453 97 75 fixth,
1919 1453 6 75 •
1935 1453 40 75 of
1995 1453 131 75 Venus;
2153 1453 62 75 and
2237 1453 37 75 to

1235 1500 55 75 the
1308 1500 145 75 feventh,
1479 1500 41 75 of
1540 1500 142 75 Saturn.

608 1683 76 75 The
701 1683 117 75 Jewifh
835 1683 89 75 year.

1125 1684 93 75 Days
1271 1684 45 75 N'

465 1773 88 75 Tifri

837 1773 147 75 Aug-.-

464 1822 214 75 Marchefvan

864 1822 120 75 Sept.-

465 1868 113 75 Cafleu

842 1868 101 75 Odh
959 1868 25 75 -

465 1913 133 75 Tebeth

872 1913 112 75 Nov.-

467 1959 122 75 Shebat

872 1959 112 75 Dec.-

465 2004 93 75 Adar

871 2004 74 75 Jan.
958 2004 26 75 —

467 2052 99 75 Nifan
584 2052 36 75 or
637 2052 88 75 Abib

871 2052 113 75 Feb.-

467 2097 68 75 Jiar

868 2097 116 75 Mar.-

467 2145 97 75 Sivan

869 2145 115 75 Apr.-

465 2191 129 75 Tamuz

870 2191 114 75 May-

469 2237 53 75 Ab

848 2237 136 75 June-

466 2283 78 75 Elul

849 2283 135 75 July-

996 1776 102 75 -Sept.

996 1823 87 75 -oa.

996 1867 91 75 -Nov

996 1914 101 75 -Dec.

996 1960 83 75 -Jan.

996 2006 92 75 -Feb.

996 2052 101 75 -Mar.

996 2098 96 75 -Apr.

996 2145 96 75 -May

997 2192 95 75 -June

996 2239 91 75 -July

996 2285 102 75 -Aug.

1490 1686 78 75 The
1584 1686 165 75 Egyptian
1768 1686 88 75 year.

1996 1690 88 75 .J,ys

1375 1777 117 75 Thoth

1726 1777 142 75 Auguft
1923 1777 43 75 29

1376 1823 124 75 Paophi

1726 1823 183 75 Septemb.
1924 1823 42 75 28

1375 1868 101 75 Athlr

1722 1868 159 75 Oflober
1925 1868 41 75 28

1376 1916 126 75 Chojac
1535 1916 37 75 —
1661 1916 63 75 —
1740 1916 162 75 Novemb.
1924 1916 43 75 27

1374 1960 89 75 Tybi

1724 1960 175 75 Decemb.
1923 1960 42 75 27

1374 2006 131 75 Mechir

1726 2006 159 75 January
1924 2006 43 75 26

1374 2054 201 75 Phamenoth

1725 2054 181 75 February
1923 2054 42 75 25

1376 2100 165 75 Parmuthi

1727 2100 134 75 March
1925 2100 42 75 27

1375 2147 129 75 Pachon

1728 2147 110 75 April
1924 2147 45 75 26

1374 2193 101 75 Payni

1727 2193 98 75 May
1924 2193 45 75 26

1374 2240 121 75 Epiphi

1728 2240 101 75 June

1373 2286 123 75 Mefori

1727 2286 96 75 July
1925 2248 43 75 25
1987 2248 4 75 i
2019 2248 45 75 30

1924 2298 43 75 25
1987 2298 5 75 !
2018 2298 45 75 3°

438 2380 92 75 Days
547 2380 32 75 in
595 2380 56 75 the
667 2380 78 75 year

1344 2385 213 75 Epagomenae
1574 2385 37 75 or
1628 2385 79 75 days
1724 2385 103 75 added
1842 2385 18 75 -

368 2470 39 75 In
427 2470 55 75 the
500 2470 182 75 embolimic
693 2470 76 75 year
785 2470 84 75 after
884 2470 92 75 Adar
992 2470 78 75 they
1087 2470 104 75 added
1207 2470 18 75 a

392 2517 113 75 month
521 2517 105 75 called
641 2517 160 75 Ve-Adar
816 2517 41 75 of
878 2517 44 75 30
938 2517 91 75 days.

1345 2478 93 75 Days
1454 2478 33 75 in
1503 2478 55 75 the
1574 2478 77 75 year

1964 2493 95 75 -I365
