<?xml version="1.0" encoding="UTF-8"?>
<alto xmlns="http://www.loc.gov/standards/alto/v3/alto.xsd"><Description><MeasurementUnit>pixel</MeasurementUnit><sourceImageInformation><fileName>./data/pdfs/c_188936619/i_144133901/188082693.23.pdf</fileName></sourceImageInformation><OCRProcessing ID="IdOcr"><ocrProcessingStep><processingDateTime>Fri Jul 12 10:37:35 2019
</processingDateTime><processingSoftware><softwareCreator>CONTRIBUTORS</softwareCreator><softwareName>pdfalto</softwareName><softwareVersion>0.1</softwareVersion></processingSoftware></ocrProcessingStep></OCRProcessing></Description><Styles><TextStyle ID="font0" FONTFAMILY="times" FONTSIZE="10.000" FONTTYPE="serif" FONTWIDTH="proportional" FONTCOLOR="#WWWWWW" FONTSTYLE=""/></Styles><Layout><Page ID="Page385" PHYSICAL_IMG_NR="385" WIDTH="2443" HEIGHT="3377"><PrintSpace><TextLine WIDTH="208" HEIGHT="75" ID="p385_t1" HPOS="536" VPOS="151"><String ID="p385_w1" CONTENT="API" HPOS="536" VPOS="151" WIDTH="208" HEIGHT="75" STYLEREFS="font0"/></TextLine><TextLine WIDTH="245" HEIGHT="75" ID="p385_t2" HPOS="1099" VPOS="151"><String ID="p385_w2" CONTENT="(" HPOS="1099" VPOS="151" WIDTH="20" HEIGHT="75" STYLEREFS="font0"/><SP WIDTH="58" VPOS="151" HPOS="1119"/><String ID="p385_w3" CONTENT="333" HPOS="1177" VPOS="151" WIDTH="78" HEIGHT="75" STYLEREFS="font0"/><SP WIDTH="62" VPOS="151" HPOS="1255"/><String ID="p385_w4" CONTENT="&gt;" HPOS="1317" VPOS="151" WIDTH="27" HEIGHT="75" STYLEREFS="font0"/></TextLine><TextLine WIDTH="209" HEIGHT="75" ID="p385_t3" HPOS="1694" VPOS="151"><String ID="p385_w5" CONTENT="API" HPOS="1694" VPOS="151" WIDTH="209" HEIGHT="75" STYLEREFS="font0"/></TextLine><TextLine WIDTH="1040" HEIGHT="75" ID="p385_t4" HPOS="160" VPOS="222"><String ID="p385_w6" CONTENT="at" HPOS="160" VPOS="222" WIDTH="33" HEIGHT="75" STYLEREFS="font0"/><SP WIDTH="17" VPOS="222" HPOS="193"/><String ID="p385_w7" CONTENT="perfection" HPOS="210" VPOS="222" WIDTH="174" HEIGHT="75" STYLEREFS="font0"/><SP WIDTH="24" VPOS="222" HPOS="384"/><String ID="p385_w8" CONTENT="on" HPOS="408" VPOS="222" WIDTH="41" HEIGHT="75" STYLEREFS="font0"/><SP WIDTH="16" VPOS="222" HPOS="449"/><String ID="p385_w9" CONTENT="the" HPOS="465" VPOS="222" WIDTH="55" HEIGHT="75" STYLEREFS="font0"/><SP WIDTH="18" VPOS="222" HPOS="520"/><String ID="p385_w10" CONTENT="twentieth" HPOS="538" VPOS="222" WIDTH="169" HEIGHT="75" STYLEREFS="font0"/><SP WIDTH="15" VPOS="222" HPOS="707"/><String ID="p385_w11" CONTENT="day;" HPOS="722" VPOS="222" WIDTH="85" HEIGHT="75" STYLEREFS="font0"/><SP WIDTH="27" VPOS="222" HPOS="807"/><String ID="p385_w12" CONTENT="when" HPOS="834" VPOS="222" WIDTH="91" HEIGHT="75" STYLEREFS="font0"/><SP WIDTH="18" VPOS="222" HPOS="925"/><String ID="p385_w13" CONTENT="fhe" HPOS="943" VPOS="222" WIDTH="51" HEIGHT="75" STYLEREFS="font0"/><SP WIDTH="17" VPOS="222" HPOS="994"/><String ID="p385_w14" CONTENT="cuts," HPOS="1011" VPOS="222" WIDTH="83" HEIGHT="75" STYLEREFS="font0"/><SP WIDTH="26" VPOS="222" HPOS="1094"/><String ID="p385_w15" CONTENT="with" HPOS="1120" VPOS="222" WIDTH="80" HEIGHT="75" STYLEREFS="font0"/></TextLine><TextLine WIDTH="1038" HEIGHT="75" ID="p385_t5" HPOS="160" VPOS="270"><String ID="p385_w16" CONTENT="her" HPOS="160" VPOS="270" WIDTH="60" HEIGHT="75" STYLEREFS="font0"/><SP WIDTH="12" VPOS="270" HPOS="220"/><String ID="p385_w17" CONTENT="jaws" HPOS="232" VPOS="270" WIDTH="81" HEIGHT="75" STYLEREFS="font0"/><SP WIDTH="16" VPOS="270" HPOS="313"/><String ID="p385_w18" CONTENT="or" HPOS="329" VPOS="270" WIDTH="39" HEIGHT="75" STYLEREFS="font0"/><SP WIDTH="15" VPOS="270" HPOS="368"/><String ID="p385_w19" CONTENT="talons," HPOS="383" VPOS="270" WIDTH="117" HEIGHT="75" STYLEREFS="font0"/><SP WIDTH="27" VPOS="270" HPOS="500"/><String ID="p385_w20" CONTENT="the" HPOS="527" VPOS="270" WIDTH="55" HEIGHT="75" STYLEREFS="font0"/><SP WIDTH="16" VPOS="270" HPOS="582"/><String ID="p385_w21" CONTENT="covering" HPOS="598" VPOS="270" WIDTH="150" HEIGHT="75" STYLEREFS="font0"/><SP WIDTH="15" VPOS="270" HPOS="748"/><String ID="p385_w22" CONTENT="of" HPOS="763" VPOS="270" WIDTH="41" HEIGHT="75" STYLEREFS="font0"/><SP WIDTH="19" VPOS="270" HPOS="804"/><String ID="p385_w23" CONTENT="wax" HPOS="823" VPOS="270" WIDTH="75" HEIGHT="75" STYLEREFS="font0"/><SP WIDTH="16" VPOS="270" HPOS="898"/><String ID="p385_w24" CONTENT="upon" HPOS="914" VPOS="270" WIDTH="84" HEIGHT="75" STYLEREFS="font0"/><SP WIDTH="17" VPOS="270" HPOS="998"/><String ID="p385_w25" CONTENT="the" HPOS="1015" VPOS="270" WIDTH="55" HEIGHT="75" STYLEREFS="font0"/><SP WIDTH="15" VPOS="270" HPOS="1070"/><String ID="p385_w26" CONTENT="mouth" HPOS="1085" VPOS="270" WIDTH="113" HEIGHT="75" STYLEREFS="font0"/></TextLine><TextLine WIDTH="1037" HEIGHT="75" ID="p385_t6" HPOS="161" VPOS="317"><String ID="p385_w27" CONTENT="of" HPOS="161" VPOS="317" WIDTH="42" HEIGHT="75" STYLEREFS="font0"/><SP WIDTH="17" VPOS="317" HPOS="203"/><String ID="p385_w28" CONTENT="the" HPOS="220" VPOS="317" WIDTH="55" HEIGHT="75" STYLEREFS="font0"/><SP WIDTH="16" VPOS="317" HPOS="275"/><String ID="p385_w29" CONTENT="cells," HPOS="291" VPOS="317" WIDTH="92" HEIGHT="75" STYLEREFS="font0"/><SP WIDTH="25" VPOS="317" HPOS="383"/><String ID="p385_w30" CONTENT="and" HPOS="408" VPOS="317" WIDTH="62" HEIGHT="75" STYLEREFS="font0"/><SP WIDTH="22" VPOS="317" HPOS="470"/><String ID="p385_w31" CONTENT="iflues" HPOS="492" VPOS="317" WIDTH="92" HEIGHT="75" STYLEREFS="font0"/><SP WIDTH="17" VPOS="317" HPOS="584"/><String ID="p385_w32" CONTENT="out." HPOS="601" VPOS="317" WIDTH="70" HEIGHT="75" STYLEREFS="font0"/><SP WIDTH="48" VPOS="317" HPOS="671"/><String ID="p385_w33" CONTENT="When" HPOS="719" VPOS="317" WIDTH="111" HEIGHT="75" STYLEREFS="font0"/><SP WIDTH="16" VPOS="317" HPOS="830"/><String ID="p385_w34" CONTENT="the" HPOS="846" VPOS="317" WIDTH="55" HEIGHT="75" STYLEREFS="font0"/><SP WIDTH="17" VPOS="317" HPOS="901"/><String ID="p385_w35" CONTENT="young" HPOS="918" VPOS="317" WIDTH="107" HEIGHT="75" STYLEREFS="font0"/><SP WIDTH="16" VPOS="317" HPOS="1025"/><String ID="p385_w36" CONTENT="bees" HPOS="1041" VPOS="317" WIDTH="76" HEIGHT="75" STYLEREFS="font0"/><SP WIDTH="17" VPOS="317" HPOS="1117"/><String ID="p385_w37" CONTENT="firft" HPOS="1134" VPOS="317" WIDTH="64" HEIGHT="75" STYLEREFS="font0"/></TextLine><TextLine WIDTH="1036" HEIGHT="75" ID="p385_t7" HPOS="161" VPOS="362"><String ID="p385_w38" CONTENT="get" HPOS="161" VPOS="362" WIDTH="55" HEIGHT="75" STYLEREFS="font0"/><SP WIDTH="19" VPOS="362" HPOS="216"/><String ID="p385_w39" CONTENT="out" HPOS="235" VPOS="362" WIDTH="58" HEIGHT="75" STYLEREFS="font0"/><SP WIDTH="15" VPOS="362" HPOS="293"/><String ID="p385_w40" CONTENT="of" HPOS="308" VPOS="362" WIDTH="41" HEIGHT="75" STYLEREFS="font0"/><SP WIDTH="10" VPOS="362" HPOS="349"/><String ID="p385_w41" CONTENT="the" HPOS="359" VPOS="362" WIDTH="56" HEIGHT="75" STYLEREFS="font0"/><SP WIDTH="16" VPOS="362" HPOS="415"/><String ID="p385_w42" CONTENT="cell," HPOS="431" VPOS="362" WIDTH="74" HEIGHT="75" STYLEREFS="font0"/><SP WIDTH="17" VPOS="362" HPOS="505"/><String ID="p385_w43" CONTENT="they" HPOS="522" VPOS="362" WIDTH="78" HEIGHT="75" STYLEREFS="font0"/><SP WIDTH="16" VPOS="362" HPOS="600"/><String ID="p385_w44" CONTENT="appear" HPOS="616" VPOS="362" WIDTH="115" HEIGHT="75" STYLEREFS="font0"/><SP WIDTH="16" VPOS="362" HPOS="731"/><String ID="p385_w45" CONTENT="drowfy," HPOS="747" VPOS="362" WIDTH="137" HEIGHT="75" STYLEREFS="font0"/><SP WIDTH="18" VPOS="362" HPOS="884"/><String ID="p385_w46" CONTENT="but" HPOS="902" VPOS="362" WIDTH="58" HEIGHT="75" STYLEREFS="font0"/><SP WIDTH="16" VPOS="362" HPOS="960"/><String ID="p385_w47" CONTENT="foon" HPOS="976" VPOS="362" WIDTH="75" HEIGHT="75" STYLEREFS="font0"/><SP WIDTH="17" VPOS="362" HPOS="1051"/><String ID="p385_w48" CONTENT="acquire" HPOS="1068" VPOS="362" WIDTH="129" HEIGHT="75" STYLEREFS="font0"/></TextLine><TextLine WIDTH="1035" HEIGHT="75" ID="p385_t8" HPOS="161" VPOS="408"><String ID="p385_w49" CONTENT="agility" HPOS="161" VPOS="408" WIDTH="114" HEIGHT="75" STYLEREFS="font0"/><SP WIDTH="21" VPOS="408" HPOS="275"/><String ID="p385_w50" CONTENT="and" HPOS="296" VPOS="408" WIDTH="62" HEIGHT="75" STYLEREFS="font0"/><SP WIDTH="24" VPOS="408" HPOS="358"/><String ID="p385_w51" CONTENT="command" HPOS="382" VPOS="408" WIDTH="168" HEIGHT="75" STYLEREFS="font0"/><SP WIDTH="23" VPOS="408" HPOS="550"/><String ID="p385_w52" CONTENT="of" HPOS="573" VPOS="408" WIDTH="41" HEIGHT="75" STYLEREFS="font0"/><SP WIDTH="19" VPOS="408" HPOS="614"/><String ID="p385_w53" CONTENT="their" HPOS="633" VPOS="408" WIDTH="84" HEIGHT="75" STYLEREFS="font0"/><SP WIDTH="23" VPOS="408" HPOS="717"/><String ID="p385_w54" CONTENT="members;" HPOS="740" VPOS="408" WIDTH="180" HEIGHT="75" STYLEREFS="font0"/><SP WIDTH="32" VPOS="408" HPOS="920"/><String ID="p385_w55" CONTENT="for" HPOS="952" VPOS="408" WIDTH="53" HEIGHT="75" STYLEREFS="font0"/><SP WIDTH="15" VPOS="408" HPOS="1005"/><String ID="p385_w56" CONTENT="they" HPOS="1020" VPOS="408" WIDTH="79" HEIGHT="75" STYLEREFS="font0"/><SP WIDTH="16" VPOS="408" HPOS="1099"/><String ID="p385_w57" CONTENT="have" HPOS="1115" VPOS="408" WIDTH="81" HEIGHT="75" STYLEREFS="font0"/></TextLine><TextLine WIDTH="1034" HEIGHT="75" ID="p385_t9" HPOS="161" VPOS="456"><String ID="p385_w58" CONTENT="often" HPOS="161" VPOS="456" WIDTH="90" HEIGHT="75" STYLEREFS="font0"/><SP WIDTH="12" VPOS="456" HPOS="251"/><String ID="p385_w59" CONTENT="been" HPOS="263" VPOS="456" WIDTH="79" HEIGHT="75" STYLEREFS="font0"/><SP WIDTH="15" VPOS="456" HPOS="342"/><String ID="p385_w60" CONTENT="obferved" HPOS="357" VPOS="456" WIDTH="154" HEIGHT="75" STYLEREFS="font0"/><SP WIDTH="16" VPOS="456" HPOS="511"/><String ID="p385_w61" CONTENT="to" HPOS="527" VPOS="456" WIDTH="35" HEIGHT="75" STYLEREFS="font0"/><SP WIDTH="16" VPOS="456" HPOS="562"/><String ID="p385_w62" CONTENT="go" HPOS="578" VPOS="456" WIDTH="44" HEIGHT="75" STYLEREFS="font0"/><SP WIDTH="15" VPOS="456" HPOS="622"/><String ID="p385_w63" CONTENT="to" HPOS="637" VPOS="456" WIDTH="35" HEIGHT="75" STYLEREFS="font0"/><SP WIDTH="17" VPOS="456" HPOS="672"/><String ID="p385_w64" CONTENT="the" HPOS="689" VPOS="456" WIDTH="56" HEIGHT="75" STYLEREFS="font0"/><SP WIDTH="12" VPOS="456" HPOS="745"/><String ID="p385_w65" CONTENT="fields," HPOS="757" VPOS="456" WIDTH="104" HEIGHT="75" STYLEREFS="font0"/><SP WIDTH="18" VPOS="456" HPOS="861"/><String ID="p385_w66" CONTENT="and" HPOS="879" VPOS="456" WIDTH="62" HEIGHT="75" STYLEREFS="font0"/><SP WIDTH="17" VPOS="456" HPOS="941"/><String ID="p385_w67" CONTENT="return" HPOS="958" VPOS="456" WIDTH="107" HEIGHT="75" STYLEREFS="font0"/><SP WIDTH="12" VPOS="456" HPOS="1065"/><String ID="p385_w68" CONTENT="loaded" HPOS="1077" VPOS="456" WIDTH="118" HEIGHT="75" STYLEREFS="font0"/></TextLine><TextLine WIDTH="1017" HEIGHT="75" ID="p385_t10" HPOS="162" VPOS="503"><String ID="p385_w69" CONTENT="with" HPOS="162" VPOS="503" WIDTH="80" HEIGHT="75" STYLEREFS="font0"/><SP WIDTH="23" VPOS="503" HPOS="242"/><String ID="p385_w70" CONTENT="wax" HPOS="265" VPOS="503" WIDTH="74" HEIGHT="75" STYLEREFS="font0"/><SP WIDTH="23" VPOS="503" HPOS="339"/><String ID="p385_w71" CONTENT="the" HPOS="362" VPOS="503" WIDTH="56" HEIGHT="75" STYLEREFS="font0"/><SP WIDTH="15" VPOS="503" HPOS="418"/><String ID="p385_w72" CONTENT="fame" HPOS="433" VPOS="503" WIDTH="84" HEIGHT="75" STYLEREFS="font0"/><SP WIDTH="17" VPOS="503" HPOS="517"/><String ID="p385_w73" CONTENT="day" HPOS="534" VPOS="503" WIDTH="63" HEIGHT="75" STYLEREFS="font0"/><SP WIDTH="19" VPOS="503" HPOS="597"/><String ID="p385_w74" CONTENT="that" HPOS="616" VPOS="503" WIDTH="73" HEIGHT="75" STYLEREFS="font0"/><SP WIDTH="15" VPOS="503" HPOS="689"/><String ID="p385_w75" CONTENT="they" HPOS="704" VPOS="503" WIDTH="78" HEIGHT="75" STYLEREFS="font0"/><SP WIDTH="16" VPOS="503" HPOS="782"/><String ID="p385_w76" CONTENT="iflued" HPOS="798" VPOS="503" WIDTH="98" HEIGHT="75" STYLEREFS="font0"/><SP WIDTH="15" VPOS="503" HPOS="896"/><String ID="p385_w77" CONTENT="from" HPOS="911" VPOS="503" WIDTH="85" HEIGHT="75" STYLEREFS="font0"/><SP WIDTH="15" VPOS="503" HPOS="996"/><String ID="p385_w78" CONTENT="the" HPOS="1011" VPOS="503" WIDTH="56" HEIGHT="75" STYLEREFS="font0"/><SP WIDTH="21" VPOS="503" HPOS="1067"/><String ID="p385_w79" CONTENT="cells." HPOS="1088" VPOS="503" WIDTH="91" HEIGHT="75" STYLEREFS="font0"/></TextLine><TextLine WIDTH="987" HEIGHT="75" ID="p385_t11" HPOS="208" VPOS="549"><String ID="p385_w80" CONTENT="As" HPOS="208" VPOS="549" WIDTH="49" HEIGHT="75" STYLEREFS="font0"/><SP WIDTH="16" VPOS="549" HPOS="257"/><String ID="p385_w81" CONTENT="foon" HPOS="273" VPOS="549" WIDTH="77" HEIGHT="75" STYLEREFS="font0"/><SP WIDTH="16" VPOS="549" HPOS="350"/><String ID="p385_w82" CONTENT="as" HPOS="366" VPOS="549" WIDTH="34" HEIGHT="75" STYLEREFS="font0"/><SP WIDTH="18" VPOS="549" HPOS="400"/><String ID="p385_w83" CONTENT="a" HPOS="418" VPOS="549" WIDTH="19" HEIGHT="75" STYLEREFS="font0"/><SP WIDTH="18" VPOS="549" HPOS="437"/><String ID="p385_w84" CONTENT="young" HPOS="455" VPOS="549" WIDTH="108" HEIGHT="75" STYLEREFS="font0"/><SP WIDTH="17" VPOS="549" HPOS="563"/><String ID="p385_w85" CONTENT="bee" HPOS="580" VPOS="549" WIDTH="58" HEIGHT="75" STYLEREFS="font0"/><SP WIDTH="17" VPOS="549" HPOS="638"/><String ID="p385_w86" CONTENT="quits" HPOS="655" VPOS="549" WIDTH="87" HEIGHT="75" STYLEREFS="font0"/><SP WIDTH="16" VPOS="549" HPOS="742"/><String ID="p385_w87" CONTENT="its" HPOS="758" VPOS="549" WIDTH="41" HEIGHT="75" STYLEREFS="font0"/><SP WIDTH="24" VPOS="549" HPOS="799"/><String ID="p385_w88" CONTENT="cell," HPOS="823" VPOS="549" WIDTH="73" HEIGHT="75" STYLEREFS="font0"/><SP WIDTH="25" VPOS="549" HPOS="896"/><String ID="p385_w89" CONTENT="one" HPOS="921" VPOS="549" WIDTH="61" HEIGHT="75" STYLEREFS="font0"/><SP WIDTH="22" VPOS="549" HPOS="982"/><String ID="p385_w90" CONTENT="of" HPOS="1004" VPOS="549" WIDTH="41" HEIGHT="75" STYLEREFS="font0"/><SP WIDTH="21" VPOS="549" HPOS="1045"/><String ID="p385_w91" CONTENT="the" HPOS="1066" VPOS="549" WIDTH="56" HEIGHT="75" STYLEREFS="font0"/><SP WIDTH="16" VPOS="549" HPOS="1122"/><String ID="p385_w92" CONTENT="old" HPOS="1138" VPOS="549" WIDTH="57" HEIGHT="75" STYLEREFS="font0"/></TextLine><TextLine WIDTH="1032" HEIGHT="75" ID="p385_t12" HPOS="162" VPOS="595"><String ID="p385_w93" CONTENT="ones" HPOS="162" VPOS="595" WIDTH="75" HEIGHT="75" STYLEREFS="font0"/><SP WIDTH="17" VPOS="595" HPOS="237"/><String ID="p385_w94" CONTENT="takes" HPOS="254" VPOS="595" WIDTH="90" HEIGHT="75" STYLEREFS="font0"/><SP WIDTH="17" VPOS="595" HPOS="344"/><String ID="p385_w95" CONTENT="off" HPOS="361" VPOS="595" WIDTH="53" HEIGHT="75" STYLEREFS="font0"/><SP WIDTH="10" VPOS="595" HPOS="414"/><String ID="p385_w96" CONTENT="the" HPOS="424" VPOS="595" WIDTH="56" HEIGHT="75" STYLEREFS="font0"/><SP WIDTH="16" VPOS="595" HPOS="480"/><String ID="p385_w97" CONTENT="wax-cover," HPOS="496" VPOS="595" WIDTH="199" HEIGHT="75" STYLEREFS="font0"/><SP WIDTH="26" VPOS="595" HPOS="695"/><String ID="p385_w98" CONTENT="and" HPOS="721" VPOS="595" WIDTH="62" HEIGHT="75" STYLEREFS="font0"/><SP WIDTH="27" VPOS="595" HPOS="783"/><String ID="p385_w99" CONTENT="kneads" HPOS="810" VPOS="595" WIDTH="119" HEIGHT="75" STYLEREFS="font0"/><SP WIDTH="29" VPOS="595" HPOS="929"/><String ID="p385_w100" CONTENT="and" HPOS="958" VPOS="595" WIDTH="63" HEIGHT="75" STYLEREFS="font0"/><SP WIDTH="26" VPOS="595" HPOS="1021"/><String ID="p385_w101" CONTENT="employs" HPOS="1047" VPOS="595" WIDTH="147" HEIGHT="75" STYLEREFS="font0"/></TextLine><TextLine WIDTH="1032" HEIGHT="75" ID="p385_t13" HPOS="161" VPOS="642"><String ID="p385_w102" CONTENT="the" HPOS="161" VPOS="642" WIDTH="56" HEIGHT="75" STYLEREFS="font0"/><SP WIDTH="12" VPOS="642" HPOS="217"/><String ID="p385_w103" CONTENT="wax" HPOS="229" VPOS="642" WIDTH="75" HEIGHT="75" STYLEREFS="font0"/><SP WIDTH="12" VPOS="642" HPOS="304"/><String ID="p385_w104" CONTENT="for" HPOS="316" VPOS="642" WIDTH="53" HEIGHT="75" STYLEREFS="font0"/><SP WIDTH="10" VPOS="642" HPOS="369"/><String ID="p385_w105" CONTENT="fome" HPOS="379" VPOS="642" WIDTH="86" HEIGHT="75" STYLEREFS="font0"/><SP WIDTH="12" VPOS="642" HPOS="465"/><String ID="p385_w106" CONTENT="other" HPOS="477" VPOS="642" WIDTH="94" HEIGHT="75" STYLEREFS="font0"/><SP WIDTH="16" VPOS="642" HPOS="571"/><String ID="p385_w107" CONTENT="purpofe:" HPOS="587" VPOS="642" WIDTH="152" HEIGHT="75" STYLEREFS="font0"/><SP WIDTH="21" VPOS="642" HPOS="739"/><String ID="p385_w108" CONTENT="Another" HPOS="760" VPOS="642" WIDTH="148" HEIGHT="75" STYLEREFS="font0"/><SP WIDTH="13" VPOS="642" HPOS="908"/><String ID="p385_w109" CONTENT="of" HPOS="921" VPOS="642" WIDTH="39" HEIGHT="75" STYLEREFS="font0"/><SP WIDTH="12" VPOS="642" HPOS="960"/><String ID="p385_w110" CONTENT="them" HPOS="972" VPOS="642" WIDTH="88" HEIGHT="75" STYLEREFS="font0"/><SP WIDTH="13" VPOS="642" HPOS="1060"/><String ID="p385_w111" CONTENT="repairs" HPOS="1073" VPOS="642" WIDTH="120" HEIGHT="75" STYLEREFS="font0"/></TextLine><TextLine WIDTH="1032" HEIGHT="75" ID="p385_t14" HPOS="162" VPOS="688"><String ID="p385_w112" CONTENT="and" HPOS="162" VPOS="688" WIDTH="63" HEIGHT="75" STYLEREFS="font0"/><SP WIDTH="16" VPOS="688" HPOS="225"/><String ID="p385_w113" CONTENT="cleanfes" HPOS="241" VPOS="688" WIDTH="136" HEIGHT="75" STYLEREFS="font0"/><SP WIDTH="28" VPOS="688" HPOS="377"/><String ID="p385_w114" CONTENT="the" HPOS="405" VPOS="688" WIDTH="57" HEIGHT="75" STYLEREFS="font0"/><SP WIDTH="25" VPOS="688" HPOS="462"/><String ID="p385_w115" CONTENT="cell," HPOS="487" VPOS="688" WIDTH="73" HEIGHT="75" STYLEREFS="font0"/><SP WIDTH="25" VPOS="688" HPOS="560"/><String ID="p385_w116" CONTENT="removing" HPOS="585" VPOS="688" WIDTH="165" HEIGHT="75" STYLEREFS="font0"/><SP WIDTH="23" VPOS="688" HPOS="750"/><String ID="p385_w117" CONTENT="the" HPOS="773" VPOS="688" WIDTH="56" HEIGHT="75" STYLEREFS="font0"/><SP WIDTH="26" VPOS="688" HPOS="829"/><String ID="p385_w118" CONTENT="pellicle" HPOS="855" VPOS="688" WIDTH="128" HEIGHT="75" STYLEREFS="font0"/><SP WIDTH="27" VPOS="688" HPOS="983"/><String ID="p385_w119" CONTENT="and" HPOS="1010" VPOS="688" WIDTH="63" HEIGHT="75" STYLEREFS="font0"/><SP WIDTH="24" VPOS="688" HPOS="1073"/><String ID="p385_w120" CONTENT="other" HPOS="1097" VPOS="688" WIDTH="97" HEIGHT="75" STYLEREFS="font0"/></TextLine><TextLine WIDTH="737" HEIGHT="75" ID="p385_t15" HPOS="161" VPOS="734"><String ID="p385_w121" CONTENT="fordes" HPOS="161" VPOS="734" WIDTH="107" HEIGHT="75" STYLEREFS="font0"/><SP WIDTH="17" VPOS="734" HPOS="268"/><String ID="p385_w122" CONTENT="which" HPOS="285" VPOS="734" WIDTH="105" HEIGHT="75" STYLEREFS="font0"/><SP WIDTH="17" VPOS="734" HPOS="390"/><String ID="p385_w123" CONTENT="was" HPOS="407" VPOS="734" WIDTH="65" HEIGHT="75" STYLEREFS="font0"/><SP WIDTH="15" VPOS="734" HPOS="472"/><String ID="p385_w124" CONTENT="Ifft" HPOS="487" VPOS="734" WIDTH="62" HEIGHT="75" STYLEREFS="font0"/><SP WIDTH="15" VPOS="734" HPOS="549"/><String ID="p385_w125" CONTENT="by" HPOS="564" VPOS="734" WIDTH="44" HEIGHT="75" STYLEREFS="font0"/><SP WIDTH="15" VPOS="734" HPOS="608"/><String ID="p385_w126" CONTENT="the" HPOS="623" VPOS="734" WIDTH="56" HEIGHT="75" STYLEREFS="font0"/><SP WIDTH="16" VPOS="734" HPOS="679"/><String ID="p385_w127" CONTENT="young" HPOS="695" VPOS="734" WIDTH="107" HEIGHT="75" STYLEREFS="font0"/><SP WIDTH="22" VPOS="734" HPOS="802"/><String ID="p385_w128" CONTENT="one." HPOS="824" VPOS="734" WIDTH="74" HEIGHT="75" STYLEREFS="font0"/></TextLine><TextLine WIDTH="984" HEIGHT="75" ID="p385_t16" HPOS="209" VPOS="781"><String ID="p385_w129" CONTENT="It" HPOS="209" VPOS="781" WIDTH="33" HEIGHT="75" STYLEREFS="font0"/><SP WIDTH="27" VPOS="781" HPOS="242"/><String ID="p385_w130" CONTENT="was" HPOS="269" VPOS="781" WIDTH="66" HEIGHT="75" STYLEREFS="font0"/><SP WIDTH="16" VPOS="781" HPOS="335"/><String ID="p385_w131" CONTENT="obferved" HPOS="351" VPOS="781" WIDTH="152" HEIGHT="75" STYLEREFS="font0"/><SP WIDTH="28" VPOS="781" HPOS="503"/><String ID="p385_w132" CONTENT="above," HPOS="531" VPOS="781" WIDTH="111" HEIGHT="75" STYLEREFS="font0"/><SP WIDTH="25" VPOS="781" HPOS="642"/><String ID="p385_w133" CONTENT="that" HPOS="667" VPOS="781" WIDTH="72" HEIGHT="75" STYLEREFS="font0"/><SP WIDTH="27" VPOS="781" HPOS="739"/><String ID="p385_w134" CONTENT="bees" HPOS="766" VPOS="781" WIDTH="75" HEIGHT="75" STYLEREFS="font0"/><SP WIDTH="28" VPOS="781" HPOS="841"/><String ID="p385_w135" CONTENT="colled" HPOS="869" VPOS="781" WIDTH="114" HEIGHT="75" STYLEREFS="font0"/><SP WIDTH="22" VPOS="781" HPOS="983"/><String ID="p385_w136" CONTENT="their" HPOS="1005" VPOS="781" WIDTH="86" HEIGHT="75" STYLEREFS="font0"/><SP WIDTH="25" VPOS="781" HPOS="1091"/><String ID="p385_w137" CONTENT="wax" HPOS="1116" VPOS="781" WIDTH="77" HEIGHT="75" STYLEREFS="font0"/></TextLine><TextLine WIDTH="1032" HEIGHT="75" ID="p385_t17" HPOS="161" VPOS="828"><String ID="p385_w138" CONTENT="from" HPOS="161" VPOS="828" WIDTH="86" HEIGHT="75" STYLEREFS="font0"/><SP WIDTH="19" VPOS="828" HPOS="247"/><String ID="p385_w139" CONTENT="the" HPOS="266" VPOS="828" WIDTH="57" HEIGHT="75" STYLEREFS="font0"/><SP WIDTH="16" VPOS="828" HPOS="323"/><String ID="p385_w140" CONTENT="pollen" HPOS="339" VPOS="828" WIDTH="108" HEIGHT="75" STYLEREFS="font0"/><SP WIDTH="22" VPOS="828" HPOS="447"/><String ID="p385_w141" CONTENT="or" HPOS="469" VPOS="828" WIDTH="38" HEIGHT="75" STYLEREFS="font0"/><SP WIDTH="16" VPOS="828" HPOS="507"/><String ID="p385_w142" CONTENT="farina" HPOS="523" VPOS="828" WIDTH="102" HEIGHT="75" STYLEREFS="font0"/><SP WIDTH="16" VPOS="828" HPOS="625"/><String ID="p385_w143" CONTENT="of" HPOS="641" VPOS="828" WIDTH="38" HEIGHT="75" STYLEREFS="font0"/><SP WIDTH="15" VPOS="828" HPOS="679"/><String ID="p385_w144" CONTENT="flowers," HPOS="694" VPOS="828" WIDTH="138" HEIGHT="75" STYLEREFS="font0"/><SP WIDTH="25" VPOS="828" HPOS="832"/><String ID="p385_w145" CONTENT="and" HPOS="857" VPOS="828" WIDTH="63" HEIGHT="75" STYLEREFS="font0"/><SP WIDTH="15" VPOS="828" HPOS="920"/><String ID="p385_w146" CONTENT="carry" HPOS="935" VPOS="828" WIDTH="92" HEIGHT="75" STYLEREFS="font0"/><SP WIDTH="16" VPOS="828" HPOS="1027"/><String ID="p385_w147" CONTENT="it" HPOS="1043" VPOS="828" WIDTH="26" HEIGHT="75" STYLEREFS="font0"/><SP WIDTH="15" VPOS="828" HPOS="1069"/><String ID="p385_w148" CONTENT="to" HPOS="1084" VPOS="828" WIDTH="35" HEIGHT="75" STYLEREFS="font0"/><SP WIDTH="17" VPOS="828" HPOS="1119"/><String ID="p385_w149" CONTENT="the" HPOS="1136" VPOS="828" WIDTH="57" HEIGHT="75" STYLEREFS="font0"/></TextLine><TextLine WIDTH="1031" HEIGHT="75" ID="p385_t18" HPOS="161" VPOS="875"><String ID="p385_w150" CONTENT="hive." HPOS="161" VPOS="875" WIDTH="86" HEIGHT="75" STYLEREFS="font0"/><SP WIDTH="49" VPOS="875" HPOS="247"/><String ID="p385_w151" CONTENT="When" HPOS="296" VPOS="875" WIDTH="112" HEIGHT="75" STYLEREFS="font0"/><SP WIDTH="19" VPOS="875" HPOS="408"/><String ID="p385_w152" CONTENT="they" HPOS="427" VPOS="875" WIDTH="78" HEIGHT="75" STYLEREFS="font0"/><SP WIDTH="12" VPOS="875" HPOS="505"/><String ID="p385_w153" CONTENT="arrive" HPOS="517" VPOS="875" WIDTH="102" HEIGHT="75" STYLEREFS="font0"/><SP WIDTH="15" VPOS="875" HPOS="619"/><String ID="p385_w154" CONTENT="there," HPOS="634" VPOS="875" WIDTH="104" HEIGHT="75" STYLEREFS="font0"/><SP WIDTH="25" VPOS="875" HPOS="738"/><String ID="p385_w155" CONTENT="they" HPOS="763" VPOS="875" WIDTH="78" HEIGHT="75" STYLEREFS="font0"/><SP WIDTH="6" VPOS="875" HPOS="841"/><String ID="p385_w156" CONTENT="Support" HPOS="847" VPOS="875" WIDTH="140" HEIGHT="75" STYLEREFS="font0"/><SP WIDTH="16" VPOS="875" HPOS="987"/><String ID="p385_w157" CONTENT="themfelves" HPOS="1003" VPOS="875" WIDTH="189" HEIGHT="75" STYLEREFS="font0"/></TextLine><TextLine WIDTH="1037" HEIGHT="75" ID="p385_t19" HPOS="162" VPOS="921"><String ID="p385_w158" CONTENT="on" HPOS="162" VPOS="921" WIDTH="41" HEIGHT="75" STYLEREFS="font0"/><SP WIDTH="16" VPOS="921" HPOS="203"/><String ID="p385_w159" CONTENT="their" HPOS="219" VPOS="921" WIDTH="83" HEIGHT="75" STYLEREFS="font0"/><SP WIDTH="16" VPOS="921" HPOS="302"/><String ID="p385_w160" CONTENT="two" HPOS="318" VPOS="921" WIDTH="65" HEIGHT="75" STYLEREFS="font0"/><SP WIDTH="16" VPOS="921" HPOS="383"/><String ID="p385_w161" CONTENT="fore-feet," HPOS="399" VPOS="921" WIDTH="166" HEIGHT="75" STYLEREFS="font0"/><SP WIDTH="18" VPOS="921" HPOS="565"/><String ID="p385_w162" CONTENT="and" HPOS="583" VPOS="921" WIDTH="63" HEIGHT="75" STYLEREFS="font0"/><SP WIDTH="12" VPOS="921" HPOS="646"/><String ID="p385_w163" CONTENT="make" HPOS="658" VPOS="921" WIDTH="92" HEIGHT="75" STYLEREFS="font0"/><SP WIDTH="13" VPOS="921" HPOS="750"/><String ID="p385_w164" CONTENT="a" HPOS="763" VPOS="921" WIDTH="18" HEIGHT="75" STYLEREFS="font0"/><SP WIDTH="11" VPOS="921" HPOS="781"/><String ID="p385_w165" CONTENT="buzz" HPOS="792" VPOS="921" WIDTH="87" HEIGHT="75" STYLEREFS="font0"/><SP WIDTH="12" VPOS="921" HPOS="879"/><String ID="p385_w166" CONTENT="with" HPOS="891" VPOS="921" WIDTH="79" HEIGHT="75" STYLEREFS="font0"/><SP WIDTH="11" VPOS="921" HPOS="970"/><String ID="p385_w167" CONTENT="theit" HPOS="981" VPOS="921" WIDTH="85" HEIGHT="75" STYLEREFS="font0"/><SP WIDTH="11" VPOS="921" HPOS="1066"/><String ID="p385_w168" CONTENT="wings,," HPOS="1077" VPOS="921" WIDTH="122" HEIGHT="75" STYLEREFS="font0"/></TextLine><TextLine WIDTH="1029" HEIGHT="75" ID="p385_t20" HPOS="161" VPOS="966"><String ID="p385_w169" CONTENT="thereby" HPOS="161" VPOS="966" WIDTH="135" HEIGHT="75" STYLEREFS="font0"/><SP WIDTH="15" VPOS="966" HPOS="296"/><String ID="p385_w170" CONTENT="warning" HPOS="311" VPOS="966" WIDTH="142" HEIGHT="75" STYLEREFS="font0"/><SP WIDTH="15" VPOS="966" HPOS="453"/><String ID="p385_w171" CONTENT="the" HPOS="468" VPOS="966" WIDTH="55" HEIGHT="75" STYLEREFS="font0"/><SP WIDTH="17" VPOS="966" HPOS="523"/><String ID="p385_w172" CONTENT="bees" HPOS="540" VPOS="966" WIDTH="74" HEIGHT="75" STYLEREFS="font0"/><SP WIDTH="16" VPOS="966" HPOS="614"/><String ID="p385_w173" CONTENT="within" HPOS="630" VPOS="966" WIDTH="112" HEIGHT="75" STYLEREFS="font0"/><SP WIDTH="16" VPOS="966" HPOS="742"/><String ID="p385_w174" CONTENT="to" HPOS="758" VPOS="966" WIDTH="36" HEIGHT="75" STYLEREFS="font0"/><SP WIDTH="12" VPOS="966" HPOS="794"/><String ID="p385_w175" CONTENT="aflifl:" HPOS="806" VPOS="966" WIDTH="76" HEIGHT="75" STYLEREFS="font0"/><SP WIDTH="16" VPOS="966" HPOS="882"/><String ID="p385_w176" CONTENT="them" HPOS="898" VPOS="966" WIDTH="88" HEIGHT="75" STYLEREFS="font0"/><SP WIDTH="16" VPOS="966" HPOS="986"/><String ID="p385_w177" CONTENT="to" HPOS="1002" VPOS="966" WIDTH="35" HEIGHT="75" STYLEREFS="font0"/><SP WIDTH="16" VPOS="966" HPOS="1037"/><String ID="p385_w178" CONTENT="unload;" HPOS="1053" VPOS="966" WIDTH="137" HEIGHT="75" STYLEREFS="font0"/></TextLine><TextLine WIDTH="1040" HEIGHT="75" ID="p385_t21" HPOS="159" VPOS="1014"><String ID="p385_w179" CONTENT="which" HPOS="159" VPOS="1014" WIDTH="107" HEIGHT="75" STYLEREFS="font0"/><SP WIDTH="17" VPOS="1014" HPOS="266"/><String ID="p385_w180" CONTENT="they" HPOS="283" VPOS="1014" WIDTH="78" HEIGHT="75" STYLEREFS="font0"/><SP WIDTH="15" VPOS="1014" HPOS="361"/><String ID="p385_w181" CONTENT="fnftantly" HPOS="376" VPOS="1014" WIDTH="148" HEIGHT="75" STYLEREFS="font0"/><SP WIDTH="23" VPOS="1014" HPOS="524"/><String ID="p385_w182" CONTENT="do," HPOS="547" VPOS="1014" WIDTH="56" HEIGHT="75" STYLEREFS="font0"/><SP WIDTH="24" VPOS="1014" HPOS="603"/><String ID="p385_w183" CONTENT="each" HPOS="627" VPOS="1014" WIDTH="79" HEIGHT="75" STYLEREFS="font0"/><SP WIDTH="16" VPOS="1014" HPOS="706"/><String ID="p385_w184" CONTENT="taking" HPOS="722" VPOS="1014" WIDTH="113" HEIGHT="75" STYLEREFS="font0"/><SP WIDTH="23" VPOS="1014" HPOS="835"/><String ID="p385_w185" CONTENT="a" HPOS="858" VPOS="1014" WIDTH="19" HEIGHT="75" STYLEREFS="font0"/><SP WIDTH="23" VPOS="1014" HPOS="877"/><String ID="p385_w186" CONTENT="fmall" HPOS="900" VPOS="1014" WIDTH="92" HEIGHT="75" STYLEREFS="font0"/><SP WIDTH="15" VPOS="1014" HPOS="992"/><String ID="p385_w187" CONTENT="portion" HPOS="1007" VPOS="1014" WIDTH="128" HEIGHT="75" STYLEREFS="font0"/><SP WIDTH="23" VPOS="1014" HPOS="1135"/><String ID="p385_w188" CONTENT="of" HPOS="1158" VPOS="1014" WIDTH="41" HEIGHT="75" STYLEREFS="font0"/></TextLine><TextLine WIDTH="1033" HEIGHT="75" ID="p385_t22" HPOS="159" VPOS="1060"><String ID="p385_w189" CONTENT="the" HPOS="159" VPOS="1060" WIDTH="57" HEIGHT="75" STYLEREFS="font0"/><SP WIDTH="16" VPOS="1060" HPOS="216"/><String ID="p385_w190" CONTENT="wax" HPOS="232" VPOS="1060" WIDTH="75" HEIGHT="75" STYLEREFS="font0"/><SP WIDTH="16" VPOS="1060" HPOS="307"/><String ID="p385_w191" CONTENT="from" HPOS="323" VPOS="1060" WIDTH="85" HEIGHT="75" STYLEREFS="font0"/><SP WIDTH="16" VPOS="1060" HPOS="408"/><String ID="p385_w192" CONTENT="the" HPOS="424" VPOS="1060" WIDTH="55" HEIGHT="75" STYLEREFS="font0"/><SP WIDTH="17" VPOS="1060" HPOS="479"/><String ID="p385_w193" CONTENT="hinder-legs" HPOS="496" VPOS="1060" WIDTH="198" HEIGHT="75" STYLEREFS="font0"/><SP WIDTH="17" VPOS="1060" HPOS="694"/><String ID="p385_w194" CONTENT="of" HPOS="711" VPOS="1060" WIDTH="40" HEIGHT="75" STYLEREFS="font0"/><SP WIDTH="11" VPOS="1060" HPOS="751"/><String ID="p385_w195" CONTENT="the" HPOS="762" VPOS="1060" WIDTH="56" HEIGHT="75" STYLEREFS="font0"/><SP WIDTH="15" VPOS="1060" HPOS="818"/><String ID="p385_w196" CONTENT="loaded" HPOS="833" VPOS="1060" WIDTH="117" HEIGHT="75" STYLEREFS="font0"/><SP WIDTH="17" VPOS="1060" HPOS="950"/><String ID="p385_w197" CONTENT="ones," HPOS="967" VPOS="1060" WIDTH="89" HEIGHT="75" STYLEREFS="font0"/><SP WIDTH="18" VPOS="1060" HPOS="1056"/><String ID="p385_w198" CONTENT="till" HPOS="1074" VPOS="1060" WIDTH="50" HEIGHT="75" STYLEREFS="font0"/><SP WIDTH="13" VPOS="1060" HPOS="1124"/><String ID="p385_w199" CONTENT="the" HPOS="1137" VPOS="1060" WIDTH="55" HEIGHT="75" STYLEREFS="font0"/></TextLine><TextLine WIDTH="1033" HEIGHT="75" ID="p385_t23" HPOS="159" VPOS="1107"><String ID="p385_w200" CONTENT="whole" HPOS="159" VPOS="1107" WIDTH="106" HEIGHT="75" STYLEREFS="font0"/><SP WIDTH="15" VPOS="1107" HPOS="265"/><String ID="p385_w201" CONTENT="be" HPOS="280" VPOS="1107" WIDTH="41" HEIGHT="75" STYLEREFS="font0"/><SP WIDTH="19" VPOS="1107" HPOS="321"/><String ID="p385_w202" CONTENT="exhaufted." HPOS="340" VPOS="1107" WIDTH="186" HEIGHT="75" STYLEREFS="font0"/><SP WIDTH="47" VPOS="1107" HPOS="526"/><String ID="p385_w203" CONTENT="The" HPOS="573" VPOS="1107" WIDTH="78" HEIGHT="75" STYLEREFS="font0"/><SP WIDTH="11" VPOS="1107" HPOS="651"/><String ID="p385_w204" CONTENT="wax" HPOS="662" VPOS="1107" WIDTH="75" HEIGHT="75" STYLEREFS="font0"/><SP WIDTH="14" VPOS="1107" HPOS="737"/><String ID="p385_w205" CONTENT="is" HPOS="751" VPOS="1107" WIDTH="27" HEIGHT="75" STYLEREFS="font0"/><SP WIDTH="16" VPOS="1107" HPOS="778"/><String ID="p385_w206" CONTENT="not" HPOS="794" VPOS="1107" WIDTH="58" HEIGHT="75" STYLEREFS="font0"/><SP WIDTH="16" VPOS="1107" HPOS="852"/><String ID="p385_w207" CONTENT="only" HPOS="868" VPOS="1107" WIDTH="76" HEIGHT="75" STYLEREFS="font0"/><SP WIDTH="16" VPOS="1107" HPOS="944"/><String ID="p385_w208" CONTENT="employed" HPOS="960" VPOS="1107" WIDTH="170" HEIGHT="75" STYLEREFS="font0"/><SP WIDTH="10" VPOS="1107" HPOS="1130"/><String ID="p385_w209" CONTENT="for" HPOS="1140" VPOS="1107" WIDTH="52" HEIGHT="75" STYLEREFS="font0"/></TextLine><TextLine WIDTH="1032" HEIGHT="75" ID="p385_t24" HPOS="159" VPOS="1153"><String ID="p385_w210" CONTENT="the" HPOS="159" VPOS="1153" WIDTH="56" HEIGHT="75" STYLEREFS="font0"/><SP WIDTH="22" VPOS="1153" HPOS="215"/><String ID="p385_w211" CONTENT="original" HPOS="237" VPOS="1153" WIDTH="137" HEIGHT="75" STYLEREFS="font0"/><SP WIDTH="25" VPOS="1153" HPOS="374"/><String ID="p385_w212" CONTENT="conftrudiorf" HPOS="399" VPOS="1153" WIDTH="214" HEIGHT="75" STYLEREFS="font0"/><SP WIDTH="10" VPOS="1153" HPOS="613"/><String ID="p385_w213" CONTENT="of" HPOS="623" VPOS="1153" WIDTH="41" HEIGHT="75" STYLEREFS="font0"/><SP WIDTH="23" VPOS="1153" HPOS="664"/><String ID="p385_w214" CONTENT="the" HPOS="687" VPOS="1153" WIDTH="55" HEIGHT="75" STYLEREFS="font0"/><SP WIDTH="16" VPOS="1153" HPOS="742"/><String ID="p385_w215" CONTENT="combs" HPOS="758" VPOS="1153" WIDTH="110" HEIGHT="75" STYLEREFS="font0"/><SP WIDTH="18" VPOS="1153" HPOS="868"/><String ID="p385_w216" CONTENT="and" HPOS="886" VPOS="1153" WIDTH="63" HEIGHT="75" STYLEREFS="font0"/><SP WIDTH="19" VPOS="1153" HPOS="949"/><String ID="p385_w217" CONTENT="cells," HPOS="968" VPOS="1153" WIDTH="89" HEIGHT="75" STYLEREFS="font0"/><SP WIDTH="26" VPOS="1153" HPOS="1057"/><String ID="p385_w218" CONTENT="but" HPOS="1083" VPOS="1153" WIDTH="58" HEIGHT="75" STYLEREFS="font0"/><SP WIDTH="23" VPOS="1153" HPOS="1141"/><String ID="p385_w219" CONTENT="is" HPOS="1164" VPOS="1153" WIDTH="27" HEIGHT="75" STYLEREFS="font0"/></TextLine><TextLine WIDTH="1033" HEIGHT="75" ID="p385_t25" HPOS="159" VPOS="1200"><String ID="p385_w220" CONTENT="collected" HPOS="159" VPOS="1200" WIDTH="156" HEIGHT="75" STYLEREFS="font0"/><SP WIDTH="15" VPOS="1200" HPOS="315"/><String ID="p385_w221" CONTENT="and" HPOS="330" VPOS="1200" WIDTH="63" HEIGHT="75" STYLEREFS="font0"/><SP WIDTH="14" VPOS="1200" HPOS="393"/><String ID="p385_w222" CONTENT="laid" HPOS="407" VPOS="1200" WIDTH="66" HEIGHT="75" STYLEREFS="font0"/><SP WIDTH="16" VPOS="1200" HPOS="473"/><String ID="p385_w223" CONTENT="up" HPOS="489" VPOS="1200" WIDTH="42" HEIGHT="75" STYLEREFS="font0"/><SP WIDTH="27" VPOS="1200" HPOS="531"/><String ID="p385_w224" CONTENT="in" HPOS="558" VPOS="1200" WIDTH="32" HEIGHT="75" STYLEREFS="font0"/><SP WIDTH="27" VPOS="1200" HPOS="590"/><String ID="p385_w225" CONTENT="confiderable" HPOS="617" VPOS="1200" WIDTH="212" HEIGHT="75" STYLEREFS="font0"/><SP WIDTH="28" VPOS="1200" HPOS="829"/><String ID="p385_w226" CONTENT="quantities" HPOS="857" VPOS="1200" WIDTH="172" HEIGHT="75" STYLEREFS="font0"/><SP WIDTH="28" VPOS="1200" HPOS="1029"/><String ID="p385_w227" CONTENT="for" HPOS="1057" VPOS="1200" WIDTH="52" HEIGHT="75" STYLEREFS="font0"/><SP WIDTH="27" VPOS="1200" HPOS="1109"/><String ID="p385_w228" CONTENT="the" HPOS="1136" VPOS="1200" WIDTH="56" HEIGHT="75" STYLEREFS="font0"/></TextLine><TextLine WIDTH="1032" HEIGHT="75" ID="p385_t26" HPOS="160" VPOS="1246"><String ID="p385_w229" CONTENT="purpofes" HPOS="160" VPOS="1246" WIDTH="149" HEIGHT="75" STYLEREFS="font0"/><SP WIDTH="12" VPOS="1246" HPOS="309"/><String ID="p385_w230" CONTENT="of" HPOS="321" VPOS="1246" WIDTH="40" HEIGHT="75" STYLEREFS="font0"/><SP WIDTH="10" VPOS="1246" HPOS="361"/><String ID="p385_w231" CONTENT="repairing" HPOS="371" VPOS="1246" WIDTH="160" HEIGHT="75" STYLEREFS="font0"/><SP WIDTH="16" VPOS="1246" HPOS="531"/><String ID="p385_w232" CONTENT="any" HPOS="547" VPOS="1246" WIDTH="62" HEIGHT="75" STYLEREFS="font0"/><SP WIDTH="15" VPOS="1246" HPOS="609"/><String ID="p385_w233" CONTENT="damage" HPOS="624" VPOS="1246" WIDTH="134" HEIGHT="75" STYLEREFS="font0"/><SP WIDTH="16" VPOS="1246" HPOS="758"/><String ID="p385_w234" CONTENT="that" HPOS="774" VPOS="1246" WIDTH="71" HEIGHT="75" STYLEREFS="font0"/><SP WIDTH="17" VPOS="1246" HPOS="845"/><String ID="p385_w235" CONTENT="may" HPOS="862" VPOS="1246" WIDTH="74" HEIGHT="75" STYLEREFS="font0"/><SP WIDTH="16" VPOS="1246" HPOS="936"/><String ID="p385_w236" CONTENT="happen" HPOS="952" VPOS="1246" WIDTH="122" HEIGHT="75" STYLEREFS="font0"/><SP WIDTH="14" VPOS="1246" HPOS="1074"/><String ID="p385_w237" CONTENT="to" HPOS="1088" VPOS="1246" WIDTH="34" HEIGHT="75" STYLEREFS="font0"/><SP WIDTH="13" VPOS="1246" HPOS="1122"/><String ID="p385_w238" CONTENT="the" HPOS="1135" VPOS="1246" WIDTH="57" HEIGHT="75" STYLEREFS="font0"/></TextLine><TextLine WIDTH="1032" HEIGHT="75" ID="p385_t27" HPOS="159" VPOS="1293"><String ID="p385_w239" CONTENT="works" HPOS="159" VPOS="1293" WIDTH="106" HEIGHT="75" STYLEREFS="font0"/><SP WIDTH="16" VPOS="1293" HPOS="265"/><String ID="p385_w240" CONTENT="during" HPOS="281" VPOS="1293" WIDTH="115" HEIGHT="75" STYLEREFS="font0"/><SP WIDTH="16" VPOS="1293" HPOS="396"/><String ID="p385_w241" CONTENT="the" HPOS="412" VPOS="1293" WIDTH="55" HEIGHT="75" STYLEREFS="font0"/><SP WIDTH="17" VPOS="1293" HPOS="467"/><String ID="p385_w242" CONTENT="winter," HPOS="484" VPOS="1293" WIDTH="126" HEIGHT="75" STYLEREFS="font0"/><SP WIDTH="25" VPOS="1293" HPOS="610"/><String ID="p385_w243" CONTENT="when" HPOS="635" VPOS="1293" WIDTH="93" HEIGHT="75" STYLEREFS="font0"/><SP WIDTH="28" VPOS="1293" HPOS="728"/><String ID="p385_w244" CONTENT="they" HPOS="756" VPOS="1293" WIDTH="79" HEIGHT="75" STYLEREFS="font0"/><SP WIDTH="14" VPOS="1293" HPOS="835"/><String ID="p385_w245" CONTENT="have" HPOS="849" VPOS="1293" WIDTH="82" HEIGHT="75" STYLEREFS="font0"/><SP WIDTH="16" VPOS="1293" HPOS="931"/><String ID="p385_w246" CONTENT="no" HPOS="947" VPOS="1293" WIDTH="42" HEIGHT="75" STYLEREFS="font0"/><SP WIDTH="16" VPOS="1293" HPOS="989"/><String ID="p385_w247" CONTENT="opportuni-" HPOS="1005" VPOS="1293" WIDTH="186" HEIGHT="75" STYLEREFS="font0"/></TextLine><TextLine WIDTH="1048" HEIGHT="75" ID="p385_t28" HPOS="144" VPOS="1340"><String ID="p385_w248" CONTENT="ty" HPOS="144" VPOS="1340" WIDTH="53" HEIGHT="75" STYLEREFS="font0"/><SP WIDTH="21" VPOS="1340" HPOS="197"/><String ID="p385_w249" CONTENT="of" HPOS="218" VPOS="1340" WIDTH="41" HEIGHT="75" STYLEREFS="font0"/><SP WIDTH="21" VPOS="1340" HPOS="259"/><String ID="p385_w250" CONTENT="collecting" HPOS="280" VPOS="1340" WIDTH="168" HEIGHT="75" STYLEREFS="font0"/><SP WIDTH="15" VPOS="1340" HPOS="448"/><String ID="p385_w251" CONTENT="it" HPOS="463" VPOS="1340" WIDTH="26" HEIGHT="75" STYLEREFS="font0"/><SP WIDTH="16" VPOS="1340" HPOS="489"/><String ID="p385_w252" CONTENT="in" HPOS="505" VPOS="1340" WIDTH="31" HEIGHT="75" STYLEREFS="font0"/><SP WIDTH="18" VPOS="1340" HPOS="536"/><String ID="p385_w253" CONTENT="the" HPOS="554" VPOS="1340" WIDTH="56" HEIGHT="75" STYLEREFS="font0"/><SP WIDTH="17" VPOS="1340" HPOS="610"/><String ID="p385_w254" CONTENT="fields," HPOS="627" VPOS="1340" WIDTH="105" HEIGHT="75" STYLEREFS="font0"/><SP WIDTH="26" VPOS="1340" HPOS="732"/><String ID="p385_w255" CONTENT="and" HPOS="758" VPOS="1340" WIDTH="62" HEIGHT="75" STYLEREFS="font0"/><SP WIDTH="22" VPOS="1340" HPOS="820"/><String ID="p385_w256" CONTENT="likewife" HPOS="842" VPOS="1340" WIDTH="140" HEIGHT="75" STYLEREFS="font0"/><SP WIDTH="25" VPOS="1340" HPOS="982"/><String ID="p385_w257" CONTENT="to" HPOS="1007" VPOS="1340" WIDTH="35" HEIGHT="75" STYLEREFS="font0"/><SP WIDTH="23" VPOS="1340" HPOS="1042"/><String ID="p385_w258" CONTENT="flop" HPOS="1065" VPOS="1340" WIDTH="67" HEIGHT="75" STYLEREFS="font0"/><SP WIDTH="17" VPOS="1340" HPOS="1132"/><String ID="p385_w259" CONTENT="up" HPOS="1149" VPOS="1340" WIDTH="43" HEIGHT="75" STYLEREFS="font0"/></TextLine><TextLine WIDTH="1030" HEIGHT="75" ID="p385_t29" HPOS="161" VPOS="1386"><String ID="p385_w260" CONTENT="the" HPOS="161" VPOS="1386" WIDTH="56" HEIGHT="75" STYLEREFS="font0"/><SP WIDTH="17" VPOS="1386" HPOS="217"/><String ID="p385_w261" CONTENT="mouths" HPOS="234" VPOS="1386" WIDTH="127" HEIGHT="75" STYLEREFS="font0"/><SP WIDTH="17" VPOS="1386" HPOS="361"/><String ID="p385_w262" CONTENT="of" HPOS="378" VPOS="1386" WIDTH="40" HEIGHT="75" STYLEREFS="font0"/><SP WIDTH="11" VPOS="1386" HPOS="418"/><String ID="p385_w263" CONTENT="the" HPOS="429" VPOS="1386" WIDTH="56" HEIGHT="75" STYLEREFS="font0"/><SP WIDTH="15" VPOS="1386" HPOS="485"/><String ID="p385_w264" CONTENT="cells" HPOS="500" VPOS="1386" WIDTH="77" HEIGHT="75" STYLEREFS="font0"/><SP WIDTH="17" VPOS="1386" HPOS="577"/><String ID="p385_w265" CONTENT="when" HPOS="594" VPOS="1386" WIDTH="94" HEIGHT="75" STYLEREFS="font0"/><SP WIDTH="27" VPOS="1386" HPOS="688"/><String ID="p385_w266" CONTENT="full" HPOS="715" VPOS="1386" WIDTH="61" HEIGHT="75" STYLEREFS="font0"/><SP WIDTH="27" VPOS="1386" HPOS="776"/><String ID="p385_w267" CONTENT="of" HPOS="803" VPOS="1386" WIDTH="40" HEIGHT="75" STYLEREFS="font0"/><SP WIDTH="19" VPOS="1386" HPOS="843"/><String ID="p385_w268" CONTENT="honey" HPOS="862" VPOS="1386" WIDTH="107" HEIGHT="75" STYLEREFS="font0"/><SP WIDTH="16" VPOS="1386" HPOS="969"/><String ID="p385_w269" CONTENT="or" HPOS="985" VPOS="1386" WIDTH="37" HEIGHT="75" STYLEREFS="font0"/><SP WIDTH="16" VPOS="1386" HPOS="1022"/><String ID="p385_w270" CONTENT="embrios." HPOS="1038" VPOS="1386" WIDTH="153" HEIGHT="75" STYLEREFS="font0"/></TextLine><TextLine WIDTH="1031" HEIGHT="75" ID="p385_t30" HPOS="160" VPOS="1432"><String ID="p385_w271" CONTENT="Bees" HPOS="160" VPOS="1432" WIDTH="84" HEIGHT="75" STYLEREFS="font0"/><SP WIDTH="17" VPOS="1432" HPOS="244"/><String ID="p385_w272" CONTENT="have" HPOS="261" VPOS="1432" WIDTH="80" HEIGHT="75" STYLEREFS="font0"/><SP WIDTH="11" VPOS="1432" HPOS="341"/><String ID="p385_w273" CONTENT="often" HPOS="352" VPOS="1432" WIDTH="90" HEIGHT="75" STYLEREFS="font0"/><SP WIDTH="15" VPOS="1432" HPOS="442"/><String ID="p385_w274" CONTENT="been" HPOS="457" VPOS="1432" WIDTH="80" HEIGHT="75" STYLEREFS="font0"/><SP WIDTH="11" VPOS="1432" HPOS="537"/><String ID="p385_w275" CONTENT="obferved" HPOS="548" VPOS="1432" WIDTH="155" HEIGHT="75" STYLEREFS="font0"/><SP WIDTH="16" VPOS="1432" HPOS="703"/><String ID="p385_w276" CONTENT="to" HPOS="719" VPOS="1432" WIDTH="35" HEIGHT="75" STYLEREFS="font0"/><SP WIDTH="19" VPOS="1432" HPOS="754"/><String ID="p385_w277" CONTENT="dilute" HPOS="773" VPOS="1432" WIDTH="101" HEIGHT="75" STYLEREFS="font0"/><SP WIDTH="19" VPOS="1432" HPOS="874"/><String ID="p385_w278" CONTENT="their" HPOS="893" VPOS="1432" WIDTH="84" HEIGHT="75" STYLEREFS="font0"/><SP WIDTH="16" VPOS="1432" HPOS="977"/><String ID="p385_w279" CONTENT="wax," HPOS="993" VPOS="1432" WIDTH="87" HEIGHT="75" STYLEREFS="font0"/><SP WIDTH="18" VPOS="1432" HPOS="1080"/><String ID="p385_w280" CONTENT="when" HPOS="1098" VPOS="1432" WIDTH="93" HEIGHT="75" STYLEREFS="font0"/></TextLine><TextLine WIDTH="1032" HEIGHT="75" ID="p385_t31" HPOS="161" VPOS="1478"><String ID="p385_w281" CONTENT="too" HPOS="161" VPOS="1478" WIDTH="58" HEIGHT="75" STYLEREFS="font0"/><SP WIDTH="15" VPOS="1478" HPOS="219"/><String ID="p385_w282" CONTENT="hard," HPOS="234" VPOS="1478" WIDTH="94" HEIGHT="75" STYLEREFS="font0"/><SP WIDTH="25" VPOS="1478" HPOS="328"/><String ID="p385_w283" CONTENT="by" HPOS="353" VPOS="1478" WIDTH="44" HEIGHT="75" STYLEREFS="font0"/><SP WIDTH="19" VPOS="1478" HPOS="397"/><String ID="p385_w284" CONTENT="means" HPOS="416" VPOS="1478" WIDTH="107" HEIGHT="75" STYLEREFS="font0"/><SP WIDTH="17" VPOS="1478" HPOS="523"/><String ID="p385_w285" CONTENT="of" HPOS="540" VPOS="1478" WIDTH="39" HEIGHT="75" STYLEREFS="font0"/><SP WIDTH="17" VPOS="1478" HPOS="579"/><String ID="p385_w286" CONTENT="fome" HPOS="596" VPOS="1478" WIDTH="86" HEIGHT="75" STYLEREFS="font0"/><SP WIDTH="15" VPOS="1478" HPOS="682"/><String ID="p385_w287" CONTENT="liquor" HPOS="697" VPOS="1478" WIDTH="106" HEIGHT="75" STYLEREFS="font0"/><SP WIDTH="16" VPOS="1478" HPOS="803"/><String ID="p385_w288" CONTENT="or" HPOS="819" VPOS="1478" WIDTH="38" HEIGHT="75" STYLEREFS="font0"/><SP WIDTH="16" VPOS="1478" HPOS="857"/><String ID="p385_w289" CONTENT="faliva" HPOS="873" VPOS="1478" WIDTH="96" HEIGHT="75" STYLEREFS="font0"/><SP WIDTH="22" VPOS="1478" HPOS="969"/><String ID="p385_w290" CONTENT="which" HPOS="991" VPOS="1478" WIDTH="105" HEIGHT="75" STYLEREFS="font0"/><SP WIDTH="18" VPOS="1478" HPOS="1096"/><String ID="p385_w291" CONTENT="they" HPOS="1114" VPOS="1478" WIDTH="79" HEIGHT="75" STYLEREFS="font0"/></TextLine><TextLine WIDTH="1033" HEIGHT="75" ID="p385_t32" HPOS="158" VPOS="1524"><String ID="p385_w292" CONTENT="emit" HPOS="158" VPOS="1524" WIDTH="82" HEIGHT="75" STYLEREFS="font0"/><SP WIDTH="20" VPOS="1524" HPOS="240"/><String ID="p385_w293" CONTENT="upon" HPOS="260" VPOS="1524" WIDTH="85" HEIGHT="75" STYLEREFS="font0"/><SP WIDTH="24" VPOS="1524" HPOS="345"/><String ID="p385_w294" CONTENT="it," HPOS="369" VPOS="1524" WIDTH="38" HEIGHT="75" STYLEREFS="font0"/><SP WIDTH="23" VPOS="1524" HPOS="407"/><String ID="p385_w295" CONTENT="^n" HPOS="430" VPOS="1524" WIDTH="34" HEIGHT="75" STYLEREFS="font0"/><SP WIDTH="16" VPOS="1524" HPOS="464"/><String ID="p385_w296" CONTENT="order" HPOS="480" VPOS="1524" WIDTH="97" HEIGHT="75" STYLEREFS="font0"/><SP WIDTH="26" VPOS="1524" HPOS="577"/><String ID="p385_w297" CONTENT="to" HPOS="603" VPOS="1524" WIDTH="35" HEIGHT="75" STYLEREFS="font0"/><SP WIDTH="27" VPOS="1524" HPOS="638"/><String ID="p385_w298" CONTENT="render" HPOS="665" VPOS="1524" WIDTH="114" HEIGHT="75" STYLEREFS="font0"/><SP WIDTH="17" VPOS="1524" HPOS="779"/><String ID="p385_w299" CONTENT="it" HPOS="796" VPOS="1524" WIDTH="25" HEIGHT="75" STYLEREFS="font0"/><SP WIDTH="17" VPOS="1524" HPOS="821"/><String ID="p385_w300" CONTENT="foft" HPOS="838" VPOS="1524" WIDTH="64" HEIGHT="75" STYLEREFS="font0"/><SP WIDTH="17" VPOS="1524" HPOS="902"/><String ID="p385_w301" CONTENT="and" HPOS="919" VPOS="1524" WIDTH="62" HEIGHT="75" STYLEREFS="font0"/><SP WIDTH="27" VPOS="1524" HPOS="981"/><String ID="p385_w302" CONTENT="pliable" HPOS="1008" VPOS="1524" WIDTH="114" HEIGHT="75" STYLEREFS="font0"/><SP WIDTH="17" VPOS="1524" HPOS="1122"/><String ID="p385_w303" CONTENT="for" HPOS="1139" VPOS="1524" WIDTH="52" HEIGHT="75" STYLEREFS="font0"/></TextLine><TextLine WIDTH="68" HEIGHT="75" ID="p385_t33" HPOS="162" VPOS="1572"><String ID="p385_w304" CONTENT="ufe." HPOS="162" VPOS="1572" WIDTH="68" HEIGHT="75" STYLEREFS="font0"/></TextLine><TextLine WIDTH="982" HEIGHT="75" ID="p385_t34" HPOS="209" VPOS="1618"><String ID="p385_w305" CONTENT="The" HPOS="209" VPOS="1618" WIDTH="75" HEIGHT="75" STYLEREFS="font0"/><SP WIDTH="24" VPOS="1618" HPOS="284"/><String ID="p385_w306" CONTENT="ho/ey," HPOS="308" VPOS="1618" WIDTH="119" HEIGHT="75" STYLEREFS="font0"/><SP WIDTH="25" VPOS="1618" HPOS="427"/><String ID="p385_w307" CONTENT="as" HPOS="452" VPOS="1618" WIDTH="34" HEIGHT="75" STYLEREFS="font0"/><SP WIDTH="28" VPOS="1618" HPOS="486"/><String ID="p385_w308" CONTENT="welt'" HPOS="514" VPOS="1618" WIDTH="81" HEIGHT="75" STYLEREFS="font0"/><String ID="p385_w309" CONTENT="-as" HPOS="595" VPOS="1618" WIDTH="50" HEIGHT="75" STYLEREFS="font0"/><SP WIDTH="22" VPOS="1618" HPOS="645"/><String ID="p385_w310" CONTENT="the" HPOS="667" VPOS="1618" WIDTH="56" HEIGHT="75" STYLEREFS="font0"/><SP WIDTH="26" VPOS="1618" HPOS="723"/><String ID="p385_w311" CONTENT="wax," HPOS="749" VPOS="1618" WIDTH="86" HEIGHT="75" STYLEREFS="font0"/><SP WIDTH="35" VPOS="1618" HPOS="835"/><String ID="p385_w312" CONTENT="is" HPOS="870" VPOS="1618" WIDTH="27" HEIGHT="75" STYLEREFS="font0"/><SP WIDTH="28" VPOS="1618" HPOS="897"/><String ID="p385_w313" CONTENT="collected" HPOS="925" VPOS="1618" WIDTH="154" HEIGHT="75" STYLEREFS="font0"/><SP WIDTH="26" VPOS="1618" HPOS="1079"/><String ID="p385_w314" CONTENT="from" HPOS="1105" VPOS="1618" WIDTH="86" HEIGHT="75" STYLEREFS="font0"/></TextLine><TextLine WIDTH="1047" HEIGHT="75" ID="p385_t35" HPOS="161" VPOS="1664"><String ID="p385_w315" CONTENT="flowers." HPOS="161" VPOS="1664" WIDTH="138" HEIGHT="75" STYLEREFS="font0"/><SP WIDTH="39" VPOS="1664" HPOS="299"/><String ID="p385_w316" CONTENT="The" HPOS="338" VPOS="1664" WIDTH="78" HEIGHT="75" STYLEREFS="font0"/><SP WIDTH="16" VPOS="1664" HPOS="416"/><String ID="p385_w317" CONTENT="honey," HPOS="432" VPOS="1664" WIDTH="118" HEIGHT="75" STYLEREFS="font0"/><SP WIDTH="17" VPOS="1664" HPOS="550"/><String ID="p385_w318" CONTENT="however," HPOS="567" VPOS="1664" WIDTH="162" HEIGHT="75" STYLEREFS="font0"/><SP WIDTH="14" VPOS="1664" HPOS="729"/><String ID="p385_w319" CONTENT="ts" HPOS="743" VPOS="1664" WIDTH="31" HEIGHT="75" STYLEREFS="font0"/><SP WIDTH="13" VPOS="1664" HPOS="774"/><String ID="p385_w320" CONTENT="extracted" HPOS="787" VPOS="1664" WIDTH="165" HEIGHT="75" STYLEREFS="font0"/><SP WIDTH="11" VPOS="1664" HPOS="952"/><String ID="p385_w321" CONTENT="from" HPOS="963" VPOS="1664" WIDTH="84" HEIGHT="75" STYLEREFS="font0"/><SP WIDTH="17" VPOS="1664" HPOS="1047"/><String ID="p385_w322" CONTENT="a" HPOS="1064" VPOS="1664" WIDTH="18" HEIGHT="75" STYLEREFS="font0"/><SP WIDTH="16" VPOS="1664" HPOS="1082"/><String ID="p385_w323" CONTENT="diffe-'" HPOS="1098" VPOS="1664" WIDTH="110" HEIGHT="75" STYLEREFS="font0"/></TextLine><TextLine WIDTH="1029" HEIGHT="75" ID="p385_t36" HPOS="162" VPOS="1710"><String ID="p385_w324" CONTENT="rent" HPOS="162" VPOS="1710" WIDTH="72" HEIGHT="75" STYLEREFS="font0"/><SP WIDTH="16" VPOS="1710" HPOS="234"/><String ID="p385_w325" CONTENT="part" HPOS="250" VPOS="1710" WIDTH="71" HEIGHT="75" STYLEREFS="font0"/><SP WIDTH="15" VPOS="1710" HPOS="321"/><String ID="p385_w326" CONTENT="of" HPOS="336" VPOS="1710" WIDTH="41" HEIGHT="75" STYLEREFS="font0"/><SP WIDTH="11" VPOS="1710" HPOS="377"/><String ID="p385_w327" CONTENT="the" HPOS="388" VPOS="1710" WIDTH="55" HEIGHT="75" STYLEREFS="font0"/><SP WIDTH="16" VPOS="1710" HPOS="443"/><String ID="p385_w328" CONTENT="flower." HPOS="459" VPOS="1710" WIDTH="121" HEIGHT="75" STYLEREFS="font0"/><SP WIDTH="49" VPOS="1710" HPOS="580"/><String ID="p385_w329" CONTENT="In" HPOS="629" VPOS="1710" WIDTH="39" HEIGHT="75" STYLEREFS="font0"/><SP WIDTH="24" VPOS="1710" HPOS="668"/><String ID="p385_w330" CONTENT="the" HPOS="692" VPOS="1710" WIDTH="55" HEIGHT="75" STYLEREFS="font0"/><SP WIDTH="16" VPOS="1710" HPOS="747"/><String ID="p385_w331" CONTENT="flowers" HPOS="763" VPOS="1710" WIDTH="124" HEIGHT="75" STYLEREFS="font0"/><SP WIDTH="24" VPOS="1710" HPOS="887"/><String ID="p385_w332" CONTENT="of" HPOS="911" VPOS="1710" WIDTH="41" HEIGHT="75" STYLEREFS="font0"/><SP WIDTH="17" VPOS="1710" HPOS="952"/><String ID="p385_w333" CONTENT="many" HPOS="969" VPOS="1710" WIDTH="95" HEIGHT="75" STYLEREFS="font0"/><SP WIDTH="24" VPOS="1710" HPOS="1064"/><String ID="p385_w334" CONTENT="plants" HPOS="1088" VPOS="1710" WIDTH="103" HEIGHT="75" STYLEREFS="font0"/></TextLine><TextLine WIDTH="1030" HEIGHT="75" ID="p385_t37" HPOS="162" VPOS="1758"><String ID="p385_w335" CONTENT="there" HPOS="162" VPOS="1758" WIDTH="91" HEIGHT="75" STYLEREFS="font0"/><SP WIDTH="16" VPOS="1758" HPOS="253"/><String ID="p385_w336" CONTENT="are" HPOS="269" VPOS="1758" WIDTH="53" HEIGHT="75" STYLEREFS="font0"/><SP WIDTH="16" VPOS="1758" HPOS="322"/><String ID="p385_w337" CONTENT="neCtaria," HPOS="338" VPOS="1758" WIDTH="148" HEIGHT="75" STYLEREFS="font0"/><SP WIDTH="25" VPOS="1758" HPOS="486"/><String ID="p385_w338" CONTENT="or" HPOS="511" VPOS="1758" WIDTH="39" HEIGHT="75" STYLEREFS="font0"/><SP WIDTH="21" VPOS="1758" HPOS="550"/><String ID="p385_w339" CONTENT="nectariferous" HPOS="571" VPOS="1758" WIDTH="225" HEIGHT="75" STYLEREFS="font0"/><SP WIDTH="21" VPOS="1758" HPOS="796"/><String ID="p385_w340" CONTENT="glands," HPOS="817" VPOS="1758" WIDTH="124" HEIGHT="75" STYLEREFS="font0"/><SP WIDTH="25" VPOS="1758" HPOS="941"/><String ID="p385_w341" CONTENT="which" HPOS="966" VPOS="1758" WIDTH="104" HEIGHT="75" STYLEREFS="font0"/><SP WIDTH="21" VPOS="1758" HPOS="1070"/><String ID="p385_w342" CONTENT="fecret" HPOS="1091" VPOS="1758" WIDTH="101" HEIGHT="75" STYLEREFS="font0"/></TextLine><TextLine WIDTH="1030" HEIGHT="75" ID="p385_t38" HPOS="160" VPOS="1804"><String ID="p385_w343" CONTENT="from" HPOS="160" VPOS="1804" WIDTH="87" HEIGHT="75" STYLEREFS="font0"/><SP WIDTH="16" VPOS="1804" HPOS="247"/><String ID="p385_w344" CONTENT="the" HPOS="263" VPOS="1804" WIDTH="55" HEIGHT="75" STYLEREFS="font0"/><SP WIDTH="16" VPOS="1804" HPOS="318"/><String ID="p385_w345" CONTENT="plant" HPOS="334" VPOS="1804" WIDTH="89" HEIGHT="75" STYLEREFS="font0"/><SP WIDTH="16" VPOS="1804" HPOS="423"/><String ID="p385_w346" CONTENT="a" HPOS="439" VPOS="1804" WIDTH="19" HEIGHT="75" STYLEREFS="font0"/><SP WIDTH="15" VPOS="1804" HPOS="458"/><String ID="p385_w347" CONTENT="pure" HPOS="473" VPOS="1804" WIDTH="80" HEIGHT="75" STYLEREFS="font0"/><SP WIDTH="18" VPOS="1804" HPOS="553"/><String ID="p385_w348" CONTENT="tranfparent" HPOS="571" VPOS="1804" WIDTH="196" HEIGHT="75" STYLEREFS="font0"/><SP WIDTH="14" VPOS="1804" HPOS="767"/><String ID="p385_w349" CONTENT="liquor," HPOS="781" VPOS="1804" WIDTH="120" HEIGHT="75" STYLEREFS="font0"/><SP WIDTH="24" VPOS="1804" HPOS="901"/><String ID="p385_w350" CONTENT="refembling" HPOS="925" VPOS="1804" WIDTH="189" HEIGHT="75" STYLEREFS="font0"/><SP WIDTH="12" VPOS="1804" HPOS="1114"/><String ID="p385_w351" CONTENT="vir-" HPOS="1126" VPOS="1804" WIDTH="64" HEIGHT="75" STYLEREFS="font0"/></TextLine><TextLine WIDTH="1029" HEIGHT="75" ID="p385_t39" HPOS="163" VPOS="1851"><String ID="p385_w352" CONTENT="gin-honey" HPOS="163" VPOS="1851" WIDTH="178" HEIGHT="75" STYLEREFS="font0"/><SP WIDTH="15" VPOS="1851" HPOS="341"/><String ID="p385_w353" CONTENT="both" HPOS="356" VPOS="1851" WIDTH="80" HEIGHT="75" STYLEREFS="font0"/><SP WIDTH="24" VPOS="1851" HPOS="436"/><String ID="p385_w354" CONTENT="in" HPOS="460" VPOS="1851" WIDTH="33" HEIGHT="75" STYLEREFS="font0"/><SP WIDTH="16" VPOS="1851" HPOS="493"/><String ID="p385_w355" CONTENT="tafte" HPOS="509" VPOS="1851" WIDTH="77" HEIGHT="75" STYLEREFS="font0"/><SP WIDTH="23" VPOS="1851" HPOS="586"/><String ID="p385_w356" CONTENT="and" HPOS="609" VPOS="1851" WIDTH="62" HEIGHT="75" STYLEREFS="font0"/><SP WIDTH="22" VPOS="1851" HPOS="671"/><String ID="p385_w357" CONTENT="appearance," HPOS="693" VPOS="1851" WIDTH="206" HEIGHT="75" STYLEREFS="font0"/><SP WIDTH="23" VPOS="1851" HPOS="899"/><String ID="p385_w358" CONTENT="excepting" HPOS="922" VPOS="1851" WIDTH="171" HEIGHT="75" STYLEREFS="font0"/><SP WIDTH="27" VPOS="1851" HPOS="1093"/><String ID="p385_w359" CONTENT="that" HPOS="1120" VPOS="1851" WIDTH="72" HEIGHT="75" STYLEREFS="font0"/></TextLine><TextLine WIDTH="1029" HEIGHT="75" ID="p385_t40" HPOS="160" VPOS="1898"><String ID="p385_w360" CONTENT="it" HPOS="160" VPOS="1898" WIDTH="26" HEIGHT="75" STYLEREFS="font0"/><SP WIDTH="16" VPOS="1898" HPOS="186"/><String ID="p385_w361" CONTENT="is" HPOS="202" VPOS="1898" WIDTH="26" HEIGHT="75" STYLEREFS="font0"/><SP WIDTH="18" VPOS="1898" HPOS="228"/><String ID="p385_w362" CONTENT="thinner." HPOS="246" VPOS="1898" WIDTH="139" HEIGHT="75" STYLEREFS="font0"/><SP WIDTH="49" VPOS="1898" HPOS="385"/><String ID="p385_w363" CONTENT="Perhaps" HPOS="434" VPOS="1898" WIDTH="141" HEIGHT="75" STYLEREFS="font0"/><SP WIDTH="13" VPOS="1898" HPOS="575"/><String ID="p385_w364" CONTENT="all" HPOS="588" VPOS="1898" WIDTH="42" HEIGHT="75" STYLEREFS="font0"/><SP WIDTH="18" VPOS="1898" HPOS="630"/><String ID="p385_w365" CONTENT="the" HPOS="648" VPOS="1898" WIDTH="55" HEIGHT="75" STYLEREFS="font0"/><SP WIDTH="15" VPOS="1898" HPOS="703"/><String ID="p385_w366" CONTENT="change" HPOS="718" VPOS="1898" WIDTH="121" HEIGHT="75" STYLEREFS="font0"/><SP WIDTH="17" VPOS="1898" HPOS="839"/><String ID="p385_w367" CONTENT="that" HPOS="856" VPOS="1898" WIDTH="70" HEIGHT="75" STYLEREFS="font0"/><SP WIDTH="16" VPOS="1898" HPOS="926"/><String ID="p385_w368" CONTENT="this" HPOS="942" VPOS="1898" WIDTH="64" HEIGHT="75" STYLEREFS="font0"/><SP WIDTH="18" VPOS="1898" HPOS="1006"/><String ID="p385_w369" CONTENT="nectarife-" HPOS="1024" VPOS="1898" WIDTH="165" HEIGHT="75" STYLEREFS="font0"/></TextLine><TextLine WIDTH="1030" HEIGHT="75" ID="p385_t41" HPOS="160" VPOS="1944"><String ID="p385_w370" CONTENT="rous" HPOS="160" VPOS="1944" WIDTH="75" HEIGHT="75" STYLEREFS="font0"/><SP WIDTH="14" VPOS="1944" HPOS="235"/><String ID="p385_w371" CONTENT="juice" HPOS="249" VPOS="1944" WIDTH="85" HEIGHT="75" STYLEREFS="font0"/><SP WIDTH="17" VPOS="1944" HPOS="334"/><String ID="p385_w372" CONTENT="undergoes," HPOS="351" VPOS="1944" WIDTH="189" HEIGHT="75" STYLEREFS="font0"/><SP WIDTH="26" VPOS="1944" HPOS="540"/><String ID="p385_w373" CONTENT="by" HPOS="566" VPOS="1944" WIDTH="44" HEIGHT="75" STYLEREFS="font0"/><SP WIDTH="15" VPOS="1944" HPOS="610"/><String ID="p385_w374" CONTENT="being" HPOS="625" VPOS="1944" WIDTH="95" HEIGHT="75" STYLEREFS="font0"/><SP WIDTH="16" VPOS="1944" HPOS="720"/><String ID="p385_w375" CONTENT="fucked" HPOS="736" VPOS="1944" WIDTH="119" HEIGHT="75" STYLEREFS="font0"/><SP WIDTH="13" VPOS="1944" HPOS="855"/><String ID="p385_w376" CONTENT="up," HPOS="868" VPOS="1944" WIDTH="55" HEIGHT="75" STYLEREFS="font0"/><SP WIDTH="26" VPOS="1944" HPOS="923"/><String ID="p385_w377" CONTENT="and" HPOS="949" VPOS="1944" WIDTH="63" HEIGHT="75" STYLEREFS="font0"/><SP WIDTH="16" VPOS="1944" HPOS="1012"/><String ID="p385_w378" CONTENT="depofited" HPOS="1028" VPOS="1944" WIDTH="162" HEIGHT="75" STYLEREFS="font0"/></TextLine><TextLine WIDTH="1031" HEIGHT="75" ID="p385_t42" HPOS="159" VPOS="1991"><String ID="p385_w379" CONTENT="in" HPOS="159" VPOS="1991" WIDTH="34" HEIGHT="75" STYLEREFS="font0"/><SP WIDTH="11" VPOS="1991" HPOS="193"/><String ID="p385_w380" CONTENT="the" HPOS="204" VPOS="1991" WIDTH="55" HEIGHT="75" STYLEREFS="font0"/><SP WIDTH="13" VPOS="1991" HPOS="259"/><String ID="p385_w381" CONTENT="honey-bag" HPOS="272" VPOS="1991" WIDTH="184" HEIGHT="75" STYLEREFS="font0"/><SP WIDTH="11" VPOS="1991" HPOS="456"/><String ID="p385_w382" CONTENT="of" HPOS="467" VPOS="1991" WIDTH="41" HEIGHT="75" STYLEREFS="font0"/><SP WIDTH="6" VPOS="1991" HPOS="508"/><String ID="p385_w383" CONTENT="the" HPOS="514" VPOS="1991" WIDTH="54" HEIGHT="75" STYLEREFS="font0"/><SP WIDTH="12" VPOS="1991" HPOS="568"/><String ID="p385_w384" CONTENT="bee," HPOS="580" VPOS="1991" WIDTH="70" HEIGHT="75" STYLEREFS="font0"/><SP WIDTH="15" VPOS="1991" HPOS="650"/><String ID="p385_w385" CONTENT="is," HPOS="665" VPOS="1991" WIDTH="41" HEIGHT="75" STYLEREFS="font0"/><SP WIDTH="13" VPOS="1991" HPOS="706"/><String ID="p385_w386" CONTENT="that" HPOS="719" VPOS="1991" WIDTH="72" HEIGHT="75" STYLEREFS="font0"/><SP WIDTH="10" VPOS="1991" HPOS="791"/><String ID="p385_w387" CONTENT="the" HPOS="801" VPOS="1991" WIDTH="56" HEIGHT="75" STYLEREFS="font0"/><SP WIDTH="13" VPOS="1991" HPOS="857"/><String ID="p385_w388" CONTENT="more" HPOS="870" VPOS="1991" WIDTH="88" HEIGHT="75" STYLEREFS="font0"/><SP WIDTH="11" VPOS="1991" HPOS="958"/><String ID="p385_w389" CONTENT="watery" HPOS="969" VPOS="1991" WIDTH="123" HEIGHT="75" STYLEREFS="font0"/><SP WIDTH="11" VPOS="1991" HPOS="1092"/><String ID="p385_w390" CONTENT="parts" HPOS="1103" VPOS="1991" WIDTH="87" HEIGHT="75" STYLEREFS="font0"/></TextLine><TextLine WIDTH="1028" HEIGHT="75" ID="p385_t43" HPOS="161" VPOS="2037"><String ID="p385_w391" CONTENT="may" HPOS="161" VPOS="2037" WIDTH="73" HEIGHT="75" STYLEREFS="font0"/><SP WIDTH="17" VPOS="2037" HPOS="234"/><String ID="p385_w392" CONTENT="probably" HPOS="251" VPOS="2037" WIDTH="154" HEIGHT="75" STYLEREFS="font0"/><SP WIDTH="12" VPOS="2037" HPOS="405"/><String ID="p385_w393" CONTENT="be" HPOS="417" VPOS="2037" WIDTH="39" HEIGHT="75" STYLEREFS="font0"/><SP WIDTH="13" VPOS="2037" HPOS="456"/><String ID="p385_w394" CONTENT="abforbed" HPOS="469" VPOS="2037" WIDTH="153" HEIGHT="75" STYLEREFS="font0"/><SP WIDTH="11" VPOS="2037" HPOS="622"/><String ID="p385_w395" CONTENT="during" HPOS="633" VPOS="2037" WIDTH="115" HEIGHT="75" STYLEREFS="font0"/><SP WIDTH="11" VPOS="2037" HPOS="748"/><String ID="p385_w396" CONTENT="the" HPOS="759" VPOS="2037" WIDTH="55" HEIGHT="75" STYLEREFS="font0"/><SP WIDTH="12" VPOS="2037" HPOS="814"/><String ID="p385_w397" CONTENT="fmall" HPOS="826" VPOS="2037" WIDTH="89" HEIGHT="75" STYLEREFS="font0"/><SP WIDTH="12" VPOS="2037" HPOS="915"/><String ID="p385_w398" CONTENT="time" HPOS="927" VPOS="2037" WIDTH="76" HEIGHT="75" STYLEREFS="font0"/><SP WIDTH="13" VPOS="2037" HPOS="1003"/><String ID="p385_w399" CONTENT="it" HPOS="1016" VPOS="2037" WIDTH="26" HEIGHT="75" STYLEREFS="font0"/><SP WIDTH="13" VPOS="2037" HPOS="1042"/><String ID="p385_w400" CONTENT="remains" HPOS="1055" VPOS="2037" WIDTH="134" HEIGHT="75" STYLEREFS="font0"/></TextLine><TextLine WIDTH="1029" HEIGHT="75" ID="p385_t44" HPOS="161" VPOS="2083"><String ID="p385_w401" CONTENT="there." HPOS="161" VPOS="2083" WIDTH="104" HEIGHT="75" STYLEREFS="font0"/><SP WIDTH="47" VPOS="2083" HPOS="265"/><String ID="p385_w402" CONTENT="The" HPOS="312" VPOS="2083" WIDTH="76" HEIGHT="75" STYLEREFS="font0"/><SP WIDTH="17" VPOS="2083" HPOS="388"/><String ID="p385_w403" CONTENT="heat" HPOS="405" VPOS="2083" WIDTH="75" HEIGHT="75" STYLEREFS="font0"/><SP WIDTH="15" VPOS="2083" HPOS="480"/><String ID="p385_w404" CONTENT="of" HPOS="495" VPOS="2083" WIDTH="40" HEIGHT="75" STYLEREFS="font0"/><SP WIDTH="10" VPOS="2083" HPOS="535"/><String ID="p385_w405" CONTENT="the" HPOS="545" VPOS="2083" WIDTH="56" HEIGHT="75" STYLEREFS="font0"/><SP WIDTH="15" VPOS="2083" HPOS="601"/><String ID="p385_w406" CONTENT="hive," HPOS="616" VPOS="2083" WIDTH="86" HEIGHT="75" STYLEREFS="font0"/><SP WIDTH="18" VPOS="2083" HPOS="702"/><String ID="p385_w407" CONTENT="after" HPOS="720" VPOS="2083" WIDTH="83" HEIGHT="75" STYLEREFS="font0"/><SP WIDTH="15" VPOS="2083" HPOS="803"/><String ID="p385_w408" CONTENT="it" HPOS="818" VPOS="2083" WIDTH="25" HEIGHT="75" STYLEREFS="font0"/><SP WIDTH="16" VPOS="2083" HPOS="843"/><String ID="p385_w409" CONTENT="is" HPOS="859" VPOS="2083" WIDTH="26" HEIGHT="75" STYLEREFS="font0"/><SP WIDTH="16" VPOS="2083" HPOS="885"/><String ID="p385_w410" CONTENT="depofited" HPOS="901" VPOS="2083" WIDTH="163" HEIGHT="75" STYLEREFS="font0"/><SP WIDTH="15" VPOS="2083" HPOS="1064"/><String ID="p385_w411" CONTENT="in" HPOS="1079" VPOS="2083" WIDTH="32" HEIGHT="75" STYLEREFS="font0"/><SP WIDTH="24" VPOS="2083" HPOS="1111"/><String ID="p385_w412" CONTENT="the" HPOS="1135" VPOS="2083" WIDTH="55" HEIGHT="75" STYLEREFS="font0"/></TextLine><TextLine WIDTH="1029" HEIGHT="75" ID="p385_t45" HPOS="162" VPOS="2128"><String ID="p385_w413" CONTENT="cells," HPOS="162" VPOS="2128" WIDTH="91" HEIGHT="75" STYLEREFS="font0"/><SP WIDTH="25" VPOS="2128" HPOS="253"/><String ID="p385_w414" CONTENT="will" HPOS="278" VPOS="2128" WIDTH="66" HEIGHT="75" STYLEREFS="font0"/><SP WIDTH="18" VPOS="2128" HPOS="344"/><String ID="p385_w415" CONTENT="(till" HPOS="362" VPOS="2128" WIDTH="60" HEIGHT="75" STYLEREFS="font0"/><SP WIDTH="17" VPOS="2128" HPOS="422"/><String ID="p385_w416" CONTENT="evaporate" HPOS="439" VPOS="2128" WIDTH="169" HEIGHT="75" STYLEREFS="font0"/><SP WIDTH="15" VPOS="2128" HPOS="608"/><String ID="p385_w417" CONTENT="more" HPOS="623" VPOS="2128" WIDTH="90" HEIGHT="75" STYLEREFS="font0"/><SP WIDTH="22" VPOS="2128" HPOS="713"/><String ID="p385_w418" CONTENT="of" HPOS="735" VPOS="2128" WIDTH="41" HEIGHT="75" STYLEREFS="font0"/><SP WIDTH="17" VPOS="2128" HPOS="776"/><String ID="p385_w419" CONTENT="the" HPOS="793" VPOS="2128" WIDTH="56" HEIGHT="75" STYLEREFS="font0"/><SP WIDTH="17" VPOS="2128" HPOS="849"/><String ID="p385_w420" CONTENT="watery" HPOS="866" VPOS="2128" WIDTH="120" HEIGHT="75" STYLEREFS="font0"/><SP WIDTH="16" VPOS="2128" HPOS="986"/><String ID="p385_w421" CONTENT="parts," HPOS="1002" VPOS="2128" WIDTH="101" HEIGHT="75" STYLEREFS="font0"/><SP WIDTH="25" VPOS="2128" HPOS="1103"/><String ID="p385_w422" CONTENT="and" HPOS="1128" VPOS="2128" WIDTH="63" HEIGHT="75" STYLEREFS="font0"/></TextLine><TextLine WIDTH="645" HEIGHT="75" ID="p385_t46" HPOS="163" VPOS="2174"><String ID="p385_w423" CONTENT="bring" HPOS="163" VPOS="2174" WIDTH="92" HEIGHT="75" STYLEREFS="font0"/><SP WIDTH="17" VPOS="2174" HPOS="255"/><String ID="p385_w424" CONTENT="it" HPOS="272" VPOS="2174" WIDTH="25" HEIGHT="75" STYLEREFS="font0"/><SP WIDTH="18" VPOS="2174" HPOS="297"/><String ID="p385_w425" CONTENT="to" HPOS="315" VPOS="2174" WIDTH="34" HEIGHT="75" STYLEREFS="font0"/><SP WIDTH="16" VPOS="2174" HPOS="349"/><String ID="p385_w426" CONTENT="the" HPOS="365" VPOS="2174" WIDTH="57" HEIGHT="75" STYLEREFS="font0"/><SP WIDTH="16" VPOS="2174" HPOS="422"/><String ID="p385_w427" CONTENT="confidence" HPOS="438" VPOS="2174" WIDTH="186" HEIGHT="75" STYLEREFS="font0"/><SP WIDTH="15" VPOS="2174" HPOS="624"/><String ID="p385_w428" CONTENT="of" HPOS="639" VPOS="2174" WIDTH="40" HEIGHT="75" STYLEREFS="font0"/><SP WIDTH="11" VPOS="2174" HPOS="679"/><String ID="p385_w429" CONTENT="honey." HPOS="690" VPOS="2174" WIDTH="118" HEIGHT="75" STYLEREFS="font0"/></TextLine><TextLine WIDTH="980" HEIGHT="75" ID="p385_t47" HPOS="210" VPOS="2220"><String ID="p385_w430" CONTENT="When" HPOS="210" VPOS="2220" WIDTH="111" HEIGHT="75" STYLEREFS="font0"/><SP WIDTH="27" VPOS="2220" HPOS="321"/><String ID="p385_w431" CONTENT="a" HPOS="348" VPOS="2220" WIDTH="18" HEIGHT="75" STYLEREFS="font0"/><SP WIDTH="23" VPOS="2220" HPOS="366"/><String ID="p385_w432" CONTENT="bee" HPOS="389" VPOS="2220" WIDTH="59" HEIGHT="75" STYLEREFS="font0"/><SP WIDTH="15" VPOS="2220" HPOS="448"/><String ID="p385_w433" CONTENT="is" HPOS="463" VPOS="2220" WIDTH="27" HEIGHT="75" STYLEREFS="font0"/><SP WIDTH="18" VPOS="2220" HPOS="490"/><String ID="p385_w434" CONTENT="collecting" HPOS="508" VPOS="2220" WIDTH="166" HEIGHT="75" STYLEREFS="font0"/><SP WIDTH="16" VPOS="2220" HPOS="674"/><String ID="p385_w435" CONTENT="honey," HPOS="690" VPOS="2220" WIDTH="119" HEIGHT="75" STYLEREFS="font0"/><SP WIDTH="24" VPOS="2220" HPOS="809"/><String ID="p385_w436" CONTENT="{he" HPOS="833" VPOS="2220" WIDTH="51" HEIGHT="75" STYLEREFS="font0"/><SP WIDTH="7" VPOS="2220" HPOS="884"/><String ID="p385_w437" CONTENT="&quot;no" HPOS="891" VPOS="2220" WIDTH="52" HEIGHT="75" STYLEREFS="font0"/><SP WIDTH="21" VPOS="2220" HPOS="943"/><String ID="p385_w438" CONTENT="fooner" HPOS="964" VPOS="2220" WIDTH="111" HEIGHT="75" STYLEREFS="font0"/><SP WIDTH="16" VPOS="2220" HPOS="1075"/><String ID="p385_w439" CONTENT="lights" HPOS="1091" VPOS="2220" WIDTH="99" HEIGHT="75" STYLEREFS="font0"/></TextLine><TextLine WIDTH="1027" HEIGHT="75" ID="p385_t48" HPOS="163" VPOS="2266"><String ID="p385_w440" CONTENT="upon" HPOS="163" VPOS="2266" WIDTH="84" HEIGHT="75" STYLEREFS="font0"/><SP WIDTH="18" VPOS="2266" HPOS="247"/><String ID="p385_w441" CONTENT="a" HPOS="265" VPOS="2266" WIDTH="17" HEIGHT="75" STYLEREFS="font0"/><SP WIDTH="17" VPOS="2266" HPOS="282"/><String ID="p385_w442" CONTENT="flower" HPOS="299" VPOS="2266" WIDTH="109" HEIGHT="75" STYLEREFS="font0"/><SP WIDTH="16" VPOS="2266" HPOS="408"/><String ID="p385_w443" CONTENT="than" HPOS="424" VPOS="2266" WIDTH="76" HEIGHT="75" STYLEREFS="font0"/><SP WIDTH="16" VPOS="2266" HPOS="500"/><String ID="p385_w444" CONTENT="ftie" HPOS="516" VPOS="2266" WIDTH="51" HEIGHT="75" STYLEREFS="font0"/><SP WIDTH="16" VPOS="2266" HPOS="567"/><String ID="p385_w445" CONTENT="extends" HPOS="583" VPOS="2266" WIDTH="136" HEIGHT="75" STYLEREFS="font0"/><SP WIDTH="17" VPOS="2266" HPOS="719"/><String ID="p385_w446" CONTENT="her" HPOS="736" VPOS="2266" WIDTH="59" HEIGHT="75" STYLEREFS="font0"/><SP WIDTH="27" VPOS="2266" HPOS="795"/><String ID="p385_w447" CONTENT="probofcis," HPOS="822" VPOS="2266" WIDTH="174" HEIGHT="75" STYLEREFS="font0"/><SP WIDTH="25" VPOS="2266" HPOS="996"/><String ID="p385_w448" CONTENT="and" HPOS="1021" VPOS="2266" WIDTH="62" HEIGHT="75" STYLEREFS="font0"/><SP WIDTH="16" VPOS="2266" HPOS="1083"/><String ID="p385_w449" CONTENT="fucks" HPOS="1099" VPOS="2266" WIDTH="91" HEIGHT="75" STYLEREFS="font0"/></TextLine><TextLine WIDTH="1028" HEIGHT="75" ID="p385_t49" HPOS="162" VPOS="2313"><String ID="p385_w450" CONTENT="up" HPOS="162" VPOS="2313" WIDTH="44" HEIGHT="75" STYLEREFS="font0"/><SP WIDTH="17" VPOS="2313" HPOS="206"/><String ID="p385_w451" CONTENT="what" HPOS="223" VPOS="2313" WIDTH="87" HEIGHT="75" STYLEREFS="font0"/><SP WIDTH="16" VPOS="2313" HPOS="310"/><String ID="p385_w452" CONTENT="ftie" HPOS="326" VPOS="2313" WIDTH="51" HEIGHT="75" STYLEREFS="font0"/><SP WIDTH="27" VPOS="2313" HPOS="377"/><String ID="p385_w453" CONTENT="can" HPOS="404" VPOS="2313" WIDTH="58" HEIGHT="75" STYLEREFS="font0"/><SP WIDTH="27" VPOS="2313" HPOS="462"/><String ID="p385_w454" CONTENT="find:" HPOS="489" VPOS="2313" WIDTH="86" HEIGHT="75" STYLEREFS="font0"/><SP WIDTH="43" VPOS="2313" HPOS="575"/><String ID="p385_w455" CONTENT="If" HPOS="618" VPOS="2313" WIDTH="37" HEIGHT="75" STYLEREFS="font0"/><SP WIDTH="21" VPOS="2313" HPOS="655"/><String ID="p385_w456" CONTENT="fire" HPOS="676" VPOS="2313" WIDTH="52" HEIGHT="75" STYLEREFS="font0"/><SP WIDTH="28" VPOS="2313" HPOS="728"/><String ID="p385_w457" CONTENT="cannot" HPOS="756" VPOS="2313" WIDTH="116" HEIGHT="75" STYLEREFS="font0"/><SP WIDTH="26" VPOS="2313" HPOS="872"/><String ID="p385_w458" CONTENT="find" HPOS="898" VPOS="2313" WIDTH="67" HEIGHT="75" STYLEREFS="font0"/><SP WIDTH="26" VPOS="2313" HPOS="965"/><String ID="p385_w459" CONTENT="a" HPOS="991" VPOS="2313" WIDTH="20" HEIGHT="75" STYLEREFS="font0"/><SP WIDTH="25" VPOS="2313" HPOS="1011"/><String ID="p385_w460" CONTENT="fufficient" HPOS="1036" VPOS="2313" WIDTH="154" HEIGHT="75" STYLEREFS="font0"/></TextLine><TextLine WIDTH="1028" HEIGHT="75" ID="p385_t50" HPOS="164" VPOS="2359"><String ID="p385_w461" CONTENT="quantity" HPOS="164" VPOS="2359" WIDTH="150" HEIGHT="75" STYLEREFS="font0"/><SP WIDTH="15" VPOS="2359" HPOS="314"/><String ID="p385_w462" CONTENT="to" HPOS="329" VPOS="2359" WIDTH="36" HEIGHT="75" STYLEREFS="font0"/><SP WIDTH="17" VPOS="2359" HPOS="365"/><String ID="p385_w463" CONTENT="fill" HPOS="382" VPOS="2359" WIDTH="45" HEIGHT="75" STYLEREFS="font0"/><SP WIDTH="15" VPOS="2359" HPOS="427"/><String ID="p385_w464" CONTENT="her" HPOS="442" VPOS="2359" WIDTH="59" HEIGHT="75" STYLEREFS="font0"/><SP WIDTH="22" VPOS="2359" HPOS="501"/><String ID="p385_w465" CONTENT="bag" HPOS="523" VPOS="2359" WIDTH="63" HEIGHT="75" STYLEREFS="font0"/><SP WIDTH="23" VPOS="2359" HPOS="586"/><String ID="p385_w466" CONTENT="in" HPOS="609" VPOS="2359" WIDTH="32" HEIGHT="75" STYLEREFS="font0"/><SP WIDTH="29" VPOS="2359" HPOS="641"/><String ID="p385_w467" CONTENT="one" HPOS="670" VPOS="2359" WIDTH="61" HEIGHT="75" STYLEREFS="font0"/><SP WIDTH="23" VPOS="2359" HPOS="731"/><String ID="p385_w468" CONTENT="flower." HPOS="754" VPOS="2359" WIDTH="123" HEIGHT="75" STYLEREFS="font0"/><SP WIDTH="24" VPOS="2359" HPOS="877"/><String ID="p385_w469" CONTENT="Are" HPOS="901" VPOS="2359" WIDTH="53" HEIGHT="75" STYLEREFS="font0"/><SP WIDTH="21" VPOS="2359" HPOS="954"/><String ID="p385_w470" CONTENT="immediately" HPOS="975" VPOS="2359" WIDTH="217" HEIGHT="75" STYLEREFS="font0"/></TextLine><TextLine WIDTH="1026" HEIGHT="75" ID="p385_t51" HPOS="163" VPOS="2407"><String ID="p385_w471" CONTENT="flies" HPOS="163" VPOS="2407" WIDTH="68" HEIGHT="75" STYLEREFS="font0"/><SP WIDTH="16" VPOS="2407" HPOS="231"/><String ID="p385_w472" CONTENT="to" HPOS="247" VPOS="2407" WIDTH="36" HEIGHT="75" STYLEREFS="font0"/><SP WIDTH="17" VPOS="2407" HPOS="283"/><String ID="p385_w473" CONTENT="another," HPOS="300" VPOS="2407" WIDTH="144" HEIGHT="75" STYLEREFS="font0"/><SP WIDTH="27" VPOS="2407" HPOS="444"/><String ID="p385_w474" CONTENT="and" HPOS="471" VPOS="2407" WIDTH="62" HEIGHT="75" STYLEREFS="font0"/><SP WIDTH="16" VPOS="2407" HPOS="533"/><String ID="p385_w475" CONTENT="thus" HPOS="549" VPOS="2407" WIDTH="73" HEIGHT="75" STYLEREFS="font0"/><SP WIDTH="17" VPOS="2407" HPOS="622"/><String ID="p385_w476" CONTENT="goes" HPOS="639" VPOS="2407" WIDTH="76" HEIGHT="75" STYLEREFS="font0"/><SP WIDTH="24" VPOS="2407" HPOS="715"/><String ID="p385_w477" CONTENT="on" HPOS="739" VPOS="2407" WIDTH="42" HEIGHT="75" STYLEREFS="font0"/><SP WIDTH="23" VPOS="2407" HPOS="781"/><String ID="p385_w478" CONTENT="till" HPOS="804" VPOS="2407" WIDTH="51" HEIGHT="75" STYLEREFS="font0"/><SP WIDTH="24" VPOS="2407" HPOS="855"/><String ID="p385_w479" CONTENT="{he" HPOS="879" VPOS="2407" WIDTH="52" HEIGHT="75" STYLEREFS="font0"/><SP WIDTH="25" VPOS="2407" HPOS="931"/><String ID="p385_w480" CONTENT="has" HPOS="956" VPOS="2407" WIDTH="56" HEIGHT="75" STYLEREFS="font0"/><SP WIDTH="25" VPOS="2407" HPOS="1012"/><String ID="p385_w481" CONTENT="filled" HPOS="1037" VPOS="2407" WIDTH="89" HEIGHT="75" STYLEREFS="font0"/><SP WIDTH="26" VPOS="2407" HPOS="1126"/><String ID="p385_w482" CONTENT="it." HPOS="1152" VPOS="2407" WIDTH="37" HEIGHT="75" STYLEREFS="font0"/></TextLine><TextLine WIDTH="1037" HEIGHT="75" ID="p385_t52" HPOS="164" VPOS="2453"><String ID="p385_w483" CONTENT="She" HPOS="164" VPOS="2453" WIDTH="67" HEIGHT="75" STYLEREFS="font0"/><SP WIDTH="17" VPOS="2453" HPOS="231"/><String ID="p385_w484" CONTENT="then" HPOS="248" VPOS="2453" WIDTH="76" HEIGHT="75" STYLEREFS="font0"/><SP WIDTH="18" VPOS="2453" HPOS="324"/><String ID="p385_w485" CONTENT="retires" HPOS="342" VPOS="2453" WIDTH="111" HEIGHT="75" STYLEREFS="font0"/><SP WIDTH="15" VPOS="2453" HPOS="453"/><String ID="p385_w486" CONTENT="to" HPOS="468" VPOS="2453" WIDTH="35" HEIGHT="75" STYLEREFS="font0"/><SP WIDTH="14" VPOS="2453" HPOS="503"/><String ID="p385_w487" CONTENT="the" HPOS="517" VPOS="2453" WIDTH="57" HEIGHT="75" STYLEREFS="font0"/><SP WIDTH="15" VPOS="2453" HPOS="574"/><String ID="p385_w488" CONTENT="hive," HPOS="589" VPOS="2453" WIDTH="86" HEIGHT="75" STYLEREFS="font0"/><SP WIDTH="26" VPOS="2453" HPOS="675"/><String ID="p385_w489" CONTENT="goes" HPOS="701" VPOS="2453" WIDTH="76" HEIGHT="75" STYLEREFS="font0"/><SP WIDTH="24" VPOS="2453" HPOS="777"/><String ID="p385_w490" CONTENT="to" HPOS="801" VPOS="2453" WIDTH="36" HEIGHT="75" STYLEREFS="font0"/><SP WIDTH="22" VPOS="2453" HPOS="837"/><String ID="p385_w491" CONTENT="the" HPOS="859" VPOS="2453" WIDTH="56" HEIGHT="75" STYLEREFS="font0"/><SP WIDTH="16" VPOS="2453" HPOS="915"/><String ID="p385_w492" CONTENT="cell," HPOS="931" VPOS="2453" WIDTH="74" HEIGHT="75" STYLEREFS="font0"/><SP WIDTH="25" VPOS="2453" HPOS="1005"/><String ID="p385_w493" CONTENT="difgorges'" HPOS="1030" VPOS="2453" WIDTH="171" HEIGHT="75" STYLEREFS="font0"/></TextLine><TextLine WIDTH="1034" HEIGHT="75" ID="p385_t53" HPOS="163" VPOS="2499"><String ID="p385_w494" CONTENT="the" HPOS="163" VPOS="2499" WIDTH="55" HEIGHT="75" STYLEREFS="font0"/><SP WIDTH="16" VPOS="2499" HPOS="218"/><String ID="p385_w495" CONTENT="honey," HPOS="234" VPOS="2499" WIDTH="118" HEIGHT="75" STYLEREFS="font0"/><SP WIDTH="26" VPOS="2499" HPOS="352"/><String ID="p385_w496" CONTENT="and" HPOS="378" VPOS="2499" WIDTH="62" HEIGHT="75" STYLEREFS="font0"/><SP WIDTH="23" VPOS="2499" HPOS="440"/><String ID="p385_w497" CONTENT="again" HPOS="463" VPOS="2499" WIDTH="92" HEIGHT="75" STYLEREFS="font0"/><SP WIDTH="23" VPOS="2499" HPOS="555"/><String ID="p385_w498" CONTENT="returns" HPOS="578" VPOS="2499" WIDTH="125" HEIGHT="75" STYLEREFS="font0"/><SP WIDTH="29" VPOS="2499" HPOS="703"/><String ID="p385_w499" CONTENT="to" HPOS="732" VPOS="2499" WIDTH="35" HEIGHT="75" STYLEREFS="font0"/><SP WIDTH="23" VPOS="2499" HPOS="767"/><String ID="p385_w500" CONTENT="the" HPOS="790" VPOS="2499" WIDTH="56" HEIGHT="75" STYLEREFS="font0"/><SP WIDTH="26" VPOS="2499" HPOS="846"/><String ID="p385_w501" CONTENT="fields" HPOS="872" VPOS="2499" WIDTH="90" HEIGHT="75" STYLEREFS="font0"/><SP WIDTH="25" VPOS="2499" HPOS="962"/><String ID="p385_w502" CONTENT="in" HPOS="987" VPOS="2499" WIDTH="33" HEIGHT="75" STYLEREFS="font0"/><SP WIDTH="24" VPOS="2499" HPOS="1020"/><String ID="p385_w503" CONTENT="queft" HPOS="1044" VPOS="2499" WIDTH="91" HEIGHT="75" STYLEREFS="font0"/><SP WIDTH="22" VPOS="2499" HPOS="1135"/><String ID="p385_w504" CONTENT="of" HPOS="1157" VPOS="2499" WIDTH="40" HEIGHT="75" STYLEREFS="font0"/></TextLine><TextLine WIDTH="1031" HEIGHT="75" ID="p385_t54" HPOS="162" VPOS="2546"><String ID="p385_w505" CONTENT="more." HPOS="162" VPOS="2546" WIDTH="102" HEIGHT="75" STYLEREFS="font0"/><SP WIDTH="54" VPOS="2546" HPOS="264"/><String ID="p385_w506" CONTENT="As" HPOS="318" VPOS="2546" WIDTH="44" HEIGHT="75" STYLEREFS="font0"/><SP WIDTH="18" VPOS="2546" HPOS="362"/><String ID="p385_w507" CONTENT="the" HPOS="380" VPOS="2546" WIDTH="55" HEIGHT="75" STYLEREFS="font0"/><SP WIDTH="17" VPOS="2546" HPOS="435"/><String ID="p385_w508" CONTENT="quantity" HPOS="452" VPOS="2546" WIDTH="148" HEIGHT="75" STYLEREFS="font0"/><SP WIDTH="19" VPOS="2546" HPOS="600"/><String ID="p385_w509" CONTENT="carried" HPOS="619" VPOS="2546" WIDTH="123" HEIGHT="75" STYLEREFS="font0"/><SP WIDTH="15" VPOS="2546" HPOS="742"/><String ID="p385_w510" CONTENT="home" HPOS="757" VPOS="2546" WIDTH="95" HEIGHT="75" STYLEREFS="font0"/><SP WIDTH="15" VPOS="2546" HPOS="852"/><String ID="p385_w511" CONTENT="by" HPOS="867" VPOS="2546" WIDTH="43" HEIGHT="75" STYLEREFS="font0"/><SP WIDTH="16" VPOS="2546" HPOS="910"/><String ID="p385_w512" CONTENT="one" HPOS="926" VPOS="2546" WIDTH="61" HEIGHT="75" STYLEREFS="font0"/><SP WIDTH="15" VPOS="2546" HPOS="987"/><String ID="p385_w513" CONTENT="bee" HPOS="1002" VPOS="2546" WIDTH="58" HEIGHT="75" STYLEREFS="font0"/><SP WIDTH="23" VPOS="2546" HPOS="1060"/><String ID="p385_w514" CONTENT="is" HPOS="1083" VPOS="2546" WIDTH="26" HEIGHT="75" STYLEREFS="font0"/><SP WIDTH="26" VPOS="2546" HPOS="1109"/><String ID="p385_w515" CONTENT="but" HPOS="1135" VPOS="2546" WIDTH="58" HEIGHT="75" STYLEREFS="font0"/></TextLine><TextLine WIDTH="1028" HEIGHT="75" ID="p385_t55" HPOS="163" VPOS="2592"><String ID="p385_w516" CONTENT="fmall," HPOS="163" VPOS="2592" WIDTH="103" HEIGHT="75" STYLEREFS="font0"/><SP WIDTH="24" VPOS="2592" HPOS="266"/><String ID="p385_w517" CONTENT="it" HPOS="290" VPOS="2592" WIDTH="26" HEIGHT="75" STYLEREFS="font0"/><SP WIDTH="17" VPOS="2592" HPOS="316"/><String ID="p385_w518" CONTENT="requires" HPOS="333" VPOS="2592" WIDTH="143" HEIGHT="75" STYLEREFS="font0"/><SP WIDTH="16" VPOS="2592" HPOS="476"/><String ID="p385_w519" CONTENT="the" HPOS="492" VPOS="2592" WIDTH="55" HEIGHT="75" STYLEREFS="font0"/><SP WIDTH="24" VPOS="2592" HPOS="547"/><String ID="p385_w520" CONTENT="labour" HPOS="571" VPOS="2592" WIDTH="113" HEIGHT="75" STYLEREFS="font0"/><SP WIDTH="16" VPOS="2592" HPOS="684"/><String ID="p385_w521" CONTENT="of" HPOS="700" VPOS="2592" WIDTH="40" HEIGHT="75" STYLEREFS="font0"/><SP WIDTH="11" VPOS="2592" HPOS="740"/><String ID="p385_w522" CONTENT="many" HPOS="751" VPOS="2592" WIDTH="95" HEIGHT="75" STYLEREFS="font0"/><SP WIDTH="15" VPOS="2592" HPOS="846"/><String ID="p385_w523" CONTENT="to" HPOS="861" VPOS="2592" WIDTH="36" HEIGHT="75" STYLEREFS="font0"/><SP WIDTH="23" VPOS="2592" HPOS="897"/><String ID="p385_w524" CONTENT="fill" HPOS="920" VPOS="2592" WIDTH="45" HEIGHT="75" STYLEREFS="font0"/><SP WIDTH="30" VPOS="2592" HPOS="965"/><String ID="p385_w525" CONTENT="a" HPOS="995" VPOS="2592" WIDTH="17" HEIGHT="75" STYLEREFS="font0"/><SP WIDTH="23" VPOS="2592" HPOS="1012"/><String ID="p385_w526" CONTENT="cell" HPOS="1035" VPOS="2592" WIDTH="60" HEIGHT="75" STYLEREFS="font0"/><SP WIDTH="18" VPOS="2592" HPOS="1095"/><String ID="p385_w527" CONTENT="with" HPOS="1113" VPOS="2592" WIDTH="78" HEIGHT="75" STYLEREFS="font0"/></TextLine><TextLine WIDTH="1030" HEIGHT="75" ID="p385_t56" HPOS="163" VPOS="2638"><String ID="p385_w528" CONTENT="honey." HPOS="163" VPOS="2638" WIDTH="119" HEIGHT="75" STYLEREFS="font0"/><SP WIDTH="48" VPOS="2638" HPOS="282"/><String ID="p385_w529" CONTENT="When" HPOS="330" VPOS="2638" WIDTH="112" HEIGHT="75" STYLEREFS="font0"/><SP WIDTH="17" VPOS="2638" HPOS="442"/><String ID="p385_w530" CONTENT="the" HPOS="459" VPOS="2638" WIDTH="56" HEIGHT="75" STYLEREFS="font0"/><SP WIDTH="27" VPOS="2638" HPOS="515"/><String ID="p385_w531" CONTENT="cells" HPOS="542" VPOS="2638" WIDTH="77" HEIGHT="75" STYLEREFS="font0"/><SP WIDTH="22" VPOS="2638" HPOS="619"/><String ID="p385_w532" CONTENT="are" HPOS="641" VPOS="2638" WIDTH="53" HEIGHT="75" STYLEREFS="font0"/><SP WIDTH="23" VPOS="2638" HPOS="694"/><String ID="p385_w533" CONTENT="full," HPOS="717" VPOS="2638" WIDTH="72" HEIGHT="75" STYLEREFS="font0"/><SP WIDTH="26" VPOS="2638" HPOS="789"/><String ID="p385_w534" CONTENT="they" HPOS="815" VPOS="2638" WIDTH="78" HEIGHT="75" STYLEREFS="font0"/><SP WIDTH="15" VPOS="2638" HPOS="893"/><String ID="p385_w535" CONTENT="are" HPOS="908" VPOS="2638" WIDTH="53" HEIGHT="75" STYLEREFS="font0"/><SP WIDTH="15" VPOS="2638" HPOS="961"/><String ID="p385_w536" CONTENT="immediately" HPOS="976" VPOS="2638" WIDTH="217" HEIGHT="75" STYLEREFS="font0"/></TextLine><TextLine WIDTH="1033" HEIGHT="75" ID="p385_t57" HPOS="164" VPOS="2685"><String ID="p385_w537" CONTENT="clofed" HPOS="164" VPOS="2685" WIDTH="106" HEIGHT="75" STYLEREFS="font0"/><SP WIDTH="21" VPOS="2685" HPOS="270"/><String ID="p385_w538" CONTENT="up" HPOS="291" VPOS="2685" WIDTH="44" HEIGHT="75" STYLEREFS="font0"/><SP WIDTH="16" VPOS="2685" HPOS="335"/><String ID="p385_w539" CONTENT="with" HPOS="351" VPOS="2685" WIDTH="78" HEIGHT="75" STYLEREFS="font0"/><SP WIDTH="18" VPOS="2685" HPOS="429"/><String ID="p385_w540" CONTENT="wax," HPOS="447" VPOS="2685" WIDTH="86" HEIGHT="75" STYLEREFS="font0"/><SP WIDTH="25" VPOS="2685" HPOS="533"/><String ID="p385_w541" CONTENT="if" HPOS="558" VPOS="2685" WIDTH="30" HEIGHT="75" STYLEREFS="font0"/><SP WIDTH="11" VPOS="2685" HPOS="588"/><String ID="p385_w542" CONTENT="defigned" HPOS="599" VPOS="2685" WIDTH="146" HEIGHT="75" STYLEREFS="font0"/><SP WIDTH="16" VPOS="2685" HPOS="745"/><String ID="p385_w543" CONTENT="for" HPOS="761" VPOS="2685" WIDTH="52" HEIGHT="75" STYLEREFS="font0"/><SP WIDTH="20" VPOS="2685" HPOS="813"/><String ID="p385_w544" CONTENT="winter-provifion" HPOS="833" VPOS="2685" WIDTH="284" HEIGHT="75" STYLEREFS="font0"/><SP WIDTH="12" VPOS="2685" HPOS="1117"/><String ID="p385_w545" CONTENT=";" HPOS="1129" VPOS="2685" WIDTH="10" HEIGHT="75" STYLEREFS="font0"/><SP WIDTH="27" VPOS="2685" HPOS="1139"/><String ID="p385_w546" CONTENT="if" HPOS="1166" VPOS="2685" WIDTH="31" HEIGHT="75" STYLEREFS="font0"/></TextLine><TextLine WIDTH="1028" HEIGHT="75" ID="p385_t58" HPOS="164" VPOS="2732"><String ID="p385_w547" CONTENT="Hot," HPOS="164" VPOS="2732" WIDTH="68" HEIGHT="75" STYLEREFS="font0"/><SP WIDTH="26" VPOS="2732" HPOS="232"/><String ID="p385_w548" CONTENT="they" HPOS="258" VPOS="2732" WIDTH="77" HEIGHT="75" STYLEREFS="font0"/><SP WIDTH="17" VPOS="2732" HPOS="335"/><String ID="p385_w549" CONTENT="are" HPOS="352" VPOS="2732" WIDTH="53" HEIGHT="75" STYLEREFS="font0"/><SP WIDTH="17" VPOS="2732" HPOS="405"/><String ID="p385_w550" CONTENT="allowed" HPOS="422" VPOS="2732" WIDTH="136" HEIGHT="75" STYLEREFS="font0"/><SP WIDTH="22" VPOS="2732" HPOS="558"/><String ID="p385_w551" CONTENT="to" HPOS="580" VPOS="2732" WIDTH="34" HEIGHT="75" STYLEREFS="font0"/><SP WIDTH="23" VPOS="2732" HPOS="614"/><String ID="p385_w552" CONTENT="remain" HPOS="637" VPOS="2732" WIDTH="119" HEIGHT="75" STYLEREFS="font0"/><SP WIDTH="24" VPOS="2732" HPOS="756"/><String ID="p385_w553" CONTENT="open" HPOS="780" VPOS="2732" WIDTH="81" HEIGHT="75" STYLEREFS="font0"/><SP WIDTH="25" VPOS="2732" HPOS="861"/><String ID="p385_w554" CONTENT="for" HPOS="886" VPOS="2732" WIDTH="51" HEIGHT="75" STYLEREFS="font0"/><SP WIDTH="23" VPOS="2732" HPOS="937"/><String ID="p385_w555" CONTENT="the" HPOS="960" VPOS="2732" WIDTH="56" HEIGHT="75" STYLEREFS="font0"/><SP WIDTH="28" VPOS="2732" HPOS="1016"/><String ID="p385_w556" CONTENT="common" HPOS="1044" VPOS="2732" WIDTH="148" HEIGHT="75" STYLEREFS="font0"/></TextLine><TextLine WIDTH="464" HEIGHT="75" ID="p385_t59" HPOS="164" VPOS="2777"><String ID="p385_w557" CONTENT="nourilhment" HPOS="164" VPOS="2777" WIDTH="214" HEIGHT="75" STYLEREFS="font0"/><SP WIDTH="17" VPOS="2777" HPOS="378"/><String ID="p385_w558" CONTENT="of" HPOS="395" VPOS="2777" WIDTH="40" HEIGHT="75" STYLEREFS="font0"/><SP WIDTH="10" VPOS="2777" HPOS="435"/><String ID="p385_w559" CONTENT="the" HPOS="445" VPOS="2777" WIDTH="56" HEIGHT="75" STYLEREFS="font0"/><SP WIDTH="17" VPOS="2777" HPOS="501"/><String ID="p385_w560" CONTENT="fwarm" HPOS="518" VPOS="2777" WIDTH="110" HEIGHT="75" STYLEREFS="font0"/></TextLine><TextLine WIDTH="979" HEIGHT="75" ID="p385_t60" HPOS="211" VPOS="2823"><String ID="p385_w561" CONTENT="Befides" HPOS="211" VPOS="2823" WIDTH="129" HEIGHT="75" STYLEREFS="font0"/><SP WIDTH="16" VPOS="2823" HPOS="340"/><String ID="p385_w562" CONTENT="thefe" HPOS="356" VPOS="2823" WIDTH="88" HEIGHT="75" STYLEREFS="font0"/><SP WIDTH="24" VPOS="2823" HPOS="444"/><String ID="p385_w563" CONTENT="capital" HPOS="468" VPOS="2823" WIDTH="115" HEIGHT="75" STYLEREFS="font0"/><SP WIDTH="22" VPOS="2823" HPOS="583"/><String ID="p385_w564" CONTENT="inftinCls" HPOS="605" VPOS="2823" WIDTH="138" HEIGHT="75" STYLEREFS="font0"/><SP WIDTH="24" VPOS="2823" HPOS="743"/><String ID="p385_w565" CONTENT="of" HPOS="767" VPOS="2823" WIDTH="42" HEIGHT="75" STYLEREFS="font0"/><SP WIDTH="15" VPOS="2823" HPOS="809"/><String ID="p385_w566" CONTENT="bees," HPOS="824" VPOS="2823" WIDTH="88" HEIGHT="75" STYLEREFS="font0"/><SP WIDTH="25" VPOS="2823" HPOS="912"/><String ID="p385_w567" CONTENT="they" HPOS="937" VPOS="2823" WIDTH="78" HEIGHT="75" STYLEREFS="font0"/><SP WIDTH="23" VPOS="2823" HPOS="1015"/><String ID="p385_w568" CONTENT="are" HPOS="1038" VPOS="2823" WIDTH="53" HEIGHT="75" STYLEREFS="font0"/><SP WIDTH="28" VPOS="2823" HPOS="1091"/><String ID="p385_w569" CONTENT="pof-" HPOS="1119" VPOS="2823" WIDTH="71" HEIGHT="75" STYLEREFS="font0"/></TextLine><TextLine WIDTH="1027" HEIGHT="75" ID="p385_t61" HPOS="164" VPOS="2871"><String ID="p385_w570" CONTENT="fefled" HPOS="164" VPOS="2871" WIDTH="98" HEIGHT="75" STYLEREFS="font0"/><SP WIDTH="15" VPOS="2871" HPOS="262"/><String ID="p385_w571" CONTENT="of" HPOS="277" VPOS="2871" WIDTH="40" HEIGHT="75" STYLEREFS="font0"/><SP WIDTH="15" VPOS="2871" HPOS="317"/><String ID="p385_w572" CONTENT="others," HPOS="332" VPOS="2871" WIDTH="120" HEIGHT="75" STYLEREFS="font0"/><SP WIDTH="25" VPOS="2871" HPOS="452"/><String ID="p385_w573" CONTENT="fome" HPOS="477" VPOS="2871" WIDTH="85" HEIGHT="75" STYLEREFS="font0"/><SP WIDTH="16" VPOS="2871" HPOS="562"/><String ID="p385_w574" CONTENT="of" HPOS="578" VPOS="2871" WIDTH="41" HEIGHT="75" STYLEREFS="font0"/><SP WIDTH="11" VPOS="2871" HPOS="619"/><String ID="p385_w575" CONTENT="which" HPOS="630" VPOS="2871" WIDTH="105" HEIGHT="75" STYLEREFS="font0"/><SP WIDTH="18" VPOS="2871" HPOS="735"/><String ID="p385_w576" CONTENT="are" HPOS="753" VPOS="2871" WIDTH="53" HEIGHT="75" STYLEREFS="font0"/><SP WIDTH="17" VPOS="2871" HPOS="806"/><String ID="p385_w577" CONTENT="equally" HPOS="823" VPOS="2871" WIDTH="129" HEIGHT="75" STYLEREFS="font0"/><SP WIDTH="13" VPOS="2871" HPOS="952"/><String ID="p385_w578" CONTENT="neceflary" HPOS="965" VPOS="2871" WIDTH="157" HEIGHT="75" STYLEREFS="font0"/><SP WIDTH="17" VPOS="2871" HPOS="1122"/><String ID="p385_w579" CONTENT="for" HPOS="1139" VPOS="2871" WIDTH="52" HEIGHT="75" STYLEREFS="font0"/></TextLine><TextLine WIDTH="1027" HEIGHT="75" ID="p385_t62" HPOS="163" VPOS="2921"><String ID="p385_w580" CONTENT="their" HPOS="163" VPOS="2921" WIDTH="85" HEIGHT="75" STYLEREFS="font0"/><SP WIDTH="15" VPOS="2921" HPOS="248"/><String ID="p385_w581" CONTENT="prefervation" HPOS="263" VPOS="2921" WIDTH="211" HEIGHT="75" STYLEREFS="font0"/><SP WIDTH="18" VPOS="2921" HPOS="474"/><String ID="p385_w582" CONTENT="and" HPOS="492" VPOS="2921" WIDTH="61" HEIGHT="75" STYLEREFS="font0"/><SP WIDTH="21" VPOS="2921" HPOS="553"/><String ID="p385_w583" CONTENT="happinefs." HPOS="574" VPOS="2921" WIDTH="177" HEIGHT="75" STYLEREFS="font0"/><SP WIDTH="48" VPOS="2921" HPOS="751"/><String ID="p385_w584" CONTENT="They" HPOS="799" VPOS="2921" WIDTH="99" HEIGHT="75" STYLEREFS="font0"/><SP WIDTH="28" VPOS="2921" HPOS="898"/><String ID="p385_w585" CONTENT="anxioufly" HPOS="926" VPOS="2921" WIDTH="163" HEIGHT="75" STYLEREFS="font0"/><SP WIDTH="27" VPOS="2921" HPOS="1089"/><String ID="p385_w586" CONTENT="pro-" HPOS="1116" VPOS="2921" WIDTH="74" HEIGHT="75" STYLEREFS="font0"/></TextLine><TextLine WIDTH="1027" HEIGHT="75" ID="p385_t63" HPOS="163" VPOS="2964"><String ID="p385_w587" CONTENT="vide" HPOS="163" VPOS="2964" WIDTH="74" HEIGHT="75" STYLEREFS="font0"/><SP WIDTH="17" VPOS="2964" HPOS="237"/><String ID="p385_w588" CONTENT="againd" HPOS="254" VPOS="2964" WIDTH="117" HEIGHT="75" STYLEREFS="font0"/><SP WIDTH="15" VPOS="2964" HPOS="371"/><String ID="p385_w589" CONTENT="the" HPOS="386" VPOS="2964" WIDTH="56" HEIGHT="75" STYLEREFS="font0"/><SP WIDTH="15" VPOS="2964" HPOS="442"/><String ID="p385_w590" CONTENT="entrance" HPOS="457" VPOS="2964" WIDTH="148" HEIGHT="75" STYLEREFS="font0"/><SP WIDTH="11" VPOS="2964" HPOS="605"/><String ID="p385_w591" CONTENT="of" HPOS="616" VPOS="2964" WIDTH="40" HEIGHT="75" STYLEREFS="font0"/><SP WIDTH="11" VPOS="2964" HPOS="656"/><String ID="p385_w592" CONTENT="infeCts" HPOS="667" VPOS="2964" WIDTH="110" HEIGHT="75" STYLEREFS="font0"/><SP WIDTH="16" VPOS="2964" HPOS="777"/><String ID="p385_w593" CONTENT="into" HPOS="793" VPOS="2964" WIDTH="69" HEIGHT="75" STYLEREFS="font0"/><SP WIDTH="15" VPOS="2964" HPOS="862"/><String ID="p385_w594" CONTENT="the" HPOS="877" VPOS="2964" WIDTH="57" HEIGHT="75" STYLEREFS="font0"/><SP WIDTH="16" VPOS="2964" HPOS="934"/><String ID="p385_w595" CONTENT="hive," HPOS="950" VPOS="2964" WIDTH="85" HEIGHT="75" STYLEREFS="font0"/><SP WIDTH="25" VPOS="2964" HPOS="1035"/><String ID="p385_w596" CONTENT="by" HPOS="1060" VPOS="2964" WIDTH="42" HEIGHT="75" STYLEREFS="font0"/><SP WIDTH="17" VPOS="2964" HPOS="1102"/><String ID="p385_w597" CONTENT="glu-" HPOS="1119" VPOS="2964" WIDTH="71" HEIGHT="75" STYLEREFS="font0"/></TextLine><TextLine WIDTH="1028" HEIGHT="75" ID="p385_t64" HPOS="163" VPOS="3011"><String ID="p385_w598" CONTENT="ing" HPOS="163" VPOS="3011" WIDTH="54" HEIGHT="75" STYLEREFS="font0"/><SP WIDTH="18" VPOS="3011" HPOS="217"/><String ID="p385_w599" CONTENT="up" HPOS="235" VPOS="3011" WIDTH="40" HEIGHT="75" STYLEREFS="font0"/><SP WIDTH="16" VPOS="3011" HPOS="275"/><String ID="p385_w600" CONTENT="with" HPOS="291" VPOS="3011" WIDTH="80" HEIGHT="75" STYLEREFS="font0"/><SP WIDTH="15" VPOS="3011" HPOS="371"/><String ID="p385_w601" CONTENT="wax" HPOS="386" VPOS="3011" WIDTH="80" HEIGHT="75" STYLEREFS="font0"/><SP WIDTH="11" VPOS="3011" HPOS="466"/><String ID="p385_w602" CONTENT="the" HPOS="477" VPOS="3011" WIDTH="55" HEIGHT="75" STYLEREFS="font0"/><SP WIDTH="24" VPOS="3011" HPOS="532"/><String ID="p385_w603" CONTENT="fmailed" HPOS="556" VPOS="3011" WIDTH="134" HEIGHT="75" STYLEREFS="font0"/><SP WIDTH="15" VPOS="3011" HPOS="690"/><String ID="p385_w604" CONTENT="holes" HPOS="705" VPOS="3011" WIDTH="91" HEIGHT="75" STYLEREFS="font0"/><SP WIDTH="19" VPOS="3011" HPOS="796"/><String ID="p385_w605" CONTENT="in" HPOS="815" VPOS="3011" WIDTH="32" HEIGHT="75" STYLEREFS="font0"/><SP WIDTH="22" VPOS="3011" HPOS="847"/><String ID="p385_w606" CONTENT="the" HPOS="869" VPOS="3011" WIDTH="55" HEIGHT="75" STYLEREFS="font0"/><SP WIDTH="20" VPOS="3011" HPOS="924"/><String ID="p385_w607" CONTENT="deep." HPOS="944" VPOS="3011" WIDTH="84" HEIGHT="75" STYLEREFS="font0"/><SP WIDTH="65" VPOS="3011" HPOS="1028"/><String ID="p385_w608" CONTENT="Some" HPOS="1093" VPOS="3011" WIDTH="98" HEIGHT="75" STYLEREFS="font0"/></TextLine><TextLine WIDTH="359" HEIGHT="75" ID="p385_t65" HPOS="212" VPOS="3059"><String ID="p385_w609" CONTENT="Vol." HPOS="212" VPOS="3059" WIDTH="100" HEIGHT="75" STYLEREFS="font0"/><SP WIDTH="25" VPOS="3059" HPOS="312"/><String ID="p385_w610" CONTENT="I." HPOS="337" VPOS="3059" WIDTH="31" HEIGHT="75" STYLEREFS="font0"/><SP WIDTH="48" VPOS="3059" HPOS="368"/><String ID="p385_w611" CONTENT="No." HPOS="416" VPOS="3059" WIDTH="72" HEIGHT="75" STYLEREFS="font0"/><SP WIDTH="30" VPOS="3059" HPOS="488"/><String ID="p385_w612" CONTENT="14." HPOS="518" VPOS="3059" WIDTH="53" HEIGHT="75" STYLEREFS="font0"/></TextLine><TextLine WIDTH="18" HEIGHT="75" ID="p385_t66" HPOS="1123" VPOS="3059"><String ID="p385_w613" CONTENT="3" HPOS="1123" VPOS="3059" WIDTH="18" HEIGHT="75" STYLEREFS="font0"/></TextLine><TextLine WIDTH="1011" HEIGHT="75" ID="p385_t67" HPOS="1245" VPOS="221"><String ID="p385_w614" CONTENT="ftand" HPOS="1245" VPOS="221" WIDTH="88" HEIGHT="75" STYLEREFS="font0"/><SP WIDTH="17" VPOS="221" HPOS="1333"/><String ID="p385_w615" CONTENT="as" HPOS="1350" VPOS="221" WIDTH="33" HEIGHT="75" STYLEREFS="font0"/><SP WIDTH="17" VPOS="221" HPOS="1383"/><String ID="p385_w616" CONTENT="centinels" HPOS="1400" VPOS="221" WIDTH="152" HEIGHT="75" STYLEREFS="font0"/><SP WIDTH="18" VPOS="221" HPOS="1552"/><String ID="p385_w617" CONTENT="at" HPOS="1570" VPOS="221" WIDTH="32" HEIGHT="75" STYLEREFS="font0"/><SP WIDTH="12" VPOS="221" HPOS="1602"/><String ID="p385_w618" CONTENT="the" HPOS="1614" VPOS="221" WIDTH="54" HEIGHT="75" STYLEREFS="font0"/><SP WIDTH="13" VPOS="221" HPOS="1668"/><String ID="p385_w619" CONTENT="mouth" HPOS="1681" VPOS="221" WIDTH="113" HEIGHT="75" STYLEREFS="font0"/><SP WIDTH="15" VPOS="221" HPOS="1794"/><String ID="p385_w620" CONTENT="of" HPOS="1809" VPOS="221" WIDTH="42" HEIGHT="75" STYLEREFS="font0"/><SP WIDTH="10" VPOS="221" HPOS="1851"/><String ID="p385_w621" CONTENT="the" HPOS="1861" VPOS="221" WIDTH="55" HEIGHT="75" STYLEREFS="font0"/><SP WIDTH="14" VPOS="221" HPOS="1916"/><String ID="p385_w622" CONTENT="hive," HPOS="1930" VPOS="221" WIDTH="86" HEIGHT="75" STYLEREFS="font0"/><SP WIDTH="20" VPOS="221" HPOS="2016"/><String ID="p385_w623" CONTENT="to" HPOS="2036" VPOS="221" WIDTH="34" HEIGHT="75" STYLEREFS="font0"/><SP WIDTH="11" VPOS="221" HPOS="2070"/><String ID="p385_w624" CONTENT="prevent" HPOS="2081" VPOS="221" WIDTH="131" HEIGHT="75" STYLEREFS="font0"/><SP WIDTH="12" VPOS="221" HPOS="2212"/><String ID="p385_w625" CONTENT="in" HPOS="2224" VPOS="221" WIDTH="32" HEIGHT="75" STYLEREFS="font0"/></TextLine><TextLine WIDTH="1027" HEIGHT="75" ID="p385_t68" HPOS="1245" VPOS="266"><String ID="p385_w626" CONTENT="feCts" HPOS="1245" VPOS="266" WIDTH="76" HEIGHT="75" STYLEREFS="font0"/><SP WIDTH="12" VPOS="266" HPOS="1321"/><String ID="p385_w627" CONTENT="of" HPOS="1333" VPOS="266" WIDTH="41" HEIGHT="75" STYLEREFS="font0"/><SP WIDTH="14" VPOS="266" HPOS="1374"/><String ID="p385_w628" CONTENT="any" HPOS="1388" VPOS="266" WIDTH="62" HEIGHT="75" STYLEREFS="font0"/><SP WIDTH="10" VPOS="266" HPOS="1450"/><String ID="p385_w629" CONTENT="kind" HPOS="1460" VPOS="266" WIDTH="78" HEIGHT="75" STYLEREFS="font0"/><SP WIDTH="12" VPOS="266" HPOS="1538"/><String ID="p385_w630" CONTENT="from" HPOS="1550" VPOS="266" WIDTH="85" HEIGHT="75" STYLEREFS="font0"/><SP WIDTH="15" VPOS="266" HPOS="1635"/><String ID="p385_w631" CONTENT="getting" HPOS="1650" VPOS="266" WIDTH="125" HEIGHT="75" STYLEREFS="font0"/><SP WIDTH="15" VPOS="266" HPOS="1775"/><String ID="p385_w632" CONTENT="it." HPOS="1790" VPOS="266" WIDTH="39" HEIGHT="75" STYLEREFS="font0"/><SP WIDTH="41" VPOS="266" HPOS="1829"/><String ID="p385_w633" CONTENT="But" HPOS="1870" VPOS="266" WIDTH="65" HEIGHT="75" STYLEREFS="font0"/><SP WIDTH="17" VPOS="266" HPOS="1935"/><String ID="p385_w634" CONTENT="if" HPOS="1952" VPOS="266" WIDTH="31" HEIGHT="75" STYLEREFS="font0"/><SP WIDTH="10" VPOS="266" HPOS="1983"/><String ID="p385_w635" CONTENT="a" HPOS="1993" VPOS="266" WIDTH="19" HEIGHT="75" STYLEREFS="font0"/><SP WIDTH="11" VPOS="266" HPOS="2012"/><String ID="p385_w636" CONTENT="fnail," HPOS="2023" VPOS="266" WIDTH="89" HEIGHT="75" STYLEREFS="font0"/><SP WIDTH="18" VPOS="266" HPOS="2112"/><String ID="p385_w637" CONTENT="or" HPOS="2130" VPOS="266" WIDTH="37" HEIGHT="75" STYLEREFS="font0"/><SP WIDTH="11" VPOS="266" HPOS="2167"/><String ID="p385_w638" CONTENT="other" HPOS="2178" VPOS="266" WIDTH="94" HEIGHT="75" STYLEREFS="font0"/></TextLine><TextLine WIDTH="1025" HEIGHT="75" ID="p385_t69" HPOS="1244" VPOS="312"><String ID="p385_w639" CONTENT="large" HPOS="1244" VPOS="312" WIDTH="88" HEIGHT="75" STYLEREFS="font0"/><SP WIDTH="16" VPOS="312" HPOS="1332"/><String ID="p385_w640" CONTENT="infeCt," HPOS="1348" VPOS="312" WIDTH="107" HEIGHT="75" STYLEREFS="font0"/><SP WIDTH="21" VPOS="312" HPOS="1455"/><String ID="p385_w641" CONTENT="fltould" HPOS="1476" VPOS="312" WIDTH="111" HEIGHT="75" STYLEREFS="font0"/><SP WIDTH="16" VPOS="312" HPOS="1587"/><String ID="p385_w642" CONTENT="get" HPOS="1603" VPOS="312" WIDTH="54" HEIGHT="75" STYLEREFS="font0"/><SP WIDTH="20" VPOS="312" HPOS="1657"/><String ID="p385_w643" CONTENT="in," HPOS="1677" VPOS="312" WIDTH="45" HEIGHT="75" STYLEREFS="font0"/><SP WIDTH="17" VPOS="312" HPOS="1722"/><String ID="p385_w644" CONTENT="notwithflanding" HPOS="1739" VPOS="312" WIDTH="281" HEIGHT="75" STYLEREFS="font0"/><SP WIDTH="17" VPOS="312" HPOS="2020"/><String ID="p385_w645" CONTENT="all" HPOS="2037" VPOS="312" WIDTH="42" HEIGHT="75" STYLEREFS="font0"/><SP WIDTH="17" VPOS="312" HPOS="2079"/><String ID="p385_w646" CONTENT="reuftance," HPOS="2096" VPOS="312" WIDTH="173" HEIGHT="75" STYLEREFS="font0"/></TextLine><TextLine WIDTH="1033" HEIGHT="75" ID="p385_t70" HPOS="1244" VPOS="359"><String ID="p385_w647" CONTENT="they" HPOS="1244" VPOS="359" WIDTH="78" HEIGHT="75" STYLEREFS="font0"/><SP WIDTH="11" VPOS="359" HPOS="1322"/><String ID="p385_w648" CONTENT="fling" HPOS="1333" VPOS="359" WIDTH="79" HEIGHT="75" STYLEREFS="font0"/><SP WIDTH="11" VPOS="359" HPOS="1412"/><String ID="p385_w649" CONTENT="it" HPOS="1423" VPOS="359" WIDTH="26" HEIGHT="75" STYLEREFS="font0"/><SP WIDTH="11" VPOS="359" HPOS="1449"/><String ID="p385_w650" CONTENT="to" HPOS="1460" VPOS="359" WIDTH="36" HEIGHT="75" STYLEREFS="font0"/><SP WIDTH="11" VPOS="359" HPOS="1496"/><String ID="p385_w651" CONTENT="death," HPOS="1507" VPOS="359" WIDTH="110" HEIGHT="75" STYLEREFS="font0"/><SP WIDTH="19" VPOS="359" HPOS="1617"/><String ID="p385_w652" CONTENT="and" HPOS="1636" VPOS="359" WIDTH="63" HEIGHT="75" STYLEREFS="font0"/><SP WIDTH="12" VPOS="359" HPOS="1699"/><String ID="p385_w653" CONTENT="then" HPOS="1711" VPOS="359" WIDTH="75" HEIGHT="75" STYLEREFS="font0"/><SP WIDTH="12" VPOS="359" HPOS="1786"/><String ID="p385_w654" CONTENT="cover" HPOS="1798" VPOS="359" WIDTH="95" HEIGHT="75" STYLEREFS="font0"/><SP WIDTH="11" VPOS="359" HPOS="1893"/><String ID="p385_w655" CONTENT="itover" HPOS="1904" VPOS="359" WIDTH="114" HEIGHT="75" STYLEREFS="font0"/><SP WIDTH="13" VPOS="359" HPOS="2018"/><String ID="p385_w656" CONTENT="with" HPOS="2031" VPOS="359" WIDTH="79" HEIGHT="75" STYLEREFS="font0"/><SP WIDTH="12" VPOS="359" HPOS="2110"/><String ID="p385_w657" CONTENT="a" HPOS="2122" VPOS="359" WIDTH="18" HEIGHT="75" STYLEREFS="font0"/><SP WIDTH="10" VPOS="359" HPOS="2140"/><String ID="p385_w658" CONTENT="coat" HPOS="2150" VPOS="359" WIDTH="75" HEIGHT="75" STYLEREFS="font0"/><SP WIDTH="11" VPOS="359" HPOS="2225"/><String ID="p385_w659" CONTENT="of" HPOS="2236" VPOS="359" WIDTH="41" HEIGHT="75" STYLEREFS="font0"/></TextLine><TextLine WIDTH="1026" HEIGHT="75" ID="p385_t71" HPOS="1244" VPOS="406"><String ID="p385_w660" CONTENT="wax," HPOS="1244" VPOS="406" WIDTH="87" HEIGHT="75" STYLEREFS="font0"/><SP WIDTH="28" VPOS="406" HPOS="1331"/><String ID="p385_w661" CONTENT="to" HPOS="1359" VPOS="406" WIDTH="37" HEIGHT="75" STYLEREFS="font0"/><SP WIDTH="16" VPOS="406" HPOS="1396"/><String ID="p385_w662" CONTENT="prevent" HPOS="1412" VPOS="406" WIDTH="132" HEIGHT="75" STYLEREFS="font0"/><SP WIDTH="14" VPOS="406" HPOS="1544"/><String ID="p385_w663" CONTENT="the" HPOS="1558" VPOS="406" WIDTH="56" HEIGHT="75" STYLEREFS="font0"/><SP WIDTH="17" VPOS="406" HPOS="1614"/><String ID="p385_w664" CONTENT="bad" HPOS="1631" VPOS="406" WIDTH="63" HEIGHT="75" STYLEREFS="font0"/><SP WIDTH="16" VPOS="406" HPOS="1694"/><String ID="p385_w665" CONTENT="fmell" HPOS="1710" VPOS="406" WIDTH="88" HEIGHT="75" STYLEREFS="font0"/><SP WIDTH="25" VPOS="406" HPOS="1798"/><String ID="p385_w666" CONTENT="or" HPOS="1823" VPOS="406" WIDTH="38" HEIGHT="75" STYLEREFS="font0"/><SP WIDTH="15" VPOS="406" HPOS="1861"/><String ID="p385_w667" CONTENT="maggots" HPOS="1876" VPOS="406" WIDTH="148" HEIGHT="75" STYLEREFS="font0"/><SP WIDTH="23" VPOS="406" HPOS="2024"/><String ID="p385_w668" CONTENT="which" HPOS="2047" VPOS="406" WIDTH="107" HEIGHT="75" STYLEREFS="font0"/><SP WIDTH="12" VPOS="406" HPOS="2154"/><String ID="p385_w669" CONTENT="might" HPOS="2166" VPOS="406" WIDTH="104" HEIGHT="75" STYLEREFS="font0"/></TextLine><TextLine WIDTH="1026" HEIGHT="75" ID="p385_t72" HPOS="1242" VPOS="452"><String ID="p385_w670" CONTENT="proceed" HPOS="1242" VPOS="452" WIDTH="138" HEIGHT="75" STYLEREFS="font0"/><SP WIDTH="26" VPOS="452" HPOS="1380"/><String ID="p385_w671" CONTENT="from" HPOS="1406" VPOS="452" WIDTH="85" HEIGHT="75" STYLEREFS="font0"/><SP WIDTH="16" VPOS="452" HPOS="1491"/><String ID="p385_w672" CONTENT="the" HPOS="1507" VPOS="452" WIDTH="56" HEIGHT="75" STYLEREFS="font0"/><SP WIDTH="16" VPOS="452" HPOS="1563"/><String ID="p385_w673" CONTENT="putrefaction" HPOS="1579" VPOS="452" WIDTH="210" HEIGHT="75" STYLEREFS="font0"/><SP WIDTH="28" VPOS="452" HPOS="1789"/><String ID="p385_w674" CONTENT="of" HPOS="1817" VPOS="452" WIDTH="41" HEIGHT="75" STYLEREFS="font0"/><SP WIDTH="20" VPOS="452" HPOS="1858"/><String ID="p385_w675" CONTENT="fuch" HPOS="1878" VPOS="452" WIDTH="76" HEIGHT="75" STYLEREFS="font0"/><SP WIDTH="25" VPOS="452" HPOS="1954"/><String ID="p385_w676" CONTENT="a" HPOS="1979" VPOS="452" WIDTH="18" HEIGHT="75" STYLEREFS="font0"/><SP WIDTH="27" VPOS="452" HPOS="1997"/><String ID="p385_w677" CONTENT="large" HPOS="2024" VPOS="452" WIDTH="88" HEIGHT="75" STYLEREFS="font0"/><SP WIDTH="28" VPOS="452" HPOS="2112"/><String ID="p385_w678" CONTENT="animal." HPOS="2140" VPOS="452" WIDTH="128" HEIGHT="75" STYLEREFS="font0"/></TextLine><TextLine WIDTH="1028" HEIGHT="75" ID="p385_t73" HPOS="1243" VPOS="499"><String ID="p385_w679" CONTENT="Bees" HPOS="1243" VPOS="499" WIDTH="83" HEIGHT="75" STYLEREFS="font0"/><SP WIDTH="33" VPOS="499" HPOS="1326"/><String ID="p385_w680" CONTENT="are" HPOS="1359" VPOS="499" WIDTH="53" HEIGHT="75" STYLEREFS="font0"/><SP WIDTH="32" VPOS="499" HPOS="1412"/><String ID="p385_w681" CONTENT="feldom" HPOS="1444" VPOS="499" WIDTH="120" HEIGHT="75" STYLEREFS="font0"/><SP WIDTH="24" VPOS="499" HPOS="1564"/><String ID="p385_w682" CONTENT="overtaken" HPOS="1588" VPOS="499" WIDTH="174" HEIGHT="75" STYLEREFS="font0"/><SP WIDTH="29" VPOS="499" HPOS="1762"/><String ID="p385_w683" CONTENT="with" HPOS="1791" VPOS="499" WIDTH="78" HEIGHT="75" STYLEREFS="font0"/><SP WIDTH="27" VPOS="499" HPOS="1869"/><String ID="p385_w684" CONTENT="bad" HPOS="1896" VPOS="499" WIDTH="65" HEIGHT="75" STYLEREFS="font0"/><SP WIDTH="27" VPOS="499" HPOS="1961"/><String ID="p385_w685" CONTENT="weather;" HPOS="1988" VPOS="499" WIDTH="165" HEIGHT="75" STYLEREFS="font0"/><SP WIDTH="40" VPOS="499" HPOS="2153"/><String ID="p385_w686" CONTENT="they" HPOS="2193" VPOS="499" WIDTH="78" HEIGHT="75" STYLEREFS="font0"/></TextLine><TextLine WIDTH="1028" HEIGHT="75" ID="p385_t74" HPOS="1242" VPOS="545"><String ID="p385_w687" CONTENT="feem" HPOS="1242" VPOS="545" WIDTH="82" HEIGHT="75" STYLEREFS="font0"/><SP WIDTH="17" VPOS="545" HPOS="1324"/><String ID="p385_w688" CONTENT="to" HPOS="1341" VPOS="545" WIDTH="35" HEIGHT="75" STYLEREFS="font0"/><SP WIDTH="17" VPOS="545" HPOS="1376"/><String ID="p385_w689" CONTENT="be" HPOS="1393" VPOS="545" WIDTH="40" HEIGHT="75" STYLEREFS="font0"/><SP WIDTH="15" VPOS="545" HPOS="1433"/><String ID="p385_w690" CONTENT="warned" HPOS="1448" VPOS="545" WIDTH="128" HEIGHT="75" STYLEREFS="font0"/><SP WIDTH="16" VPOS="545" HPOS="1576"/><String ID="p385_w691" CONTENT="of" HPOS="1592" VPOS="545" WIDTH="41" HEIGHT="75" STYLEREFS="font0"/><SP WIDTH="16" VPOS="545" HPOS="1633"/><String ID="p385_w692" CONTENT="its" HPOS="1649" VPOS="545" WIDTH="43" HEIGHT="75" STYLEREFS="font0"/><SP WIDTH="28" VPOS="545" HPOS="1692"/><String ID="p385_w693" CONTENT="appearance" HPOS="1720" VPOS="545" WIDTH="193" HEIGHT="75" STYLEREFS="font0"/><SP WIDTH="16" VPOS="545" HPOS="1913"/><String ID="p385_w694" CONTENT="by" HPOS="1929" VPOS="545" WIDTH="44" HEIGHT="75" STYLEREFS="font0"/><SP WIDTH="16" VPOS="545" HPOS="1973"/><String ID="p385_w695" CONTENT="fome" HPOS="1989" VPOS="545" WIDTH="85" HEIGHT="75" STYLEREFS="font0"/><SP WIDTH="22" VPOS="545" HPOS="2074"/><String ID="p385_w696" CONTENT="particular" HPOS="2096" VPOS="545" WIDTH="174" HEIGHT="75" STYLEREFS="font0"/></TextLine><TextLine WIDTH="1029" HEIGHT="75" ID="p385_t75" HPOS="1242" VPOS="591"><String ID="p385_w697" CONTENT="feeling." HPOS="1242" VPOS="591" WIDTH="129" HEIGHT="75" STYLEREFS="font0"/><SP WIDTH="49" VPOS="591" HPOS="1371"/><String ID="p385_w698" CONTENT="Cold" HPOS="1420" VPOS="591" WIDTH="88" HEIGHT="75" STYLEREFS="font0"/><SP WIDTH="15" VPOS="591" HPOS="1508"/><String ID="p385_w699" CONTENT="is" HPOS="1523" VPOS="591" WIDTH="25" HEIGHT="75" STYLEREFS="font0"/><SP WIDTH="18" VPOS="591" HPOS="1548"/><String ID="p385_w700" CONTENT="a" HPOS="1566" VPOS="591" WIDTH="17" HEIGHT="75" STYLEREFS="font0"/><SP WIDTH="16" VPOS="591" HPOS="1583"/><String ID="p385_w701" CONTENT="great" HPOS="1599" VPOS="591" WIDTH="90" HEIGHT="75" STYLEREFS="font0"/><SP WIDTH="28" VPOS="591" HPOS="1689"/><String ID="p385_w702" CONTENT="enemy" HPOS="1717" VPOS="591" WIDTH="113" HEIGHT="75" STYLEREFS="font0"/><SP WIDTH="27" VPOS="591" HPOS="1830"/><String ID="p385_w703" CONTENT="to" HPOS="1857" VPOS="591" WIDTH="36" HEIGHT="75" STYLEREFS="font0"/><SP WIDTH="26" VPOS="591" HPOS="1893"/><String ID="p385_w704" CONTENT="them." HPOS="1919" VPOS="591" WIDTH="101" HEIGHT="75" STYLEREFS="font0"/><SP WIDTH="48" VPOS="591" HPOS="2020"/><String ID="p385_w705" CONTENT="To" HPOS="2068" VPOS="591" WIDTH="58" HEIGHT="75" STYLEREFS="font0"/><SP WIDTH="27" VPOS="591" HPOS="2126"/><String ID="p385_w706" CONTENT="defend" HPOS="2153" VPOS="591" WIDTH="118" HEIGHT="75" STYLEREFS="font0"/></TextLine><TextLine WIDTH="1029" HEIGHT="75" ID="p385_t76" HPOS="1242" VPOS="639"><String ID="p385_w707" CONTENT="themfelves" HPOS="1242" VPOS="639" WIDTH="187" HEIGHT="75" STYLEREFS="font0"/><SP WIDTH="24" VPOS="639" HPOS="1429"/><String ID="p385_w708" CONTENT="againft" HPOS="1453" VPOS="639" WIDTH="117" HEIGHT="75" STYLEREFS="font0"/><SP WIDTH="17" VPOS="639" HPOS="1570"/><String ID="p385_w709" CONTENT="its" HPOS="1587" VPOS="639" WIDTH="41" HEIGHT="75" STYLEREFS="font0"/><SP WIDTH="25" VPOS="639" HPOS="1628"/><String ID="p385_w710" CONTENT="efFeCts" HPOS="1653" VPOS="639" WIDTH="109" HEIGHT="75" STYLEREFS="font0"/><SP WIDTH="16" VPOS="639" HPOS="1762"/><String ID="p385_w711" CONTENT="during" HPOS="1778" VPOS="639" WIDTH="116" HEIGHT="75" STYLEREFS="font0"/><SP WIDTH="16" VPOS="639" HPOS="1894"/><String ID="p385_w712" CONTENT="a" HPOS="1910" VPOS="639" WIDTH="19" HEIGHT="75" STYLEREFS="font0"/><SP WIDTH="15" VPOS="639" HPOS="1929"/><String ID="p385_w713" CONTENT="cold" HPOS="1944" VPOS="639" WIDTH="75" HEIGHT="75" STYLEREFS="font0"/><SP WIDTH="14" VPOS="639" HPOS="2019"/><String ID="p385_w714" CONTENT="winter," HPOS="2033" VPOS="639" WIDTH="126" HEIGHT="75" STYLEREFS="font0"/><SP WIDTH="34" VPOS="639" HPOS="2159"/><String ID="p385_w715" CONTENT="they" HPOS="2193" VPOS="639" WIDTH="78" HEIGHT="75" STYLEREFS="font0"/></TextLine><TextLine WIDTH="1028" HEIGHT="75" ID="p385_t77" HPOS="1242" VPOS="685"><String ID="p385_w716" CONTENT="croud" HPOS="1242" VPOS="685" WIDTH="100" HEIGHT="75" STYLEREFS="font0"/><SP WIDTH="14" VPOS="685" HPOS="1342"/><String ID="p385_w717" CONTENT="together" HPOS="1356" VPOS="685" WIDTH="149" HEIGHT="75" STYLEREFS="font0"/><SP WIDTH="16" VPOS="685" HPOS="1505"/><String ID="p385_w718" CONTENT="in" HPOS="1521" VPOS="685" WIDTH="32" HEIGHT="75" STYLEREFS="font0"/><SP WIDTH="16" VPOS="685" HPOS="1553"/><String ID="p385_w719" CONTENT="the" HPOS="1569" VPOS="685" WIDTH="55" HEIGHT="75" STYLEREFS="font0"/><SP WIDTH="17" VPOS="685" HPOS="1624"/><String ID="p385_w720" CONTENT="middle" HPOS="1641" VPOS="685" WIDTH="120" HEIGHT="75" STYLEREFS="font0"/><SP WIDTH="16" VPOS="685" HPOS="1761"/><String ID="p385_w721" CONTENT="of" HPOS="1777" VPOS="685" WIDTH="40" HEIGHT="75" STYLEREFS="font0"/><SP WIDTH="22" VPOS="685" HPOS="1817"/><String ID="p385_w722" CONTENT="the" HPOS="1839" VPOS="685" WIDTH="55" HEIGHT="75" STYLEREFS="font0"/><SP WIDTH="27" VPOS="685" HPOS="1894"/><String ID="p385_w723" CONTENT="hive," HPOS="1921" VPOS="685" WIDTH="86" HEIGHT="75" STYLEREFS="font0"/><SP WIDTH="24" VPOS="685" HPOS="2007"/><String ID="p385_w724" CONTENT="and" HPOS="2031" VPOS="685" WIDTH="64" HEIGHT="75" STYLEREFS="font0"/><SP WIDTH="25" VPOS="685" HPOS="2095"/><String ID="p385_w725" CONTENT="buzz" HPOS="2120" VPOS="685" WIDTH="88" HEIGHT="75" STYLEREFS="font0"/><SP WIDTH="27" VPOS="685" HPOS="2208"/><String ID="p385_w726" CONTENT="a-" HPOS="2235" VPOS="685" WIDTH="35" HEIGHT="75" STYLEREFS="font0"/></TextLine><TextLine WIDTH="1027" HEIGHT="75" ID="p385_t78" HPOS="1241" VPOS="731"><String ID="p385_w727" CONTENT="bout," HPOS="1241" VPOS="731" WIDTH="90" HEIGHT="75" STYLEREFS="font0"/><SP WIDTH="25" VPOS="731" HPOS="1331"/><String ID="p385_w728" CONTENT="and" HPOS="1356" VPOS="731" WIDTH="64" HEIGHT="75" STYLEREFS="font0"/><SP WIDTH="22" VPOS="731" HPOS="1420"/><String ID="p385_w729" CONTENT="thereby" HPOS="1442" VPOS="731" WIDTH="137" HEIGHT="75" STYLEREFS="font0"/><SP WIDTH="23" VPOS="731" HPOS="1579"/><String ID="p385_w730" CONTENT="excite" HPOS="1602" VPOS="731" WIDTH="107" HEIGHT="75" STYLEREFS="font0"/><SP WIDTH="17" VPOS="731" HPOS="1709"/><String ID="p385_w731" CONTENT="a" HPOS="1726" VPOS="731" WIDTH="19" HEIGHT="75" STYLEREFS="font0"/><SP WIDTH="15" VPOS="731" HPOS="1745"/><String ID="p385_w732" CONTENT="warmth" HPOS="1760" VPOS="731" WIDTH="137" HEIGHT="75" STYLEREFS="font0"/><SP WIDTH="28" VPOS="731" HPOS="1897"/><String ID="p385_w733" CONTENT="which" HPOS="1925" VPOS="731" WIDTH="106" HEIGHT="75" STYLEREFS="font0"/><SP WIDTH="17" VPOS="731" HPOS="2031"/><String ID="p385_w734" CONTENT="is" HPOS="2048" VPOS="731" WIDTH="26" HEIGHT="75" STYLEREFS="font0"/><SP WIDTH="17" VPOS="731" HPOS="2074"/><String ID="p385_w735" CONTENT="often" HPOS="2091" VPOS="731" WIDTH="90" HEIGHT="75" STYLEREFS="font0"/><SP WIDTH="16" VPOS="731" HPOS="2181"/><String ID="p385_w736" CONTENT="per-" HPOS="2197" VPOS="731" WIDTH="71" HEIGHT="75" STYLEREFS="font0"/></TextLine><TextLine WIDTH="1037" HEIGHT="75" ID="p385_t79" HPOS="1240" VPOS="778"><String ID="p385_w737" CONTENT="ceptible" HPOS="1240" VPOS="778" WIDTH="138" HEIGHT="75" STYLEREFS="font0"/><SP WIDTH="16" VPOS="778" HPOS="1378"/><String ID="p385_w738" CONTENT="by" HPOS="1394" VPOS="778" WIDTH="44" HEIGHT="75" STYLEREFS="font0"/><SP WIDTH="14" VPOS="778" HPOS="1438"/><String ID="p385_w739" CONTENT="laying" HPOS="1452" VPOS="778" WIDTH="109" HEIGHT="75" STYLEREFS="font0"/><SP WIDTH="16" VPOS="778" HPOS="1561"/><String ID="p385_w740" CONTENT="thtf" HPOS="1577" VPOS="778" WIDTH="63" HEIGHT="75" STYLEREFS="font0"/><SP WIDTH="19" VPOS="778" HPOS="1640"/><String ID="p385_w741" CONTENT="hand" HPOS="1659" VPOS="778" WIDTH="85" HEIGHT="75" STYLEREFS="font0"/><SP WIDTH="24" VPOS="778" HPOS="1744"/><String ID="p385_w742" CONTENT="upon" HPOS="1768" VPOS="778" WIDTH="86" HEIGHT="75" STYLEREFS="font0"/><SP WIDTH="26" VPOS="778" HPOS="1854"/><String ID="p385_w743" CONTENT="the" HPOS="1880" VPOS="778" WIDTH="57" HEIGHT="75" STYLEREFS="font0"/><SP WIDTH="23" VPOS="778" HPOS="1937"/><String ID="p385_w744" CONTENT="glafs-windows" HPOS="1960" VPOS="778" WIDTH="252" HEIGHT="75" STYLEREFS="font0"/><SP WIDTH="23" VPOS="778" HPOS="2212"/><String ID="p385_w745" CONTENT="of" HPOS="2235" VPOS="778" WIDTH="42" HEIGHT="75" STYLEREFS="font0"/></TextLine><TextLine WIDTH="1031" HEIGHT="75" ID="p385_t80" HPOS="1240" VPOS="825"><String ID="p385_w746" CONTENT="the" HPOS="1240" VPOS="825" WIDTH="54" HEIGHT="75" STYLEREFS="font0"/><SP WIDTH="17" VPOS="825" HPOS="1294"/><String ID="p385_w747" CONTENT="hive." HPOS="1311" VPOS="825" WIDTH="86" HEIGHT="75" STYLEREFS="font0"/><SP WIDTH="48" VPOS="825" HPOS="1397"/><String ID="p385_w748" CONTENT="They" HPOS="1445" VPOS="825" WIDTH="100" HEIGHT="75" STYLEREFS="font0"/><SP WIDTH="14" VPOS="825" HPOS="1545"/><String ID="p385_w749" CONTENT="feem" HPOS="1559" VPOS="825" WIDTH="82" HEIGHT="75" STYLEREFS="font0"/><SP WIDTH="18" VPOS="825" HPOS="1641"/><String ID="p385_w750" CONTENT="to" HPOS="1659" VPOS="825" WIDTH="35" HEIGHT="75" STYLEREFS="font0"/><SP WIDTH="21" VPOS="825" HPOS="1694"/><String ID="p385_w751" CONTENT="underfland" HPOS="1715" VPOS="825" WIDTH="190" HEIGHT="75" STYLEREFS="font0"/><SP WIDTH="15" VPOS="825" HPOS="1905"/><String ID="p385_w752" CONTENT="one" HPOS="1920" VPOS="825" WIDTH="60" HEIGHT="75" STYLEREFS="font0"/><SP WIDTH="17" VPOS="825" HPOS="1980"/><String ID="p385_w753" CONTENT="another" HPOS="1997" VPOS="825" WIDTH="135" HEIGHT="75" STYLEREFS="font0"/><SP WIDTH="22" VPOS="825" HPOS="2132"/><String ID="p385_w754" CONTENT="by" HPOS="2154" VPOS="825" WIDTH="44" HEIGHT="75" STYLEREFS="font0"/><SP WIDTH="16" VPOS="825" HPOS="2198"/><String ID="p385_w755" CONTENT="the" HPOS="2214" VPOS="825" WIDTH="57" HEIGHT="75" STYLEREFS="font0"/></TextLine><TextLine WIDTH="1030" HEIGHT="75" ID="p385_t81" HPOS="1241" VPOS="872"><String ID="p385_w756" CONTENT="motions" HPOS="1241" VPOS="872" WIDTH="137" HEIGHT="75" STYLEREFS="font0"/><SP WIDTH="17" VPOS="872" HPOS="1378"/><String ID="p385_w757" CONTENT="of" HPOS="1395" VPOS="872" WIDTH="40" HEIGHT="75" STYLEREFS="font0"/><SP WIDTH="14" VPOS="872" HPOS="1435"/><String ID="p385_w758" CONTENT="their" HPOS="1449" VPOS="872" WIDTH="84" HEIGHT="75" STYLEREFS="font0"/><SP WIDTH="15" VPOS="872" HPOS="1533"/><String ID="p385_w759" CONTENT="wings." HPOS="1548" VPOS="872" WIDTH="114" HEIGHT="75" STYLEREFS="font0"/><SP WIDTH="47" VPOS="872" HPOS="1662"/><String ID="p385_w760" CONTENT="When" HPOS="1709" VPOS="872" WIDTH="112" HEIGHT="75" STYLEREFS="font0"/><SP WIDTH="16" VPOS="872" HPOS="1821"/><String ID="p385_w761" CONTENT="the" HPOS="1837" VPOS="872" WIDTH="55" HEIGHT="75" STYLEREFS="font0"/><SP WIDTH="18" VPOS="872" HPOS="1892"/><String ID="p385_w762" CONTENT="queen" HPOS="1910" VPOS="872" WIDTH="102" HEIGHT="75" STYLEREFS="font0"/><SP WIDTH="16" VPOS="872" HPOS="2012"/><String ID="p385_w763" CONTENT="wants" HPOS="2028" VPOS="872" WIDTH="102" HEIGHT="75" STYLEREFS="font0"/><SP WIDTH="16" VPOS="872" HPOS="2130"/><String ID="p385_w764" CONTENT="to" HPOS="2146" VPOS="872" WIDTH="36" HEIGHT="75" STYLEREFS="font0"/><SP WIDTH="16" VPOS="872" HPOS="2182"/><String ID="p385_w765" CONTENT="quit" HPOS="2198" VPOS="872" WIDTH="73" HEIGHT="75" STYLEREFS="font0"/></TextLine><TextLine WIDTH="1031" HEIGHT="75" ID="p385_t82" HPOS="1240" VPOS="918"><String ID="p385_w766" CONTENT="the" HPOS="1240" VPOS="918" WIDTH="55" HEIGHT="75" STYLEREFS="font0"/><SP WIDTH="28" VPOS="918" HPOS="1295"/><String ID="p385_w767" CONTENT="hive," HPOS="1323" VPOS="918" WIDTH="85" HEIGHT="75" STYLEREFS="font0"/><SP WIDTH="24" VPOS="918" HPOS="1408"/><String ID="p385_w768" CONTENT="{he" HPOS="1432" VPOS="918" WIDTH="51" HEIGHT="75" STYLEREFS="font0"/><SP WIDTH="17" VPOS="918" HPOS="1483"/><String ID="p385_w769" CONTENT="gives" HPOS="1500" VPOS="918" WIDTH="88" HEIGHT="75" STYLEREFS="font0"/><SP WIDTH="25" VPOS="918" HPOS="1588"/><String ID="p385_w770" CONTENT="a" HPOS="1613" VPOS="918" WIDTH="18" HEIGHT="75" STYLEREFS="font0"/><SP WIDTH="22" VPOS="918" HPOS="1631"/><String ID="p385_w771" CONTENT="little" HPOS="1653" VPOS="918" WIDTH="84" HEIGHT="75" STYLEREFS="font0"/><SP WIDTH="16" VPOS="918" HPOS="1737"/><String ID="p385_w772" CONTENT="buzz," HPOS="1753" VPOS="918" WIDTH="101" HEIGHT="75" STYLEREFS="font0"/><SP WIDTH="23" VPOS="918" HPOS="1854"/><String ID="p385_w773" CONTENT="and" HPOS="1877" VPOS="918" WIDTH="63" HEIGHT="75" STYLEREFS="font0"/><SP WIDTH="16" VPOS="918" HPOS="1940"/><String ID="p385_w774" CONTENT="all" HPOS="1956" VPOS="918" WIDTH="42" HEIGHT="75" STYLEREFS="font0"/><SP WIDTH="17" VPOS="918" HPOS="1998"/><String ID="p385_w775" CONTENT="the" HPOS="2015" VPOS="918" WIDTH="54" HEIGHT="75" STYLEREFS="font0"/><SP WIDTH="16" VPOS="918" HPOS="2069"/><String ID="p385_w776" CONTENT="others" HPOS="2085" VPOS="918" WIDTH="110" HEIGHT="75" STYLEREFS="font0"/><SP WIDTH="16" VPOS="918" HPOS="2195"/><String ID="p385_w777" CONTENT="im-" HPOS="2211" VPOS="918" WIDTH="60" HEIGHT="75" STYLEREFS="font0"/></TextLine><TextLine WIDTH="1029" HEIGHT="75" ID="p385_t83" HPOS="1240" VPOS="965"><String ID="p385_w778" CONTENT="mediately" HPOS="1240" VPOS="965" WIDTH="172" HEIGHT="75" STYLEREFS="font0"/><SP WIDTH="15" VPOS="965" HPOS="1412"/><String ID="p385_w779" CONTENT="follow" HPOS="1427" VPOS="965" WIDTH="113" HEIGHT="75" STYLEREFS="font0"/><SP WIDTH="13" VPOS="965" HPOS="1540"/><String ID="p385_w780" CONTENT="her" HPOS="1553" VPOS="965" WIDTH="60" HEIGHT="75" STYLEREFS="font0"/><SP WIDTH="15" VPOS="965" HPOS="1613"/><String ID="p385_w781" CONTENT="example," HPOS="1628" VPOS="965" WIDTH="159" HEIGHT="75" STYLEREFS="font0"/><SP WIDTH="16" VPOS="965" HPOS="1787"/><String ID="p385_w782" CONTENT="and" HPOS="1803" VPOS="965" WIDTH="64" HEIGHT="75" STYLEREFS="font0"/><SP WIDTH="16" VPOS="965" HPOS="1867"/><String ID="p385_w783" CONTENT="retire" HPOS="1883" VPOS="965" WIDTH="96" HEIGHT="75" STYLEREFS="font0"/><SP WIDTH="17" VPOS="965" HPOS="1979"/><String ID="p385_w784" CONTENT="along" HPOS="1996" VPOS="965" WIDTH="95" HEIGHT="75" STYLEREFS="font0"/><SP WIDTH="7" VPOS="965" HPOS="2091"/><String ID="p385_w785" CONTENT="with" HPOS="2098" VPOS="965" WIDTH="83" HEIGHT="75" STYLEREFS="font0"/><SP WIDTH="16" VPOS="965" HPOS="2181"/><String ID="p385_w786" CONTENT="her." HPOS="2197" VPOS="965" WIDTH="72" HEIGHT="75" STYLEREFS="font0"/></TextLine><TextLine WIDTH="1038" HEIGHT="75" ID="p385_t84" HPOS="1239" VPOS="1011"><String ID="p385_w787" CONTENT="They" HPOS="1239" VPOS="1011" WIDTH="99" HEIGHT="75" STYLEREFS="font0"/><SP WIDTH="15" VPOS="1011" HPOS="1338"/><String ID="p385_w788" CONTENT="expell" HPOS="1353" VPOS="1011" WIDTH="108" HEIGHT="75" STYLEREFS="font0"/><SP WIDTH="27" VPOS="1011" HPOS="1461"/><String ID="p385_w789" CONTENT="the" HPOS="1488" VPOS="1011" WIDTH="55" HEIGHT="75" STYLEREFS="font0"/><SP WIDTH="27" VPOS="1011" HPOS="1543"/><String ID="p385_w790" CONTENT="drones" HPOS="1570" VPOS="1011" WIDTH="116" HEIGHT="75" STYLEREFS="font0"/><SP WIDTH="16" VPOS="1011" HPOS="1686"/><String ID="p385_w791" CONTENT="before" HPOS="1702" VPOS="1011" WIDTH="110" HEIGHT="75" STYLEREFS="font0"/><SP WIDTH="24" VPOS="1011" HPOS="1812"/><String ID="p385_w792" CONTENT="the" HPOS="1836" VPOS="1011" WIDTH="57" HEIGHT="75" STYLEREFS="font0"/><SP WIDTH="25" VPOS="1011" HPOS="1893"/><String ID="p385_w793" CONTENT="wintef." HPOS="1918" VPOS="1011" WIDTH="127" HEIGHT="75" STYLEREFS="font0"/><SP WIDTH="24" VPOS="1011" HPOS="2045"/><String ID="p385_w794" CONTENT="To" HPOS="2069" VPOS="1011" WIDTH="35" HEIGHT="75" STYLEREFS="font0"/><SP WIDTH="21" VPOS="1011" HPOS="2104"/><String ID="p385_w795" CONTENT="that," HPOS="2125" VPOS="1011" WIDTH="86" HEIGHT="75" STYLEREFS="font0"/><SP WIDTH="24" VPOS="1011" HPOS="2211"/><String ID="p385_w796" CONTENT="of" HPOS="2235" VPOS="1011" WIDTH="42" HEIGHT="75" STYLEREFS="font0"/></TextLine><TextLine WIDTH="1031" HEIGHT="75" ID="p385_t85" HPOS="1240" VPOS="1058"><String ID="p385_w797" CONTENT="feveral" HPOS="1240" VPOS="1058" WIDTH="118" HEIGHT="75" STYLEREFS="font0"/><SP WIDTH="15" VPOS="1058" HPOS="1358"/><String ID="p385_w798" CONTENT="hundreds" HPOS="1373" VPOS="1058" WIDTH="163" HEIGHT="75" STYLEREFS="font0"/><SP WIDTH="17" VPOS="1058" HPOS="1536"/><String ID="p385_w799" CONTENT="in" HPOS="1553" VPOS="1058" WIDTH="32" HEIGHT="75" STYLEREFS="font0"/><SP WIDTH="16" VPOS="1058" HPOS="1585"/><String ID="p385_w800" CONTENT="a" HPOS="1601" VPOS="1058" WIDTH="19" HEIGHT="75" STYLEREFS="font0"/><SP WIDTH="15" VPOS="1058" HPOS="1620"/><String ID="p385_w801" CONTENT="hive," HPOS="1635" VPOS="1058" WIDTH="87" HEIGHT="75" STYLEREFS="font0"/><SP WIDTH="24" VPOS="1058" HPOS="1722"/><String ID="p385_w802" CONTENT="not" HPOS="1746" VPOS="1058" WIDTH="57" HEIGHT="75" STYLEREFS="font0"/><SP WIDTH="16" VPOS="1058" HPOS="1803"/><String ID="p385_w803" CONTENT="one" HPOS="1819" VPOS="1058" WIDTH="61" HEIGHT="75" STYLEREFS="font0"/><SP WIDTH="23" VPOS="1058" HPOS="1880"/><String ID="p385_w804" CONTENT="can" HPOS="1903" VPOS="1058" WIDTH="57" HEIGHT="75" STYLEREFS="font0"/><SP WIDTH="17" VPOS="1058" HPOS="1960"/><String ID="p385_w805" CONTENT="be" HPOS="1977" VPOS="1058" WIDTH="40" HEIGHT="75" STYLEREFS="font0"/><SP WIDTH="16" VPOS="1058" HPOS="2017"/><String ID="p385_w806" CONTENT="feen" HPOS="2033" VPOS="1058" WIDTH="73" HEIGHT="75" STYLEREFS="font0"/><SP WIDTH="12" VPOS="1058" HPOS="2106"/><String ID="p385_w807" CONTENT="after" HPOS="2118" VPOS="1058" WIDTH="85" HEIGHT="75" STYLEREFS="font0"/><SP WIDTH="11" VPOS="1058" HPOS="2203"/><String ID="p385_w808" CONTENT="the" HPOS="2214" VPOS="1058" WIDTH="57" HEIGHT="75" STYLEREFS="font0"/></TextLine><TextLine WIDTH="1032" HEIGHT="75" ID="p385_t86" HPOS="1239" VPOS="1105"><String ID="p385_w809" CONTENT="month" HPOS="1239" VPOS="1105" WIDTH="111" HEIGHT="75" STYLEREFS="font0"/><SP WIDTH="16" VPOS="1105" HPOS="1350"/><String ID="p385_w810" CONTENT="of" HPOS="1366" VPOS="1105" WIDTH="41" HEIGHT="75" STYLEREFS="font0"/><SP WIDTH="18" VPOS="1105" HPOS="1407"/><String ID="p385_w811" CONTENT="October." HPOS="1425" VPOS="1105" WIDTH="156" HEIGHT="75" STYLEREFS="font0"/><SP WIDTH="48" VPOS="1105" HPOS="1581"/><String ID="p385_w812" CONTENT="This" HPOS="1629" VPOS="1105" WIDTH="86" HEIGHT="75" STYLEREFS="font0"/><SP WIDTH="27" VPOS="1105" HPOS="1715"/><String ID="p385_w813" CONTENT="expulfion" HPOS="1742" VPOS="1105" WIDTH="164" HEIGHT="75" STYLEREFS="font0"/><SP WIDTH="21" VPOS="1105" HPOS="1906"/><String ID="p385_w814" CONTENT="always" HPOS="1927" VPOS="1105" WIDTH="118" HEIGHT="75" STYLEREFS="font0"/><SP WIDTH="25" VPOS="1105" HPOS="2045"/><String ID="p385_w815" CONTENT="occafions" HPOS="2070" VPOS="1105" WIDTH="158" HEIGHT="75" STYLEREFS="font0"/><SP WIDTH="24" VPOS="1105" HPOS="2228"/><String ID="p385_w816" CONTENT="a" HPOS="2252" VPOS="1105" WIDTH="19" HEIGHT="75" STYLEREFS="font0"/></TextLine><TextLine WIDTH="1029" HEIGHT="75" ID="p385_t87" HPOS="1241" VPOS="1152"><String ID="p385_w817" CONTENT="furious" HPOS="1241" VPOS="1152" WIDTH="123" HEIGHT="75" STYLEREFS="font0"/><SP WIDTH="16" VPOS="1152" HPOS="1364"/><String ID="p385_w818" CONTENT="battle" HPOS="1380" VPOS="1152" WIDTH="100" HEIGHT="75" STYLEREFS="font0"/><SP WIDTH="16" VPOS="1152" HPOS="1480"/><String ID="p385_w819" CONTENT="between" HPOS="1496" VPOS="1152" WIDTH="144" HEIGHT="75" STYLEREFS="font0"/><SP WIDTH="16" VPOS="1152" HPOS="1640"/><String ID="p385_w820" CONTENT="the" HPOS="1656" VPOS="1152" WIDTH="57" HEIGHT="75" STYLEREFS="font0"/><SP WIDTH="15" VPOS="1152" HPOS="1713"/><String ID="p385_w821" CONTENT="drones" HPOS="1728" VPOS="1152" WIDTH="115" HEIGHT="75" STYLEREFS="font0"/><SP WIDTH="19" VPOS="1152" HPOS="1843"/><String ID="p385_w822" CONTENT="and" HPOS="1862" VPOS="1152" WIDTH="63" HEIGHT="75" STYLEREFS="font0"/><SP WIDTH="15" VPOS="1152" HPOS="1925"/><String ID="p385_w823" CONTENT="the" HPOS="1940" VPOS="1152" WIDTH="55" HEIGHT="75" STYLEREFS="font0"/><SP WIDTH="16" VPOS="1152" HPOS="1995"/><String ID="p385_w824" CONTENT="working" HPOS="2011" VPOS="1152" WIDTH="144" HEIGHT="75" STYLEREFS="font0"/><SP WIDTH="16" VPOS="1152" HPOS="2155"/><String ID="p385_w825" CONTENT="bees;" HPOS="2171" VPOS="1152" WIDTH="99" HEIGHT="75" STYLEREFS="font0"/></TextLine><TextLine WIDTH="1031" HEIGHT="75" ID="p385_t88" HPOS="1240" VPOS="1198"><String ID="p385_w826" CONTENT="but" HPOS="1240" VPOS="1198" WIDTH="57" HEIGHT="75" STYLEREFS="font0"/><SP WIDTH="16" VPOS="1198" HPOS="1297"/><String ID="p385_w827" CONTENT="the" HPOS="1313" VPOS="1198" WIDTH="56" HEIGHT="75" STYLEREFS="font0"/><SP WIDTH="16" VPOS="1198" HPOS="1369"/><String ID="p385_w828" CONTENT="latter" HPOS="1385" VPOS="1198" WIDTH="97" HEIGHT="75" STYLEREFS="font0"/><SP WIDTH="15" VPOS="1198" HPOS="1482"/><String ID="p385_w829" CONTENT="being" HPOS="1497" VPOS="1198" WIDTH="94" HEIGHT="75" STYLEREFS="font0"/><SP WIDTH="17" VPOS="1198" HPOS="1591"/><String ID="p385_w830" CONTENT="greatly" HPOS="1608" VPOS="1198" WIDTH="124" HEIGHT="75" STYLEREFS="font0"/><SP WIDTH="23" VPOS="1198" HPOS="1732"/><String ID="p385_w831" CONTENT="fuperior" HPOS="1755" VPOS="1198" WIDTH="143" HEIGHT="75" STYLEREFS="font0"/><SP WIDTH="27" VPOS="1198" HPOS="1898"/><String ID="p385_w832" CONTENT="in" HPOS="1925" VPOS="1198" WIDTH="33" HEIGHT="75" STYLEREFS="font0"/><SP WIDTH="24" VPOS="1198" HPOS="1958"/><String ID="p385_w833" CONTENT="number,," HPOS="1982" VPOS="1198" WIDTH="145" HEIGHT="75" STYLEREFS="font0"/><SP WIDTH="24" VPOS="1198" HPOS="2127"/><String ID="p385_w834" CONTENT="always" HPOS="2151" VPOS="1198" WIDTH="120" HEIGHT="75" STYLEREFS="font0"/></TextLine><TextLine WIDTH="136" HEIGHT="75" ID="p385_t89" HPOS="1240" VPOS="1245"><String ID="p385_w835" CONTENT="prevail." HPOS="1240" VPOS="1245" WIDTH="136" HEIGHT="75" STYLEREFS="font0"/></TextLine><TextLine WIDTH="985" HEIGHT="75" ID="p385_t90" HPOS="1287" VPOS="1292"><String ID="p385_w836" CONTENT="With" HPOS="1287" VPOS="1292" WIDTH="97" HEIGHT="75" STYLEREFS="font0"/><SP WIDTH="19" VPOS="1292" HPOS="1384"/><String ID="p385_w837" CONTENT="regard" HPOS="1403" VPOS="1292" WIDTH="114" HEIGHT="75" STYLEREFS="font0"/><SP WIDTH="19" VPOS="1292" HPOS="1517"/><String ID="p385_w838" CONTENT="to" HPOS="1536" VPOS="1292" WIDTH="36" HEIGHT="75" STYLEREFS="font0"/><SP WIDTH="16" VPOS="1292" HPOS="1572"/><String ID="p385_w839" CONTENT="Hives," HPOS="1588" VPOS="1292" WIDTH="136" HEIGHT="75" STYLEREFS="font0"/><SP WIDTH="25" VPOS="1292" HPOS="1724"/><String ID="p385_w840" CONTENT="thofe" HPOS="1749" VPOS="1292" WIDTH="91" HEIGHT="75" STYLEREFS="font0"/><SP WIDTH="16" VPOS="1292" HPOS="1840"/><String ID="p385_w841" CONTENT="made" HPOS="1856" VPOS="1292" WIDTH="92" HEIGHT="75" STYLEREFS="font0"/><SP WIDTH="16" VPOS="1292" HPOS="1948"/><String ID="p385_w842" CONTENT="of" HPOS="1964" VPOS="1292" WIDTH="41" HEIGHT="75" STYLEREFS="font0"/><SP WIDTH="18" VPOS="1292" HPOS="2005"/><String ID="p385_w843" CONTENT="ftraw" HPOS="2023" VPOS="1292" WIDTH="92" HEIGHT="75" STYLEREFS="font0"/><SP WIDTH="22" VPOS="1292" HPOS="2115"/><String ID="p385_w844" CONTENT="are" HPOS="2137" VPOS="1292" WIDTH="53" HEIGHT="75" STYLEREFS="font0"/><SP WIDTH="24" VPOS="1292" HPOS="2190"/><String ID="p385_w845" CONTENT="the" HPOS="2214" VPOS="1292" WIDTH="58" HEIGHT="75" STYLEREFS="font0"/></TextLine><TextLine WIDTH="1032" HEIGHT="75" ID="p385_t91" HPOS="1239" VPOS="1339"><String ID="p385_w846" CONTENT="beft," HPOS="1239" VPOS="1339" WIDTH="76" HEIGHT="75" STYLEREFS="font0"/><SP WIDTH="18" VPOS="1339" HPOS="1315"/><String ID="p385_w847" CONTENT="on" HPOS="1333" VPOS="1339" WIDTH="42" HEIGHT="75" STYLEREFS="font0"/><SP WIDTH="16" VPOS="1339" HPOS="1375"/><String ID="p385_w848" CONTENT="many" HPOS="1391" VPOS="1339" WIDTH="96" HEIGHT="75" STYLEREFS="font0"/><SP WIDTH="15" VPOS="1339" HPOS="1487"/><String ID="p385_w849" CONTENT="accounts:" HPOS="1502" VPOS="1339" WIDTH="170" HEIGHT="75" STYLEREFS="font0"/><SP WIDTH="26" VPOS="1339" HPOS="1672"/><String ID="p385_w850" CONTENT="They" HPOS="1698" VPOS="1339" WIDTH="100" HEIGHT="75" STYLEREFS="font0"/><SP WIDTH="15" VPOS="1339" HPOS="1798"/><String ID="p385_w851" CONTENT="are" HPOS="1813" VPOS="1339" WIDTH="54" HEIGHT="75" STYLEREFS="font0"/><SP WIDTH="16" VPOS="1339" HPOS="1867"/><String ID="p385_w852" CONTENT="not" HPOS="1883" VPOS="1339" WIDTH="57" HEIGHT="75" STYLEREFS="font0"/><SP WIDTH="16" VPOS="1339" HPOS="1940"/><String ID="p385_w853" CONTENT="liable" HPOS="1956" VPOS="1339" WIDTH="96" HEIGHT="75" STYLEREFS="font0"/><SP WIDTH="16" VPOS="1339" HPOS="2052"/><String ID="p385_w854" CONTENT="to" HPOS="2068" VPOS="1339" WIDTH="35" HEIGHT="75" STYLEREFS="font0"/><SP WIDTH="18" VPOS="1339" HPOS="2103"/><String ID="p385_w855" CONTENT="be" HPOS="2121" VPOS="1339" WIDTH="39" HEIGHT="75" STYLEREFS="font0"/><SP WIDTH="18" VPOS="1339" HPOS="2160"/><String ID="p385_w856" CONTENT="over-" HPOS="2178" VPOS="1339" WIDTH="93" HEIGHT="75" STYLEREFS="font0"/></TextLine><TextLine WIDTH="1033" HEIGHT="75" ID="p385_t92" HPOS="1239" VPOS="1386"><String ID="p385_w857" CONTENT="heated" HPOS="1239" VPOS="1386" WIDTH="116" HEIGHT="75" STYLEREFS="font0"/><SP WIDTH="16" VPOS="1386" HPOS="1355"/><String ID="p385_w858" CONTENT="by" HPOS="1371" VPOS="1386" WIDTH="43" HEIGHT="75" STYLEREFS="font0"/><SP WIDTH="16" VPOS="1386" HPOS="1414"/><String ID="p385_w859" CONTENT="the" HPOS="1430" VPOS="1386" WIDTH="56" HEIGHT="75" STYLEREFS="font0"/><SP WIDTH="17" VPOS="1386" HPOS="1486"/><String ID="p385_w860" CONTENT="rays" HPOS="1503" VPOS="1386" WIDTH="72" HEIGHT="75" STYLEREFS="font0"/><SP WIDTH="16" VPOS="1386" HPOS="1575"/><String ID="p385_w861" CONTENT="of" HPOS="1591" VPOS="1386" WIDTH="41" HEIGHT="75" STYLEREFS="font0"/><SP WIDTH="14" VPOS="1386" HPOS="1632"/><String ID="p385_w862" CONTENT="the" HPOS="1646" VPOS="1386" WIDTH="55" HEIGHT="75" STYLEREFS="font0"/><SP WIDTH="16" VPOS="1386" HPOS="1701"/><String ID="p385_w863" CONTENT="fun;" HPOS="1717" VPOS="1386" WIDTH="78" HEIGHT="75" STYLEREFS="font0"/><SP WIDTH="26" VPOS="1386" HPOS="1795"/><String ID="p385_w864" CONTENT="they" HPOS="1821" VPOS="1386" WIDTH="78" HEIGHT="75" STYLEREFS="font0"/><SP WIDTH="10" VPOS="1386" HPOS="1899"/><String ID="p385_w865" CONTENT="keep" HPOS="1909" VPOS="1386" WIDTH="81" HEIGHT="75" STYLEREFS="font0"/><SP WIDTH="16" VPOS="1386" HPOS="1990"/><String ID="p385_w866" CONTENT="out" HPOS="2006" VPOS="1386" WIDTH="57" HEIGHT="75" STYLEREFS="font0"/><SP WIDTH="12" VPOS="1386" HPOS="2063"/><String ID="p385_w867" CONTENT="cold" HPOS="2075" VPOS="1386" WIDTH="74" HEIGHT="75" STYLEREFS="font0"/><SP WIDTH="16" VPOS="1386" HPOS="2149"/><String ID="p385_w868" CONTENT="better" HPOS="2165" VPOS="1386" WIDTH="107" HEIGHT="75" STYLEREFS="font0"/></TextLine><TextLine WIDTH="1032" HEIGHT="75" ID="p385_t93" HPOS="1240" VPOS="1432"><String ID="p385_w869" CONTENT="than" HPOS="1240" VPOS="1432" WIDTH="77" HEIGHT="75" STYLEREFS="font0"/><SP WIDTH="28" VPOS="1432" HPOS="1317"/><String ID="p385_w870" CONTENT="wood" HPOS="1345" VPOS="1432" WIDTH="96" HEIGHT="75" STYLEREFS="font0"/><SP WIDTH="26" VPOS="1432" HPOS="1441"/><String ID="p385_w871" CONTENT="or" HPOS="1467" VPOS="1432" WIDTH="38" HEIGHT="75" STYLEREFS="font0"/><SP WIDTH="24" VPOS="1432" HPOS="1505"/><String ID="p385_w872" CONTENT="any" HPOS="1529" VPOS="1432" WIDTH="62" HEIGHT="75" STYLEREFS="font0"/><SP WIDTH="27" VPOS="1432" HPOS="1591"/><String ID="p385_w873" CONTENT="other" HPOS="1618" VPOS="1432" WIDTH="93" HEIGHT="75" STYLEREFS="font0"/><SP WIDTH="24" VPOS="1432" HPOS="1711"/><String ID="p385_w874" CONTENT="materials;" HPOS="1735" VPOS="1432" WIDTH="181" HEIGHT="75" STYLEREFS="font0"/><SP WIDTH="28" VPOS="1432" HPOS="1916"/><String ID="p385_w875" CONTENT="and" HPOS="1944" VPOS="1432" WIDTH="61" HEIGHT="75" STYLEREFS="font0"/><SP WIDTH="24" VPOS="1432" HPOS="2005"/><String ID="p385_w876" CONTENT="the" HPOS="2029" VPOS="1432" WIDTH="56" HEIGHT="75" STYLEREFS="font0"/><SP WIDTH="17" VPOS="1432" HPOS="2085"/><String ID="p385_w877" CONTENT="cheapnefs" HPOS="2102" VPOS="1432" WIDTH="170" HEIGHT="75" STYLEREFS="font0"/></TextLine><TextLine WIDTH="1031" HEIGHT="75" ID="p385_t94" HPOS="1241" VPOS="1478"><String ID="p385_w878" CONTENT="renders" HPOS="1241" VPOS="1478" WIDTH="130" HEIGHT="75" STYLEREFS="font0"/><SP WIDTH="17" VPOS="1478" HPOS="1371"/><String ID="p385_w879" CONTENT="the" HPOS="1388" VPOS="1478" WIDTH="55" HEIGHT="75" STYLEREFS="font0"/><SP WIDTH="19" VPOS="1478" HPOS="1443"/><String ID="p385_w880" CONTENT="purchafe" HPOS="1462" VPOS="1478" WIDTH="152" HEIGHT="75" STYLEREFS="font0"/><SP WIDTH="25" VPOS="1478" HPOS="1614"/><String ID="p385_w881" CONTENT="of" HPOS="1639" VPOS="1478" WIDTH="41" HEIGHT="75" STYLEREFS="font0"/><SP WIDTH="21" VPOS="1478" HPOS="1680"/><String ID="p385_w882" CONTENT="thm" HPOS="1701" VPOS="1478" WIDTH="88" HEIGHT="75" STYLEREFS="font0"/><SP WIDTH="23" VPOS="1478" HPOS="1789"/><String ID="p385_w883" CONTENT="eafy." HPOS="1812" VPOS="1478" WIDTH="85" HEIGHT="75" STYLEREFS="font0"/><SP WIDTH="51" VPOS="1478" HPOS="1897"/><String ID="p385_w884" CONTENT="As" HPOS="1948" VPOS="1478" WIDTH="48" HEIGHT="75" STYLEREFS="font0"/><SP WIDTH="27" VPOS="1478" HPOS="1996"/><String ID="p385_w885" CONTENT="the" HPOS="2023" VPOS="1478" WIDTH="56" HEIGHT="75" STYLEREFS="font0"/><SP WIDTH="26" VPOS="1478" HPOS="2079"/><String ID="p385_w886" CONTENT="ingenious" HPOS="2105" VPOS="1478" WIDTH="167" HEIGHT="75" STYLEREFS="font0"/></TextLine><TextLine WIDTH="1033" HEIGHT="75" ID="p385_t95" HPOS="1240" VPOS="1524"><String ID="p385_w887" CONTENT="Mr" HPOS="1240" VPOS="1524" WIDTH="58" HEIGHT="75" STYLEREFS="font0"/><SP WIDTH="16" VPOS="1524" HPOS="1298"/><String ID="p385_w888" CONTENT="Wildmans" HPOS="1314" VPOS="1524" WIDTH="196" HEIGHT="75" STYLEREFS="font0"/><SP WIDTH="16" VPOS="1524" HPOS="1510"/><String ID="p385_w889" CONTENT="hives" HPOS="1526" VPOS="1524" WIDTH="89" HEIGHT="75" STYLEREFS="font0"/><SP WIDTH="17" VPOS="1524" HPOS="1615"/><String ID="p385_w890" CONTENT="are" HPOS="1632" VPOS="1524" WIDTH="54" HEIGHT="75" STYLEREFS="font0"/><SP WIDTH="27" VPOS="1524" HPOS="1686"/><String ID="p385_w891" CONTENT="reckoned" HPOS="1713" VPOS="1524" WIDTH="160" HEIGHT="75" STYLEREFS="font0"/><SP WIDTH="17" VPOS="1524" HPOS="1873"/><String ID="p385_w892" CONTENT="to" HPOS="1890" VPOS="1524" WIDTH="34" HEIGHT="75" STYLEREFS="font0"/><SP WIDTH="15" VPOS="1524" HPOS="1924"/><String ID="p385_w893" CONTENT="be" HPOS="1939" VPOS="1524" WIDTH="40" HEIGHT="75" STYLEREFS="font0"/><SP WIDTH="28" VPOS="1524" HPOS="1979"/><String ID="p385_w894" CONTENT="of" HPOS="2007" VPOS="1524" WIDTH="39" HEIGHT="75" STYLEREFS="font0"/><SP WIDTH="12" VPOS="1524" HPOS="2046"/><String ID="p385_w895" CONTENT="a" HPOS="2058" VPOS="1524" WIDTH="18" HEIGHT="75" STYLEREFS="font0"/><SP WIDTH="15" VPOS="1524" HPOS="2076"/><String ID="p385_w896" CONTENT="preferable" HPOS="2091" VPOS="1524" WIDTH="182" HEIGHT="75" STYLEREFS="font0"/></TextLine><TextLine WIDTH="1037" HEIGHT="75" ID="p385_t96" HPOS="1241" VPOS="1571"><String ID="p385_w897" CONTENT="conftruCtion" HPOS="1241" VPOS="1571" WIDTH="207" HEIGHT="75" STYLEREFS="font0"/><SP WIDTH="17" VPOS="1571" HPOS="1448"/><String ID="p385_w898" CONTENT="to" HPOS="1465" VPOS="1571" WIDTH="35" HEIGHT="75" STYLEREFS="font0"/><SP WIDTH="24" VPOS="1571" HPOS="1500"/><String ID="p385_w899" CONTENT="any" HPOS="1524" VPOS="1571" WIDTH="63" HEIGHT="75" STYLEREFS="font0"/><SP WIDTH="23" VPOS="1571" HPOS="1587"/><String ID="p385_w900" CONTENT="other," HPOS="1610" VPOS="1571" WIDTH="106" HEIGHT="75" STYLEREFS="font0"/><SP WIDTH="25" VPOS="1571" HPOS="1716"/><String ID="p385_w901" CONTENT="we" HPOS="1741" VPOS="1571" WIDTH="49" HEIGHT="75" STYLEREFS="font0"/><SP WIDTH="23" VPOS="1571" HPOS="1790"/><String ID="p385_w902" CONTENT="{hall" HPOS="1813" VPOS="1571" WIDTH="78" HEIGHT="75" STYLEREFS="font0"/><SP WIDTH="23" VPOS="1571" HPOS="1891"/><String ID="p385_w903" CONTENT="give" HPOS="1914" VPOS="1571" WIDTH="73" HEIGHT="75" STYLEREFS="font0"/><SP WIDTH="23" VPOS="1571" HPOS="1987"/><String ID="p385_w904" CONTENT="an" HPOS="2010" VPOS="1571" WIDTH="40" HEIGHT="75" STYLEREFS="font0"/><SP WIDTH="26" VPOS="1571" HPOS="2050"/><String ID="p385_w905" CONTENT="account" HPOS="2076" VPOS="1571" WIDTH="135" HEIGHT="75" STYLEREFS="font0"/><SP WIDTH="23" VPOS="1571" HPOS="2211"/><String ID="p385_w906" CONTENT="of" HPOS="2234" VPOS="1571" WIDTH="44" HEIGHT="75" STYLEREFS="font0"/></TextLine><TextLine WIDTH="428" HEIGHT="75" ID="p385_t97" HPOS="1242" VPOS="1618"><String ID="p385_w907" CONTENT="them" HPOS="1242" VPOS="1618" WIDTH="87" HEIGHT="75" STYLEREFS="font0"/><SP WIDTH="16" VPOS="1618" HPOS="1329"/><String ID="p385_w908" CONTENT="in" HPOS="1345" VPOS="1618" WIDTH="32" HEIGHT="75" STYLEREFS="font0"/><SP WIDTH="17" VPOS="1618" HPOS="1377"/><String ID="p385_w909" CONTENT="his" HPOS="1394" VPOS="1618" WIDTH="48" HEIGHT="75" STYLEREFS="font0"/><SP WIDTH="18" VPOS="1618" HPOS="1442"/><String ID="p385_w910" CONTENT="own" HPOS="1460" VPOS="1618" WIDTH="71" HEIGHT="75" STYLEREFS="font0"/><SP WIDTH="19" VPOS="1618" HPOS="1531"/><String ID="p385_w911" CONTENT="words." HPOS="1550" VPOS="1618" WIDTH="120" HEIGHT="75" STYLEREFS="font0"/></TextLine><TextLine WIDTH="979" HEIGHT="75" ID="p385_t98" HPOS="1289" VPOS="1665"><String ID="p385_w912" CONTENT="" HPOS="1289" VPOS="1665" WIDTH="22" HEIGHT="75" STYLEREFS="font0"/><SP WIDTH="27" VPOS="1665" HPOS="1311"/><String ID="p385_w913" CONTENT="My" HPOS="1338" VPOS="1665" WIDTH="63" HEIGHT="75" STYLEREFS="font0"/><SP WIDTH="15" VPOS="1665" HPOS="1401"/><String ID="p385_w914" CONTENT="hives," HPOS="1416" VPOS="1665" WIDTH="129" HEIGHT="75" STYLEREFS="font0"/><SP WIDTH="22" VPOS="1665" HPOS="1545"/><String ID="p385_w915" CONTENT="fays" HPOS="1567" VPOS="1665" WIDTH="70" HEIGHT="75" STYLEREFS="font0"/><SP WIDTH="16" VPOS="1665" HPOS="1637"/><String ID="p385_w916" CONTENT="he," HPOS="1653" VPOS="1665" WIDTH="53" HEIGHT="75" STYLEREFS="font0"/><SP WIDTH="27" VPOS="1665" HPOS="1706"/><String ID="p385_w917" CONTENT="" HPOS="1733" VPOS="1665" WIDTH="24" HEIGHT="75" STYLEREFS="font0"/><SP WIDTH="25" VPOS="1665" HPOS="1757"/><String ID="p385_w918" CONTENT="are" HPOS="1782" VPOS="1665" WIDTH="54" HEIGHT="75" STYLEREFS="font0"/><SP WIDTH="17" VPOS="1665" HPOS="1836"/><String ID="p385_w919" CONTENT="feven" HPOS="1853" VPOS="1665" WIDTH="91" HEIGHT="75" STYLEREFS="font0"/><SP WIDTH="20" VPOS="1665" HPOS="1944"/><String ID="p385_w920" CONTENT="inches" HPOS="1964" VPOS="1665" WIDTH="108" HEIGHT="75" STYLEREFS="font0"/><SP WIDTH="20" VPOS="1665" HPOS="2072"/><String ID="p385_w921" CONTENT="in" HPOS="2092" VPOS="1665" WIDTH="32" HEIGHT="75" STYLEREFS="font0"/><SP WIDTH="18" VPOS="1665" HPOS="2124"/><String ID="p385_w922" CONTENT="height," HPOS="2142" VPOS="1665" WIDTH="126" HEIGHT="75" STYLEREFS="font0"/></TextLine><TextLine WIDTH="1029" HEIGHT="75" ID="p385_t99" HPOS="1242" VPOS="1711"><String ID="p385_w923" CONTENT="" HPOS="1242" VPOS="1711" WIDTH="24" HEIGHT="75" STYLEREFS="font0"/><SP WIDTH="25" VPOS="1711" HPOS="1266"/><String ID="p385_w924" CONTENT="and" HPOS="1291" VPOS="1711" WIDTH="64" HEIGHT="75" STYLEREFS="font0"/><SP WIDTH="16" VPOS="1711" HPOS="1355"/><String ID="p385_w925" CONTENT="ten" HPOS="1371" VPOS="1711" WIDTH="54" HEIGHT="75" STYLEREFS="font0"/><SP WIDTH="16" VPOS="1711" HPOS="1425"/><String ID="p385_w926" CONTENT="in" HPOS="1441" VPOS="1711" WIDTH="33" HEIGHT="75" STYLEREFS="font0"/><SP WIDTH="16" VPOS="1711" HPOS="1474"/><String ID="p385_w927" CONTENT="width." HPOS="1490" VPOS="1711" WIDTH="114" HEIGHT="75" STYLEREFS="font0"/><SP WIDTH="47" VPOS="1711" HPOS="1604"/><String ID="p385_w928" CONTENT="The" HPOS="1651" VPOS="1711" WIDTH="77" HEIGHT="75" STYLEREFS="font0"/><SP WIDTH="17" VPOS="1711" HPOS="1728"/><String ID="p385_w929" CONTENT="fides" HPOS="1745" VPOS="1711" WIDTH="78" HEIGHT="75" STYLEREFS="font0"/><SP WIDTH="17" VPOS="1711" HPOS="1823"/><String ID="p385_w930" CONTENT="are" HPOS="1840" VPOS="1711" WIDTH="54" HEIGHT="75" STYLEREFS="font0"/><SP WIDTH="10" VPOS="1711" HPOS="1894"/><String ID="p385_w931" CONTENT="upright," HPOS="1904" VPOS="1711" WIDTH="144" HEIGHT="75" STYLEREFS="font0"/><SP WIDTH="24" VPOS="1711" HPOS="2048"/><String ID="p385_w932" CONTENT="fo" HPOS="2072" VPOS="1711" WIDTH="36" HEIGHT="75" STYLEREFS="font0"/><SP WIDTH="18" VPOS="1711" HPOS="2108"/><String ID="p385_w933" CONTENT="that" HPOS="2126" VPOS="1711" WIDTH="71" HEIGHT="75" STYLEREFS="font0"/><SP WIDTH="16" VPOS="1711" HPOS="2197"/><String ID="p385_w934" CONTENT="the" HPOS="2213" VPOS="1711" WIDTH="58" HEIGHT="75" STYLEREFS="font0"/></TextLine><TextLine WIDTH="1029" HEIGHT="75" ID="p385_t100" HPOS="1242" VPOS="1761"><String ID="p385_w935" CONTENT="" HPOS="1242" VPOS="1761" WIDTH="24" HEIGHT="75" STYLEREFS="font0"/><SP WIDTH="26" VPOS="1761" HPOS="1266"/><String ID="p385_w936" CONTENT="top" HPOS="1292" VPOS="1761" WIDTH="55" HEIGHT="75" STYLEREFS="font0"/><SP WIDTH="17" VPOS="1761" HPOS="1347"/><String ID="p385_w937" CONTENT="and" HPOS="1364" VPOS="1761" WIDTH="63" HEIGHT="75" STYLEREFS="font0"/><SP WIDTH="16" VPOS="1761" HPOS="1427"/><String ID="p385_w938" CONTENT="bottom" HPOS="1443" VPOS="1761" WIDTH="126" HEIGHT="75" STYLEREFS="font0"/><SP WIDTH="22" VPOS="1761" HPOS="1569"/><String ID="p385_w939" CONTENT="are" HPOS="1591" VPOS="1761" WIDTH="53" HEIGHT="75" STYLEREFS="font0"/><SP WIDTH="22" VPOS="1761" HPOS="1644"/><String ID="p385_w940" CONTENT="of" HPOS="1666" VPOS="1761" WIDTH="40" HEIGHT="75" STYLEREFS="font0"/><SP WIDTH="20" VPOS="1761" HPOS="1706"/><String ID="p385_w941" CONTENT="the" HPOS="1726" VPOS="1761" WIDTH="55" HEIGHT="75" STYLEREFS="font0"/><SP WIDTH="27" VPOS="1761" HPOS="1781"/><String ID="p385_w942" CONTENT="fame" HPOS="1808" VPOS="1761" WIDTH="83" HEIGHT="75" STYLEREFS="font0"/><SP WIDTH="28" VPOS="1761" HPOS="1891"/><String ID="p385_w943" CONTENT="diameter." HPOS="1919" VPOS="1761" WIDTH="168" HEIGHT="75" STYLEREFS="font0"/><SP WIDTH="49" VPOS="1761" HPOS="2087"/><String ID="p385_w944" CONTENT="A" HPOS="2136" VPOS="1761" WIDTH="33" HEIGHT="75" STYLEREFS="font0"/><SP WIDTH="25" VPOS="1761" HPOS="2169"/><String ID="p385_w945" CONTENT="hive" HPOS="2194" VPOS="1761" WIDTH="77" HEIGHT="75" STYLEREFS="font0"/></TextLine><TextLine WIDTH="1030" HEIGHT="75" ID="p385_t101" HPOS="1242" VPOS="1806"><String ID="p385_w946" CONTENT="" HPOS="1242" VPOS="1806" WIDTH="24" HEIGHT="75" STYLEREFS="font0"/><SP WIDTH="25" VPOS="1806" HPOS="1266"/><String ID="p385_w947" CONTENT="holds" HPOS="1291" VPOS="1806" WIDTH="95" HEIGHT="75" STYLEREFS="font0"/><SP WIDTH="18" VPOS="1806" HPOS="1386"/><String ID="p385_w948" CONTENT="nearly" HPOS="1404" VPOS="1806" WIDTH="108" HEIGHT="75" STYLEREFS="font0"/><SP WIDTH="16" VPOS="1806" HPOS="1512"/><String ID="p385_w949" CONTENT="a" HPOS="1528" VPOS="1806" WIDTH="19" HEIGHT="75" STYLEREFS="font0"/><SP WIDTH="15" VPOS="1806" HPOS="1547"/><String ID="p385_w950" CONTENT="peck." HPOS="1562" VPOS="1806" WIDTH="92" HEIGHT="75" STYLEREFS="font0"/><SP WIDTH="35" VPOS="1806" HPOS="1654"/><String ID="p385_w951" CONTENT="In" HPOS="1689" VPOS="1806" WIDTH="37" HEIGHT="75" STYLEREFS="font0"/><SP WIDTH="14" VPOS="1806" HPOS="1726"/><String ID="p385_w952" CONTENT="the" HPOS="1740" VPOS="1806" WIDTH="56" HEIGHT="75" STYLEREFS="font0"/><SP WIDTH="15" VPOS="1806" HPOS="1796"/><String ID="p385_w953" CONTENT="upper" HPOS="1811" VPOS="1806" WIDTH="100" HEIGHT="75" STYLEREFS="font0"/><SP WIDTH="17" VPOS="1806" HPOS="1911"/><String ID="p385_w954" CONTENT="row" HPOS="1928" VPOS="1806" WIDTH="68" HEIGHT="75" STYLEREFS="font0"/><SP WIDTH="11" VPOS="1806" HPOS="1996"/><String ID="p385_w955" CONTENT="of" HPOS="2007" VPOS="1806" WIDTH="40" HEIGHT="75" STYLEREFS="font0"/><SP WIDTH="12" VPOS="1806" HPOS="2047"/><String ID="p385_w956" CONTENT="ftraw," HPOS="2059" VPOS="1806" WIDTH="102" HEIGHT="75" STYLEREFS="font0"/><SP WIDTH="18" VPOS="1806" HPOS="2161"/><String ID="p385_w957" CONTENT="there" HPOS="2179" VPOS="1806" WIDTH="93" HEIGHT="75" STYLEREFS="font0"/></TextLine><TextLine WIDTH="1031" HEIGHT="75" ID="p385_t102" HPOS="1241" VPOS="1852"><String ID="p385_w958" CONTENT="" HPOS="1241" VPOS="1852" WIDTH="23" HEIGHT="75" STYLEREFS="font0"/><SP WIDTH="26" VPOS="1852" HPOS="1264"/><String ID="p385_w959" CONTENT="is." HPOS="1290" VPOS="1852" WIDTH="32" HEIGHT="75" STYLEREFS="font0"/><SP WIDTH="16" VPOS="1852" HPOS="1322"/><String ID="p385_w960" CONTENT="a" HPOS="1338" VPOS="1852" WIDTH="19" HEIGHT="75" STYLEREFS="font0"/><SP WIDTH="16" VPOS="1852" HPOS="1357"/><String ID="p385_w961" CONTENT="hoop" HPOS="1373" VPOS="1852" WIDTH="86" HEIGHT="75" STYLEREFS="font0"/><SP WIDTH="16" VPOS="1852" HPOS="1459"/><String ID="p385_w962" CONTENT="of" HPOS="1475" VPOS="1852" WIDTH="42" HEIGHT="75" STYLEREFS="font0"/><SP WIDTH="18" VPOS="1852" HPOS="1517"/><String ID="p385_w963" CONTENT="about" HPOS="1535" VPOS="1852" WIDTH="97" HEIGHT="75" STYLEREFS="font0"/><SP WIDTH="15" VPOS="1852" HPOS="1632"/><String ID="p385_w964" CONTENT="half" HPOS="1647" VPOS="1852" WIDTH="75" HEIGHT="75" STYLEREFS="font0"/><SP WIDTH="14" VPOS="1852" HPOS="1722"/><String ID="p385_w965" CONTENT="an" HPOS="1736" VPOS="1852" WIDTH="38" HEIGHT="75" STYLEREFS="font0"/><SP WIDTH="17" VPOS="1852" HPOS="1774"/><String ID="p385_w966" CONTENT="inch" HPOS="1791" VPOS="1852" WIDTH="74" HEIGHT="75" STYLEREFS="font0"/><SP WIDTH="16" VPOS="1852" HPOS="1865"/><String ID="p385_w967" CONTENT="in" HPOS="1881" VPOS="1852" WIDTH="32" HEIGHT="75" STYLEREFS="font0"/><SP WIDTH="17" VPOS="1852" HPOS="1913"/><String ID="p385_w968" CONTENT="breadth," HPOS="1930" VPOS="1852" WIDTH="149" HEIGHT="75" STYLEREFS="font0"/><SP WIDTH="25" VPOS="1852" HPOS="2079"/><String ID="p385_w969" CONTENT="to" HPOS="2104" VPOS="1852" WIDTH="36" HEIGHT="75" STYLEREFS="font0"/><SP WIDTH="24" VPOS="1852" HPOS="2140"/><String ID="p385_w970" CONTENT="which" HPOS="2164" VPOS="1852" WIDTH="108" HEIGHT="75" STYLEREFS="font0"/></TextLine><TextLine WIDTH="1030" HEIGHT="75" ID="p385_t103" HPOS="1240" VPOS="1901"><String ID="p385_w971" CONTENT="" HPOS="1240" VPOS="1901" WIDTH="24" HEIGHT="75" STYLEREFS="font0"/><SP WIDTH="24" VPOS="1901" HPOS="1264"/><String ID="p385_w972" CONTENT="are" HPOS="1288" VPOS="1901" WIDTH="54" HEIGHT="75" STYLEREFS="font0"/><SP WIDTH="16" VPOS="1901" HPOS="1342"/><String ID="p385_w973" CONTENT="nailed" HPOS="1358" VPOS="1901" WIDTH="103" HEIGHT="75" STYLEREFS="font0"/><SP WIDTH="18" VPOS="1901" HPOS="1461"/><String ID="p385_w974" CONTENT="five" HPOS="1479" VPOS="1901" WIDTH="61" HEIGHT="75" STYLEREFS="font0"/><SP WIDTH="16" VPOS="1901" HPOS="1540"/><String ID="p385_w975" CONTENT="bars" HPOS="1556" VPOS="1901" WIDTH="71" HEIGHT="75" STYLEREFS="font0"/><SP WIDTH="19" VPOS="1901" HPOS="1627"/><String ID="p385_w976" CONTENT="of" HPOS="1646" VPOS="1901" WIDTH="39" HEIGHT="75" STYLEREFS="font0"/><SP WIDTH="10" VPOS="1901" HPOS="1685"/><String ID="p385_w977" CONTENT="deals," HPOS="1695" VPOS="1901" WIDTH="102" HEIGHT="75" STYLEREFS="font0"/><SP WIDTH="24" VPOS="1901" HPOS="1797"/><String ID="p385_w978" CONTENT="full" HPOS="1821" VPOS="1901" WIDTH="59" HEIGHT="75" STYLEREFS="font0"/><SP WIDTH="18" VPOS="1901" HPOS="1880"/><String ID="p385_w979" CONTENT="a" HPOS="1898" VPOS="1901" WIDTH="19" HEIGHT="75" STYLEREFS="font0"/><SP WIDTH="16" VPOS="1901" HPOS="1917"/><String ID="p385_w980" CONTENT="quarter" HPOS="1933" VPOS="1901" WIDTH="131" HEIGHT="75" STYLEREFS="font0"/><SP WIDTH="16" VPOS="1901" HPOS="2064"/><String ID="p385_w981" CONTENT="of" HPOS="2080" VPOS="1901" WIDTH="40" HEIGHT="75" STYLEREFS="font0"/><SP WIDTH="18" VPOS="1901" HPOS="2120"/><String ID="p385_w982" CONTENT="an" HPOS="2138" VPOS="1901" WIDTH="40" HEIGHT="75" STYLEREFS="font0"/><SP WIDTH="16" VPOS="1901" HPOS="2178"/><String ID="p385_w983" CONTENT="inch" HPOS="2194" VPOS="1901" WIDTH="76" HEIGHT="75" STYLEREFS="font0"/></TextLine><TextLine WIDTH="1036" HEIGHT="75" ID="p385_t104" HPOS="1240" VPOS="1945"><String ID="p385_w984" CONTENT="" HPOS="1240" VPOS="1945" WIDTH="25" HEIGHT="75" STYLEREFS="font0"/><SP WIDTH="24" VPOS="1945" HPOS="1265"/><String ID="p385_w985" CONTENT="in" HPOS="1289" VPOS="1945" WIDTH="33" HEIGHT="75" STYLEREFS="font0"/><SP WIDTH="17" VPOS="1945" HPOS="1322"/><String ID="p385_w986" CONTENT="thicknefs," HPOS="1339" VPOS="1945" WIDTH="172" HEIGHT="75" STYLEREFS="font0"/><SP WIDTH="20" VPOS="1945" HPOS="1511"/><String ID="p385_w987" CONTENT="'" HPOS="1531" VPOS="1945" WIDTH="8" HEIGHT="75" STYLEREFS="font0"/><String ID="p385_w988" CONTENT="and" HPOS="1539" VPOS="1945" WIDTH="61" HEIGHT="75" STYLEREFS="font0"/><SP WIDTH="24" VPOS="1945" HPOS="1600"/><String ID="p385_w989" CONTENT="an" HPOS="1624" VPOS="1945" WIDTH="39" HEIGHT="75" STYLEREFS="font0"/><SP WIDTH="23" VPOS="1945" HPOS="1663"/><String ID="p385_w990" CONTENT="inch" HPOS="1686" VPOS="1945" WIDTH="73" HEIGHT="75" STYLEREFS="font0"/><SP WIDTH="17" VPOS="1945" HPOS="1759"/><String ID="p385_w991" CONTENT="and" HPOS="1776" VPOS="1945" WIDTH="63" HEIGHT="75" STYLEREFS="font0"/><SP WIDTH="16" VPOS="1945" HPOS="1839"/><String ID="p385_w992" CONTENT="quarter" HPOS="1855" VPOS="1945" WIDTH="131" HEIGHT="75" STYLEREFS="font0"/><SP WIDTH="16" VPOS="1945" HPOS="1986"/><String ID="p385_w993" CONTENT="wide," HPOS="2002" VPOS="1945" WIDTH="94" HEIGHT="75" STYLEREFS="font0"/><SP WIDTH="27" VPOS="1945" HPOS="2096"/><String ID="p385_w994" CONTENT="and" HPOS="2123" VPOS="1945" WIDTH="62" HEIGHT="75" STYLEREFS="font0"/><SP WIDTH="16" VPOS="1945" HPOS="2185"/><String ID="p385_w995" CONTENT="half" HPOS="2201" VPOS="1945" WIDTH="75" HEIGHT="75" STYLEREFS="font0"/></TextLine><TextLine WIDTH="1030" HEIGHT="75" ID="p385_t105" HPOS="1241" VPOS="1995"><String ID="p385_w996" CONTENT="" HPOS="1241" VPOS="1995" WIDTH="24" HEIGHT="75" STYLEREFS="font0"/><SP WIDTH="24" VPOS="1995" HPOS="1265"/><String ID="p385_w997" CONTENT="an" HPOS="1289" VPOS="1995" WIDTH="41" HEIGHT="75" STYLEREFS="font0"/><SP WIDTH="21" VPOS="1995" HPOS="1330"/><String ID="p385_w998" CONTENT="inch" HPOS="1351" VPOS="1995" WIDTH="75" HEIGHT="75" STYLEREFS="font0"/><SP WIDTH="28" VPOS="1995" HPOS="1426"/><String ID="p385_w999" CONTENT="afunder" HPOS="1454" VPOS="1995" WIDTH="133" HEIGHT="75" STYLEREFS="font0"/><SP WIDTH="19" VPOS="1995" HPOS="1587"/><String ID="p385_w1000" CONTENT="from" HPOS="1606" VPOS="1995" WIDTH="87" HEIGHT="75" STYLEREFS="font0"/><SP WIDTH="23" VPOS="1995" HPOS="1693"/><String ID="p385_w1001" CONTENT="one" HPOS="1716" VPOS="1995" WIDTH="60" HEIGHT="75" STYLEREFS="font0"/><SP WIDTH="25" VPOS="1995" HPOS="1776"/><String ID="p385_w1002" CONTENT="another;" HPOS="1801" VPOS="1995" WIDTH="156" HEIGHT="75" STYLEREFS="font0"/><SP WIDTH="37" VPOS="1995" HPOS="1957"/><String ID="p385_w1003" CONTENT="a" HPOS="1994" VPOS="1995" WIDTH="19" HEIGHT="75" STYLEREFS="font0"/><SP WIDTH="23" VPOS="1995" HPOS="2013"/><String ID="p385_w1004" CONTENT="narrow" HPOS="2036" VPOS="1995" WIDTH="127" HEIGHT="75" STYLEREFS="font0"/><SP WIDTH="20" VPOS="1995" HPOS="2163"/><String ID="p385_w1005" CONTENT="{hort" HPOS="2183" VPOS="1995" WIDTH="88" HEIGHT="75" STYLEREFS="font0"/></TextLine><TextLine WIDTH="1030" HEIGHT="75" ID="p385_t106" HPOS="1241" VPOS="2039"><String ID="p385_w1006" CONTENT="" HPOS="1241" VPOS="2039" WIDTH="23" HEIGHT="75" STYLEREFS="font0"/><SP WIDTH="26" VPOS="2039" HPOS="1264"/><String ID="p385_w1007" CONTENT="bar" HPOS="1290" VPOS="2039" WIDTH="58" HEIGHT="75" STYLEREFS="font0"/><SP WIDTH="15" VPOS="2039" HPOS="1348"/><String ID="p385_w1008" CONTENT="is" HPOS="1363" VPOS="2039" WIDTH="28" HEIGHT="75" STYLEREFS="font0"/><SP WIDTH="17" VPOS="2039" HPOS="1391"/><String ID="p385_w1009" CONTENT="nailed" HPOS="1408" VPOS="2039" WIDTH="107" HEIGHT="75" STYLEREFS="font0"/><SP WIDTH="26" VPOS="2039" HPOS="1515"/><String ID="p385_w1010" CONTENT="at" HPOS="1541" VPOS="2039" WIDTH="32" HEIGHT="75" STYLEREFS="font0"/><SP WIDTH="27" VPOS="2039" HPOS="1573"/><String ID="p385_w1011" CONTENT="each" HPOS="1600" VPOS="2039" WIDTH="77" HEIGHT="75" STYLEREFS="font0"/><SP WIDTH="29" VPOS="2039" HPOS="1677"/><String ID="p385_w1012" CONTENT="fide," HPOS="1706" VPOS="2039" WIDTH="76" HEIGHT="75" STYLEREFS="font0"/><SP WIDTH="24" VPOS="2039" HPOS="1782"/><String ID="p385_w1013" CONTENT="half" HPOS="1806" VPOS="2039" WIDTH="74" HEIGHT="75" STYLEREFS="font0"/><SP WIDTH="21" VPOS="2039" HPOS="1880"/><String ID="p385_w1014" CONTENT="an" HPOS="1901" VPOS="2039" WIDTH="39" HEIGHT="75" STYLEREFS="font0"/><SP WIDTH="24" VPOS="2039" HPOS="1940"/><String ID="p385_w1015" CONTENT="inch" HPOS="1964" VPOS="2039" WIDTH="74" HEIGHT="75" STYLEREFS="font0"/><SP WIDTH="17" VPOS="2039" HPOS="2038"/><String ID="p385_w1016" CONTENT="diflant" HPOS="2055" VPOS="2039" WIDTH="114" HEIGHT="75" STYLEREFS="font0"/><SP WIDTH="15" VPOS="2039" HPOS="2169"/><String ID="p385_w1017" CONTENT="from" HPOS="2184" VPOS="2039" WIDTH="87" HEIGHT="75" STYLEREFS="font0"/></TextLine><TextLine WIDTH="1030" HEIGHT="75" ID="p385_t107" HPOS="1241" VPOS="2087"><String ID="p385_w1018" CONTENT="" HPOS="1241" VPOS="2087" WIDTH="24" HEIGHT="75" STYLEREFS="font0"/><SP WIDTH="24" VPOS="2087" HPOS="1265"/><String ID="p385_w1019" CONTENT="the" HPOS="1289" VPOS="2087" WIDTH="56" HEIGHT="75" STYLEREFS="font0"/><SP WIDTH="17" VPOS="2087" HPOS="1345"/><String ID="p385_w1020" CONTENT="bars" HPOS="1362" VPOS="2087" WIDTH="72" HEIGHT="75" STYLEREFS="font0"/><SP WIDTH="21" VPOS="2087" HPOS="1434"/><String ID="p385_w1021" CONTENT="next" HPOS="1455" VPOS="2087" WIDTH="79" HEIGHT="75" STYLEREFS="font0"/><SP WIDTH="19" VPOS="2087" HPOS="1534"/><String ID="p385_w1022" CONTENT="them," HPOS="1553" VPOS="2087" WIDTH="100" HEIGHT="75" STYLEREFS="font0"/><SP WIDTH="25" VPOS="2087" HPOS="1653"/><String ID="p385_w1023" CONTENT="in" HPOS="1678" VPOS="2087" WIDTH="32" HEIGHT="75" STYLEREFS="font0"/><SP WIDTH="18" VPOS="2087" HPOS="1710"/><String ID="p385_w1024" CONTENT="order" HPOS="1728" VPOS="2087" WIDTH="96" HEIGHT="75" STYLEREFS="font0"/><SP WIDTH="15" VPOS="2087" HPOS="1824"/><String ID="p385_w1025" CONTENT="to" HPOS="1839" VPOS="2087" WIDTH="35" HEIGHT="75" STYLEREFS="font0"/><SP WIDTH="17" VPOS="2087" HPOS="1874"/><String ID="p385_w1026" CONTENT="fill" HPOS="1891" VPOS="2087" WIDTH="45" HEIGHT="75" STYLEREFS="font0"/><SP WIDTH="17" VPOS="2087" HPOS="1936"/><String ID="p385_w1027" CONTENT="up" HPOS="1953" VPOS="2087" WIDTH="42" HEIGHT="75" STYLEREFS="font0"/><SP WIDTH="24" VPOS="2087" HPOS="1995"/><String ID="p385_w1028" CONTENT="the" HPOS="2019" VPOS="2087" WIDTH="54" HEIGHT="75" STYLEREFS="font0"/><SP WIDTH="23" VPOS="2087" HPOS="2073"/><String ID="p385_w1029" CONTENT="remaining" HPOS="2096" VPOS="2087" WIDTH="175" HEIGHT="75" STYLEREFS="font0"/></TextLine><TextLine WIDTH="1029" HEIGHT="75" ID="p385_t108" HPOS="1240" VPOS="2135"><String ID="p385_w1030" CONTENT="" HPOS="1240" VPOS="2135" WIDTH="25" HEIGHT="75" STYLEREFS="font0"/><SP WIDTH="24" VPOS="2135" HPOS="1265"/><String ID="p385_w1031" CONTENT="parts" HPOS="1289" VPOS="2135" WIDTH="88" HEIGHT="75" STYLEREFS="font0"/><SP WIDTH="17" VPOS="2135" HPOS="1377"/><String ID="p385_w1032" CONTENT="of" HPOS="1394" VPOS="2135" WIDTH="40" HEIGHT="75" STYLEREFS="font0"/><SP WIDTH="10" VPOS="2135" HPOS="1434"/><String ID="p385_w1033" CONTENT="the" HPOS="1444" VPOS="2135" WIDTH="55" HEIGHT="75" STYLEREFS="font0"/><SP WIDTH="16" VPOS="2135" HPOS="1499"/><String ID="p385_w1034" CONTENT="circle" HPOS="1515" VPOS="2135" WIDTH="96" HEIGHT="75" STYLEREFS="font0"/><SP WIDTH="14" VPOS="2135" HPOS="1611"/><String ID="p385_w1035" CONTENT=";" HPOS="1625" VPOS="2135" WIDTH="11" HEIGHT="75" STYLEREFS="font0"/><SP WIDTH="26" VPOS="2135" HPOS="1636"/><String ID="p385_w1036" CONTENT="fp" HPOS="1662" VPOS="2135" WIDTH="34" HEIGHT="75" STYLEREFS="font0"/><SP WIDTH="17" VPOS="2135" HPOS="1696"/><String ID="p385_w1037" CONTENT="that" HPOS="1713" VPOS="2135" WIDTH="70" HEIGHT="75" STYLEREFS="font0"/><SP WIDTH="16" VPOS="2135" HPOS="1783"/><String ID="p385_w1038" CONTENT="there" HPOS="1799" VPOS="2135" WIDTH="90" HEIGHT="75" STYLEREFS="font0"/><SP WIDTH="20" VPOS="2135" HPOS="1889"/><String ID="p385_w1039" CONTENT="are" HPOS="1909" VPOS="2135" WIDTH="53" HEIGHT="75" STYLEREFS="font0"/><SP WIDTH="16" VPOS="2135" HPOS="1962"/><String ID="p385_w1040" CONTENT="in" HPOS="1978" VPOS="2135" WIDTH="33" HEIGHT="75" STYLEREFS="font0"/><SP WIDTH="17" VPOS="2135" HPOS="2011"/><String ID="p385_w1041" CONTENT="all" HPOS="2028" VPOS="2135" WIDTH="41" HEIGHT="75" STYLEREFS="font0"/><SP WIDTH="16" VPOS="2135" HPOS="2069"/><String ID="p385_w1042" CONTENT="feven" HPOS="2085" VPOS="2135" WIDTH="92" HEIGHT="75" STYLEREFS="font0"/><SP WIDTH="17" VPOS="2135" HPOS="2177"/><String ID="p385_w1043" CONTENT="bars" HPOS="2194" VPOS="2135" WIDTH="75" HEIGHT="75" STYLEREFS="font0"/></TextLine><TextLine WIDTH="1028" HEIGHT="75" ID="p385_t109" HPOS="1243" VPOS="2178"><String ID="p385_w1044" CONTENT="" HPOS="1243" VPOS="2178" WIDTH="23" HEIGHT="75" STYLEREFS="font0"/><SP WIDTH="26" VPOS="2178" HPOS="1266"/><String ID="p385_w1045" CONTENT="of" HPOS="1292" VPOS="2178" WIDTH="41" HEIGHT="75" STYLEREFS="font0"/><SP WIDTH="10" VPOS="2178" HPOS="1333"/><String ID="p385_w1046" CONTENT="deal," HPOS="1343" VPOS="2178" WIDTH="85" HEIGHT="75" STYLEREFS="font0"/><SP WIDTH="19" VPOS="2178" HPOS="1428"/><String ID="p385_w1047" CONTENT="to" HPOS="1447" VPOS="2178" WIDTH="35" HEIGHT="75" STYLEREFS="font0"/><SP WIDTH="12" VPOS="2178" HPOS="1482"/><String ID="p385_w1048" CONTENT="which" HPOS="1494" VPOS="2178" WIDTH="106" HEIGHT="75" STYLEREFS="font0"/><SP WIDTH="18" VPOS="2178" HPOS="1600"/><String ID="p385_w1049" CONTENT="the" HPOS="1618" VPOS="2178" WIDTH="55" HEIGHT="75" STYLEREFS="font0"/><SP WIDTH="18" VPOS="2178" HPOS="1673"/><String ID="p385_w1050" CONTENT="bees" HPOS="1691" VPOS="2178" WIDTH="75" HEIGHT="75" STYLEREFS="font0"/><SP WIDTH="12" VPOS="2178" HPOS="1766"/><String ID="p385_w1051" CONTENT="fix" HPOS="1778" VPOS="2178" WIDTH="46" HEIGHT="75" STYLEREFS="font0"/><SP WIDTH="13" VPOS="2178" HPOS="1824"/><String ID="p385_w1052" CONTENT="their" HPOS="1837" VPOS="2178" WIDTH="81" HEIGHT="75" STYLEREFS="font0"/><SP WIDTH="16" VPOS="2178" HPOS="1918"/><String ID="p385_w1053" CONTENT="combs." HPOS="1934" VPOS="2178" WIDTH="121" HEIGHT="75" STYLEREFS="font0"/><SP WIDTH="35" VPOS="2178" HPOS="2055"/><String ID="p385_w1054" CONTENT="The" HPOS="2090" VPOS="2178" WIDTH="77" HEIGHT="75" STYLEREFS="font0"/><SP WIDTH="13" VPOS="2178" HPOS="2167"/><String ID="p385_w1055" CONTENT="fpace" HPOS="2180" VPOS="2178" WIDTH="91" HEIGHT="75" STYLEREFS="font0"/></TextLine><TextLine WIDTH="1029" HEIGHT="75" ID="p385_t110" HPOS="1241" VPOS="2224"><String ID="p385_w1056" CONTENT="" HPOS="1241" VPOS="2224" WIDTH="24" HEIGHT="75" STYLEREFS="font0"/><SP WIDTH="25" VPOS="2224" HPOS="1265"/><String ID="p385_w1057" CONTENT="of" HPOS="1290" VPOS="2224" WIDTH="40" HEIGHT="75" STYLEREFS="font0"/><SP WIDTH="6" VPOS="2224" HPOS="1330"/><String ID="p385_w1058" CONTENT="half" HPOS="1336" VPOS="2224" WIDTH="75" HEIGHT="75" STYLEREFS="font0"/><SP WIDTH="11" VPOS="2224" HPOS="1411"/><String ID="p385_w1059" CONTENT="an" HPOS="1422" VPOS="2224" WIDTH="38" HEIGHT="75" STYLEREFS="font0"/><SP WIDTH="13" VPOS="2224" HPOS="1460"/><String ID="p385_w1060" CONTENT="inch" HPOS="1473" VPOS="2224" WIDTH="72" HEIGHT="75" STYLEREFS="font0"/><SP WIDTH="13" VPOS="2224" HPOS="1545"/><String ID="p385_w1061" CONTENT="between" HPOS="1558" VPOS="2224" WIDTH="143" HEIGHT="75" STYLEREFS="font0"/><SP WIDTH="17" VPOS="2224" HPOS="1701"/><String ID="p385_w1062" CONTENT="the" HPOS="1718" VPOS="2224" WIDTH="56" HEIGHT="75" STYLEREFS="font0"/><SP WIDTH="13" VPOS="2224" HPOS="1774"/><String ID="p385_w1063" CONTENT="bars" HPOS="1787" VPOS="2224" WIDTH="73" HEIGHT="75" STYLEREFS="font0"/><SP WIDTH="17" VPOS="2224" HPOS="1860"/><String ID="p385_w1064" CONTENT="allows" HPOS="1877" VPOS="2224" WIDTH="111" HEIGHT="75" STYLEREFS="font0"/><SP WIDTH="18" VPOS="2224" HPOS="1988"/><String ID="p385_w1065" CONTENT="a" HPOS="2006" VPOS="2224" WIDTH="17" HEIGHT="75" STYLEREFS="font0"/><SP WIDTH="10" VPOS="2224" HPOS="2023"/><String ID="p385_w1066" CONTENT="fuificient" HPOS="2033" VPOS="2224" WIDTH="156" HEIGHT="75" STYLEREFS="font0"/><SP WIDTH="17" VPOS="2224" HPOS="2189"/><String ID="p385_w1067" CONTENT="and" HPOS="2206" VPOS="2224" WIDTH="64" HEIGHT="75" STYLEREFS="font0"/></TextLine><TextLine WIDTH="1030" HEIGHT="75" ID="p385_t111" HPOS="1240" VPOS="2275"><String ID="p385_w1068" CONTENT="" HPOS="1240" VPOS="2275" WIDTH="24" HEIGHT="75" STYLEREFS="font0"/><SP WIDTH="25" VPOS="2275" HPOS="1264"/><String ID="p385_w1069" CONTENT="eafy" HPOS="1289" VPOS="2275" WIDTH="72" HEIGHT="75" STYLEREFS="font0"/><SP WIDTH="16" VPOS="2275" HPOS="1361"/><String ID="p385_w1070" CONTENT="paflage" HPOS="1377" VPOS="2275" WIDTH="123" HEIGHT="75" STYLEREFS="font0"/><SP WIDTH="16" VPOS="2275" HPOS="1500"/><String ID="p385_w1071" CONTENT="for" HPOS="1516" VPOS="2275" WIDTH="51" HEIGHT="75" STYLEREFS="font0"/><SP WIDTH="17" VPOS="2275" HPOS="1567"/><String ID="p385_w1072" CONTENT="the" HPOS="1584" VPOS="2275" WIDTH="55" HEIGHT="75" STYLEREFS="font0"/><SP WIDTH="16" VPOS="2275" HPOS="1639"/><String ID="p385_w1073" CONTENT="bees" HPOS="1655" VPOS="2275" WIDTH="73" HEIGHT="75" STYLEREFS="font0"/><SP WIDTH="18" VPOS="2275" HPOS="1728"/><String ID="p385_w1074" CONTENT="from" HPOS="1746" VPOS="2275" WIDTH="84" HEIGHT="75" STYLEREFS="font0"/><SP WIDTH="16" VPOS="2275" HPOS="1830"/><String ID="p385_w1075" CONTENT="one" HPOS="1846" VPOS="2275" WIDTH="60" HEIGHT="75" STYLEREFS="font0"/><SP WIDTH="12" VPOS="2275" HPOS="1906"/><String ID="p385_w1076" CONTENT="hive" HPOS="1918" VPOS="2275" WIDTH="73" HEIGHT="75" STYLEREFS="font0"/><SP WIDTH="11" VPOS="2275" HPOS="1991"/><String ID="p385_w1077" CONTENT="to" HPOS="2002" VPOS="2275" WIDTH="36" HEIGHT="75" STYLEREFS="font0"/><SP WIDTH="13" VPOS="2275" HPOS="2038"/><String ID="p385_w1078" CONTENT="another," HPOS="2051" VPOS="2275" WIDTH="145" HEIGHT="75" STYLEREFS="font0"/><SP WIDTH="34" VPOS="2275" HPOS="2196"/><String ID="p385_w1079" CONTENT="la" HPOS="2230" VPOS="2275" WIDTH="40" HEIGHT="75" STYLEREFS="font0"/></TextLine><TextLine WIDTH="1030" HEIGHT="75" ID="p385_t112" HPOS="1241" VPOS="2319"><String ID="p385_w1080" CONTENT="" HPOS="1241" VPOS="2319" WIDTH="24" HEIGHT="75" STYLEREFS="font0"/><SP WIDTH="26" VPOS="2319" HPOS="1265"/><String ID="p385_w1081" CONTENT="Cider" HPOS="1291" VPOS="2319" WIDTH="96" HEIGHT="75" STYLEREFS="font0"/><SP WIDTH="15" VPOS="2319" HPOS="1387"/><String ID="p385_w1082" CONTENT="to" HPOS="1402" VPOS="2319" WIDTH="35" HEIGHT="75" STYLEREFS="font0"/><SP WIDTH="12" VPOS="2319" HPOS="1437"/><String ID="p385_w1083" CONTENT="give" HPOS="1449" VPOS="2319" WIDTH="72" HEIGHT="75" STYLEREFS="font0"/><SP WIDTH="12" VPOS="2319" HPOS="1521"/><String ID="p385_w1084" CONTENT="great" HPOS="1533" VPOS="2319" WIDTH="90" HEIGHT="75" STYLEREFS="font0"/><SP WIDTH="17" VPOS="2319" HPOS="1623"/><String ID="p385_w1085" CONTENT="fteadinefs" HPOS="1640" VPOS="2319" WIDTH="164" HEIGHT="75" STYLEREFS="font0"/><SP WIDTH="13" VPOS="2319" HPOS="1804"/><String ID="p385_w1086" CONTENT="to" HPOS="1817" VPOS="2319" WIDTH="34" HEIGHT="75" STYLEREFS="font0"/><SP WIDTH="14" VPOS="2319" HPOS="1851"/><String ID="p385_w1087" CONTENT="the" HPOS="1865" VPOS="2319" WIDTH="53" HEIGHT="75" STYLEREFS="font0"/><SP WIDTH="13" VPOS="2319" HPOS="1918"/><String ID="p385_w1088" CONTENT="combs," HPOS="1931" VPOS="2319" WIDTH="122" HEIGHT="75" STYLEREFS="font0"/><SP WIDTH="13" VPOS="2319" HPOS="2053"/><String ID="p385_w1089" CONTENT="fo" HPOS="2066" VPOS="2319" WIDTH="33" HEIGHT="75" STYLEREFS="font0"/><SP WIDTH="11" VPOS="2319" HPOS="2099"/><String ID="p385_w1090" CONTENT="that," HPOS="2110" VPOS="2319" WIDTH="83" HEIGHT="75" STYLEREFS="font0"/><SP WIDTH="18" VPOS="2319" HPOS="2193"/><String ID="p385_w1091" CONTENT="up-" HPOS="2211" VPOS="2319" WIDTH="60" HEIGHT="75" STYLEREFS="font0"/></TextLine><TextLine WIDTH="1024" HEIGHT="75" ID="p385_t113" HPOS="1241" VPOS="2366"><String ID="p385_w1092" CONTENT="" HPOS="1241" VPOS="2366" WIDTH="24" HEIGHT="75" STYLEREFS="font0"/><SP WIDTH="25" VPOS="2366" HPOS="1265"/><String ID="p385_w1093" CONTENT="on" HPOS="1290" VPOS="2366" WIDTH="41" HEIGHT="75" STYLEREFS="font0"/><SP WIDTH="15" VPOS="2366" HPOS="1331"/><String ID="p385_w1094" CONTENT="moving" HPOS="1346" VPOS="2366" WIDTH="132" HEIGHT="75" STYLEREFS="font0"/><SP WIDTH="22" VPOS="2366" HPOS="1478"/><String ID="p385_w1095" CONTENT="the" HPOS="1500" VPOS="2366" WIDTH="54" HEIGHT="75" STYLEREFS="font0"/><SP WIDTH="23" VPOS="2366" HPOS="1554"/><String ID="p385_w1096" CONTENT="hive," HPOS="1577" VPOS="2366" WIDTH="87" HEIGHT="75" STYLEREFS="font0"/><SP WIDTH="25" VPOS="2366" HPOS="1664"/><String ID="p385_w1097" CONTENT="the" HPOS="1689" VPOS="2366" WIDTH="55" HEIGHT="75" STYLEREFS="font0"/><SP WIDTH="17" VPOS="2366" HPOS="1744"/><String ID="p385_w1098" CONTENT="combs" HPOS="1761" VPOS="2366" WIDTH="109" HEIGHT="75" STYLEREFS="font0"/><SP WIDTH="17" VPOS="2366" HPOS="1870"/><String ID="p385_w1099" CONTENT="may" HPOS="1887" VPOS="2366" WIDTH="73" HEIGHT="75" STYLEREFS="font0"/><SP WIDTH="27" VPOS="2366" HPOS="1960"/><String ID="p385_w1100" CONTENT="not" HPOS="1987" VPOS="2366" WIDTH="56" HEIGHT="75" STYLEREFS="font0"/><SP WIDTH="21" VPOS="2366" HPOS="2043"/><String ID="p385_w1101" CONTENT="foil" HPOS="2064" VPOS="2366" WIDTH="59" HEIGHT="75" STYLEREFS="font0"/><SP WIDTH="19" VPOS="2366" HPOS="2123"/><String ID="p385_w1102" CONTENT="off," HPOS="2142" VPOS="2366" WIDTH="58" HEIGHT="75" STYLEREFS="font0"/><SP WIDTH="27" VPOS="2366" HPOS="2200"/><String ID="p385_w1103" CONTENT="or" HPOS="2227" VPOS="2366" WIDTH="38" HEIGHT="75" STYLEREFS="font0"/></TextLine><TextLine WIDTH="1027" HEIGHT="75" ID="p385_t114" HPOS="1242" VPOS="2410"><String ID="p385_w1104" CONTENT="" HPOS="1242" VPOS="2410" WIDTH="24" HEIGHT="75" STYLEREFS="font0"/><SP WIDTH="25" VPOS="2410" HPOS="1266"/><String ID="p385_w1105" CONTENT="incline" HPOS="1291" VPOS="2410" WIDTH="116" HEIGHT="75" STYLEREFS="font0"/><SP WIDTH="17" VPOS="2410" HPOS="1407"/><String ID="p385_w1106" CONTENT="out" HPOS="1424" VPOS="2410" WIDTH="56" HEIGHT="75" STYLEREFS="font0"/><SP WIDTH="27" VPOS="2410" HPOS="1480"/><String ID="p385_w1107" CONTENT="of" HPOS="1507" VPOS="2410" WIDTH="41" HEIGHT="75" STYLEREFS="font0"/><SP WIDTH="22" VPOS="2410" HPOS="1548"/><String ID="p385_w1108" CONTENT="their" HPOS="1570" VPOS="2410" WIDTH="84" HEIGHT="75" STYLEREFS="font0"/><SP WIDTH="27" VPOS="2410" HPOS="1654"/><String ID="p385_w1109" CONTENT="direction," HPOS="1681" VPOS="2410" WIDTH="166" HEIGHT="75" STYLEREFS="font0"/><SP WIDTH="26" VPOS="2410" HPOS="1847"/><String ID="p385_w1110" CONTENT="a" HPOS="1873" VPOS="2410" WIDTH="18" HEIGHT="75" STYLEREFS="font0"/><SP WIDTH="23" VPOS="2410" HPOS="1891"/><String ID="p385_w1111" CONTENT="flick" HPOS="1914" VPOS="2410" WIDTH="78" HEIGHT="75" STYLEREFS="font0"/><SP WIDTH="16" VPOS="2410" HPOS="1992"/><String ID="p385_w1112" CONTENT="ftiould" HPOS="2008" VPOS="2410" WIDTH="111" HEIGHT="75" STYLEREFS="font0"/><SP WIDTH="22" VPOS="2410" HPOS="2119"/><String ID="p385_w1113" CONTENT="be" HPOS="2141" VPOS="2410" WIDTH="43" HEIGHT="75" STYLEREFS="font0"/><SP WIDTH="24" VPOS="2410" HPOS="2184"/><String ID="p385_w1114" CONTENT="run" HPOS="2208" VPOS="2410" WIDTH="61" HEIGHT="75" STYLEREFS="font0"/></TextLine><TextLine WIDTH="1029" HEIGHT="75" ID="p385_t115" HPOS="1242" VPOS="2461"><String ID="p385_w1115" CONTENT="" HPOS="1242" VPOS="2461" WIDTH="24" HEIGHT="75" STYLEREFS="font0"/><SP WIDTH="26" VPOS="2461" HPOS="1266"/><String ID="p385_w1116" CONTENT="through" HPOS="1292" VPOS="2461" WIDTH="139" HEIGHT="75" STYLEREFS="font0"/><SP WIDTH="17" VPOS="2461" HPOS="1431"/><String ID="p385_w1117" CONTENT="the" HPOS="1448" VPOS="2461" WIDTH="56" HEIGHT="75" STYLEREFS="font0"/><SP WIDTH="16" VPOS="2461" HPOS="1504"/><String ID="p385_w1118" CONTENT="middle" HPOS="1520" VPOS="2461" WIDTH="119" HEIGHT="75" STYLEREFS="font0"/><SP WIDTH="17" VPOS="2461" HPOS="1639"/><String ID="p385_w1119" CONTENT="of" HPOS="1656" VPOS="2461" WIDTH="40" HEIGHT="75" STYLEREFS="font0"/><SP WIDTH="9" VPOS="2461" HPOS="1696"/><String ID="p385_w1120" CONTENT="the" HPOS="1705" VPOS="2461" WIDTH="55" HEIGHT="75" STYLEREFS="font0"/><SP WIDTH="16" VPOS="2461" HPOS="1760"/><String ID="p385_w1121" CONTENT="hive," HPOS="1776" VPOS="2461" WIDTH="85" HEIGHT="75" STYLEREFS="font0"/><SP WIDTH="24" VPOS="2461" HPOS="1861"/><String ID="p385_w1122" CONTENT="in" HPOS="1885" VPOS="2461" WIDTH="34" HEIGHT="75" STYLEREFS="font0"/><SP WIDTH="17" VPOS="2461" HPOS="1919"/><String ID="p385_w1123" CONTENT="a" HPOS="1936" VPOS="2461" WIDTH="18" HEIGHT="75" STYLEREFS="font0"/><SP WIDTH="17" VPOS="2461" HPOS="1954"/><String ID="p385_w1124" CONTENT="direction" HPOS="1971" VPOS="2461" WIDTH="151" HEIGHT="75" STYLEREFS="font0"/><SP WIDTH="13" VPOS="2461" HPOS="2122"/><String ID="p385_w1125" CONTENT="direCtly" HPOS="2135" VPOS="2461" WIDTH="136" HEIGHT="75" STYLEREFS="font0"/></TextLine><TextLine WIDTH="1028" HEIGHT="75" ID="p385_t116" HPOS="1242" VPOS="2509"><String ID="p385_w1126" CONTENT="" HPOS="1242" VPOS="2509" WIDTH="25" HEIGHT="75" STYLEREFS="font0"/><SP WIDTH="26" VPOS="2509" HPOS="1267"/><String ID="p385_w1127" CONTENT="a" HPOS="1293" VPOS="2509" WIDTH="18" HEIGHT="75" STYLEREFS="font0"/><SP WIDTH="17" VPOS="2509" HPOS="1311"/><String ID="p385_w1128" CONTENT="crols" HPOS="1328" VPOS="2509" WIDTH="85" HEIGHT="75" STYLEREFS="font0"/><SP WIDTH="16" VPOS="2509" HPOS="1413"/><String ID="p385_w1129" CONTENT="the" HPOS="1429" VPOS="2509" WIDTH="55" HEIGHT="75" STYLEREFS="font0"/><SP WIDTH="17" VPOS="2509" HPOS="1484"/><String ID="p385_w1130" CONTENT="bars," HPOS="1501" VPOS="2509" WIDTH="86" HEIGHT="75" STYLEREFS="font0"/><SP WIDTH="25" VPOS="2509" HPOS="1587"/><String ID="p385_w1131" CONTENT="or" HPOS="1612" VPOS="2509" WIDTH="38" HEIGHT="75" STYLEREFS="font0"/><SP WIDTH="12" VPOS="2509" HPOS="1650"/><String ID="p385_w1132" CONTENT="at" HPOS="1662" VPOS="2509" WIDTH="31" HEIGHT="75" STYLEREFS="font0"/><SP WIDTH="14" VPOS="2509" HPOS="1693"/><String ID="p385_w1133" CONTENT="right" HPOS="1707" VPOS="2509" WIDTH="84" HEIGHT="75" STYLEREFS="font0"/><SP WIDTH="14" VPOS="2509" HPOS="1791"/><String ID="p385_w1134" CONTENT="angles" HPOS="1805" VPOS="2509" WIDTH="107" HEIGHT="75" STYLEREFS="font0"/><SP WIDTH="16" VPOS="2509" HPOS="1912"/><String ID="p385_w1135" CONTENT="with" HPOS="1928" VPOS="2509" WIDTH="79" HEIGHT="75" STYLEREFS="font0"/><SP WIDTH="7" VPOS="2509" HPOS="2007"/><String ID="p385_w1136" CONTENT="them." HPOS="2014" VPOS="2509" WIDTH="106" HEIGHT="75" STYLEREFS="font0"/><SP WIDTH="39" VPOS="2509" HPOS="2120"/><String ID="p385_w1137" CONTENT="When" HPOS="2159" VPOS="2509" WIDTH="111" HEIGHT="75" STYLEREFS="font0"/></TextLine><TextLine WIDTH="1028" HEIGHT="75" ID="p385_t117" HPOS="1242" VPOS="2550"><String ID="p385_w1138" CONTENT="" HPOS="1242" VPOS="2550" WIDTH="24" HEIGHT="75" STYLEREFS="font0"/><SP WIDTH="26" VPOS="2550" HPOS="1266"/><String ID="p385_w1139" CONTENT="the" HPOS="1292" VPOS="2550" WIDTH="56" HEIGHT="75" STYLEREFS="font0"/><SP WIDTH="17" VPOS="2550" HPOS="1348"/><String ID="p385_w1140" CONTENT="hives" HPOS="1365" VPOS="2550" WIDTH="88" HEIGHT="75" STYLEREFS="font0"/><SP WIDTH="13" VPOS="2550" HPOS="1453"/><String ID="p385_w1141" CONTENT="are" HPOS="1466" VPOS="2550" WIDTH="52" HEIGHT="75" STYLEREFS="font0"/><SP WIDTH="12" VPOS="2550" HPOS="1518"/><String ID="p385_w1142" CONTENT="made," HPOS="1530" VPOS="2550" WIDTH="103" HEIGHT="75" STYLEREFS="font0"/><SP WIDTH="26" VPOS="2550" HPOS="1633"/><String ID="p385_w1143" CONTENT="a^piece" HPOS="1659" VPOS="2550" WIDTH="121" HEIGHT="75" STYLEREFS="font0"/><SP WIDTH="17" VPOS="2550" HPOS="1780"/><String ID="p385_w1144" CONTENT="of" HPOS="1797" VPOS="2550" WIDTH="40" HEIGHT="75" STYLEREFS="font0"/><SP WIDTH="11" VPOS="2550" HPOS="1837"/><String ID="p385_w1145" CONTENT="wood" HPOS="1848" VPOS="2550" WIDTH="95" HEIGHT="75" STYLEREFS="font0"/><SP WIDTH="16" VPOS="2550" HPOS="1943"/><String ID="p385_w1146" CONTENT="fhould" HPOS="1959" VPOS="2550" WIDTH="111" HEIGHT="75" STYLEREFS="font0"/><SP WIDTH="11" VPOS="2550" HPOS="2070"/><String ID="p385_w1147" CONTENT="be" HPOS="2081" VPOS="2550" WIDTH="39" HEIGHT="75" STYLEREFS="font0"/><SP WIDTH="15" VPOS="2550" HPOS="2120"/><String ID="p385_w1148" CONTENT="worked" HPOS="2135" VPOS="2550" WIDTH="135" HEIGHT="75" STYLEREFS="font0"/></TextLine><TextLine WIDTH="1027" HEIGHT="75" ID="p385_t118" HPOS="1244" VPOS="2597"><String ID="p385_w1149" CONTENT="" HPOS="1244" VPOS="2597" WIDTH="24" HEIGHT="75" STYLEREFS="font0"/><SP WIDTH="25" VPOS="2597" HPOS="1268"/><String ID="p385_w1150" CONTENT="into" HPOS="1293" VPOS="2597" WIDTH="69" HEIGHT="75" STYLEREFS="font0"/><SP WIDTH="27" VPOS="2597" HPOS="1362"/><String ID="p385_w1151" CONTENT="the" HPOS="1389" VPOS="2597" WIDTH="55" HEIGHT="75" STYLEREFS="font0"/><SP WIDTH="18" VPOS="2597" HPOS="1444"/><String ID="p385_w1152" CONTENT="lower" HPOS="1462" VPOS="2597" WIDTH="99" HEIGHT="75" STYLEREFS="font0"/><SP WIDTH="23" VPOS="2597" HPOS="1561"/><String ID="p385_w1153" CONTENT="row" HPOS="1584" VPOS="2597" WIDTH="68" HEIGHT="75" STYLEREFS="font0"/><SP WIDTH="26" VPOS="2597" HPOS="1652"/><String ID="p385_w1154" CONTENT="of" HPOS="1678" VPOS="2597" WIDTH="41" HEIGHT="75" STYLEREFS="font0"/><SP WIDTH="19" VPOS="2597" HPOS="1719"/><String ID="p385_w1155" CONTENT="{{raw," HPOS="1738" VPOS="2597" WIDTH="103" HEIGHT="75" STYLEREFS="font0"/><SP WIDTH="26" VPOS="2597" HPOS="1841"/><String ID="p385_w1156" CONTENT="long" HPOS="1867" VPOS="2597" WIDTH="76" HEIGHT="75" STYLEREFS="font0"/><SP WIDTH="26" VPOS="2597" HPOS="1943"/><String ID="p385_w1157" CONTENT="enough" HPOS="1969" VPOS="2597" WIDTH="127" HEIGHT="75" STYLEREFS="font0"/><SP WIDTH="20" VPOS="2597" HPOS="2096"/><String ID="p385_w1158" CONTENT="to" HPOS="2116" VPOS="2597" WIDTH="35" HEIGHT="75" STYLEREFS="font0"/><SP WIDTH="24" VPOS="2597" HPOS="2151"/><String ID="p385_w1159" CONTENT="allow" HPOS="2175" VPOS="2597" WIDTH="96" HEIGHT="75" STYLEREFS="font0"/></TextLine><TextLine WIDTH="1023" HEIGHT="75" ID="p385_t119" HPOS="1244" VPOS="2643"><String ID="p385_w1160" CONTENT="" HPOS="1244" VPOS="2643" WIDTH="23" HEIGHT="75" STYLEREFS="font0"/><SP WIDTH="26" VPOS="2643" HPOS="1267"/><String ID="p385_w1161" CONTENT="a" HPOS="1293" VPOS="2643" WIDTH="19" HEIGHT="75" STYLEREFS="font0"/><SP WIDTH="16" VPOS="2643" HPOS="1312"/><String ID="p385_w1162" CONTENT="door" HPOS="1328" VPOS="2643" WIDTH="82" HEIGHT="75" STYLEREFS="font0"/><SP WIDTH="22" VPOS="2643" HPOS="1410"/><String ID="p385_w1163" CONTENT="for" HPOS="1432" VPOS="2643" WIDTH="51" HEIGHT="75" STYLEREFS="font0"/><SP WIDTH="25" VPOS="2643" HPOS="1483"/><String ID="p385_w1164" CONTENT="the" HPOS="1508" VPOS="2643" WIDTH="55" HEIGHT="75" STYLEREFS="font0"/><SP WIDTH="24" VPOS="2643" HPOS="1563"/><String ID="p385_w1165" CONTENT="bees," HPOS="1587" VPOS="2643" WIDTH="87" HEIGHT="75" STYLEREFS="font0"/><SP WIDTH="26" VPOS="2643" HPOS="1674"/><String ID="p385_w1166" CONTENT="of" HPOS="1700" VPOS="2643" WIDTH="40" HEIGHT="75" STYLEREFS="font0"/><SP WIDTH="19" VPOS="2643" HPOS="1740"/><String ID="p385_w1167" CONTENT="four" HPOS="1759" VPOS="2643" WIDTH="74" HEIGHT="75" STYLEREFS="font0"/><SP WIDTH="21" VPOS="2643" HPOS="1833"/><String ID="p385_w1168" CONTENT="indies" HPOS="1854" VPOS="2643" WIDTH="108" HEIGHT="75" STYLEREFS="font0"/><SP WIDTH="24" VPOS="2643" HPOS="1962"/><String ID="p385_w1169" CONTENT="in" HPOS="1986" VPOS="2643" WIDTH="32" HEIGHT="75" STYLEREFS="font0"/><SP WIDTH="28" VPOS="2643" HPOS="2018"/><String ID="p385_w1170" CONTENT="length," HPOS="2046" VPOS="2643" WIDTH="124" HEIGHT="75" STYLEREFS="font0"/><SP WIDTH="33" VPOS="2643" HPOS="2170"/><String ID="p385_w1171" CONTENT="and" HPOS="2203" VPOS="2643" WIDTH="64" HEIGHT="75" STYLEREFS="font0"/></TextLine><TextLine WIDTH="457" HEIGHT="75" ID="p385_t120" HPOS="1246" VPOS="2690"><String ID="p385_w1172" CONTENT="" HPOS="1246" VPOS="2690" WIDTH="23" HEIGHT="75" STYLEREFS="font0"/><SP WIDTH="25" VPOS="2690" HPOS="1269"/><String ID="p385_w1173" CONTENT="half" HPOS="1294" VPOS="2690" WIDTH="73" HEIGHT="75" STYLEREFS="font0"/><SP WIDTH="11" VPOS="2690" HPOS="1367"/><String ID="p385_w1174" CONTENT="an" HPOS="1378" VPOS="2690" WIDTH="39" HEIGHT="75" STYLEREFS="font0"/><SP WIDTH="21" VPOS="2690" HPOS="1417"/><String ID="p385_w1175" CONTENT="inch" HPOS="1438" VPOS="2690" WIDTH="73" HEIGHT="75" STYLEREFS="font0"/><SP WIDTH="16" VPOS="2690" HPOS="1511"/><String ID="p385_w1176" CONTENT="in" HPOS="1527" VPOS="2690" WIDTH="33" HEIGHT="75" STYLEREFS="font0"/><SP WIDTH="19" VPOS="2690" HPOS="1560"/><String ID="p385_w1177" CONTENT="height" HPOS="1579" VPOS="2690" WIDTH="112" HEIGHT="75" STYLEREFS="font0"/><SP WIDTH="6" VPOS="2690" HPOS="1691"/><String ID="p385_w1178" CONTENT="." HPOS="1697" VPOS="2690" WIDTH="6" HEIGHT="75" STYLEREFS="font0"/></TextLine><TextLine WIDTH="984" HEIGHT="75" ID="p385_t121" HPOS="1290" VPOS="2741"><String ID="p385_w1179" CONTENT="" HPOS="1290" VPOS="2741" WIDTH="23" HEIGHT="75" STYLEREFS="font0"/><SP WIDTH="25" VPOS="2741" HPOS="1313"/><String ID="p385_w1180" CONTENT="The" HPOS="1338" VPOS="2741" WIDTH="75" HEIGHT="75" STYLEREFS="font0"/><SP WIDTH="15" VPOS="2741" HPOS="1413"/><String ID="p385_w1181" CONTENT="proprietor" HPOS="1428" VPOS="2741" WIDTH="180" HEIGHT="75" STYLEREFS="font0"/><SP WIDTH="13" VPOS="2741" HPOS="1608"/><String ID="p385_w1182" CONTENT="of" HPOS="1621" VPOS="2741" WIDTH="44" HEIGHT="75" STYLEREFS="font0"/><SP WIDTH="18" VPOS="2741" HPOS="1665"/><String ID="p385_w1183" CONTENT="the" HPOS="1683" VPOS="2741" WIDTH="58" HEIGHT="75" STYLEREFS="font0"/><SP WIDTH="22" VPOS="2741" HPOS="1741"/><String ID="p385_w1184" CONTENT="bees" HPOS="1763" VPOS="2741" WIDTH="74" HEIGHT="75" STYLEREFS="font0"/><SP WIDTH="24" VPOS="2741" HPOS="1837"/><String ID="p385_w1185" CONTENT="Ihould" HPOS="1861" VPOS="2741" WIDTH="111" HEIGHT="75" STYLEREFS="font0"/><SP WIDTH="23" VPOS="2741" HPOS="1972"/><String ID="p385_w1186" CONTENT="provide" HPOS="1995" VPOS="2741" WIDTH="132" HEIGHT="75" STYLEREFS="font0"/><SP WIDTH="12" VPOS="2741" HPOS="2127"/><String ID="p385_w1187" CONTENT="himfolf" HPOS="2139" VPOS="2741" WIDTH="135" HEIGHT="75" STYLEREFS="font0"/></TextLine><TextLine WIDTH="1025" HEIGHT="75" ID="p385_t122" HPOS="1243" VPOS="2783"><String ID="p385_w1188" CONTENT="" HPOS="1243" VPOS="2783" WIDTH="23" HEIGHT="75" STYLEREFS="font0"/><SP WIDTH="25" VPOS="2783" HPOS="1266"/><String ID="p385_w1189" CONTENT="with" HPOS="1291" VPOS="2783" WIDTH="79" HEIGHT="75" STYLEREFS="font0"/><SP WIDTH="16" VPOS="2783" HPOS="1370"/><String ID="p385_w1190" CONTENT="feveral" HPOS="1386" VPOS="2783" WIDTH="118" HEIGHT="75" STYLEREFS="font0"/><SP WIDTH="16" VPOS="2783" HPOS="1504"/><String ID="p385_w1191" CONTENT="flat" HPOS="1520" VPOS="2783" WIDTH="55" HEIGHT="75" STYLEREFS="font0"/><SP WIDTH="17" VPOS="2783" HPOS="1575"/><String ID="p385_w1192" CONTENT="covers" HPOS="1592" VPOS="2783" WIDTH="110" HEIGHT="75" STYLEREFS="font0"/><SP WIDTH="23" VPOS="2783" HPOS="1702"/><String ID="p385_w1193" CONTENT="of" HPOS="1725" VPOS="2783" WIDTH="40" HEIGHT="75" STYLEREFS="font0"/><SP WIDTH="12" VPOS="2783" HPOS="1765"/><String ID="p385_w1194" CONTENT="ftraw," HPOS="1777" VPOS="2783" WIDTH="103" HEIGHT="75" STYLEREFS="font0"/><SP WIDTH="26" VPOS="2783" HPOS="1880"/><String ID="p385_w1195" CONTENT="worked" HPOS="1906" VPOS="2783" WIDTH="132" HEIGHT="75" STYLEREFS="font0"/><SP WIDTH="16" VPOS="2783" HPOS="2038"/><String ID="p385_w1196" CONTENT="of" HPOS="2054" VPOS="2783" WIDTH="39" HEIGHT="75" STYLEREFS="font0"/><SP WIDTH="19" VPOS="2783" HPOS="2093"/><String ID="p385_w1197" CONTENT="the" HPOS="2112" VPOS="2783" WIDTH="55" HEIGHT="75" STYLEREFS="font0"/><SP WIDTH="16" VPOS="2783" HPOS="2167"/><String ID="p385_w1198" CONTENT="fame" HPOS="2183" VPOS="2783" WIDTH="85" HEIGHT="75" STYLEREFS="font0"/></TextLine><TextLine WIDTH="1026" HEIGHT="75" ID="p385_t123" HPOS="1241" VPOS="2835"><String ID="p385_w1199" CONTENT="" HPOS="1241" VPOS="2835" WIDTH="25" HEIGHT="75" STYLEREFS="font0"/><SP WIDTH="23" VPOS="2835" HPOS="1266"/><String ID="p385_w1200" CONTENT="thicknefs" HPOS="1289" VPOS="2835" WIDTH="160" HEIGHT="75" STYLEREFS="font0"/><SP WIDTH="12" VPOS="2835" HPOS="1449"/><String ID="p385_w1201" CONTENT="as" HPOS="1461" VPOS="2835" WIDTH="33" HEIGHT="75" STYLEREFS="font0"/><SP WIDTH="17" VPOS="2835" HPOS="1494"/><String ID="p385_w1202" CONTENT="the" HPOS="1511" VPOS="2835" WIDTH="55" HEIGHT="75" STYLEREFS="font0"/><SP WIDTH="16" VPOS="2835" HPOS="1566"/><String ID="p385_w1203" CONTENT="hives," HPOS="1582" VPOS="2835" WIDTH="104" HEIGHT="75" STYLEREFS="font0"/><SP WIDTH="25" VPOS="2835" HPOS="1686"/><String ID="p385_w1204" CONTENT="and" HPOS="1711" VPOS="2835" WIDTH="62" HEIGHT="75" STYLEREFS="font0"/><SP WIDTH="12" VPOS="2835" HPOS="1773"/><String ID="p385_w1205" CONTENT="a" HPOS="1785" VPOS="2835" WIDTH="18" HEIGHT="75" STYLEREFS="font0"/><SP WIDTH="15" VPOS="2835" HPOS="1803"/><String ID="p385_w1206" CONTENT="foot" HPOS="1818" VPOS="2835" WIDTH="72" HEIGHT="75" STYLEREFS="font0"/><SP WIDTH="10" VPOS="2835" HPOS="1890"/><String ID="p385_w1207" CONTENT="in" HPOS="1900" VPOS="2835" WIDTH="33" HEIGHT="75" STYLEREFS="font0"/><SP WIDTH="14" VPOS="2835" HPOS="1933"/><String ID="p385_w1208" CONTENT="diameter," HPOS="1947" VPOS="2835" WIDTH="167" HEIGHT="75" STYLEREFS="font0"/><SP WIDTH="25" VPOS="2835" HPOS="2114"/><String ID="p385_w1209" CONTENT="that'fo" HPOS="2139" VPOS="2835" WIDTH="128" HEIGHT="75" STYLEREFS="font0"/></TextLine><TextLine WIDTH="1024" HEIGHT="75" ID="p385_t124" HPOS="1241" VPOS="2877"><String ID="p385_w1210" CONTENT="" HPOS="1241" VPOS="2877" WIDTH="23" HEIGHT="75" STYLEREFS="font0"/><SP WIDTH="26" VPOS="2877" HPOS="1264"/><String ID="p385_w1211" CONTENT="it" HPOS="1290" VPOS="2877" WIDTH="25" HEIGHT="75" STYLEREFS="font0"/><SP WIDTH="12" VPOS="2877" HPOS="1315"/><String ID="p385_w1212" CONTENT="may" HPOS="1327" VPOS="2877" WIDTH="73" HEIGHT="75" STYLEREFS="font0"/><SP WIDTH="13" VPOS="2877" HPOS="1400"/><String ID="p385_w1213" CONTENT="be" HPOS="1413" VPOS="2877" WIDTH="38" HEIGHT="75" STYLEREFS="font0"/><SP WIDTH="12" VPOS="2877" HPOS="1451"/><String ID="p385_w1214" CONTENT="of" HPOS="1463" VPOS="2877" WIDTH="41" HEIGHT="75" STYLEREFS="font0"/><SP WIDTH="9" VPOS="2877" HPOS="1504"/><String ID="p385_w1215" CONTENT="the" HPOS="1513" VPOS="2877" WIDTH="56" HEIGHT="75" STYLEREFS="font0"/><SP WIDTH="16" VPOS="2877" HPOS="1569"/><String ID="p385_w1216" CONTENT="fame" HPOS="1585" VPOS="2877" WIDTH="82" HEIGHT="75" STYLEREFS="font0"/><SP WIDTH="13" VPOS="2877" HPOS="1667"/><String ID="p385_w1217" CONTENT="width" HPOS="1680" VPOS="2877" WIDTH="101" HEIGHT="75" STYLEREFS="font0"/><SP WIDTH="12" VPOS="2877" HPOS="1781"/><String ID="p385_w1218" CONTENT="as" HPOS="1793" VPOS="2877" WIDTH="33" HEIGHT="75" STYLEREFS="font0"/><SP WIDTH="13" VPOS="2877" HPOS="1826"/><String ID="p385_w1219" CONTENT="the" HPOS="1839" VPOS="2877" WIDTH="54" HEIGHT="75" STYLEREFS="font0"/><SP WIDTH="12" VPOS="2877" HPOS="1893"/><String ID="p385_w1220" CONTENT="outfide" HPOS="1905" VPOS="2877" WIDTH="120" HEIGHT="75" STYLEREFS="font0"/><SP WIDTH="16" VPOS="2877" HPOS="2025"/><String ID="p385_w1221" CONTENT="of" HPOS="2041" VPOS="2877" WIDTH="42" HEIGHT="75" STYLEREFS="font0"/><SP WIDTH="10" VPOS="2877" HPOS="2083"/><String ID="p385_w1222" CONTENT="the" HPOS="2093" VPOS="2877" WIDTH="55" HEIGHT="75" STYLEREFS="font0"/><SP WIDTH="16" VPOS="2877" HPOS="2148"/><String ID="p385_w1223" CONTENT="hives." HPOS="2164" VPOS="2877" WIDTH="101" HEIGHT="75" STYLEREFS="font0"/></TextLine><TextLine WIDTH="1032" HEIGHT="75" ID="p385_t125" HPOS="1241" VPOS="2924"><String ID="p385_w1224" CONTENT="" HPOS="1241" VPOS="2924" WIDTH="23" HEIGHT="75" STYLEREFS="font0"/><SP WIDTH="26" VPOS="2924" HPOS="1264"/><String ID="p385_w1225" CONTENT="Before" HPOS="1290" VPOS="2924" WIDTH="118" HEIGHT="75" STYLEREFS="font0"/><SP WIDTH="16" VPOS="2924" HPOS="1408"/><String ID="p385_w1226" CONTENT="the" HPOS="1424" VPOS="2924" WIDTH="54" HEIGHT="75" STYLEREFS="font0"/><SP WIDTH="18" VPOS="2924" HPOS="1478"/><String ID="p385_w1227" CONTENT="cover" HPOS="1496" VPOS="2924" WIDTH="94" HEIGHT="75" STYLEREFS="font0"/><SP WIDTH="22" VPOS="2924" HPOS="1590"/><String ID="p385_w1228" CONTENT="is" HPOS="1612" VPOS="2924" WIDTH="28" HEIGHT="75" STYLEREFS="font0"/><SP WIDTH="24" VPOS="2924" HPOS="1640"/><String ID="p385_w1229" CONTENT="applied" HPOS="1664" VPOS="2924" WIDTH="123" HEIGHT="75" STYLEREFS="font0"/><SP WIDTH="24" VPOS="2924" HPOS="1787"/><String ID="p385_w1230" CONTENT="to" HPOS="1811" VPOS="2924" WIDTH="35" HEIGHT="75" STYLEREFS="font0"/><SP WIDTH="27" VPOS="2924" HPOS="1846"/><String ID="p385_w1231" CONTENT="the" HPOS="1873" VPOS="2924" WIDTH="54" HEIGHT="75" STYLEREFS="font0"/><SP WIDTH="28" VPOS="2924" HPOS="1927"/><String ID="p385_w1232" CONTENT="hive," HPOS="1955" VPOS="2924" WIDTH="86" HEIGHT="75" STYLEREFS="font0"/><SP WIDTH="34" VPOS="2924" HPOS="2041"/><String ID="p385_w1233" CONTENT="a" HPOS="2075" VPOS="2924" WIDTH="18" HEIGHT="75" STYLEREFS="font0"/><SP WIDTH="21" VPOS="2924" HPOS="2093"/><String ID="p385_w1234" CONTENT="piece" HPOS="2114" VPOS="2924" WIDTH="88" HEIGHT="75" STYLEREFS="font0"/><SP WIDTH="30" VPOS="2924" HPOS="2202"/><String ID="p385_w1235" CONTENT="of" HPOS="2232" VPOS="2924" WIDTH="41" HEIGHT="75" STYLEREFS="font0"/></TextLine><TextLine WIDTH="1029" HEIGHT="75" ID="p385_t126" HPOS="1240" VPOS="2971"><String ID="p385_w1236" CONTENT="" HPOS="1240" VPOS="2971" WIDTH="23" HEIGHT="75" STYLEREFS="font0"/><SP WIDTH="28" VPOS="2971" HPOS="1263"/><String ID="p385_w1237" CONTENT="clean" HPOS="1291" VPOS="2971" WIDTH="88" HEIGHT="75" STYLEREFS="font0"/><SP WIDTH="15" VPOS="2971" HPOS="1379"/><String ID="p385_w1238" CONTENT="paper," HPOS="1394" VPOS="2971" WIDTH="108" HEIGHT="75" STYLEREFS="font0"/><SP WIDTH="27" VPOS="2971" HPOS="1502"/><String ID="p385_w1239" CONTENT="of" HPOS="1529" VPOS="2971" WIDTH="40" HEIGHT="75" STYLEREFS="font0"/><SP WIDTH="10" VPOS="2971" HPOS="1569"/><String ID="p385_w1240" CONTENT="the" HPOS="1579" VPOS="2971" WIDTH="56" HEIGHT="75" STYLEREFS="font0"/><SP WIDTH="16" VPOS="2971" HPOS="1635"/><String ID="p385_w1241" CONTENT="fize" HPOS="1651" VPOS="2971" WIDTH="61" HEIGHT="75" STYLEREFS="font0"/><SP WIDTH="16" VPOS="2971" HPOS="1712"/><String ID="p385_w1242" CONTENT="of" HPOS="1728" VPOS="2971" WIDTH="40" HEIGHT="75" STYLEREFS="font0"/><SP WIDTH="11" VPOS="2971" HPOS="1768"/><String ID="p385_w1243" CONTENT="the" HPOS="1779" VPOS="2971" WIDTH="55" HEIGHT="75" STYLEREFS="font0"/><SP WIDTH="11" VPOS="2971" HPOS="1834"/><String ID="p385_w1244" CONTENT="top" HPOS="1845" VPOS="2971" WIDTH="56" HEIGHT="75" STYLEREFS="font0"/><SP WIDTH="15" VPOS="2971" HPOS="1901"/><String ID="p385_w1245" CONTENT="of" HPOS="1916" VPOS="2971" WIDTH="41" HEIGHT="75" STYLEREFS="font0"/><SP WIDTH="18" VPOS="2971" HPOS="1957"/><String ID="p385_w1246" CONTENT="the" HPOS="1975" VPOS="2971" WIDTH="56" HEIGHT="75" STYLEREFS="font0"/><SP WIDTH="15" VPOS="2971" HPOS="2031"/><String ID="p385_w1247" CONTENT="hive," HPOS="2046" VPOS="2971" WIDTH="86" HEIGHT="75" STYLEREFS="font0"/><SP WIDTH="25" VPOS="2971" HPOS="2132"/><String ID="p385_w1248" CONTENT="ftiould" HPOS="2157" VPOS="2971" WIDTH="112" HEIGHT="75" STYLEREFS="font0"/></TextLine><TextLine WIDTH="1026" HEIGHT="75" ID="p385_t127" HPOS="1243" VPOS="3023"><String ID="p385_w1249" CONTENT="" HPOS="1243" VPOS="3023" WIDTH="23" HEIGHT="75" STYLEREFS="font0"/><SP WIDTH="16" VPOS="3023" HPOS="1266"/><String ID="p385_w1250" CONTENT="'" HPOS="1282" VPOS="3023" WIDTH="8" HEIGHT="75" STYLEREFS="font0"/><String ID="p385_w1251" CONTENT="be" HPOS="1290" VPOS="3023" WIDTH="41" HEIGHT="75" STYLEREFS="font0"/><SP WIDTH="11" VPOS="3023" HPOS="1331"/><String ID="p385_w1252" CONTENT="laid" HPOS="1342" VPOS="3023" WIDTH="67" HEIGHT="75" STYLEREFS="font0"/><SP WIDTH="16" VPOS="3023" HPOS="1409"/><String ID="p385_w1253" CONTENT="over" HPOS="1425" VPOS="3023" WIDTH="76" HEIGHT="75" STYLEREFS="font0"/><SP WIDTH="15" VPOS="3023" HPOS="1501"/><String ID="p385_w1254" CONTENT="it," HPOS="1516" VPOS="3023" WIDTH="38" HEIGHT="75" STYLEREFS="font0"/><SP WIDTH="25" VPOS="3023" HPOS="1554"/><String ID="p385_w1255" CONTENT="and" HPOS="1579" VPOS="3023" WIDTH="62" HEIGHT="75" STYLEREFS="font0"/><SP WIDTH="16" VPOS="3023" HPOS="1641"/><String ID="p385_w1256" CONTENT="a" HPOS="1657" VPOS="3023" WIDTH="19" HEIGHT="75" STYLEREFS="font0"/><SP WIDTH="11" VPOS="3023" HPOS="1676"/><String ID="p385_w1257" CONTENT="-coat" HPOS="1687" VPOS="3023" WIDTH="77" HEIGHT="75" STYLEREFS="font0"/><SP WIDTH="15" VPOS="3023" HPOS="1764"/><String ID="p385_w1258" CONTENT="of" HPOS="1779" VPOS="3023" WIDTH="42" HEIGHT="75" STYLEREFS="font0"/><SP WIDTH="17" VPOS="3023" HPOS="1821"/><String ID="p385_w1259" CONTENT="cow-dung," HPOS="1838" VPOS="3023" WIDTH="184" HEIGHT="75" STYLEREFS="font0"/><SP WIDTH="25" VPOS="3023" HPOS="2022"/><String ID="p385_w1260" CONTENT="which" HPOS="2047" VPOS="3023" WIDTH="105" HEIGHT="75" STYLEREFS="font0"/><SP WIDTH="17" VPOS="3023" HPOS="2152"/><String ID="p385_w1261" CONTENT="is" HPOS="2169" VPOS="3023" WIDTH="25" HEIGHT="75" STYLEREFS="font0"/><SP WIDTH="18" VPOS="3023" HPOS="2194"/><String ID="p385_w1262" CONTENT="the" HPOS="2212" VPOS="3023" WIDTH="57" HEIGHT="75" STYLEREFS="font0"/></TextLine><TextLine WIDTH="72" HEIGHT="75" ID="p385_t128" HPOS="1693" VPOS="3073"><String ID="p385_w1263" CONTENT="4" HPOS="1693" VPOS="3073" WIDTH="21" HEIGHT="75" STYLEREFS="font0"/><SP WIDTH="23" VPOS="3073" HPOS="1714"/><String ID="p385_w1264" CONTENT="P" HPOS="1737" VPOS="3073" WIDTH="28" HEIGHT="75" STYLEREFS="font0"/></TextLine><TextLine WIDTH="126" HEIGHT="75" ID="p385_t129" HPOS="2145" VPOS="3073"><String ID="p385_w1265" CONTENT="" HPOS="2145" VPOS="3073" WIDTH="24" HEIGHT="75" STYLEREFS="font0"/><SP WIDTH="24" VPOS="3073" HPOS="2169"/><String ID="p385_w1266" CONTENT="leaf!:" HPOS="2193" VPOS="3073" WIDTH="78" HEIGHT="75" STYLEREFS="font0"/></TextLine></PrintSpace></Page></Layout></alto>