2428 3377
159 167 15 75 I
174 199 32 49 5
206 167 33 75 0

703 167 39 75 A
856 167 43 75 N
1014 167 43 75 A
1172 167 39 75 T

156 234 41 75 of
217 234 108 75 which
350 234 56 75 the
434 234 202 75 cor.junfdon
656 234 41 75 of
714 234 57 75 the
787 234 36 75 os
839 234 122 75 facrum
979 234 61 75 and
1056 234 136 75 innomi*

156 280 112 75 natum
283 280 28 75 is
328 280 39 75 an
385 280 309 75 example.—They
710 280 106 75 afford
842 280 19 75 a
883 280 110 75 focket
1017 280 52 75 for
1084 280 109 75 move-

156 326 72 75 able
256 326 99 75 bones
380 326 36 75 to
440 326 74 75 play
533 326 45 75 in,
605 326 32 75 as
662 326 48 75 we
734 326 51 75 fee
812 326 70 75 part
907 326 40 75 of
973 326 55 75 the
1054 326 137 75 aftraga-

151 372 7 75 '
158 372 47 75 lus
223 372 76 75 does
320 372 42 75 on
378 372 54 75 the
452 372 155 75 ligament
622 372 161 75 flretched
797 372 86 75 from
898 372 57 75 the
970 372 173 75 heel-bone
1155 372 36 75 to

155 419 57 75 the
227 419 163 75 fcaphoid.

202 466 185 75 Numerous
409 466 273 75 inconveniencies
702 466 74 75 may
793 466 78 75 arife
887 466 86 75 from
989 466 56 75 too
1060 466 78 75 long
1154 466 38 75 or

152 513 103 75 fhort,
281 513 107 75 ftrong
403 513 38 75 or
456 513 103 75 weak,
584 513 56 75 lax
656 513 39 75 or
718 513 83 75 rigid
827 513 184 75 ligaments.

198 558 266 75 Cartilages
493 558 54 75 are
574 558 93 75 folid,
696 558 140 75 fmooth,
864 558 97 75 white
989 558 106 75 elaftic
1118 558 73 75 fub-

154 603 135 75 flances,
313 603 145 75 between
485 603 56 75 the
564 603 151 75 hardnefs
738 603 41 75 of
797 603 98 75 bones
921 603 64 75 and
1009 603 182 75 ligaments,

154 651 65 75 and
244 651 136 75 covered
407 651 80 75 with
511 651 19 75 a
553 651 195 75 membrane,
778 651 115 75 named
913 651 278 75 perichondrium,

155 697 107 75 which
278 697 26 75 is
321 697 40 75 of
372 697 57 75 the
445 697 82 75 fame
539 697 151 75 ftru&ure
707 697 63 75 and
785 697 54 75 ufe
855 697 36 75 to
906 697 89 75 them
1011 697 34 75 as
1062 697 56 75 the
1134 697 56 75 pe-

153 744 150 75 riofteum
319 744 28 75 is
370 744 36 75 to
421 744 55 75 the
491 744 113 75 bones.

203 790 181 75 Cartilages
401 790 54 75 are
471 790 168 75 compofed
666 790 42 75 of
726 790 114 75 plates,
863 790 107 75 which
988 790 52 75 are
1064 790 127 75 formed

155 836 42 75 of
215 836 107 75 fibres,
347 836 144 75 difpofed
518 836 96 75 much
638 836 32 75 in
697 836 54 75 the
777 836 84 75 fame
885 836 72 75 way
974 836 33 75 as
1035 836 91 75 thofe
1154 836 42 75 of

153 882 101 75 bones
270 882 54 75 are
336 882 9 75 ;
373 882 34 75 as
423 882 103 75 might
541 882 41 75 be
598 882 186 75 reafonably
792 882 178 75 concluded
985 882 84 75 from
1082 882 107 75 obfer-

153 929 78 75 ving
246 929 98 75 bones
369 929 31 75 in
414 929 19 75 a
445 929 227 75 cartilaginous
692 929 78 75 flute
785 929 111 75 before
913 929 77 75 they
1007 929 101 75 oflify,
1126 929 63 75 and

152 975 87 75 from
255 975 117 75 feeing,
398 975 42 75 on
456 975 56 75 the
528 975 95 75 other
644 975 98 75 hand,
771 975 33 75 fo
821 975 96 75 many
939 975 168 75 cartilages
1133 975 55 75 be-

152 1022 93 75 come
271 1022 100 75 bony.
418 1022 86 75 This
532 1022 74 75 may
621 1022 41 75 be
686 1022 61 75 flill
772 1022 128 75 further
926 1022 185 75 confirmed,
1145 1022 44 75 by

152 1068 57 75 the
226 1068 192 75 exfoliation
435 1068 105 75 which
558 1068 170 75 cartilages
744 1068 53 75 are
814 1068 119 75 fubjeft
950 1068 48 75 to,
1016 1068 32 75 as
1066 1068 73 75 well
1156 1068 33 75 as

152 1115 114 75 bones.

200 1161 77 75 The
292 1161 258 75 perichondrium
569 1161 39 75 of
626 1161 118 75 feveral
762 1161 179 75 cartilages,
959 1161 52 75 for
1028 1161 159 75 example,

152 1207 91 75 thofe
271 1207 41 75 of
330 1207 55 75 the
409 1207 66 75 ribs
493 1207 62 75 and
574 1207 129 75 larynx,
728 1207 57 75 has
803 1207 131 75 arteries
950 1207 104 75 which
1074 1207 57 75 can
1150 1207 39 75 be

152 1253 132 75 equally
301 1253 71 75 well
389 1253 136 75 injedted
542 1253 80 75 with
645 1253 91 75 thofe
752 1253 41 75 of
811 1253 55 75 the
883 1253 201 75 periofleum.

199 1300 76 75 The
298 1300 189 75 granulated
503 1300 72 75 flelh
593 1300 106 75 which
711 1300 74 75 rifes
802 1300 84 75 from
904 1300 55 75 the
975 1300 77 75 ends
1069 1300 41 75 of
1121 1300 66 75 me-

150 1345 141 75 tacarpal
309 1345 36 75 or
362 1345 181 75 mctatarfal
560 1345 112 75 bones,
698 1345 92 75 when
814 1345 56 75 the
894 1345 152 75 cartilage
1068 1345 118 75 exfoli-

150 1392 83 75 ates,
258 1392 84 75 after
357 1392 19 75 a
396 1392 104 75 finger
525 1392 36 75 or
577 1392 56 75 toe
649 1392 58 75 has
724 1392 80 75 been
820 1392 95 75 taken
932 1392 52 75 off
995 1392 33 75 at
1044 1392 55 75 the
1121 1392 65 75 firfl

145 1439 101 75 joint,
263 1439 27 75 is
307 1439 79 75 very
400 1439 142 75 fenfible,
555 1439 84 75 from
655 1439 42 75 W'
697 1439 65 75 hich
778 1439 56 75 the
851 1439 157 75 exiflence
1023 1439 41 75 of
1073 1439 113 75 nerves

148 1485 36 75 in
212 1485 167 75 cartilages
396 1485 74 75 may
485 1485 40 75 be
541 1485 153 75 inferred.

198 1532 115 75 While
330 1532 166 75 cartilages
514 1532 53 75 are
583 1532 32 75 in
632 1532 19 75 a
672 1532 126 75 natural
820 1532 90 75 flate,
934 1532 27 75 it
976 1532 27 75 is
1024 1532 35 75 to
1079 1532 39 75 be
1134 1532 51 75 re-

151 1578 147 75 marked,
323 1578 78 75 firft.
423 1578 94 75 That
532 1578 78 75 they
624 1578 82 75 have
722 1578 42 75 no
780 1578 107 75 cavity
903 1578 33 75 in
958 1578 85 75 their
1065 1578 121 75 middle

149 1624 55 75 for
219 1624 151 75 marrow.
420 1624 174 75 Secondly,
609 1624 94 75 That
719 1624 84 75 their
815 1624 92 75 outer
923 1624 122 75 furface
1060 1624 28 75 is
1105 1624 78 75 foft-

150 1671 58 75 Cft,
233 1671 108 75 which
359 1671 135 75 renders
510 1671 90 75 them
615 1671 89 75 more
720 1671 145 75 flexible.
912 1671 157 75 Thirdly,
1091 1671 93 75 That

149 1717 81 75 they
244 1717 45 75 do
304 1717 58 75 not
378 1717 115 75 appear
509 1717 36 75 to
561 1717 121 75 change
699 1717 84 75 their
800 1717 131 75 texture
947 1717 76 75 near
1038 1717 34 75 fo
1087 1717 95 75 much

150 1763 45 75 by
210 1763 88 75 acids
315 1763 34 75 as
375 1763 97 75 bones
489 1763 56 75 do.
594 1763 89 75 And,
701 1763 104 75 laflly,
828 1763 93 75 That
938 1763 33 75 as
988 1763 56 75 the
1059 1763 125 75 fpecific

150 1809 128 75 gravity
294 1809 40 75 of
352 1809 167 75 cartilages
547 1809 28 75 is
603 1809 75 75 near
705 1809 19 75 a
750 1809 89 75 third
861 1809 60 75 lefs
949 1809 78 75 than
1051 1809 71 75 that
1149 1809 41 75 of

149 1856 113 75 bones,
295 1856 34 75 fo
347 1856 56 75 the
429 1856 147 75 cohefion
593 1856 40 75 of
644 1856 83 75 their
745 1856 119 75 feveral
892 1856 101 75 plates
1017 1856 27 75 is
1069 1856 57 75 not
1148 1856 34 75 fo

150 1902 107 75 ftrong
273 1902 34 75 as
324 1902 32 75 in
372 1902 99 75 bones
483 1902 10 75 ;
519 1902 131 75 whence
662 1902 166 75 cartilages
843 1902 66 75 laid
919 1902 76 75 bare
1007 1902 32 75 in
1049 1902 135 75 wounds

151 1948 38 75 ©r
205 1948 117 75 ulcers,
350 1948 54 75 are
421 1948 56 75 not
493 1948 77 75 only
585 1948 89 75 more
689 1948 97 75 liable
802 1948 35 75 to
850 1948 147 75 corrupt,
1016 1948 58 75 but
1090 1948 92 75 exfo-

149 1995 77 75 liate
243 1995 95 75 much
355 1995 114 75 fooner
484 1995 78 75 than
578 1995 100 75 bones
695 1995 56 75 do.

200 2041 178 75 Cartilages
395 2041 84 75 feem
495 2041 35 75 to
546 2041 41 75 be
611 2041 188 75 principally
818 2041 78 75 kept
918 2041 86 75 from
1024 2041 157 75 edifying,

151 2087 103 75 either
278 2087 45 75 by
340 2087 94 75 being
449 2087 162 75 fubjedted
628 2087 34 75 to
679 2087 155 75 alternate
849 2087 139 75 motions
1005 2087 38 75 of
1063 2087 120 75 flexion

150 2133 64 75 and
230 2133 175 75 extenfion,
417 2133 55 75 the
484 2133 109 75 effedls
606 2133 40 75 of
656 2133 106 75 which
779 2133 53 75 are
847 2133 80 75 very
938 2133 149 75 different
1098 2133 85 75 from

150 2179 63 75 any
228 2179 79 75 kind
323 2179 39 75 of
372 2179 109 75 Ample
500 2179 149 75 preffure,
674 2179 38 75 or
728 2179 43 75 by
787 2179 95 75 being
897 2179 177 75 conftantly
1090 2179 92 75 moif-

149 2224 117 75 tened:
292 2224 109 75 Thus,
431 2224 55 75 the
514 2224 168 75 cartilages
705 2224 42 75 on
772 2224 55 75 the
848 2224 188 75 articulated
1053 2224 78 75 ends
1148 2224 40 75 of

149 2271 57 75 ^he
234 2271 90 75 gjreat
347 2271 99 75 bones
469 2271 41 75 of
528 2271 56 75 the
615 2271 108 75 limbs,
749 2271 62 75 and
837 2271 55 75 the
918 2271 166 75 moveable
1106 2271 77 75 ones

148 2317 115 75 placed
278 2317 143 75 between
439 2317 55 75 the
511 2317 130 75 moving
668 2317 97 75 bones
789 2317 32 75 in
844 2317 85 75 fome
951 2317 231 75 articulations,

149 2368 108 75 which
282 2368 53 75 are
363 2368 129 75 obliged
513 2368 36 75 to
564 2368 97 75 fuffer
677 2368 96 75 many
788 2368 61 75 and
866 2368 151 75 different
1032 2368 150 75 flexions,

150 2411 64 75 mid
237 2411 53 75 are
316 2411 184 75 plentifully
526 2411 185 75 moiftened,
738 2411 106 75 fcarce
871 2411 75 75 ever
968 2411 121 75 change
1115 2411 70 75 into

149 2457 82 75 bone
246 2457 11 75 ;
279 2457 100 75 while
403 2457 89 75 thofe
514 2457 41 75 of
573 2457 57 75 the
653 2457 65 75 ribs
742 2457 62 75 and
819 2457 116 75 larynx
952 2457 53 75 are
1022 2457 89 75 often
1135 2457 48 75 of-

150 2502 99 75 fified.

191 2548 84 75 The
299 2548 165 75 cartilages
492 2548 193 75 fubfervient
717 2548 35 75 to
778 2548 113 75 bones,
924 2548 53 75 are
1004 2548 178 75 fometimes

150 2595 103 75 found
268 2595 41 75 on
326 2595 56 75 the
398 2595 78 75 ends
489 2595 39 75 of
536 2595 96 75 bones
649 2595 106 75 which
768 2595 53 75 are
834 2595 110 75 joined
960 2595 35 75 to
1011 2595 42 75 no
1065 2595 115 75 other;

152 2641 59 75 but
226 2641 54 75 are
296 2641 96 75 never
408 2641 140 75 wanting
563 2641 42 75 on
622 2641 56 75 the
694 2641 91 75 ends,
802 2641 64 75 and
880 2641 32 75 in
930 2641 56 75 the
1002 2641 129 75 cavities
1148 2641 40 75 of

150 2687 76 75 fuch
243 2687 99 75 bones
360 2687 32 75 as
410 2687 53 75 are
485 2687 148 75 defigned
648 2687 53 75 for
715 2687 136 75 motion.

199 2733 75 75 The
291 2733 68 75 ufes
381 2733 40 75 of
443 2733 182 75 cartilages,
654 2733 34 75 fo
704 2733 50 75 far
776 2733 34 75 as
838 2733 79 75 they
932 2733 115 75 regard
1069 2733 111 75 bones,

151 2779 68 75 are,
237 2779 35 75 to
288 2779 107 75 allow,
412 2779 45 75 by
472 2779 85 75 their
571 2779 209 75 fmoothnefs,
797 2779 74 75 fuch
890 2779 97 75 bones
1005 2779 33 75 as
1056 2779 53 75 are
1125 2779 56 75 de-

151 2825 108 75 figned
274 2825 53 75 for
337 2825 136 75 motion,
486 2825 34 75 to
536 2825 74 75 Aide
626 2825 96 75 eaflly
736 2825 137 75 without
889 2825 165 75 detrition,
1070 2825 110 75 while,

151 2870 45 75 by
211 2870 85 75 their
312 2870 184 75 flexibility,
522 2870 77 75 they
615 2870 238 75 accommodate
869 2870 188 75 themfeives
1073 2870 36 75 to
1125 2870 56 75 the

151 2916 119 75 feveral
297 2916 116 75 figures
440 2916 158 75 neceffary
619 2916 33 75 in
676 2916 150 75 different
853 2916 151 75 motions,
1035 2916 74 75 and,
1137 2916 45 75 by

151 2962 85 75 their
260 2962 163 75 elafticity,
455 2962 78 75 they
553 2962 132 75 recover
701 2962 85 75 their
809 2962 124 75 natural
957 2962 137 75 pofition,
1119 2962 62 75 and

150 3009 93 75 lhape
282 3009 34 75 as
352 3009 79 75 foon
473 3009 34 75 as
546 3009 57 75 the
641 3009 137 75 preflure
812 3009 27 75 is
874 3009 209 75 removed.—

1330 160 38 75 O
1485 160 49 75 M
1650 160 56 75 Y.

2110 160 101 75 Part
2236 160 34 75 I

1238 229 85 75 This
1349 229 128 75 fpringy
1504 229 89 75 force
1618 229 73 75 may
1714 229 65 75 alfo
1807 229 77 75 afiift
1915 229 56 75 the
2003 229 121 75 motion
2156 229 40 75 of
2215 229 55 75 the

1236 274 85 75 joint
1337 274 35 75 to
1388 274 40 75 be
1446 274 88 75 more
1551 274 214 75 expeditious,
1790 274 64 75 and
1876 274 75 75 may
1973 274 114 75 render
2104 274 111 75 fiiocks
2238 274 33 75 in

1240 321 146 75 running,
1408 321 161 75 jumping,
1587 321 64 75 be.
1668 321 72 75 lefs.
1837 321 56 75 To
1918 321 86 75 thefe
2027 321 167 75 cartilages
2221 321 49 75 we

1239 369 115 75 chiefly
1370 369 71 75 owe
1465 369 55 75 the
1543 369 140 75 fecurity
1698 369 41 75 of
1758 369 54 75 the
1838 369 165 75 moveable
2026 369 218 75 articulations
2259 369 8 75 :

1240 416 67 75 For
1327 416 139 75 without
1485 416 89 75 them
1591 416 55 75 the
1662 416 86 75 bony
1760 416 93 75 fibres
1870 416 110 75 would
1994 416 108 75 fprout
2121 416 70 75 out,
2209 416 64 75 and

1240 461 178 75 intimately
1434 461 139 75 coalefce
1600 461 79 75 with
1704 461 55 75 the
1776 461 164 75 adjoining
1964 461 103 75 bone;
2095 461 129 75 whence
2253 461 18 75 a

1239 507 71 75 true
1328 507 175 75 anchylofis
1515 507 79 75 mud
1610 507 184 75 neceffarily
1805 507 112 75 follow
1930 507 11 75 ;
1964 507 105 75 which
2086 507 97 75 never
2198 507 73 75 fails

1240 553 35 75 to
1290 553 123 75 happen
1429 553 92 75 when
1540 553 55 75 the
1616 553 166 75 cartilages
1800 553 53 75 are
1873 553 121 75 eroded
2016 553 45 75 by
2076 553 89 75 acrid
2189 553 82 75 mat-

1239 600 61 75 ter,
1326 600 38 75 or
1379 600 116 75 oflified
1516 600 85 75 from
1617 600 86 75 want
1719 600 42 75 of
1773 600 129 75 -motion
1919 600 37 75 or
1972 600 105 75 defedt
2091 600 40 75 of
2150 600 119 75 liquor,

1240 647 33 75 as
1291 647 48 75 we
1362 647 50 75 fee
1428 647 90 75 often
1535 647 138 75 happens
1692 647 83 75 after
1790 647 133 75 wounds
1939 647 42 75 of
1999 647 54 75 the
2066 647 113 75 joints,
2203 647 67 75 pai-

1240 694 220 75 darthrocece,
1488 694 180 75 fcrophula,
1694 694 62 75 and
1775 694 87 75 fpina
1878 694 141 75 ventofa,
2043 694 39 75 or
2108 694 85 75 from
2215 694 55 75 old

1239 740 70 75 age,
1335 740 62 75 and
1413 740 77 75 long
1505 740 193 75 immobility
1713 740 42 75 of
1759 740 118 75 joints.
1924 740 78 75 The
2018 740 166 75 moveable
2201 740 67 75 car-

1238 786 113 75 tilages
1374 786 179 75 interpofed
1573 786 31 75 in
1624 786 115 75 joints,
1764 786 87 75 ferve
1877 786 33 75 to
1934 786 91 75 make
2050 786 55 75 the
2130 786 140 75 motions

1238 832 79 75 both
1334 832 85 75 freer
1435 832 61 75 and
1513 832 87 75 more
1616 832 66 75 fafie
1708 832 76 75 than
1805 832 78 75 they
1898 832 109 75 would
2030 832 168 75 otherWife
2214 832 54 75 be.

1330 879 113 75 Thofe
1458 879 114 75 placed
1586 879 42 75 on
1645 879 55 75 the
1719 879 78 75 ends
1814 879 41 75 of
1872 879 99 75 bones
1994 879 71 75 that
2077 879 54 75 are
2146 879 57 75 not
2220 879 50 75 ar-

1236 925 168 75 ticulated,
1429 925 34 75 as
1486 925 42 75 on
1544 925 55 75 the
1618 925 85 75 fpine
1725 925 41 75 of
1785 925 56 75 the
1856 925 36 75 os
1910 925 115 75 illium,
2049 925 74 75 bafe
2150 925 41 75 of
2213 925 58 75 the

1237 972 137 75 fcapu!a,
1393 972 64 75 6'c.
1475 972 87 75 ferve
1577 972 35 75 to
1629 972 132 75 prevent
1778 972 56 75 the
1851 972 86 75 bony
1952 972 95 75 fibres
2063 972 84 75 from
2162 972 106 75 grow-

1236 1017 54 75 ing
1306 1017 58 75 out
1387 1017 54 75 too
1461 1017 111 75 far.—■
1572 1017 229 75 —‘Cartilages
1816 1017 178 75 fometimes
2010 1017 88 75 ferve
2126 1017 33 75 as
2186 1017 81 75 liga-

1237 1065 115 75 ments,
1377 1065 103 75 either
1496 1065 35 75 to
1548 1065 96 75 fallen
1664 1065 150 75 together
1836 1065 98 75 bones
1950 1065 70 75 that
2037 1065 53 75 are
2113 1065 155 75 immove-

1238 1110 73 75 ably
1323 1110 124 75 joined,
1472 1110 77 75 fuch
1572 1110 53 75 are
1649 1110 56 75 the
1727 1110 166 75 cartilages
1918 1110 143 75 between
2077 1110 55 75 the
2157 1110 36 75 os
2215 1110 52 75 fa-

1237 1158 89 75 crum
1343 1158 62 75 and
1429 1158 64 75 offa
1511 1158 113 75 illium,
1649 1158 56 75 the
1723 1158 62 75 offa
1799 1158 105 75 pubis,
1922 1158 64 75 <bc.
2013 1158 37 75 or
2073 1158 36 75 to
2135 1158 132 75 connedt

1237 1205 98 75 bones
1353 1205 71 75 that
1447 1205 95 75 enjoy
1561 1205 142 75 manifefl
1719 1205 133 75 motion,
1872 1205 34 75 as
1923 1205 91 75 thole
2031 1205 42 75 do
2089 1205 106 75 which
2212 1205 55 75 are

1235 1250 111 75 placed
1361 1250 144 75 between
1529 1250 55 75 the
1611 1250 111 75 bodies
1744 1250 42 75 of
1802 1250 56 75 the
1874 1250 71 75 true
1960 1250 168 75 vertebrae,
2152 1250 114 75 be.—

1235 1296 181 75 Cartilages
1437 1296 80 75 very
1532 1296 89 75 often
1638 1296 43 75 do
1697 1296 56 75 the
1774 1296 93 75 office
1890 1296 45 75 of
1954 1296 97 75 bones
2078 1296 36 75 to
2139 1296 127 75 greater

1233 1344 187 75 advantage,
1445 1344 78 75 than
1538 1344 87 75 thefe
1649 1344 56 75 lad
1728 1344 112 75 could,
1865 1344 35 75 as
1916 1344 32 75 in
1965 1344 56 75 the
2037 1344 175 75 cartilages
2229 1344 41 75 of

1234 1391 54 75 the
1304 1391 79 75 ribs,
1406 1391 93 75 thofe
1515 1391 105 75 which
1636 1391 112 75 fupply
1763 1391 101 75 brims
1880 1391 35 75 to
1933 1391 141 75 cavities,
2092 1391 66 75 be.

1279 1437 78 75 Too
1372 1437 90 75 great
1479 1437 159 75 thicknefs
1660 1437 37 75 or
1721 1437 154 75 thinnefs,
1898 1437 111 75 length
2034 1437 37 75 or
2095 1437 167 75 fhortnefs,

1231 1483 150 75 bardnefs
1398 1483 37 75 or
1451 1483 177 75 fupplenefs
1645 1483 40 75 of
1703 1483 179 75 cartilages,
1905 1483 74 75 may
1997 1483 159 75 therefore
2173 1483 94 75 caufe

1233 1528 90 75 great
1339 1528 159 75 diforders
1514 1528 32 75 in
1563 1528 56 75 the
1634 1528 98 75 body.

1278 1576 76 75 The
1370 1576 119 75 liquor,
1505 1576 106 75 which
1628 1576 188 75 principally
1832 1576 102 75 ferves
1949 1576 37 75 to
2002 1576 131 75 moiden
2150 1576 56 75 the
2223 1576 39 75 li-

1231 1622 143 75 gaments
1398 1622 62 75 and
1479 1622 168 75 cartilages
1675 1622 41 75 of
1732 1622 56 75 the
1813 1622 229 75 articulations,
2067 1622 27 75 is
2121 1622 143 75 fupplied

1231 1668 43 75 by
1285 1668 125 75 glands,
1423 1668 105 75 which
1539 1668 52 75 are
1607 1668 181 75 commonly
1797 1668 133 75 fituated
1947 1668 31 75 in
1994 1668 56 75 the
2062 1668 98 75 joint,
2179 1668 84 75 after

1231 1714 73 75 fuch
1325 1714 18 75 a
1359 1714 130 75 manner
1504 1714 33 75 as
1555 1714 35 75 to
1606 1714 40 75 be
1662 1714 110 75 gently
1788 1714 134 75 preffed,
1947 1714 58 75 but
2020 1714 58 75 not
2094 1714 168 75 dedroyed

1231 1762 43 75 by
1289 1762 42 75 its
1347 1762 136 75 motion.
1531 1762 54 75 By
1600 1762 65 75 this
1688 1762 119 75 means,
1824 1762 93 75 when
1933 1762 91 75 there
2039 1762 28 75 is
2083 1762 55 75 the
2153 1762 109 75 great-

1230 1807 43 75 ed
1289 1807 146 75 neceffity
1450 1807 52 75 for
1517 1807 65 75 this
1605 1807 120 75 liquor,
1753 1807 71 75 that
1839 1807 40 75 is,
1904 1807 93 75 when
2012 1807 57 75 the
2091 1807 80 75 mod
2194 1807 70 75 fre^

1231 1853 98 75 quent
1347 1853 139 75 motions
1503 1853 52 75 are
1571 1853 199 75 performed,
1794 1853 56 75 the
1866 1853 134 75 greated
2015 1853 151 75 quantity
2184 1853 40 75 of
2234 1853 27 75 it

1230 1899 80 75 mud
1327 1899 40 75 be
1381 1899 177 75 feparated.
1606 1899 110 75 Thefe
1731 1899 112 75 glands
1856 1899 54 75 are
1926 1899 63 75 foft
2006 1899 62 75 and
2079 1899 115 75 pappy,
2201 1899 60 75 but

1231 1945 56 75 not
1311 1945 116 75 friable
1441 1945 9 75 :
1477 1945 39 75 fn
1532 1945 87 75 fome
1635 1945 41 75 of
1694 1945 56 75 the
1773 1945 88 75 large
1873 1945 102 75 joints
1990 1945 78 75 they
2080 1945 53 75 are
2150 1945 40 75 of
2201 1945 59 75 the

1230 1991 236 75 conglomerate
1482 1991 88 75 kind,
1597 1991 37 75 or
1650 1991 19 75 a
1683 1991 91 75 great
1792 1991 133 75 number
1941 1991 39 75 of
1991 1991 88 75 fmall
2096 1991 164 75 glandules

1230 2038 52 75 are
1297 2038 104 75 wrapt
1415 2038 44 75 up
1485 2038 32 75 in
1534 2038 62 75 one
1611 2038 147 75 common
1782 2038 194 75 membrane.
2024 2038 106 75 Their
2146 2038 113 75 excre-

1231 2084 74 75 tory
1319 2084 90 75 duffs
1426 2084 53 75 are
1502 2084 89 75 long,
1621 2084 62 75 and
1709 2084 85 75 hang
1815 2084 99 75 loofe,
1938 2084 65 75 like
2020 2084 34 75 fo
2070 2084 95 75 many
2181 2084 79 75 frin-

1231 2131 68 75 ges,
1324 2131 113 75 within
1453 2131 56 75 the
1537 2131 224 75 articulation;
1786 2131 118 75 which,
1929 2131 44 75 by
1993 2131 41 75 its
2054 2131 121 75 motion
2199 2131 63 75 and

1231 2178 149 75 preffure,
1405 2178 148 75 prevents
1568 2178 208 75 obdruffions
1800 2178 33 75 in
1861 2178 55 75 the
1932 2178 89 75 body
2036 2178 41 75 of
2092 2178 56 75 the
2164 2178 97 75 gland

1231 2223 37 75 or
1295 2223 42 75 its
1365 2223 210 75 excretories,
1599 2223 64 75 and
1686 2223 162 75 promotes
1864 2223 55 75 the
1935 2223 110 75 return
2070 2223 42 75 of
2133 2223 63 75 this
2219 2223 40 75 li-

1231 2270 95 75 quor,
1351 2270 93 75 when
1461 2270 35 75 fit
1513 2270 35 75 to
1570 2270 40 75 be
1626 2270 95 75 taken
1746 2270 43 75 up
1805 2270 43 75 by
1863 2270 55 75 the
1939 2270 169 75 abforbent
2135 2270 124 75 veffels,

1231 2316 106 75 which
1353 2316 80 75 mud
1450 2316 39 75 be
1505 2316 35 75 in
1555 2316 55 75 the
1625 2316 115 75 joints,
1757 2316 34 75 as
1808 2316 71 75 well
1897 2316 33 75 as
1947 2316 32 75 in
1996 2316 55 75 the
2067 2316 93 75 other
2176 2316 83 75 cavi-

1232 2364 58 75 ties
1307 2364 41 75 of
1358 2364 55 75 the
1429 2364 88 75 body
1530 2364 10 75 ;
1568 2364 74 75 and,
1668 2364 32 75 at
1722 2364 56 75 the
1794 2364 82 75 fame
1892 2364 90 75 time,
1998 2364 56 75 the
2069 2364 138 75 preffure
2218 2364 41 75 on

1230 2410 56 75 the
1307 2410 172 75 excretory
1494 2410 91 75 duffs
1601 2410 129 75 hinders
1746 2410 21 75 a
1782 2410 191 75 fuperfluous
1997 2410 201 75 unneceflary
2212 2410 47 75 fe*

1231 2455 133 75 cretion,
1390 2455 96 75 while
1502 2455 56 75 the
1580 2455 180 75 fimbriated
1782 2455 179 75 difpofition
1977 2455 41 75 of
2036 2455 88 75 thefe
2147 2455 112 75 excre-

1230 2500 97 75 tories
1346 2500 79 75 does
1451 2500 58 75 not
1525 2500 95 75 allow
1646 2500 63 75 any
1724 2500 41 75 of
1785 2500 56 75 the
1864 2500 141 75 fecreted
2027 2500 107 75 liquor
2160 2500 36 75 to
2218 2500 42 75 be

1229 2546 116 75 puffied
1360 2546 80 75 back
1457 2546 90 75 again
1563 2546 44 75 by
1621 2546 90 75 thefe
1726 2546 105 75 canals
1850 2546 138 75 towards
2004 2546 56 75 the
2076 2546 126 75 glands.

1276 2593 91 75 Very
1382 2593 89 75 often
1488 2593 86 75 thefe
1590 2593 160 75 fountains
1768 2593 40 75 of
1822 2593 90 75 flimy
1927 2593 107 75 liquor
2050 2593 115 75 appear
2181 2593 78 75 only

1229 2640 33 75 as
1279 2640 19 75 a
1312 2640 162 75 net-work
1497 2640 41 75 of
1553 2640 123 75 veffels.
1769 2640 201 75 Frequently
1986 2640 78 75 they
2080 2640 53 75 are
2149 2640 110 75 aimed

1228 2684 170 75 concealed
1414 2684 43 75 by
1468 2684 133 75 cellular
1616 2684 195 75 membranes
1819 2684 181 75 containing
2013 2684 54 75 the
2079 2684 179 75 fat;—and

1228 2731 178 75 fometimes
1433 2731 90 75 fmall
1547 2731 107 75 fimple
1682 2731 131 75 mucous
1837 2731 136 75 folliculi
2003 2731 75 75 may
2100 2731 40 75 be
2172 2731 86 75 feen.

1274 2778 77 75 The
1374 2778 150 75 different
1548 2778 99 75 joints
1674 2778 82 75 have
1785 2778 88 75 thefe
1906 2778 114 75 organs
2048 2778 32 75 in
2108 2778 150 75 different

1227 2823 148 75 numbers
1403 2823 62 75 and
1488 2823 77 75 fizes
1576 2823 11 75 ;
1613 2823 55 75 the
1696 2823 235 75 conglomerate
1956 2823 78 75 ones
2061 2823 91 75 don’t
2179 2823 80 75 vary

1226 2870 107 75 much,
1358 2870 168 75 efpecially
1550 2870 33 75 as
1612 2870 34 75 to
1678 2870 159 75 fituation,
1865 2870 31 75 in
1929 2870 55 75 the
2011 2870 118 75 fimilar
2154 2870 103 75 joints

1227 2917 40 75 of
1292 2917 150 75 different
1473 2917 110 75 bodies
1597 2917 12 75 ;
1650 2917 59 75 but
1732 2917 55 75 the
1814 2917 110 75 others
1956 2917 54 75 are
2030 2917 88 75 more
2145 2917 112 75 uncer-

1275 3008 97 75 Upon
1387 3008 133 75 prefling
1536 3008 61 75 any
1613 3008 39 75 of
1667 3008 86 75 thefe
1768 3008 113 75 glands
1898 3008 78 75 with
1993 3008 55 75 the
2065 3008 113 75 finger,
2195 3008 61 75 one
