2456 3337
530 129 42 52 A
628 129 36 52 B
722 129 37 52 R

1106 129 19 52 (

196 210 25 37 “
245 210 139 37 eftablidi
404 210 19 37 a
443 210 103 37 belief
567 210 33 37 in
622 210 41 37 its
680 210 95 37 being
791 210 136 37 actually
943 210 163 37 reverfed:
1134 210 38 37 If

197 254 24 37 “
244 254 49 37 his
311 254 166 37 teftimony
496 254 40 37 be
552 254 174 37 confirmed
748 254 42 37 by
814 254 18 37 a
851 254 62 37 few
930 254 107 37 others
1059 254 40 37 of
1110 254 56 37 the

197 300 24 37 “
244 300 83 37 fame
343 300 173 37 character,
542 300 48 37 we
613 300 115 37 cannot
747 300 176 37 with-hoid
943 300 59 37 our
1019 300 18 37 a
1040 300 75 37 (lent
1131 300 35 37 to

196 346 24 37 “
245 346 55 37 the
313 346 89 37 truth
415 346 39 37 of
461 346 40 37 it.
535 346 100 37 Now,
651 346 127 37 though
795 346 56 37 the
868 346 180 37 operations
1066 346 39 37 of
1112 346 54 37 na-

196 393 22 37 “
244 393 71 37 ture
331 393 53 37 are
401 393 161 37 governed
572 393 44 37 by
631 393 140 37 uniform
793 393 90 37 laws,
902 393 63 37 and
980 393 122 37 though
1119 393 48 37 we

195 440 24 37 “
243 440 82 37 have
341 440 56 37 not
412 440 56 37 the
484 440 166 37 teftimony
669 440 40 37 of
719 440 60 37 our
793 440 100 37 fenfes
910 440 33 37 in
959 440 113 37 favour
1083 440 40 37 of
1135 440 32 37 a-

195 484 24 37 “
244 484 44 37 ny
303 484 156 37 violation
475 484 39 37 of
526 484 86 37 them
626 484 9 37 ,
661 484 74 37 ftill,
760 484 36 37 if,
817 484 32 37 in
864 484 172 37 particular
1055 484 114 37 inftan-

177 531 4 37 .
194 531 24 37 “
244 531 65 37 ces,
325 531 50 37 we
390 531 81 37 have
488 531 56 37 the
555 531 168 37 teftimony
738 531 41 37 of
790 531 168 37 thoufands
978 531 40 37 of
1028 531 59 37 our
1107 531 61 37 fel-

195 576 24 37 “
245 576 255 37 low-creatures,
526 576 63 37 and
604 576 90 37 thofe
714 576 56 37 too
793 576 71 37 men
883 576 41 37 of
936 576 83 37 ftrid
1036 576 133 37 integri-

195 622 24 37 “
245 622 48 37 ty,
318 622 125 37 fwayed
458 622 44 37 by
518 622 41 37 no
581 622 133 37 motives
738 622 41 37 of
789 622 152 37 ambition
968 622 39 37 or
1028 622 139 37 intereft,

195 668 24 37 “
245 668 63 37 and
330 668 160 37 governed
516 668 44 37 by
582 668 56 37 the
661 668 168 37 principles
850 668 39 37 of
909 668 145 37 common
1071 668 97 37 fenfe,

196 714 24 37 “
242 714 94 37 That
352 714 77 37 they
450 714 83 37 were
549 714 137 37 aftually
703 714 226 37 eye-witnefles
946 714 41 37 of
997 714 88 37 thefe
1101 714 68 37 vio-

196 760 24 37 “
243 760 129 37 lations,
396 760 56 37 the
468 760 203 37 conftitution
686 760 40 37 of
740 760 61 37 our
816 760 112 37 nature
943 760 122 37 obliges
1082 760 36 37 us
1135 760 35 37 to

195 805 24 37 “
244 805 119 37 believe
384 805 125 37 them.”

641 805 20 37 •*

239 852 108 37 Thefe
364 852 64 37 two
444 852 160 37 examples
621 852 127 37 contain
766 852 54 37 the
838 852 159 37 fubftance
1014 852 40 37 of
1071 852 101 37 about

193 898 69 37 400
293 898 107 37 pages.
409 898 194 37 —Making
630 898 121 37 private
778 898 235 37 abridgements
1042 898 41 37 of
1105 898 64 37 this

192 943 79 37 kind
280 943 58 37 has
354 943 95 37 many
460 943 212 37 advantages;
697 943 27 37 it
739 943 133 37 engages
889 943 36 37 us
943 943 35 37 to
999 943 75 37 read
1089 943 80 37 with

193 989 152 37 accuracy
368 989 63 37 and
452 989 177 37 attention;
663 989 26 37 it
718 989 80 37 fixes
826 989 55 37 the
904 989 119 37 fubjeft
1049 989 33 37 in
1110 989 59 37 our

193 1035 124 37 minds-;
345 1035 73 37 and,
443 1035 31 37 if
496 1035 48 37 we
560 1035 112 37 Ihould
694 1035 124 37 happen
845 1035 36 37 to
908 1035 118 37 forget,
1051 1035 119 37 inftead

194 1082 39 37 of
245 1082 129 37 reading
398 1082 53 37 the
467 1082 102 37 books
594 1082 103 37 again,
723 1082 43 37 by
787 1082 147 37 glancing
954 1082 18 37 a
994 1082 65 37 few
1075 1082 92 37 lines,

192 1128 48 37 we
256 1128 53 37 are
325 1128 57 37 not
397 1128 77 37 only
489 1128 33 37 in
538 1128 158 37 pofieffion
718 1128 41 37 of
779 1128 55 37 the
861 1128 91 37 chief
974 1128 193 37 arguments,

193 1173 58 37 but
267 1173 96 37 recall
379 1173 33 37 in
432 1173 19 37 a
470 1173 86 37 good
574 1173 138 37 meafure
730 1173 55 37 the
801 1173 143 37 author’s
965 1173 131 37 method
1108 1173 61 37 and

192 1220 142 37 manner.

240 1266 181 37 Abridging
446 1266 27 37 is
501 1266 175 37 peculiarly
701 1266 102 37 ufeful
826 1266 34 37 in
885 1266 110 37 taking
1018 1266 56 37 the
1096 1266 56 37 fub

193 1313 102 37 ftance
311 1313 39 37 of
361 1313 87 37 what
466 1313 27 37 is
516 1313 162 37 delivered
697 1313 43 37 by
759 1313 188 37 Profefibrs,
972 1313 63 37 <bc.
1085 1313 32 37 It
1141 1313 27 37 is

193 1358 181 37 impoffible,
399 1358 78 37 even
493 1358 78 37 with
588 1358 55 37 the
670 1358 151 37 alliftance
850 1358 39 37 of
908 1358 199 37 Ihort-hand,
1133 1358 36 37 to

194 1405 73 37 take
283 1405 106 37 down,
407 1405 170 37 verbatim,
603 1405 87 37 what
712 1405 27 37 is
754 1405 68 37 faid
836 1405 45 37 by
897 1405 18 37 a
929 1405 107 37 public
1058 1405 110 37 fpeak-

193 1450 45 37 er.
288 1450 139 37 Befides,
452 1450 155 37 although
626 1450 26 37 it
669 1450 83 37 were
768 1450 199 37 practicable,
992 1450 75 37 fuch
1085 1450 19 37 a
1120 1450 47 37 ta-

191 1496 68 37 lent
277 1496 109 37 would
400 1496 40 37 be
457 1496 39 37 of
507 1496 83 37 little
609 1496 66 37 ufe.
723 1496 110 37 Every
848 1496 107 37 public
970 1496 130 37 fpeaker
1110 1496 58 37 has

195 1543 290 37 circumlocutions,
510 1543 240 37 redundancies,
767 1543 135 37 lumber,
919 1543 105 37 which
1040 1543 129 37 deferve

192 1589 57 37 not
266 1589 34 37 to
315 1589 40 37 be
372 1589 124 37 copied*

560 1589 59 37 All
646 1589 70 37 that
739 1589 27 37 is
790 1589 101 37 really
912 1589 102 37 ufeful
1034 1589 73 37 may
1129 1589 40 37 be

192 1634 254 37 comprehended
460 1634 33 37 in
510 1634 19 37 a
550 1634 87 37 fhort
653 1634 154 37 compafs.
855 1634 38 37 If
910 1634 55 37 the
977 1634 73 37 plan
1063 1634 39 37 of
1114 1634 54 37 the

193 1680 170 37 difcourfe,
390 1680 62 37 and
476 1680 181 37 arguments
685 1680 167 37 employed
868 1680 32 37 in
916 1680 129 37 fupport
1061 1680 40 37 of
1114 1680 55 37 the

192 1723 150 37 different
357 1723 154 37 branches
524 1723 39 37 be
575 1723 97 37 taken
686 1723 108 37 down,
811 1723 64 37 you
891 1723 81 37 have
984 1723 55 37 the
1051 1723 114 37 whole.

191 1768 110 37 Thefe
323 1768 64 37 you
414 1768 74 37 may
511 1768 186 37 afterwards
714 1768 120 37 extend
855 1768 33 37 in
913 1768 55 37 the
990 1768 83 37 form
1091 1768 40 37 of
1150 1768 19 37 a

193 1814 155 37 difcourfe
365 1814 121 37 dreffed
505 1814 32 37 in
554 1814 80 37 your
650 1814 71 37 own
736 1814 166 37 language.
950 1814 85 37 This
1059 1814 109 37 would

192 1858 56 37 not
264 1858 76 37 only
362 1858 38 37 be
417 1858 18 37 a
451 1858 87 37 more
566 1858 134 37 rational
726 1858 227 37 employment,
979 1858 56 37 but
1059 1858 108 37 would

189 1904 137 37 likewife
350 1904 42 37 be
416 1904 39 37 an
478 1904 159 37 excellent
660 1904 132 37 method
807 1904 41 37 of
858 1904 178 37 improving
1057 1904 108 37 young

188 1950 71 37 men
278 1950 33 37 in
328 1950 214 37 compofition,
568 1950 39 37 an
623 1950 104 37 object
743 1950 56 37 too
814 1950 83 37 little
915 1950 151 37 attended
1082 1950 34 37 to
1132 1950 33 37 in

188 1996 42 37 all
243 1996 59 37 our
318 1996 206 37 univerfities.
572 1996 140 37 Befides,
737 1996 24 37 it
775 1996 106 37 would
893 1996 38 37 be
941 1996 88 37 more
1041 1996 51 37 for
1108 1996 56 37 the

186 2042 124 37 honour
322 2042 39 37 of
372 2042 166 37 profeffors
551 2042 10 37 ;
588 2042 33 37 as
638 2042 25 37 it
679 2042 108 37 would
802 2042 131 37 prevent
950 2042 32 37 at
997 2042 76 37 leaft
1087 2042 76 37 fuch

186 2089 148 37 immenfe
350 2089 91 37 loads
457 2089 41 37 of
511 2089 174 37 disjointed
709 2089 62 37 and
791 2089 229 37 unintelligible
1037 2089 124 37 rubbifh

185 2135 85 37 from
289 2135 94 37 being
403 2135 126 37 handed
545 2135 96 37 about
653 2135 44 37 by
708 2135 55 37 the
775 2135 90 37 name
882 2135 40 37 of
934 2135 76 37 fuch
1028 2135 18 37 a
1061 2135 101 37 man’s

185 2180 146 37 lectures.

138 2229 305 36 ABRIDGEMENT,
468 2222 121 45 inlaw,
615 2222 132 45 fignifies
768 2222 55 45 the
845 2222 129 45 making
987 2222 17 45 a
1020 2222 140 45 declara-

186 2267 67 45 tion
269 2267 37 45 or
322 2267 99 45 plaint
444 2267 121 45 Ihorter
581 2267 43 45 by
639 2267 125 45 leaving
780 2267 55 45 out
852 2267 179 45 fomething

137 2321 306 36 ABRIDGEMENT,
460 2320 33 37 in
505 2320 194 37 arithmetic.
746 2320 62 37 See
820 2321 278 36 ARITHMETIC,
1117 2320 54 37 6/'

184 2365 119 37 vulgar
318 2365 160 37 frattions

137 2414 305 36 ABRIDGEMENT,
466 2413 33 37 in
516 2407 140 45 algebra.
706 2413 64 37 See
783 2414 202 36 AEGEBRA,
1004 2413 53 37 Of
1062 2413 97 37 equa-

183 2457 94 37 tions.

134 2505 297 37 ABROBANIA,
458 2505 18 37 a
495 2505 85 37 town
599 2505 61 37 and
677 2505 117 37 diftrict
812 2505 33 37 in
867 2505 243 37 Tranfylvania.

134 2551 357 37 ABROCHMENT,
500 2545 53 45 'an
570 2545 55 45 old
635 2545 63 45 law
710 2551 82 37 term
805 2545 105 45 which
927 2551 133 37 fignifies
1072 2545 85 45 fore-

180 2590 136 45 ftalling.
365 2596 60 37 See
441 2597 316 36 FORESTALLING.

133 2644 339 37 ABROGATION,
495 2644 133 37 fignifies
651 2644 175 37 annulling,
852 2644 128 37 making
1006 2644 88 37 void,
1119 2644 38 37 or

180 2688 159 37 repealing
359 2688 18 37 a
392 2688 74 37 law.

132 2736 271 37 ABROLKOS,
429 2736 55 37 the
496 2736 91 37 name
603 2736 40 37 of
654 2736 118 37 certain
793 2736 132 37 ftielves,
950 2736 37 37 or
1004 2736 99 37 banks
1120 2736 41 37 of

178 2780 87 37 fand,
291 2780 96 37 about
408 2780 44 37 20
467 2780 127 37 leagues
615 2780 84 37 from
725 2780 55 37 the
804 2780 83 37 coaft
909 2780 39 37 of
959 2780 110 37 Brazil

132 2827 179 37 ABRON,
337 2827 21 37 a
367 2827 83 37 river
466 2827 40 37 of
525 2827 122 37 France
669 2827 108 37 which
798 2827 75 37 falls
889 2827 69 37 into
974 2827 56 37 the
1053 2827 101 37 Loire

179 2871 55 37 not
254 2871 49 37 far
319 2871 83 37 from
419 2871 124 37 Nevers

132 2919 214 37 ABRONO.
394 2919 61 37 See
472 2920 173 36 ABRUGI.

132 2969 393 37 ABROTANOIDES,
543 2969 55 37 the
609 2969 91 37 name
717 2969 40 37 of
768 2969 18 37 a
800 2969 118 37 fpecies
930 2969 40 37 of
977 2969 85 37 coral
1075 2969 76 37 call-

1185 144 21 37 7
1263 126 18 60 )

1627 126 41 60 A
1726 126 36 60 B
1822 126 27 60 S

1261 208 164 37 z&porus.
1462 208 32 37 It
1510 208 26 37 is
1554 208 63 37 alfo
1631 208 19 37 a
1660 208 164 37 fynonime
1840 208 42 37 of
1895 208 55 37 the
1967 208 165 37 artemifia.
2185 208 62 37 See

1261 264 241 24 ARTEMISIA.

1213 301 401 37 ABROTANOIDES,
1640 301 18 37 a
1673 301 81 37 wine
1767 301 183 37 mentirosd
1966 301 43 37 by
2021 301 224 37 Diofcorides,

1261 346 218 37 impregnated
1491 346 79 37 with
1582 346 238 37 futhernwood.

1215 392 327 37 ABROTANUM,
1554 392 32 37 in
1599 392 131 37 botany,
1744 392 19 37 a
1773 392 163 37 fynonime
1949 392 40 37 of
1995 392 119 37 feveral
2127 392 118 37 plants.

1266 438 60 37 See
1349 439 243 36 ARTEMISIA,
1618 439 168 36 FILAGO,
1813 439 242 36 SANTOLINA.

1216 485 298 37 ABRUPTION,
1540 479 32 45 in
1589 485 143 37 furgery.
1784 485 61 37 See
1862 486 253 36 ABDUCTION.

1217 530 171 37 ABRUS,
1405 530 32 37 in
1450 530 130 37 botany,
1598 530 56 37 the
1666 530 106 37 trivial
1784 530 91 37 name
1887 530 41 37 of
1939 530 54 37 the
2007 530 139 37 glycine.
2184 530 62 37 See

1266 580 197 30 GLYCINE.

1217 621 240 37 ABRUZZO,
1481 621 33 37 in
1536 621 197 37 geography,
1760 621 55 37 the
1835 621 91 37 name
1942 621 40 37 of
1994 621 67 37 two
2080 621 166 37 provinces

1264 667 170 37 belonging
1458 667 35 37 to
1518 667 54 37 the
1591 667 45 37 K.
1662 667 40 37 of
1713 667 134 37 Naples,
1873 667 41 37 on
1938 667 55 37 the
2011 667 98 37 gulph
2126 667 41 37 of
2179 667 67 37 Ve-

1264 713 80 37 nice,
1369 713 224 37 diftinguilhed
1618 713 45 37 by
1684 713 125 37 Nearer
1834 713 63 37 and
1913 713 136 37 Farther
2072 713 172 37 Abruzzo,

1266 759 84 37 from
1373 759 85 37 their
1474 759 133 37 pofition
1624 759 78 37 with
1721 759 117 37 refpcft
1857 759 35 37 to
1909 759 134 37 Naples,

1217 805 360 37 ABSCEDENTIA,
1603 799 31 45 in
1651 805 142 37 furgery,
1812 805 18 37 a
1845 805 81 37 term
1944 805 127 37 applied
2083 805 33 37 to
2129 805 116 37 decay-

1265 851 40 37 ed
1321 851 86 37 parts
1424 851 40 37 of
1480 851 55 37 the
1558 851 99 37 body,
1682 851 118 37 which,
1825 851 32 37 in
1884 851 17 37 a
1925 851 126 37 morbid
2077 851 89 37 ftate,
2192 851 53 37 are

1263 897 164 37 feparated
1446 897 84 37 from
1554 897 55 37 the
1632 897 112 37 found,
1770 897 38 37 or
1829 897 65 37 lofe
1921 897 72 37 that
2019 897 97 37 union
2138 897 107 37 which

1264 943 63 37 was
1352 943 167 37 preferred
1534 937 32 45 in
1583 943 18 37 a
1618 943 122 37 natural
1754 943 89 37 ftate.

1217 990 219 37 ABSCESS,
1461 990 33 37 in
1510 990 153 37 medicine
1680 990 62 37 and
1757 990 145 37 furgery,
1918 990 39 37 an
1969 990 220 37 impofthume,
2207 990 38 37 or

1264 1035 62 37 any
1337 1035 107 37 tumor
1464 1035 38 37 or
1521 1035 107 37 cavity
1648 1035 183 37 containing
1848 1035 149 37 purulent
2009 1035 127 37 matter.
2184 1035 62 37 See

1266 1082 199 36 SURGERY,

1600 1081 54 37 Of
1660 1081 143 37 tumours
1828 1081 36 37 or
1883 1081 155 37 abfcefes.

1216 1128 308 37 ABSCHARON,
1551 1128 19 37 a
1586 1128 86 37 town
1685 1128 31 37 in
1729 1128 86 37 Afia,
1842 1128 136 37 fituated
1991 1128 41 37 on
2044 1128 55 37 the
2113 1128 131 37 weftern

1263 1173 88 37 ftiore
1370 1173 40 37 of
1428 1173 58 37 the
1505 1173 135 37 Cafpian
1657 1173 64 37 fea.

1216 1219 238 37 ABSCISSE,
1479 1213 33 45 in
1527 1213 233 45 mathematics.
1811 1219 61 37 See
1890 1220 124 36 CONIC
2031 1220 212 36 SECTIONS,

1216 1266 293 37 ABSCISSION,
1535 1266 18 37 a
1570 1266 100 37 figure
1682 1266 32 37 in
1733 1266 153 37 rhetoric,
1904 1266 150 37 whereby
2066 1266 54 37 the
2133 1266 110 37 fpeak-

1263 1312 34 37 er
1313 1312 82 37 ftops
1412 1312 85 37 Ihort
1521 1312 33 37 in
1578 1312 55 37 the
1656 1312 120 37 middle
1792 1312 40 37 of
1850 1312 50 37 his
1924 1312 170 37 difcourfe,
2118 1312 127 37 leaving

1263 1358 54 37 the
1338 1358 149 37 audience
1504 1358 35 37 to
1556 1358 94 37 make
1666 1358 55 37 the
1739 1358 173 37 inference.

1216 1405 246 36 ABSCISSION,
1487 1398 33 45 in
1532 1398 141 45 furgery,
1700 1398 55 45 the
1770 1398 82 45 fame
1869 1398 79 45 with
1961 1398 211 45 amputation.

1216 1450 264 37 ABSCONSA,
1507 1450 18 37 a
1548 1450 80 37 dark
1651 1450 148 37 lanthorn
1827 1450 77 37 ufed
1930 1450 44 37 by
1996 1450 56 37 the
2080 1450 113 37 monks
2210 1450 34 37 at

1262 1496 55 37 the
1333 1496 171 37 ceremony
1519 1496 39 37 of
1576 1496 135 37 burying
1734 1496 83 37 their
1840 1496 94 37 dead.

1215 1542 235 37 ABSENCE,
1474 1542 33 37 in
1525 1542 94 37 Scots
1631 1542 81 37 law:
1739 1542 111 37 When
1868 1542 17 37 a
1902 1542 110 37 perfon
2030 1542 85 37 cited
2131 1542 112 37 before

1263 1588 18 37 a
1295 1588 92 37 court
1406 1588 77 37 does
1504 1588 57 37 not
1578 1588 127 37 appear,
1723 1588 62 37 and
1798 1588 167 37 judgment
1981 1588 28 37 is
2024 1588 217 37 pronounced,

1263 1633 69 37 that
1349 1633 170 37 judgment
1543 1633 27 37 is
1592 1633 66 37 faid
1681 1633 35 37 to
1743 1633 40 37 be
1807 1633 35 37 in
1859 1633 129 37 abfence

2052 1633 57 37 No
2128 1633 114 37 perfon

1263 1678 57 37 can
1338 1678 38 37 be
1393 1678 84 37 tried
1500 1678 177 37 criminally
1699 1678 32 37 in
1756 1678 141 37 abfence.
1948 1678 61 37 See
2026 1688 104 24 LAW,
2156 1678 84 37 title,

1263 1724 171 37 Sentences
1452 1724 69 37 and
1534 1724 86 37 their
1636 1724 176 37 execution.

1215 1771 370 37 ABSINTHIATED
1606 1771 183 37 medicines,
1814 1771 75 37 fuch
1907 1771 32 37 as
1958 1771 52 37 are
2023 1771 224 37 impregnated

1261 1815 77 37 with
1356 1815 186 37 abfinthium
1566 1815 39 37 or
1631 1815 208 37 wormwood.

1212 1863 325 37 ABSINTHIUM,
1569 1863 33 37 in
1626 1863 130 37 botany,
1793 1863 54 37 the
1871 1863 115 37 trivial,
2001 1863 90 37 name
2120 1863 40 37 of
2183 1863 59 37 the

1260 1909 145 37 common
1421 1909 197 37 wormwood
1644 1909 38 37 or
1700 1909 169 37 artemifia.
1915 1909 32 37 It
1963 1909 27 37 is
2014 1909 66 37 alfo
2105 1909 18 37 a
2145 1909 94 37 fyno-

1259 1954 83 37 nime
1358 1954 41 37 of
1422 1954 54 37 the
1493 1954 181 37 tanacetum
1689 1954 160 37 incanum,
1867 1954 55 37 the
1938 1954 121 37 fenecio
2076 1954 162 37 incanum,

1258 2001 55 37 the
1325 2001 155 37 anthemis
1497 2001 164 37 montana,
1682 2001 55 37 the
1756 2001 141 37 achilloea
1912 2001 177 37 egyptiaca,
2115 2001 63 37 and
2203 2001 42 37 of

1257 2047 54 37 the
1324 2047 201 37 parthenium
1540 2047 251 37 hyfterophorus.
1834 2047 61 37 See
1912 2048 240 36 ARTEMISIA,
2172 2047 64 37 <bc.

1209 2092 147 37 ABSIS,
1382 2092 32 37 in
1431 2092 198 37 aftronomy,,
1639 2092 55 37 the
1710 2092 85 37 fame
1810 2092 79 37 with
1902 2097 129 30 APSIS,
2049 2092 105 37 which
2171 2092 64 37 fee.

1209 2139 273 37 ABSOLUTE,
1507 2139 32 37 in
1556 2139 18 37 a
1591 2139 126 37 general
1734 2139 97 37 fenfe,
1857 2139 133 37 denotes
2007 2139 17 37 a
2040 2139 119 37 thing’s
2180 2139 56 37 be-

1255 2184 54 37 ing
1325 2184 212 37 independent
1561 2184 46 37 of,
1637 2184 38 37 or
1690 2184 215 37 unconnefted
1928 2184 92 37 with,
2038 2184 61 37 any
2119 2184 117 37 other;

1255 2230 26 37 it
1297 2230 27 37 is
1342 2230 66 37 alfo
1425 2230 75 37 ufed
1524 2230 36 37 to
1577 2230 129 37 exprefs
1725 2230 145 37 freedom
1885 2230 85 37 from
1987 2230 42 37 all
2045 2230 187 37 limitation.

1207 2283 212 30 A*%OLVT-Z
1433 2278 223 37 government,
1681 2278 27 37 is
1728 2278 71 37 that
1816 2278 138 37 wherein
1972 2278 54 37 the
2038 2278 120 37 prince,
2175 2278 60 37 un-

1254 2322 123 37 limited
1393 2322 43 37 by
1457 2322 54 37 the
1529 2322 90 37 laws,
1637 2322 25 37 is
1677 2322 61 37 left
1749 2322 100 37 folely
1861 2322 35 37 to
1908 2322 50 37 his
1970 2322 73 37 own
2061 2322 76 37 will.
2172 2322 62 37 See

1255 2370 288 36 GOVERNMENT.

1205 2416 399 36 ABSOLUTE^-in
1614 2415 135 37 phyfics,
1760 2415 26 37 is
1800 2415 54 37 the
1864 2415 103 37 whole
1976 2415 89 37 force
2076 2415 44 37 by
2128 2415 108 37 which,

1254 2455 17 45 a
1285 2455 87 45 body
1387 2455 26 45 is
1431 2461 99 37 urged
1542 2455 211 45 downwards.
1804 2461 61 37 See
1881 2462 253 36 MECHANICS.

1204 2508 223 36 ABSOLUTE,
1452 2501 31 45 in
1508 2501 219 45 metaphyfics,
1751 2501 133 45 denotes
1909 2501 18 45 a
1950 2501 95 45 being
2068 2501 70 45 that
2160 2501 72 45 pof-

1251 2547 89 45 feffes
1362 2547 212 45 independent
1589 2547 170 45 exiftence.

1203 2601 330 37 ABSOLUTION,
1558 2601 192 37 in^general,
1765 2601 27 37 is
1811 2601 57 37 the
1882 2601 181 37 pardoning
2077 2601 37 37 or
2130 2601 100 37 forgi-

1253 2644 74 37 ving
1342 2644 19 37 a
1376 2644 105 37 guilty
1500 2644 143 37 perfon.'

1202 2693 269 36 ABSOLUTION,
1496 2692 32 37 in
1553 2692 73 37 civil
1646 2692 74 37 Jaw,
1745 2692 27 37 is
1790 2692 20 37 a
1825 2692 146 37 fentenee
2002 2692 152 37 whereby
2173 2692 56 37 the

1249 2737 92 37 party
1363 2737 132 37 accufed
1516 2737 27 37 is
1566 2737 149 37 declared
1736 2737 150 37 innocent
1903 2737 40 37 of
1963 2737 55 37 the
2043 2737 97 37 crime
2163 2737 66 37 laid

1249 2784 34 37 to
1298 2784 49 37 his
1365 2784 127 37 charge.

1200 2833 269 36 ABSOLUTION,
1487 2826 32 45 in
1533 2826 54 45 the
1604 2826 100 45 canon
1715 2826 77 45 law,
1806 2826 26 45 is
1846 2826 18 45 a
1876 2826 152 45 juridical
2039 2826 55 45 a6l
2104 2826 123 45 where-

1248 2869 42 45 by
1306 2869 54 45 the
1372 2869 212 45 ecclefiaftical
1601 2869 124 45 officers
1746 2869 92 45 remit
1854 2869 37 45 or
1914 2869 123 45 forgive
2061 2869 54 45 the
2137 2869 89 45 peni-

1247 2916 67 45 tent
1326 2916 157 45 offender,
1508 2916 37 45 or
1557 2916 124 45 declare
1693 2916 68 45 him
1778 2916 139 45 reftored
1933 2916 33 45 to
1984 2916 54 45 the
2055 2916 170 45 privileges

1246 2970 40 37 of
1296 2964 172 45 innocence
1485 2964 37 45 ia-
1534 2964 228 45 confideration
1778 2970 39 37 of
1827 2964 51 45 his
1895 2964 200 45 repentance.

1927 3021 303 37 ABSORBENT
