2428 3377
135 167 18 75 2
169 167 43 75 12

687 171 41 75 A
841 171 42 75 N
998 171 44 75 A
1153 171 40 75 T
1309 171 40 75 O
1466 171 48 75 M
1628 171 52 75 Y.

180 234 111 75 When
313 234 65 75 this
396 234 116 75 tnufcle
528 234 26 75 is
573 234 155 75 carefully
743 234 181 75 examined,
949 234 50 75 we
1014 234 66 75 find
1096 234 72 75 that

135 280 25 75 it
172 280 26 75 is
216 280 100 75 fixed,
334 280 44 75 by
389 280 28 75 a'
417 280 79 75 very
514 280 85 75 fiiort
615 280 149 75 common
781 280 132 75 tendon,
930 280 35 75 to
977 280 55 75 the
1049 280 121 75 outfide

136 327 39 75 of
187 327 56 75 the
260 327 78 75 bafis
362 327 41 75 of
419 327 56 75 the
491 327 65 75 firft
572 327 141 75 phalanx
740 327 41 75 of
802 327 56 75 the
881 327 92 75 great
1000 327 68 75 toe,
1093 327 76 75 con-

131 373 121 75 jointly
267 373 78 75 with
358 373 54 75 the
429 373 202 75 antithenar;
659 373 74 75 and,
750 373 45 75 by
811 373 91 75 three
922 373 152 75 different
1093 373 75 75 por-

135 419 84 75 tions
235 419 38 75 or
288 419 199 75 digitations,
513 419 36 75 to
575 419 56 75 the
660 419 91 75 three
771 419 209 75 interoffeous
997 419 172 75 ligaments

134 465 106 75 which
257 465 132 75 connect
412 465 60 75 the
489 465 98 75 heads
611 465 39 75 of
676 465 54 75 the
757 465 75 75 four
860 465 181 75 metatarfal
1070 465 100 75 bones

135 514 80 75 next
231 514 54 75 the
300 514 93 75 great
408 514 66 75 toe,
497 514 150 75 laterally
663 514 35 75 to
715 514 80 75 each
812 514 107 75 othe^.

432 617 446 75 INTEROSSEI.

181 691 133 75 These
332 691 55 75 are
402 691 94 75 feven
512 691 89 75 fmall
618 691 133 75 mufcles
768 691 106 75 which
891 691 45 75 fill
961 691 42 75 up
1019 691 56 75 the
1098 691 75 75 four

136 738 173 75 interftices
326 738 145 75 between
488 738 56 75 the
561 738 179 75 metatarfal
762 738 113 75 bones,
901 738 97 75 much
1017 738 82 75 after
1115 738 56 75 the

136 784 84 75 fame
236 784 130 75 manner
383 784 34 75 as
437 784 33 75 in
487 784 55 75 the
562 784 98 75 hand.
708 784 77 75 The
802 784 74 75 four
900 784 115 75 largefl:
1039 784 54 75 are
1121 784 51 75 fu-

137 830 119 75 perior,
280 830 55 75 the
351 830 95 75 other
462 830 92 75 three
570 830 145 75 inferior.

391 935 524 75 METATARSIUS.

183 1012 103 75 This
310 1012 27 75 is
363 1012 19 75 a
405 1012 97 75 flelhy
526 1012 95 75 mafs,
646 1012 88 75 lying
758 1012 103 75 under
883 1012 56 75 the
961 1012 64 75 foie
1054 1012 42 75 of
1117 1012 57 75 the

138 1057 83 75 foot.
271 1057 32 75 It
329 1057 26 75 is
374 1057 100 75 fixed,
502 1057 45 75 by
574 1057 61 75 one
663 1057 75 75 end,
763 1057 32 75 in
811 1057 56 75 the
884 1057 160 75 fore-part
1060 1057 40 75 of
1117 1057 56 75 the

138 1104 91 75 great
246 1104 175 75 tuberofity
437 1104 40 75 of
496 1104 56 75 the
570 1104 36 75 os
625 1104 118 75 calcis;
777 1104 63 75 and
869 1104 135 75 running
1032 1104 143 75 forward

139 1150 85 75 from
252 1150 126 75 thence,
404 1150 26 75 it
457 1150 185 75 terminates
670 1150 32 75 in
720 1150 18 75 a
759 1150 76 75 kind
864 1150 40 75 of
926 1150 87 75 fhort
1039 1150 132 75 tendon,

138 1197 107 75 which
260 1197 27 75 is
304 1197 88 75 fixed
403 1197 32 75 in
453 1197 54 75 the
530 1197 177 75 tuberofify
723 1197 63 75 and
806 1197 154 75 pofterior
978 1197 73 75 part
1067 1197 40 75 of
1118 1197 55 75 the

139 1244 99 75 lower
256 1244 65 75 fide
336 1244 42 75 of
389 1244 56 75 the
460 1244 73 75 fifth
550 1244 83 75 bone
650 1244 40 75 of
708 1244 55 75 the
779 1244 200 75 metatarfus.

273 1355 27 75 P
318 1355 33 75 A
367 1355 33 75 R
419 1355 32 75 A
468 1355 36 75 T
519 1355 35 75 H
571 1355 30 75 E
618 1355 35 75 N
670 1355 34 75 A
721 1355 33 75 R
793 1355 244 75 MAJOR.

185 1437 102 75 This
312 1437 26 75 is
362 1437 18 75 a
404 1437 109 75 pretty
540 1437 77 75 long
641 1437 130 75 mufcle,
794 1437 142 75 forming
958 1437 73 75 part
1059 1437 40 75 of
1117 1437 57 75 the

142 1482 93 75 outer
252 1482 80 75 edge
348 1482 40 75 of
400 1482 56 75 the
472 1482 66 75 foie
555 1482 39 75 of
605 1482 54 75 the
677 1482 83 75 foot.

187 1530 32 75 It
231 1530 27 75 is
270 1530 88 75 fixed
370 1530 187 75 backwards
569 1530 43 75 by
624 1530 18 75 a
653 1530 97 75 flelhy
761 1530 100 75 body,
879 1530 35 75 to
927 1530 54 75 the
998 1530 93 75 outer
1103 1530 72 75 part

140 1578 41 75 of
193 1578 56 75 the
265 1578 100 75 lower
382 1578 63 75 fide
457 1578 40 75 of
515 1578 54 75 the
587 1578 37 75 os
642 1578 107 75 calcis,
766 1578 86 75 from
868 1578 56 75 the
939 1578 89 75 fmall
1043 1578 130 75 polleri-

142 1624 37 75 or
192 1624 147 75 external
351 1624 185 75 tuberofity,
554 1624 43 75 all
610 1624 55 75 the
681 1624 71 75 way
769 1624 35 75 to
820 1624 57 75 the
889 1624 139 75 anterior
1043 1624 131 75 tubero-

139 1670 73 75 fity.
248 1670 113 75 There
372 1670 26 75 it
408 1670 85 75 joins
506 1670 54 75 the
573 1670 208 75 metatarfius,
799 1670 62 75 and
871 1670 32 75 at
912 1670 55 75 the
979 1670 79 75 bafis
1071 1670 40 75 of
1118 1670 56 75 the

143 1716 74 75 fifth
241 1716 181 75 metatarfal
446 1716 83 75 bone
553 1716 157 75 feparates
728 1716 84 75 from
828 1716 26 75 it
870 1716 104 75 again,
996 1716 62 75 and
1075 1716 100 75 forms

142 1763 19 75 a
175 1763 133 75 tendon,
332 1763 108 75 which
456 1763 26 75 is
500 1763 137 75 inferted
652 1763 33 75 in
701 1763 55 75 the
769 1763 121 75 outfide
901 1763 40 75 of
953 1763 55 75 the
1019 1763 65 75 firft
1096 1763 77 75 pha-

142 1809 78 75 lanx
236 1809 40 75 of
292 1809 56 75 the
363 1809 85 75 little
464 1809 66 75 toe,
555 1809 75 75 near
647 1809 41 75 its
705 1809 92 75 bafis,
821 1809 62 75 and
900 1809 76 75 near
998 1809 55 75 the
1076 1809 98 75 infer-

142 1857 69 75 tion
228 1857 40 75 of
286 1857 56 75 the
358 1857 190 75 parathenar
564 1857 117 75 minor.

276 1957 477 75 PARATHENAR
794 1957 244 75 MINOR.

189 2041 105 75 This
331 2041 26 75 is
388 2041 19 75 a
437 2041 96 75 flelhy
550 2041 129 75 mufcle,
706 2041 88 75 fixed
821 2041 95 75 along
944 2041 55 75 the
1024 2041 153 75 pollerior

142 2088 74 75 half
227 2088 40 75 of
280 2088 58 75 the
353 2088 95 75 outer
464 2088 62 75 and
541 2088 100 75 lower
658 2088 62 75 fide
737 2088 40 75 of
799 2088 56 75 the
871 2088 73 75 fifth
961 2088 82 75 bone
1060 2088 41 75 of
1119 2088 56 75 the

143 2133 200 75 metatarfus.
392 2133 33 75 It
441 2133 184 75 terminates
642 2133 102 75 under
760 2133 56 75 the
833 2133 81 75 head
939 2133 40 75 of
990 2133 71 75 that
1078 2133 95 75 bone,

143 2181 35 75 in
195 2181 15 75 a
229 2181 118 75 tendon
365 2181 105 75 which
487 2181 26 75 is
530 2181 137 75 inferted
689 2181 33 75 in
746 2181 57 75 the
831 2181 99 75 lower
957 2181 72 75 part
1058 2181 40 75 of
1120 2181 55 75 the

143 2227 79 75 bafis
239 2227 41 75 of
291 2227 55 75 the
366 2227 65 75 firfl:
447 2227 140 75 phalanx
604 2227 40 75 of
659 2227 55 75 the
730 2227 85 75 little
832 2227 66 75 toe.

145 2344 105 75 Uses
278 2344 43 75 of
333 2344 52 75 the
412 2344 143 75 Mufcles
571 2344 107 75 which
702 2344 88 75 move
812 2344 53 75 the
888 2344 121 75 Tarfus
1032 2344 72 75 and
1123 2344 53 75 the

447 2387 87 75 other
551 2387 103 75 Bones
673 2387 42 75 of
722 2387 53 75 the
791 2387 87 75 Foot.

193 2470 86 75 The
299 2470 117 75 tibialis
434 2470 123 75 anticus
572 2470 100 75 bends
689 2470 56 75 the
761 2470 83 75 foot,
868 2470 70 75 that
955 2470 40 75 is,
1019 2470 91 75 turns
1122 2470 56 75 the

147 2516 91 75 point
254 2516 40 75 of
305 2516 55 75 the
376 2516 71 75 foot
470 2516 126 75 toward
614 2516 56 75 the
686 2516 53 75 leg
753 2516 9 75 ;
801 2516 104 75 which
922 2516 123 75 motion
1060 2516 28 75 is
1104 2516 73 75 per-

147 2562 128 75 formed
290 2562 43 75 by
348 2562 55 75 the
422 2562 200 75 ginglymoid
638 2562 202 75 articulation
863 2562 41 75 of
925 2562 56 75 the
1005 2562 170 75 aftragalus

148 2608 80 75 with
249 2608 56 75 the
320 2608 80 75 tibia
416 2608 61 75 and
494 2608 108 75 fibula.
651 2608 33 75 It
706 2608 141 75 likewife
874 2608 99 75 bends
996 2608 56 75 the
1066 2608 53 75 leg
1135 2608 42 75 on

148 2657 56 75 the
220 2657 83 75 foot,
328 2657 37 75 or
379 2657 131 75 hinders
525 2657 43 75 its
584 2657 176 75 extenfion.

197 2703 52 75 By
265 2703 42 75 its
323 2703 111 75 lateral
447 2703 151 75 infertion
614 2703 31 75 in
662 2703 56 75 the
730 2703 37 75 os
784 2703 194 75 cuneiforme
991 2703 187 75 maximum,

149 2748 27 75 it
191 2748 109 75 moves
317 2748 64 75 this
403 2748 83 75 bone
513 2748 32 75 in
561 2748 172 75 particular
750 2748 75 75 over
841 2748 57 75 the
914 2748 139 75 anterior
1069 2748 109 75 extre-

150 2794 81 75 mity
246 2794 40 75 of
296 2794 56 75 the
368 2794 37 75 os
421 2794 116 75 calcis;
563 2794 44 75 by
622 2794 106 75 which
745 2794 55 75 the
826 2794 66 75 foie
918 2794 41 75 of
980 2794 56 75 the
1064 2794 72 75 foot
1151 2794 26 75 is

150 2840 117 75 turned
281 2840 122 75 inward
419 2840 124 75 toward
559 2840 55 75 the
630 2840 107 75 other.

196 2885 77 75 The
296 2885 163 75 peronseus
476 2885 121 75 medius
613 2885 98 75 bends
724 2885 55 75 the
796 2885 83 75 foot,
904 2885 63 75 and
981 2885 130 75 hinders
1124 2885 55 75 the

152 2932 54 75 leg
222 2932 85 75 from
322 2932 112 75 falling
450 2932 83 75 back
558 2932 33 75 in
618 2932 56 75 the
693 2932 83 75 fame
792 2932 131 75 manner
940 2932 33 75 as
991 2932 54 75 the
1062 2932 129 75 tibialis'

153 2977 133 75 apticus.
335 2977 53 75 By
403 2977 42 75 its
463 2977 149 75 infertion
628 2977 33 75 in
680 2977 56 75 the
762 2977 174 75 tuberofity
960 2977 39 75 of
1021 2977 55 75 the
1104 2977 74 75 fifth

150 3024 180 75 metatarfal
347 3024 94 75 bone,
466 3024 26 75 it
508 3024 88 75 turns
614 3024 55 75 the
684 3024 66 75 foie
773 3024 41 75 of
825 3024 55 75 the
896 3024 71 75 foot
983 3024 146 75 outward
1146 3024 32 75 at

2065 171 98 75 Part
2191 171 51 75 II.

1215 237 54 75 the
1290 237 84 75 fame
1394 237 77 75 time
1487 237 70 75 that
1573 237 27 75 it
1622 237 99 75 bends
1738 237 39 75 it,
1802 237 93 75 when
1912 237 108 75 itafts
2037 237 138 75 without
2192 237 55 75 the

1217 284 153 75 alfiftance
1387 284 40 75 of
1439 284 57 75 the
1512 284 119 75 tibialis
1648 284 135 75 anticus.

1263 330 77 75 The
1356 330 163 75 peronaeus
1536 330 147 75 minimus
1700 330 26 75 is
1744 330 38 75 an
1803 330 131 75 afliftant
1946 330 35 75 to
1997 330 55 75 the
2077 330 122 75 medius
2216 330 32 75 in

1218 377 55 75 the
1289 377 121 75 flexion
1426 377 40 75 of
1484 377 56 75 the
1557 377 83 75 foot,
1665 377 32 75 in
1715 377 179 75 preferving
1911 377 56 75 the
1982 377 216 75 asquilibrium
2214 377 41 75 of

1219 423 56 75 the
1291 423 65 75 leg,
1382 423 63 75 and
1460 423 32 75 in
1506 423 129 75 turning
1651 423 56 75 the
1723 423 65 75 foie
1806 423 44 75 of
1861 423 55 75 the
1932 423 70 75 foot
2019 423 159 75 outward.

1265 469 84 75 The
1368 469 220 75 gaflxocnemii
1607 469 64 75 and
1686 469 102 75 foleus
1805 469 92 75 make
1914 469 19 75 a
1948 469 78 75 kind
2049 469 40 75 of
2107 469 141 75 triceps;

1218 515 74 75 and,
1310 515 43 75 by
1365 515 83 75 their
1465 515 147 75 common
1628 515 134 75 tendon,
1776 515 120 75 extend
1912 515 55 75 the
1987 515 83 75 foot,
2090 515 63 75 and
2169 515 82 75 keep

1218 562 25 75 it
1260 562 163 75 extended
1440 562 117 75 again!!
1570 562 56 75 the
1639 562 150 75 ftrongeft
1807 562 172 75 refillance.
2028 562 33 75 It
2072 562 26 75 is
2111 562 44 75 by
2167 562 83 75 their

1219 608 107 75 means
1343 608 71 75 that
1430 608 49 75 we
1496 608 79 75 raife
1591 608 55 75 the
1662 608 106 75 whole
1784 608 99 75 body,
1909 608 78 75 even
2004 608 78 75 with
2103 608 40 75 an
2160 608 90 75 addi-

1219 655 100 75 tional
1336 655 135 75 burden,
1496 655 93 75 when
1605 655 49 75 we
1670 655 89 75 Hand
1787 655 21 75 a
1833 655 155 75 tip-toes;
2014 655 64 75 and
2104 655 71 75 that
2201 655 50 75 we

1218 701 98 75 walk,
1343 701 56 75 run
1417 701 63 75 and
1493 701 104 75 jump.

1266 748 76 75 The
1358 748 230 75 gaftrocnemii,
1613 748 45 75 by
1674 748 84 75 their
1774 748 151 75 infertion
1936 748 33 75 in
1986 748 56 75 the
2054 748 36 75 os
2107 748 144 75 femoris,

1220 794 86 75 may,
1331 794 33 75 in
1388 794 90 75 great
1494 794 125 75 efforts,
1644 794 94 75 move
1753 794 57 75 the
1825 794 53 75 leg
1906 794 41 75 on
1974 794 56 75 the
2058 794 104 75 thigh,
2190 794 62 75 and

1220 841 55 75 the
1292 841 92 75 thigh
1401 841 41 75 on
1460 841 55 75 the
1536 841 65 75 leg,
1627 841 33 75 as
1688 841 146 75 afliftants
1863 841 35 75 to
1926 841 56 75 the
2011 841 121 75 biceps,
2157 841 92 75 femi-

1219 887 248 75 membranofus,
1485 887 287 75 femi-tendinofus,
1790 887 127 75 gracilis
1933 887 156 75 internus,
2107 887 64 75 and
2186 887 66 75 far-

1221 934 114 75 torius.

1267 980 77 75 The
1360 980 116 75 foleus,
1501 980 45 75 by
1561 980 56 75 the
1633 980 171 75 multitude
1828 980 40 75 of
1890 980 42 75 its
1956 980 97 75 flefhy
2079 980 94 75 fibres
2191 980 63 75 and

1219 1027 42 75 its
1278 1027 180 75 penniform
1475 1027 163 75 ftrudfure,
1662 1027 27 75 is
1706 1027 90 75 more
1823 1027 116 75 proper
1966 1027 53 75 for
2042 1027 106 75 ftrong
2175 1027 78 75 than

1220 1073 88 75 large
1323 1073 152 75 motions,
1501 1073 63 75 and
1580 1073 98 75 feems
1703 1073 188 75 principally
1918 1073 35 75 to
1977 1073 113 75 fuftain
2117 1073 56 75 the
2197 1073 55 75 ga-

1220 1120 179 75 ftrocnemii
1421 1120 33 75 in
1469 1120 56 75 the
1541 1120 138 75 motions
1708 1120 104 75 begun
1835 1120 44 75 by
1903 1120 101 75 them.
2052 1120 78 75 The
2147 1120 103 75 tendi-

1221 1166 79 75 nous
1313 1166 142 75 portions
1472 1166 41 75 of
1523 1166 65 75 this
1604 1166 117 75 mufcle
1737 1166 63 75 and
1815 1166 40 75 of
1869 1166 55 75 the
1939 1166 230 75 gaftrocnemii,
2183 1166 70 75 tho

1221 1212 78 75 they
1315 1212 84 75 form
1411 1212 19 75 a
1445 1212 107 75 ftrong
1564 1212 119 75 tendon
1700 1212 44 75 all
1756 1212 160 75 together,
1941 1212 18 75 i'
1959 1212 65 75 eem
2042 1212 211 75 neverthelefs

1220 1258 36 75 to
1272 1258 77 75 Aide
1364 1258 19 75 a
1399 1258 84 75 little
1500 1258 84 75 upon
1600 1258 79 75 each
1695 1258 93 75 other
1811 1258 32 75 in
1871 1258 56 75 the
1950 1258 151 75 different
2116 1258 136 75 flexions

1222 1305 61 75 and
1300 1305 178 75 extenfions
1499 1305 41 75 of
1554 1305 55 75 the
1625 1305 83 75 foot.

1270 1352 193 75 Anatomifts
1485 1352 52 75 are
1560 1352 57 75 not
1635 1352 116 75 agreed
1770 1352 79 75 with
1873 1352 116 75 regard
2010 1352 35 75 to
2076 1352 55 75 the
2147 1352 54 75 ufe
2216 1352 42 75 of

1222 1399 55 75 the
1294 1399 117 75 tibialis
1429 1399 138 75 gracilis.

1269 1445 110 75 When
1396 1445 55 75 the
1467 1445 118 75 tibialis
1610 1445 135 75 pofticus
1763 1445 63 75 adts
1852 1445 104 75 alone,
1981 1445 26 75 it
2034 1445 135 75 extends
2197 1445 56 75 the

1223 1491 69 75 foot
1309 1491 166 75 obliquely
1490 1491 135 75 inward.
1685 1491 111 75 When
1812 1491 26 75 it
1855 1491 63 75 adts
1935 1491 150 75 together
2101 1491 78 75 with
2197 1491 54 75 the

1222 1539 217 75 gaftrocnemii
1457 1539 62 75 and
1536 1539 115 75 foleus,
1675 1539 27 75 it
1718 1539 137 75 changes
1872 1539 56 75 the
1950 1539 132 75 ftreight
2098 1539 156 75 diredtion

1223 1584 39 75 of
1274 1584 84 75 their
1374 1584 122 75 motion
1513 1584 34 75 to
1567 1584 39 75 an
1627 1584 130 75 oblique
1783 1584 73 75 one.
1921 1584 110 75 When
2050 1584 25 75 it
2093 1584 63 75 adts
2172 1584 80 75 with

1222 1631 56 75 the
1295 1631 116 75 tibialis
1429 1631 135 75 anticus,
1589 1631 56 75 the
1661 1631 66 75 foie
1751 1631 41 75 of
1810 1631 56 75 the
1892 1631 72 75 foot
1980 1631 26 75 is
2031 1631 117 75 turned
2163 1631 90 75 more

1213 1677 143 75 diredtly
1372 1677 135 75 inward,
1531 1677 38 75 or
1586 1677 124 75 toward
1726 1677 54 75 the
1797 1677 93 75 other
1909 1677 83 75 foot.

1270 1724 111 75 When
1404 1724 56 75 the
1476 1724 164 75 peronasus
1656 1724 113 75 longus
1786 1724 37 75 or
1840 1724 157 75 maximus
2015 1724 65 75 adts
2097 1724 104 75 alone,
2226 1724 27 75 It

1223 1770 74 75 may
1312 1770 121 75 extend
1448 1770 56 75 the
1521 1770 70 75 foot
1606 1770 141 75 hanging
1763 1770 103 75 freely
1882 1770 32 75 in
1931 1770 55 75 the
2003 1770 47 75 air
2064 1770 10 75 ;
2100 1770 58 75 but
2174 1770 80 75 then

1223 1818 64 75 this
1300 1818 162 75 extenfion
1478 1818 27 75 is
1521 1818 166 75 obliquely
1703 1818 158 75 outward.
1917 1818 170 75 Together
2102 1818 79 75 with
2197 1818 56 75 the

1224 1862 64 75 gaft
1291 1862 150 75 rocnemii
1455 1862 62 75 and
1528 1862 115 75 foleus,
1661 1862 25 75 it
1699 1862 139 75 likewife
1855 1862 135 75 changes
2003 1862 85 75 their
2099 1862 155 75 diredtion

1224 1908 35 75 to
1278 1908 37 75 an
1334 1908 129 75 oblique
1480 1908 162 75 extenfion
1660 1908 158 75 outward.

1269 1955 77 75 The
1362 1955 150 75 extenfor
1527 1955 126 75 pollicis
1669 1955 114 75 longus
1800 1955 135 75 extends
1953 1955 55 75 the
2035 1955 66 75 two
2118 1955 133 75 phalan-

1223 2001 54 75 ges
1294 2001 40 75 of
1349 2001 54 75 the
1419 2001 92 75 great
1527 2001 74 75 toe;
1629 2001 63 75 and
1706 2001 26 75 it
1748 2001 74 75 may
1848 2001 140 75 likewife
2004 2001 39 75 be
2060 2001 39 75 an
2116 2001 138 75 afliftant

1225 2047 34 75 to
1276 2047 56 75 the
1348 2047 118 75 tibialis
1489 2047 134 75 anticus.

1270 2093 77 75 The
1363 2093 104 75 flexor
1482 2093 125 75 pollicis
1624 2093 112 75 longus
1764 2093 57 75 not
1849 2093 76 75 only
1940 2093 101 75 bends
2065 2093 56 75 the
2138 2093 116 75 fecond

1223 2140 141 75 phalanx
1380 2140 40 75 of
1431 2140 56 75 the
1502 2140 91 75 great
1609 2140 66 75 toe,
1691 2140 59 75 but
1763 2140 72 75 may
1846 2140 139 75 likewife
1997 2140 100 75 ferve,
2113 2140 32 75 in
2163 2140 90 75 great

1225 2187 125 75 efforts,
1375 2187 34 75 as
1438 2187 38 75 an
1501 2187 132 75 afliftant
1660 2187 36 75 to
1723 2187 55 75 the
1800 2187 164 75 extenfors
1992 2187 40 75 of
2054 2187 56 75 the
2139 2187 115 75 tarfus.

1224 2233 86 75 This
1327 2233 116 75 mufcle
1459 2233 27 75 is
1503 2233 40 75 of
1555 2233 89 75 great
1661 2233 52 75 ufe
1734 2233 31 75 in
1783 2233 152 75 climbing
1951 2233 42 75 up
2010 2233 19 75 a
2052 2233 82 75 fteep
2151 2233 102 75 place.

1271 2281 77 75 The
1364 2281 113 75 thenar
1492 2281 100 75 bends
1609 2281 55 75 the
1681 2281 65 75 firft
1769 2281 141 75 phalanx
1932 2281 40 75 of
1989 2281 55 75 the
2072 2281 90 75 great
2186 2281 66 75 toe.

1225 2327 112 75 When
1353 2327 55 75 the
1425 2327 128 75 portion
1569 2327 120 75 neareft
1704 2327 56 75 the
1776 2327 90 75 inner
1892 2327 81 75 edge
1989 2327 41 75 of
2048 2327 55 75 the
2119 2327 71 75 foot
2206 2327 45 75 ei-

1226 2372 72 75 ther
1314 2372 63 75 adts
1398 2372 104 75 alone,
1528 2372 38 75 or
1583 2372 63 75 adts
1663 2372 89 75 more
1768 2372 77 75 than
1861 2372 55 75 the
1933 2372 71 75 reft,
2022 2372 56 75 the
2095 2372 89 75 great
2201 2372 54 75 toe

1225 2420 26 75 is
1269 2420 163 75 feparated
1448 2420 85 75 from
1550 2420 55 75 the
1622 2420 93 75 other
1731 2420 83 75 toes,
1832 2420 166 75 efpecially
2015 2420 31 75 if
2051 2420 27 75 it
2094 2420 39 75 be
2150 2420 33 75 at
2199 2420 56 75 the

1228 2466 82 75 fame
1326 2466 78 75 time
1421 2466 172 75 extended.

1271 2512 78 75 The
1365 2512 192 75 antithenar,
1583 2512 102 75 adting
1701 2512 78 75 with
1796 2512 56 75 the
1868 2512 124 75 thenar,
2009 2512 99 75 bends
2121 2512 55 75 the
2189 2512 66 75 firft

1225 2559 140 75 phalanx
1381 2559 40 75 of
1433 2559 54 75 the
1503 2559 90 75 great
1616 2559 66 75 toe.
1742 2559 111 75 When
1876 2559 26 75 it
1919 2559 64 75 adts
2007 2559 103 75 alone,
2135 2559 118 75 efpeci-

1227 2606 65 75 ally
1306 2606 32 75 if
1355 2606 55 75 the
1426 2606 90 75 great
1531 2606 54 75 toe
1612 2606 25 75 is
1665 2606 88 75 bent,
1779 2606 26 75 it
1830 2606 108 75 brings
1965 2606 27 75 it
2018 2606 112 75 nearer
2144 2606 55 75 the
2216 2606 36 75 o-

1227 2651 72 75 ther
1321 2651 83 75 toes,
1429 2651 31 75 in
1488 2651 186 75 proportion
1702 2651 36 75 to
1754 2651 56 75 the
1826 2651 131 75 degrees
1974 2651 41 75 of
2036 2651 102 75 action
2154 2651 39 75 of
2211 2651 43 75 its

1226 2697 150 75 different
1394 2697 154 75 portions.

1273 2744 76 75 The
1361 2744 65 75 two
1438 2744 182 75 extenfores
1637 2744 173 75 digitorum
1827 2744 181 75 communes
2024 2744 116 75 concur
2151 2744 33 75 in
2196 2744 58 75 ex-

1227 2790 131 75 tending
1373 2790 56 75 the
1445 2790 73 75 four
1533 2790 88 75 fmall
1638 2790 70 75 toes
1722 2790 11 75 ;
1759 2790 75 75 and,
1859 2790 33 75 as
1910 2790 54 75 the
1977 2790 149 75 extenfor
2141 2790 114 75 longus

1227 2838 25 75 is
1267 2838 55 75 not
1338 2838 74 75 near
1424 2838 34 75 fo
1469 2838 96 75 flefhy
1582 2838 33 75 as
1632 2838 71 75 that
1720 2838 40 75 of
1770 2838 55 75 the
1842 2838 97 75 hand,
1965 2838 63 75 this
2045 2838 171 75 difference
2227 2838 28 75 is

1228 2884 93 75 made
1342 2884 43 75 up
1407 2884 44 75 by
1477 2884 56 75 the
1557 2884 149 75 extenfor
1732 2884 117 75 brevis.
1919 2884 77 75 The
2023 2884 112 75 longus
2163 2884 93 75 alone

1227 2931 98 75 feems
1342 2931 36 75 to
1402 2931 124 75 extend
1550 2931 54 75 the
1621 2931 64 75 firft
1701 2931 191 75 phalanges;
1920 2931 61 75 and
1999 2931 76 75 they
2092 2931 79 75 both
2184 2931 72 75 join

1227 2976 32 75 in
1276 2976 55 75 the
1348 2976 162 75 extenfion
1534 2976 41 75 of
1593 2976 54 75 the
1662 2976 117 75 fecond
1796 2976 61 75 and
1873 2976 88 75 third
1978 2976 171 75 phalanges
2163 2976 10 75 ;
2200 2976 56 75 the

1227 3022 118 75 brevis,
1361 3022 44 75 by
1421 3022 55 75 the
1493 3022 162 75 obliquity
1678 3022 40 75 of
1740 3022 42 75 its
1800 3022 167 75 diredtion,
1985 3022 199 75 moderating
2200 3022 54 75 the
