2428 3377
107 188 78 75 I5>S

647 188 41 75 A
803 188 43 75 N
961 188 42 75 A
1118 188 39 75 T

150 254 34 75 It
199 254 27 75 is
243 254 91 75 fixed
355 254 33 75 ’m
408 254 57 75 the
481 254 155 75 pofterior
651 254 75 75 half
737 254 40 75 of
796 254 64 75 the'
860 254 209 75 infra-fpinal
1086 254 51 75 ca-

102 302 70 75 vity
195 302 38 75 or
255 302 91 75 foiTa,
372 302 62 75 and
461 302 35 75 to
513 302 55 75 the
586 302 246 75 correfpOnding
849 302 72 75 part
937 302 40 75 of
989 302 54 75 the
1060 302 78 75 bafis

104 349 41 75 of
155 349 55 75 the
226 349 139 75 fcapula.

150 395 230 75 From-thence
396 395 80 75 arife
488 395 19 75 a
518 395 89 75 great
620 395 133 75 number
769 395 41 75 of
817 395 85 75 (hort
918 395 97 75 fleihy
1031 395 108 75 fibres,

104 441 105 75 which
226 441 59 75 run
302 441 89 75 more
407 441 36 75 or
459 441 60 75 lefs
535 441 179 75 obliciuely,
740 441 64 75 and
827 441 62 75 end
916 441 32 75 in
977 441 19 75 a
1019 441 121 75 middle

102 489 171 75 tendinous
304 489 106 75 plane,
447 489 106 75 which
580 489 186 75 terminates
795 489 19 75 a
839 489 85 75 little
951 489 106 75 below
1084 489 56 75 the

102 536 147 75 broadeft
264 536 72 75 part
352 536 40 75 of
402 536 56 75 the
474 536 87 75 fpine
576 536 40 75 of
627 536 56 75 the
699 536 139 75 fcapula,
863 536 101 75 under
986 536 57 75 tire
1066 536 75 75 root

104 581 41 75 of
155 581 56 75 the
227 581 189 75 acromium.

156 629 100 75 Then
289 629 55 75 the
363 629 101 75 hefty
486 629 110 75 fibres,
624 629 127 75 leaving
778 629 55 75 the
860 629 96 75 bone,
991 629 90 75 unite
1108 629 33 75 in

107 676 59 75 one
183 676 97 75 flefty
296 676 93 75 mafs,
414 676 120 75 which,
560 676 116 75 palling
691 676 102 75 under
810 676 56 75 the
883 676 188 75 acromium,
1104 676 36 75 o-

104 722 56 75 ver
178 722 56 75 the
249 722 204 75 articulation
470 722 40 75 of
534 722 55 75 the
617 722 85 75 head
728 722 41 75 of
791 722 56 75 the
864 722 36 75 os
917 722 136 75 humeri,
1080 722 62 75 and

105 768 156 75 adhering
283 768 36 75 to
339 768 55 75 the
411 768 143 75 capfular
573 768 167 75 ligament,
765 768 186 75 terminates
967 768 92 75 there
1074 768 33 75 in
1124 768 20 75 a

105 815 56 75 flat
173 815 103 75 broad
288 815 131 75 tendon,
436 815 121 75 which,
571 815 156 75 adhering
738 815 139 75 likewife
889 815 36 75 to
936 815 56 75 the
1004 815 138 75 capfula,

107 862 27 75 is
151 862 188 75 afterwards
356 862 139 75 inferred
507 862 30 75 in
551 862 56 75 the
618 862 128 75 greater
761 862 121 75 middle
898 862 124 75 furface
1037 862 41 75 of
1088 862 56 75 the

104 909 92 75 great
211 909 175 75 tuberofity
400 909 42 75 of
456 909 56 75 the
528 909 85 75 head
628 909 40 75 of
679 909 56 75 the
755 909 36 75 os
807 909 138 75 humeri.

320 1012 615 75 SUPRA-SPINATUS.

151 1088 106 75 This
278 1088 27 75 is
322 1088 19 75 a
356 1088 91 75 thiSk
466 1088 126 75 narrow
609 1088 129 75 mufcle,
756 1088 33 75 in
809 1088 85 75 fome
911 1088 141 75 meafure
1067 1088 77 75 pen-

105 1134 132 75 niform,
262 1134 103 75 filling
381 1134 42 75 all
448 1134 55 75 the
527 1134 208 75 fupra-fpinal
752 1134 107 75 cavity
875 1134 40 75 of
932 1134 55 75 the
1003 1134 140 75 fcapula.

153 1180 32 75 It
204 1180 28 75 is
248 1180 90 75 fixed
354 1180 35 75 to
406 1180 43 75 all
466 1180 55 75 the
537 1180 155 75 pofterior
708 1180 74 75 half
800 1180 41 75 of
862 1180 56 75 the
935 1180 209 75 fupra-fpinal

106 1227 99 75 fofl’a;
232 1227 63 75 and
310 1227 180 75 fometimes
507 1227 42 75 its
566 1227 151 75 infertion
734 1227 130 75 reaches
882 1227 76 75 near
982 1227 57 75 the
1062 1227 83 75 neck

106 1274 40 75 of
158 1274 57 75 the
234 1274 96 75 bone.
377 1274 114 75 There
509 1274 55 75 the
581 1274 96 75 fibres
699 1274 90 75 leave
805 1274 56 75 the
877 1274 123 75 furface
1024 1274 41 75 of
1087 1274 57 75 the

105 1320 97 75 bone,
228 1320 64 75 and
308 1320 68 75 pafs
392 1320 147 75 between
556 1320 56 75 the
629 1320 176 75 acromium
828 1320 62 75 and
917 1320 83 75 neck
1026 1320 41 75 of
1087 1320 57 75 the

100 1368 143 75 fcapula,
267 1368 103 75 under
385 1368 56 75 the
457 1368 77 75 arch
550 1368 126 75 formed
691 1368 44 75 by
752 1368 55 75 the
819 1368 175 75 acromium
1005 1368 64 75 and
1084 1368 58 75 ex-

105 1414 133 75 tremity
261 1414 41 75 of
320 1414 55 75 the
392 1414 143 75 clavicle,
561 1414 63 75 and
640 1414 101 75 under
759 1414 55 75 the
829 1414 153 75 ligament
997 1414 145 75 between

104 1461 56 75 the
176 1461 175 75 acrorriium
365 1461 61 75 and
439 1461 166 75 apophyfis
622 1461 182 75 coracoides
820 1461 10 75 ;
846 1461 97 75 being
954 1461 189 75 afterwards

104 1508 138 75 inferted
258 1508 33 75 in
307 1508 56 75 the
379 1508 142 75 fuperior
538 1508 125 75 furface
678 1508 40 75 of
737 1508 56 75 the
810 1508 90 75 great
916 1508 177 75 tuberofity
1108 1508 42 75 of

105 1556 56 75 the
177 1556 85 75 head
277 1556 41 75 of
332 1556 55 75 the
403 1556 37 75 os
457 1556 138 75 humeri,
621 1556 78 75 very
715 1556 74 75 near
807 1556 55 75 the
878 1556 88 75 bony
985 1556 149 75 channel,

250 1656 28 75 C
297 1656 32 75 O
347 1656 126 75 RAC
491 1656 94 75 O-B
603 1656 34 75 R
651 1656 32 75 A
701 1656 30 75 C
749 1656 34 75 H
801 1656 17 75 I
835 1656 108 75 ALI
961 1656 37 75 S.

151 1732 101 75 This
277 1732 27 75 is
322 1732 19 75 a
355 1732 77 75 long
449 1732 117 75 mufcle
582 1732 90 75 lying
696 1732 42 75 on
764 1732 55 75 the
843 1732 98 75 infide
958 1732 42 75 of
1014 1732 55 75 the
1085 1732 57 75 up-

107 1778 56 75 per
179 1778 74 75 half
265 1778 40 75 of
316 1778 55 75 the
389 1778 36 75 os
441 1778 138 75 humeri.

151 1824 32 75 It
194 1824 27 75 is
233 1824 88 75 fixed
337 1824 100 75 above
454 1824 35 75 to
506 1824 55 75 the
577 1824 91 75 point
684 1824 40 75 of
745 1824 55 75 the
824 1824 150 75 coracoid
995 1824 144 75 apophy-

107 1872 51 75 fis,
183 1872 146 75 between
354 1872 55 75 the
431 1872 167 75 infertions
615 1872 43 75 of
674 1872 57 75 the
756 1872 107 75 biceps
889 1872 61 75 and
974 1872 168 75 pedtoralis

106 1917 117 75 minor,
249 1917 44 75 by
313 1917 18 75 a
346 1917 132 75 tendon,
503 1917 122 75 which,
655 1917 34 75 as
706 1917 26 75 it
748 1917 166 75 defcends,
938 1917 134 75 adheres
1091 1917 52 75 for

105 1966 19 75 a
139 1966 87 75 good
248 1966 72 75 way
335 1966 36 75 to
391 1966 56 75 the
469 1966 136 75 tendons
626 1966 40 75 of
684 1966 88 75 thefe
796 1966 66 75 two
879 1966 147 75 mufcles.
1076 1966 63 75 Af-

104 2012 155 75 terwards
275 2012 27 75 it
319 2012 146 75 becomes
484 2012 108 75 flefty,
618 2012 64 75 and
704 2012 27 75 is
758 2012 140 75 inferted
925 2012 44 75 by
997 2012 19 75 a
1039 2012 103 75 broad

108 2058 71 75 thin
195 2058 190 75 extremity,
403 2058 79 75 with
499 2058 19 75 a
534 2058 88 75 final!
640 2058 141 75 mixture
797 2058 41 75 of
849 2058 170 75 tendinous
1035 2058 109 75 fibres,

105 2105 33 75 in
155 2105 56 75 the
228 2105 121 75 middle
366 2105 73 75 part
454 2105 40 75 of
512 2105 56 75 the
587 2105 36 75 os
640 2105 137 75 humeri.

321 2205 601 75 SUBSCAPULARIS.

153 2276 102 75 This
274 2276 118 75 mufcle
409 2276 27 75 is
452 2276 40 75 of
504 2276 55 75 the
575 2276 84 75 fame
683 2276 138 75 breadth
839 2276 63 75 and
924 2276 113 75 length
1064 2276 81 75 with

104 2325 59 75 the
179 2325 138 75 fcapula,
342 2325 41 75 of
394 2325 106 75 which
519 2325 26 75 it
567 2325 148 75 occupies
740 2325 43 75 all
808 2325 55 75 the
885 2325 91 75 inner
1003 2325 38 75 or
1068 2325 77 75 con-

107 2370 81 75 cave
200 2370 85 75 fide;
312 2370 63 75 and
390 2370 86 75 from
492 2370 64 75 this
577 2370 148 75 fituation
740 2370 27 75 it
782 2370 58 75 has
856 2370 42 75 its
914 2370 105 75 name.
1068 2370 33 75 It
1117 2370 27 75 is

107 2418 102 75 thick,
235 2418 74 75 and.
320 2418 92 75 made
428 2418 43 75 up
488 2418 39 75 of
538 2418 119 75 feveral
674 2418 180 75 penniform
874 2418 145 75 portions
1032 2418 112 75 nearly

104 2465 36 75 in
156 2465 56 75 the
228 2465 83 75 fame
331 2465 131 75 manner
478 2465 79 75 with
573 2465 56 75 the
645 2465 171 75 deltoides.

157 2510 31 75 It
203 2510 27 75 is
250 2510 89 75 fixed
361 2510 33 75 in
411 2510 55 75 the
486 2510 137 75 internal
639 2510 120 75 labium
787 2510 39 75 of
840 2510 56 75 the
922 2510 105 75 whole
1049 2510 92 75 bafis,

111 2558 64 75 and
191 2558 31 75 in
240 2558 112 75 almoft
370 2558 55 75 the
441 2558 105 75 whole
563 2558 136 75 internal
715 2558 124 75 furface
864 2558 41 75 of
922 2558 57 75 the
996 2558 146 75 fcapula;

111 2605 42 75 its
169 2605 97 75 flefty
284 2605 143 75 portions
444 2605 89 75 lying
545 2605 31 75 in
590 2605 55 75 the
661 2605 151 75 intervals
830 2605 143 75 between
990 2605 55 75 the
1058 2605 87 75 bony

108 2652 95 75 lines,
227 2652 93 75 when
338 2652 87 75 thefe
441 2652 54 75 are
506 2652 113 75 found.
668 2652 93 75 Near
778 2652 58 75 the
847 2652 94 75 neck,
958 2652 80 75 they
1052 2652 91 75 leave

109 2699 57 75 the
181 2699 95 75 bone,
302 2699 62 75 and
381 2699 83 75 form
482 2699 18 75 a
519 2699 78 75 very
613 2699 100 75 broad
730 2699 119 75 tendon
866 2699 105 75 which
988 2699 26 75 is
1031 2699 112 75 infert-

108 2747 43 75 ed
177 2747 33 75 in
237 2747 56 75 the
320 2747 125 75 furface
461 2747 39 75 of
515 2747 56 75 the
586 2747 89 75 fmall
693 2747 176 75 tuberofity
884 2747 40 75 of
936 2747 56 75 the
1009 2747 83 75 head
1107 2747 41 75 of

108 2792 60 75 the
184 2792 36 75 os
236 2792 138 75 humeri.

111 2894 100 75 Uses
237 2894 46 75 of
296 2894 255 75 /^/Muscles
580 2894 106 75 which
711 2894 89 75 move
826 2894 53 75 the
905 2894 51 75 Os
975 2894 164 75 Humeri

455 2938 38 75 on
521 2938 53 75 the
600 2938 193 75 Scap-ula.

155 3006 86 75 The
260 3006 170 75 deltoides,
454 3006 85 75 from
565 3006 55 75 the
643 3006 181 75 difpofition
850 3006 40 75 of
907 3006 41 75 its
973 3006 167 75 infertions

109 3056 35 75 in
158 3056 56 75 the
230 3056 125 75 fcapula
370 3056 62 75 and
448 3056 144 75 clavicle,
617 3056 73 75 may
713 3056 79 75 raife
809 3056 55 75 the
887 3056 80 75 arm,
993 3056 37 75 or
1053 3056 88 75 fepa-

1433 179 48 75 M
1598 179 40 75 Y

2044 179 100 75 Part
2164 179 50 75 II.

1182 252 68 75 rate
1262 252 38 75 it
1316 252 86 75 from
1419 252 55 75 the
1491 252 79 75 ribs,
1592 252 60 75 not
1669 252 76 75 only
1761 252 146 75 dire&ly,
1931 252 58 75 but
2012 252 121 75 likwife
2158 252 57 75 ob-

1181 296 125 75 liqtiely
1321 296 34 75 in
1378 296 97 75 many
1490 296 152 75 different
1662 296 100 75 ways.
1809 296 78 75 The
1904 296 68 75 arm
2000 296 95 75 being
2121 296 97 75 lifted

1184 344 134 75 directly
1333 344 144 75 upward,
1503 344 56 75 the
1575 344 127 75 lateral,
1727 344 153 75 anterior,
1898 344 61 75 and
1976 344 152 75 pofterior
2144 344 73 75 por-

1184 391 83 75 tions
1284 391 41 75 of
1347 391 64 75 this
1435 391 117 75 mufcle
1568 391 75 75 may
1669 391 94 75 bring
1778 391 56 75 the
1855 391 80 75 arm,
1960 391 33 75 fo
2011 391 114 75 raifed,
2149 391 53 75 for
2202 423 15 49 7

1184 437 90 75 ward
1291 437 62 75 and
1368 437 184 75 backward.

1230 484 76 75 The
1317 484 167 75 latiffimus
1502 484 83 75 dorfi
1606 484 105 75 ferves
1734 484 35 75 in
1792 484 128 75 general
1945 484 34 75 to
2005 484 96 75 bring
2124 484 95 75 down

1185 532 55 75 the
1256 532 69 75 arm
1348 532 93 75 when
1458 532 119 75 raifed;
1603 532 27 75 it
1646 532 66 75 alfo
1727 532 104 75 ferves
1848 532 35 75 to
1899 532 127 75 deprefs
2042 532 57 75 the
2115 532 104 75 ftoul-

1181 577 73 75 der,
1279 577 38 75 or
1333 577 36 75 to
1391 577 152 75 maintain
1559 577 27 75 it
1601 577 33 75 in
1651 577 71 75 that
1745 577 148 75 fituation
1920 577 116 75 againft
2053 577 63 75 any
2130 577 91 75 force

1184 624 71 75 that
1270 624 196 75 endeavours
1483 624 35 75 to
1539 624 79 75 raife
1634 624 48 75 it;
1709 624 33 75 as
1767 624 91 75 when
1887 624 49 75 we
1958 624 72 75 lean
2054 624 87 75 upon
2164 624 57 75 the

1186 671 105 75 elbow
1306 671 32 75 in
1356 671 120 75 fitting,
1501 671 38 75 or
1555 671 84 75 walk
1656 671 85 75 upon
1758 671 161 75 crutches.

1233 719 77 75 The
1326 719 170 75 peAoralis
1513 719 104 75 major
1640 719 105 75 ferves
1769 719 32 75 in
1826 719 128 75 general
1982 719 35 75 to
2045 719 93 75 bring
2165 719 57 75 the

1188 765 68 75 arm
1272 765 77 75 near
1365 765 56 75 the
1442 765 78 75 ribs,
1546 765 36 75 to
1600 765 85 75 prefs
1702 765 27 75 it
1745 765 142 75 ftrongly
1898 765 119 75 againft
2032 765 101 75 them,
2159 765 64 75 and

1188 811 34 75 to
1239 811 95 75 carry
1350 811 25 75 it
1391 811 140 75 towards
1548 811 58 75 the
1624 811 157 75 fore-part
1797 811 41 75 of
1849 811 55 75 the
1921 811 133 75 thorax.

1234 858 77 75 The
1328 858 83 75 teres
1432 858 115 75 major,
1574 858 43 75 by
1639 858 97 75 being
1757 858 140 75 inferted
1917 858 33 75 in
1974 858 55 75 the
2046 858 35 75 os
2097 858 125 75 humeri

1188 904 33 75 in
1238 904 19 75 a
1271 904 154 75 direction
1442 904 131 75 parallel
1597 904 36 75 to
1660 904 55 75 the
1742 904 161 75 latiffnnus
1920 904 96 75 dorfi,
2039 904 149 75 becomes
2205 904 19 75 a

1189 950 159 75 congener
1364 950 35 75 to
1415 950 57 75 the
1494 950 142 75 fuperior
1661 950 64 75 and
1751 950 155 75 pofterior
1932 950 130 75 portion
2089 950 41 75 of
2151 950 72 75 that

1189 998 141 75 mufcle;
1363 998 63 75 and
1451 998 204 75 accordingly
1680 998 109 75 moves
1817 998 56 75 the
1902 998 36 75 os
1962 998 125 75 humeri
2109 998 32 75 in
2167 998 56 75 the

1188 1045 85 75 fame
1289 1045 130 75 manner
1435 1045 80 75 with
1530 1045 38 75 it.
1617 1045 34 75 It
1673 1045 91 75 turns
1781 1045 56 75 the
1852 1045 84 75 bone
1952 1045 106 75 round
2078 1045 42 75 its
2138 1045 85 75 axis,

1190 1091 94 75 when
1299 1091 57 75 the
1373 1091 156 75 fore-arm
1544 1091 27 75 is
1588 1091 125 75 carried
1728 1091 120 75 behind
1864 1091 56 75 the
1936 1091 95 75 back.

1238 1138 32 75 It
1286 1138 141 75 likewife
1449 1138 83 75 pulls
1560 1138 56 75 the
1636 1138 70 75 arm
1727 1138 135 75 diredtly
1877 1138 184 75 backward,
2085 1138 139 75 without

1189 1184 130 75 moving
1334 1184 27 75 it
1377 1184 106 75 round
1497 1184 42 75 its
1557 1184 83 75 axis.

1237 1231 76 75 The
1330 1231 301 75 coraco-brachialis
1648 1231 110 75 brings
1784 1231 55 75 the
1860 1231 68 75 arm
1951 1231 37 75 to
2005 1231 59 75 the
2088 1231 135 75 forefide

1190 1277 39 75 of
1240 1277 55 75 the
1312 1277 132 75 thorax,
1469 1277 113 75 raifing
1597 1277 26 75 it
1640 1277 33 75 at
1689 1277 56 75 the
1764 1277 85 75 fame
1864 1277 79 75 time
1955 1277 12 75 ;
1998 1277 76 75 and,
2097 1277 34 75 in
2158 1277 65 75 this

1189 1324 82 75 cafe,
1288 1324 26 75 it
1326 1324 74 75 may
1410 1324 41 75 be
1464 1324 159 75 reckoned
1637 1324 19 75 a
1667 1324 159 75 congener
1837 1324 39 75 or
1889 1324 132 75 affiftant
2031 1324 37 75 to
2079 1324 56 75 the
2150 1324 74 75 pec-

1190 1371 110 75 toralis
1317 1371 102 75 major
1436 1371 32 75 in
1485 1371 90 75 great
1592 1371 133 75 efforts;
1752 1371 64 75 and
1832 1371 74 75 may
1917 1371 141 75 perform
2073 1371 55 75 the
2139 1371 85 75 fame

1190 1417 122 75 motion
1329 1417 42 75 by
1388 1417 98 75 itfelf,
1512 1417 93 75 when
1625 1417 42 75 no
1690 1417 92 75 great
1813 1417 89 75 force
1928 1417 28 75 is
1984 1417 180 75 neceflary;
2191 1417 34 75 as

1190 1464 93 75 when
1308 1464 55 75 the
1377 1464 109 75 whole
1514 1464 68 75 arm
1609 1464 100 75 hangs
1737 1464 109 75 down,
1872 1464 63 75 and
1950 1464 27 75 is
1994 1464 115 75 moved
2127 1464 97 75 back-

1192 1511 88 75 ward
1297 1511 62 75 and
1375 1511 140 75 forward
1538 1511 66 75 like
1621 1511 18 75 a
1655 1511 186 75 pendulum,
1872 1511 56 75 the
1945 1511 121 75 motion
2084 1511 141 75 forward

1189 1559 97 75 being
1302 1559 186 75 performed
1504 1559 44 75 by
1569 1559 55 75 the
1642 1559 314 75 coraco-brachialis,
1986 1559 63 75 and
2072 1559 56 75 the
2155 1559 70 75 mo-

1193 1605 67 75 tion
1271 1605 173 75 backward
1460 1605 44 75 by
1521 1605 54 75 the
1592 1605 84 75 teres
1694 1605 116 75 major,
1835 1605 42 75 its
1893 1605 188 75 antagonift.

1238 1651 86 75 This
1341 1651 117 75 mcfcle
1475 1651 75 75 may
1564 1651 141 75 likewife
1722 1651 92 75 move
1836 1651 56 75 the
1915 1651 125 75 fcapula
2056 1651 41 75 on
2115 1651 56 75 the
2187 1651 37 75 os

1192 1699 124 75 humeri
1332 1699 77 75 kept
1428 1699 108 75 firmly
1558 1699 174 75 depreffed,
1758 1699 34 75 as
1808 1699 94 75 when
1925 1699 108 75 fitting
2049 1699 31 75 in
2098 1699 18 75 a
2137 1699 90 75 chair

1193 1745 49 75 we
1260 1745 74 75 take
1351 1745 58 75 fall:
1432 1745 81 75 hold
1535 1745 40 75 of
1587 1745 55 75 the
1661 1745 80 75 edge
1764 1745 41 75 of
1826 1745 26 75 it
1868 1745 79 75 with
1963 1745 58 75 the
2038 1745 98 75 hand.
2185 1745 40 75 In

1193 1791 65 75 this
1278 1791 69 75 cafe
1364 1791 55 75 the
1443 1791 301 75 coraco-brachialis
1761 1791 74 75 may
1851 1791 93 75 bring
1959 1791 56 75 die
2032 1791 194 75 arcromium

1192 1838 199 75 downward,
1417 1838 62 75 and
1501 1838 56 75 the
1572 1838 132 75 inferior
1720 1838 93 75 angle
1839 1838 41 75 of
1902 1838 56 75 the
1983 1838 139 75 fcapula,
2149 1838 76 75 near

1193 1884 56 75 the
1265 1884 168 75 vertebra:.
1483 1884 32 75 It
1538 1884 103 75 ferves
1658 1884 140 75 likewife
1814 1884 35 75 to
1865 1884 94 75 bring
1975 1884 56 75 the
2048 1884 65 75 arm
2132 1884 34 75 to
2182 1884 42 75 its

1193 1930 121 75 former
1329 1930 161 75 fituation,
1516 1930 84 75 after
1615 1930 25 75 it
1657 1930 57 75 has
1732 1930 78 75 been
1832 1930 115 75 turned
1970 1930 44 75 by
2041 1930 56 75 the
2120 1930 104 75 latifii-

1193 1977 70 75 mus
1279 1977 94 75 dorfi,
1398 1977 34 75 in
1448 1977 97 75 order
1559 1977 35 75 to
1612 1977 96 75 apply
1731 1977 55 75 the
1801 1977 85 75 hand
1903 1977 35 75 to
1961 1977 59 75 the
2033 1977 80 75 back
2125 1977 9 75 ;
2162 1977 65 75 and

1193 2023 77 75 then
1285 2023 27 75 it
1328 2023 90 75 turns
1434 2023 56 75 the
1506 2023 36 75 os
1554 2023 124 75 humeri
1694 2023 84 75 upon
1788 2023 45 75 its
1849 2023 70 75 axis
1931 2023 32 75 in
1980 2023 18 75 a
2014 2023 211 75 contrary.di-

1193 2070 120 75 re&ion
1329 2070 35 75 to
1382 2070 70 75 that
1462 2070 92 75 given
1574 2070 26 75 it
1616 2070 44 75 by
1676 2070 56 75 the
1744 2070 94 75 other
1853 2070 131 75 mufcle.

1240 2117 77 75 The
1331 2117 248 75 fupra-fpinatus
1598 2117 87 75 joins
1702 2117 81 75 with
1798 2117 58 75 the
1871 2117 158 75 deltoides
2056 2117 33 75 in
2115 2117 110 75 lifting

1194 2164 42 75 up
1260 2164 56 75 the
1336 2164 87 75 arm;
1450 2164 65 75 this
1532 2164 117 75 mufcle
1665 2164 171 75 beginning
1853 2164 71 75 that
1950 2164 115 75 aftion,
2090 2164 64 75 and
2169 2164 57 75 the

1195 2211 156 75 deltoides
1371 2211 186 75 continuing
1573 2211 38 75 it.

1241 2258 76 75 The
1335 2258 237 75 infra-fpinatus
1589 2258 96 75 being
1701 2258 138 75 inferted
1855 2258 43 75 by
1914 2258 41 75 its
1972 2258 119 75 tendon
2120 2258 32 75 in
2170 2258 55 75 the

1194 2305 121 75 middle
1330 2305 125 75 furface
1471 2305 40 75 of
1522 2305 56 75 the
1605 2305 92 75 great
1712 2305 174 75 tuberofity
1902 2305 40 75 of
1959 2305 56 75 the
2031 2305 36 75 os
2083 2305 139 75 humerij

1194 2350 79 75 muft
1289 2350 143 75 perform
1449 2350 151 75 different
1612 2350 138 75 motions
1762 2350 170 75 according
1949 2350 36 75 to
2001 2350 56 75 the
2073 2350 152 75 different

1194 2398 162 75 fituations
1373 2398 41 75 of
1425 2398 70 75 that
1515 2398 95 75 bone.
1657 2398 39 75 If
1714 2398 27 75 it
1757 2398 64 75 affs
1838 2398 96 75 while
1949 2398 56 75 the
2033 2398 68 75 arm
2123 2398 102 75 hangs

1194 2444 107 75 down,
1326 2444 132 75 parallel
1474 2444 36 75 to
1526 2444 56 75 the
1609 2444 98 75 trunk
1723 2444 40 75 of
1780 2444 55 75 the
1851 2444 101 75 body,
1977 2444 28 75 it
2029 2444 74 75 may
2130 2444 95 75 move

1194 2491 56 75 the
1266 2491 36 75 os
1318 2491 124 75 humeri
1463 2491 103 75 round
1577 2491 42 75 its
1636 2491 85 75 axis,
1738 2491 84 75 from
1839 2491 111 75 before
1965 2491 169 75 outward;
2161 2491 64 75 and

1195 2537 241 75 confequently,
1461 2537 31 75 if
1505 2537 55 75 the
1578 2537 153 75 fore-arm
1749 2537 40 75 be
1807 2537 31 75 at
1855 2537 55 75 the
1926 2537 83 75 fame
2027 2537 76 75 time
2131 2537 90 75 bent,

1195 2583 25 75 it
1237 2583 66 75 will
1320 2583 75 75 turn
1413 2583 55 75 the
1485 2583 87 75 hand
1592 2583 84 75 from
1694 2583 56 75 the
1765 2583 102 75 body,

1241 2630 112 75 When
1369 2630 56 75 the
1442 2630 67 75 arm
1535 2630 102 75 hangs
1665 2630 95 75 down
1784 2630 32 75 in
1840 2630 42 75 its
1909 2630 125 75 natural
2063 2630 160 75 fituation,

1193 2677 56 75 the
1264 2677 228 75 fubfcapularis
1509 2677 74 75 may
1606 2677 74 75 turn
1696 2677 26 75 it
1743 2677 103 75 round
1860 2677 42 75 its
1920 2677 84 75 axis,
2027 2677 85 75 from
2129 2677 94 75 with-

1194 2723 59 75 out
1268 2723 153 75 forward,
1447 2723 33 75 as
1493 2723 25 75 it
1529 2723 140 75 happens
1686 2723 93 75 when
1795 2723 33 75 in
1844 2723 64 75 this
1921 2723 147 75 fituation
2085 2723 48 75 we
2148 2723 75 75 beat

1194 2770 55 75 the
1266 2770 101 75 breaft
1379 2770 78 75 v/ith
1470 2770 56 75 the
1538 2770 155 75 fore-arm
1704 2770 101 75 bent;
1832 2770 61 75 and
1909 2770 26 75 it
1950 2770 139 75 likewife
2098 2770 123 75 ftrong-

1194 2818 34 75 ly
1244 2818 92 75 aflifts
1353 2818 55 75 the
1423 2818 160 75 Jatifiimus
1600 2818 95 75 doifi,
1721 2818 93 75 when
1830 2818 49 75 we
1896 2818 73 75 turn
1986 2818 55 75 the
2062 2818 87 75 hand
2167 2818 55 75 be-

1194 2864 78 75 hind
1289 2864 55 75 the
1361 2864 94 75 back.

1241 2911 112 75 When
1369 2911 55 75 the
1440 2911 67 75 arm
1523 2911 96 75 being
1634 2911 112 75 raifed,
1771 2911 49 75 we
1836 2911 93 75 move
1944 2911 26 75 it
1985 2911 183 75 backward,
2186 2911 34 75 as

1194 2957 30 75 in
1248 2957 109 75 giving
1381 2957 18 75 a
1421 2957 203 75 back-ftroke
1640 2957 79 75 with
1736 2957 55 75 the
1808 2957 104 75 elbow
1928 2957 37 75 or
1984 2957 59 75 fift,
2069 2957 55 75 the
2147 2957 73 75 fub-

1192 3005 169 75 fcapularis
1377 3005 136 75 hinders,
1525 3005 55 75 the
1598 3005 85 75 head
1701 3005 41 75 of
1753 3005 55 75 the
1820 3005 38 75 os
1876 3005 125 75 humeri
2024 3005 85 75 from
2125 3005 95 75 being

1191 3051 135 75 luxated
1342 3051 154 75 forward.

2142 3094 76 75 The
