2397 3387
498 147 246 75 AUG

1069 147 19 75 (
1145 147 84 75 507
1288 147 17 75 )

1644 147 216 75 AVI

171 219 34 75 to
220 219 19 75 a
253 219 228 75 coat-armour,
507 219 183 75 frequently
701 219 92 75 given
810 219 33 75 as
856 219 170 75 particular
1044 219 105 75 marks

172 265 40 75 of
222 265 136 75 honour,
383 265 62 75 and
461 265 162 75 generally
636 265 97 75 borne
758 265 101 75 either
877 265 32 75 in
937 265 54 75 the
1008 265 142 75 efcutch-

170 311 61 75 eon
248 311 37 75 or
300 311 19 75 a
335 311 58 75 con
398 311 54 75 ton
464 311 10 75 ;
501 311 32 75 as
550 311 80 75 have
646 311 43 75 all
706 311 55 75 the
777 311 147 75 baronets
937 311 40 75 of
988 311 161 75 England,

171 357 74 75 who
260 357 81 75 have
356 357 100 75 borne
473 357 56 75 the
546 357 82 75 arms
646 357 40 75 of
698 357 53 75 the
771 357 155 75 Province
943 357 39 75 of
995 357 107 75 Ullter
1117 357 32 75 in

172 403 141 75 Ireland.

127 450 184 75 AUGRE,
330 450 37 75 or
380 450 159 75 Awgre,
565 450 37 75 an
621 450 182 75 inftrument
820 450 76 75 ufed
911 450 44 75 by
969 450 180 75 carpenters

172 494 61 75 and
247 494 121 75 joiners
385 494 35 75 to
443 494 78 75 bore
536 494 88 75 laige
641 494 102 75 round
759 494 90 75 holes
861 494 9 75 ;
897 494 62 75 and
987 494 163 75 confiding

172 541 40 75 of
222 541 18 75 a
262 541 134 75 wooden
412 541 128 75 handld,
567 541 62 75 and
653 541 38 75 an
708 541 70 75 iron
800 541 93 75 blade
910 541 193 75 terminate^
1117 541 33 75 at

172 587 124 75 bottom
314 587 77 75 with
410 587 18 75 a
444 587 74 75 fteel
536 587 58 75 bit.

123 633 318 75 AUGSBURGH,
467 633 17 75 a
501 633 211 75 confiderable
728 633 65 75 city
806 633 40 75 of
858 633 139 75 Swabia,
1014 633 30 75 in
1063 633 84 75 Ger-

172 678 116 75 many;
315 678 131 75 fituated
459 678 30 75 in
507 678 63 75 ii°
584 678 44 75 E.
645 678 88 75 long,
750 678 60 75 and
825 678 65 75 48°
907 678 112 75 ao'N.
1033 678 57 75 lat.
1117 678 32 75 It

172 724 25 75 is
215 724 38 75 an
270 724 141 75 imperial
429 724 77 75 city,
532 724 62 75 and
611 724 262 75 remarkable"for
889 724 93 75 being
995 724 53 75 the
1062 724 88 75 place

172 771 105 75 where
293 771 53 75 the
359 771 182 75 Lutherans
557 771 165 75 prefented
738 771 83 75 their
838 771 165 75 confeffion
1017 771 39 75 of
1068 771 81 75 faith

172 816 35 75 to
218 816 55 75 the
289 816 144 75 emperor
445 816 136 75 Charles
599 816 44 75 V.
662 816 31 75 at
707 816 18 75 a
736 816 67 75 diet
819 816 40 75 of
872 816 54 75 the
945 816 118 75 empire
1076 816 76 75 held

169 862 32 75 in
233 862 37 75 15
277 862 54 75 jo,
357 862 83 75 from
458 862 99 75 hence
574 862 226 75 denominated
815 862 55 75 the
888 862 175 75 Augjburg
1079 862 74 75 con-

163 908 123 75 fetften.

122 955 189 75 AUGER,
338 955 38 75 an
405 955 109 75 officer
539 955 115 75 among
678 955 56 75 the
756 955 143 75 Romans
922 955 171 75 appointed
1117 955 36 75 to

169 1001 115 75 foretel
301 1001 108 75 future
426 1001 122 75 events,
574 1001 42 75 by
633 1001 54 75 the
703 1001 181 75 chattering
900 1001 61 75 and
978 1001 128 75 feeding
1117 1001 43 75 of

169 1046 100 75 birds.
316 1046 114 75 There
447 1046 64 75 was
536 1046 18 75 a
570 1046 122 75 college
708 1046 38 75 or
773 1046 195 75 community
991 1046 41 75 of
1050 1046 101 75 them,

170 1091 164 75 confiding
349 1091 169 75 originally
535 1091 40 75 of
595 1091 90 75 three
705 1091 155 75 members
885 1091 76 75 with
981 1091 118 75 relpeft
1116 1091 35 75 to

170 1138 56 75 the
243 1138 246 75 threeLuceres,
514 1138 230 75 Rhamnenfes,
761 1138 62 75 and
835 1138 169 75 Tatienfes
1016 1138 7 75 :
1052 1138 98 75 after-

169 1184 104 75 wards
287 1184 53 75 the
357 1184 132 75 number
502 1184 62 75 was
577 1184 158 75 increafed
754 1184 34 75 to
804 1184 85 75 nine,
906 1184 74 75 four
992 1184 41 75 of
1044 1184 106 75 whom

170 1230 84 75 were
277 1230 168 75 patricians
462 1230 58 75 and
539 1230 60 75 five
616 1230 171 75 plebeians.
828 1230 98 75 They
947 1230 76 75 bore
1040 1230 38 75 an
1096 1230 55 75 au-

172 1276 90 75 gural
279 1276 76 75 daff
374 1276 36 75 or
433 1276 104 75 wand,
566 1276 34 75 as
617 1276 54 75 the
688 1276 102 75 eniign
809 1276 41 75 of
861 1276 83 75 their
960 1276 163 75 authority
1137 1276 11 75 ;

172 1321 63 75 and
263 1321 83 75 their
373 1321 126 75 dignity
522 1321 65 75 was
611 1321 34 75 fo
671 1321 94 75 much
785 1321 169 75 refpedted,
980 1321 69 75 that
1074 1321 78 75 they

167 1368 84 75 were
268 1368 96 75 never
380 1368 149 75 depofed,
548 1368 58 75 nor
622 1368 61 75 any
695 1368 186 75 fubdituted
898 1368 30 75 in
946 1368 84 75 their
1047 1368 102 75 place,

173 1413 123 75 though
312 1413 78 75 they
406 1413 108 75 fhould
533 1413 39 75 be
585 1413 163 75 convi&ed
764 1413 40 75 of
816 1413 55 75 the
887 1413 79 75 mod
982 1413 171 75 enormous

171 1458 123 75 crimes.
346 1458 61 75 See
424 1458 187 75 Augury.

123 1504 220 75 AUGURY,
368 1504 32 75 in
417 1504 172 75 antiquity,
615 1504 18 75 a
646 1504 119 75 fpecies
778 1504 41 75 of
828 1504 188 75 divination,
1041 1504 39 75 or
1095 1504 56 75 the

169 1550 48 75 art
242 1550 40 75 of
303 1550 184 75 foretelling
511 1550 108 75 future
643 1550 121 75 events,
790 1550 27 75 is
842 1550 223 75 didinguifhed
1081 1550 70 75 into

169 1597 62 75 five
257 1597 95 75 forts.
405 1597 31 75 1.
453 1597 139 75 Augury
613 1597 85 75 from
723 1597 54 75 the
800 1597 150 75 heavens.
1001 1597 33 75 2.
1052 1597 99 75 From

168 1643 103 75 birds.
314 1643 31 75 3.
371 1643 98 75 From
487 1643 161 75 chickens.
690 1643 34 75 4.
742 1643 97 75 From
856 1643 216 75 quadrupeds,
1118 1643 31 75 j.

168 1688 99 75 From
283 1688 207 75 portentuous
502 1688 121 75 events.
649 1688 111 75 When
777 1688 38 75 an
832 1688 121 75 augury
965 1688 64 75 was
1041 1688 109 75 taken,

170 1734 56 75 the
253 1734 100 75 augur
380 1734 129 75 divided
536 1734 56 75 the
618 1734 137 75 heavens
782 1734 70 75 into
867 1734 73 75 four
963 1734 101 75 parts,
1088 1734 63 75 and

171 1779 114 75 having
303 1779 158 75 facrificed
479 1779 34 75 to
526 1779 55 75 the
601 1779 93 75 gods,
719 1779 40 75 he
776 1779 165 75 obferved,
967 1779 77 75 with
1060 1779 90 75 great

169 1825 168 75 attention,
362 1825 84 75 from
474 1825 86 75 what
587 1825 71 75 part
682 1825 55 75 the
762 1825 63 75 fign
844 1825 84 75 from
955 1825 120 75 heaven
1093 1825 53 75 ap-

169 1871 128 75 peared.
347 1871 43 75 If,
416 1871 51 75 for
491 1871 146 75 indance,
671 1871 90 75 there
788 1871 165 75 happened
977 1871 19 75 a
1017 1871 70 75 dap
1115 1871 41 75 of

169 1916 137 75 thunder
322 1916 84 75 from
431 1916 54 75 the
502 1916 72 75 left,
599 1916 25 75 it
642 1916 64 75 was
722 1916 95 75 taken
835 1916 34 75 as
892 1916 19 75 a
926 1916 85 75 good
1039 1916 107 75 omen.

168 1963 37 75 If
216 1963 18 75 a
249 1963 84 75 flock
346 1963 39 75 of
396 1963 87 75 birds
500 1963 88 75 came
605 1963 96 75 about
720 1963 18 75 a
750 1963 84 75 man,
860 1963 25 75 it
902 1963 65 75 was
984 1963 19 75 a
1019 1963 127 75 favour-

168 2010 71 75 able
256 2010 148 75 prefage;
431 2010 58 75 but
505 2010 54 75 the
575 2010 92 75 flight
691 2010 40 75 of
749 2010 143 75 vultures
910 2010 63 75 was
991 2010 154 75 unlucky.

168 2055 44 75 If,
237 2055 93 75 when
355 2055 75 75 corn
447 2055 66 75 was
536 2055 85 75 flung
646 2055 110 75 before
781 2055 54 75 the
859 2055 109 75 facred
984 2055 162 75 chickens,

168 2100 78 75 they
269 2100 142 75 crouded
437 2100 99 75 about
562 2100 38 75 it,
634 2100 63 75 and
720 2100 51 75 eat
798 2100 27 75 it
849 2100 161 75 greedily,,
1030 2100 26 75 it
1081 2100 65 75 was

168 2146 117 75 looked
301 2146 83 75 upon
398 2146 33 75 as
447 2146 18 75 a
477 2146 184 75 favourable
678 2146 111 75 omen;
812 2146 58 75 but
887 2146 30 75 if
928 2146 78 75 they
1022 2146 124 75 refufed

169 2191 35 75 to
216 2191 50 75 eat
278 2191 63 75 and
352 2191 107 75 drink,
475 2191 27 75 it
514 2191 64 75 was
590 2191 38 75 an
641 2191 139 75 unlucky
791 2191 77 75 fign.
893 2191 61 75 See
970 2191 54 75 the
1037 2191 112 75 article

171 2237 266 75 Divination.

122 2283 216 75 AUGUST,
355 2283 32 75 in
399 2283 208 75 chronology,
624 2283 56 75 the
691 2283 109 75 eighth
814 2283 111 75 month
937 2283 41 75 of
989 2283 60 75 our
1059 2283 90 75 year,

169 2328 180 75 containing
365 2328 181 75 thirty-one
559 2328 90 75 days.
701 2328 122 75 Auguft
841 2328 64 75 was
927 2328 170 75 dedicated
1112 2328 36 75 to

168 2375 56 75 the
243 2375 125 75 honour
388 2375 40 75 of
447 2375 160 75 Augudus
625 2375 118 75 Ctefar,
768 2375 144 75 becaufe,
937 2375 31 75 in
993 2375 55 75 the
1064 2375 84 75 fame

169 2420 124 75 month,
318 2420 40 75 he
380 2420 64 75 was
470 2420 127 75 created
625 2420 120 75 conful,
778 2420 103 75 thrice
908 2420 187 75 triumphed,
1115 2420 32 75 in

168 2466 118 75 Rome,
303 2466 141 75 fubdued
456 2466 110 75 Egypt
579 2466 34 75 to
626 2466 55 75 the
693 2466 126 75 Roman
833 2466 133 75 empire,
982 2466 61 75 and
1057 2466 91 75 made

166 2512 39 75 an
225 2512 61 75 <snd
302 2512 40 75 of
353 2512 71 75 civil
441 2512 102 75 wars;
570 2512 98 75 being
680 2512 110 75 before
807 2512 100 75 called
922 2512 175 75 Sexatilis,
1111 2512 38 75 or

169 2557 54 75 the
240 2557 83 75 fixth
341 2557 85 75 from
436 2557 131 75 March.

801 2557 20 75 «

122 2603 250 75 AUGUSTA,
397 2603 35 75 or
457 2603 146 75 Austa,
630 2603 37 75 an
685 2603 96 75 ifland
797 2603 31 75 in
846 2603 55 75 the
918 2603 97 75 gulph
1029 2603 40 75 of
1080 2603 67 75 Ve-

168 2650 82 75 nice,
267 2650 41 75 on
326 2650 55 75 the
393 2650 83 75 coad
488 2650 39 75 of
541 2650 180 75 Damaltia;
748 2650 134 75 fituated
898 2650 33 75 in
953 2650 62 75 17°
1034 2650 56 75 40'
1101 2650 53 75 EL

169 2695 86 75 long,
274 2695 62 75 and
354 2695 41 75 42
395 2677 25 49 0
437 2695 54 75 35'
507 2695 48 75 N.
572 2695 58 75 lat.

120 2742 354 75 AUGUSTBURG,
492 2742 19 75 a
523 2742 65 75 city
600 2742 43 75 of
651 2742 178 75 Germany,
846 2742 33 75 in
891 2742 98 75 upper
1002 2742 146 75 Saxony,

169 2786 83 75 upon
269 2786 54 75 the
341 2786 83 75 river
439 2786 107 75 Chop,
572 2786 45 75 fix
635 2786 126 75 leagues
779 2786 148 75 fouth-of
938 2786 162 75 Drefden.

121 2834 342 75 AUGUSTALES,
487 2834 31 75 in
531 2834 127 75 Roman
676 2834 170 75 antiquity,
864 2834 37 75 an
920 2834 121 75 epithet
1053 2834 94 75 given

168 2878 33 75 to
219 2878 55 75 the
289 2878 129 75 flamens
435 2878 37 75 or
488 2878 108 75 prieds
622 2878 169 75 appointed
809 2878 34 75 to
863 2878 136 75 facrifice
1024 2878 37 75 to
1077 2878 69 75 Au-

167 2924 105 75 gudus
301 2924 82 75 after
407 2924 51 75 his
481 2924 203 75 deification;
713 2924 62 75 and
791 2924 64 75 alfo
876 2924 36 75 to
939 2924 54 75 the
1021 2924 70 75 ludi
1109 2924 38 75 or

168 2970 105 75 games
289 2970 179 75 celebrated
486 2970 32 75 in
535 2970 125 75 honour
675 2970 41 75 of
734 2970 55 75 the
804 2970 84 75 fame
904 2970 109 75 princi
1028 2970 42 75 Qa
1086 2970 58 75 the

167 3018 110 75 fourth
292 3018 41 75 of
343 3018 55 75 the
413 3018 67 75 ides
497 3018 45 75 of
548 3018 154 75 Oidober.

1203 212 336 75 AUGUSTALIA,
1565 212 19 75 a
1600 212 119 75 fedival
1749 212 162 75 indituted
1937 212 43 75 by
2004 212 56 75 the
2085 212 151 75 Roman*

1249 260 30 75 in
1297 260 125 75 honour
1438 260 40 75 of
1491 260 159 75 Augudus
1668 260 119 75 Csefar,
1812 260 40 75 on
1869 260 50 75 his
1937 260 106 75 return
2061 260 34 75 to
2112 260 123 75 Rome,

1248 306 83 75 after
1352 306 117 75 having
1493 306 116 75 fettled
1635 306 95 75 peace
1754 306 31 75 in
1812 306 112 75 Sicily,
1958 306 139 75 Greece,
2124 306 107 75 Syria,

1247 353 86 75 Afia,
1359 353 61 75 and
1445 353 151 75 Parthia;
1630 353 40 75 on
1696 353 105 75 which
1826 353 141 75 occafion
1992 353 79 75 they
2092 353 64 75 like
2158 353 74 75 Wife

1252 399 79 75 built
1350 399 38 75 an
1401 399 81 75 altar
1499 399 34 75 to
1548 399 80 75 him,
1654 399 155 75 inferibed
1826 399 149 75 Fortur.x
1991 399 122 75 reduci.

1197 444 314 75 AUGUSTALIS
1530 444 192 75 Prafettus,
1741 444 16 75 a
1775 444 71 75 title
1863 444 139 75 peculiar
2019 444 35 75 to
2066 444 18 75 a
2101 444 127 75 Roman

1248 491 179 75 magiflrate
1443 491 73 75 who
1544 491 161 75 governed
1730 491 122 75 Egypt,
1877 491 78 75 with
1977 491 18 75 a
2011 491 107 75 power
2135 491 95 75 much

1248 537 61 75 like
1326 537 71 75 that
1415 537 40 75 of
1466 537 18 75 a
1501 537 168 75 proconful
1685 537 32 75 in
1734 537 94 75 other
1847 537 179 75 provinces.

1200 583 302 75 AUGUSTINE,
1527 583 37 75 or
1581 583 53 75 St.
1654 583 251 75 Augustine,
1930 583 55 75 the
2002 583 116 75 capital
2143 583 89 75 town

1245 629 41 75 of
1298 629 130 75 Spanilh
1446 629 132 75 Florida
1590 629 30 75 in
1633 629 111 75 North
1755 629 168 75 America;
1942 629 133 75 fituated
2093 629 72 75 near
2176 629 56 75 the

1246 675 150 75 frontiers
1408 675 39 75 of
1459 675 158 75 Georgia,
1630 675 31 75 in
1679 675 66 75 8u°
1760 675 59 75 W.
1834 675 89 75 long,
1941 675 63 75 and
2024 675 64 75 30°
2103 675 48 75 N.
2168 675 60 75 lat.

1202 721 411 75 CAPE-AUGUSTIN,
1639 721 18 75 a
1670 721 75 75 cape
1761 721 42 75 of
1814 721 123 75 Brazil,
1963 721 32 75 in
2014 721 103 75 South
2130 721 99 75 Ame-

1249 767 65 75 rica
1325 767 9 75 ;
1363 767 88 75 lying
1467 767 30 75 in
1518 767 41 75 35
1559 749 24 49 0
1595 767 61 75 W.
1673 767 89 75 long,
1780 767 61 75 and
1854 767 44 75 8°
1915 767 43 75 30
1974 767 37 75 S.
2028 767 59 75 lat.

1200 813 297 75 AUGUSTINS,
1513 813 17 75 a
1548 813 148 75 religious
1709 813 95 75 order
1819 813 32 75 in
1865 813 55 75 the
1929 813 120 75 church
2060 813 39 75 of
2110 813 121 75 Rome,

1247 860 75 75 who
1355 860 110 75 follow
1494 860 54 75 the
1581 860 69 75 rule
1682 860 40 75 of
1746 860 50 75 St.
1835 860 169 75 Augudin,
2046 860 190 75 prefcribeil

1249 906 88 75 them
1365 906 43 75 by
1432 906 81 75 pope
1531 906 188 75 Alexander
1734 906 64 75 IV.
1848 906 130 75 Among
1995 906 92 75 other
2108 906 121 75 things,

1250 952 63 75 this
1335 952 66 75 rule
1419 952 123 75 enjoins
1561 952 35 75 to
1612 952 80 75 have
1713 952 42 75 all
1772 952 106 75 things
1894 952 31 75 in
1944 952 158 75 common,
2128 952 35 75 to
2181 952 49 75 re-

1250 997 86 75 ceive
1353 997 134 75 nothing
1503 997 138 75 without
1666 997 55 75 the
1737 997 88 75 leave
1842 997 41 75 of
1901 997 84 75 their
2001 997 142 75 fupeior;
2168 997 63 75 and

1250 1044 116 75 feveral
1380 1044 92 75 other
1490 1044 144 75 precepts
1647 1044 134 75 relating
1793 1044 36 75 to
1840 1044 137 75 charity,
1995 1044 155 75 modefly,
2168 1044 64 75 and

1252 1090 146 75 chadity.
1446 1090 113 75 There
1575 1090 53 75 are
1640 1090 138 75 likewife
1795 1090 80 75 nuns
1884 1090 40 75 of
1931 1090 62 75 this
2011 1090 107 75 order.

1295 1136 76 75 The
1397 1136 172 75 Augudins
1587 1136 54 75 are
1665 1136 131 75 clothed
1820 1136 32 75 in
1870 1136 104 75 black,
2001 1136 62 75 and
2078 1136 33 75 at
2138 1136 92 75 Paris

1249 1183 52 75 are
1318 1183 116 75 known
1452 1183 101 75 under
1569 1183 56 75 the
1638 1183 90 75 name
1748 1183 39 75 of
1795 1183 55 75 the
1868 1183 163 75 Religioui
2048 1183 44 75 of
2098 1183 54 75 St.
2165 1183 65 75 Ge-

1246 1229 140 75 nevieve,
1405 1229 69 75 that
1493 1229 101 75 abbey
1607 1229 95 75 being
1718 1229 56 75 the
1787 1229 90 75 chief
1888 1229 39 75 of
1936 1229 55 75 the
2007 1229 108 75 order.

1200 1275 333 75 AUGUSTINUS,
1559 1275 55 75 the
1626 1275 90 75 name
1729 1275 40 75 of
1780 1275 192 75 Janfenius’s
1988 1275 138 75 treatife,
2144 1275 85 75 from

1248 1321 105 75 which
1380 1321 54 75 are
1459 1321 154 75 colle&ed
1643 1321 55 75 the
1726 1321 61 75 five
1814 1321 125 75 famous
1963 1321 208 75 propofitions
2195 1321 34 75 e-

1247 1368 184 75 numerated
1448 1368 100 75 under
1573 1368 54 75 the
1650 1368 111 75 article
1779 1368 188 75 Janfenifm.
2015 1368 62 75 See
2093 1368 137 75 Janse-

1251 1413 104 75 nism.

1200 1460 197 75 AVIARY,
1424 1460 18 75 a
1458 1460 88 75 place
1563 1460 44 75 fet
1625 1460 89 75 apart
1730 1460 52 75 for
1798 1460 128 75 feeding
1943 1460 61 75 and
2021 1460 209 75 propagating

1247 1507 102 75 birds.
1399 1507 31 75 It
1440 1507 111 75 Ihould
1568 1507 38 75 be
1623 1507 33 75 fo
1668 1507 99 75 large,
1787 1507 33 75 as
1833 1507 35 75 to
1880 1507 71 75 give
1970 1507 54 75 the
2042 1507 85 75 birds
2142 1507 85 75 fome

1247 1551 144 75 freedom
1401 1551 40 75 of
1451 1551 116 75 flight;
1596 1551 62 75 and
1675 1551 124 75 turfed,
1812 1551 35 75 to
1863 1551 97 75 avoid
1970 1551 54 75 the
2036 1551 193 75 appearance

1248 1597 39 75 of
1299 1597 138 75 foulnefs
1454 1597 42 75 on
1512 1597 55 75 the
1584 1597 94 75 floor.

1201 1644 285 75 AVICIENNA,
1512 1644 31 75 in
1561 1644 132 75 botany.
1743 1644 246 75 SccBontia.

1200 1691 293 75 AVIGLIANO,
1507 1691 119 75 afmall
1641 1691 86 75 town
1741 1691 39 75 of
1791 1691 171 75 Piedmont
1979 1691 30 75 in
2027 1691 105 75 Italy;
2151 1691 80 75 fitu-

1246 1736 74 75 ated
1337 1736 97 75 about
1451 1736 92 75 feven
1567 1736 92 75 miles
1677 1736 75 75 weft
1766 1736 40 75 of
1817 1736 120 75 Turin,
1960 1736 34 75 in
2013 1736 19 75 7
2032 1718 24 49 0
2074 1736 45 75 E.
2136 1736 91 75 long,

1247 1782 63 75 and
1326 1782 44 75 44
1370 1764 23 49 0
1408 1782 56 75 40'
1480 1782 51 75 N.
1544 1782 64 75 lat,

1197 1829 242 75 AVIGNON,
1465 1829 18 75 a
1497 1829 87 75 large
1602 1829 67 75 city
1691 1829 43 75 of
1750 1829 164 75 Provence
1937 1829 32 75 in
1994 1829 132 75 France,
2153 1829 73 75 fitu-

1244 1874 75 75 ated
1341 1874 41 75 on
1408 1874 55 75 the
1486 1874 64 75 eaft
1575 1874 62 75 fide
1660 1874 41 75 of
1720 1874 54 75 the
1799 1874 83 75 river
1906 1874 130 75 Rhone,
2062 1874 98 75 about
2184 1874 43 75 20

1243 1920 91 75 miles
1358 1920 95 75 fouth
1475 1920 41 75 of
1534 1920 142 75 Orange,
1702 1920 31 75 in
1752 1920 21 75 4
1773 1902 23 49 0
1815 1920 56 75 4c/
1887 1920 44 75 E.
1956 1920 88 75 long,
2070 1920 62 75 and
2157 1920 72 75 43^

1248 1967 65 75 50°
1331 1967 48 75 N.
1396 1967 57 75 lat.
1504 1967 33 75 It
1553 1967 26 75 is
1597 1967 39 75 an
1654 1967 213 75 archbiihop’s
1889 1967 62 75 fee,
1975 1967 75 75 and,
2075 1967 77 75 with
2171 1967 56 75 the

1247 2013 104 75 whole
1367 2013 120 75 diftrift
1506 2013 42 75 of
1566 2013 188 75 Venailfine,
1779 2013 120 75 fubjedt
1915 2013 34 75 to
1966 2013 55 75 the
2037 2013 94 75 pope.

1197 2059 350 75 Avignon-berry,
1574 2059 18 75 a
1610 2059 90 75 name
1719 2059 44 75 by
1774 2059 107 75 which
1897 2059 86 75 fome
1995 2059 62 75 call
2077 2059 54 75 the
2146 2059 82 75 fruit

1245 2103 38 75 of
1304 2103 54 75 the
1370 2103 133 75 lycium,
1529 2103 76 75 ufed
1617 2103 31 75 in
1665 2103 98 75 dying
1776 2103 127 75 yellow.
1954 2103 61 75 See
2031 2103 178 75 Lycium.

1197 2150 167 75 AVILA,
1388 2150 19 75 a
1424 2150 153 75 beautiful
1595 2150 65 75 city
1677 2150 39 75 of
1735 2150 68 75 Old
1826 2150 117 75 Caftile
1965 2150 33 75 in
2016 2150 109 75 Spain,
2151 2150 75 75 fitu-

1244 2195 72 75 ated
1331 2195 43 75 jo
1391 2195 89 75 miles
1497 2195 48 75 N.
1563 2195 67 75 W..
1642 2195 40 75 of
1700 2195 145 75 Madrid,
1870 2195 39 75 in.
1924 2195 43 75 j°
1986 2195 54 75 id
2060 2195 62 75 W.
2133 2195 90 75 long,

1245 2241 62 75 and
1326 2241 66 75 40°
1413 2241 55 75 jo'
1480 2241 47 75 N.
1544 2241 61 75 lat.

1197 2288 189 75 AVILES,
1404 2288 169 75 afea-port
1586 2288 88 75 town
1685 2288 40 75 of
1736 2288 130 75 Auftria
1877 2288 32 75 in
1927 2288 109 75 Spain,
2054 2288 33 75 in
2104 2288 44 75 6°
2167 2288 54 75 40'
2221 2288 8 75 '

1246 2334 58 75 W.
1322 2334 89 75 long,
1437 2334 62 75 and
1518 2334 41 75 43
1559 2316 24 49 0
1605 2334 54 75 30'
1676 2334 47 75 N.
1741 2334 57 75 lat.

1198 2379 123 75 AVIS,
1347 2379 84 75 bird,
1455 2379 32 75 in
1505 2379 151 75 zoology.
1706 2379 62 75 See
1784 2379 195 75 Natural
1998 2379 202 75 History,

1198 2425 96 75 Avis
1311 2425 121 75 artica.
1486 2425 61 75 See
1565 2425 149 75 Larus.

1199 2470 97 75 Avis
1316 2470 105 75 nivis.
1466 2470 61 75 See
1545 2470 141 75 Loxia.

1198 2518 97 75 Avis
1311 2518 164 75 paradiji.
1524 2518 336 75 SeeMusciCAPA..

1198 2565 98 75 Avis
1313 2565 201 75 pollygletta.
1565 2565 61 75 See
1642 2565 179 75 Turdus.

1199 2609 94 75 Avis
1312 2609 89 75 rabo.
1451 2609 61 75 See
1528 2609 235 75 Pelican.us.

1198 2654 96 75 Avis
1314 2654 103 75 rabos.
1468 2654 60 75 See
1545 2654 215 75 Phaeton.,

1197 2701 98 75 Avis
1314 2701 105 75 venti.
1467 2701 61 75 See
1544 2701 196 75 Marcus^

1198 2748 96 75 Avis
1308 2748 27 75 is
1352 2748 65 75 alfo
1434 2748 55 75 the
1505 2748 92 75 name
1613 2748 40 75 of
1664 2748 43 75 an
1720 2748 97 75 order
1831 2748 42 75 of
1881 2748 202 75 knighthood
2095 2748 31 75 in
2143 2748 82 75 Por-

1245 2793 101 75 tugal,
1374 2793 163 75 inftituted
1549 2793 41 75 by
1604 2793 128 75 Sancho
1745 2793 54 75 the
1812 2793 64 75 firft
1898 2793 89 75 king,
2017 2793 31 75 in
2065 2793 159 75 imitation

1245 2839 38 75 of
1295 2839 55 75 the
1363 2839 95 75 order
1470 2839 41 75 of
1520 2839 189 75 Alcantara,
1720 2839 105 75 whofe
1836 2839 93 75 great
1939 2839 85 75 crofs
2036 2839 78 75 they
2125 2839 97 75 wear.

1197 2887 158 75 AVISO,
1380 2887 19 75 a
1415 2887 82 75 term
1513 2887 116 75 chiefly
1640 2887 76 75 ufed
1727 2887 31 75 in
1772 2887 130 75 matters
1915 2887 40 75 of
1974 2887 189 75 commerce,
2188 2887 36 75 to

1242 2933 115 75 denote
1374 2933 40 75 an
1432 2933 253 75 advertifement,
1712 2933 38 75 an
1768 2933 130 75 advice,,
1914 2933 38 75 or
1966 2933 88 75 piece
2071 2933 40 75 of
2129 2933 95 75 intel-

1240 2981 134 75 ligence.
1397 2981 89 75 _See
1501 2981 169 75 Advxce.

2104 3035 120 75 AUK-
