2498 3377
590 158 241 75 AND

256 228 102 75 either
369 228 221 75 furrendered,
607 228 38 75 or
661 228 192 75 fatisfa&icn
865 228 93 75 made
970 228 85 75 feme
1068 228 94 75 other
1172 228 72 75 way

256 275 52 75 for
325 275 56 75 the
398 275 142 75 murder.

209 323 267 75 Androlepsy
495 323 26 75 is
538 323 179 75 fometimes
734 323 64 75 alfo
814 323 77 75 ufed
906 323 37 75 to
958 323 113 75 fignify
1082 323 158 75 reprifals.

260 368 61 75 See
338 368 212 75 Reprisal.

213 416 414 75 ANDROMACHUSV
645 416 132 75 treacle.
828 416 62 75 See
906 416 223 75 Theriaca.

206 462 335 75 ANDROMEDA,
559 462 33 75 in
605 462 192 75 artronomy,
815 462 18 75 a
845 462 152 75 northern
1009 462 230 75 conitellation,

254 508 162 75 confiding
433 508 41 75 of
489 508 43 75 27
550 508 88 75 ftars,
661 508 110 75 vifible
788 508 35 75 to
834 508 55 75 the
906 508 103 75 naked
1026 508 71 75 eye,
1123 508 116 75 behind

253 554 151 75 Pegafus,
445 554 188 75 Cafliopeia,
678 554 63 75 and
773 554 146 75 Perfeus.
983 554 65 75 See
1084 554 154 75 Astro-

255 602 48 75 no
312 602 69 75 mv.

206 649 264 75 Andromeda,
494 649 33 75 in
544 649 133 75 botany,
703 649 18 75 a
737 649 97 75 genus
858 649 41 75 of
911 649 54 75 the
981 649 172 75 decandria
1168 649 69 75 mo-

253 694 138 75 nogynia
406 694 93 75 clafs.
547 694 76 75 The
640 694 87 75 calix
743 694 26 75 is
790 694 132 75 divided
949 694 69 75 into
1044 694 62 75 five
1128 694 107 75 parts;

253 741 55 75 the
325 741 120 75 corolla
465 741 25 75 is
508 741 116 75 ovated
641 741 63 75 and
720 741 201 75 quinquifid;
947 741 62 75 and
1032 741 55 75 the
1111 741 127 75 capfuls

253 787 56 75 has
322 787 61 75 fiye
398 787 77 75 cells
492 787 37 75 or
545 787 159 75 divifions.
751 787 113 75 There
892 787 53 75 are
972 787 72 75 nine
1067 787 120 75 fpecies
1201 787 43 75 of

252 834 58 75 the
334 834 207 75 andromeda,
574 834 70 75 viz.
671 834 55 75 the
753 834 179 75 tetragona,
957 834 192 75 hypnoides,
1175 834 63 75 and

252 880 137 75 cerulea,
414 880 123 75 natives
553 880 41 75 of
604 880 149 75 Dapland
776 880 64 75 and
863 880 56 75 the
936 880 105 75 Alps;
1068 880 55 75 the
1139 880 96 75 mari-

251 927 70 75 ana,
347 927 190 75 paniculata,
562 927 144 75 arborea,
738 927 62 75 and
828 927 189 75 calyculata,
1051 927 121 75 natives
1200 927 41 75 of

251 973 168 75 Virginia;
438 973 55 75 the
506 973 157 75 polifolia,
681 973 226 75 marlh-ciftus,
925 973 37 75 or
973 973 77 75 wild
1062 973 171 75 rofemary,

250 1019 19 75 a
283 1019 107 75 native
406 1019 40 75 of
457 1019 49 75 G.
523 1019 145 75 Britain;
696 1019 62 75 and
775 1019 55 75 the
847 1019 171 75 racemofa,
1043 1019 19 75 a
1077 1019 106 75 native
1199 1019 41 75 of

250 1065 222 75 Penfylvania.

205 1113 224 75 ANDRON,
461 1113 33 75 in
523 1113 142 75 Grecian
692 1113 172 75 antiquity,
889 1113 133 75 denotes
1046 1113 56 75 the
1129 1113 106 75 apart-

254 1159 87 75 ment
355 1159 32 75 in
403 1159 115 75 houfes
535 1159 147 75 defigned
699 1159 51 75 for
766 1159 57 75 the
846 1159 52 75 ufe
914 1159 41 75 of
965 1159 91 75 men;
1083 1159 33 75 in
1128 1159 107 75 which

251 1205 97 75 fenfe,
372 1205 27 75 it
419 1205 106 75 ftands
542 1205 138 75 oppofed
696 1205 36 75 to
751 1205 196 75 gynaeceum.
1008 1205 63 75 See
1090 1205 144 75 Gyna:-

254 1251 18 75 c
279 1251 16 75 e
303 1251 22 75 u
333 1251 24 75 m
364 1251 8 75 .

202 1300 313 75 ANDRONION,
533 1300 116 75 among
661 1300 125 75 ancient
799 1300 190 75 pbyficians,
1007 1300 19 75 a
1038 1300 91 75 name
1141 1300 94 75 given

250 1344 35 75 to
301 1344 118 75 certain
437 1344 128 75 troches
581 1344 150 75 invented
755 1344 42 75 by
814 1344 149 75 Andron.

204 1390 343 75 ANDROPHAGI.
597 1390 63 75 See
674 1390 322 75 Andropophagi.

204 1436 357 75 ANDROPOGON,
586 1436 32 75 in
634 1436 135 75 botany,
787 1436 19 75 a
817 1436 98 75 genus
933 1436 40 75 of
984 1436 55 75 the
1051 1436 184 75 polygamia

252 1481 157 75 monoecia
432 1481 91 75 clafs.
571 1481 86 75 This
673 1481 99 75 genus
788 1481 143 75 contains
952 1481 40 75 18
1009 1481 128 75 fpecies,
1164 1481 69 75 viz.

251 1529 55 75 the
322 1529 185 75 caricofum,
530 1529 195 75 contortum,
750 1529 222 75 divaricatum,
995 1529 127 75 nutans,
1147 1529 87 75 gryl-

252 1575 62 75 lus,
356 1575 147 75 infulare,
544 1575 158 75 ravennx,
738 1575 258 75 alopecuroides,.
1036 1575 198 75 diftachyon,

251 1621 245 75 fchoenanthus,
527 1621 202 75 virginicum,
762 1621 142 75 bicorne,
936 1621 134 75 hirtum,
1104 1621 129 75 nardus,

250 1668 166 75 muticum,
440 1668 207 75 ifchoemum,
670 1668 232 75 fafciculatum,
918 1668 63 75 and
995 1668 238 75 polydafiylon,

250 1714 80 75 mod
346 1714 39 75 of
398 1714 86 75 them
501 1714 121 75 natives
639 1714 40 75 of
689 1714 55 75 the
765 1714 119 75 Indies.

203 1761 214 75 ANDROS,
443 1761 39 75 an
498 1761 99 75 ifland
612 1761 34 75 in
661 1761 56 75 the
732 1761 230 75 Archipelago,
979 1761 77 75 near
1070 1761 56 75 the
1142 1761 92 75 fouth

251 1806 61 75 end
328 1806 39 75 of
385 1806 203 75 Negropont.

203 1854 312 75 ANDROSACE,
541 1854 32 75 in
597 1854 131 75 botany,
754 1854 19 75 a
788 1854 98 75 genus
914 1854 40 75 of
967 1854 55 75 the
1049 1854 186 75 pentandria

248 1900 192 75 monogynia
458 1900 91 75 clafs.
597 1900 77 75 The
701 1900 140 75 umbella
867 1900 41 75 of
929 1900 56 75 the
1012 1900 169 75 androface
1205 1900 28 75 is

249 1946 139 75 inclofed
404 1946 31 75 in
453 1946 39 75 an
510 1946 220 75 involucrum;
757 1946 55 75 the
829 1946 121 75 corolla
965 1946 28 75 is
1010 1946 135 75 ovated;
1171 1946 63 75 and

250 1992 54 75 the
321 1992 125 75 capfule
462 1992 27 75 is
506 1992 159 75 globular,
692 1992 63 75 and
771 1992 125 75 confifts
913 1992 40 75 of
964 1992 61 75 one
1042 1992 190 75 apartment.

248 2038 111 75 There
372 2038 54 75 are
437 2038 47 75 fix
500 2038 118 75 fpecies
631 2038 39 75 of
684 2038 62 75 this
759 2038 120 75 genus;
898 2038 70 75 viz.
982 2038 55 75 the
1049 2038 151 75 maxima,
1215 2038 19 75 a

247 2084 107 75 native
371 2084 191 75 ofAuftria;
581 2084 56 75 the
652 2084 267 75 feptentrionalis,
937 2084 19 75 a
971 2084 105 75 native
1092 2084 42 75 of
1143 2084 89 75 Lap-

248 2129 87 75 land,
353 2129 120 75 Ruffia,
491 2129 61 75 and
569 2129 55 75 the
640 2129 83 75 Alps
735 2129 9 75 ;
764 2129 55 75 the
836 2129 122 75 villofa,
977 2129 19 75 a
1011 2129 105 75 native
1128 2129 40 75 of
1175 2129 57 75 the

247 2175 167 75 Pyrenean
433 2175 201 75 mountains;
661 2175 55 75 the
732 2175 111 75 la<5tea,
871 2175 18 75 a
905 2175 105 75 native
1027 2175 40 75 of
1078 2175 127 75 Auftria
1219 2175 10 75 ;

247 2222 56 75 the
322 2222 124 75 carnea,
472 2222 17 75 a
506 2222 107 75 native
633 2222 40 75 of
685 2222 237 75 Switzerland;
949 2222 63 75 and
1032 2222 54 75 the
1102 2222 129 75 elonga-

247 2267 45 75 ta,
319 2267 18 75 a
352 2267 106 75 native
475 2267 40 75 of
527 2267 138 75 Auftria.

201 2315 380 75 ANDROSAiMUM,
606 2315 33 75 in
655 2315 134 75 botany,
815 2315 18 75 a
859 2315 172 75 fynonyme
1055 2315 40 75 of
1112 2315 119 75 feveral

246 2359 118 75 fpecies
380 2359 39 75 of
436 2359 199 75 hypericum.
685 2359 62 75 See
763 2359 255 75 Hypericum.

199 2405 330 75 ANDROMOTY,
555 2405 36 75 or
609 2405 319 75 Andranotomy,
953 2405 56 75 the
1025 2405 159 75 dilfedion
1196 2405 40 75 of

246 2451 118 75 human
381 2451 123 75 bodies.
557 2451 61 75 See
635 2451 213 75 Anatomy.

198 2499 233 75 ANDRUM,
456 2499 19 75 a
491 2499 77 75 kind
597 2499 40 75 of
657 2499 187 75 hydrocele,
869 2499 35 75 to
920 2499 106 75 which
1045 2499 54 75 the
1116 2499 114 75 people

246 2544 40 75 of
302 2544 148 75 Malabat
463 2544 54 75 are
534 2544 76 75 very
625 2544 132 75 fubje<ft.
807 2544 62 75 See
880 2544 260 75 Hydrocele,
1166 2544 64 75 and

247 2591 218 75 Medicine.

200 2643 68 75 AN
273 2643 102 75 DRY
377 2643 113 75 ALA,
515 2643 32 75 in
576 2643 132 75 botany,
734 2643 144 75 a'genus
908 2643 40 75 of
966 2643 55 75 the
1050 2643 179 75 fyngenefia

245 2683 181 75 polygamia
440 2683 131 75 jequalis
590 2683 90 75 clafs.
737 2683 79 75 The
838 2683 179 75 receptacle
1041 2683 26 75 is
1085 2683 114 75 villous
1214 2683 11 75 ;

246 2730 54 75 the
317 2730 86 75 calix
420 2730 26 75 is
474 2730 130 75 divided
631 2730 68 75 into
727 2730 95 75 many
849 2730 95 75 equal
973 2730 104 75 round
1102 2730 123 75 pieces;

244 2776 63 75 and
323 2776 55 75 the
399 2776 118 75 pappus
534 2776 27 75 is
578 2776 108 75 fimple
712 2776 63 75 and
802 2776 106 75 feflile.
955 2776 112 75 There
1082 2776 54 75 are
1153 2776 74 75 four

243 2825 119 75 fpecies
378 2825 40 75 of
430 2825 55 75 the
502 2825 163 75 andryala,
690 2825 72 75 viz.
771 2825 73 75 Ahe
855 2825 207 75 intregifolia,
1088 2825 20 75 a
1123 2825 105 75 native

245 2870 179 75 of^France
441 2870 63 75 and
532 2870 121 75 Sicily;
679 2870 56 75 the
763 2870 153 75 ragufina,
942 2870 19 75 a
983 2870 107 75 native
1113 2870 40 75 of
1172 2870 56 75 the

243 2916 234 75 Archipeiagus
494 2916 10 75 ;
545 2916 55 75 the
628 2916 129 75 finuata,
785 2916 19 75 a
830 2916 106 75 native
964 2916 40 75 of
1030 2916 199 75 Montpelier

244 2962 61 75 and
326 2962 121 75 Sicily;
474 2962 62 75 and
552 2962 55 75 the
623 2962 117 75 lanata,
766 2962 20 75 a
813 2962 108 75 native
944 2962 41 75 of
1004 2962 54 75 the
1076 2962 152 75 fouthern

242 3009 89 75 parts
348 3009 40 75 of
398 3009 143 75 Europe.

291 3057 99 75 Vol.
416 3057 30 75 L
495 3057 70 75 No.
595 3057 54 75 14.

1706 158 42 75 A
1807 158 43 75 N
1910 158 40 75 G

1293 229 259 75 ANDUXAR,
1578 229 29 75 a.
1618 229 64 75 city
1700 229 39 75 of
1750 229 174 75 Andalufia
1943 229 33 75 in
1994 229 113 75 Spain,
2131 229 134 75 fituated
2281 229 41 75 on

1340 275 55 75 the
1423 275 84 75 river
1523 275 258 75 Guadalquiver,
1806 275 98 75 about
1923 275 40 75 32
1984 275 91 75 miles
2091 275 63 75 eaft
2177 275 41 75 of
2237 275 84 75 Cor-

1294 321 4 75 .
1339 321 97 75 duba,
1461 321 32 75 in
1510 321 60 75 W.
1584 321 88 75 long.
1691 321 21 75 4
1712 303 23 49 0
1735 321 15 75 .
1775 321 63 75 and
1858 321 47 75 N.
1922 321 59 75 lat.
2001 321 42 75 37
2043 303 24 49 0
2089 321 67 75 yo'.

1291 369 218 75 ANDUZE.
1559 369 62 75 See
1638 369 197 75 Andeuse.

1291 415 146 75 ANEE,
1462 415 33 75 in
1512 415 189 75 commerce,
1728 415 17 75 a
1761 415 141 75 meafure
1917 415 52 75 for
1981 415 102 75 grain,
2099 415 78 75 ufed
2192 415 32 75 in
2235 415 85 75 fome

1338 462 165 75 provinces
1519 462 41 75 of
1582 462 135 75 France.
1766 462 49 75 At
1842 462 126 75 Lyons,
1994 462 25 75 it
2047 462 133 75 fignifies
2205 462 68 75 alfo
2301 462 19 75 a

1338 508 119 75 certain
1474 508 147 75 quantity
1637 508 41 75 of
1687 508 96 75 wine,
1808 508 104 75 which
1930 508 27 75 is
1977 508 55 75 the
2048 508 74 75 load
2141 508 39 75 an
2197 508 46 75 afs
2261 508 58 75 can

1337 554 94 75 carry
1457 554 33 75 at
1514 554 98 75 once:
1639 554 124 75 Which
1787 554 26 75 is
1830 554 89 75 fixed
1935 554 33 75 at
1985 554 45 75 80
2046 554 131 75 Englilh
2195 554 125 75 quarts,

1336 601 81 75 wine
1434 601 153 75 meafture.

1288 649 258 75 ANEGADA,
1571 649 61 75 one
1648 649 42 75 of
1708 649 55 75 the
1789 649 162 75 Caribbee
1979 649 128 75 iflands,
2133 649 136 75 fituated
2281 649 35 75 in

1338 695 60 75 W.
1417 695 88 75 long.
1525 695 66 75 63
1612 695 18 75 5
1647 695 8 75 .
1681 695 62 75 and
1759 695 48 75 N.
1824 695 58 75 lat.
1907 695 41 75 18
1948 677 24 49 0
1972 695 14 75 .

1288 741 180 75 ANELE,
1493 741 37 75 or
1546 741 116 75 Anil,
1687 741 33 75 in
1736 741 60 75 our
1812 741 56 75 old
1883 741 146 75 ftatutes,
2046 741 109 75 names
2172 741 77 75 ufed
2265 741 52 75 for

1333 787 121 75 indigo.
1505 787 62 75 See
1584 787 161 75 Indigo.

1286 835 256 75 ANEMABO.
1592 835 62 75 See
1671 835 256 75 Annamaboe.

1285 881 238 75 ANEMIUS,
1548 881 116 75 among
1689 881 157 75 chemifts,
1872 881 38 75 an
1926 881 194 75 appellation
2137 881 92 75 given
2247 881 35 75 to
2298 881 19 75 a

1332 927 246 75 wind-furnace,
1596 927 82 75 .ufed
1694 927 33 75 in
1743 927 128 75 making
1883 927 220 75 fire-furnaces
2119 927 52 75 for
2182 927 135 75 melting

1333 973 62 75 and
1413 973 196 75 diftillation.

1284 1020 388 75 ANEMOMACHIA,
1697 1020 18 75 a
1731 1020 82 75 term
1831 1020 74 75 ufed
1928 1020 43 75 by
1996 1020 124 75 ancient
2137 1020 177 75 naturalifts

1332 1066 51 75 for
1403 1066 18 75 a
1437 1066 178 75 whirlwind
1632 1066 38 75 or
1684 1066 182 75 hurricane.

1285 1113 366 75 ANEMOMETER,
1677 1113 116 75 among
1809 1113 193 75 mechanical
2019 1113 230 75 philofophers,
2275 1113 39 75 an

1332 1159 184 75 inftrument
1532 1159 164 75 contrived
1712 1159 52 75 for
1780 1159 177 75 meafuring
1972 1159 56 75 the
2043 1159 141 75 ftsength
2201 1159 39 75 of
2259 1159 56 75 the

1331 1206 98 75 wind.

1284 1253 259 75 ANEMONE,
1566 1253 33 75 in
1615 1253 132 75 botany,
1773 1253 19 75 a
1805 1253 103 75 genus
1925 1253 40 75 of
1984 1253 55 75 the
2055 1253 188 75 polyandria
2256 1253 57 75 po-

1331 1300 131 75 lygynia
1477 1300 91 75 clafs.
1618 1300 31 75 It
1665 1300 58 75 has
1742 1300 42 75 no
1801 1300 104 75 calix;
1933 1300 55 75 the
2016 1300 101 75 petals
2147 1300 52 75 are
2228 1300 85 75 from

1329 1345 49 75 fix
1398 1345 34 75 to
1449 1345 85 75 nine,
1560 1345 62 75 and
1643 1345 57 75 the
1715 1345 89 75 feeds
1825 1345 53 75 are
1902 1345 182 75 numerous.
2131 1345 112 75 There
2261 1345 54 75 are

1333 1394 39 75 21
1389 1394 117 75 fpecies
1519 1394 40 75 of
1569 1394 165 75 anemone,
1752 1394 79 75 moft
1843 1394 39 75 of
1889 1394 88 75 them
1990 1394 120 75 natives
2123 1394 39 75 of
2169 1394 145 75 Europe,

1330 1439 64 75 and
1409 1439 77 75 only
1509 1439 54 75 the
1591 1439 162 75 nemorofa
1779 1439 62 75 and
1866 1439 159 75 pulfatilla
2051 1439 54 75 are
2133 1439 121 75 natives
2280 1439 41 75 of

1330 1485 136 75 Biftain.

1283 1533 343 75 ANEMOSCOPE,
1646 1533 17 75 a
1675 1533 143 75 machine
1834 1533 137 75 {hewing
1982 1533 184 75 fronrwhat
2178 1533 89 75 point
2275 1533 46 75 of

1332 1579 55 75 the
1403 1579 141 75 compafs
1560 1579 55 75 the
1631 1579 87 75 wind
1745 1579 114 75 blows.
1908 1579 33 75 It
1968 1579 132 75 denotes
2128 1579 65 75 alfo
2209 1579 40 75 an
2264 1579 50 75 in-

1332 1623 151 75 ftrument
1498 1623 150 75 invented
1666 1623 34 75 to
1716 1623 128 75 foretell
1862 1623 55 75 the
1933 1623 136 75 changes
2086 1623 40 75 of
2142 1623 56 75 the
2215 1623 97 75 wind.

1284 1671 149 75 ANET,
1460 1671 19 75 a
1499 1671 88 75 town
1613 1671 34 75 in
1671 1671 56 75 the
1750 1671 54 75 ifle
1828 1671 39 75 of
1887 1671 135 75 France,
2049 1671 84 75 upon
2157 1671 56 75 the
2229 1671 84 75 river

1329 1717 101 75 Eure.

1283 1764 263 75 ANETHUM,
1578 1764 33 75 in
1642 1764 133 75 botany,
1816 1764 18 75 a
1860 1764 99 75 genus
1987 1764 41 75 of
2049 1764 55 75 the
2128 1764 187 75 pentandria

1330 1811 130 75 digynia
1471 1811 91 75 clafs.
1610 1811 76 75 The
1702 1811 80 75 fruit
1798 1811 26 75 is
1841 1811 85 75 oval,
1944 1811 204 75 comprefled,
2169 1811 63 75 and
2243 1811 70 75 ftri-

1330 1856 87 75 ated.
1464 1856 114 75 There
1595 1856 52 75 are
1662 1856 78 75 only
1756 1856 66 75 two
1836 1856 119 75 fpecies
1980 1856 41 75 of
2043 1856 171 75 anethum;
2240 1856 71 75 viz.

1331 1903 55 75 the
1397 1903 199 75 graveolens,
1622 1903 19 75 a
1655 1903 107 75 native
1778 1903 41 75 of
1830 1903 117 75 Spain;
1974 1903 63 75 and
2053 1903 55 75 die
2125 1903 185 75 feniculum,

1331 1950 119 75 fennel,
1476 1950 37 75 or
1529 1950 128 75 finckle,
1684 1950 17 75 a
1718 1950 107 75 native
1841 1950 39 75 of
1892 1950 137 75 Britain.
2077 1950 77 75 The
2170 1950 88 75 feeds
2273 1950 45 75 of

1329 1996 54 75 the
1395 1996 186 75 graveolens
1593 1996 53 75 are
1658 1996 245 75 recommended
1915 1996 33 75 as
1962 1996 18 75 a
1991 1996 219 75 carminative.
2233 1996 78 75 The

1330 2042 64 75 beft
1410 2042 217 75 preparations
1644 2042 41 75 of
1695 2042 88 75 them
1809 2042 68 75 are,
1902 2042 55 75 the
1973 2042 136 75 diftilled
2132 2042 57 75 oil,
2215 2042 63 75 and
2294 2042 18 75 a

1330 2089 134 75 timfture
1487 2089 38 75 or
1540 2089 127 75 extra#
1683 2089 92 75 made
1790 2089 81 75 with
1887 2089 140 75 redtified
2043 2089 101 75 fpirit.

1281 2136 271 75 ANEURISM,
1577 2136 38 75 or
1631 2136 236 75 Aneurysm,
1891 2136 32 75 in
1940 2136 144 75 furgery,
2109 2136 18 75 a
2138 2136 174 75 throbbing

1329 2181 119 75 tumor,
1472 2181 164 75 diftended
1653 2181 77 75 with
1748 2181 109 75 blood,
1883 2181 62 75 and
1960 2181 126 75 formed
2102 2181 43 75 by
2161 2181 19 75 a
2195 2181 114 75 dilata-

1330 2227 67 75 tion
1414 2227 38 75 or
1468 2227 131 75 ruptufe
1616 2227 41 75 of
1668 2227 39 75 an
1727 2227 120 75 artery.
1896 2227 63 75 See
1976 2227 201 75 Surgery.

1281 2274 145 75 ANFA,
1452 2274 18 75 a
1486 2274 66 75 city
1569 2274 40 75 of
1625 2274 128 75 Africa,
1778 2274 32 75 in
1827 2274 56 75 the
1899 2274 153 75 kingdom
2069 2274 40 75 of
2131 2274 80 75 Fez,
2234 2274 75 75 fitu-

1327 2320 75 75 ated
1418 2320 40 75 on
1477 2320 55 75 the
1549 2320 163 75 feaccoaft,
1738 2320 143 75 between
1902 2320 107 75 Rabat
2026 2320 62 75 and
2108 2320 152 75 Azamar.

1280 2366 299 75 ANGAMALA,
1605 2366 18 75 a
1639 2366 89 75 fmall
1745 2366 66 75 city
1827 2366 35 75 of
1879 2366 104 75 India,
2001 2366 135 75 fituated
2152 2366 84 75 upon
2254 2366 55 75 the

1329 2412 82 75 river
1428 2412 146 75 Aicotta,
1599 2412 40 75 on
1658 2412 55 75 the
1735 2412 153 75 Malabar
1903 2412 95 75 coaft.

1280 2459 240 75 ANGARIA,
1538 2459 32 75 in
1583 2459 126 75 Roman
1722 2459 171 75 antiquity,
1907 2459 18 75 a
1936 2459 78 75 kind
2025 2459 41 75 of
2073 2459 104 75 public
2189 2459 118 75 fervice

1327 2508 140 75 impofed
1482 2508 43 75 on
1541 2508 56 75 the
1613 2508 202 75 provincials,
1843 2508 104 75 which
1971 2508 153 75 confided
2147 2508 32 75 in
2202 2508 104 75 provi-

1326 2552 77 75 ding
1414 2552 108 75 horfes
1535 2552 66 75 and
1610 2552 156 75 carriages
1779 2552 50 75 for
1839 2552 54 75 the
1906 2552 199 75 conveyance
2121 2552 40 75 of
2167 2552 142 75 military

1326 2598 110 75 {lores,
1460 2598 63 75 and
1539 2598 92 75 other
1647 2598 106 75 public
1771 2598 151 75 burdens.
1955 2598 31 75 It
2003 2598 25 75 is
2046 2598 180 75 fometimes
2242 2598 66 75 alio

1326 2646 76 75 ufed
1418 2646 52 75 for
1486 2646 19 75 a
1518 2646 102 75 guard
1636 2646 40 75 of
1689 2646 144 75 foldiers,
1859 2646 110 75 ported
1985 2646 52 75 for
2052 2646 55 75 the
2124 2646 132 75 defence
2270 2646 43 75 of

1327 2691 16 75 a
1367 2691 100 75 place.
1525 2691 36 75 In
1588 2691 18 75 a
1631 2691 86 75 more
1734 2691 127 75 general
1879 2691 98 75 fenfe,
2001 2691 26 75 it
2044 2691 25 75 is
2086 2691 75 75 ufed
2178 2691 51 75 for
2245 2691 63 75 any

1325 2738 78 75 kind
1419 2738 40 75 of
1469 2738 185 75 oppreffxon,
1672 2738 37 75 or
1720 2738 135 75 fervices
1866 2738 183 75 performed
2060 2738 142 75 through
2219 2738 87 75 com-

1325 2784 131 75 pulfion.

1277 2835 327 75 ANGASMAGO,
1629 2835 19 75 a
1664 2835 85 75 river
1772 2835 41 75 of
1832 2835 37 75 S.
1893 2835 163 75 America.
2104 2835 132 75 During
2251 2835 56 75 the

1320 2878 91 75 Teign
1425 2878 40 75 of
1472 2878 54 75 the
1537 2878 106 75 Incas,
1664 2878 26 75 it
1702 2878 150 75 bounded
1870 2878 54 75 the
1941 2878 154 75 kingdom
2112 2878 39 75 of
2163 2878 84 75 Peru
2264 2878 43 75 on

1325 2925 55 75 the
1397 2925 107 75 north,
1523 2925 33 75 as
1573 2925 55 75 the
1645 2925 84 75 river
1745 2925 115 75 Maule
1877 2925 57 75 did
1949 2925 41 75 on
2015 2925 54 75 the
2086 2925 106 75 fouth.
2242 2925 63 75 See

1323 2972 122 75 Peru.

1279 3024 409 75 ANGEIOGRAPHY,
1707 3024 37 75 or
1759 3024 285 75 Angeiology,
2071 3024 115 75 among
2198 3024 110 75 anato-

1780 3072 20 75 4
1824 3072 34 75 K

2212 3072 98 75 mills.

1153 175 20 75 (
1230 175 79 75 3'3
1370 175 21 75 )

1115 3075 16 75 3
