2397 3387
429 160 35 75 B
523 160 34 75 E
616 160 40 75 A

997 160 18 75 (
1075 160 79 75 535
1215 160 18 75 )

1595 160 35 75 B
1691 160 33 75 E
1785 160 41 75 A

113 221 67 75 ful;
206 221 59 75 but
281 221 20 75 a
319 221 150 75 complex
492 221 184 75 perception
693 221 40 75 of
751 221 58 75 the
834 221 104 75 whole
967 221 124 75 greatly

112 266 165 75 augments
295 266 54 75 the
366 266 117 75 beauty
499 266 39 75 of
550 266 54 75 the
621 266 116 75 objed.
785 266 76 75 The
878 266 115 75 human
1007 266 85 75 body

112 312 26 75 is
157 312 17 75 a
199 312 205 75 compofition
428 312 40 75 of
490 312 193 75 numberleis
712 312 140 75 beauties
880 312 111 75 arifing
1008 312 83 75 from

112 359 55 75 the
186 359 85 75 parts
288 359 64 75 and
367 359 148 75 qualities
532 359 40 75 of
595 359 55 75 the
666 359 116 75 objed,
807 359 127 75 various
952 359 139 75 colours,

110 404 127 75 various
254 404 151 75 motions,
429 404 130 75 figures,
584 404 74 75 fize,
684 404 65 75 <bc.
785 404 43 75 all
846 404 110 75 united
976 404 31 75 in
1032 404 60 75 one

112 451 149 75 complex
288 451 118 75 objed,
431 451 62 75 and
508 451 132 75 flriking
657 451 55 75 the
740 451 58 75 eye
822 451 76 75 with
924 451 169 75 combined

112 498 102 75 force.
263 498 111 75 Hence
391 498 26 75 it
434 498 42 75 is,
492 498 72 75 that
581 498 129 75 beauty,
728 498 18 75 a
759 498 125 75 quality
900 498 34 75 fo
951 498 141 75 remark-

110 544 71 75 able
209 544 32 75 in
258 544 106 75 vifible
389 544 134 75 objeds,
548 544 90 75 lends
656 544 41 75 its
714 544 90 75 name
830 544 34 75 to
882 544 93 75 every
1000 544 92 75 thing

111 589 69 75 that
209 589 26 75 is
261 589 172 75 eminently
462 589 177 75 agreeable.
692 589 108 75 Thus,
830 589 42 75 by
896 589 18 75 a
930 589 99 75 figure
1057 589 41 75 of

110 636 126 75 fpeech,
254 636 48 75 we
318 636 67 75 fay,
403 636 19 75 a
433 636 157 75 beautiful
606 636 111 75 found,
736 636 18 75 a
769 636 156 75 beautiful
941 636 150 75 thought,

110 682 20 75 a
147 682 156 75 beautiful
319 682 179 75 difcovery,
522 682 65 75 <bc.

160 727 210 75 Confidering
386 727 188 75 attentively
585 727 55 75 the
657 727 117 75 beauty
786 727 40 75 of
836 727 107 75 vifible
959 727 132 75 objeds,

111 774 67 75 two
194 774 93 75 kinds
315 774 53 75 are
384 774 196 75 difcovered.
627 774 76 75 The
731 774 64 75 firfl
820 774 72 75 may
913 774 39 75 be
968 774 124 75 termed

113 820 137 75 intriniic
277 820 129 75 beauty,
432 820 130 75 becaufe
586 820 26 75 it
635 820 27 75 is
678 820 186 75 difcovered
890 820 34 75 in
949 820 19 75 a
995 820 97 75 Angle

113 867 116 75 objed,
255 867 134 75 without
408 867 134 75 relation
558 867 36 75 to
616 867 62 75 any
693 867 94 75 other
799 867 9 75 ;
836 867 55 75 the
908 867 93 75 other
1018 867 74 75 may

110 913 40 75 be
166 913 125 75 termed
317 913 144 75 rfilative,
486 913 94 75 being
596 913 151 75 founded-
762 913 40 75 on
825 913 55 75 the
906 913 134 75 relation
1057 913 40 75 of

111 959 133 75 objeds.
278 959 145 75 Intrinfic
439 959 117 75 beauty
566 959 25 75 is
609 959 17 75 a
644 959 182 75 perception
843 959 39 75 of
895 959 83 75 fenfe
991 959 99 75 mere-

109 1005 34 75 ly
152 1005 10 75 ;
189 1005 53 75 for
257 1005 35 75 to
310 1005 142 75 perceive
475 1005 56 75 the
548 1005 116 75 beauty
685 1005 40 75 of
738 1005 19 75 a
773 1005 165 75 fpreading
955 1005 73 75 oak,
1054 1005 38 75 or

111 1052 39 75 of
162 1052 19 75 a
199 1052 127 75 flowing
350 1052 95 75 river,
470 1052 42 75 no
529 1052 88 75 more
634 1052 27 75 is
687 1052 150 75 required
853 1052 57 75 but
936 1052 98 75 fingly
1052 1052 38 75 an

110 1098 48 75 ad
171 1098 39 75 of
221 1098 107 75 vifion.
379 1098 148 75 Relative
543 1098 118 75 beauty
677 1098 26 75 is
721 1098 224 75 accompanied
961 1098 78 75 with
1053 1098 39 75 an

109 1144 48 75 ad
183 1144 39 75 of
246 1144 240 75 underftanding
512 1144 59 75 and
599 1144 156 75 refledion
769 1144 9 75 ;
814 1144 51 75 for
880 1144 50 75 we
946 1144 145 75 perceive

110 1189 57 75 not
184 1189 54 75 the
262 1189 132 75 relative
410 1189 115 75 beauty
548 1189 39 75 of
598 1189 19 75 a
633 1189 60 75 fine
709 1189 186 75 inftrument
910 1189 37 75 or
963 1189 126 75 engine,

109 1235 81 75 until
208 1235 47 75 we
272 1235 86 75 learn
375 1235 41 75 its
432 1235 52 75 ufe
501 1235 62 75 and
578 1235 201 75 deilination.
829 1235 37 75 In
885 1235 17 75 a
919 1235 102 75 word,
1042 1235 48 75 in-

110 1282 105 75 trinfic
232 1282 117 75 beauty
371 1282 27 75 is
416 1282 166 75 ultimate;
609 1282 63 75 and
695 1282 132 75 relative
843 1282 120 75 beauty
978 1282 25 75 is
1021 1282 70 75 that

109 1330 40 75 of
162 1330 104 75 means
279 1330 135 75 relating
430 1330 35 75 to
478 1330 83 75 fome
578 1330 87 75 good
677 1330 61 75 end
751 1330 37 75 or
806 1330 144 75 purpofe.
981 1330 109 75 Thefe

109 1374 150 75 different
286 1374 141 75 beauties
453 1374 93 75 agree
563 1374 30 75 in
623 1374 59 75 one
710 1374 116 75 capital
854 1374 235 75 circumflance,

110 1422 70 75 that
192 1422 78 75 both
289 1422 54 75 are
355 1422 128 75 equally
495 1422 165 75 perceived
677 1422 33 75 as
726 1422 171 75 belonging
914 1422 34 75 to
961 1422 55 75 the
1033 1422 55 75 ob-

107 1468 65 75 jed
184 1468 10 75 ;
221 1468 103 75 which
343 1468 67 75 will
438 1468 38 75 be
493 1468 122 75 readily
626 1468 164 75 admitted
814 1468 77 75 with
920 1468 119 75 refped
1054 1468 36 75 to

111 1513 139 75 intrinftc
266 1513 129 75 beauty,
410 1513 67 75 "but
497 1513 26 75 is
541 1513 55 75 not
618 1513 34 75 fo
676 1513 133 75 obvious
826 1513 78 75 with
922 1513 118 75 refped
1056 1513 35 75 to

111 1561 55 75 the
183 1561 104 75 other.
336 1561 77 75 The
438 1561 108 75 utility
562 1561 41 75 of
625 1561 55 75 the
696 1561 134 75 plough,
855 1561 52 75 for
930 1561 158 75 example,

109 1607 74 75 may
199 1607 91 75 make
318 1607 38 75 an
374 1607 104 75 objed
501 1607 39 75 of
560 1607 189 75 admiration
766 1607 36 75 or
825 1607 39 75 of
886 1607 120 75 defire;
1034 1607 58 75 but

109 1653 77 75 why
205 1653 112 75 fhould
331 1653 108 75 utility
456 1653 92 75 make
564 1653 25 75 it
606 1653 155 75 beautiful
776 1653 11 75 ?
826 1653 33 75 A
876 1653 124 75 natural
1018 1653 75 75 pro-

110 1699 122 75 penfity
243 1699 40 75 of
294 1699 55 75 the
362 1699 115 75 human
497 1699 86 75 mind
600 1699 65 75 will
682 1699 127 75 explain
827 1699 64 75 this
907 1699 157 75 difficulty
1078 1699 9 75 :

108 1745 53 75 By
173 1745 38 75 an
229 1745 71 75 eafy
315 1745 161 75 tranfition
492 1745 40 75 of
543 1745 100 75 ideas,
667 1745 55 75 the
739 1745 117 75 beauty
872 1745 40 75 of
925 1745 54 75 the
996 1745 94 75 effed

111 1791 27 75 is
155 1791 194 75 transferred
365 1791 35 75 to
420 1791 56 75 the
493 1791 102 75 caufe,
620 1791 61 75 and
697 1791 26 75 is
741 1791 167 75 perceived
931 1791 31 75 as
979 1791 61 75 one
1056 1791 41 75 of

110 1838 57 75 the
183 1838 148 75 qualities
348 1838 41 75 of
405 1838 55 75 the
476 1838 90 75 caufe
578 1838 8 75 :
620 1838 95 75 Thus
733 1838 16 75 a
765 1838 120 75 fubjed
900 1838 74 75 void
991 1838 40 75 of
1042 1838 47 75 in-

112 1884 104 75 trinfic
249 1884 129 75 beauty,
414 1884 130 75 appears
581 1884 154 75 beautiful
764 1884 43 75 by
834 1884 41 75 its
905 1884 128 75 utility,
1072 1884 19 75 a

109 1931 264 75 dwelling-houfe
388 1931 76 75 void
476 1931 40 75 of
527 1931 42 75 all
586 1931 186 75 regularity,
798 1931 25 75 is
836 1931 149 75 however
994 1931 95 75 beau-

109 1976 74 75 tiful
201 1976 30 75 in
245 1976 54 75 the
309 1976 80 75 view
401 1976 39 75 of
451 1976 210 75 convenience
675 1976 8 75 .
703 1976 62 75 and
781 1976 55 75 the
852 1976 85 75 want
954 1976 39 75 of
1005 1976 81 75 fym-

109 2023 105 75 metry
229 2023 32 75 in
278 2023 19 75 a
313 2023 80 75 tree,
418 2023 64 75 will
501 2023 55 75 not
573 2023 131 75 prevent
720 2023 41 75 its
779 2023 169 75 appearing
964 2023 124 75 beauti-

111 2069 59 75 ful,
196 2069 30 75 if
237 2069 27 75 it
281 2069 39 75 be
333 2069 120 75 known
469 2069 34 75 to
516 2069 140 75 produce
672 2069 84 75 good
773 2069 99 75 fruit..

157 2114 111 75 When
295 2114 87 75 thefe
407 2114 65 75 two
487 2114 142 75 beauties
645 2114 117 75 concur
789 2114 31 75 in
838 2114 61 75 any
921 2114 116 75 objed,
1064 2114 25 75 it

111 2160 129 75 appears
256 2160 186 75 delightful.
477 2160 111 75 Every
602 2160 141 75 member
754 2160 40 75 of
806 2160 54 75 the
872 2160 117 75 human
1001 2160 88 75 body

110 2206 142 75 poffelfes
268 2206 80 75 both
364 2206 32 75 in
414 2206 17 75 a
447 2206 77 75 high
544 2206 128 75 degree.

158 2252 75 75 The
245 2252 117 75 beauty
374 2252 40 75 of
425 2252 119 75 utility,
562 2252 93 75 being
666 2252 181 75 accurately
863 2252 227 75 proportioned

110 2300 36 75 to
162 2300 56 75 the
234 2300 116 75 degree
366 2300 40 75 of
426 2300 120 75 utility,
571 2300 141 75 requires
730 2300 41 75 no
787 2300 208 75 illullration:
1023 2300 66 75 But

110 2346 137 75 intrinfic
258 2346 118 75 beauty
383 2346 94 75 being
493 2346 87 75 more
592 2346 162 75 complex,
772 2346 114 75 cannot
897 2346 40 75 be
949 2346 140 75 handled

111 2392 155 75 dillmdly
282 2392 136 75 without
443 2392 94 75 being
553 2392 158 75 analyfed.
760 2392 37 75 If
820 2392 18 75 a
854 2392 67 75 tree
939 2392 38 75 be
994 2392 93 75 beaur

110 2439 75 75 tiful
203 2439 42 75 by
257 2439 106 75 means
376 2439 39 75 of
426 2439 41 75 its
484 2439 122 75 colour,
632 2439 113 75 figure,
770 2439 134 75 motion,
930 2439 74 75 fize,

111 2484 25 75 it
153 2484 27 75 is
204 2484 31 75 in
254 2484 114 75 reality
383 2484 147 75 poflefied
547 2484 40 75 of
606 2484 32 75 fo
656 2484 95 75 many
766 2484 150 75 different
933 2484 156 75 beauties.

109 2532 77 75 The
203 2532 118 75 beauty
337 2532 40 75 of
387 2532 111 75 colour
519 2532 32 75 ia
563 2532 56 75 too
636 2532 136 75 familiar
789 2532 34 75 to
840 2532 81 75 need
938 2532 151 75 explana-

109 2577 82 75 tion.
239 2577 77 75 The
333 2577 118 75 beauty
473 2577 40 75 of
535 2577 99 75 figure
650 2577 27 75 is
703 2577 109 75 more;
848 2577 51 75 for
927 2577 161 75 example,

110 2623 138 75 viewing
265 2623 61 75 any
342 2623 86 75 body
440 2623 33 75 as
491 2623 18 75 a
524 2623 116 75 whole,
665 2623 55 75 the
737 2623 117 75 beauty
866 2623 40 75 of
929 2623 42 75 its
989 2623 100 75 figure

109 2670 94 75 arifes
216 2670 84 75 from
318 2670 172 75 regularity
502 2670 60 75 and
579 2670 166 75 fimplicity
753 2670 12 75 ;
789 2670 135 75 viewing
933 2670 55 75 the
1005 2670 85 75 parts

110 2717 78 75 with
218 2717 135 75 relation
377 2717 35 75 to
437 2717 76 75 each
538 2717 104 75 other,
668 2717 198 75 uniformity,
891 2717 199 75 proportion,

111 2763 62 75 and
188 2763 107 75 order,
321 2763 180 75 contribute
517 2763 35 75 to
572 2763 41 75 its
630 2763 128 75 beauty.
806 2763 77 75 The
900 2763 140 75 beauties
1057 2763 40 75 of

110 2809 158 75 grandeur
297 2809 61 75 and
386 2809 120 75 motion
532 2809 79 75 mull
636 2809 39 75 be
699 2809 181 75 confidered
903 2809 187 75 feparately.

111 2856 61 75 See
189 2856 235 75 Grandeur,
451 2856 61 75 and
529 2856 170 75 Motion.

159 2901 65 75 We
237 2901 74 75 (hall
323 2901 77 75 here
416 2901 92 75 make
526 2901 18 75 a
556 2901 63 75 few
631 2901 213 75 obfervations
858 2901 41 75 on
912 2901 178 75 fimplicity,

110 2948 105 75 which
233 2948 73 75 may
323 2948 37 75 be
378 2948 39 75 of
428 2948 53 75 ufe
497 2948 32 75 in
546 2948 182 75 examining
744 2948 56 75 the
817 2948 115 75 beauty
945 2948 39 75 of
996 2948 99 75 fingle

111 2997 132 75 objeds.
291 2997 35 75 A
353 2997 171 75 multitude
547 2997 44 75 o
607 2997 118 75 objeds
754 2997 162 75 crowding
944 2997 69 75 into
1035 2997 58 75 the

1143 211 85 75 mind
1253 211 33 75 at
1310 211 91 75 once,
1427 211 120 75 difturb
1571 211 55 75 the
1650 211 168 75 attention,
1852 211 62 75 and
1941 211 67 75 pafs
2034 211 150 75 vvitliour

1140 257 129 75 making
1286 257 60 75 any
1363 257 111 75 lading
1486 257 173 75 impreflion
1673 257 7 75 :
1708 257 38 75 In
1763 257 54 75 the
1834 257 82 75 fame
1933 257 142 75 manner,
2093 257 78 75 even

1141 304 19 75 a
1182 304 96 75 fingle
1302 304 117 75 objed,
1444 304 164 75 confiding
1631 304 41 75 of
1691 304 19 75 a
1734 304 204 75 multiplicity
1953 304 41 75 of
2013 304 100 75 parts,
2138 304 32 75 e-

1143 350 90 75 quals
1258 350 68 75 not,
1352 350 31 75 in
1407 350 141 75 drength
1574 350 38 75 of
1632 350 187 75 impreflion,
1846 350 18 75 a
1880 350 88 75 more
1984 350 107 75 fimple
2114 350 57 75 ob-

1138 396 65 75 jed
1219 396 256 75 comprehended
1491 396 32 75 in
1540 396 60 75 one
1617 396 92 75 view.
1758 396 85 75 This
1856 396 132 75 judifies
2004 396 169 75 fimplicity

1142 442 31 75 in
1197 442 105 75 works
1319 442 40 75 of
1370 442 62 75 art,
1458 442 33 75 as
1503 442 140 75 oppofed
1658 442 35 75 to
1709 442 212 75 complicated
1932 442 240 75 circumltances

1142 490 61 75 and
1221 490 150 75 crowded
1386 490 196 75 ornaments.

1190 535 31 75 It
1239 535 108 75 would
1363 535 39 75 be
1418 535 123 75 endlefs
1558 535 35 75 to
1609 535 182 75 enumerate
1815 535 55 75 the
1894 535 109 75 effeds
2028 535 71 75 that
2118 535 54 75 are

1143 583 161 75 produced
1320 583 42 75 by
1380 583 56 75 the
1459 583 126 75 various
1610 583 232 75 combinations
1866 583 39 75 of
1925 583 55 75 the
2004 583 167 75 principles

1142 628 41 75 of
1202 628 118 75 beauty
1383 628 33 75 A
1441 628 61 75 few
1528 628 165 75 examples
1716 628 68 75 will
1809 628 38 75 be
1871 628 154 75 fufficient
2049 628 35 75 to
2100 628 72 75 give

1144 676 54 75 the
1226 676 113 75 reader
1362 676 86 75 fome
1472 676 70 75 idea
1567 676 39 75 of
1626 676 62 75 this
1712 676 132 75 fubjed.
1892 676 34 75 A
1951 676 95 75 circle
2069 676 61 75 and
2154 676 19 75 a

1142 721 114 75 fquare
1272 721 53 75 are
1343 721 77 75 each
1438 721 154 75 perfedly
1608 721 146 75 regular;
1781 721 18 75 a
1812 721 125 75 fquare,
1960 721 159 75 however,
2145 721 27 75 is

1142 768 59 75 lefs
1219 768 153 75 beautiful
1392 768 74 75 than
1490 768 18 75 a
1526 768 116 75 circle;
1669 768 62 75 and
1748 768 55 75 the
1827 768 107 75 reafon
1957 768 40 75 is,
2024 768 69 75 that
2116 768 56 75 the

1143 815 155 75 attention
1325 815 28 75 is
1380 815 131 75 divided
1538 815 115 75 among
1680 815 55 75 the
1765 815 80 75 fides
1869 815 62 75 and
1953 815 107 75 angles
2088 815 40 75 of
2154 815 19 75 a

1143 861 133 75 fquare;
1302 861 142 75 whereas
1462 861 55 75 the
1533 861 246 75 circumference
1803 861 41 75 of
1863 861 19 75 a
1906 861 111 75 circle,
2042 861 95 75 being
2153 861 20 75 a

1136 907 101 75 fingle
1263 907 118 75 objed,
1406 907 109 75 makes
1543 907 61 75 one
1632 907 101 75 entire
1760 907 196 75 impreflion:
1993 907 77 75 And
2096 907 75 75 thus

1142 953 164 75 fimplicity
1324 953 198 75 contributes
1538 953 35 75 to
1590 953 129 75 beauty.
1770 953 65 75 For
1859 953 55 75 the
1940 953 86 75 fame
2049 953 122 75 rcafon,

1143 999 18 75 a
1178 999 112 75 fquare
1307 999 26 75 is
1358 999 89 75 more
1473 999 154 75 beautiful
1653 999 75 75 than
1754 999 18 75 a
1799 999 147 75 hexagon
1971 999 37 75 or
2024 999 146 75 odagon.

1141 1049 36 75 A
1194 1049 111 75 iquare
1322 1049 25 75 is
1364 1049 139 75 likewife
1520 1049 88 75 more
1625 1049 154 75 beautiful
1795 1049 79 75 than
1887 1049 18 75 a
1916 1049 253 75 parallelogram,

1144 1093 130 75 becaufe
1290 1093 26 75 it
1334 1093 26 75 is
1376 1093 88 75 more
1485 1093 125 75 regular
1635 1093 62 75 and
1714 1093 151 75 uniform.
1914 1093 67 75 But
1998 1093 62 75 this
2077 1093 95 75 holds

1143 1138 78 75 with
1247 1138 117 75 refped
1389 1138 34 75 to
1449 1138 137 75 intrinfic
1610 1138 117 75 beauty
1752 1138 98 75 only;
1877 1138 51 75 for
1951 1138 31 75 in
2006 1138 96 75 many
2123 1138 48 75 in-

1143 1185 130 75 dances,
1292 1185 33 75 as
1343 1185 30 75 in
1387 1185 55 75 the
1454 1185 97 75 doors
1568 1185 60 75 and
1644 1185 152 75 windows
1814 1185 38 75 of
1864 1185 19 75 a
1893 1185 277 75 dwelling-houfe,

1142 1231 108 75 utility
1267 1231 89 75 turns
1374 1231 55 75 the
1445 1231 99 75 fcales
1560 1231 42 75 on
1618 1231 55 75 the
1689 1231 64 75 fide
1777 1231 40 75 of
1836 1231 54 75 the
1915 1231 254 75 parallelogram.

1190 1278 117 75 Again,
1333 1278 19 75 a
1379 1278 241 75 parallelogram
1648 1278 152 75 depends,
1826 1278 53 75 for
1900 1278 41 75 its
1970 1278 130 75 beauty,
2130 1278 42 75 on

1141 1324 54 75 the
1221 1324 186 75 proportion
1432 1324 42 75 of
1490 1324 42 75 its
1559 1324 100 75 fides:
1698 1324 32 75 A
1755 1324 90 75 great
1867 1324 179 75 inequality
2068 1324 41 75 of
2130 1324 41 75 its

1141 1370 79 75 fides
1245 1370 189 75 annihilates
1459 1370 42 75 it*
1525 1370 138 75 beauty:
1700 1370 272 75 Approximation
1990 1370 123 75 toward
2137 1370 33 75 e-

1143 1417 123 75 quality
1282 1417 77 75 hath
1378 1417 56 75 the
1458 1417 83 75 fame
1557 1417 93 75 effed
1662 1417 9 75 ;
1699 1417 52 75 for
1767 1417 185 75 proportion
1969 1417 90 75 there
2075 1417 96 75 dege-

1141 1464 122 75 nerates
1280 1464 68 75 into
1365 1464 166 75 imperfed
1545 1464 199 75 uniformity,
1770 1464 61 75 and
1849 1464 54 75 the
1920 1464 99 75 figure
2041 1464 130 75 appears

1142 1509 37 75 an
1208 1509 212 75 unfuccefsful
1449 1509 134 75 attempt
1606 1509 124 75 toward
1754 1509 18 75 a
1796 1509 125 75 fquare.
1970 1509 78 75 And
2071 1509 101 75 hence

1142 1557 184 75 proportion
1343 1557 196 75 contributes
1551 1557 35 75 to
1601 1557 130 75 beauty.

1189 1602 53 75 An
1260 1602 189 75 equilateral
1468 1602 136 75 triangle
1620 1602 103 75 yields
1743 1602 62 75 not
1814 1602 40 75 to
1868 1602 19 75 a
1901 1602 112 75 fquare
2029 1602 32 75 in
2077 1602 94 75 regu-

1142 1648 95 75 larity
1252 1648 60 75 nor
1327 1648 31 75 in
1376 1648 186 75 uniformity
1579 1648 40 75 of
1638 1648 98 75 parts,
1761 1648 61 75 and
1838 1648 25 75 it
1886 1648 26 75 is
1936 1648 89 75 more
2049 1648 132 75 fimple..

1143 1694 66 75 But
1226 1694 39 75 an
1282 1694 186 75 equilateral
1485 1694 134 75 triangle
1636 1694 26 75 is
1675 1694 58 75 lefs
1746 1694 155 75 beautiful
1912 1694 77 75 than
2005 1694 19 75 a
2034 1694 135 75 fquare;

1142 1741 103 75 which
1259 1741 78 75 mud
1350 1741 38 75 be
1401 1741 105 75 owing
1519 1741 33 75 to
1566 1741 178 75 inferiority
1762 1741 39 75 of
1813 1741 95 75 order
1921 1741 32 75 in
1967 1741 56 75 the
2035 1741 134 75 pofition

1143 1787 40 75 of
1200 1787 43 75 its
1260 1787 107 75 parts;
1395 1787 55 75 the
1468 1787 94 75 order
1579 1787 110 75 arifing
1707 1787 84 75 from
1809 1787 159 75 theequal
1987 1787 184 75 inclination

1142 1834 39 75 of
1200 1834 55 75 the
1272 1834 78 75 fides
1367 1834 41 75 of
1426 1834 75 75 fuch
1526 1834 38 75 an
1584 1834 103 75 angle,
1713 1834 26 75 is
1761 1834 88 75 more
1865 1834 132 75 obfcure
2019 1834 77 75 than
2114 1834 55 75 the

1141 1882 189 75 parallelifm
1347 1882 39 75 of
1404 1882 55 75 the
1484 1882 80 75 fides
1587 1882 42 75 of
1647 1882 18 75 a
1689 1882 125 75 fquare.
1862 1882 77 75 And
1958 1882 100 75 hence
2075 1882 96 75 order

1140 1928 194 75 contributes
1351 1928 36 75 to
1402 1928 118 75 beauty
1537 1928 56 75 not
1609 1928 59 75 lefs
1685 1928 77 75 than
1779 1928 177 75 fimplicity,
1983 1928 185 75 regularity,

1140 1974 37 75 or
1189 1974 198 75 proportion.

1187 2021 202 75 Uniformity
1405 2021 30 75 is
1456 2021 135 75 Angular
1607 2021 31 75 in
1667 2021 60 75 one
1744 2021 236 75 circnmdance,
2005 2021 70 75 that
2100 2021 25 75 it
2141 2021 28 75 is

1140 2067 53 75 apt
1209 2067 35 75 to
1260 2067 116 75 difgud
1401 2067 44 75 by
1461 2067 121 75 excefs.
1632 2067 33 75 A
1682 2067 132 75 number
1838 2067 41 75 of
1897 2067 107 75 things
2028 2067 151 75 dedined.

1140 2112 50 75 for
1207 2112 55 75 the
1278 2112 82 75 fame
1375 2112 64 75 ufe.
1459 2112 33 75 as
1504 2112 166 75 windows,
1696 2112 116 75 chairs,
1839 2112 40 75 cb'
1879 2112 24 75 c.
1930 2112 115 75 cannot
2063 2112 37 75 be
2113 2112 56 75 too

1139 2160 152 75 uniform.
1328 2160 66 75 But
1412 2160 20 75 a
1447 2160 184 75 fcrupulous
1649 2160 184 75 uniformity
1850 2160 39 75 of
1901 2160 86 75 parts
2002 2160 39 75 in.
2053 2160 18 75 a
2081 2160 88 75 large

1140 2206 117 75 garden
1275 2206 36 75 or
1326 2206 89 75 field,
1439 2206 26 75 is
1479 2206 49 75 far
1544 2206 83 75 from
1645 2206 93 75 being
1754 2206 194 75 agreeable..

1188 2252 35 75 In
1242 2252 42 75 all
1302 2252 54 75 the
1372 2252 107 75 works
1499 2252 38 75 of
1557 2252 124 75 nature,
1706 2252 168 75 fimplicity
1889 2252 108 75 makes
2017 2252 19 75 a
2052 2252 137 75 capital;

1140 2299 100 75 figure
1301 2299 32 75 It
1359 2299 65 75 alfo
1441 2299 107 75 makes
1566 2299 19 75 a
1602 2299 99 75 figure
1717 2299 30 75 in
1765 2299 107 75 works
1887 2299 40 75 of
1938 2299 69 75 art:
2034 2299 135 75 Profufe

1139 2345 162 75 ornament
1314 2345 30 75 in
1357 2345 353 75 paintinggardening,
1723 2345 37 75 or
1771 2345 220 75 architedure,
2005 2345 33 75 as
2052 2345 71 75 well
2133 2345 35 75 as

1139 2391 32 75 in
1187 2391 85 75 drefs
1285 2391 37 75 or
1338 2391 33 75 in
1386 2391 168 75 language,
1583 2391 100 75 fhows
1696 2391 18 75 a
1730 2391 90 75 mean
1838 2391 37 75 or
1887 2391 172 75 corrupted
2076 2391 89 75 tade.

1142 2437 180 75 Simplicity
1338 2437 32 75 in
1398 2437 174 75 behaviour
1587 2437 60 75 and
1674 2437 145 75 manners
1846 2437 57 75 has
1921 2437 45 75 an-
1984 2437 185 75 inchanting

1140 2485 103 75 effed,
1269 2485 66 75 and
1348 2485 95 75 never
1467 2485 71 75 fails
1557 2485 34 75 to
1607 2485 71 75 gain
1703 2485 60 75 our
1786 2485 162 75 affedion.
1997 2485 89 75 Very
2103 2485 64 75 dif-

1140 2530 102 75 ferent
1267 2530 53 75 are
1345 2530 54 75 the
1424 2530 146 75 artificial
1595 2530 144 75 manners
1763 2530 48 75 off
1825 2530 132 75 modern
1979 2530 105 75 times.
2132 2530 36 75 A

1141 2576 129 75 gradual
1299 2576 142 75 progrefs
1466 2576 84 75 from
1574 2576 167 75 fimplicity
1763 2576 36 75 to
1815 2576 148 75 complex
1987 2576 99 75 forms
2104 2576 63 75 and

1140 2623 127 75 profufe
1295 2623 176 75 ornament,
1496 2623 99 75 feems
1611 2623 35 75 to
1672 2623 38 75 be
1735 2623 55 75 the
1814 2623 66 75 fate
1896 2623 41 75 of
1958 2623 42 75 all
2025 2623 54 75 the
2103 2623 63 75 fine

1141 2670 83 75 arts;
1253 2670 187 75 refembling
1464 2670 185 75 behaviour,
1675 2670 103 75 which
1794 2670 85 75 from
1895 2670 135 75 original
2047 2670 119 75 candor

1142 2716 61 75 and
1231 2716 179 75 fimplicity,
1435 2716 57 75 has
1513 2716 214 75 degenerated
1749 2716 69 75 into
1843 2716 157 75 duplicity
2014 2716 40 75 of
2072 2716 93 75 heart

1141 2762 61 75 and
1229 2762 145 75 artificial
1395 2762 213 75 refinements.
1657 2762 47 75 At
1731 2762 125 75 prefent
1880 2762 132 75 literary
2029 2762 135 75 produc-

1141 2809 83 75 tions
1241 2809 53 75 are
1311 2809 150 75 crowded
1476 2809 77 75 with
1571 2809 122 75 words,
1708 2809 152 75 epithets,
1878 2809 134 75 figures:
2040 2809 38 75 In
2094 2809 69 75 mu-

1142 2855 53 75 fic,
1220 2855 166 75 fentiment
1402 2855 26 75 is
1455 2855 164 75 negleded
1641 2855 51 75 for
1719 2855 56 75 the
1792 2855 120 75 luxury
1935 2855 40 75 of
1995 2855 167 75 harmony,

1142 2901 62 75 and
1221 2901 52 75 for
1287 2901 137 75 difficult
1441 2901 192 75 movement.

1189 2949 95 75 With
1302 2949 112 75 regard
1432 2949 35 75 to
1478 2949 55 75 the
1550 2949 73 75 final
1640 2949 92 75 caufe
1749 2949 39 75 of
1799 2949 129 75 beauty,
1954 2949 59 75 one
2030 2949 91 75 thing
2135 2949 39 75 is-

1142 2996 140 75 evident,
1306 2996 72 75 that
1400 2996 60 75 our
1486 2996 93 75 relilh
1598 2996 41 75 of
1657 2996 186 75 regularity,
1867 2996 200 75 uniformity,
2092 2996 75 75 pro-

2025 3052 143 75 portion^
