2428 3377
136 171 79 75 252

693 171 41 75 A
850 171 45 75 N
1011 171 42 75 A
1169 171 39 75 T

135 232 90 75 third
239 232 122 75 branch
377 232 28 75 is
422 232 146 75 difpofed
583 232 32 75 in
632 232 57 75 the
705 232 84 75 fame
806 232 71 75 way
889 232 87 75 upon
989 232 55 75 the
1061 232 64 75 fide
1142 232 40 75 of

135 281 56 75 the
208 281 188 75 ring-finger
413 281 80 75 next
509 281 35 75 to
556 281 56 75 the
628 281 85 75 little
730 281 113 75 finger.

183 326 113 75 When
313 326 48 75 we
377 326 72 75 lean
465 326 38 75 or
519 326 86 75 prefs
624 326 41 75 on
681 326 57 75 the
754 326 139 75 internal
910 326 137 75 condyle
1064 326 40 75 of
1123 326 57 75 the

137 374 35 75 os
198 374 137 75 humeri,
366 374 57 75 the
451 374 167 75 numbnefs
644 374 64 75 and
734 374 162 75 prickling
920 374 49 75 we
994 374 186 75 frequently

136 420 76 75 feel,
238 420 92 75 point
346 420 57 75 out
420 420 55 75 the
492 420 111 75 cpurfe
621 420 40 75 of
680 420 66 75 this
758 420 110 75 nerve.

188 466 32 75 7.
246 466 175 75 Radiah
431 466 15 75 s
466 466 219 75 accompanies
703 466 55 75 the
775 466 146 75 humeral
943 466 108 75 artery
1073 466 108 75 to'the

139 513 141 75 bending
293 513 39 75 of
345 513 54 75 the
409 513 118 75 elbow,
545 513 126 75 ferving
683 513 56 75 the
750 513 120 75 flexors
884 513 39 75 of
936 513 54 75 the
1003 513 88 75 cubit
1099 513 31 75 in
1141 513 41 75 its

141 562 71 75 way
224 562 10 75 ;
253 562 76 75 then
342 562 116 75 palling
470 562 142 75 through
626 562 55 75 the
693 562 155 75 pronator
859 562 80 75 radii
952 562 84 75 teres
1054 562 131 75 mufcle,

140 609 27 75 it
183 609 88 75 gives
285 609 112 75 nerves
414 609 35 75 to
467 609 54 75 the
535 609 134 75 mufcles
685 609 42 75 on
744 609 56 75 the
813 609 159 75 fore-part
984 609 40 75 of
1031 609 55 75 the
1099 609 85 75 fore-

141 655 80 75 arm,
247 655 64 75 and
325 655 166 75 continues
507 655 42 75 its
567 655 110 75 courfe
694 655 75 75 near
786 655 35 75 to
839 655 55 75 the
911 655 121 75 radius,
1048 655 136 75 bellow-

139 702 56 75 ing
219 702 156 75 branches
400 702 42 75 on
466 702 57 75 the
550 702 229 75 circumjacent
806 702 147 75 mufcles.
1008 702 91 75 Near
1128 702 57 75 the

140 748 99 75 Wrill,
265 748 28 75 it
315 748 182 75 fometimes
514 748 89 75 gives
620 748 52 75 oflf
691 748 18 75 a
725 748 109 75 nerve,
859 748 107 75 which
982 748 28 75 is
1035 748 149 75 dillribu-

139 797 58 75 ted
213 797 35 75 to
264 797 55 75 the
335 797 83 75 back
434 797 40 75 of
493 797 56 75 the
565 797 100 75 hand,
691 797 64 75 and
770 797 56 75 the
844 797 126 75 convex
986 797 72 75 part
1070 797 41 75 of
1128 797 55 75 the

140 843 129 75 thumb,
294 843 64 75 and
370 843 120 75 feveral
507 843 40 75 of
565 843 57 75 the
638 843 130 75 fingers,
792 843 120 75 inftead
930 843 40 75 of
990 843 56 75 the
1062 843 122 75 branch

142 891 40 75 of
201 891 56 75 the
274 891 169 75 mufcular.
491 891 79 75 The
586 891 105 75 larger
704 891 73 75 part
793 891 41 75 of
852 891 65 75 this
934 891 109 75 nerve,
1067 891 117 75 palling

142 937 120 75 behind
278 937 56 75 the
351 937 133 75 annular
500 937 153 75 ligament
670 937 40 75 of
729 937 57 75 the
799 937 96 75 wrill,
921 937 88 75 gives
1021 937 111 75 nerves
1149 937 37 75 to

142 985 57 75 the
216 985 85 75 Ihort
317 985 134 75 mufcles
473 985 40 75 of
532 985 56 75 the
609 985 137 75 thumb;
773 985 64 75 and
852 985 190 75 afterwards
1058 985 92 75 fends
1168 985 19 75 a

142 1031 122 75 branch
280 1031 96 75 along
391 1031 80 75 each
488 1031 63 75 fide
576 1031 40 75 of
635 1031 57 75 the
717 1031 109 75 Iheath
850 1031 40 75 of
910 1031 57 75 the
990 1031 136 75 tendons
1151 1031 41 75 of

144 1079 58 75 the
230 1079 120 75 flexors
379 1079 41 75 of
439 1079 56 75 the
522 1079 128 75 thumb,
676 1079 201 75 fore-finger,
902 1079 197 75 mid-finger,
1125 1079 63 75 and

144 1125 61 75 one
221 1125 122 75 branch
369 1125 35 75 to
430 1125 56 75 the
509 1125 64 75 fide
599 1125 40 75 of
659 1125 56 75 the
740 1125 203 75 ring-finger,
968 1125 81 75 next
1073 1125 35 75 to
1133 1125 56 75 the

143 1172 122 75 middle
293 1172 75 75 one,
400 1172 36 75 to
463 1172 41 75 be
531 1172 60 75 loll
620 1172 42 75 on
689 1172 57 75 the
774 1172 139 75 concave
940 1172 64 75 fide
1031 1172 41 75 of
1096 1172 91 75 thofe

141 1218 132 75 fingers.

192 1264 147 75 Though
356 1264 57 75 the
437 1264 103 75 radial
565 1264 96 75 nerve
685 1264 99 75 pafles
801 1264 141 75 through
961 1264 57 75 the
1035 1264 153 75 pronator

144 1312 131 75 tpufcle,
294 1312 63 75 and
368 1312 56 75 the
436 1312 157 75 mufcular
610 1312 96 75 nerve
722 1312 101 75 feems
840 1312 35 75 to
892 1312 40 75 be
948 1312 62 75 Hill
1026 1312 89 75 more
1127 1312 58 75 un-

143 1359 193 75 favourably
355 1359 113 75 placed
492 1359 114 75 within
630 1359 57 75 the
710 1359 162 75 fupinator
897 1359 127 75 brevis;
1051 1359 54 75 yet
1129 1359 77 75 the.

145 1406 103 75 adtion
265 1406 39 75 of
324 1406 89 75 thefe
428 1406 134 75 mufcles
580 1406 43 75 do
641 1406 57 75 not
721 1406 84 75 feem
822 1406 35 75 to
873 1406 81 75 have
972 1406 62 75 any
1050 1406 93 75 effedt
1153 1406 34 75 in

146 1453 170 75 hindering
332 1453 55 75 the
404 1453 156 75 influence
575 1453 40 75 of
626 1453 87 75 thefe
731 1453 124 75 nerves,
881 1453 51 75 for
948 1453 57 75 the
1021 1453 116 75 fingers
1150 1453 38 75 or

145 1501 88 75 hand
250 1501 58 75 can
326 1501 40 75 be
382 1501 126 75 bended
525 1501 97 75 while
638 1501 170 75 pronation
831 1501 27 75 is
883 1501 198 75 performing
1096 1501 92 75 vigo-

145 1548 118 75 roufly,
289 1548 65 75 and
368 1548 80 75 they
465 1548 59 75 can
541 1548 41 75 be
599 1548 164 75 extended
780 1548 96 75 while
892 1548 179 75 fupination
1086 1548 27 75 is
1130 1548 58 75 ex-

145 1595 135 75 ercifed.

193 1640 78 75 The
287 1640 132 75 manner
441 1640 42 75 of
502 1640 57 75 the
582 1640 98 75 going
704 1640 52 75 olf
775 1640 40 75 of
834 1640 88 75 thefe
937 1640 112 75 nerves
1073 1640 41 75 of
1132 1640 56 75 the

146 1688 130 75 fingers,
301 1688 82 75 both
398 1688 87 75 from
496 1688 56 75 the
569 1688 91 75 ulnar
677 1688 63 75 and
756 1688 114 75 radial,
895 1688 41 75 is,
960 1688 72 75 that
1051 1688 20 75 a
1092 1688 97 75 fingle

146 1734 122 75 branch
285 1734 27 75 is
328 1734 68 75 fent
412 1734 87 75 from
515 1734 56 75 the
594 1734 98 75 trunk
714 1734 36 75 to
766 1734 56 75 the
846 1734 64 75 fide
935 1734 39 75 of
995 1734 56 75 the
1073 1734 114 75 thumb

149 1783 64 75 and
229 1783 84 75 little
325 1783 113 75 finger,
462 1783 135 75 farthell
613 1783 86 75 from
715 1783 57 75 the
788 1783 95 75 other
899 1783 138 75 fingers;
1063 1783 63 75 and
1146 1783 43 75 all

147 1830 57 75 the
221 1830 60 75 reft
297 1830 54 75 are
369 1830 145 75 fupplied
530 1830 45 75 by
598 1830 20 75 a
633 1830 99 75 trunk
746 1830 39 75 of
805 1830 20 75 a
835 1830 109 75 nerve,
969 1830 107 75 which
1099 1830 89 75 fplits

144 1876 74 75 into
234 1876 68 75 two
324 1876 86 75 fome
427 1876 73 75 way
515 1876 113 75 before
644 1876 26 75 it
687 1876 106 75 comes
818 1876 34 75 as
877 1876 51 75 far
952 1876 34 75 as
1003 1876 56 75 the
1075 1876 63 75 end
1154 1876 41 75 of

148 1924 56 75 the
220 1924 214 75 metacarpus,
458 1924 36 75 to
511 1924 60 75 run
594 1924 96 75 along
714 1924 56 75 the
794 1924 80 75 fides
899 1924 41 75 of
958 1924 150 75 different
1129 1924 59 75 fin-

147 1970 73 75 gers
234 1970 73 75 that
323 1970 54 75 are
392 1970 121 75 neareft
529 1970 37 75 to
581 1970 79 75 each
676 1970 108 75 other.

197 2016 32 75 It
246 2016 104 75 might
366 2016 82 75 have
469 2016 81 75 been
575 2016 167 75 obferved,
766 2016 84 75 that,
875 2016 34 75 in
930 2016 180 75 defcribing
1133 2016 56 75 the

148 2063 156 75 pofterior
326 2063 157 75 branches
500 2063 41 75 of
559 2063 56 75 the
630 2063 92 75 ulnar
740 2063 63 75 and
827 2063 156 75 mufcular
1006 2063 108 75 nerve,
1139 2063 50 75 we

151 2111 58 75 did
225 2111 57 75 not
293 2111 141 75 mention
452 2111 54 75 the
523 2111 172 75 particular
707 2111 129 75 fingers,
861 2111 36 75 to
908 2111 56 75 the
976 2111 126 75 convex
1118 2111 73 75 pa,rt

152 2158 41 75 of
212 2158 108 75 which
336 2158 79 75 they
432 2158 54 75 are
502 2158 201 75 diftributed.
751 2158 78 75 The
842 2158 109 75 reafon
968 2158 40 75 of
1020 2158 63 75 this
1096 2158 94 75 omif-

153 2204 66 75 fion
236 2204 40 75 is,
301 2204 56 75 the
373 2204 202 75 uncertainty
588 2204 36 75 of
646 2204 85 75 their
747 2204 223 75 dillribution;
998 2204 50 75 for
1065 2204 126 75 though

152 2250 182 75 fometimes
351 2250 87 75 thefe
454 2250 154 75 pofterior
624 2250 156 75 branches
797 2250 42 75 go
850 2250 36 75 to
899 2250 55 75 the
966 2250 83 75 fame
1060 2250 131 75 fingers,

151 2298 37 75 to
204 2298 56 75 the
272 2298 139 75 concave
422 2298 72 75 part
511 2298 39 75 of
569 2298 107 75 which
689 2298 56 75 the
757 2298 141 75 anterior
913 2298 154 75 branches
1085 2298 39 75 of
1136 2298 56 75 the

151 2344 94 75 ulnar
262 2344 63 75 and
336 2344 101 75 radial
454 2344 54 75 are
528 2344 81 75 fent,
635 2344 55 75 yet
707 2344 188 75 frequently
911 2344 78 75 they
1013 2344 54 75 are
1089 2344 103 75 diftri-

151 2391 103 75 buted
269 2391 181 75 otherwife.

200 2438 78 75 The
302 2438 149 75 fituation
476 2438 41 75 of
536 2438 88 75 thefe
648 2438 144 75 brachial
816 2438 112 75 nerves
945 2438 33 75 in
1001 2438 57 75 the
1081 2438 111 75 axilla,

155 2486 75 75 may
253 2486 47 75 let
322 2486 38 75 us
388 2486 50 75 fee
466 2486 76 75 how
565 2486 19 75 a
609 2486 162 75 weakncfs
800 2486 63 75 and
888 2486 137 75 atrophy
1052 2486 76 75 may
1154 2486 41 75 be

154 2531 143 75 brought
325 2531 42 75 on
394 2531 56 75 the
474 2531 83 75 arms
582 2531 45 75 by
649 2531 20 75 a
695 2531 77 75 long
796 2531 174 75 continued
992 2531 139 75 prelfure
1159 2531 41 75 of

155 2578 163 75 crutches,
338 2578 44 75 t>r
405 2578 77 75 fuch
507 2578 94 75 other
628 2578 84 75 hard
735 2578 180 75 fubftances
938 2578 41 75 on
1007 2578 66 75 this
1097 2578 95 75 part;

156 2626 64 75 and
243 2626 55 75 the
316 2626 110 75 courfe
443 2626 40 75 of
503 2626 90 75 them
609 2626 84 75 from
710 2626 58 75 the
790 2626 82 75 neck
887 2626 38 75 fo
941 2626 56 75 the
1014 2626 81 75 arm,
1120 2626 75 75 may

155 2673 94 75 teach
266 2673 50 75 us,
340 2673 75 75 how
432 2673 96 75 much
544 2673 105 75 better
669 2673 110 75 effeds
798 2673 213 75 veficatories,
1036 2673 38 75 or
1086 2673 108 75 ftimu-

159 2719 102 75 lating
278 2719 136 75 nervous
432 2719 185 75 medicines,
640 2719 110 75 would
773 2719 94 75 have,
892 2719 92 75 when
1010 2719 125 75 applied
1159 2719 36 75 to

157 2766 57 75 the
230 2766 82 75 Ikin,
337 2766 150 75 covering
503 2766 55 75 the
582 2766 174 75 tranfverfe
778 2766 155 75 proceffes
958 2766 40 75 of
1016 2766 56 75 the
1088 2766 106 75 verte-

156 2814 66 75 brae
240 2814 39 75 of
297 2814 56 75 the
369 2814 94 75 neck,
490 2814 37 75 or
551 2814 34 75 at
609 2814 57 75 the
689 2814 111 75 axilla,
825 2814 80 75 than
927 2814 94 75 when
1046 2814 78 75 they
1142 2814 53 75 are

157 2859 58 75 put
231 2859 146 75 between
394 2859 56 75 the
472 2859 176 75 flioulders,
673 2859 37 75 or
726 2859 85 75 upon
828 2859 56 75 the
901 2859 97 75 fpinal
1021 2859 173 75 proceffes,

156 2905 34 75 in
218 2905 196 75 convulfions
442 2905 38 75 or
507 2905 110 75 palfies
644 2905 41 75 of
719 2905 55 75 the
806 2905 142 75 fuperior
978 2905 216 75 extremities,

158 2952 109 75 where
284 2952 19 75 a
319 2952 142 75 ftimulus
478 2952 26 75 is
522 2952 162 75 required.

204 2998 77 75 The
296 2998 168 75 Twelve
483 2998 164 75 Dorsal
670 2998 111 75 nerves
805 2998 40 75 of
863 2998 79 75 each
959 2998 77 75 fide,
1061 2998 34 75 as
1115 2998 79 75 foon

158 3047 34 75 as
206 3047 78 75 they
299 3047 108 75 efcape
422 3047 86 75 from
522 3047 146 75 between
684 3047 56 75 the
752 3047 167 75 vertebrae,
943 3047 78 75 fend
1037 3047 19 75 a
1070 3047 122 75 branch

1328 160 40 75 O
1487 160 49 75 M
1653 160 54 75 Y.

2089 160 101 75 Part
2209 160 53 75 V.

1226 222 144 75 forward
1391 222 37 75 to
1441 222 71 75 join
1527 222 56 75 the
1605 222 195 75 intercoftal,
1825 222 46 75 by
1892 222 109 75 which
2018 222 19 75 a
2052 222 215 75 communica-

1226 269 69 75 tion
1321 269 27 75 is
1376 269 94 75 made
1495 269 117 75 among
1636 269 89 75 them
1751 269 65 75 all;
1842 269 63 75 and
1929 269 78 75 they
2028 269 78 75 foon
2128 269 140 75 likewife

1229 316 72 75 give
1325 316 155 75 branches
1505 316 250 75 backwards-to
1778 316 57 75 the
1857 316 134 75 mufcles
2016 316 71 75 that
2109 316 79 75 raife
2212 316 56 75 the

1229 363 97 75 trunk
1343 363 39 75 of
1401 363 57 75 the
1473 363 102 75 body,
1600 363 85 75 their
1700 363 155 75 principal
1871 363 97 75 trunk
1990 363 95 75 being
2106 363 163 75 extended

1231 411 175 75 outwards,
1432 411 36 75 to
1487 411 91 75 come
1594 411 33 75 at
1643 411 56 75 the
1723 411 124 75 furrow
1869 411 33 75 in
1924 411 57 75 the
2005 411 102 75 lower
2130 411 80 75 edge
2234 411 41 75 of

1231 461 79 75 each
1326 461 62 75 rib,
1413 461 33 75 in
1463 461 108 75 which
1586 461 79 75 they
1681 461 61 75 run
1757 461 124 75 toward
1904 461 56 75 the
1982 461 141 75 anterior
2147 461 72 75 part
2235 461 41 75 of

1232 504 56 75 the
1305 504 133 75 thorax,
1463 504 145 75 between
1624 504 56 75 the
1696 504 140 75 internal'
1849 504 62 75 and
1927 504 147 75 external
2090 504 181 75 intercoftal

1232 552 148 75 mufcles,
1407 552 108 75 giving
1532 552 51 75 off
1601 552 156 75 branches
1774 552 32 75 in
1824 552 84 75 their
1924 552 109 75 courfe
2056 552 36 75 to
2114 552 56 75 the
2187 552 82 75 muf-

1234 600 63 75 cles
1309 600 62 75 and
1389 600 180 75 teguments
1586 600 40 75 of
1645 600 56 75 the
1718 600 132 75 thorax.

1280 647 77 75 The
1373 647 122 75 First
1513 647 119 75 dorfal,
1658 647 34 75 as
1709 647 65 75 was
1791 647 131 75 already
1938 647 165 75 obferved,
2128 647 27 75 is
2171 647 99 75 parti-

1234 694 88 75 cular
1345 694 33 75 in
1404 694 78 75 this,
1515 694 73 75 that
1609 694 26 75 it
1659 694 196 75 contributes
1880 694 36 75 to
1939 694 86 75 form
2048 694 56 75 the
2127 694 145 75 brachial

1233 742 134 75 nerves;
1395 742 63 75 and
1485 742 72 75 that
1580 742 56 75 the
1660 742 67 75 two
1727 774 20 49 x
1747 742 158 75 branches
1934 742 40 75 of
1994 742 55 75 the
2076 742 194 75 intercoftal,

1233 788 107 75 which
1364 788 91 75 come
1480 788 98 75 down
1602 788 35 75 to
1661 788 56 75 the
1744 788 133 75 thorax,
1902 788 85 75 form
2012 788 20 75 a
2057 788 216 75 confiderable

1232 835 150 75 ganglion
1398 835 80 75 with
1493 835 39 75 it,

1279 882 77 75 The
1373 882 71 75 Six
1460 882 101 75 lower
1576 882 106 75 dorfal
1698 882 113 75 nerves
1827 882 72 75 give
1914 882 156 75 branches
2088 882 35 75 to
2135 882 56 75 the
2203 882 68 75 dia-

1234 929 135 75 phragm
1385 929 63 75 and
1464 929 181 75 abdominal
1662 929 147 75 mufcles.

1282 977 77 75 The
1372 977 197 75 Twelfth
1593 977 87 75 joins
1706 977 81 75 with
1805 977 57 75 the
1887 977 65 75 firft
1967 977 138 75 lumbar,
2130 977 64 75 and
2215 977 56 75 ho-

1234 1024 93 75 llows
1344 1024 112 75 nerves
1479 1024 51 75 on-
1544 1024 56 75 the
1622 1024 161 75 mufculus
1807 1024 176 75 quadfatus
2007 1024 183 75 lumborum
2210 1024 63 75 and

1234 1070 111 75 iliacus
1361 1070 157 75 inter-nus.

1282 1118 49 75 As
1341 1118 56 75 the
1408 1118 181 75 intercoftal
1601 1118 26 75 is
1640 1118 105 75 larger
1756 1118 34 75 in
1803 1118 55 75 the
1870 1118 120 75 thorax
2001 1118 78 75 than
2092 1118 62 75 any
2165 1118 109 75 where

1235 1164 75 75 elfe,
1337 1164 63 75 and
1415 1164 99 75 feems
1531 1164 36 75 to
1589 1164 145 75 diminiih
1758 1164 167 75 gradually
1950 1164 33 75 as
2007 1164 26 75 it
2056 1164 129 75 afcends
2210 1164 63 75 and

1234 1211 167 75 defcends,
1425 1211 94 75 there
1534 1211 26 75 is
1578 1211 92 75 caufe
1693 1211 35 75 to
1743 1211 119 75 fufpeft
1878 1211 71 75 that
1963 1211 65 75 this
2053 1211 27 75 is
2103 1211 55 75 the
2174 1211 99 75 trunk

1235 1258 85 75 from
1345 1258 107 75 which
1476 1258 57 75 the
1556 1258 142 75 fuperior
1722 1258 64 75 and
1807 1258 135 75 inferior
1965 1258 85 75 pairs
2075 1258 54 75 are
2153 1258 69 75 fent
2238 1258 35 75 as

1234 1305 169 75 branches.

1281 1352 77 75 The
1378 1352 95 75 Five
1492 1352 169 75 Lumbar
1680 1352 112 75 nerves
1809 1352 41 75 on
1867 1352 78 75 each
1964 1352 65 75 fide
2041 1352 234 75 communicate

1234 1398 80 75 with
1346 1398 55 75 the
1434 1398 179 75 intercoftal
1640 1398 64 75 and
1735 1398 80 75 with
1848 1398 79 75 each
1959 1398 107 75 other,
2108 1398 63 75 and
2202 1398 73 75 give

1236 1446 155 75 branches
1414 1446 188 75 backwards
1628 1446 35 75 to
1688 1446 56 75 the
1767 1446 96 75 loins.

1282 1493 78 75 The
1377 1493 120 75 First
1517 1493 248 75 communicates
1789 1493 79 75 with
1894 1493 55 75 the
1966 1493 58 75 laft
2039 1493 118 75 dorfal,
2182 1493 92 75 fends

1234 1540 157 75 branches
1408 1540 35 75 to
1459 1540 57 75 the
1533 1540 182 75 abdominal
1731 1540 146 75 mufcles,
1901 1540 35 75 to
1953 1540 56 75 the
2021 1540 91 75 pfoas
2125 1540 62 75 and
2202 1540 72 75 ilia-

1236 1587 69 75 cus,
1331 1587 65 75 and
1417 1587 36 75 to
1476 1587 56 75 the
1548 1587 181 75 teguments
1746 1587 62 75 and
1825 1587 133 75 mufcles
1983 1587 41 75 on
2042 1587 55 75 the
2114 1587 159 75 fore-part

1238 1634 40 75 of
1296 1634 56 75 the
1368 1634 116 75 thigh;
1496 1634 111 75 "while
1623 1634 42 75 its
1683 1634 156 75 principal
1862 1634 120 75 branch
2003 1634 87 75 joins
2114 1634 80 75 with
2217 1634 56 75 the

1238 1682 94 75 other
1348 1682 126 75 nerves,
1499 1682 35 75 to
1551 1682 85 75 form
1652 1682 56 75 the
1720 1682 106 75 crural
1841 1682 110 75 nerve.

1283 1729 78 75 The
1382 1729 153 75 Second
1555 1729 169 75 Lumbar
1742 1729 96 75 nerve
1851 1729 98 75 paffes
1961 1729 143 75 through
2117 1729 54 75 the
2183 1729 92 75 pfoas

1237 1776 130 75 mufcle,
1392 1776 63 75 and
1470 1776 26 75 is
1513 1776 189 75 diftributed
1717 1776 111 75 nearly
1843 1776 33 75 in
1893 1776 55 75 the
1963 1776 84 75 fame
2071 1776 73 75 way
2160 1776 34 75 as
2218 1776 57 75 the

1236 1822 142 75 former:
1406 1822 34 75 as
1455 1822 27 75 is
1499 1822 65 75 alfo
1575 1822 56 75 the
1646 1822 61 75 Th
1715 1822 11 75 1
1734 1822 63 75 rd.

1284 1868 165 75 Branches
1465 1868 42 75 of
1524 1868 57 75 the
1593 1868 133 75 fecend,
1751 1868 103 75 third,
1879 1868 66 75 and
1957 1868 135 75 fourth,
2121 1868 94 75 make
2232 1868 43 75 up

1237 1916 60 75 one
1309 1916 110 75 trunk,
1444 1916 106 75 which
1567 1916 76 75 runs
1660 1916 98 75 along
1774 1916 55 75 the
1845 1916 159 75 fore-part
2021 1916 41 75 of
2079 1916 55 75 the
2150 1916 122 75 pelvis;

1237 1962 75 75 and,
1337 1962 116 75 palling
1475 1962 33 75 in
1523 1962 56 75 the
1602 1962 99 75 notch
1726 1962 34 75 at
1781 1962 57 75 the
1861 1962 160 75 fore-part
2044 1962 41 75 of
2103 1962 55 75 the
2182 1962 92 75 great

1236 2009 76 75 hole
1328 2009 148 75 common
1492 2009 36 75 to
1540 2009 56 75 the
1612 2009 36 75 os
1664 2009 92 75 pubis
1773 2009 63 75 and
1852 2009 145 75 ifchium,
2016 2009 27 75 is
2054 2009 91 75 fpent
2159 2009 41 75 on
2218 2009 56 75 the

1239 2055 153 75 addu&or
1407 2055 148 75 mufcles,
1580 2055 64 75 and
1665 2055 42 75 on
1724 2055 55 75 the
1795 2055 182 75 teguments
1993 2055 42 75 on
2052 2055 57 75 the
2124 2055 98 75 infide
2238 2055 41 75 of

1239 2102 54 75 the
1310 2102 106 75 thigh.
1465 2102 86 75 This
1576 2102 96 75 nerve
1696 2102 26 75 is
1747 2102 106 75 called
1868 2102 56 75 the
1948 2102 264 75 Obturator,
2237 2102 38 75 or

1238 2150 229 75 Posterior
1485 2150 164 75 Crural
1666 2150 152 75 Nerve.

1287 2199 52 75 By
1355 2199 113 75 united
1482 2199 157 75 branches
1651 2199 85 75 from
1753 2199 57 75 the
1814 2199 98 75 jfr/?,
1927 2199 132 75 fecond,
2084 2199 103 75 third,
2212 2199 65 75 and

1229 2245 122 75 fourth
1367 2245 125 75 lumbkr
1507 2245 126 75 nerves,
1659 2245 18 75 a
1693 2245 96 75 nerve
1805 2245 26 75 is
1851 2245 126 75 formed
2000 2245 72 75 that
2088 2245 75 75 runs
2180 2245 97 75 along

1240 2292 56 75 the
1313 2292 90 75 pfoas
1416 2292 129 75 mufcle,
1572 2292 34 75 iO
1617 2292 109 75 efcape
1742 2292 79 75 with
1838 2292 56 75 the
1913 2292 146 75 external
2075 2292 74 75 iliac
2165 2292 110 75 veffels

1242 2339 57 75 out
1315 2339 42 75 of
1375 2339 56 75 the
1448 2339 171 75 abdomen,
1644 2339 106 75 below
1772 2339 57 75 the
1844 2339 169 75 tendinous
2030 2339 114 75 arcade
2161 2339 41 75 of
2219 2339 57 75 the

1242 2386 147 75 external
1415 2386 132 75 oblique
1569 2386 132 75 mufcle.
1747 2386 86 75 This
1857 2386 109 75 nerve,
1990 2386 107 75 which
2118 2386 28 75 is
2162 2386 116 75 named

1244 2435 56 75 the
1325 2435 210 75 Anterior
1561 2435 178 75 Crural,
1763 2435 27 75 is
1814 2435 191 75 diftrihuted
2027 2435 190 75 principally
2240 2435 35 75 to

1242 2481 57 75 the
1310 2481 132 75 mufcles
1459 2481 62 75 and
1539 2481 181 75 teguments
1733 2481 41 75 on
1790 2481 56 75 the
1864 2481 160 75 fore-part
2039 2481 41 75 of
2097 2481 55 75 the
2168 2481 108 75 thigh.

1243 2529 35 75 A
1300 2529 133 75 branch,
1456 2529 165 75 however,
1645 2529 41 75 of
1704 2529 64 75 this
1784 2529 98 75 nerve
1897 2529 75 75 runs
1988 2529 97 75 down
2101 2529 56 75 the
2178 2529 99 75 infide

1244 2575 41 75 of
1304 2575 56 75 the
1377 2575 52 75 leg
1445 2575 36 75 to
1498 2575 55 75 the
1568 2575 100 75 upper
1679 2575 73 75 part
1767 2575 44 75 of
1820 2575 55 75 the
1892 2575 83 75 foot,
1997 2575 137 75 keeping
2150 2575 76 75 near
2242 2575 36 75 to

1244 2621 55 75 the
1318 2621 82 75 vena
1418 2621 170 75 faphsena;
1612 2621 33 75 in
1658 2621 137 75 opening
1810 2621 42 75 of
1869 2621 107 75 which
1991 2621 80 75 with
2089 2621 19 75 a
2122 2621 104 75 lancet
2242 2621 34 75 at

1244 2669 55 75 the
1325 2669 107 75 ankle,
1456 2669 57 75 the
1536 2669 97 75 nerve
1657 2669 26 75 is
1708 2669 181 75 fometimes
1913 2669 89 75 hurt,
2033 2669 63 75 and
2120 2669 157 75 occafions

1242 2714 89 75 fharp
1356 2714 72 75 pain
1453 2714 34 75 at
1510 2714 57 75 the
1590 2714 78 75 time
1692 2714 39 75 of
1750 2714 56 75 the
1829 2714 178 75 operation,
2031 2714 64 75 and
2110 2714 168 75 numbnefs

1239 2762 202 75 afterwards.

1289 2810 78 75 The
1394 2810 121 75 Sixth
1550 2810 98 75 Pair
1676 2810 40 75 of
1740 2810 56 75 the
1819 2810 78 75 falfe
1919 2810 224 75 Vertebrae
2167 2810 110 75 confift

1242 2856 77 75 each
1337 2856 40 75 of
1395 2856 90 75 fmall
1501 2856 153 75 pofterior
1666 2856 169 75 branches,
1857 2856 70 75 fent
1942 2856 37 75 to
1991 2856 54 75 the
2055 2856 85 75 hips,
2165 2856 64 75 and
2239 2856 41 75 of

1239 2904 89 75 large
1344 2904 140 75 anterior
1500 2904 167 75 branches.

1288 2951 78 75 The
1380 2951 89 75 firf,
1485 2951 131 75 fecond,
1642 2951 63 75 and
1733 2951 103 75 third,
1866 2951 86 75 after
1978 2951 127 75 coming
2131 2951 143 75 through

1241 2998 56 75 the
1313 2998 92 75 three
1421 2998 100 75 upper
1536 2998 90 75 holes
1644 2998 32 75 in
1693 2998 56 75 the
1764 2998 159 75 fore-part
1939 2998 42 75 of
1998 2998 56 75 the
2078 2998 36 75 os
2138 2998 134 75 facrum,

1238 3046 71 75 join
1324 3046 151 75 together
1489 3046 80 75 with
1593 3046 56 75 the
1672 3046 113 75 fourth
1809 3046 63 75 and
1895 3046 73 75 fifth
1991 3046 40 75 of
2047 3046 56 75 the
2116 3046 96 75 loins,
2236 3046 39 75 to

2182 3085 89 75 form
