2396 3377
589 141 40 75 A

777 141 35 75 L

959 141 42 75 G

95 217 41 75 of
147 217 62 75 the
219 217 175 75 propofed'
394 217 171 75 equation;
591 217 39 75 of
646 217 19 75 a
680 217 134 75 number
829 217 73 75 that
918 217 140 75 exceeds
1075 217 56 75 the

95 261 135 75 greateft
248 261 129 75 pofitive
394 261 86 75 root.

142 307 36 75 If
191 307 55 75 the
262 307 84 75 limit
365 307 42 75 of
417 307 55 75 the
489 307 150 75 negative
654 307 90 75 roots
758 307 29 75 is
805 307 161 75 required,
980 307 65 75 you
1056 307 76 75 may

94 355 63 75 (by
170 355 93 75 chap.
276 355 72 75 16.)
363 355 121 75 change
497 355 55 75 the
564 355 147 75 negative
722 355 69 75 into
806 355 131 75 pofitive
950 355 100 75 roots,
1069 355 63 75 and

93 401 78 75 then
188 401 138 75 proceed
339 401 33 75 as
389 401 110 75 before
516 401 35 75 to
567 401 67 75 find
649 401 85 75 their
752 401 111 75 limits.
896 401 109 75 Thus,
1026 401 33 75 in
1075 401 56 75 the

92 446 161 75 example,
279 446 65 75 you
356 446 66 75 will
438 446 78 75 find,
535 446 70 75 that
620 446 59 75 —3
699 446 26 75 is
742 446 57 75 the
810 446 83 75 limit
909 446 41 75 of
961 446 55 75 the
1034 446 96 75 nega-

93 494 65 75 tive
175 494 101 75 roots.
319 494 46 75 So
381 494 72 75 that
469 494 56 75 the
541 494 63 75 five
619 494 88 75 roots
730 494 40 75 of
787 494 56 75 the
859 494 157 75 propofed
1031 494 98 75 equa-

92 539 69 75 tion
179 539 53 75 are
250 539 139 75 betwixt
404 539 68 75 —3
493 539 63 75 and
580 539 73 75 -f-2.

140 584 131 75 Having
288 584 102 75 found
413 584 56 75 the
494 584 83 75 limit
593 584 72 75 that
680 584 151 75 furpafies
847 584 56 75 the
920 584 135 75 greatefl:
1072 584 57 75 po-

93 632 88 75 fitive
199 632 85 75 root,
309 632 63 75 call
388 632 26 75 it
523 632 79 75 And
618 632 30 75 if
660 632 64 75 you
741 632 116 75 afiiime
867 632 174 75 y—m—x,
1066 632 64 75 and

94 677 53 75 for
164 677 20 75 x
200 677 163 75 fubftitute
381 677 107 75 m—y,
513 677 56 75 the
595 677 152 75 equation
774 677 71 75 that
873 677 66 75 will
968 677 78 75 arife
1062 677 67 75 will

94 725 81 75 have
192 725 43 75 all
252 725 41 75 its
310 725 89 75 roots
416 725 151 75 pofitive;
601 725 131 75 becaufe
749 725 32 75 m
797 725 26 75 is
840 725 155 75 fuppofed
1011 725 35 75 to
1061 725 67 75 fur-

93 771 70 75 pafs
176 771 42 75 all
231 771 55 75 the
299 771 108 75 values
420 771 41 75 of
472 771 32 75 x,
522 771 63 75 and
597 771 229 75 confequently
840 771 97 75 m—x
952 771 82 75 (==y)
1049 771 81 75 muft

93 817 120 75 always
230 817 40 75 be
287 817 200 75 affirmative.
535 817 90 75 And,
654 817 44 75 by
713 817 65 75 this
803 817 120 75 mekns,
953 817 62 75 any
1031 817 98 75 equa-

92 863 69 75 tisn
177 863 69 75 may
264 863 35 75 be
315 863 145 75 changed
474 863 70 75 into
560 863 57 75 one
633 863 75 75 that
714 863 97 75 Jhall
823 863 83 75 have
920 863 53 75 all
983 863 44 75 its
1045 863 84 75 roots

92 909 208 75 affirmative.

141 955 65 75 Or,
230 955 31 75 if
272 955 70 75 —n
359 955 159 75 reprefent
534 955 57 75 the
606 955 84 75 limit
718 955 40 75 of
782 955 55 75 the
857 955 147 75 negative
1025 955 103 75 roots,

93 1001 79 75 then
187 1001 45 75 by
248 1001 152 75 afiuming

580 1001 56 75 the
654 1001 156 75 propyofed
826 1001 150 75 equation
994 1001 78 75 ffiall
1089 1001 40 75 be

93 1047 218 75 transformed
331 1047 69 75 into
416 1047 60 75 one
493 1047 72 75 that
580 1047 78 75 ffiall
673 1047 80 75 have
770 1047 43 75 all
829 1047 41 75 its
887 1047 89 75 roots
993 1047 136 75 affirma-

94 1094 67 75 tive
171 1094 9 75 ;
200 1094 52 75 for
269 1094 61 75 +«
344 1094 96 75 being
457 1094 126 75 greater
600 1094 77 75 than
693 1094 64 75 any
771 1094 148 75 negative
935 1094 93 75 value
1044 1094 41 75 of
1096 1094 33 75 x,

94 1140 27 75 it
136 1140 142 75 follows,
304 1140 214 75 that/=x-f-»
534 1140 80 75 mud
630 1140 40 75 be
686 1140 30 75 al
723 1140 81 75 ways
822 1140 142 75 pofitive.

143 1187 67 75 The
226 1187 145 75 greateft
394 1187 151 75 negative
568 1187 171 75 coefficient
766 1187 44 75 of
824 1187 60 75 any
908 1187 153 75 equation
1078 1187 51 75 in-

96 1232 130 75 creafed
240 1232 34 75 by
292 1232 87 75 unit,
403 1232 124 75 always
549 1232 126 75 exceeds
704 1232 53 75 the
769 1232 143 75 greatejl
935 1232 68 75 root
1024 1232 43 75 of
1078 1232 53 75 the

96 1278 164 75 equation.

143 1323 56 75 To
227 1323 211 75 demonftrate
464 1323 79 75 this,
568 1323 46 75 let
641 1323 56 75 the
724 1323 92 75 cubic
844 1323 19 75 x
863 1305 16 49 3
879 1323 254 75 —/>x*—yx—-

97 1371 80 75 rrso
191 1371 40 75 be
247 1371 176 75 propofed;
450 1371 107 75 where
574 1371 42 75 all
632 1371 56 75 the
705 1371 98 75 terms
829 1371 54 75 are
909 1371 147 75 negative
1073 1371 57 75 ex-

96 1414 73 75 cept
186 1414 55 75 the
264 1414 76 75 firft.
390 1414 329 75 Affuming^=x—e,
736 1414 26 75 it
778 1414 67 75 will
862 1414 39 75 be
917 1414 215 75 transformed

96 1462 68 75 into
182 1462 55 75 the
254 1462 170 75 following
440 1462 171 75 equation;

152 1740 48 75 i°.
225 1740 65 75 Let
306 1740 37 75 us
361 1740 130 75 fuppofe
507 1740 72 75 that
595 1740 56 75 the
678 1740 193 75 coefficients
890 1740 36 75 p,
957 1740 30 75 q,
1018 1740 31 75 r,
1077 1740 55 75 are

98 1784 95 75 equal
211 1784 35 75 to
261 1784 77 75 each
355 1784 115 75 other;
498 1784 64 75 and
588 1784 31 75 if
641 1784 66 75 you
734 1784 66 75 alio
829 1784 130 75 fuppofe
985 1784 146 75 e=/>d-i,

99 1832 80 75 then
194 1832 56 75 the
265 1832 58 75 lad
338 1832 154 75 equation
507 1832 147 75 becomes

287 1911 213 75 (B)y}-¥2py
500 1893 17 49 t
517 1911 71 75 +p
588 1893 20 49 z
608 1911 114 75 y+l')

403 1962 73 75 +3J
476 1944 27 49 ,Z
522 1962 98 75 +3^
698 1962 119 75 >=Q;

99 2072 106 75 where
222 2072 42 75 all
281 2072 59 75 the
352 2072 99 75 terms
478 2072 97 75 being
600 2072 143 75 pofitive,
774 2072 27 75 ft
825 2072 127 75 follows
977 2072 71 75 that
1074 2072 57 75 the

99 2119 109 75 values
224 2119 41 75 of
270 2119 23 75 y
311 2119 56 75 are
381 2119 43 75 all
440 2119 159 75 negative,
624 2119 63 75 and
702 2119 71 75 that
790 2119 228 75 confequently
1040 2119 29 75 e,
1094 2119 38 75 or

94 2167 99 75 p-jrl,
217 2167 28 75 is
270 2167 125 75 greater
410 2167 78 75 than
515 2167 59 75 the
588 2167 134 75 greateft
737 2167 94 75 value
847 2167 40 75 of
899 2167 19 75 x
934 2167 33 75 in
984 2167 56 75 the
1056 2167 75 75 pro-

100 2211 96 75 pofed
212 2211 162 75 equation.

150 2260 52 75 2°.
228 2260 38 75 If
278 2260 19 75 q
314 2260 62 75 and
393 2260 19 75 r
426 2260 40 75 be
483 2260 56 75 not
555 2260 67 75 —p,
647 2260 59 75 but
722 2260 60 75 lefs
798 2260 78 75 than
897 2260 45 75 It,
969 2260 62 75 and
1047 2260 52 75 for
1115 2260 16 75 e

98 2304 63 75 you
174 2304 61 75 ftiil
247 2304 250 75 fubftitute/H-i
514 2304 97 75 (fince
623 2304 58 75 the
690 2304 146 75 negative
849 2304 72 75 part
935 2304 188 75 (—qy—qe\

1037 2360 87 75 —H

97 2396 156 75 becomes.
263 2396 73 75 lefs,
352 2396 56 75 the
423 2396 129 75 pofitive
565 2396 174 75 remaining
754 2396 259 75 undiminiffied,)
1033 2396 19 75 a
1055 2396 77 75 for-

102 2442 92 75 tiori,
221 2442 41 75 all
289 2442 56 75 the
362 2442 190 75 coefficients
580 2442 41 75 of
643 2442 55 75 the
724 2442 152 75 equation
906 2442 66 75 (y?)
1002 2442 131 75 become

102 2489 145 75 pofitive.
294 2489 79 75 And
389 2489 55 75 the
460 2489 84 75 fame
560 2489 26 75 is
610 2489 133 75 obvious
761 2489 31 75 if
803 2489 20 75 q
840 2489 62 75 and
920 2489 18 75 r
953 2489 81 75 have
1049 2489 83 75 pofi-

101 2535 64 75 tive
193 2535 93 75 figns,
312 2535 62 75 and
397 2535 57 75 not
477 2535 145 75 negative
649 2535 95 75 figns,
770 2535 34 75 as
821 2535 51 75 we
884 2535 165 75 fuppofed.
1100 2535 33 75 It

101 2580 132 75 appears
261 2580 174 75 therefore,
462 2580 24 75 “
512 2580 75 75 that
610 2580 38 75 if,
673 2580 31 75 in
734 2580 61 75 any
812 2580 92 75 cubic
920 2580 164 75 equation,
1108 2580 25 75 p

102 2627 24 75 “
151 2627 40 75 be
206 2627 56 75 the
278 2627 134 75 greateft
427 2627 144 75 negative
580 2627 193 75 coefficient,
790 2627 76 75 the©
876 2627 82 75 p-\-i
974 2627 158 75 muftfur-

103 2675 26 75 “
151 2675 69 75 pafs
237 2675 56 75 the
309 2675 133 75 greateft
457 2675 92 75 value
565 2675 40 75 of
618 2675 58 75 x.”

150 2720 17 75 3
167 2702 22 49 0
189 2720 14 75 .
227 2720 53 75 By
306 2720 56 75 the
386 2720 86 75 fame
497 2720 165 75 reafoning
685 2720 26 75 it
738 2720 144 75 appears,
907 2720 69 75 that
1004 2720 32 75 if
1057 2720 20 75 q
1093 2720 40 75 be

101 2766 55 75 tire
183 2766 134 75 greateft
344 2766 147 75 negative
520 2766 179 75 coefficient
720 2766 8 75 '
728 2766 38 75 of
788 2766 55 75 the
870 2766 164 75 equation,
1071 2766 62 75 and

100 2808 145 75 e—q-\-\,
270 2808 76 75 then
363 2808 92 75 there
478 2808 67 75 will
570 2808 40 75 be
635 2808 43 75 no
705 2808 160 75 variation
878 2808 41 75 of
930 2808 56 75 the
1002 2808 80 75 figns
1099 2808 33 75 in

101 2859 55 75 the
173 2859 152 75 equation
341 2859 66 75 ofy
457 2859 51 75 for
522 2859 30 75 it
567 2859 131 75 appears
728 2859 83 75 from
840 2859 55 75 the
923 2859 57 75 laft
1007 2859 123 75 article,

100 2903 71 75 that
187 2903 32 75 if
229 2903 40 75 all
288 2903 54 75 the
359 2903 90 75 three
469 2903 50 75 {p,
533 2903 31 75 q,
580 2903 46 75 r,)
645 2903 84 75 were
746 2903 93 75 equal
857 2903 34 75 to
908 2903 60 75 one
985 2903 145 75 another,

100 2950 63 75 and
179 2950 17 75 e
212 2950 93 75 equal
324 2950 34 75 to
375 2950 62 75 any
453 2950 62 75 one
532 2950 40 75 of
592 2950 87 75 them
696 2950 160 75 increafed
872 2950 43 75 by
930 2950 82 75 unit,
1038 2950 33 75 as
1096 2950 36 75 to

99 2997 95 75 f+i,
220 2997 77 75 then
314 2997 42 75 all
374 2997 55 75 the
446 2997 97 75 terms
560 2997 41 75 of
618 2997 57 75 the
703 2997 151 75 equation
872 2997 66 75 (/f)
967 2997 110 75 would
1092 2997 40 75 be

148 3042 97 75 Vol.
263 3042 30 75 I.
317 3042 72 75 No.
410 3042 35 75 J.

1065 3042 17 75 3

1147 138 36 75 E

1327 138 36 75 B

1508 138 37 75 R

1691 138 54 75 A.

2134 138 78 75 169

1179 209 144 75 pofitive.
1372 209 91 75 Now
1475 209 31 75 if
1518 209 17 75 e
1550 209 41 75 be
1607 209 153 75 fuppofed
1775 209 63 75 ftill
1854 209 95 75 equal
1966 209 35 75 to
2018 209 93 75 £-}-f,
2148 209 65 75 and

1174 255 24 75 p
1215 255 63 75 and
1306 255 18 75 r
1348 255 34 75 to
1408 255 40 75 be
1474 255 59 75 lefs
1561 255 79 75 than
1666 255 31 75 q,
1722 255 89 75 then,
1838 255 21 75 a
1875 255 156 75 fortiori,
2055 255 43 75 all
2124 255 88 75 thefe

1180 301 99 75 terms
1295 301 67 75 will
1379 301 39 75 be
1434 301 142 75 pofitive,
1601 301 56 75 the
1674 301 147 75 negative
1836 301 84 75 part,
1945 301 106 75 which
2068 301 143 75 involves

1174 347 21 75 p
1213 347 63 75 and
1295 347 18 75 r
1329 347 93 75 being
1438 347 199 75 diminiffied,
1661 347 96 75 while
1774 347 54 75 the
1845 347 129 75 pofitive
1990 347 71 75 part
2076 347 63 75 and
2154 347 60 75 the

1179 396 148 75 negative
1342 396 163 75 involving
1521 396 20 75 q
1557 396 123 75 remain
1693 396 35 75 as
1744 396 123 75 before.

1226 441 20 75 4
1246 423 19 49 0
1265 441 14 75 .
1305 441 98 75 After
1419 441 54 75 the
1491 441 82 75 fame
1596 441 129 75 manner
1741 441 26 75 it
1782 441 26 75 is
1825 441 246 75 demonftrated,
2097 441 72 75 that
2184 441 32 75 If

1177 487 18 75 r
1211 487 27 75 is
1256 487 55 75 the
1328 487 134 75 greateft
1478 487 46 75 ne'
1524 487 100 75 gative
1641 487 177 75 coefficient
1834 487 33 75 in
1884 487 55 75 the
1955 487 166 75 equation,
2147 487 64 75 and

1176 534 18 75 e
1209 534 26 75 is
1253 534 152 75 fuppofed
1420 534 129 75 =7-4-1,
1574 534 78 75 then
1669 534 41 75 all
1727 534 56 75 the
1800 534 98 75 terms
1921 534 42 75 of
1985 534 56 75 the
2057 534 154 75 equation

1177 580 67 75 (y^)
1262 580 67 75 of7
1346 580 65 75 will
1424 580 40 75 be
1480 580 152 75 pofitive;
1659 580 62 75 and
1737 580 232 75 confequently
1985 580 76 75 r+i
2086 580 66 75 will
2169 580 40 75 be

1176 625 125 75 greater
1323 625 77 75 than
1423 625 61 75 any
1504 625 41 75 of
1556 625 55 75 the
1627 625 107 75 values
1747 625 39 75 of
1798 625 32 75 x.

1222 672 105 75 What
1344 672 47 75 we
1407 672 81 75 have
1512 672 67 75 faid
1595 672 39 75 of
1651 672 56 75 the
1734 672 91 75 cubic
1851 672 152 75 equation
2023 672 183 75 x't—p-ff

1178 720 177 75 qx-~r—o,
1381 720 26 75 is
1425 720 93 75 eafily
1538 720 175 75 applicable
1728 720 37 75 to
1780 720 123 75 others.

1224 765 38 75 In
1282 765 139 75 general,
1447 765 49 75 we
1516 765 167 75 conclude,
1709 765 70 75 that
1796 765 24 75 “
1838 765 55 75 the
1910 765 133 75 greateft
2060 765 148 75 negative

1178 811 23 75 “
1227 811 177 75 coefficient
1420 811 32 75 in
1468 811 62 75 any
1545 811 150 75 equation
1712 811 160 75 increafed
1888 811 44 75 by
1947 811 81 75 unit,
2045 811 26 75 is
2090 811 117 75 always

1177 857 24 75 “
1227 857 19 75 a
1261 857 83 75 limit
1360 857 71 75 that
1447 857 136 75 exceeds
1601 857 42 75 all
1659 857 55 75 the
1730 857 88 75 roots
1837 857 40 75 of
1893 857 70 75 that
1979 857 189 75 equation.”

1223 903 66 75 But
1306 903 25 75 it
1347 903 27 75 is
1391 903 35 75 to
1442 903 39 75 be
1497 903 154 75 obfetved
1678 903 33 75 at
1737 903 57 75 the
1821 903 82 75 fame
1931 903 90 75 time,
2053 903 71 75 that
2151 903 57 75 the

1176 950 135 75 greateft
1339 950 144 75 negative
1514 950 177 75 coefficient
1718 950 162 75 increafed
1902 950 43 75 by
1968 950 80 75 unit,
2074 950 27 75 is
2129 950 79 75 very

1176 995 119 75 feldom
1312 995 55 75 the
1383 995 124 75 neareJl
1523 995 102 75 linM-.
1653 995 73 75 that
1751 995 26 75 is
1804 995 68 75 beft
1892 995 185 75 discovered
2091 995 44 75 by
2151 995 56 75 the

1177 1043 67 75 rule
1261 1043 32 75 in
1314 1043 55 75 the
1390 1043 170 75 beginning
1576 1043 40 75 of
1628 1043 63 75 this
1709 1043 143 75 chapter.

1223 1089 128 75 Having
1367 1089 102 75 (hewn
1492 1089 75 75 how
1590 1089 35 75 to
1653 1089 121 75 change
1794 1089 62 75 any
1875 1089 157 75 propofed
2054 1089 153 75 equation

1175 1136 69 75 into
1260 1136 59 75 one
1335 1136 71 75 that
1422 1136 77 75 ffiall
1516 1136 80 75 have
1613 1136 42 75 all
1672 1136 43 75 its
1731 1136 88 75 roots
1840 1136 207 75 affirmative;
2065 1136 48 75 we
2130 1136 76 75 ffiall

1176 1183 76 75 only
1268 1183 84 75 treat
1364 1183 40 75 of
1415 1183 75 75 fuch
1506 1183 32 75 as
1555 1183 82 75 have
1653 1183 42 75 all
1713 1183 82 75 their
1811 1183 89 75 roots
1913 1183 141 75 pofitive,
2072 1183 31 75 in
2121 1183 87 75 what

1177 1228 133 75 remains
1327 1228 135 75 relating
1478 1228 35 75 to
1529 1228 55 75 the
1602 1228 98 75 limits
1717 1228 41 75 of
1768 1228 179 75 equations.

1223 1280 77 75 Any
1315 1280 76 75 fuch
1408 1280 151 75 equation
1575 1280 75 75 may
1664 1280 41 75 be
1722 1280 199 75 reprefented
1936 1280 43 75 by
1996 1280 84 75 x—a
2089 1280 118 75 Xx—6

1177 1333 139 75 Xx—cX
1329 1333 19 75 x
1356 1333 48 75 —
1412 1333 32 75 d,
1469 1333 62 75 &c.
1548 1333 70 75 =0,
1644 1333 106 75 whofe
1768 1333 87 75 roots
1873 1333 53 75 are
1941 1333 33 75 a,
1989 1333 30 75 b,
2037 1333 28 75 c,
2083 1333 33 75 d.
2141 1333 63 75 See.

1224 1379 77 75 And
1315 1379 40 75 of
1366 1379 43 75 all
1434 1379 75 75 fuch
1537 1379 166 75 equations
1728 1379 65 75 two
1809 1379 98 75 limits
1924 1379 54 75 are
1993 1379 94 75 eafily
2102 1379 103 75 difeo-

1175 1425 98 75 vered
1289 1425 84 75 from
1384 1425 87 75 what
1487 1425 162 75 precedes,
1674 1425 69 75 viz.
1762 1425 34 75 o,
1822 1425 104 75 which
1938 1425 26 75 is
1981 1425 58 75 lefs
2055 1425 76 75 than
2149 1425 57 75 the

1177 1472 88 75 lead,
1291 1472 63 75 and
1369 1472 29 75 e,
1425 1472 102 75 found
1542 1472 34 75 as
1592 1472 140 75 directed
1756 1472 33 75 in
1817 1472 55 75 the
1896 1472 170 75 beginning
2082 1472 40 75 of
2140 1472 65 75 this

1176 1517 143 75 chapter,
1338 1517 104 75 which
1454 1517 149 75 furpaffes
1620 1517 55 75 the
1691 1517 135 75 greateft
1837 1517 74 75 root
1923 1517 39 75 of
1974 1517 54 75 the
2040 1517 164 75 equation.

1224 1564 79 75 But,
1328 1564 117 75 befides
1463 1564 99 75 thefe,
1588 1564 48 75 we
1653 1564 75 75 ffiall
1745 1564 72 75 now
1833 1564 83 75 (hew
1931 1564 75 75 how
2022 1564 30 75 to
2071 1564 78 75 find
2171 1564 32 75 c-

1178 1611 72 75 fher
1269 1611 104 75 limits
1397 1611 133 75 bethuixt
1545 1611 58 75 the
1613 1611 83 75 roots
1714 1611 195 75 thimfeldes.
1957 1611 89 75 And,
2072 1611 52 75 for
2140 1611 64 75 this

1178 1657 146 75 purpofe,
1342 1657 65 75 will
1425 1657 129 75 fuppofe
1573 1657 21 75 a
1611 1657 34 75 to
1658 1657 40 75 be
1710 1657 55 75 the
1782 1657 75 75 leaft
1874 1657 84 75 root,
1984 1657 17 75 b
2018 1657 54 75 the
2089 1657 116 75 fecond

1181 1703 87 75 root,
1293 1703 18 75 c
1326 1703 55 75 the
1398 1703 99 75 third,
1524 1703 73 75 and'
1597 1703 38 75 fo
1652 1703 51 75 on'
1703 1703 12 75 ;
1741 1703 137 75 it.being
1895 1703 167 75 arbitrary.

1223 1749 37 75 If
1272 1749 64 75 you
1351 1749 164 75 fubftitute
1531 1749 23 75 o
1570 1749 33 75 in
1625 1749 89 75 place
1732 1749 40 75 of
1791 1749 55 75 the
1863 1749 161 75 unknown
2041 1749 160 75 quantity,

1176 1795 128 75 putting
1319 1795 89 75 x=o,
1435 1795 58 75 the
1507 1795 147 75 quantity
1670 1795 74 75 that
1757 1795 65 75 will
1839 1795 78 75 arife
1936 1795 85 75 from
2045 1795 70 75 that
2131 1795 71 75 fup-

1177 1842 133 75 pofition
1326 1842 25 75 is
1369 1842 55 75 the
1441 1842 56 75 laft
1511 1842 4 75 .
1524 1842 83 75 term
1629 1842 40 75 of
1687 1842 56 75 the
1771 1842 165 75 equation,
1962 1842 43 75 all
2021 1842 55 75 the
2093 1842 109 75 others

1177 1889 71 75 that
1268 1889 127 75 involve
1414 1889 19 75 x
1457 1889 173 75 vaniffiing.

1224 1936 38 75 If
1279 1936 63 75 you
1359 1936 164 75 fubftitute
1539 1936 51 75 for
1607 1936 19 75 x
1643 1936 19 75 a
1678 1936 147 75 quantity
1851 1936 59 75 lefs
1939 1936 77 75 than
2043 1936 56 75 the
2126 1936 76 75 leaft

1178 1982 73 75 root
1265 1982 34 75 a,
1324 1982 56 75 the
1397 1982 148 75 quantity
1561 1982 151 75 refulting
1732 1982 66 75 will
1820 1982 81 75 have
1917 1982 55 75 the
1987 1982 83 75 fame
2086 1982 66 75 fign
2168 1982 35 75 as

1177 2029 55 75 the
1247 2029 58 75 laft:
1321 2029 102 75 term;
1451 2029 71 75 that
1537 2029 39 75 is,
1602 2029 66 75 will
1695 2029 40 75 be
1762 2029 129 75 pofitive
1916 2029 48 75 or'
1977 2029 145 75 negative
2150 2029 52 75 ac-

1177 2074 132 75 cording
1336 2074 34 75 as
1397 2074 56 75 the
1477 2074 150 75 equation
1643 2074 26 75 is
1687 2074 40 75 of
1738 2074 39 75 an
1793 2074 77 75 even
1887 2074 37 75 or
1940 2074 65 75 odd
2021 2074 132 75 number
2167 2074 42 75 of

1175 2120 200 75 dimenfions.
1425 2120 65 75 For
1506 2120 43 75 all
1566 2120 54 75 the
1639 2120 116 75 faftors
1772 2120 100 75 x—a,
1899 2120 97 75 x—b,
2020 2120 96 75 x—c.
2139 2120 62 75 See.

1177 2167 65 75 will
1259 2167 40 75 be
1314 2167 159 75 negative,
1491 2167 62 75 and
1570 2167 82 75 their
1668 2167 133 75 product
1816 2167 66 75 will
1949 2167 134 75 pofitive
2094 2167 38 75 or
2148 2167 53 75 ne-

1170 2213 115 75 gative
1300 2213 170 75 according
1487 2213 32 75 as
1536 2213 85 75 their
1636 2213 131 75 number
1782 2213 27 75 is
1826 2213 76 75 even
1919 2213 37 75 or
1972 2213 71 75 odd.

1224 2258 38 75 If
1272 2258 64 75 you
1352 2258 162 75 fubftitute
1531 2258 51 75 for
1597 2258 20 75 x
1633 2258 19 75 a
1667 2258 147 75 quantity
1829 2258 125 75 greater
1969 2258 77 75 than
2062 2258 54 75 the
2126 2258 77 75 leaft

1177 2306 73 75 root
1264 2306 34 75 a,
1323 2306 57 75 but
1395 2306 58 75 lefs
1471 2306 77 75 than
1565 2306 42 75 all
1624 2306 54 75 the
1695 2306 92 75 other
1799 2306 100 75 roots,
1926 2306 75 75 then
2018 2306 55 75 the
2085 2306 64 75 fign
2166 2306 40 75 of

1177 2352 56 75 the
1249 2352 149 75 quantity
1413 2352 151 75 refulting
1579 2352 66 75 will
1656 2352 40 75 be
1711 2352 149 75 contrary
1876 2352 34 75 to
1927 2352 86 75 what
2028 2352 25 75 it
2070 2352 62 75 was
2146 2352 55 75 be-

1178 2398 69 75 fore
1258 2398 9 75 ;
1294 2398 131 75 becaufe
1441 2398 59 75 one
1517 2398 101 75 fadtor
1638 2398 34 75 (x
1683 2398 48 75 —
1742 2398 36 75 a)
1808 2398 145 75 becomes
1971 2398 73 75 now
2058 2398 144 75 pofitive,

1179 2444 41 75 all
1237 2444 55 75 the
1309 2444 108 75 others
1434 2444 173 75 remaining
1622 2444 144 75 negative
1783 2444 32 75 as
1833 2444 122 75 before.

1224 2489 37 75 If
1272 2489 63 75 you
1351 2489 163 75 fubftitute
1530 2489 55 75 for
1598 2489 20 75 x
1634 2489 17 75 a
1667 2489 148 75 quantity
1830 2489 125 75 greater
1971 2489 75 75 than
2064 2489 54 75 the
2133 2489 69 75 two

1176 2535 75 75 leaft
1267 2535 100 75 roots,
1393 2535 58 75 but
1466 2535 60 75 lefs
1542 2535 77 75 than
1647 2535 42 75 all
1717 2535 56 75 the
1795 2535 72 75 reft,
1892 2535 78 75 both
1998 2535 57 75 the
2082 2535 117 75 fadtors

1179 2582 99 75 x—a,
1303 2582 97 75 x—b,
1425 2582 131 75 become
1583 2582 141 75 pofitive,
1760 2582 63 75 and
1850 2582 54 75 the
1932 2582 60 75 reft
2018 2582 119 75 remain
2164 2582 35 75 as

1177 2627 77 75 they
1271 2627 95 75 were.
1416 2627 45 75 So
1489 2627 69 75 that
1586 2627 55 75 the
1668 2627 104 75 whole
1798 2627 134 75 produdt
1958 2627 66 75 will
2047 2627 80 75 have
2144 2627 56 75 the

1177 2673 83 75 fame
1276 2673 64 75 fign
1358 2673 32 75 as
1408 2673 54 75 the
1477 2673 57 75 laft
1550 2673 81 75 term
1648 2673 40 75 of
1699 2673 54 75 the
1769 2673 162 75 equation.
1971 2673 95 75 Thus
2079 2673 119 75 fuccef-

1178 2719 95 75 fively
1296 2719 125 75 placing
1447 2719 118 75 inftead
1586 2719 41 75 of
1643 2719 19 75 x
1686 2719 170 75 quantities
1874 2719 70 75 that
1961 2719 52 75 are
2029 2719 98 75 limits
2142 2719 57 75 be-

1176 2765 96 75 twixt
1288 2765 55 75 the
1364 2765 85 75 roots
1465 2765 41 75 of
1516 2765 56 75 the
1591 2765 163 75 equation,
1779 2765 56 75 the
1859 2765 171 75 quantities
2053 2765 71 75 that
2148 2765 51 75 re-

1176 2811 62 75 fult
1264 2811 67 75 will
1357 2811 81 75 have
1462 2811 191 75 alternately
1681 2811 54 75 the
1761 2811 81 75 figns
1859 2811 37 75 +
1912 2811 60 75 aijd
1989 2811 57 75 —.
2106 2811 91 75 And,

1177 2858 185 75 converfely,
1389 2858 23 75 “
1437 2858 32 75 if
1480 2858 62 75 you
1560 2858 64 75 find
1640 2858 172 75 quantities
1829 2858 116 75 which,
1964 2858 200 75 fubftituted'
2164 2858 35 75 in

1178 2904 23 75 “
1227 2904 88 75 place
1343 2904 40 75 of
1405 2904 19 75 x
1449 2904 33 75 in
1511 2904 54 75 the
1589 2904 154 75 propofed
1767 2904 162 75 equation,
1955 2904 43 75 do
2014 2904 70 75 give
2101 2904 95 75 alter-

1177 2955 24 75 “
1226 2955 106 75 nately
1348 2955 128 75 pofitive
1504 2955 62 75 and
1589 2955 144 75 negative
1759 2955 125 75 refults,
1910 2955 89 75 thofe
2027 2955 171 75 quantities

1146 2999 8 75 -
1227 2999 52 75 are
1296 2999 55 75 the
1366 2999 99 75 limits
1482 2999 40 75 of
1533 2999 70 75 that
1619 2999 189 75 equation.”

1627 3047 30 75 E
1674 3047 18 75 c

2167 3051 34 75 It
