2396 3377
563 147 41 75 A
663 147 35 75 L
756 147 42 75 D

1147 147 99 75 (7

241 206 55 75 the
313 206 121 75 priefts,
460 206 105 75 called
580 206 196 75 Moravites,
803 206 54 75 fay
873 206 132 75 prayers
1021 206 81 75 with
1119 206 19 75 a
1153 206 79 75 loud

242 252 103 75 voice.

198 297 358 75 ALCORA^STS,
583 297 116 75 among
721 297 55 75 the
792 297 240 75 Mahometans,
1059 297 39 75 an
1120 297 107 75 appel-

241 345 101 75 lation
358 345 93 75 given
470 345 37 75 to
530 345 91 75 thofe
645 345 75 75 who
745 345 118 75 adhere
879 345 118 75 clofely
1014 345 35 75 to
1069 345 56 75 the
1143 345 85 75 alco-

240 392 56 75 ran
321 392 33 75 as
377 392 55 75 the
455 392 146 75 ultimate
623 392 67 75 rule
706 392 40 75 of
762 392 102 75 faith:
893 392 88 75 Such
999 392 53 75 are
1069 392 55 75 the
1148 392 79 75 Per-

240 439 91 75 fians,
348 439 32 75 in
394 439 289 75 contradiftin&ion
699 439 84 75 from
802 439 55 75 the
873 439 126 75 Turks,
1017 439 121 75 Arabs,
1163 439 64 75 drc.

239 485 75 75 who
331 485 98 75 admit
443 485 17 75 a
472 485 170 75 multitude
655 485 38 75 of
705 485 170 75 traditions
887 485 119 75 befides
1019 485 55 75 the
1087 485 140 75 alcoran.

194 532 207 75 ALCOST,
428 532 38 75 an
484 532 140 75 obfolete
642 532 91 75 name
749 532 40 75 of
801 532 19 75 a
835 532 116 75 fpecies
968 532 40 75 of
1019 532 122 75 tanfey.

193 580 212 75 ALCOVE,
432 580 115 75 among
558 580 154 75 builders,
730 580 18 75 a
760 580 114 75 recefs,
892 580 37 75 or
944 580 73 75 part
1033 580 40 75 of
1085 580 19 75 a
1120 580 107 75 cham-

241 625 57 75 ber
322 625 165 75 feparated
503 625 43 75 by
563 625 39 75 an
627 625 133 75 eltrade,
785 625 38 75 or
848 625 153 75 partition
1017 625 40 75 of
1072 625 156 75 columns,

241 672 63 75 and
319 672 94 75 other
429 672 246 75 correfponding
690 672 195 75 ornaments,
903 672 32 75 in
951 672 106 75 which
1073 672 26 75 is
1117 672 112 75 placed

243 719 19 75 a
280 719 64 75 bed
360 719 39 75 of
411 719 91 75 date,
528 719 62 75 and
606 719 179 75 fometimes
803 719 81 75 feats
908 719 35 75 to
968 719 157 75 entertain
1141 719 87 75 com-

199 767 7 75 •
240 767 97 75 pany.

289 812 109 75 Thefe
417 812 125 75 alcoves
559 812 53 75 are
630 812 150 75 frequent
802 812 32 75 in
861 812 111 75 Spain,
998 812 63 75 and
1087 812 56 75 the
1166 812 64 75 bed

201 859 4 75 '
243 859 100 75 raifed
358 859 66 75 two
441 859 38 75 or
498 859 92 75 three
606 859 134 75 afcents,
766 859 80 75 with
864 859 18 75 a
900 859 57 75 rail
975 859 32 75 at
1023 859 57 75 the
1098 859 83 75 foot.

196 906 266 75 ALCOYTIN,
489 906 18 75 a
523 906 89 75 fmall
625 906 89 75 town
732 906 40 75 of
780 906 169 75 Portugal,
967 906 31 75 in
1012 906 55 75 the
1079 906 150 75 province

243 952 39 75 of
294 952 157 75 Algarva,
476 952 162 75 defended
652 952 44 75 by
723 952 61 75 one
807 952 40 75 of
870 952 56 75 the
952 952 151 75 ftrongeft
1119 952 110 75 caftles

197 999 9 75 •
241 999 34 75 in
291 999 70 75 that
378 999 165 75 kingdom.

195 1047 213 75 ALCYON,
434 1047 55 75 the
505 1047 106 75 trivial
624 1047 91 75 name
732 1047 41 75 of
785 1047 18 75 a
818 1047 118 75 fpecies
953 1047 40 75 of
1004 1047 125 75 alcedo.
1167 1047 62 75 See

243 1093 179 75 Alcedo.

196 1140 309 75 ALCYONIUM,
530 1140 32 75 in
580 1140 141 75 obfolete
737 1140 92 75 name
845 1140 41 75 of
896 1140 20 75 a
931 1140 178 75 fubmarine
1127 1140 100 75 plant.

246 1185 31 75 It
294 1185 26 75 is
339 1185 64 75 alfo
419 1185 76 75 ufed
513 1185 51 75 for
595 1185 17 75 a
637 1185 78 75 kind
739 1185 39 75 of
797 1185 98 75 coral,
921 1185 37 75 or
982 1185 157 75 altroites,
1164 1185 64 75 fre-

243 1232 135 75 quently
395 1232 101 75 found
514 1232 97 75 foflile
627 1232 32 75 in
676 1232 162 75 England.

194 1279 329 75 ALDABARAM,
548 1279 34 75 in
603 1279 163 75 anatomy.
817 1279 63 75 See
899 1279 265 75 Sesamoidea.

195 1325 221 75 ALDARU,
441 1325 31 75 in
493 1325 133 75 botany,
652 1325 39 75 an
708 1325 141 75 obfolete
865 1325 92 75 name
974 1325 40 75 of
1026 1325 17 75 a
1058 1325 118 75 fpecies
1193 1325 41 75 of

242 1371 162 75 piftachia.
455 1371 62 75 See
534 1371 42 75 Pi
588 1371 186 75 stachia.

196 1418 357 75 ALDBOROUGH,
581 1418 19 75 a
626 1418 140 75 fea-port
793 1418 87 75 town
898 1418 39 75 of
956 1418 139 75 Suffolk,
1120 1418 107 75 which

242 1465 91 75 fends
359 1465 66 75 two
450 1465 157 75 members
629 1465 34 75 to
684 1465 209 75 parliament;
935 1465 30 75 i,
993 1465 57 75 40.
1075 1465 44 75 E.
1136 1465 90 75 long.

210 1513 6 75 ‘
246 1513 55 75 52.
321 1513 57 75 20.
404 1513 48 75 N.
469 1513 60 75 lat.

196 1556 83 75 Ald
286 1556 102 75 boro
396 1556 96 75 ugh,
516 1556 27 75 is
561 1556 64 75 alfo
642 1556 19 75 a
676 1556 228 75 market-town
921 1556 40 75 of
979 1556 186 75 Yorkfhire,
1191 1556 32 75 a-

242 1605 79 75 bout
338 1605 109 75 fifteen
468 1605 91 75 miles
576 1605 188 75 north-weft
779 1605 41 75 of
830 1605 55 75 the
902 1605 67 75 city
992 1605 41 75 of
1051 1605 104 75 York.

197 1652 183 75 ALDEA,
406 1652 19 75 a
442 1652 86 75 town
545 1652 39 75 of
598 1652 167 75 Portugal,
782 1652 31 75 in
830 1652 56 75 the
902 1652 149 75 province
1067 1652 41 75 of
1117 1652 109 75 Eftre-

243 1698 142 75 madura,
411 1698 97 75 about
528 1698 54 75 ten
598 1698 90 75 miles
708 1698 234 75 S.ofLifbon^

199 1744 251 75 ALDEBAC,
475 1744 54 75 the
546 1744 142 75 Arabian
704 1744 83 75 term
804 1744 51 75 for
872 1744 176 75 bird-lime.

198 1791 321 75 ALDEBARAN,
544 1791 32 75 in
593 1791 192 75 aftronomy,
810 1791 19 75 a
845 1791 61 75 ftar
922 1791 39 75 of
983 1791 55 75 the
1056 1791 63 75 firft
1136 1791 87 75 mag-

245 1838 123 75 nitude,
393 1838 115 75 called,
534 1838 32 75 in
591 1838 145 75 Englifh,
762 1838 54 75 the
833 1838 96 75 bull’s
950 1838 70 75 eye,
1046 1838 32 75 as
1096 1838 129 75 making

242 1884 56 75 the
319 1884 58 75 eye
394 1884 40 75 of
444 1884 56 75 the
524 1884 217 75 confteilation
755 1884 145 75 Taurus.

194 1931 221 75 ALDEGO,
434 1931 18 75 a
468 1931 85 75 river
564 1931 39 75 of
615 1931 100 75 Italy,
732 1931 31 75 in
776 1931 56 75 the
842 1931 179 75 territories
1038 1931 40 75 of
1088 1931 135 75 Venice,

243 1976 106 75 which
366 1976 82 75 lofes
464 1976 89 75 itfelf
565 1976 33 75 in
617 1976 55 75 the
689 1976 120 75 Adige.

196 2024 285 75 ALDENAER,
506 2024 19 75 a
540 2024 90 75 fmall
646 2024 88 75 town
750 2024 40 75 of
801 2024 167 75 Germany
983 2024 32 75 in
1032 2024 57 75 the
1107 2024 117 75 electo-

245 2070 68 75 rate
337 2070 39 75 of
396 2070 141 75 Cologn,
562 2070 135 75 fituated
713 2070 41 75 on
771 2070 55 75 the
843 2070 84 75 river
942 2070 83 75 Aar.

196 2116 325 75 ALDENBURG.
572 2116 61 75 See
649 2116 261 75 Altenburg.

198 2163 268 75 ALDER-/rer,
493 2163 31 75 in
541 2163 134 75 botany.
724 2163 61 75 See
802 2163 51 75 Be
860 2163 118 75 tula.

197 2209 295 75 ALDERMAN,
517 2209 31 75 in
566 2209 55 75 the
638 2209 115 75 Britifh
774 2209 116 75 policy,
916 2209 18 75 a
953 2209 181 75 magiftrate
1151 2209 72 75 fub-

245 2255 143 75 ordinate
400 2255 35 75 to
447 2255 54 75 the
512 2255 200 75 lord-mayor
723 2255 40 75 of
775 2255 18 75 a
811 2255 65 75 city
891 2255 38 75 or
941 2255 283 75 town-corporate.

290 2301 77 75 The
382 2301 134 75 number
527 2301 38 75 of
577 2301 88 75 thefe
677 2301 194 75 magiftrates
888 2301 27 75 is
934 2301 56 75 not
1006 2301 136 75 limited,
1160 2301 59 75 but

246 2348 27 75 is
287 2348 89 75 more
388 2348 37 75 or
436 2348 60 75 lefs
509 2348 171 75 according
691 2348 35 75 to
738 2348 55 75 the
805 2348 184 75 magnitude
1001 2348 40 75 of
1052 2348 54 75 the
1123 2348 102 75 place.

248 2394 38 75 In
304 2394 140 75 London
468 2394 78 75 they
571 2394 52 75 are
646 2394 208 75 twenty-ViX;
882 2394 76 75 each
975 2394 116 75 having
1108 2394 60 75 one
1192 2394 41 75 of

249 2440 55 75 the
322 2440 102 75 wards
451 2440 39 75 of
509 2440 55 75 the
592 2440 65 75 city
677 2440 186 75 committed
886 2440 34 75 to
941 2440 50 75 his
1008 2440 84 75 care.
1140 2440 86 75 This

250 2486 91 75 office
358 2486 26 75 is
401 2486 52 75 for
469 2486 76 75 life;
571 2486 34 75 fo
622 2486 70 75 that
709 2486 92 75 when
817 2486 61 75 one
906 2486 40 75 of
969 2486 88 75 them
1084 2486 80 75 dies,
1189 2486 38 75 or

251 2533 128 75 idigns,
406 2533 19 75 a
441 2533 192 75 ward-mote
649 2533 27 75 is
695 2533 114 75 called,
842 2533 74 75 who
941 2533 109 75 return
1068 2533 65 75 two
1155 2533 71 75 per-

248 2579 84 75 fons,
350 2579 60 75 one
423 2579 40 75 of
471 2579 106 75 whom
589 2579 55 75 the
664 2579 199 75 lord-mayor
875 2579 62 75 and
949 2579 160 75 aldermen
1134 2579 93 75 chufe

249 2627 35 75 to
300 2627 111 75 fupply
428 2627 55 75 the
499 2627 152 75 vacancy.
706 2627 51 75 By
774 2627 55 75 the
845 2627 127 75 charter
988 2627 40 75 of
1040 2627 54 75 the
1109 2627 67 75 city
1191 2627 42 75 of

249 2671 153 75 London,
420 2671 42 75 all
474 2671 55 75 the
541 2671 160 75 aldermen
718 2671 74 75 who
804 2671 81 75 have
901 2671 80 75 been
995 2671 230 75 lord-mayors,

251 2718 146 75 together
410 2718 83 75 with
510 2718 55 75 the
581 2718 91 75 three
683 2718 97 75 eldeft
796 2718 76 75 ones
891 2718 55 75 not
965 2718 126 75 arrived
1107 2718 32 75 at
1156 2718 71 75 that

212 2766 6 75 .
252 2766 139 75 dignity,
410 2766 52 75 are
475 2766 126 75 juftices
618 2766 41 75 of
669 2766 56 75 the
742 2766 107 75 peace.

205 2811 234 75 Alderman,
464 2811 115 75 among
594 2811 58 75 our
669 2811 109 75 Saxon
802 2811 166 75 anceftofs,
994 2811 65 75 was
1077 2811 19 75 a
1111 2811 117 75 degree

256 2859 39 75 of
316 2859 137 75 nobility
477 2859 172 75 anfwering
666 2859 35 75 to
717 2859 66 75 earl
800 2859 37 75 or
854 2859 97 75 count
968 2859 32 75 at
1016 2859 140 75 prefent.

197 2904 228 75 .AldeRma'n
443 2904 65 75 was
526 2904 63 75 alfo
605 2904 89 75 ufed,
718 2904 32 75 in
774 2904 57 75 the
853 2904 77 75 time
945 2904 41 75 of
1009 2904 77 75 king
1103 2904 125 75 Edgar,

256 2950 50 75 for
325 2950 18 75 a
355 2950 99 75 judge
471 2950 37 75 or
522 2950 131 75 juftice;
679 2950 31 75 in
727 2950 107 75 which
849 2950 86 75 fenfe
951 2950 112 75 Alwin
1078 2950 26 75 is
1126 2950 103 75 called

255 2997 232 75 aldtrmannus
503 2997 99 75 iotius
620 2997 142 75 Anglia,

1260 144 17 75 B
1338 144 18 75 )

1709 144 228 75 ALE

1279 209 284 75 ALDERNEY,
1589 209 37 75 or
1645 209 196 75 Aurigni,
1867 209 38 75 an
1922 209 98 75 iiland
2036 209 41 75 on
2094 209 56 75 the
2166 209 84 75 coaft
2274 209 39 75 of

1327 253 205 75 Normandy,
1557 253 119 75 fubjedt
1693 253 35 75 to
1745 253 54 75 the
1817 253 107 75 crown
1941 253 41 75 of
1993 253 106 75 Great
2115 253 137 75 Britain.

1276 302 154 75 ALDII,
1457 302 39 75 an
1516 302 192 75 appellation
1733 302 94 75 given
1851 302 35 75 to
1904 302 90 75 thofe
2010 302 141 75 fervants
2169 302 74 75 who
2259 302 47 75 at-

1325 348 119 75 tended
1461 348 84 75 their
1562 348 128 75 mafters
1711 348 35 75 to
1762 348 55 75 the
1834 348 96 75 wars.

1277 394 364 75 ALDROVANDA,
1667 394 33 75 in
1720 394 132 75 botany,
1879 394 19 75 a
1922 394 97 75 genus
2046 394 41 75 of
2106 394 55 75 the
2177 394 131 75 pentan-

1324 441 71 75 dria
1403 441 193 75 pentagynia
1607 441 99 75 clafs;
1725 441 39 75 of
1772 441 105 75 which
1889 441 90 75 there
1992 441 27 75 is
2032 441 58 75 but
2102 441 61 75 one
2176 441 131 75 fpecies.

1324 487 76 75 The
1417 487 86 75 calix
1529 487 26 75 is
1580 487 133 75 divided
1736 487 67 75 into
1827 487 61 75 five
1913 487 107 75 parts;
2046 487 56 75 the
2130 487 101 75 petals
2255 487 54 75 are

1326 534 61 75 five
1401 534 11 75 ;
1439 534 62 75 and
1518 534 55 75 the
1590 534 124 75 capfule
1729 534 57 75 has
1806 534 62 75 five
1884 534 119 75 valves,
2029 534 78 75 with
2135 534 53 75 ten
2205 534 102 75 feeds.

1326 581 31 75 It
1373 581 27 75 is
1424 581 19 75 a
1458 581 105 75 native
1580 581 40 75 of
1632 581 86 75 Italy
1735 581 63 75 and
1814 581 55 75 the
1885 581 129 75 Indies..

1278 628 111 75 ALE,
1416 628 18 75 a
1450 628 179 75 fermented
1643 628 119 75 liquor,
1788 628 151 75 obtained
1954 628 85 75 from
2056 628 39 75 an
2122 628 134 75 infufion
2273 628 39 75 of

1326 674 98 75 malt;
1451 674 63 75 and
1528 674 151 75 differing
1696 674 77 75 only
1790 674 83 75 from
1898 674 75 75 beer
1996 674 35 75 in
2058 674 117 75 having
2194 674 28 75 -a
2247 674 60 75 lefs

1325 721 186 75 proportion
1528 721 41 75 of
1580 721 93 75 hops.
1724 721 61 75 See
1801 721 203 75 Brewing.

1372 768 64 75 Ale
1459 768 26 75 is
1510 768 139 75 thought
1675 768 34 75 to
1726 768 39 75 be
1782 768 60 75 the
1854 768 82 75 fame
1953 768 78 75 kind
2047 768 40 75 of
2103 768 109 75 liquor
2228 768 78 75 with

1325 814 54 75 the
1396 814 159 75 cerevifia,
1580 814 147 75 zythum,
1752 814 64 75 and
1832 814 100 75 curmi
1956 814 41 75 of
2009 814 55 75 the
2081 814 153 75 ancients.

1277 860 193 75 Medicated
1485 860 120 75 Ales,
1632 860 90 75 thofe
1747 860 140 75 wherein
1912 860 170 75 medicinal
2107 860 96 75 herbs
2224 860 82 75 have

1324 907 80 75 been
1426 907 136 75 infufed,
1589 907 37 75 or
1642 907 57 75 put
1724 907 35 75 to
1775 907 160 75 ferment:
1964 907 87 75 Such
2069 907 53 75 are
2140 907 54 75 the
2218 907 87 75 cere-

1325 954 74 75 vifia
1415 954 173 75 cephalica,
1615 954 146 75 cerevifia
1777 954 181 75 epileptica,
1986 954 65 75 d?rr.

1277 1000 204 75 A\.v-berry,
1507 1000 54 75 the
1578 1000 135 75 popular
1724 1000 91 75 name
1835 1000 52 75 for
1906 1000 49 75 ale
1971 1000 71 75 that
2058 1000 25 75 is
2099 1000 109 75 boiled
2223 1000 80 75 with

1325 1046 98 75 bread
1438 1046 64 75 and
1518 1046 100 75 mace,
1644 1046 190 75 fweetened,
1860 1046 147 75 ftrained,
2034 1046 62 75 and
2111 1046 105 75 drunk
2231 1046 72 75 hot.

1277 1094 57 75 Ah'
1334 1094 171 75 E.-connor,
1531 1094 39 75 an
1585 1094 109 75 officer
1710 1094 31 75 in
1758 1094 141 75 London
1916 1094 216 75 whoinfpefts
2149 1094 55 75 the
2219 1094 85 75 mea-

1327 1140 85 75 fures
1440 1140 41 75 of
1498 1140 108 75 public
1629 1140 127 75 houfes.
1813 1140 98 75 They
1928 1140 54 75 are
2003 1140 73 75 four
2100 1140 33 75 in
2157 1140 145 75 number,

1326 1186 61 75 and
1403 1186 117 75 chofen
1538 1186 44 75 by
1599 1186 53 75 the
1670 1186 228 75 common-hall
1916 1186 39 75 of
1967 1186 55 75 the
2042 1186 78 75 city.

1276 1232 208 75 AisV-Jilver,
1511 1232 18 75 a
1548 1232 59 75 tax
1619 1232 73 75 paid
1708 1232 111 75 yearly
1834 1232 35 75 to
1887 1232 54 75 the
1957 1232 213 75 lord-mayor,
2195 1232 45 75 by
2260 1232 42 75 all

1324 1279 74 75 who
1414 1279 55 75 fell
1487 1279 49 75 ale
1551 1279 111 75 within
1678 1279 56 75 the
1751 1279 79 75 city.

1276 1325 255 75 Ax.’s.-meafure.
1582 1325 61 75 See
1660 1325 206 75 Measure.

1276 1373 144 75 ALEA,
1437 1373 33 75 in
1481 1373 127 75 Roman
1626 1373 172 75 antiquity,
1816 1373 133 75 denotes
1961 1373 31 75 in
2010 1373 126 75 general
2155 1373 42 75 all
2214 1373 88 75 man-

1323 1418 56 75 ner
1402 1418 40 75 of
1460 1418 107 75 games
1592 1418 40 75 of
1652 1418 139 75 chance;
1833 1418 71 75 but,
1934 1418 31 75 in
1988 1418 18 75 a
2031 1418 87 75 more
2138 1418 165 75 reftii&ed

1322 1466 96 75 fenfe,
1444 1466 64 75 was
1527 1466 75 75 ufed
1618 1466 52 75 for
1687 1466 18 75 a
1720 1466 171 75 particular
1902 1466 91 75 game
2009 1466 115 75 played
2141 1466 78 75 with
2231 1466 71 75 dice

1322 1512 62 75 and
1398 1512 117 75 tables,
1539 1512 57 75 not
1608 1512 110 75 unlike
1730 1512 60 75 our
1800 1512 243 75 backgammon.
2096 1512 62 75 See
2174 1512 125 75 Ba.ck-

1324 1559 183 75 gammon.

1274 1606 344 75 ALEATORIUM,
1636 1606 18 75 a
1664 1606 89 75 place
1765 1606 32 75 in
1810 1606 54 75 the
1876 1606 124 75 ancient
2011 1606 170 75 gymnafia,
2194 1606 107 75 where

1322 1651 77 75 they
1416 1651 116 75 played
1548 1651 32 75 at
1596 1651 56 75 the
1672 1651 88 75 al;ae.

1274 1698 143 75 ALEC,
1442 1698 32 75 in
1491 1698 224 75 ichthyology,
1741 1698 38 75 an
1806 1698 143 75 obfolete
1974 1698 90 75 name
2090 1698 18 75 a
2131 1698 118 75 fpecies
2267 1698 56 75 of__

1321 1744 122 75 fparus.
1493 1744 61 75 See
1573 1744 161 75 Sparus.

1273 1791 239 75 ALECOST.
1562 1791 256 75 SccAlcast.

1273 1837 298 75 ALECTORIA,
1598 1837 17 75 a
1639 1837 87 75 ftone
1750 1837 67 75 faid
1841 1837 34 75 to
1900 1837 41 75 be
1957 1837 127 75 formed
2099 1837 32 75 in
2148 1837 55 75 the
2220 1837 79 75 gall-

1321 1882 145 75 bladders
1484 1882 41 75 of
1535 1882 56 75 old
1607 1882 108 75 cocks,
1741 1882 35 75 to
1793 1882 105 75 which
1923 1882 54 75 the
1995 1882 140 75 ancients
2160 1882 142 75 afcnbed

1319 1928 95 75 many
1435 1928 147 75 fabulous
1599 1928 134 75 virtues.

1272 1972 515 75 ALECTORICARDITES,
1813 1972 56 75 the
1886 1972 91 75 name
1995 1972 41 75 of
2047 1972 19 75 a
2081 1972 86 75 ftone
2184 1972 114 75 refem-

1320 2020 88 75 bling
1432 2020 19 75 a
1473 2020 128 75 pullet’s
1618 2020 94 75 head.

1274 2067 312 75 ALECTORIUS
1604 2067 98 75 lapis.
1752 2067 60 75 See
1829 2067 251 75 Alectoria.

1274 2111 481 75 ALECTOROMANTIA,
1779 2111 30 75 in
1836 2111 142 75 Grecian
1996 2111 172 75 antiquity,
2194 2111 19 75 a
2231 2111 69 75 fpe-

1323 2160 62 75 cies
1402 2160 41 75 of
1454 2160 174 75 divination
1648 2160 181 75 performed
1852 2160 44 75 by
1919 2160 107 75 means
2053 2160 39 75 of
2111 2160 18 75 a
2151 2160 92 75 cock,
2269 2160 33 75 in

1321 2208 56 75 the
1394 2208 166 75 following
1571 2208 149 75 manner:
1747 2208 33 75 A
1793 2208 94 75 circle
1904 2208 93 75 being
2012 2208 165 75 defcribed
2192 2208 42 75 on
2245 2208 56 75 the

1287 2285 15 49 %
1323 2253 136 75 ground,
1485 2253 62 75 and
1564 2253 130 75 divided
1709 2253 69 75 into
1800 2253 213 75 twenty-four
2034 2253 93 75 equal
2144 2253 156 75 portions,

1323 2300 31 75 in
1373 2300 76 75 each
1466 2300 41 75 of
1517 2300 86 75 thefe
1620 2300 105 75 fpaces
1740 2300 65 75 was
1824 2300 124 75 written
1966 2300 59 75 one
2048 2300 40 75 of
2107 2300 55 75 the
2189 2300 111 75 letters

1322 2347 40 75 of
1373 2347 55 75 the
1445 2347 161 75 alphabet,
1633 2347 62 75 and
1711 2347 40 75 on
1769 2347 78 75 each
1871 2347 39 75 of
1921 2347 54 75 the
1992 2347 111 75 letters
2120 2347 64 75 was
2202 2347 64 75 laid
2284 2347 18 75 a

1324 2391 88 75 grain
1430 2391 39 75 of
1480 2391 126 75 wheat;
1634 2391 82 75 after
1728 2391 104 75 which
1846 2391 19 75 a
1880 2391 81 75 cock
1976 2391 94 75 being
2087 2391 115 75 turned
2215 2391 85 75 loofe

1324 2438 30 75 in
1371 2438 56 75 the
1444 2438 109 75 circle,
1577 2438 173 75 particular
1766 2438 105 75 notice
1883 2438 64 75 was
1965 2438 94 75 taken
2074 2438 39 75 of
2125 2438 54 75 the
2196 2438 104 75 grains

1324 2485 113 75 picked
1450 2485 41 75 up
1503 2485 44 75 by
1558 2485 55 75 the
1626 2485 92 75 cock,
1736 2485 132 75 becaufe
1885 2485 56 75 the
1956 2485 112 75 letters
2085 2485 100 75 under
2198 2485 102 75 them,

1324 2532 94 75 being
1435 2532 125 75 formed
1576 2532 69 75 into
1660 2532 19 75 a
1694 2532 103 75 word,
1822 2532 92 75 made
1938 2532 55 75 the
2017 2532 118 75 anfwer
2151 2532 133 75 defired.

1277 2577 251 75 ALEAGAR,
1553 2577 38 75 or
1608 2577 175 75 Aleger,
1808 2577 55 75 the
1881 2577 93 75 name
1995 2577 40 75 of
2054 2577 19 75 a
2090 2577 77 75 kind
2191 2577 40 75 of
2253 2577 48 75 vi-

1324 2623 94 75 negar
1443 2623 92 75 made
1554 2623 40 75 of
1606 2623 49 75 ale
1677 2623 119 75 inftead
1812 2623 39 75 of
1861 2623 95 75 wine.

1277 2668 315 75 ALEGRETTE,
1618 2668 18 75 a
1652 2668 86 75 town
1758 2668 39 75 of
1818 2668 167 75 Portugal,
2010 2668 31 75 in
2070 2668 54 75 the
2152 2668 149 75 province

1325 2716 39 75 of
1374 2716 167 75 Alantejo,
1565 2716 134 75 fituated
1716 2716 41 75 on
1780 2716 55 75 the
1859 2716 83 75 river
1958 2716 111 75 Caya;
2105 2716 32 75 7.
2158 2716 56 75 50.
2238 2716 61 75 W.

1326 2762 87 75 long.
1441 2762 56 75 39.
1514 2762 36 75 o.
1575 2762 48 75 N.
1640 2762 58 75 lat.

1279 2808 225 75 ALEIPHA,
1528 2808 117 75 among
1657 2808 124 75 ancient
1793 2808 188 75 phyficians,
2006 2808 56 75 the
2080 2808 91 75 name
2184 2808 40 75 of
2236 2808 65 75 ani-

1326 2856 60 75 mal
1405 2856 41 75 or.
1458 2856 165 75 vegetable
1639 2856 72 75 oils,
1736 2856 91 75 when
1850 2856 77 75 ufed
1942 2856 34 75 as
1991 2856 171 75 unguents.

1279 2897 233 75 ALEMBIC,
1538 2897 30 75 in
1587 2897 188 75 chemiftry..
1811 2897 65 75 See
1893 2897 250 75 Chemistry.

1278 2947 324 75 ALEMBROTH,
1628 2947 38 75 an
1683 2947 140 75 obfolete
1839 2947 92 75 name
1956 2947 39 75 of
2016 2947 19 75 a
2053 2947 79 75 kind
2156 2947 40 75 of
2214 2947 89 75 fixed

1328 2993 133 75 alkaline
1477 2993 74 75 fait.

2016 3030 285 75 ALENGNER,
