2456 3337
484 126 232 52 ACC

1064 126 129 52 (13
1256 126 19 52 )

1629 126 233 52 ACC

163 210 101 37 body.
300 210 34 37 It
345 210 139 37 inhabits
501 210 55 37 the
568 210 148 37 potatoes
734 210 39 37 of
786 210 160 37 Surinam.
997 210 57 37 23.
1070 210 78 37 The

164 256 294 37 gymnopterorum,
483 256 26 37 is
528 256 136 37 reddifh,
690 256 79 37 with
786 256 66 37 two
868 256 114 37 fcarlet
1004 256 85 37 fpots
1106 256 42 37 on

163 301 77 37 each
264 301 75 37 fide.
387 301 33 37 It
444 301 137 37 inhabits
603 301 89 37 bees,

834 301 57 37 24.
916 301 77 37 The
1019 301 128 37 coleop-

163 348 169 37 tratorum,
356 348 27 37 is
400 348 138 37 reddifii,
564 348 80 37 with
661 348 19 37 a
699 348 98 37 white
821 348 89 37 anus.
960 348 32 37 It
1008 348 138 37 inhabits

161 394 56 37 the
232 394 186 37 fcarabaeus.
471 394 57 37 25.
546 394 76 37 The
641 394 160 37 rupeftris,
827 394 26 37 is
866 394 176 37 yellowilh,
1068 394 79 37 with

161 441 19 37 a
198 441 117 37 double
332 441 154 37 coloured
507 441 64 37 line
588 441 42 37 on
647 441 55 37 the
718 441 94 37 back.
861 441 31 37 It
908 441 30 37 is
953 441 19 37 a
990 441 105 37 native
1112 441 41 37 of

162 488 145 37 Europe.
357 488 59 37 26.
440 488 78 37 The
533 488 208 37 longicornis,
765 488 28 37 is
815 488 68 37 red,
910 488 64 37 and
996 488 56 37 the
1068 488 79 37 feel-

162 533 51 37 ers
237 533 53 37 are
305 533 114 37 longer
441 533 77 37 than
536 533 55 37 the
614 533 105 37 fnout.
768 533 32 37 It
815 533 27 37 is
863 533 19 37 a
897 533 106 37 native
1018 533 42 37 of
1077 533 69 37 Eu-

163 580 92 37 rope.
302 580 59 37 27.
386 580 77 37 The
475 580 163 37 littoralis,
663 580 26 37 is
707 580 40 37 of
759 580 19 37 a
793 580 108 37 tawny
916 580 161 37 yellowifh
1091 580 55 37 co-

161 625 85 37 lour,
270 625 64 37 and
348 625 58 37 has
423 625 172 37 blood-red
611 625 79 37 legs.
740 625 32 37 It
788 625 165 37 frequents
965 625 56 37 the
1035 625 111 37 /bores

163 671 40 37 of
221 671 145 37 Europe.
415 671 57 37 28.
497 671 76 37 The
585 671 172 37 fungorum
772 671 27 37 is
816 671 41 37 of
876 671 18 37 a
910 671 162 37 yellowifii
1090 671 55 37 co-

120 717 3 37 .
161 717 86 37 lour,
273 717 63 37 and
359 717 56 37 has
438 717 20 37 a
480 717 147 37 globular
651 717 138 37 clammy
811 717 100 37 belly.
959 717 32 37 It
1007 717 138 37 inhabits

163 763 56 37 the
235 763 191 37 mulhroom.
476 763 57 37 29.
558 763 77 37 The
647 763 120 37 fcaber,
792 763 27 37 is
832 763 232 37 alhrcoloured,
1082 763 64 37 and

163 809 182 37 deprefled;
371 809 55 37 the
442 809 78 37 fides
538 809 54 37 are
607 809 120 37 fcurfy.
776 809 33 37 It
824 809 27 37 is
864 809 19 37 a
894 809 106 37 native
1017 809 40 37 of
1075 809 70 37 Eu-

162 856 89 37 rope.
302 856 56 37 30.
382 856 77 37 The
481 856 158 37 falicinus,
672 856 26 37 is
726 856 70 37 red,
830 856 78 37 with
936 856 66 37 two
1029 856 117 37 yellow

161 902 80 37 lines
264 902 49 37 on.
328 902 56 37 the
406 902 103 37 back;
535 902 26 37 it
577 902 27 37 is
622 902 116 37 forked
753 902 124 37 before.
926 902 32 37 It
974 902 114 37 dwells
1104 902 43 37 on

162 948 56 37 the
246 948 147 37 willows.
447 948 57 37 31.
533 948 78 37 The
636 948 143 37 croceus,
810 948 27 37 is
862 948 130 37 yellow,
1024 948 82 37 with
1127 948 20 37 a

162 994 123 37 reddifh
296 994 71 37 fpot
383 994 43 37 on
442 994 78 37 each
532 994 63 37 fide
611 994 40 37 of
669 994 56 37 the
741 994 114 37 breaft.

115 1041 363 37 ACATALECTIC,
504 1041 19 37 a
545 1041 95 37 term,
668 1041 32 37 in
724 1041 56 37 the
802 1041 125 37 ancient
943 1041 127 37 poetry,
1094 1041 53 37 for

161 1086 77 37 fuch
255 1086 104 37 verfes
377 1086 34 37 as
426 1086 81 37 have
526 1086 43 37 all
586 1086 83 37 their
691 1086 66 37 feet
773 1086 38 37 or
829 1086 161 37 fyllables,
1015 1086 33 37 in
1068 1086 76 37 con-

95 1132 9 37 '
161 1132 229 37 tradiftindtion
406 1132 36 37 to
458 1132 89 37 thofe
564 1132 71 37 that
651 1132 80 37 have
744 1132 19 37 a
778 1132 133 37 fyllable
926 1132 56 37 too
995 1132 75 37 few.

115 1179 333 37 ACATALEPSY,
474 1179 132 37 fignifies
630 1179 55 37 the
709 1179 215 37 impoffibility
942 1179 41 37 of
1001 1179 144 37 compre-

163 1225 139 37 hending
318 1225 62 37 any
395 1225 105 37 thing.

116 1272 259 37 ACATALIS,
401 1272 19 37 a
434 1272 91 37 name
541 1272 93 37 given
650 1272 45 37 by
710 1272 57 37 the
787 1272 139 37 ancients
938 1272 35 37 to
990 1272 56 37 the
1059 1272 86 37 juni-

166 1317 181 37 per-berry.

754 1317 14 37 «

117 1364 374 37 ACATASTATOS,
515 1358 78 45 with
618 1358 187 45 phyficians,
830 1358 132 45 fignifies
986 1358 56 45 the
1065 1364 79 37 irre-

166 1403 91 45 gular
273 1403 187 45 paroxyfms
473 1403 40 45 of
532 1403 19 45 a
566 1403 129 45 difeafe.

117 1455 244 37 ACATERY,
393 1449 37 45 or
457 1456 206 36 ACCATRY,
695 1449 39 45 an
760 1449 109 45 officer
896 1449 41 45 6f
960 1449 56 45 the
1040 1449 104 45 king’s

164 1495 189 45 houfehold,
377 1495 149 45 defigned
536 1495 53 45 for
605 1495 19 45 a
644 1495 101 45 check
760 1495 136 45 betwixt
915 1495 56 45 the
987 1495 103 45 clerks
1110 1495 41 45 of

165 1542 54 45 the
231 1542 129 45 kitchen
372 1542 63 45 and
451 1542 55 45 the
522 1542 187 45 purveyors.

118 1595 328 37 ACATHARSIA,
463 1595 40 37 an
518 1595 153 37 impurity
687 1595 41 37 of
738 1595 55 37 the
809 1595 100 37 blood
924 1595 39 37 or
979 1595 165 37 humours.

63 1645 27 30 4
117 1640 326 37 ACATHISTUS,
479 1640 31 37 in
538 1640 40 37 an
601 1640 216 37 ecclefiaflical
844 1640 99 37 fenfe,
980 1640 19 37 a
1026 1640 120 37 folemn

165 1685 98 37 hymn
280 1685 158 37 anciently
454 1685 77 37 fang
547 1685 32 37 in
596 1685 55 37 the
674 1685 113 37 Greek
802 1685 121 37 church
947 1685 42 37 on
1011 1685 56 37 the
1085 1685 60 37 Sa-

167 1729 118 37 turday
306 1729 40 37 of
364 1729 55 37 the
442 1729 73 37 fifth
540 1729 90 37 week
655 1729 40 37 of
714 1729 98 37 Lent,
836 1729 33 37 ip
885 1729 125 37 honour
1032 1729 41 37 of
1090 1729 56 37 the

168 1773 127 37 Virgin,
313 1773 51 37 for
376 1773 115 37 having
505 1773 101 37 thrice
618 1773 161 37 delivered
791 1773 259 37 Conftantinople
1061 1773 85 37 from

169 1819 55 37 the
238 1819 153 37 invafions
408 1819 40 37 of
465 1819 56 37 the
537 1819 173 37 barbarous
726 1819 136 37 nations.

121 1866 240 37 ACATItJM,
387 1866 32 37 in
435 1866 171 37 antiquity,
632 1866 19 37 a
666 1866 78 37 kind
759 1866 40 37 of
817 1866 77 37 boat
915 1866 75 37 ufed
1011 1866 33 37 in
1060 1866 83 37 mili-

167 1910 72 37 tary
254 1910 119 37 affairs,
398 1910 63 37 and
482 1910 65 37 was
565 1910 19 37 a
599 1910 118 37 fpecies
740 1910 41 37 of
799 1910 55 37 the
873 1910 95 37 naves
985 1910 157 37 aftuariae.

168 1958 294 37 SeeAcruARiAt
481 1963 146 30 NAVES.

120 2004 392 37 ACATSIA-VALLI,
537 2004 32 37 in
580 2004 132 37 botany,
738 2004 19 37 a
772 2004 161 37 fynonime
951 2004 41 37 of
1009 2004 56 37 the
1077 2004 65 37 caf-

166 2050 259 37 fithafiliformis.
475 2050 62 37 See
553 2051 214 36 CASSJTHA.

119 2097 226 37 ACAULIS,
370 2097 31 37 in
414 2097 132 37 botany,
563 2097 133 37 fignifies
712 2097 105 37 plants
833 2097 71 37 that
918 2097 82 37 have
1015 2097 43 37 no
1070 2097 73 37 cau-

168 2142 37 37 lis
221 2142 38 37 or
275 2142 89 37 ftem.

119 2189 228 37 ACCALIA,
373 2189 32 37 in
422 2189 169 37 antiquity,
615 2189 119 37 folemn
751 2189 93 37 feafts
865 2189 78 37 held
964 2189 32 37 in
1018 2189 127 37 honour

167 2235 40 37 of
223 2235 90 37 Acca
333 2235 189 37 Laurentia,
546 2235 93 37 nurfe
661 2235 35 37 to
718 2235 172 37 Romulus.
937 2235 101 37 They
1059 2235 85 37 were

167 2282 168 37 otherwife
356 2282 104 37 called
485 2282 230 37 Laurentalia.

810 2282 58 37 To
890 2282 55 37 the
968 2282 84 37 fame
1074 2282 68 37 Ac-

167 2327 38 37 ca
226 2327 28 37 is
279 2327 65 37 alfo
368 2327 141 37 afcribed
531 2327 56 37 the
609 2327 175 37 inftitution
807 2327 40 37 of
864 2327 56 37 the
933 2327 137 37 fratres
1085 2327 57 37 ar-

167 2373 103 37 vales.

119 2421 325 37 ACCAPITARE,
469 2421 121 37 inlaw,
614 2415 61 45 the
686 2421 48 37 adt
749 2415 41 45 of
806 2415 169 45 becoming
989 2415 96 45 vaffal
1107 2415 41 45 of

169 2459 18 45 a
196 2459 85 45 lord,
299 2459 37 45 or
351 2459 40 45 of
402 2459 140 45 yielding
556 2459 67 45 him
637 2459 134 45 homage
783 2459 63 45 and
855 2459 184 45 obedience.
1080 2465 62 37 See

168 2513 148 36 VASSAL
335 2506 258 45 andHoMAGE.

121 2559 300 37 ACCAPITUM,
446 2559 131 37 fignifies
593 2559 55 37 the
660 2559 115 37 money
789 2559 76 37 paid
880 2559 43 37 by
938 2559 21 37 a
973 2559 95 37 vaffal
1079 2559 61 37 up-

169 2604 41 37 on
221 2604 48 37 his
287 2604 159 37 admiffion
458 2604 35 37 to
504 2604 20 37 a
534 2604 89 37 feud.

122 2656 251 30 ACCAPITUM,
398 2651 33 37 in
453 2651 59 37 our
533 2651 125 37 ancient
678 2651 74 37 law,
777 2651 65 37 was
858 2651 77 37 ufed
949 2651 66 37 alfo
1030 2651 36 37 to
1082 2651 58 37 ex-

169 2696 82 37 prefs
277 2696 54 37 the
348 2696 96 37 relief
454 2696 62 37 due
536 2696 35 37 to
586 2696 55 37 the
657 2696 90 37 chief
765 2696 85 37 lord.
900 2696 61 37 See
977 2701 162 30 RELIEF.

121 2744 226 37 ACCEDAS
363 2744 48 37 ad
424 2744 138 37 curiam,
587 2744 33 37 in
644 2744 55 37 the
722 2744 131 37 Engliffi
869 2744 74 37 law,
969 2744 18 37 a
1002 2744 73 37 writ
1090 2744 50 37 ly-

167 2789 66 37 ing,
258 2789 106 37 where
381 2789 19 37 a
423 2789 71 37 man
519 2789 57 37 has
600 2789 157 37 received,
782 2789 37 37 or
841 2789 84 37 fears
947 2789 75 37 falfe
1043 2789 98 37 judg-

168 2835 99 37 ment,
291 2835 34 37 in
344 2835 39 37 an
399 2835 133 37 inferior
551 2835 114 37 court;
691 2835 26 37 it
735 2835 59 37 lies
810 2835 65 37 alfo
891 2835 51 37 for
957 2835 113 37 jullicd
1085 2835 55 37 de-

169 2880 104 37 layed,
298 2880 61 37 and
374 2880 27 37 is
418 2880 19 37 a
451 2880 116 37 fpecies
584 2880 40 37 of
642 2880 55 37 the
712 2880 73 37 writ
802 2880 182 37 recordare.

122 2928 304 37 ACCEDONES.
476 2928 61 37 See
549 2933 269 30 ACCENDONES.

122 2975 375 37 ACCELERATED,
522 2975 134 37 implies,
680 2975 33 37 in
729 2975 19 37 a
762 2975 127 37 general
905 2975 97 37 fenfe,
1027 2975 112 37 quick-

217 3026 238 30 VOL.LNO.
478 3026 30 30 1.

978 3026 18 30 3

1243 205 93 37 ened,
1362 205 201 37 continually
1570 205 186 37 increafing.
1803 205 110 37 Thus,
1936 205 205 37 accelerated
2160 205 63 37 mo-

1238 252 72 37 tion
1326 257 27 30 is
1366 257 19 30 a
1399 252 122 37 motion
1538 252 195 37 continually
1749 252 185 37 increafing.
1985 252 61 37 See
2062 262 161 24 MECHA-

1246 308 99 24 NICS.

1195 345 396 37 ACCELERATION,
1617 345 39 37 an
1673 345 138 37 increafe
1824 345 40 37 of
1882 345 140 37 velocity
2037 345 33 37 in
2086 345 56 37 the
2154 345 69 37 mo-

1243 390 66 37 tion
1325 390 40 37 of
1384 390 18 37 a
1413 390 108 37 body;
1547 390 25 37 it
1588 390 27 37 is
1632 390 138 37 oppofed
1789 390 35 37 to
1840 390 209 37 retardation,
2073 390 106 37 which
2196 390 28 37 is

1243 436 17 37 a
1276 436 189 37 diminution
1478 436 40 37 of
1536 436 134 37 motion.

1194 484 325 36 ACCELERATION,
1544 483 26 37 is
1588 483 64 37 alfo
1669 477 18 45 a
1703 483 85 37 term
1810 483 77 37 ufed
1908 483 45 37 by
1976 483 125 37 ancient
2126 483 97 37 aftro-

1241 529 138 37 nomers,
1404 529 79 37 with
1499 529 107 37 whom
1621 529 26 37 it
1663 529 140 37 fignified
1818 529 56 37 the
1892 529 172 37 difference
2079 529 146 37 between

1242 575 54 37 the
1318 575 178 37 revolution
1513 575 40 37 of
1572 575 56 37 the
1644 575 137 37 primum
1798 575 130 37 mobile,
1953 575 63 37 and
2027 575 71 37 that
2109 575 41 37 of
2168 575 57 37 the

1241 620 68 37 fun,
1335 620 171 37 computed
1530 620 36 37 to
1591 620 39 37 be
1655 620 91 37 three
1766 620 139 37 minutes
1930 620 64 37 and
2015 620 138 37 fifty-fix
2173 620 50 37 fe-

1240 667 112 37 conds.

1194 714 378 37 ACCELERATOR,
1597 714 33 37 in
1647 714 161 37 anatomy,
1826 714 56 37 the
1898 714 92 37 name
2007 714 40 37 of
2060 714 64 37 two
2139 714 83 37 muf-

1241 759 64 37 cles
1317 759 41 37 of
1368 759 55 37 the
1438 759 101 37 penis,
1565 759 104 37 which
1686 759 87 37 ferve
1789 759 53 37 for
1857 759 136 37 ejecting
2009 759 55 37 the
2080 759 88 37 urine
2185 759 39 37 or

1242 805 116 37 femen.
1410 805 64 37 See
1483 806 214 36 ANATOMY,
1721 805 80 37 Part
1817 805 62 37 VI.

1193 852 376 37 ACCENDENTES,
1596 852 18 37 a
1637 852 100 37 lower
1758 852 97 37 order
1877 852 40 37 of
1935 852 155 37 minifters
2112 852 33 37 in
2167 852 57 37 the

1241 898 131 37 Romiffi
1389 898 133 37 church,
1548 898 105 37 whofe
1660 898 101 37 .office
1777 898 27 37 is
1821 898 35 37 to
1880 898 85 37 light
1990 898 62 37 and
2072 898 75 37 trim
2167 898 57 37 the

1242 945 140 37 candles.

1194 991 344 37 ACCENDONES,
1563 991 32 37 in
1612 991 128 37 Roman
1762 991 174 37 antiquity,
1963 991 19 37 a
2006 991 66 37 &rt
2096 991 40 37 of
2153 991 70 37 glar

1241 1037 134 37 diatbrs,
1400 1037 107 37 whofe
1524 1037 92 37 office
1637 1037 65 37 was
1727 1037 36 37 to
1786 1037 108 37 excite
1920 1037 63 37 and
2007 1037 136 37 animate
2166 1037 57 37 the

1242 1083 196 37 combatants
1449 1083 117 37 during
1577 1083 56 37 the
1641 1083 220 37 engagement.
1892 1083 62 37 See
1966 1084 257 36 GLADIATOR.

1193 1130 223 37 ACCENSI,
1442 1130 115 37 among
1574 1130 55 37 the
1652 1130 126 37 ancient
1794 1130 156 37 Romans.,
1976 1130 19 37 a
2015 1130 81 37 kind
2113 1130 40 37 of
2171 1130 51 37 fu-

1240 1175 226 37 pernumerary
1481 1175 144 37 foldiers,
1650 1175 75 37 who
1740 1175 111 37 ferved
1866 1175 36 37 to
1924 1175 46 37 fill
1994 1175 55 37 the
2065 1175 105 37 places
2187 1175 42 37 of

1240 1222 90 37 thofe
1342 1222 74 37 who
1432 1222 83 37 were
1531 1222 101 37 killed
1642 1222 38 37 or
1695 1222 201 37 difableffby
1912 1222 84 37 their
2010 1222 148 37 wounds.

1193 1269 171 36 ACCENSI
1381 1268 162 37 ferenfes,
1568 1268 116 37 among
1702 1268 56 37 the
1773 1268 157 37 Romans,
1956 1268 39 37 an
2015 1268 134 37 inferior
2168 1268 53 37 or-

1240 1313 60 37 der
1320 1313 41 37 of
1379 1313 137 37 officers,
1541 1313 74 37 who
1638 1313 152 37 attended
1812 1313 56 37 the
1891 1313 195 37 magiilrates
2111 1313 33 37 in
2166 1313 57 37 the

1241 1360 129 37 manner
1385 1360 41 37 of
1444 1360 60 37 our
1520 1360 119 37 ufhers,
1663 1360 164 37 ferjeants,
1853 1360 38 37 or
1907 1360 150 37 tipftaffs,

1194 1407 292 37 ACCENSION,
1506 1407 32 37 in
1555 1407 179 37 chemiftry,
1753 1407 54 37 the
1825 1407 104 37 a&ion
1946 1407 39 37 of
1996 1407 117 37 fetting
2130 1407 18 37 a
2163 1407 72 37 bo-'

1241 1452 44 37 dy
1301 1452 42 37 on
1359 1452 57 37 fire
1431 1452 9 37 :
1467 1452 75 37 thus
1559 1452 56 37 the
1632 1452 162 37 accenfion
1810 1452 40 37 of
1862 1452 106 37 tinder
1983 1452 27 37 is
2027 1452 137 37 effected
2178 1452 46 37 by

1242 1498 129 37 ftriking
1388 1498 57 37 fire
1461 1498 80 37 with
1561 1498 70 37 Hint
1648 1498 63 37 and
1726 1498 87 37 fteel.

1193 1544 214 37 ACCENT,
1425 1544 38 37 or
1474 1544 176 37 accenting,
1667 1544 34 37 in
1717 1544 131 37 reading
1859 1544 38 37 or
1909 1544 151 37 fpeaking
2074 1544 9 37 :
2110 1544 113 37 When

1242 1590 48 37 we
1318 1590 78 37 raife
1420 1590 55 37 the
1492 1590 75 37 tone
1584 1590 113 37 higher
1720 1590 34 37 in
1778 1590 156 37 founding
1960 1590 63 37 any
2049 1590 174 37 particular

1241 1636 91 37 word
1354 1636 37 37 or
1415 1636 144 37 fyUable,
1583 1636 72 37 that
1682 1636 92 37 word
1788 1636 39 37 or
1841 1636 133 37 fyllable
1996 1636 28 37 is
2041 1636 67 37 faid
2131 1636 34 37 to
2181 1636 42 37 be

1241 1680 164 37 accented,
1422 1680 38 37 or
1475 1680 118 37 graced
1618 1680 79 37 with
1714 1680 39 37 an
1777 1680 123 37 accent.
1950 1680 38 37 In
2016 1680 207 37 hexameters

1241 1726 90 37 there
1358 1726 26 37 is
1409 1726 21 37 a
1457 1726 116 37 capital
1588 1726 112 37 accent
1716 1726 32 37 in
1770 1726 97 37 every
1890 1726 75 37 line,
1994 1726 96 37 eafily
2112 1726 108 37 diltiu-

1242 1773 160 37 guiffiable
1418 1773 84 37 from
1518 1773 56 37 the
1590 1773 61 37 reft
1672 1773 44 37 by
1732 1773 122 37 a-good
1872 1773 66 37 ear.
1986 1773 109 37 Thus,

1287 1843 74 37 Nec
1384 1843 76 37 bene
1476 1843 191 37 promeritis
1690 1843 142 37 capit&r,
1857 1843 57 37 nec
1934 1843 154 37 tangitur
2103 1843 69 37 ira.

1240 1913 140 37 Accents
1392 1913 103 37 either
1510 1913 33 37 in
1558 1913 90 37 profe
1664 1913 38 37 or
1717 1913 115 37 poetry
1848 1913 80 37 have
1940 1913 19 37 a
1971 1913 118 37 double
2101 1913 93 37 effedt
2208 1913 10 37 :

1239 1959 100 37 They
1354 1959 180 37 contribute
1558 1959 35 37 to
1611 1959 54 37 the
1690 1959 141 37 melody,
1856 1959 44 37 by
1923 1959 108 37 giving
2047 1959 26 37 it
2089 1959 47 37 air
2155 1959 65 37 and

1240 2004 110 37 fpirit;
1376 2004 79 37 they
1467 2004 181 37 contribute
1664 2004 58 37 not
1736 2004 60 37 lefs
1814 2004 33 37 to
1865 2004 56 37 the
1937 2004 97 37 fenfe,
2052 2004 43 37 by
2110 2004 110 37 diftin-

1240 2050 142 37 guilhing
1398 2050 105 37 words
1521 2050 40 37 of
1571 2050 197 37 importance
1795 2050 87 37 from
1905 2050 124 37 others.
2078 2050 143 37 Accent-

1241 2096 54 37 ing
1312 2096 24 37 is
1354 2096 136 37 entirely
1505 2096 145 37 confined
1672 2096 35 37 to
1722 2096 78 37 long
1815 2096 148 37 fyllables
1979 2096 10 37 ;
2027 2096 52 37 for
2097 2096 19 37 a
2132 2096 88 37 ffiofit

1240 2143 131 37 fyllable
1394 2143 27 37 is
1437 2143 57 37 not
1510 2143 129 37 capable
1655 2143 40 37 of
1712 2143 41 37 an
1775 2143 121 37 accent.
1946 2143 111 37 Every
2079 2143 92 37 word
2186 2143 35 37 in

1241 2189 40 37 an
1296 2189 188 37 hexameter
1499 2189 64 37 line
1579 2189 72 37 that
1665 2189 57 37 has
1746 2189 19 37 a
1779 2189 77 37 long
1871 2189 133 37 fyllable
2020 2189 74 37 may
2109 2189 40 37 be
2165 2189 54 37 ac-

1241 2236 125 37 cented,
1391 2236 104 37 unlefs
1522 2236 56 37 the
1601 2236 86 37 fenfe
1702 2236 168 37 interpofe,
1895 2236 106 37 which
2025 2236 114 37 rejedts
2161 2236 59 37 the

1241 2282 163 37 accenting
1420 2282 19 37 a
1453 2282 89 37 word
1560 2282 70 37 that
1646 2282 108 37 makes
1771 2282 41 37 no
1828 2282 100 37 figure
1944 2282 45 37 by
2004 2282 41 37 its
2063 2282 154 37 fignifica-t

1239 2329 80 37 tion.
1376 2329 79 37 But,
1484 2329 281 37 notwithftanding
1781 2329 63 37 this
1861 2329 238 37 circumftance,
2125 2329 92 37 there

1239 2375 27 37 is
1293 2375 178 37 conftantly
1493 2375 61 37 one
1582 2375 109 37 accent
1707 2375 33 37 in
1757 2375 97 37 every
1871 2375 63 37 line
1951 2375 106 37 which
2073 2375 108 37 makes
2199 2375 20 37 a

1240 2420 125 37 greater
1381 2420 100 37 figure
1497 2420 77 37 than
1594 2420 63 37 any
1675 2420 41 37 of
1733 2420 55 37 the
1804 2420 73 37 reft.
1925 2420 109 37 Thus,

1284 2490 128 37 Smooth
1419 2490 81 37 flow
1515 2490 53 37 the
1583 2490 124 37 wdves,
1733 2490 53 37 the
1801 2490 131 37 zephyrs
1942 2490 111 37 gently
2065 2490 91 37 play,

1286 2537 140 37 Belinda
1432 2537 132 37 fmil'd,
1588 2537 71 37 and
1676 2537 52 37 all
1745 2537 53 37 the
1812 2537 110 37 world
1933 2537 72 37 was
2019 2537 77 37 gay.

1237 2606 39 37 In
1304 2606 94 37 order
1426 2606 34 37 to
1487 2606 154 37 facilitate
1657 2606 56 37 the
1730 2606 131 37 reading
1883 2606 41 37 of
1933 2606 82 37 dead
2030 2606 184 37 languages,

1238 2653 223 37 grammarians
1484 2653 80 37 have
1592 2653 140 37 adopted
1754 2653 127 37 various
1906 2653 175 37 characters
2099 2653 52 37 for
2166 2653 49 37 di-

1239 2700 199 37 ftinguiffiing
1453 2700 56 37 the
1525 2700 125 37 accents
1667 2700 170 37 belonging
1861 2700 35 37 to
1920 2700 173 37 particular
2120 2700 95 37 fylla-:

1239 2745 89 37 bles;
1354 2745 77 37 fuch
1448 2745 32 37 as
1497 2745 55 37 the
1565 2745 103 37 acute,
1693 2745 132 37 marked
1840 2745 87 37 thus,
1948 2745 70 37 ('),
2048 2745 55 37 the
2119 2745 97 37 grave

1240 2792 73 37 thus
1327 2792 70 37 ('),
1414 2792 63 37 and
1488 2792 55 37 the
1556 2792 184 37 circumflex
1752 2792 74 37 thus
1845 2792 12 37 (
1857 2783 25 24 w
1882 2792 147 37 ),ior(*),
2045 2792 65 37 &c.
2137 2792 78 37 The

1186 2839 10 37 ..
1237 2839 92 37 acute
1352 2839 132 37 denotes
1509 2839 71 37 that
1603 2839 56 37 the
1691 2839 90 37 voice
1813 2839 26 37 is
1872 2839 35 37 to
1934 2839 39 37 be
2001 2839 121 37 raifed;
2157 2839 58 37 the

1239 2885 107 37 grave,
1373 2885 70 37 that
1457 2885 27 37 it
1500 2885 27 37 is
1551 2885 36 37 to
1603 2885 40 37 be
1659 2885 141 37 lowered
1816 2885 37 37 or
1874 2885 153 37 flattened
2040 2885 10 37 ;
2078 2885 62 37 and
2156 2885 58 37 the

1239 2931 196 37 circumflex,
1460 2931 71 37 that
1558 2931 56 37 the
1638 2931 134 37 fyllable
1793 2931 26 37 is
1843 2931 36 37 to
1900 2931 40 37 be
1959 2931 194 37 lengthened
2174 2931 50 37 or.

1239 2979 96 37 dwelt
1351 2979 98 37 upon.

2051 3025 161 36 ACCENT
