2517 3387
233 200 82 75 6%o

860 200 196 75 BO
1174 200 39 75 T

276 263 131 75 Orobus
423 263 179 75 tuberofus,
627 263 214 75 wood-peafe,
867 263 37 75 or
914 263 217 75 heath-peafe,
1156 263 106 75 grows

233 311 29 75 in
291 311 279 75 pafluie-ground,
603 311 124 75 woods,
759 311 132 75 hedges,
925 311 64 75 &c.
1055 311 77 75 The
1160 311 100 75 roots,

234 357 88 75 when
338 357 120 75 boiled,
483 357 38 75 or
544 357 92 75 made
660 357 68 75 into
750 357 111 75 bread,
886 357 16 75 a
907 357 84 75 (Ford
1007 357 160 75 excellent
1184 357 77 75 nou-

230 402 161 75 rifliment.

277 448 106 75 Pifum
411 448 207 75 maritimum,
644 448 38 75 or
706 448 170 75 fea-peafe.
925 448 38 75 In
988 448 56 75 the
1065 448 76 75 year
1162 448 99 75 1655,

231 495 91 75 when
340 495 18 75 a
374 495 91 75 great
481 495 118 75 famine
616 495 160 75 prevailed
791 495 32 75 in
840 495 162 75 England,
1028 495 54 75 the
1097 495 77 75 poor
1192 495 74 75 peo-

232 541 51 75 ple
299 541 32 75 in
349 541 214 75 Oxfordfliird
579 541 86 75 lived
681 541 189 75 principally
883 541 86 75 upon
980 541 55 75 the
1047 541 88 75 feeds
1151 541 40 75 of
1203 541 63 75 this

232 586 99 75 plant.

276 633 177 75 Trifolium
471 633 124 75 repens,
620 633 38 75 or
673 633 97 75 white
786 633 119 75 clover,
931 633 106 75 grows
1053 633 32 75 in
1103 633 159 75 meadows

231 679 62 75 and
309 679 293 75 pallure-grounds.
649 679 77 75 The
750 679 125 75 flowers
899 679 40 75 of
958 679 64 75 this
1044 679 101 75 plant,
1170 679 93 75 when

231 725 103 75 dried,
361 725 92 75 make
469 725 159 75 tolerably
644 725 84 75 good
745 725 112 75 bread.

227 771 5 75 .
276 771 178 75 Trifolium
485 771 157 75 pratenfe,
684 771 111 75 purple
827 771 36 75 or
894 771 215 75 honeyfuckle
1140 771 120 75 clover.

231 818 76 75 The
325 818 133 75 Scotch,
483 818 93 75 when
592 818 163 75 opprefled
778 818 80 75 with
874 818 19 75 a
917 818 130 75 famine,
1073 818 76 75 ufed
1164 818 98 75 bread

231 864 92 75 made
340 864 40 75 of
398 864 55 75 the
477 864 125 75 flowers
628 864 40 75 of
687 864 64 75 this
776 864 101 75 plant.
926 864 77 75 And
1028 864 114 75 indeed
1165 864 99 75 bread

231 909 74 75 may
331 909 40 75 be
398 909 93 75 made
518 909 39 75 of
589 909 55 75 the
671 909 125 75 flowers
824 909 41 75 of
893 909 98 75 every
1018 909 87 75 plant
1132 909 131 75 belong-

228 956 58 75 ing
302 956 35 75 to
361 956 55 75 the
443 956 78 75 clafs
546 956 103 75 called
675 956 198 75 diadeiphia,
905 956 104 75 which
1035 956 230 75 comprehends

232 1001 77 75 near
326 1001 68 75 600
407 1001 132 75 fpecies.

688 1001 4 75 ,
712 1001 5 75 .

277 1048 212 75 Hipochrasfis
501 1048 170 75 maculata,
698 1048 36 75 or
751 1048 125 75 fpotted
888 1048 198 75 hawkweed,
1103 1048 104 75 grows
1225 1048 41 75 on

231 1095 77 75 high
327 1095 293 75 pallure-grounds.
667 1095 78 75 The
762 1095 143 75 peafants
921 1095 41 75 of
979 1095 146 75 Norway
1142 1095 52 75 ufe
1209 1095 56 75 the

227 1141 109 75 leaves
350 1141 33 75 as
400 1141 152 75 cabbage.

281 1187 147 75 Sonchus
460 1187 175 75 oleraceus,
675 1187 39 75 or
740 1187 147 75 common
915 1187 199 75 fow-thiftle.
1185 1187 81 75 The

234 1232 106 75 young
356 1232 104 75 leaves
477 1232 51 75 eat
545 1232 210 75 exceedingly
768 1232 73 75 well
858 1232 92 75 when
962 1232 118 75 boiled.

279 1280 223 75 Tragopodon
524 1280 154 75 pratenfe,
705 1280 37 75 or
767 1280 116 75 yellow
901 1280 230 75 goat’s-beard,
1157 1280 105 75 grows

228 1326 36 75 in
280 1326 160 75 meadows
458 1326 63 75 And
536 1326 290 75 pallure-grounds.
874 1326 76 75 The
966 1326 102 75 roots,
1094 1326 91 75 when
1198 1326 65 75 dug

233 1372 42 75 up
291 1372 113 75 before
420 1372 55 75 the
491 1372 89 75 plant
596 1372 138 75 flowers,
758 1372 81 75 have
855 1372 20 75 a
889 1372 61 75 fine
974 1372 135 75 flavour,
1133 1372 64 75 and
1212 1372 53 75 are

232 1418 77 75 very
325 1418 194 75 nourilhing.

281 1464 149 75 Arctium
446 1464 106 75 lappa,
578 1464 35 75 or
625 1464 158 75 burdock.
831 1464 76 75 The
921 1464 106 75 young
1044 1464 107 75 flalks,
1169 1464 93 75 when

234 1509 56 75 the
305 1509 80 75 bark
402 1509 26 75 is
444 1509 95 75 taken
557 1509 57 75 off,
640 1509 64 75 eat,
729 1509 92 75 when
846 1509 119 75 boiled,
991 1509 64 75 like
1082 1509 179 75 afparagus.

226 1558 106 75 -Some
349 1558 111 75 people
478 1558 53 75 ufe
547 1558 88 75 them
651 1558 32 75 in
707 1558 18 75 a
748 1558 98 75 crude
862 1558 90 75 Hate,
978 1558 77 75 with
1074 1558 44 75 oil
1137 1558 63 75 and
1215 1558 46 75 vi-

233 1603 112 75 negar.

283 1648 148 75 Carduus
454 1648 157 75 paluftris,
637 1648 37 75 or
700 1648 237 75 marfh-thiflle.
987 1648 126 75 Almofl
1140 1648 43 75 all
1211 1648 57 75 the

235 1695 119 75 fpecies
371 1695 41 75 of
424 1695 104 75 ihiftle
544 1695 74 75 may
634 1695 40 75 be
697 1695 75 75 ufed
788 1695 32 75 in
837 1695 56 75 the
909 1695 84 75 fame
1016 1695 130 75 manner
1163 1695 33 75 as
1213 1695 55 75 the

236 1741 157 75 burdock.

285 1787 113 75 Urtica
414 1787 115 75 dioica,
555 1787 38 75 or
620 1787 146 75 common
793 1787 114 75 nettle.
955 1787 77 75 The
1061 1787 52 75 ufe
1141 1787 40 75 of
1204 1787 64 75 this

236 1834 88 75 plant
340 1834 34 75 as
391 1834 18 75 a
425 1834 153 75 pot-herb
593 1834 27 75 is
638 1834 72 75 well
726 1834 130 75 known.

284 1878 147 75 Quercus
454 1878 109 75 robur,
589 1878 38 75 or
650 1878 146 75 common
825 1878 76 75 oak.
949 1878 141 75 Acorns,
1116 1878 116 75 during
1249 1878 18 75 a

237 1926 131 75 famine,
392 1926 81 75 have
489 1926 90 75 often
595 1926 80 75 been
692 1926 93 75 made
800 1926 68 75 into
886 1926 109 75 bread.

285 1970 104 75 Fagus
406 1970 165 75 fylvatica,
594 1970 36 75 or
644 1970 97 75 beach
760 1970 80 75 tree.
890 1970 106 75 Bread
1012 1970 57 75 has
1086 1970 180 75 fometimes

238 2018 80 75 been
338 2018 93 75 made
458 2018 40 75 of
516 2018 57 75 the
589 2018 96 75 nuts;
711 2018 58 75 but
786 2018 102 75 uniefs
905 2018 76 75 they
998 2018 41 75 be
1062 2018 73 75 well
1162 2018 103 75 dried,

237 2065 56 75 the
311 2065 96 75 bread
426 2065 89 75 made
532 2065 39 75 of
582 2065 88 75 them
687 2065 66 75 will
770 2065 139 75 produce
934 2065 20 75 a
977 2065 93 75 flight
1092 2065 117 75 degree
1233 2065 40 75 of

239 2110 222 75 intoxication.

287 2155 139 75 Gorylus
444 2155 153 75 avelhma,
622 2155 38 75 Or
676 2155 55 75 the
747 2155 161 75 hafel-nut
924 2155 79 75 tree.
1055 2155 111 75 Every
1182 2155 87 75 body

239 2203 111 75 knows
368 2203 55 75 the
439 2203 166 75 agreeable
621 2203 121 75 flavour
759 2203 62 75 and
838 2203 151 75 nutritive
1005 2203 124 75 quality
1154 2203 39 75 of
1212 2203 56 75 ha-

241 2250 41 75 fel
301 2250 86 75 nuts.

289 2295 97 75 Einus
402 2295 169 75 fylvefiris,
595 2295 38 75 or
658 2295 96 75 Scots
781 2295 50 75 fir.
879 2295 77 75 The
980 2295 212 75 Norwegians
1208 2295 63 75 and

243 2341 107 75 others
367 2341 93 75 make
477 2341 97 75 bread
590 2341 43 75 of
641 2341 64 75 this
722 2341 68 75 tree
814 2341 31 75 in
864 2341 56 75 the
937 2341 166 75 following
1120 2341 147 75 manner:

241 2387 99 75 They
357 2387 92 75 feledt
464 2387 76 75 fuch
557 2387 110 75 trunks
685 2387 33 75 as
736 2387 53 75 are
802 2387 80 75 moft
893 2387 124 75 fmooth
1030 2387 61 75 and
1103 2387 80 75 have
1194 2387 76 75 Leaft

243 2433 99 75 refin;
369 2433 77 75 they
464 2433 74 75 take
554 2433 52 75 off
617 2433 55 75 the
688 2433 93 75 bark,
806 2433 75 75 then
910 2433 61 75 dry
998 2433 27 75 it
1046 2433 34 75 in
1094 2433 55 75 the
1164 2433 106 75 {hade,

245 2480 60 75 and
323 2480 187 75 afterwards
526 2480 80 75 toaft
623 2480 25 75 it
665 2480 76 75 over
753 2480 19 75 a
788 2480 67 75 fire,
875 2480 65 75 and
949 2480 92 75 grind
1057 2480 24 75 it
1094 2480 68 75 into
1177 2480 94 75 meal.

244 2524 98 75 They
359 2524 161 75 generally
547 2524 68 75 mix
631 2524 78 75 with
727 2524 24 75 it
775 2524 22 75 a
813 2524 84 75 little
913 2524 161 75 oat-meal,
1084 2524 35 75 or
1147 2524 122 75 barley.

244 2572 86 75 This
347 2572 112 75 bread,
483 2572 92 75 made
592 2572 39 75 of
643 2572 146 75 fir-bark,
806 2572 26 75 is
852 2572 56 75 not
924 2572 77 75 only
1017 2572 76 75 ufed
1107 2572 38 75 in.
1157 2572 18 75 a
1190 2572 82 75 fear-

247 2618 65 75 city
340 2618 38 75 of
401 2618 186 75 provifions,
609 2618 58 75 but
693 2618 27 75 is
743 2618 52 75 eat
812 2618 31 75 at
861 2618 42 75 all
920 2618 91 75 times
1027 2618 43 75 by
1086 2618 55 75 the
1158 2618 115 75 poorer

246 2663 77 75 fort.

295 2707 123 75 Lichen
435 2707 178 75 iflandicus,
638 2707 36 75 or
691 2707 247 75 eryngo-leaved
954 2707 80 75 liver
1051 2707 93 75 wort,
1171 2707 103 75 grows

249 2752 114 75 among
379 2752 98 75 heath
497 2752 63 75 and
584 2752 83 75 upon
695 2752 76 75 high
790 2752 152 75 grounds.
989 2752 77 75 The
1083 2752 192 75 inhabitants

250 2803 39 75 of
300 2803 130 75 Iceland
445 2803 80 75 have
541 2803 76 75 long
634 2803 76 75 ufed
726 2803 63 75 this
806 2803 100 75 plant,
933 2803 79 75 both
1029 2803 129 75 boiled^
1170 2803 63 75 and
1244 2803 32 75 in

248 2849 55 75 the
318 2849 86 75 form
423 2849 39 75 of
473 2849 111 75 bread.

1332 198 367 75 ANY.

1359 262 125 75 Lichen
1501 262 132 75 vellcus,
1651 262 37 75 or
1705 262 100 75 fleecy
1821 262 191 75 liver-wbrf,
2031 262 104 75 grows
2154 262 83 75 upon
2255 262 86 75 hiuV.

1311 308 37 75 In
1367 308 77 75 time
1468 308 39 75 of
1525 308 131 75 famine,
1684 308 54 75 the
1765 308 196 75 inhabitants
1990 308 74 75 ufed
2087 308 62 75 this
2179 308 87 75 plant
2291 308 51 75 for

1310 354 90 75 food.

1358 402 140 75 Fungus,
1525 402 38 75 or
1579 402 192 75 mufhroom.
1819 402 76 75 The
1913 402 116 75 fpecies
2045 402 40 75 of
2104 402 64 75 this
2187 402 85 75 plant
2288 402 54 75 are

1313 446 77 75 very
1408 446 183 75 numerous.
1642 446 98 75 Some
1764 446 40 75 of
1823 446 88 75 them
1936 446 53 75 ate
2011 446 76 75 ufed
2116 446 40 75 by
2177 446 55 75 the
2261 446 80 75 rich,

1315 492 109 75 rarher
1439 492 34 75 as
1490 492 19 75 a
1524 492 172 75 feafoning,
1715 492 83 75 than
1816 492 33 75 as
1867 492 89 75 food.
2006 492 109 75 When
2129 492 93 75 taken
2240 492 31 75 in
2288 492 56 75 tob

1315 539 89 75 great
1422 539 163 75 quantity,
1603 539 77 75 they
1695 539 53 75 are
1765 539 179 75 abfolutely
1960 539 197 75 indigeflible
2170 539 8 75 ;
2197 539 73 75 and,
2285 539 57 75 un.-

1314 586 59 75 lefs
1390 586 126 75 thrown
1534 586 42 75 up
1593 586 81 75 from
1700 586 54 75 the
1777 586 156 75 ftomaeh,
1957 586 63 75 will
2038 586 97 75 prove
2152 586 32 75 as
2201 586 79 75 fatal
2309 586 33 75 as

1310 632 56 75 the
1399 632 78 75 moll:
1508 632 115 75 deadly
1651 632 121 75 poifon.
1820 632 76 75 The
1929 632 91 75 poor,
2058 632 172 75 therefqre,
2269 632 73 75 who

1311 677 106 75 would
1436 677 38 75 be
1489 677 80 75 very
1586 677 52 75 apt
1657 677 34 75 to
1710 677 55 75 fall
1781 677 69 75 into
1873 677 64 75 this
1962 677 103 75 error,
2088 677 65 75 had
2170 677 103 75 better
2293 677 50 75 re-

1311 724 82 75 frain
1410 724 83 75 from
1510 724 54 75 the
1583 724 51 75 ufe
1651 724 41 75 of
1702 724 193 75 mufnrcoms
1912 724 191 75 altogether.

1357 771 98 75 From
1472 771 62 75 this
1551 771 64 75 fhoi
1624 771 12 75 t
1653 771 49 75 lifl
1718 771 41 75 of
1769 771 140 75 efculent
1932 771 104 75 plants
2049 771 86 75 'that
2160 771 88 75 grow
2268 771 75 75 wild

1310 816 32 75 in
1359 816 58 75 our
1437 816 72 75 own
1526 816 148 75 country,
1700 816 48 75 we
1772 816 50 75 fee
1849 816 74 75 how
1937 816 148 75 libeiaily
2103 816 47 75 we
2167 816 53 75 are
2237 816 104 75 provi-

1311 862 64 75 ded
1391 862 77 75 with
1493 862 159 75 refources
1669 862 30 75 in
1717 862 69 75 cafe
1801 862 40 75 of
1852 862 18 75 a
1887 862 133 75 fcareity
2036 862 40 75 of
2089 862 55 75 the
2161 862 182 75 vegetables

1312 909 122 75 ufually
1452 909 171 75 cultivated
1642 909 49 75 for
1710 909 88 75 food,
1824 909 61 75 and
1899 909 33 75 at
1948 909 54 75 the
2020 909 84 75 fame
2120 909 76 75 time
2215 909 53 75 the
2285 909 56 75 ad-

1314 956 149 75 vantages
1477 956 71 75 that
1564 956 102 75 might
1684 956 39 75 be
1739 956 129 75 derived
1885 956 83 75 from
1990 956 18 75 a
2025 956 77 75 very
2117 956 94 75 flight
2227 956 116 75 degree

1314 1002 38 75 of
1363 1002 190 75 knowledge
1567 1002 32 75 in
1617 1002 131 75 botany.
1781 1002 103 75 Many
1902 1002 39 75 of
1952 1002 86 75 thefe
2056 1002 105 75 plants
2175 1002 89 75 grow
2278 1002 65 75 beft

1314 1047 32 75 in
1362 1047 73 75 foils
1452 1047 106 75 which
1570 1047 116 75 cannot
1702 1047 39 75 be
1758 1047 167 75 employed
1942 1047 51 75 for
2005 1047 112 75 railing
2136 1047 76 75 corn
2230 1047 39 75 of
2281 1047 61 75 any

1313 1093 89 75 kind.
1453 1093 143 75 Befides,
1620 1093 77 75 they
1714 1093 52 75 are
1791 1093 210 75 exceedingly
2026 1093 117 75 hardy,
2168 1093 61 75 and
2244 1093 98 75 fuffer

1314 1139 55 75 but
1386 1139 83 75 little
1486 1139 84 75 from
1586 1139 136 75 feafons,
1740 1139 104 75 which
1861 1139 32 75 in
1910 1139 18 75 a
1944 1139 88 75 gieat
2048 1139 141 75 meafure
2217 1139 126 75 deflroy

1314 1186 54 75 the
1386 1186 86 75 more
1489 1186 135 75 delicate
1641 1186 103 75 plants
1761 1186 104 75 which
1879 1186 47 75 we
1939 1186 152 75 cultivate
2104 1186 76 75 with
2201 1186 31 75 fa
2248 1186 95 75 much

1310 1231 111 75 labour
1444 1231 62 75 and
1531 1231 153 75 expence.
1734 1231 31 75 It
1782 1231 72 75 may
1871 1231 39 75 be
1925 1231 127 75 further
2069 1231 178 75 remarked,
2272 1231 70 75 that

1309 1278 94 75 many
1420 1278 245 75 improvements
1689 1278 31 75 in
1738 1278 191 75 agriculture
1949 1278 61 75 and
2032 1278 54 75 the
2102 1278 100 75 ufeful
2222 1278 68 75 part
2307 1278 40 75 of

1311 1323 173 75 gardening
1501 1323 101 75 might
1619 1323 39 75 be
1669 1323 153 75 expeffed
1841 1323 82 75 from
1939 1323 208 75 propagating
2164 1323 16 75 a
2198 1323 75 75 tafle
2289 1323 52 75 for

1313 1368 178 75 refearches
1507 1368 68 75 into
1591 1368 54 75 the
1662 1368 111 75 nature
1790 1368 61 75 and
1868 1368 174 75 properties
2059 1368 40 75 of
2112 1368 198 75 vegetables..

1360 1464 32 75 2.
1417 1464 302 75 Medicine.—It
1741 1464 26 75 is
1792 1464 39 75 an
1847 1464 148 75 unhappy
2011 1464 234 75 circumflance,
2271 1464 72 75 that

1312 1508 54 75 the
1383 1508 77 75 bulk
1477 1508 39 75 of
1527 1508 176 75 phyficians
1717 1508 33 75 in
1767 1508 41 75 all
1826 1508 169 75 age&have
2007 1508 78 75 been
2099 1508 86 75 more
2203 1508 125 75 remark

1315 1554 69 75 able
1412 1554 52 75 for
1490 1554 85 75 their
1601 1554 196 75 attachment
1831 1554 45 75 to,
1894 1554 56 75 the
1978 1554 135 75 abftrufe
2140 1554 63 75 and
2230 1554 112 75 ufelefs

1315 1600 85 75 parts
1418 1600 38 75 of
1473 1600 55 75 the
1550 1600 134 75 fcience,
1709 1600 76 75 than
1801 1600 36 75 to
1860 1600 55 75 the
1932 1600 110 75 nature
2059 1600 60 75 and
2137 1600 74 75 cure
2228 1600 40 75 of
2279 1600 62 75 dif-

1315 1646 97 75 eafes,
1438 1646 55 75 the
1511 1646 113 75 proper
1640 1646 118 75 objects
1776 1646 41 75 of
1838 1646 83 75 their
1941 1646 177 75 profeflion.
2166 1646 125 75 Inftead
2308 1646 41 75 of

1316 1691 159 75 difputing
1499 1691 33 75 in
1557 1691 80 75 folio
1652 1691 75 75 how
1742 1691 75 75 fuch
1835 1691 19 75 a
1870 1691 87 75 plant
1981 1691 90 75 cures
2087 1691 75 75 fuch
2180 1691 18 75 a
2213 1691 130 75 difeafe,

1317 1738 63 75 had
1395 1738 77 75 they
1490 1738 136 75 exerted
1642 1738 84 75 their
1741 1738 141 75 induftry
1899 1738 62 75 and
1977 1738 110 75 genius
2113 1738 33 75 in
2176 1738 166 75 afeertain-

1318 1784 53 75 ing
1388 1784 55 75 the
1460 1784 75 75 fa£t,
1561 1784 62 75 and
1638 1784 77 75 then
1732 1784 178 75 proceeded
1926 1784 35 75 to
1978 1784 91 75 make
2097 1784 125 75 further
2239 1784 104 75 inqui-

1317 1831 60 75 ries
1400 1831 69 75 into
1493 1831 55 75 the
1573 1831 147 75 qualities
1738 1831 40 75 of
1796 1831 93 75 other
1913 1831 137 75 fimples,
2075 1831 55 75 the
2158 1831 135 75 praflice
2309 1831 40 75 of

1316 1877 105 75 phyfic
1436 1877 108 75 would
1561 1877 56 75 not
1632 1877 81 75 have
1729 1877 80 75 been
1833 1877 19 75 a
1875 1877 90 75 thing
1981 1877 40 75 of
2032 1877 76 75 fuch
2126 1877 17 75 a
2159 1877 186 75 flu&uating

1315 1922 110 75 nature
1443 1922 32 75 as
1492 1922 27 75 it
1530 1922 75 75 ever
1620 1922 56 75 has
1693 1922 91 75 been,
1802 1922 63 75 and
1880 1922 61 75 ftill
1962 1922 164 75 continues
2144 1922 40 75 to.
2195 1922 52 75 be.

1362 1968 104 75 Many
1479 1968 230 75 praditioners,
1734 1968 85 75 fome
1835 1968 39 75 of
1885 1968 89 75 them
1991 1968 72 75 men
2079 1968 41 75 of
2131 1968 213 75 confiderable

1316 2014 149 75 abilities,
1483 2014 93 75 affed
1588 2014 34 75 to
1638 2014 119 75 defpife
1773 2014 56 75 the
1844 2014 120 75 fcicnce
1981 2014 39 75 of
2034 2014 131 75 botany,
2184 2014 160 75 alledging

1316 2060 71 75 that
1398 2060 27 75 it
1435 2060 123 75 affords
1571 2060 42 75 no
1626 2060 152 75 afirftance
1790 2060 35 75 to
1838 2060 81 75 their
1932 2060 71 75 art;
2030 2060 62 75 and
2104 2060 70 75 that
2190 2060 25 75 it
2229 2060 25 75 is
2265 2060 80 75 very

1317 2106 112 75 ufclefs
1447 2106 36 75 to
1499 2106 75 75 load
1589 2106 84 75 their
1690 2106 165 75 memories
1872 2106 79 75 with
1980 2106 19 75 a
2025 2106 75 75 long
2127 2106 165 75 catalogue
2309 2106 40 75 of

1316 2152 82 75 hard
1419 2152 119 75 names,
1564 2152 137 75 without
1717 2152 94 75 being
1828 2152 18 75 a
1864 2152 78 75 whit
1958 2152 56 75 th.e
2031 2152 89 75 wifer
2137 2152 78 75 with
2232 2152 114 75 regard

1318 2199 35 75 to
1376 2199 54 75 the
1447 2199 138 75 medical
1599 2199 187 75 properties.
1834 2199 141 75 Befides,
2000 2199 77 75 they
2099 2199 135 75 imagine
2251 2199 96 75 every

1319 2245 95 75 fingle
1430 2245 97 75 genus
1556 2245 62 75 and
1642 2245 119 75 fpecie.s
1783 2245 41 75 of
1843 2245 55 75 the
1923 2245 105 75 whole
2052 2245 166 75 vegetable
2246 2245 99 75 tribes

1320 2291 34 75 to
1371 2291 39 75 be
1427 2291 151 75 poffeffed
1592 2291 40 75 of
1654 2291 138 75 peculiar
1820 2291 63 75 and
1906 2291 122 75 diftind
2055 2291 176 75 properties
2248 2291 10 75 ;
2284 2291 63 75 and

1319 2337 70 75 that
1405 2337 28 75 it
1454 2337 107 75 would
1577 2337 126 75 require
1720 2337 53 75 the
1790 2337 113 75 labour
1925 2337 39 75 of
1982 2337 19 75 a
2024 2337 104 75 whole
2144 2337 57 75 life
2219 2337 75 75 time
2312 2337 34 75 to

1318 2382 151 75 afeertain
1486 2382 54 75 the
1560 2382 120 75 virtues
1697 2382 39 75 of
1748 2382 17 75 a
1783 2382 62 75 few
1860 2382 118 75 plants.

1366 2428 32 75 It
1410 2428 80 75 muff
1501 2428 115 75 indeed
1630 2428 40 75 be
1683 2428 168 75 confefled,
1871 2428 69 75 that
1951 2428 56 75 the
2024 2428 125 75 writers
2162 2428 61 75 and
2235 2428 113 75 teach-

1321 2475 48 75 ers
1387 2475 40 75 of
1438 2475 118 75 botany
1567 2475 81 75 have
1662 2475 56 75 not
1736 2475 77 75 been
1831 2475 188 75 fufficiently
2036 2475 123 75 careful
2170 2475 36 75 to
2216 2475 132 75 prevent

1320 2521 176 75 refledions
1525 2521 39 75 of
1583 2521 63 75 this
1673 2521 90 75 kind.
1811 2521 77 75 The
1904 2521 155 75 technical
2078 2521 71 75 part
2166 2521 38 75 of
2216 2521 55 75 the
2289 2521 58 75 fci-

1319 2564 81 75 ence
1412 2564 151 75 ingroffes
1579 2564 83 75 their
1691 2564 90 75 chief
1803 2564 179 75 attention:
2010 2564 36 75 If
2069 2564 56 75 the
2152 2564 119 75 virtues
2295 2564 54 75 are

1321 2613 109 75 talked
1440 2613 48 75 ©f,
1504 2613 26 75 it
1546 2613 27 75 is
1590 2613 76 75 only
1683 2613 31 75 in
1728 2613 18 75 a
1761 2613 130 75 curfory
1907 2613 148 75 manner:
2081 2613 76 75 The
2170 2613 75 75 only
2256 2613 93 75 thing

1322 2659 70 75 that
1408 2659 57 75 can
1482 2659 114 75 render
1611 2659 56 75 the
1683 2659 120 75 fcience
1830 2659 206 75 refpedable,
2056 2659 31 75 is
2111 2659 102 75 either
2234 2659 116 75 totally

1324 2705 133 75 omitted
1473 2705 35 75 in
1524 2705 82 75 their
1629 2705 140 75 fyftems,
1795 2705 37 75 or
1843 2705 183 75 difpatched
2050 2705 31 75 in
2099 2705 17 75 a
2133 2705 63 75 line
2216 2705 37 75 or
2270 2705 78 75 two.

1324 2752 65 75 But
1406 2752 48 75 we
1470 2752 54 75 are
1539 2752 105 75 happy
1660 2752 35 75 to
1711 2752 78 75 find,
1806 2752 70 75 that
1893 2752 56 75 the
1965 2752 124 75 fcieace,
2100 2752 109 75 begins
2227 2752 71 75 now
2315 2752 34 75 to

1327 2798 52 75 get
1394 2798 85 75 fome
1497 2798 123 75 footing
1645 2798 31 75 in
1702 2798 63 75 this
1788 2798 147 75 country.
1983 2798 52 75 By
2060 2798 54 75 the
2132 2798 140 75 induftry
2288 2798 64 75 and

1326 2843 88 75 fpirit
1430 2843 39 75 of
1481 2843 27 75 a.
1516 2843 127 75 worthy
1663 2843 161 75 Profeffor
1834 2843 33 75 *,
1892 2843 56 75 the
1963 2843 77 75 tafte
2063 2843 59 75 has
2138 2843 79 75 been
2237 2843 114 75 propa-

2256 2889 96 75 gated

292 2981 19 75 *
333 2981 49 75 Dr
393 2981 85 75 John
490 2981 95 75 Hope
596 2981 146 75 profelfor
753 2981 38 75 of
798 2981 151 75 medicine
965 2981 61 75 and
1038 2981 117 75 botany
1169 2981 34 75 in
1216 2981 53 75 the
1284 2981 164 75 univerflty
1463 2981 38 75 of
1516 2981 194 75 Edinburgh.
1743 2981 215 75 Immediately
1972 2981 81 75 after
2072 2981 51 75 the
2139 2981 139 75 Dodor’s
2293 2981 56 75 ad.-

250 3018 112 75 wiiiTion
376 3018 33 75 to
428 3018 52 75 the
499 3018 157 75 botanical
671 3018 106 75 chair,,
789 3018 39 75 he
847 3018 115 75 offered
980 3018 72 75 gold
1066 3018 62 75 and
1150 3018 88 75 filver
1258 3018 117 75 medals
1401 3018 34 75 to
1453 3018 49 75 his
1519 3018 137 75 {Indents
1678 3018 49 75 for
1751 3018 54 75 the
1828 3018 67 75 bed
1919 3018 174 75 colledions
2108 3018 38 75 of
2167 3018 185 75 indigenous
2250 3054 101 75 plants
