2428 3377
181 121 100 75 Part
302 121 49 75 II.

738 121 360 75 ANA
1213 121 38 75 T

182 180 69 75 des,
276 180 118 75 having
409 180 64 75 firfl:
485 180 68 75 font
569 180 52 75 ofF
640 180 18 75 a
669 180 90 75 fmall
771 180 111 75 lateral
899 180 140 75 portion,
1063 180 105 75 which
1185 180 27 75 is

182 227 88 75 fixed
286 227 19 75 a
320 227 83 75 little
419 227 113 75 higher
545 227 35 75 to
592 227 55 75 the
665 227 73 75 root
754 227 40 75 of
813 227 55 75 the
881 227 112 75 cornu.

378 324 581 75 STYLO-HYOIDiEU
979 324 37 75 S.

232 408 101 75 This
349 408 27 75 is
393 408 20 75 a
428 408 89 75 fmall
535 408 97 75 flefhy
644 408 129 75 mufcle,
790 408 90 75 lying
892 408 163 75 obliquely
1071 408 145 75 between

185 456 54 75 the
256 456 164 75 apophyfis
436 456 149 75 ftyloides
598 456 63 75 and
675 456 37 75 os
724 456 148 75 hyoides.

232 502 32 75 It
281 502 26 75 is
327 502 89 75 fixed
432 502 160 75 laterally,
616 502 46 75 by
678 502 60 75 one
754 502 187 75 extremity,
966 502 35 75 to
1017 502 55 75 the
1088 502 75 75 root
1179 502 39 75 or

185 548 78 75 bafis
288 548 40 75 of
347 548 55 75 the
427 548 164 75 apophyfis
616 548 162 75 llyloides,
804 548 74 75 and,
903 548 44 75 by
970 548 55 75 the
1050 548 106 75 other,
1182 548 35 75 to

186 595 56 75 the
258 595 36 75 os
310 595 148 75 hyoides,
484 595 33 75 at
534 595 57 75 the
607 595 88 75 place
720 595 106 75 where
850 595 55 75 the
929 595 78 75 bafis
1032 595 62 75 and
1118 595 99 75 cornu

186 641 100 75 unite,
312 641 63 75 and
398 641 139 75 likewife
561 641 34 75 to
619 641 57 75 the
701 641 98 75 cornu
822 641 97 75 itfelf,
943 641 86 75 from
1045 641 130 75 whence
1191 641 27 75 it

187 687 57 75 has
262 687 79 75 been
357 687 105 75 called
475 687 392 75 Jiylo-cerato-hyoicLeus.

189 786 326 75 OMOPLATO
534 786 314 75 HYOID.EUS
877 786 75 75 fivs
987 786 232 75 OMO-HY-

212 837 229 75 OIDAiUS
479 837 94 75 vulgo
609 837 111 75 COR
730 837 203 75 ACO-HY
943 837 103 75 01D
1058 837 87 75 ALU
1158 837 36 75 S.

234 916 103 75 This
369 916 26 75 is
424 916 18 75 a
468 916 79 75 very
574 916 77 75 long
676 916 89 75 fmall
793 916 129 75 mufcle,
947 916 95 75 much
1060 916 162 75 narrower

188 962 78 75 than
289 962 55 75 the
368 962 296 75 fterno-hyoidteus,
690 962 62 75 and
770 962 133 75 fituated
918 962 168 75 obliquely
1107 962 42 75 on
1166 962 56 75 the

190 1009 61 75 fide
274 1009 40 75 of
333 1009 55 75 the
404 1009 82 75 neck
502 1009 37 75 or
556 1009 119 75 throat,
700 1009 146 75 between
870 1009 55 75 the
939 1009 28 75 d'
967 1009 109 75 capula
1096 1009 65 75 and
1185 1009 36 75 os

189 1054 148 75 hyoides.

196 1100 3 75 .
237 1100 32 75 It
285 1100 28 75 is
329 1100 179 75 commonly
526 1100 100 75 fixed,
651 1100 44 75 by
712 1100 54 75 the
787 1100 99 75 lower
903 1100 187 75 extremity,
1114 1100 36 75 to
1167 1100 55 75 the

190 1146 141 75 fuperior
355 1146 85 75 cofta
463 1146 40 75 of
521 1146 56 75 the
601 1146 137 75 fcapula,
764 1146 144 75 between
931 1146 55 75 the
1010 1146 90 75 fmall
1123 1146 100 75 notch

191 1194 63 75 and
269 1194 55 75 the
341 1194 103 75 angle,
471 1194 63 75 and
545 1194 179 75 fometimes
741 1194 78 75 very
831 1194 75 75 near
919 1194 56 75 the
992 1194 104 75 angle.

239 1240 96 75 From
347 1240 115 75 thence
473 1240 25 75 it
515 1240 98 75 pafies
631 1240 75 75 over
724 1240 55 75 the
791 1240 151 75 coracoid
963 1240 178 75 apophyfis,
1167 1240 56 75 ad-

190 1286 113 75 hering
319 1286 181 75 fometimes
517 1286 34 75 to
567 1286 25 75 it
609 1286 44 75 by
665 1286 18 75 a
694 1286 78 75 kind
783 1286 40 75 of
834 1286 211 75 aponeurofis,
1070 1286 36 75 or
1123 1286 99 75 mem-

191 1331 136 75 branous
341 1331 162 75 ligament,
529 1331 62 75 and
602 1331 84 75 from
704 1331 63 75 this
785 1331 146 75 adhelion
944 1331 55 75 the
1015 1331 91 75 name
1122 1331 39 75 of
1174 1331 49 75 co~

195 1377 246 75 racQ-hyoidanis
459 1377 64 75 was
540 1377 92 75 given
655 1377 26 75 it
704 1377 43 75 by
760 1377 88 75 fome
864 1377 74 75 who
960 1377 64 75 had
1045 1377 56 75 not
1123 1377 102 75 difco-

193 1424 98 75 vered
306 1424 41 75 its
365 1424 83 75 main
464 1424 164 75 infertion.

241 1471 31 75 It
288 1471 28 75 is
338 1471 139 75 likewife
495 1471 89 75 often
601 1471 87 75 fixed
704 1471 35 75 to
755 1471 56 75 the
835 1471 155 75 clavicula
1012 1471 44 75 by
1071 1471 153 75 ligamen-

193 1516 73 75 tary
283 1516 37 75 or
335 1516 96 75 flefhy
443 1516 94 75 fibres
550 1516 10 75 ;
587 1516 62 75 and
664 1516 57 75 has
738 1516 180 75 fometimes
935 1516 78 75 been
1029 1516 71 75 been
1112 1516 113 75 infert-

195 1564 41 75 ed
251 1564 33 75 in
300 1564 55 75 the
372 1564 106 75 whole
493 1564 121 75 middle
630 1564 126 75 portion
773 1564 41 75 of
831 1564 72 75 that
915 1564 95 75 bone,
1036 1564 94 75 being
1146 1564 79 75 infe-

195 1608 132 75 parably
338 1608 111 75 united
465 1608 80 75 with
562 1608 54 75 the
633 1608 298 75 fferno-hyoidseus.

242 1655 131 75 Having
396 1655 105 75 paffed
524 1655 56 75 the
608 1655 143 75 clavicle,
776 1655 25 75 it
825 1655 28 75 is
876 1655 77 75 bent
977 1655 154 75 forward,
1164 1655 63 75 and

196 1702 74 75 runs
287 1702 143 75 between
448 1702 56 75 the
520 1702 318 75 flerno-maftoidseus
855 1702 62 75 and
940 1702 136 75 internal
1096 1702 131 75 jugular

196 1748 84 75 vein,
298 1748 55 75 the
369 1748 90 75 frnall
475 1748 120 75 middle
612 1748 117 75 tendon
748 1748 93 75 being
857 1748 134 75 fituated
1002 1748 32 75 in
1046 1748 64 75 this
1124 1748 101 75 place.

197 1793 99 75 From
311 1793 116 75 thence
443 1793 26 75 it
486 1793 74 75 runs
579 1793 40 75 up
632 1793 34 75 to
682 1793 42 75 its
741 1793 150 75 infertiop
910 1793 32 75 in
961 1793 54 75 the
1031 1793 134 75 inferior
1180 1793 46 75 la-

197 1840 80 75 teral
289 1840 70 75 part
372 1840 40 75 of
430 1840 55 75 the
503 1840 78 75 bafis
598 1840 41 75 of
656 1840 56 75 the
724 1840 35 75 os
776 1840 148 75 hyoides,
948 1840 75 75 near
1044 1840 55 75 the
1116 1840 111 75 cornu,

198 1887 61 75 and
283 1887 150 75 infertion
457 1887 40 75 of
515 1887 55 75 the
595 1887 296 75 fierno-hyoidatus,
916 1887 106 75 which
1037 1887 27 75 it
1081 1887 111 75 covers
1210 1887 19 75 a

198 1934 97 75 little.

199 2036 379 75 Sterno-Hyoidjeus
583 2036 74 75 five
667 2036 561 75 Sterno-Cleido-Hyoid^us.

244 2119 101 75 This
363 2119 26 75 is
402 2119 19 75 a
436 2119 91 75 long,
543 2119 82 75 thin,
643 2119 57 75 flat
715 2119 130 75 mufcle,
863 2119 136 75 broader
1015 2119 32 75 at
1060 2119 55 75 the
1130 2119 101 75 lower

197 2170 77 75 than
299 2170 33 75 at
356 2170 55 75 the
434 2170 99 75 upper
556 2170 85 75 part,
666 2170 63 75 and
750 2170 147 75 fituated,
922 2170 149 75 together
1093 2170 79 75 with
1188 2170 43 75 its

199 2213 121 75 fellow,
345 2213 41 75 on
403 2213 55 75 the
476 2213 148 75 fqre-fide
640 2213 41 75 of
699 2213 54 75 the
766 2213 122 75 throat.

246 2258 32 75 It
293 2258 27 75 is
337 2258 100 75 fixed,
463 2258 43 75 by
516 2258 42 75 its
574 2258 98 75 lower
684 2258 168 75 extremity
852 2240 8 49 7
860 2258 11 75 ,
889 2258 31 75 in
938 2258 55 75 the
1012 2258 141 75 fuperior
1169 2258 63 75 and

198 2306 112 75 lateral
327 2306 72 75 part
414 2306 40 75 of
467 2306 62 75 "the
544 2306 90 75 inner
650 2306 38 75 or
703 2306 154 75 poiterior
872 2306 64 75 fide
949 2306 40 75 of
1008 2306 55 75 the
1079 2306 150 75 flerpum,

199 2352 31 75 in
248 2352 55 75 the
318 2352 152 75 pofterior
488 2352 72 75 part
577 2352 40 75 of
635 2352 58 75 the
711 2352 114 75 flernal
846 2352 174 75 extremity
1036 2352 40 75 of
1094 2352 55 75 the
1166 2352 64 75 cla-

200 2399 114 75 vicula,
340 2399 33 75 in
389 2399 56 75 the
469 2399 174 75 tranfverfe
667 2399 152 75 ligament
844 2399 105 75 which
973 2399 147 75 coftnedfs
1144 2399 88 75 thefe

200 2445 66 75 two
282 2445 110 75 bones,
419 2445 62 75 and
496 2445 32 75 in
545 2445 55 75 the
616 2445 90 75 inner
723 2445 37 75 or
776 2445 163 75 back-fide
951 2445 39 75 of
1010 2445 54 75 the
1080 2445 152 75 cartilage

200 2492 39 75 of
250 2492 55 75 the
322 2492 63 75 firfl:
401 2492 62 75 rib.
511 2492 58 75 All
586 2492 88 75 thefe
691 2492 94 75 other
800 2492 167 75 infertions
984 2492 53 75 are
1053 2492 89 75 more
1155 2492 74 75 con-

201 2538 150 75 fiderable
377 2538 77 75 than
477 2538 71 75 that
572 2538 33 75 in
630 2538 55 75 the
709 2538 151 75 fternum,
885 2538 107 75 which
1008 2538 26 75 is
1051 2538 181 75 fometimes

201 2585 103 75 fcarce
315 2585 213 75 perceivable.

248 2630 97 75 From
361 2630 115 75 thence
492 2630 26 75 it
536 2630 73 75 runs
629 2630 42 75 up
688 2630 42 75 on
752 2630 56 75 the
825 2630 150 75 fore-fide
993 2630 40 75 of
1050 2630 56 75 the
1123 2630 109 75 afpera

201 2676 128 75 arteria,
350 2676 112 75 joined
477 2676 36 75 to
528 2676 41 75 its
587 2676 109 75 fellow
713 2676 43 75 by
768 2676 18 75 a
798 2676 194 75 membrane,
1010 2676 103 75 which
1131 2676 100 75 forms

202 2722 17 75 a
235 2722 66 75 fort
317 2722 40 75 of
360 2722 90 75 ilinea
467 2722 84 75 alba,
576 2722 63 75 and
653 2722 27 75 is
696 2722 137 75 inferted
849 2722 147 75 laterally
1011 2722 32 75 in
1060 2722 55 75 the
1131 2722 100 75 lower

202 2767 81 75 edge
300 2767 41 75 of
359 2767 54 75 the
430 2767 78 75 bafis
524 2767 41 75 of
582 2767 55 75 the
653 2767 36 75 os
707 2767 146 75 hyoides.

248 2868 104 75 Uses
381 2868 43 75 of
435 2868 53 75 the
504 2868 142 75 Mufelej
662 2868 107 75 winch
784 2868 88 75 move
889 2868 53 75 the
964 2868 43 75 Os
1030 2868 152 75 Uyoides.

250 2948 83 75 The
352 2948 192 75 mechanifm
559 2948 195 75 obfervedin
767 2948 55 75 the
838 2948 138 75 motions
993 2948 41 75 of
1051 2948 55 75 the
1119 2948 35 75 os
1170 2948 60 75 hy-

1370 106 38 75 O
1527 106 48 75 M
1693 106 54 75 Y.

2213 106 77 75 223

1262 166 100 75 oides,
1387 166 34 75 as
1438 166 35 75 w'
1473 166 38 75 ell
1527 166 33 75 as
1576 166 33 75 in
1626 166 89 75 thofe
1731 166 41 75 of
1790 166 56 75 the
1862 166 138 75 fcapula,
2024 166 27 75 is
2063 166 78 75 very
2153 166 140 75 particu"

1262 211 60 75 lar,
1348 211 63 75 and
1425 211 79 75 very
1514 211 151 75 different
1680 211 85 75 from
1781 211 87 75 what
1884 211 48 75 we
1949 211 67 75 find
2030 211 33 75 in
2075 211 42 75 all
2130 211 55 75 the
2201 211 94 75 other

1263 259 97 75 bones
1377 259 40 75 of
1434 259 57 75 the
1508 259 118 75 human
1649 259 101 75 body.
1800 259 58 75 All
1882 259 87 75 thefe
1992 259 99 75 bones
2115 259 81 75 have
2212 259 83 75 folid

1263 306 115 75 fulcra,
1403 306 42 75 on
1461 306 106 75 which
1584 306 78 75 they
1677 306 54 75 are
1747 306 104 75 either
1867 306 115 75 moved
2000 306 37 75 or
2052 306 79 75 kept
2147 306 89 75 fixed
2250 306 45 75 by

1263 352 55 75 the
1335 352 116 75 proper
1465 352 146 75 mufcles,
1635 352 84 75 after
1730 352 56 75 the
1802 352 131 75 manner
1944 352 40 75 of
1995 352 18 75 a
2029 352 87 75 lever
2132 352 37 75 or
2185 352 110 75 other-

1264 398 95 75 wife;
1384 398 142 75 whereas
1543 398 55 75 the
1614 398 35 75 os
1674 398 134 75 hyoides
1831 398 27 75 is
1882 398 122 75 merely
2027 398 186 75 fufpended,
2238 398 58 75 ha-

1264 443 75 75 ving
1355 443 134 75 nothing
1504 443 35 75 to
1555 443 46 75 fix
1617 443 27 75 it
1670 443 58 75 but
1745 443 86 75 thefe
1844 443 78 75 very
1937 443 133 75 mufcles
2082 443 107 75 which
2201 443 96 75 move

1264 490 25 75 it
1302 490 31 75 in
1350 490 151 75 different
1516 490 158 75 manners.

1312 537 76 75 The
1400 537 267 75 mylo-hyoktaeus
1684 537 176 75 reprefents
1872 537 19 75 a
1901 537 166 75 moveable
2079 537 81 75 Hodr
2171 537 38 75 or
2220 537 76 75 bed,

1266 584 105 75 which
1387 584 128 75 fuflains
1540 584 55 75 the
1619 584 118 75 tongue
1762 584 79 75 with
1866 584 41 75 its
1932 584 133 75 mufclcs
2091 584 61 75 and
2169 584 126 75 glands,

1267 630 61 75 and
1343 630 100 75 forms
1461 630 55 75 the
1532 630 126 75 bottom
1670 630 40 75 of
1721 630 54 75 the
1788 630 107 75 cavity
1905 630 39 75 of
1956 630 56 75 the
2029 630 124 75 mouth.
2185 630 113 75 When

1267 677 55 75 the
1338 677 67 75 two
1421 677 142 75 portions
1581 677 39 75 of
1641 677 63 75 this
1725 677 116 75 mufcle
1864 677 48 75 adl
1929 677 160 75 together,
2114 677 79 75 they
2209 677 91 75 draw

1268 724 55 75 the
1339 724 37 75 os
1392 724 135 75 hyoides
1545 724 18 75 a
1585 724 87 75 little
1687 724 153 75 forward,
1865 724 62 75 and
1951 724 46 75 fix
2021 724 27 75 it
2069 724 33 75 in
2119 724 70 75 that
2205 724 94 75 fitua-

1267 769 81 75 tion,
1374 769 111 75 raifing
1513 769 56 75 the
1591 769 106 75 whole
1720 769 118 75 tongue
1863 769 32 75 at
1923 769 55 75 the
2005 769 83 75 fame
2114 769 90 75 time,
2238 769 64 75 and

1270 816 202 75 compreffing
1497 816 54 75 the
1574 816 157 75 glandulas
1756 816 240 75 fub-lingualcs.
2046 816 36 75 If
2102 816 61 75 one
2187 816 113 75 lateral

1269 862 126 75 portion
1420 862 63 75 ads
1508 862 88 75 more
1613 862 76 75 thah
1707 862 54 75 the
1778 862 105 75 other,
1909 862 25 75 it
1952 862 71 75 puts
2040 862 55 75 the
2112 862 36 75 os
2164 862 137 75 hyoides

1269 909 31 75 in
1318 909 38 75 an
1378 909 131 75 oblique
1525 909 158 75 fituation,
1710 909 61 75 and
1795 909 30 75 in
1851 909 18 75 a
1886 909 164 75 condition
2066 909 36 75 to
2130 909 86 75 ferve
2233 909 33 75 as
2284 909 21 75 a

1271 956 87 75 fixed
1369 956 90 75 point
1475 956 52 75 for
1543 956 55 75 the
1614 956 139 75 motions
1765 956 41 75 of
1824 956 55 75 the
1896 956 131 75 tongue.

1317 1002 77 75 The
1410 1002 93 75 genio
1520 1002 130 75 hyoidei
1668 1002 66 75 pull
1751 1002 56 75 the
1823 1002 36 75 os
1875 1002 135 75 hyoides
2028 1002 94 75 much
2135 1002 88 75 more
2236 1002 67 75 for-

1271 1049 89 75 ward
1376 1049 75 75 than
1469 1049 55 75 the
1541 1049 260 75 mylo-hyoideus
1813 1049 10 75 ;
1850 1049 63 75 and
1925 1049 33 75 as
1976 1049 77 75 they
2065 1049 54 75 are
2134 1049 81 75 very
2229 1049 75 75 nar-

1272 1095 80 75 row,
1377 1095 64 75 and
1456 1095 118 75 dofely
1591 1095 110 75 united
1713 1095 159 75 together,
1898 1095 92 75 there
2006 1095 100 75 feems
2118 1095 35 75 to
2170 1095 39 75 be
2225 1095 81 75 very

1272 1142 83 75 little
1378 1142 139 75 occafion
1536 1142 52 75 for
1611 1142 61 75 one
1691 1142 40 75 of
1750 1142 87 75 them
1855 1142 34 75 to
1906 1142 49 75 ad
1971 1142 138 75 without
2125 1142 56 75 the
2197 1142 106 75 other.

1318 1188 76 75 The
1411 1188 236 75 ftylo-hyoidasi
1672 1188 93 75 move
1789 1188 54 75 the
1867 1188 39 75 os
1927 1188 134 75 hyoides
2085 1188 133 75 upward
2242 1188 64 75 and

1273 1235 169 75 backward
1458 1235 31 75 in
1514 1235 18 75 a
1548 1235 120 75 middle
1687 1235 167 75 diredion,
1880 1235 143 75 between
2041 1235 88 75 thofe
2149 1235 32 75 in
2198 1235 107 75 which

1273 1282 78 75 they
1366 1282 63 75 fie;
1454 1282 65 75 .and
1536 1282 78 75 they
1628 1282 90 75 draw
1741 1282 26 75 it
1788 1282 89 75 more
1902 1282 132 75 upward
2058 1282 63 75 and
2136 1282 172 75 backward

1273 1328 92 75 when
1383 1328 78 75 they
1477 1328 47 75 ad
1539 1328 125 75 freely;
1690 1328 70 75 that
1776 1328 41 75 is,
1844 1328 248 75 without-being
2111 1328 143 75 checked
2268 1328 40 75 or

1274 1376 145 75 confined
1435 1376 43 75 by
1494 1376 95 75 other
1605 1376 146 75 msfcles,
1776 1376 33 75 in
1827 1376 54 75 the
1900 1376 131 75 manner
2045 1376 107 75 which
2164 1376 48 75 we
2229 1376 79 75 fhall

1272 1422 50 75 fee
1337 1422 174 75 hereafter.
1560 1422 111 75 When
1691 1422 60 75 one
1772 1422 64 75 ads
1852 1422 89 75 more
1952 1422 78 75 than
2046 1422 55 75 the
2117 1422 108 75 other,
2250 1422 58 75 the

1274 1469 81 75 bone
1370 1469 28 75 is
1410 1469 115 75 moved
1541 1469 179 75 obliquely.

1322 1513 75 75 The
1409 1513 243 75 omorhyoidan,
1670 1513 37 75 or
1723 1513 283 75 coraco-hyoidsei,
2024 1513 47 75 ad
2088 1513 34 75 as
2138 1513 57 75 the
2212 1513 96 75 ftylo-

1274 1560 149 75 byoidafi,
1441 1560 32 75 in
1490 1560 19 75 a
1524 1560 120 75 middle
1660 1560 151 75 diredion
1829 1560 144 75 between
1990 1560 55 75 the
2057 1560 131 75 oblique
2204 1560 105 75 direc-

1275 1607 85 75 tions
1377 1607 31 75 in
1426 1607 105 75 which
1548 1607 75 75 they
1640 1607 55 75 lie,
1722 1607 75 75 and.
1807 1607 93 75 draw,
1920 1607 56 75 the
1993 1607 35 75 os
2045 1607 135 75 hyoides
2197 1607 112 75 down-

1276 1653 87 75 ward
1380 1653 63 75 and
1458 1653 183 75 backward,
1667 1653 91 75 when
1771 1653 78 75 they
1865 1653 53 75 are
1942 1653 57 75 not
2022 1653 289 75 counterbalanced

1276 1699 44 75 by
1335 1699 56 75 the
1409 1699 248 75 flylo-hyoidad.
1706 1699 111 75 When
1835 1699 60 75 one
1913 1699 63 75 ads
1993 1699 89 75 more
2098 1699 78 75 than
2200 1699 56 75 the
2272 1699 38 75 o-

1277 1745 83 75 ther,
1386 1745 55 75 the
1457 1745 84 75 bone
1563 1745 27 75 is
1615 1745 111 75 drawn
1750 1745 165 75 obliquely
1940 1745 35 75 to
2000 1745 55 75 the
2078 1745 88 75 right
2189 1745 38 75 or
2248 1745 64 75 left

1276 1793 97 75 hand.

1323 1841 112 75 When
1451 1841 88 75 thefe
1562 1841 134 75 mufcles
1721 1841 64 75 and
1810 1841 56 75 the
1890 1841 234 75 ftylo-byoidsei
2150 1841 49 75 ad
2218 1841 92 75 toge-

1276 1885 85 75 ther,
1386 1885 56 75 the
1458 1885 36 75 os
1511 1885 133 75 hyoides
1668 1885 26 75 is
1720 1885 108 75 drawn
1845 1885 170 75 backward
2032 1885 41 75 by
2090 1885 19 75 a
2124 1885 100 75 dired
2239 1885 71 75 mo-

1277 1934 69 75 tion
1371 1934 223 75 compounded
1613 1934 41 75 of
1673 1934 74 75 four
1768 1934 130 75 oblique
1919 1934 151 75 motions.
2119 1934 86 75 This
2223 1934 86 75 com-

1278 1979 107 75 pound
1402 1979 123 75 motion
1540 1979 27 75 is
1583 1979 142 75 direded
1741 1979 90 75 more
1848 1979 131 75 upward
1990 1979 38 75 or
2044 1979 89 75 more
2148 1979 161 75 laterally,

1279 2028 170 75 according
1465 2028 35 75 to
1517 2028 55 75 the
1597 2028 126 75 degree,
1738 2028 41 75 of
1797 2028 101 75 adion
1924 2028 39 75 of
1982 2028 55 75 the
2059 2028 249 75 ftylo-hyoidcei,

1278 2073 38 75 or
1332 2073 240 75 omo-hyoidad,
1597 2073 37 75 or
1650 2073 40 75 of
1707 2073 63 75 any
1782 2073 60 75 one
1853 2073 118 75 mufcle
1983 2073 40 75 of
2041 2073 77 75 each
2131 2073 89 75 pair;
2247 2073 64 75 and

1280 2119 31 75 in
1324 2119 42 75 all
1382 2119 90 75 thefe
1487 2119 138 75 motions
1643 2119 55 75 the
1709 2119 76 75 four
1800 2119 134 75 mufcles
1952 2119 54 75 are
2023 2119 288 75 counterbalanced

1279 2168 43 75 by
1337 2168 56 75 the
1409 2168 262 75 genio-hyoidaei.

1324 2211 77 75 The
1413 2211 256 75 flerno-hyoidaei
1682 2211 89 75 draw
1788 2211 55 75 the
1859 2211 35 75 os
1912 2211 132 75 hyoides
2056 2211 135 75 diredly
2198 2211 111 75 down-

1279 2258 100 75 ward,
1405 2258 63 75 and
1485 2258 87 75 ferve
1589 2258 35 75 to
1641 2258 263 75 counteibalance
1929 2258 54 75 the
2005 2258 149 75 different
2171 2258 139 75 motions

1279 2304 39 75 of
1337 2304 55 75 the
1419 2304 247 75 ftylq-hyoidaei,
1692 2304 241 75 omo-hyoidai,
1959 2304 62 75 and
2047 2304 261 75 genio-hyoideei.

1279 2351 98 75 They
1399 2351 86 75 may,
1510 2351 32 75 in
1559 2351 85 75 fome
1660 2351 98 75 cafes,
1783 2351 39 75 be
1839 2351 117 75 aflifted
1972 2351 42 75 by
2036 2351 56 75 the
2114 2351 195 75 ilerno-thy-

1280 2398 120 75 roidad,
1426 2398 63 75 and
1505 2398 264 75 thyro-hyoidaei,
1795 2398 33 75 as
1841 2398 49 75 we
1905 2398 76 75 fliall
1997 2398 50 75 fee
2064 2398 172 75 hereafter.

1325 2445 187 75 According
1528 2445 35 75 to
1579 2445 55 75 the
1650 2445 133 75 method
1800 2445 182 75 commonly
1998 2445 153 75 obferved
2172 2445 33 75 in
2222 2445 88 75 com-

1279 2489 85 75 plete
1381 2489 142 75 treatifes
1537 2489 39 75 of
1594 2489 165 75 myology,
1784 2489 56 75 the
1855 2489 167 75 following
2039 2489 134 75 mufcles
2189 2489 121 75 remain

1279 2536 62 75 fiill
1356 2536 36 75 to
1411 2536 40 75 be
1476 2536 176 75 deferibed,
1676 2536 70 75 viz.
1769 2536 77 75 The
1863 2536 132 75 mufeies
2012 2536 40 75 of
2071 2536 54 75 the
2142 2536 166 75 forehead,

1279 2583 140 75 occiput,
1444 2583 170 75 palpebras,
1637 2583 70 75 eye,
1733 2583 145 75 external
1896 2583 66 75 ear,
1980 2583 86 75 nofe,
2085 2583 74 75 lips,
2177 2583 131 75 tongue,

1279 2632 110 75 uvula,
1414 2632 110 75 du&us
1550 2632 243 75 Euflacbianus,
1817 2632 160 75 pharynx,
2002 2632 129 75 larynx,
2162 2632 87 75 parts
2274 2632 41 75 of

1281 2677 195 75 generation,
1503 2677 89 75 anus,
1617 2677 63 75 and
1708 2677 153 75 bladder;
1887 2677 63 75 and
1973 2677 35 75 to
2033 2677 87 75 thefe
2144 2677 47 75 we
2208 2677 112 75 ought'

1280 2721 78 75 even
1375 2721 34 75 to
1426 2721 62 75 add
1505 2721 54 75 the
1571 2721 101 75 heart,
1691 2721 33 75 as
1741 2721 59 75 Mr
1812 2721 138 75 Cowper
1962 2721 57 75 has
2030 2721 83 75 done
2129 2721 33 75 in
2178 2721 55 75 the
2246 2721 64 75 late

1281 2768 119 75 edition
1417 2768 40 75 of
1475 2768 50 75 his
1539 2768 190 75 Myotomy.
1778 2768 67 75 But
1867 2768 56 75 the
1948 2768 191 75 defeription
2163 2768 39 75 of
2221 2768 89 75 thefe

1280 2814 65 75 will
1362 2814 40 75 be
1418 2814 105 75 better
1537 2814 95 75 undei
1639 2814 90 75 flood
1744 2814 93 75 when
1860 2814 48 75 we
1931 2814 84 75 treat
2039 2814 41 75 of
2098 2814 55 75 the
2170 2814 86 75 parts
2274 2814 36 75 to

1281 2863 103 75 which
1401 2863 75 75 they
1494 2863 128 75 belong.
1673 2863 60 75 See
1749 2863 83 75 Part
1845 2863 64 75 VI.

2069 3011 30 75 E
2117 3011 33 75 X
2166 3011 28 75 P
2210 3011 31 75 L
2259 3011 49 75 A-
