2428 3377
121 148 48 75 22
169 180 34 49 4

675 135 350 75 ANA

1297 136 38 75 O
1452 136 47 75 M
1614 136 52 75 Y.

2063 135 98 75 Part
2190 135 48 75 II.

1141 135 38 75 T

440 308 745 75 EXPLANATION

124 465 87 75 Fig.
240 465 31 75 i.
318 465 78 75 The
420 465 178 75 Muscles
623 465 218 75 immediately
866 465 102 75 under
992 465 56 75 the
1072 465 87 75 com-

171 508 74 75 mon
263 508 180 75 teguments
460 508 43 75 on
526 508 56 75 the
599 508 140 75 anterior
755 508 71 75 part
842 508 40 75 of
902 508 55 75 the
980 508 100 75 body,
1107 508 53 75 are

170 554 202 75 reprefented
388 554 42 75 on
445 554 54 75 the
516 554 86 75 right
618 554 83 75 fide;
729 554 62 75 and
808 554 42 75 on
867 554 57 75 the
946 554 60 75 left
1023 554 63 75 fide
1103 554 56 75 the

170 600 179 75 Muscles
367 600 52 75 are
430 600 73 75 feen
519 600 106 75 which
638 600 90 75 come
744 600 33 75 in
794 600 82 75 view
893 600 92 75 when
999 600 54 75 the
1066 600 92 75 exte-

171 649 66 75 rior
252 649 76 75 ones
347 649 52 75 are
416 649 97 75 taken
529 649 102 75 away.

125 725 45 75 A,
194 725 77 75 The
288 725 120 75 frontal
426 725 129 75 mufcle.
604 725 43 75 B,
672 725 77 75 The
770 725 169 75 tendinous
958 725 198 75 aponeurofis

172 767 105 75 which
290 767 86 75 joins
394 767 26 75 it
442 767 36 75 to
495 767 55 75 the
567 767 171 75 occipital;
765 767 99 75 hence
881 767 80 75 both
978 767 113 75 named
1108 767 49 75 oc-

172 814 79 75 cipit
254 814 124 75 e-front
380 814 18 75 a
401 814 56 75 Us.
506 814 44 75 C,
576 814 152 75 Attolens
753 814 121 75 aurem.
923 814 49 75 D,
997 814 76 75 The
1090 814 66 75 ear.

172 863 43 75 E,
245 863 155 75 Anterior
428 863 97 75 auris.
582 863 27 75 F
628 863 38 75 F_,
699 863 200 75 Orbicularis
921 863 235 75 palpebrarum.

171 910 49 75 G,
246 910 144 75 Levator
407 910 75 75 labii
499 910 170 75 fuperioris
686 910 121 75 akeque
824 910 74 75 nafi.
948 910 47 75 H,
1015 910 144 75 Levator

171 954 158 75 labiorum
346 954 188 75 communis,
579 954 29 75 I,
628 954 226 75 Zygomaticus
871 954 116 75 minor.
1028 954 46 75 K,
1094 954 66 75 Zy-

173 1001 177 75 gomaticus
367 1001 116 75 major.
534 1001 43 75 L,
604 1001 165 75 Maffeter.
819 1001 54 75 M,
899 1001 200 75 Orbicularis
1113 1001 46 75 la-

172 1048 140 75 biorum.
361 1048 47 75 N,
437 1048 172 75 DeprelTor
625 1048 76 75 labii
725 1048 172 75 inferioris.
947 1048 45 75 O,
1018 1048 141 75 Depref-

173 1096 50 75 for
240 1096 156 75 labiorum
414 1096 187 75 communis.
652 1096 38 75 P,
709 1096 208 75 Buccinator.

171 1142 104 75 tyfma
305 1142 156 75 myoides.
526 1142 33 75 R
591 1142 45 75 R,
671 1142 240 75 Sterno-cleido
943 1142 212 75 maitoidaeus.

172 1188 38 75 S,
235 1188 78 75 Part
329 1188 40 75 of
383 1188 54 75 the
450 1188 174 75 trapezius.
673 1188 48 75 T,
747 1188 78 75 Part
842 1188 39 75 of
901 1188 54 75 the
972 1188 128 75 fcaleni.

221 1229 196 75 Superior
428 1229 357 75 Extremity.—U,
804 1229 184 75 Deltoides.
1013 1229 46 75 V,
1078 1229 80 75 Pec-

172 1282 110 75 toralis
316 1282 115 75 major.
501 1282 62 75 W,
605 1282 78 75 Part
715 1282 40 75 of
790 1282 54 75 the
874 1282 163 75 latiffimus
1061 1282 96 75 dorh.

172 1330 34 75 X
222 1330 46 75 X,
295 1330 116 75 Biceps
436 1330 103 75 flexor
563 1330 111 75 cubiti.
730 1330 31 75 Y
777 1330 43 75 Y,
846 1330 79 75 Part
949 1330 40 75 of
1007 1330 56 75 the
1087 1330 71 75 bra-

172 1374 117 75 chiseus
307 1374 167 75 externus.
525 1374 26 75 Z
571 1374 40 75 Z,
635 1374 78 75 The
728 1374 173 75 beginning
923 1374 41 75 of
983 1374 55 75 the
1055 1374 104 75 tendi-

172 1422 79 75 nous
269 1422 211 75 aponeurofis,
509 1422 100 75 (from
634 1422 56 75 the
715 1422 124 75 biceps)
866 1422 107 75 which
997 1422 26 75 is
1048 1422 113 75 fpread

172 1469 78 75 over
273 1469 55 75 the
353 1469 132 75 mufcles
511 1469 40 75 of
570 1469 55 75 the
648 1469 169 75 fore-arm.
875 1469 18 75 a
917 1469 30 75 a.
978 1469 47 75 Its
1037 1469 5 75 •
1053 1469 108 75 ftrong

172 1515 120 75 tendon
326 1515 139 75 inferted
499 1515 69 75 into
599 1515 56 75 the
692 1515 143 75 tubercle,
870 1515 41 75 of
944 1515 56 75 the
1037 1515 122 75 radius,

173 1563 21 75 b
210 1563 33 75 b.
270 1563 78 75 Part
365 1563 40 75 of
416 1563 56 75 the
484 1563 176 75 brachiaeus
676 1563 155 75 internus.
882 1563 30 75 c,
938 1563 160 75 Pronator
1112 1563 49 75 te-

174 1610 64 75 res.
287 1610 34 75 d,
347 1610 122 75 Flexor
485 1610 86 75 carpi
588 1610 141 75 radialis.
779 1610 30 75 e,
835 1610 80 75 Part
931 1610 40 75 of
987 1610 56 75 the
1059 1610 105 75 flexor

174 1655 87 75 carpi
284 1655 134 75 ulnaris.
473 1655 26 75 f,
524 1655 155 75 Palmaris
705 1655 129 75 longus.
890 1655 32 75 g,
948 1655 213 75 Aponeurofis

173 1701 163 75 palmaris.
388 1701 32 75 3,
444 1701 156 75 Palmaris
613 1701 119 75 brevis.
787 1701 30 75 1,
843 1701 227 75 Ligamentum
1092 1701 70 75 car-

175 1748 31 75 pi
230 1748 163 75 annulare.
449 1748 19 75 2
489 1748 33 75 2,
548 1748 170 75 Abdudlor
740 1748 121 75 minimi
883 1748 106 75 digiti.
1038 1748 34 75 h.
1100 1748 62 75 Su-

174 1794 126 75 pinator
322 1794 128 75 longus.
498 1794 24 75 i.
546 1794 78 75 The
648 1794 135 75 tendons
789 1794 8 75 -
809 1794 40 75 of
868 1794 54 75 the
939 1794 91 75 three
1046 1794 115 75 exten-

176 1842 65 75 fors
258 1842 40 75 of
312 1842 56 75 the
384 1842 126 75 thumb,
560 1842 35 75 k,
620 1842 170 75 Abduftor
806 1842 138 75 pollicis.
992 1842 24 75 1,
1043 1842 121 75 Flexor

175 1887 125 75 pollicis
317 1887 126 75 longus.
493 1887 32 75 m
542 1887 44 75 m,
605 1887 77 75 The
695 1887 135 75 tendons
842 1887 40 75 of
893 1887 55 75 the
960 1887 138 75 flexores
1115 1887 48 75 di-

178 1934 138 75 gitorum
329 1934 299 75 communi.—The
645 1934 123 75 (heaths
787 1934 52 75 are
851 1934 101 75 entire
965 1934 33 75 in
1010 1934 54 75 the
1079 1934 86 75 right

177 1981 179 75 hand,—in
383 1981 55 75 the
461 1981 60 75 left
545 1981 55 75 cut
623 1981 95 75 open,
743 1981 35 75 to
802 1981 83 75 (hew
907 1981 55 75 the
979 1981 135 75 tendons
1131 1981 41 75 of

178 2027 56 75 the
250 2027 104 75 flexor
370 2027 177 75 profundus
564 2027 199 75 perforating
780 2027 54 75 the
851 2027 154 75 fublimis.

226 2071 177 75 Muscles
422 2071 55 75 not
494 2071 144 75 referred
653 2071 117 75 to—in
795 2071 55 75 the
867 2071 60 75 left
949 2071 141 75 fuperior
1106 2071 58 75 ex-

179 2119 226 75 tremity.—n,
431 2119 174 75 Pedtoralis
623 2119 115 75 minor,
756 2119 52 75 feu
820 2119 136 75 ferratus
969 2119 123 75 anticus
1104 2119 59 75 mi-

178 2167 72 75 nor.
300 2167 32 75 o.
355 2167 78 75 The
446 2167 65 75 two
526 2167 100 75 heads
639 2167 39 75 of
692 2167 41 75 (x
750 2167 38 75 x)
808 2167 56 75 the
875 2167 121 75 biceps,
1045 2167 33 75 p,
1097 2167 67 75 Co-

180 2209 273 75 raco-brachialis.
503 2209 22 75 q
542 2209 35 75 q,
601 2209 77 75 The
702 2209 77 75 long
803 2209 84 75 head
911 2209 39 75 of
969 2209 55 75 the
1047 2209 116 75 triceps

179 2256 152 75 extenfor
343 2256 113 75 cubiti.
505 2256 16 75 r
538 2256 27 75 r,
590 2256 105 75 Teres
709 2256 115 75 major,
873 2256 19 75 f
903 2256 25 75 f,
956 2256 207 75 Subfcapula-

181 2307 56 75 ris.
297 2307 15 75 t
334 2307 26 75 t,
392 2307 198 75 Extenfores
608 2307 148 75 radiales.
804 2307 35 75 u,
858 2307 172 75 Supinator
1047 2307 118 75 brevis,

181 2355 33 75 v,
238 2355 78 75 The
333 2355 53 75 cut
402 2355 174 75 extremity
592 2355 38 75 of
651 2355 56 75 the
718 2355 153 75 pronator
886 2355 98 75 teres,
1033 2355 44 75 w,
1094 2355 75 75 Fler

183 2399 63 75 xor
271 2399 173 75 digitorum
469 2399 154 75 fublimis.
674 2399 35 75 x,
735 2399 78 75 Part
836 2399 39 75 of
895 2399 55 75 the
975 2399 103 75 flexor
1094 2399 75 75 pro-

184 2446 130 75 fundus.
363 2446 34 75 y,
422 2446 121 75 Flexor
568 2446 124 75 pollicis
719 2446 127 75 longus.
896 2446 34 75 z,
955 2446 78 75 Part
1058 2446 40 75 of
1116 2446 56 75 the

184 2492 104 75 flexor
315 2492 124 75 pollicis
468 2492 118 75 brevis.
648 2492 34 75 4,
716 2492 170 75 Abdu&or
914 2492 121 75 minimi
1064 2492 106 75 digiti.

191 2538 30 75 5,
245 2538 78 75 The
340 2538 73 75 four
429 2538 214 75 lumbricales.

233 2583 202 75 Trunk.—
441 2583 34 75 6,
502 2583 152 75 Serrated
678 2583 199 75 extremities
903 2583 40 75 of
961 2583 56 75 the
1033 2583 139 75 ferratus

187 2630 123 75 anticus
335 2630 115 75 major.
502 2630 18 75 7
548 2630 32 75 7,
611 2630 164 75 Obliquus
803 2630 152 75 externus
981 2630 191 75 abdominis.

189 2680 20 75 8
228 2680 35 75 8,
287 2680 77 75 The
375 2680 84 75 linea
475 2680 83 75 alba.
609 2680 34 75 9,
668 2680 76 75 The
762 2680 181 75 umbilicus.
998 2680 53 75 10,
1072 2680 101 75 Pyra-

190 2724 137 75 midalis.
381 2724 36 75 11
444 2724 54 75 n>
525 2724 73 75 The
622 2724 167 75 fpermatic
817 2724 90 75 cord.
958 2724 54 75 On
1035 2724 56 75 the
1114 2724 61 75 left

190 2772 75 75 fide,
289 2772 26 75 it
343 2772 27 75 is
398 2772 138 75 covered
562 2772 44 75 by
630 2772 55 75 the
713 2772 179 75 cremafter.
946 2772 39 75 12
1010 2772 53 75 12,
1089 2772 85 75 Rec-

191 2814 51 75 tus
258 2814 190 75 abdominis.
501 2814 54 75 13,
580 2814 163 75 Obliquus
759 2814 155 75 internus.
969 2814 112 75 1414,

188 2862 187 75 Intercollal
393 2862 147 75 mufcles.

238 2911 188 75 Inferior
459 2911 367 75 Extremities.—a
857 2911 33 75 p,
930 2911 77 75 The
1032 2911 140 75 gracilis.

1265 313 88 75 of
1430 313 323 75 PLATE
1808 313 115 75 XV.

1339 460 92 75 Parts
1450 460 40 75 of
1501 460 56 75 the
1570 460 129 75 triceps,
1739 460 19 75 c
1774 460 28 75 c,
1820 460 179 75 Peftineus.
2049 460 24 75 d
2082 460 33 75 d,
2142 460 97 75 Pfoas

1256 505 145 75 magnus.
1451 505 17 75 e
1484 505 27 75 e,
1539 505 116 75 iliacus
1671 505 155 75 internus.
1864 505 39 75 f.
1927 505 79 75 Part
2027 505 42 75 of
2087 505 56 75 the
2167 505 71 75 glu-

1255 551 224 75 taeusmedius.
1511 551 38 75 g.
1566 551 80 75 Part
1661 551 40 75 of
1712 551 56 75 the
1780 551 134 75 glutteus
1927 551 159 75 minimus,
2120 551 32 75 h,
2171 551 69 75 Cut

1255 597 176 75 extremity
1447 597 40 75 of
1505 597 55 75 the
1577 597 102 75 redus
1696 597 113 75 cruris,
1859 597 12 75 i
1889 597 25 75 i,
1940 597 114 75 Vaflus
2073 597 165 75 externus.

1255 642 30 75 k.
1310 642 140 75 Tendon
1467 642 40 75 of
1517 642 56 75 the
1590 642 101 75 re&us
1708 642 113 75 cruris.
1871 642 16 75 /
1900 642 24 75 /,
1951 642 114 75 Vaftus
2084 642 154 75 internus.

1256 690 20 75 *
1301 690 162 75 Sartorius
1488 690 130 75 mufcle.
1670 690 20 75 *
1710 690 20 75 *
1756 690 114 75 Flefliy
1885 690 103 75 origin
2005 690 40 75 of
2063 690 56 75 the
2136 690 105 75 tenfor

1253 736 119 75 vaginse
1385 736 131 75 femoris
1528 736 37 75 or
1576 736 248 75 membranofus.
1859 736 47 75 Its
1917 736 167 75 tendinous
2102 736 138 75 aponeu-

1254 782 74 75 rofis
1345 782 111 75 covers
1484 782 33 75 (/'
1517 782 25 75 ),
1562 782 55 75 the
1634 782 103 75 vaflus
1754 782 152 75 externus
1927 782 31 75 in
1984 782 56 75 the
2061 782 178 75 right-fide.

1254 830 31 75 m
1301 830 43 75 m,
1371 830 135 75 Patella.
1556 830 22 75 »
1594 830 34 75 n,
1653 830 174 75 Ligament
1849 830 38 75 or
1911 830 121 75 tendon
2055 830 85 75 from
2164 830 25 75 it
2206 830 36 75 to

1256 875 54 75 the
1328 875 90 75 tibia.
1468 875 28 75 0,
1514 875 119 75 Redus
1652 875 112 75 cruris,
1811 875 35 75 p,
1864 875 156 75 Crureus.
2070 875 19 75 q
2106 875 31 75 q,
2163 875 78 75 The

1255 922 91 75 tibia,
1395 922 19 75 r
1430 922 29 75 r,
1486 922 78 75 Part
1576 922 40 75 of
1634 922 55 75 the
1705 922 153 75 gemellus
1871 922 36 75 or
1919 922 244 75 gaflrocnemius
2182 922 58 75 ex-

1257 969 121 75 ternus.
1426 969 92 75 fff
1551 969 78 75 Part
1652 969 39 75 of
1719 969 55 75 the
1802 969 103 75 foleus
1930 969 37 75 or
1995 969 246 75 gaflrocnemius

1256 1016 154 75 internus.
1466 1016 26 75 t,
1516 1016 140 75 Tibialis
1684 1016 136 75 antieus.
1871 1016 32 75 u,
1928 1016 141 75 Tibialis
2093 1016 148 75 poflicus.

1257 1061 20 75 r;
1294 1061 37 75 tv
1345 1061 143 75 Peronaei
1505 1061 146 75 mufcles.
1691 1061 22 75 <t
1713 1061 13 75 u
1741 1061 47 75 w,
1806 1061 164 75 Extenfor
1981 1061 175 75 digitorum
2172 1061 69 75 lon-

1261 1108 58 75 gus
1354 1108 188 75 communis.
1607 1108 20 75 x
1675 1108 33 75 x,
1755 1108 164 75 Extenfor
1953 1108 125 75 poliicis
2114 1108 126 75 longus.

1252 1156 37 75 p,
1316 1156 168 75 Abdudor
1499 1156 138 75 pollicis.

1208 1247 71 75 Fig
1323 1247 33 75 2.
1404 1247 78 75 The
1510 1247 192 75 Muscles,
1734 1247 171 75 Glands,
1938 1247 65 75 <&c.
2034 1247 41 75 of
2100 1247 55 75 the
2181 1247 61 75 left

1254 1295 62 75 fide
1333 1295 41 75 of
1385 1295 54 75 the
1452 1295 70 75 face
1535 1295 62 75 and
1615 1295 92 75 neck,
1725 1295 83 75 after
1826 1295 55 75 the
1897 1295 146 75 common
2061 1295 181 75 teguments

1256 1341 62 75 and
1333 1341 155 75 platyfma
1504 1341 143 75 myoides
1665 1341 80 75 have
1762 1341 80 75 been
1860 1341 95 75 taken
1971 1341 58 75 gff.

1209 1417 131 75 a,‘The
1357 1417 119 75 frontal
1490 1417 129 75 mufcle.
1669 1417 33 75 b,
1726 1417 206 75 Temporalis
1945 1417 63 75 and
2020 1417 157 75 temporal
2194 1417 49 75 ar-

1256 1460 83 75 tery.
1388 1460 30 75 c,
1444 1460 200 75 Orbicularis
1662 1460 233 75 palpebrarum,
1944 1460 34 75 d,
2004 1460 144 75 Levator
2168 1460 76 75 labii

1257 1511 167 75 fuperioris
1441 1511 159 75 proprius.
1650 1511 30 75 e.
1706 1511 143 75 Levator
1873 1511 157 75 labiorum
2055 1511 187 75 communis.

1257 1554 25 75 f,
1311 1554 239 75 Zygomaticus.
1611 1554 33 75 g,
1675 1554 174 75 Depreffor
1879 1554 76 75 labii
1982 1554 160 75 inferioris
2170 1554 74 75 pro-

1260 1600 98 75 prius.
1406 1600 35 75 h,
1469 1600 173 75 Depreflbr
1669 1600 157 75 labiorum
1855 1600 187 75 communis.
2078 1600 7 75 ‘
2099 1600 24 75 i.
2158 1600 86 75 Buc-

1259 1647 133 75 cinator.
1441 1647 34 75 k,
1509 1647 164 75 Mafleter.
1722 1647 11 75 1
1756 1647 23 75 1,
1806 1647 134 75 Parotid
1967 1647 108 75 gland,
2125 1647 45 75 m.
2196 1647 47 75 Its

1259 1693 85 75 dud.
1401 1693 33 75 n,
1462 1693 241 75 Sterno-cleido
1727 1693 180 75 maftdides.
1962 1693 33 75 o,
2021 1693 78 75 Part
2127 1693 40 75 of
2191 1693 54 75 the

1258 1741 173 75 trapezius,
1486 1741 33 75 p,
1546 1741 314 75 Sterno-hyoidasus.
1885 1741 4 75 .
1922 1741 34 75 q,
1984 1741 260 75 Sterno-thyroi-

1259 1787 98 75 daeus.
1383 1787 27 75 r,
1429 1787 268 75 Omo-hyoidaeus
1736 1787 24 75 f,
1772 1787 142 75 Levator
1924 1787 145 75 fcapulae.
2096 1787 49 75 tt,
2165 1787 77 75 Sca-

1258 1833 76 75 leni.
1383 1833 34 75 p,
1444 1833 77 75 Part
1538 1833 41 75 of
1597 1833 55 75 the
1669 1833 149 75 fplenius.

1214 1933 87 75 FiG.
1329 1933 41 75 3..
1387 1933 77 75 The
1480 1933 90 75 Mus
1581 1933 87 75 cles
1685 1933 41 75 of
1744 1933 55 75 the
1814 1933 71 75 face
1902 1933 63 75 and
1991 1933 91 75 neck,
2107 1933 32 75 in
2163 1933 83 75 view

1374 1980 81 75 after
1472 1980 54 75 the
1543 1980 150 75 exterior
1704 1980 77 75 ones
1799 1980 53 75 are
1869 1980 94 75 taken
1980 1980 102 75 away.

1214 2058 18 75 a
1249 2058 29 75 a,
1297 2058 201 75 Corrugator
1509 2058 255 75 fuperciliorum.
1800 2058 34 75 b,
1851 2058 218 75 Temporalis,
2107 2058 31 75 c,
2156 2058 89 75 Ten-

1261 2103 63 75 don
1349 2103 41 75 of
1408 2103 56 75 the
1487 2103 123 75 levator
1635 2103 157 75 palpebrae
1816 2103 181 75 fuperions.
2046 2103 34 75 d,
2105 2103 142 75 Tendon

1261 2150 39 75 of
1311 2150 56 75 the
1379 2150 188 75 orbicularis
1580 2150 233 75 palpebrarum,
1854 2150 31 75 e,
1902 2150 165 75 Mafleter.
2116 2150 26 75 f,
2161 2150 86 75 Buc-

1261 2197 135 75 cinator.
1451 2197 33 75 g,
1518 2197 144 75 Levator
1690 2197 157 75 labiorum
1874 2197 188 75 communis,
2115 2197 34 75 h,
2176 2197 71 75 De-

1260 2243 118 75 preflbr
1404 2243 75 75 labii
1518 2243 168 75 fuperioris
1714 2243 158 75 proprius.
1921 2243 23 75 i,
1978 2243 168 75 Sphinder
2169 2243 77 75 oris,

1261 2294 33 75 k,
1322 2294 173 75 Depreflbr
1511 2294 157 75 labiorum
1685 2294 189 75 communis.
1923 2294 25 75 1,
1973 2294 143 75 Mufcles
2134 2294 39 75 of
2191 2294 56 75 the

1265 2342 36 75 os
1318 2342 147 75 hyoides.
1514 2342 44 75 m,
1587 2342 238 75 Sterno-cleido
1842 2342 201 75 maftoideus.

1220 2434 87 75 Fig.
1326 2434 34 75 4.
1411 2434 96 75 Some
1525 2434 40 75 of
1576 2434 55 75 the
1647 2434 178 75 Muscles
1842 2434 41 75 of
1902 2434 55 75 the
1974 2434 36 75 os
2023 2434 146 75 hyoides,
2187 2434 63 75 and

1559 2476 228 75 fubmaxillary
1803 2476 109 75 gland.

1221 2549 30 75 a.
1275 2549 80 75 Part
1378 2549 40 75 of
1437 2549 54 75 the
1515 2549 144 75 mafleter
1683 2549 131 75 mufcle.
1863 2549 33 75 b,
1921 2549 160 75 Pofterior
2105 2549 82 75 head
2215 2549 40 75 of

1269 2595 54 75 the
1346 2595 159 75 digraftic.
1563 2595 32 75 c,
1620 2595 48 75 Its
1697 2595 141 75 anterior
1864 2595 95 75 head,
2018 2595 21 75 d
2056 2595 33 75 d,
2117 2595 133 75 Sterno-

1268 2640 178 75 hyoidasus.
1495 2640 30 75 e,
1559 2640 283 75 Omo-hyoidaeus.
1899 2640 26 75 f,
1961 2640 288 75 Stylo-hyoidaeus.

1269 2688 33 75 g,
1330 2688 239 75 Submaxillary
1585 2688 97 75 gland
1698 2688 32 75 in
1747 2688 71 75 fitu.

1332 2782 86 75 Fig.
1448 2782 32 75 5.
1528 2782 78 75 The
1622 2782 228 75 fubmaxillary
1865 2782 97 75 gland
1979 2782 60 75 and
2056 2782 86 75 dud.

1224 2850 29 75 a,
1277 2850 167 75 Mufculus
1461 2850 281 75 mylo-hyoidaeus.
1792 2850 33 75 b,
1851 2850 224 75 Hyo-gloflus.
2126 2850 29 75 c,
2181 2850 70 75 fub-

1269 2895 169 75 raaxillary
1454 2895 98 75 gland
1563 2895 94 75 extra
1673 2895 71 75 fitu.
1794 2895 35 75 d.
1853 2895 49 75 Its
1919 2895 85 75 dud.

2033 3001 32 75 E
2077 3001 34 75 X
2123 3001 27 75 P
2162 3001 31 75 L
2205 3001 46 75 A-
