2397 3387
197 205 28 49 5
225 173 60 75 S8

756 173 37 75 B
884 173 33 75 I.
1004 173 35 75 E
1118 173 41 75 A
1236 173 37 75 0

200 245 169 75 bleaching
385 245 87 75 allies
489 245 33 75 as
540 245 19 75 a
575 245 207 75 compofition
795 245 40 75 of
841 245 76 75 lime
928 245 63 75 and
1004 245 135 75 alkaline
1152 245 87 75 falts,

202 293 49 75 •we
268 293 79 75 muft
363 293 145 75 difcover
524 293 18 75 a
560 293 81 75 frelh
658 293 80 75 fund
757 293 51 75 for
833 293 56 75 the
916 293 178 75 depofition
1119 293 40 75 of
1179 293 62 75 this

203 338 168 75 abforbent
388 338 104 75 earth.
541 338 76 75 The
635 338 148 75 common
800 338 128 75 cauftic,
955 338 19 75 a
985 338 207 75 compofition
1209 338 40 75 of

203 387 63 75 this
284 387 77 75 very
377 387 91 75 kind,
493 387 76 75 foon
587 387 147 75 converts
751 387 98 75 itfelf,
874 387 31 75 if
924 387 143 75 expofed
1084 387 34 75 to
1135 387 57 75 the
1208 387 36 75 o-

203 433 60 75 pen
281 433 58 75 air,
365 433 74 75 into'
452 433 17 75 a
486 433 154 75 harmlefs
657 433 115 75 earthy
788 433 143 75 powder.

250 479 172 75 .Frequent
438 479 155 75 buckings
610 479 63 75 and
688 479 183 75 bleachings
891 479 75 75 load
983 479 56 75 the
1056 479 88 75 cloth
1167 479 78 75 with

203 527 70 75 th's
291 527 172 75 fubftance.
513 527 32 75 It
556 527 148 75 becomes
721 527 76 75 then
815 527 159 75 necelfary
990 527 36 75 to
1042 527 74 75 take
1133 527 24 75 it
1175 527 70 75 out.

203 574 57 75 No
284 574 138 75 walking
437 574 59 75 can
520 574 44 75 do
592 574 84 75 that,
701 574 133 75 becaufe
850 574 92 75 earth
959 574 26 75 is
1002 574 57 75 not
1076 574 121 75 foluble
1213 574 32 75 in

204 620 109 75 water.
366 620 152 75 Nothing
540 620 58 75 but
622 620 86 75 acids
737 620 58 75 can
823 620 128 75 remove
978 620 39 75 it.
1066 620 109 75 Thefe
1191 620 54 75 are

205 667 157 75 attrafted
378 667 44 75 by
438 667 58 75 the
513 667 169 75 abforbent
708 667 105 75 earth,
836 667 68 75 join
932 667 190 75 themfelves
1146 667 35 75 to
1205 667 38 75 it,

204 714 60 75 and
284 714 145 75 compofe
447 714 18 75 a
481 714 80 75 kind
587 714 39 75 of
646 714 124 75 neutral
799 714 166 75 imperfedt
994 714 73 75 fait,
1095 714 105 75 which
1217 714 27 75 is

204 761 121 75 foluble
346 761 32 75 in
397 761 99 75 water
509 761 11 75 ;
547 761 63 75 and
626 761 162 75 therefore
804 761 94 75 eafily
915 761 130 75 walked
1060 761 60 75 out
1136 761 40 75 of
1188 761 56 75 the

207 808 58 75 clo'
265 808 42 75 th.
341 808 77 75 The
439 808 70 75 acid
527 808 122 75 liquors
663 808 182 75 commonly
862 808 77 75 ufed
956 808 52 75 are
1026 808 217 75 butter-milk,

205 855 107 75 which
324 855 26 75 is
365 855 161 75 reckoned
549 855 56 75 the
621 855 80 75 bell:,
727 855 73 75 four
817 855 91 75 milk,
933 855 152 75 infufions
1099 855 34 75 of
1152 855 91 75 bran,

207 901 168 75 rye-meal,
403 901 64 75 6c.
492 901 77 75 kept
586 901 51 75 for
655 901 86 75 fome
759 901 79 75 days
859 901 50 75 till
928 901 78 75 they
1023 901 85 75 four.
1160 901 85 75 Sour

206 950 93 75 whey
316 950 27 75 is
367 950 139 75 thought
523 950 34 75 to
575 950 72 75 give
664 950 57 75 the
738 950 88 75 cloth
845 950 19 75 a
880 950 117 75 yellow
1014 950 123 75 colour.

253 996 77 75 The
357 996 85 75 linen
466 996 102 75 ought
597 996 34 75 to
658 996 41 75 be
728 996 93 75 dried
844 996 113 75 before
981 996 31 75 it
1023 996 27 75 is
1067 996 58 75 put
1141 996 32 75 in
1190 996 56 75 the

209 1043 90 75 four,
326 1043 71 75 that
415 1043 54 75 the
487 1043 71 75 acid
583 1043 149 75 particles
758 1043 73 75 may
851 1043 178 75 penetrate,
1058 1043 95 75 along
1169 1043 78 75 with

211 1090 55 75 the
284 1090 133 75 v/atery,
447 1090 141 75 through
617 1090 56 75 the
700 1090 120 75 whole.
870 1090 32 75 A
927 1090 62 75 few
1006 1090 98 75 hours
1121 1090 84 75 after
1221 1090 26 75 it

209 1137 56 75 has
283 1137 78 75 been
379 1137 104 75 there,
507 1137 178 75 air-bubjes
698 1137 89 75 arife,
814 1137 56 75 the
882 1137 107 75 liquor
1006 1137 118 75 fwells,
1150 1137 62 75 and
1229 1137 19 75 a

208 1183 91 75 thick
315 1183 85 75 fcum
417 1183 26 75 is
460 1183 127 75 formed
605 1183 9 75 ;
637 1183 145 75 mahifcft
805 1183 80 75 ligns
904 1183 40 75 of
964 1183 18 75 a
1006 1183 240 75 fermentation.

207 1231 77 75 The
313 1231 166 75 following
507 1231 213 75 experiment,
754 1231 69 75 fays
850 1231 53 75 Dr
920 1231 121 75 Home,
1066 1231 97 75 ihews
1192 1231 56 75 the

213 1277 116 75 degree
346 1277 40 75 of
405 1277 76 75 heat
498 1277 106 75 which
621 1277 126 75 attends
770 1277 38 75 it.

258 1324 23 75 “
308 1324 83 75 May
410 1324 56 75 25.
515 1324 17 75 I
549 1324 59 75 put
627 1324 18 75 a
661 1324 230 75 thermometer
906 1324 41 75 of
958 1324 225 75 Fahrenheit’s
1200 1324 48 75 in-

211 1371 35 75 to
269 1371 86 75 fome
380 1371 216 75 butter-milk,
622 1371 40 75 of
674 1371 104 75 which
796 1371 54 75 the
878 1371 163 75 bleachers
1058 1371 83 75 were
1162 1371 86 75 com-

209 1417 108 75 pofing
333 1417 85 75 their
441 1417 102 75 fours,
570 1417 62 75 and
647 1417 105 75 which
770 1417 92 75 flood
878 1417 34 75 in
929 1417 18 75 a
963 1417 54 75 vat
1038 1417 163 75 adjoining
1213 1417 36 75 to

210 1464 148 75 another,
383 1464 108 75 where
509 1464 54 75 the
584 1464 79 75 milk
687 1464 65 75 was
774 1464 55 75 the
846 1464 97 75 fame,
969 1464 63 75 and
1049 1464 55 75 the
1121 1464 129 75 fouring

212 1511 125 75 procefs
360 1511 65 75 had
453 1511 78 75 been
558 1511 99 75 going
681 1511 42 75 on
751 1511 52 75 for
832 1511 67 75 two
925 1511 93 75 days.
1068 1511 100 75 After
1195 1511 56 75 the

211 1554 231 75 thermometer
467 1554 62 75 had
558 1554 80 75 been
668 1554 123 75 twenty
818 1554 138 75 minutes
985 1554 32 75 in
1044 1554 55 75 the
1126 1554 124 75 butter-

212 1604 94 75 milk,
331 1604 55 75 the
409 1604 146 75 mercury
572 1604 90 75 Hood
683 1604 33 75 at
736 1604 44 75 64
797 1604 146 75 degrees.
993 1604 39 75 In
1049 1604 55 75 the
1120 1604 130 75 fouring

211 1650 55 75 vat
293 1650 26 75 it
346 1650 69 75 rofe
442 1650 36 75 to
507 1650 44 75 68
580 1650 145 75 degrees.
775 1650 54 75 An
853 1650 138 75 increafe
1020 1650 39 75 of
1080 1650 21 75 4
1118 1650 133 75 degrees

212 1697 102 75 Ihows
332 1697 17 75 a
366 1697 108 75 pretty
491 1697 84 75 brilk
598 1697 143 75 inteftine
758 1697 124 75 motion

262 1739 24 75 “
311 1739 57 75 To
387 1739 84 75 what
496 1739 53 75 are
567 1739 41 75 all
626 1739 88 75 thefe
731 1739 108 75 effefts
857 1739 106 75 owing
979 1739 12 75 ?
1033 1739 57 75 To
1107 1739 56 75 the
1180 1739 71 75 ace-

213 1791 76 75 tous
306 1791 226 75 fermentation
550 1791 97 75 going
674 1791 42 75 on
739 1791 32 75 in
801 1791 90 75 thofe
918 1791 167 75 vegetable
1114 1791 137 75 liquors,

214 1837 107 75 whofe
346 1837 100 75 acids,
479 1837 196 75 extricating
699 1837 203 75 themfelves,
927 1837 140 75 produce
1091 1837 88 75 heat,
1204 1837 49 75 in-

215 1881 110 75 teflinc
343 1881 134 75 motion,
504 1881 61 75 and
583 1881 209 75 air-bubbles.
844 1881 48 75 As
909 1881 56 75 the
982 1881 122 75 change
1120 1881 26 75 is
1164 1881 88 75 flow,

214 1931 55 75 the
295 1931 127 75 procefs
446 1931 90 75 takes
565 1931 60 75 five
649 1931 38 75 or
711 1931 48 75 fix
782 1931 80 75 days
879 1931 111 75 before
1014 1931 25 75 it
1062 1931 27 75 is
1110 1931 143 75 finilhed.

216 1977 130 75 During
363 1977 65 75 this
445 1977 77 75 time
538 1977 55 75 the
619 1977 72 75 acid
715 1977 149 75 particles
890 1977 53 75 are
968 1977 199 75 continually
1183 1977 70 75 uni-

215 2024 69 75 ting
297 2024 188 75 themfelves
502 2024 35 75 to
554 2024 56 75 the
627 2024 169 75 abforbent
812 2024 92 75 earth
917 2024 32 75 in
961 2024 56 75 the
1030 2024 102 75 cloth.
1160 2024 95 75 That

214 2071 65 75 this
307 2071 227 75 fermentation
562 2071 77 75 goes
663 2071 43 75 on
730 2071 32 75 in
788 2071 55 75 the
868 2071 108 75 Lquor
992 2071 104 75 alone,
1122 2071 131 75 appears

216 2117 83 75 from
320 2117 65 75 this
402 2117 243 75 confideration,
671 2117 73 75 that
770 2117 55 75 the
849 2117 84 75 fame
949 2117 123 75 effe&s,
1097 2117 71 75 viz.
1194 2117 61 75 air-

216 2163 148 75 bubbles,
390 2163 63 75 and
476 2163 100 75 fcum,
603 2163 53 75 are
679 2163 35 75 to
731 2163 38 75 be
786 2163 73 75 feen
877 2163 32 75 in
927 2163 55 75 the
1001 2163 206 75 butter-milk
1224 2163 32 75 a-

216 2212 88 75 lone.
351 2212 77 75 The
453 2212 77 75 only
545 2212 94 75 effedt
655 2212 77 75 then
750 2212 25 75 it
792 2212 56 75 has
873 2212 39 75 is,
938 2212 43 75 by
1004 2212 56 75 the
1085 2212 90 75 fmall
1202 2212 55 75 de-

218 2258 74 75 gree
309 2258 40 75 of
371 2258 87 75 heat,
484 2258 63 75 and
570 2258 145 75 inteftine
742 2258 136 75 motion,
904 2258 106 75 which
1028 2258 111 75 attend
1156 2258 38 75 it,
1221 2258 35 75 to

219 2303 76 75 aifift
319 2303 55 75 the
398 2303 142 75 jun&ion
569 2303 41 75 of
631 2303 55 75 the
715 2303 70 75 acid
813 2303 64 75 and
904 2303 168 75 abforbent
1095 2303 160 75 particles.

217 2352 68 75 We
302 2352 75 75 Ihall
396 2352 158 75 prefently
569 2352 63 75 fee,
656 2352 73 75 that
745 2352 65 75 this
834 2352 126 75 procefs
986 2352 74 75 may
1077 2352 39 75 be
1132 2352 127 75 carried

220 2398 54 75 on,
300 2398 35 75 to
360 2398 33 75 as
422 2398 90 75 great
540 2398 187 75 advantage,
752 2398 139 75 without
918 2398 63 75 any
1007 2398 248 75 fermentation;

219 2445 62 75 and
297 2445 163 75 therefore
476 2445 25 75 it
517 2445 130 75 appears
671 2445 58 75 not
752 2445 178 75 abfolutely
944 2445 173 75 neceflary.

271 2490 22 75 “
319 2490 112 75 When
449 2490 88 75 thefe
555 2490 168 75 abforbent
750 2490 149 75 particles
917 2490 52 75 are
986 2490 83 75 fully
1084 2490 174 75 faturated,

220 2538 58 75 the
293 2538 177 75 remaining
487 2538 86 75 acids
591 2538 74 75 may
681 2538 87 75 unite
784 2538 93 75 with,
903 2538 64 75 and
977 2538 81 75 have
1070 2538 86 75 fome
1168 2538 91 75 fmall

220 2584 94 75 effedt
328 2584 34 75 in
375 2584 178 75 extradling
569 2584 55 75 the
637 2584 167 75 colouring
815 2584 164 75 particles.
1026 2584 88 75 This
1127 2584 131 75 appears

220 2631 86 75 from
317 2631 57 75 the
385 2631 67 75 two
464 2631 165 75 following
645 2631 228 75 experiments.

272 2678 23 75 “
322 2678 92 75 Sept.
434 2678 57 75 20.
542 2678 32 75 A
590 2678 88 75 piece
694 2678 41 75 of
748 2678 90 75 cloth
854 2678 106 75 which
978 2678 66 75 had
1062 2678 81 75 been
1159 2678 98 75 fteep-

224 2726 52 75 ed,
302 2726 161 75 weighing
480 2726 70 75 414-
566 2726 49 75 gr.
642 2726 64 75 was
723 2726 57 75 put
796 2726 69 75 into
882 2726 18 75 a
916 2726 194 75 half-pound
1135 2726 39 75 of
1186 2726 72 75 but-

222 2770 159 75 ter-milk,
407 2770 162 75 whigged,
595 2770 62 75 and
684 2770 74 75 well
781 2770 126 75 foured,
939 2770 44 75 by
1010 2770 19 75 a
1054 2770 141 75 mixture
1223 2770 41 75 of

223 2817 112 75 water,
362 2817 62 75 and
439 2817 43 75 by
499 2817 134 75 boiling.
684 2817 91 75 Sept.
795 2817 56 75 24.
869 2817 112 75 When
998 2817 95 75 taken
1110 2817 68 75 out,
1197 2817 61 75 and

224 2863 124 75 walked
361 2863 32 75 in
409 2863 113 75 water,
547 2863 26 75 it
595 2863 158 75 appeared
769 2863 19 75 a
803 2863 78 75 very
902 2863 85 75 little
1002 2863 129 75 whiter.
1179 2863 78 75 The

223 2910 134 75 mineral
374 2910 99 75 acids,
500 2910 33 75 as
558 2910 66 75 will
649 2910 114 75 appear
787 2910 201 75 afterwards,
1013 2910 120 75 whiten
1156 2910 101 75 cloth,

224 2958 78 75 even
320 2958 122 75 though
461 2958 78 75 they
556 2958 53 75 are
625 2958 78 75 very
723 2958 95 75 much
834 2958 137 75 diluted.

272 3003 22 75 “
321 3003 69 75 Juft
407 3003 109 75 before
532 3003 56 75 the
604 3003 129 75 acetous
748 3003 226 75 fermentation
992 3003 26 75 is
1035 3003 141 75 finilhed,
1202 3003 55 75 the

223 3052 90 75 cloth
330 3052 110 75 Ihould
463 3052 40 75 be
526 3052 97 75 taken
646 3052 83 75 out;
755 3052 168 75 otherwife
939 3052 55 75 the
1010 3052 87 75 fcum
1114 3052 65 75 will
1198 3052 59 75 fall

1358 166 42 75 H

1590 166 45 75 N
1723 166 54 75 G.

1289 238 112 75 down,
1422 238 63 75 and
1496 238 96 75 lodge
1608 238 32 75 in
1652 238 56 75 the
1721 238 102 75 cloth,
1850 238 62 75 and
1923 238 57 75 the
1991 238 211 75 putrefadtion
2220 238 105 75 which

1288 285 78 75 then
1383 285 110 75 begins
1510 285 66 75 will
1593 285 128 75 weaken
1738 285 38 75 it.
1825 285 85 75 This
1934 285 130 75 appears
2089 285 86 75 from
2190 285 56 75 the
2262 285 65 75 fol-

1290 331 120 75 lowing
1426 331 213 75 experiment.

1340 380 24 75 “
1391 380 77 75 Sep.
1491 380 54 75 16.
1596 380 32 75 A
1645 380 89 75 piece
1750 380 39 75 of
1801 380 101 75 cloth,
1928 380 161 75 weighing
2107 380 57 75 42.
2183 380 49 75 gr.
2261 380 67 75 was

1291 427 66 75 laid
1373 427 33 75 in
1422 427 205 75 butter-milk
1644 427 206 75 unwhigged.
1899 427 142 75 Novem.
2065 427 54 75 15.
2145 427 77 75 The
2249 427 80 75 milk

1292 472 65 75 had
1373 472 18 75 a
1406 472 151 75 putrified
1581 472 102 75 fmell.
1732 472 77 75 The
1837 472 91 75 cloth
1953 472 64 75 was
2046 472 18 75 a
2091 472 84 75 little
2199 472 128 75 whiter,

1292 519 58 75 but
1378 519 78 75 very
1484 519 112 75 tender
1610 519 11 75 ;
1649 519 62 75 and
1739 519 158 75 weighed,
1923 519 94 75 when
2046 519 73 75 well
2143 519 125 75 walhed
2295 519 35 75 in

1293 566 96 75 warm
1411 566 101 75 water
1529 566 61 75 and
1606 566 103 75 dried,
1738 566 44 75 40
1799 566 76 75 gr.”

1340 614 57 75 All
1421 614 54 75 the
1492 614 88 75 fours
1598 614 92 75 made
1708 614 39 75 of
1764 614 90 75 bran,
1882 614 166 75 rye-meal,
2076 614 64 75 6c.
2166 614 102 75 ought
2293 614 38 75 to

1292 660 38 75 be
1347 660 156 75 prepared
1517 660 112 75 before
1646 660 54 75 ufe
1713 660 11 75 ;
1751 660 52 75 for
1820 660 42 75 by
1878 660 63 75 this
1960 660 107 75 means
2083 660 34 75 fo
2141 660 95 75 much
2253 660 78 75 time

1292 707 64 75 will
1375 707 40 75 be
1431 707 106 75 faved.
1588 707 141 75 Befides,
1755 707 93 75 when
1866 707 55 75 the
1937 707 101 75 water
2055 707 26 75 is
2098 707 123 75 poured
2245 707 86 75 upon

1291 753 55 75 the
1364 753 102 75 cloth,
1492 753 63 75 and
1578 753 92 75 bran,
1696 753 33 75 as
1757 753 27 75 is
1810 753 84 75 done
1921 753 33 75 in
1982 753 56 75 the
2057 753 223 75 management
2295 753 43 75 of

1292 800 106 75 coarfe
1415 800 101 75 cloth,
1541 800 55 75 the
1612 800 85 75 linen
1713 800 27 75 is
1758 800 56 75 not
1831 800 33 75 in
1880 800 18 75 a
1921 800 106 75 better
2044 800 147 75 fituation
2208 800 78 75 than
2302 800 36 75 if

1292 847 26 75 it
1334 847 65 75 had
1414 847 81 75 been
1521 847 95 75 taken
1639 847 42 75 up
1699 847 63 75 wet
1780 847 86 75 from
1891 847 58 75 .the
1976 847 96 75 field;
2107 847 63 75 and
2194 847 44 75 by
2266 847 67 75 this

1291 893 109 75 means
1427 893 56 75 the
1512 893 70 75 acid
1611 893 149 75 particles
1778 893 117 75 cannot
1913 893 163 75 penetrate
2093 893 34 75 fo
2144 893 94 75 deep.
2283 893 49 75 A-

1294 940 85 75 gain,
1406 940 63 75 this
1499 940 133 75 method
1660 940 40 75 of
1721 940 126 75 mixing
1869 940 57 75 the
1951 940 77 75 bran
2058 940 80 75 with
2156 940 56 75 the
2229 940 102 75 cloth,

1293 988 73 75 may
1388 988 41 75 be
1446 988 152 75 attended
1616 988 80 75 with
1718 988 56 75 yet
1789 988 100 75 worfe
1907 988 244 75 confequences.
2202 988 57 75 All
2277 988 55 75 ve-

1293 1034 126 75 getable
1431 1034 188 75 fubftances,
1633 1034 93 75 when
1739 1034 94 75 much
1844 1034 132 75 prefled,
1994 1034 58 75 fall
2061 1034 68 75 into
2141 1034 56 75 the
2210 1034 122 75 putref-

1294 1080 84 75 cent,
1405 1080 62 75 and
1482 1080 56 75 not
1551 1080 54 75 the
1618 1080 129 75 acetous
1764 1080 238 75 fermentation.
2050 1080 86 75 This
2148 1080 89 75 often
2254 1080 79 75 hap-

1294 1128 76 75 pens
1396 1128 35 75 to
1459 1128 55 75 the
1542 1128 79 75 bran
1646 1128 122 75 prefled
1799 1128 139 75 betwixt
1965 1128 55 75 the
2052 1128 152 75 different
2228 1128 106 75 layers

1294 1174 42 75 oh
1365 1174 55 75 the
1444 1174 98 75 linen,
1568 1174 105 75 which
1702 1174 80 75 muft
1813 1174 131 75 weaken
1972 1174 56 75 the
2055 1174 102 75 cloth.
2206 1174 127 75 Hence,

1295 1221 42 75 all
1354 1221 89 75 fours
1460 1221 113 75 Ihould
1588 1221 39 75 be
1644 1221 154 75 prepared
1815 1221 110 75 before
1943 1221 55 75 the
2015 1221 88 75 cloth
2121 1221 25 75 is
2165 1221 123 75 fteeped
2301 1221 33 75 in

1295 1267 109 75 them;
1432 1267 62 75 and
1511 1267 81 75 none
1609 1267 39 75 of
1671 1267 55 75 the
1750 1267 77 75 bran
1849 1267 38 75 or
1915 1267 83 75 meal
2025 1267 113 75 Ihould
2161 1267 39 75 be
2225 1267 111 75 mixed

1296 1313 78 75 with
1393 1313 55 75 the
1465 1313 103 75 cloth.

1342 1361 77 75 The
1447 1361 87 75 fours
1563 1361 53 75 are
1640 1361 76 75 ufed
1740 1361 150 75 ftrongeft
1918 1361 33 75 at
1975 1361 77 75 firft,
2078 1361 62 75 and
2164 1361 169 75 gradually

1297 1407 173 75 weakened
1485 1407 51 75 till
1554 1407 55 75 the
1626 1407 87 75 cloth
1730 1407 57 75 has
1801 1407 143 75 attained
1959 1407 36 75 to
2012 1407 41 75 its
2071 1407 183 75 whitenefs.
2297 1407 39 75 In

1298 1454 55 75 the
1370 1454 64 75 firft
1450 1454 157 75 fourings,
1632 1454 91 75 there
1740 1454 26 75 is
1783 1454 89 75 more
1889 1454 40 75 of
1953 1454 56 75 the
2036 1454 114 75 earthy
2167 1454 117 75 matter
2304 1454 34 75 in

1299 1501 55 75 the
1371 1501 100 75 cloth,
1498 1501 86 75 from
1607 1501 57 75 the
1693 1501 94 75 many
1816 1501 155 75 buckings
1999 1501 27 75 it
2051 1501 59 75 has
2138 1501 197 75 undergone,

1298 1548 77 75 than
1393 1548 86 75 what
1496 1548 91 75 there
1603 1548 58 75 can
1677 1548 41 75 be
1733 1548 203 75 afterwards.
1987 1548 47 75 As
2052 1548 55 75 the
2131 1548 150 75 quantity
2302 1548 41 75 of

1299 1594 64 75 this
1397 1594 117 75 matter
1547 1594 175 75 decreafes,
1754 1594 35 75 fo
1815 1594 113 75 fhould
1956 1594 56 75 the
2041 1594 141 75 ftrength
2210 1594 41 75 of
2281 1594 56 75 the

1300 1641 85 75 four.
1448 1641 113 75 There
1578 1641 27 75 is
1622 1641 68 75 not,
1716 1641 161 75 however,
1903 1641 55 75 the
1974 1641 76 75 leaft
2067 1641 132 75 danger,
2225 1641 33 75 at
2274 1641 65 75 any

1300 1688 91 75 time,
1416 1688 86 75 from
1520 1688 55 75 too
1592 1688 107 75 ftrong
1716 1688 19 75 a
1752 1688 88 75 four.

1347 1735 105 75 What
1467 1735 26 75 is
1516 1735 79 75 molt
1610 1735 129 75 wanted
1755 1735 31 75 in
1804 1735 64 75 this
1885 1735 165 75 operation
2072 1735 26 75 is
2124 1735 18 75 a
2166 1735 88 75 more
2279 1735 60 75 ex-

1300 1782 160 75 peditious
1478 1782 61 75 and
1556 1782 136 75 cheaper
1708 1782 132 75 method
1858 1782 39 75 of
1909 1782 165 75 obtaining
2089 1782 56 75 the
2160 1782 84 75 fame
2261 1782 75 75 end.

1301 1829 49 75 As
1367 1829 25 75 it
1408 1829 92 75 takes
1517 1829 61 75 five
1595 1829 37 75 or
1659 1829 48 75 fix
1732 1829 92 75 days,
1849 1829 26 75 it
1891 1829 123 75 retards
2031 1829 56 75 the
2103 1829 174 75 whitening
2304 1829 42 75 of

1301 1875 56 75 the
1372 1875 92 75 doth
1481 1875 237 75 confiderably;
1745 1875 62 75 and
1835 1875 34 75 as
1894 1875 163 75 bleachers
2075 1875 53 75 are
2145 1875 131 75 obliged
2303 1875 36 75 to

1302 1921 76 75 fend
1394 1921 51 75 for
1462 1921 78 75 milk
1558 1921 35 75 to
1609 1921 18 75 a
1643 1921 90 75 great
1750 1921 150 75 diftance,
1926 1921 26 75 it
1979 1921 146 75 becomes
2153 1921 78 75 very
2247 1921 91 75 dear.

1301 1968 85 75 This
1403 1968 57 75 laft
1477 1968 228 75 confideration
1722 1968 107 75 makes
1846 1968 88 75 them
1951 1968 80 75 keep
2048 1968 26 75 it
2090 1968 34 75 fo
2140 1968 89 75 long,
2254 1968 85 75 that,

1304 2014 93 75 when
1421 2014 88 75 ufed,
1535 2014 27 75 it
1586 2014 57 75 can
1660 2014 80 75 have
1757 2014 43 75 no
1816 2014 87 75 good
1930 2014 113 75 effeft;
2069 2014 136 75 perhaps
2223 2014 24 75 it
2265 2014 76 75 may

1303 2062 79 75 have
1400 2062 19 75 a
1434 2062 63 75 bad
1517 2062 73 75 one.

1353 2109 110 75 There
1475 2109 26 75 is
1515 2109 61 75 one
1588 2109 230 75 confideration
1835 2109 72 75 that
1930 2109 73 75 may
2020 2109 72 75 lead
2108 2109 36 75 us
2161 2109 36 75 to
2214 2109 127 75 Ihorten

1305 2156 56 75 the
1378 2156 89 75 time.
1517 2156 33 75 It
1577 2156 26 75 is
1632 2156 167 75 obferved,
1823 2156 72 75 that
1922 2156 55 75 the
2005 2156 128 75 fouring
2160 2156 125 75 procefs
2313 2156 28 75 is

1307 2202 112 75 fooner
1442 2202 131 75 finilhed
1601 2202 44 75 in,
1661 2202 99 75 warm
1785 2202 77 75 than
1889 2202 33 75 in
1946 2202 75 75 cold
2049 2202 155 75 weather.
2255 2202 88 75 Heat

1306 2249 155 75 quickens
1479 2249 56 75 the
1551 2249 239 75 fermentation,
1815 2249 45 75 by
1887 2249 108 75 aiding
2022 2249 55 75 the
2104 2249 144 75 inteftine
2272 2249 69 75 mo-

1306 2296 81 75 tion.
1435 2296 77 75 The
1537 2296 70 75 vats
1635 2296 163 75 therefore
1825 2296 111 75 Ihould
1963 2296 58 75 not
2048 2296 41 75 be
2106 2296 113 75 buried
2235 2296 32 75 in
2284 2296 58 75 the

1307 2343 138 75 ground,
1464 2343 32 75 as
1513 2343 79 75 they
1608 2343 117 75 always
1742 2343 65 75 are,
1825 2343 106 75 which
1948 2343 81 75 muft
2040 2343 80 75 keep
2136 2343 89 75 them
2242 2343 97 75 cold;

1307 2390 90 75 there
1408 2390 112 75 Ihould
1531 2390 109 75 rather
1657 2390 39 75 be
1713 2390 86 75 pipes
1817 2390 95 75 along
1923 2390 56 75 the
1994 2390 90 75 walls
2100 2390 40 75 of
2157 2390 56 75 the
2236 2390 104 75 room,

1307 2437 35 75 to
1358 2437 72 75 give
1446 2437 26 75 it
1488 2437 72 75 that
1575 2437 116 75 degree
1709 2437 40 75 of
1766 2437 89 75 heat,
1880 2437 120 75 which,
2025 2437 41 75 on
2094 2437 86 75 trial,
2204 2437 73 75 may
2300 2437 42 75 be

1308 2483 101 75 found
1425 2483 35 75 to
1476 2483 119 75 anfwer
1611 2483 79 75 beft.
1732 2483 114 75 There
1864 2483 53 75 are
1930 2483 61 75 few
2005 2483 78 75 days
2100 2483 31 75 in
2155 2483 135 75 fummer
2307 2483 36 75 fo

1308 2530 57 75 hot
1383 2530 33 75 as
1434 2530 26 75 is
1479 2530 178 75 neceffary;
1683 2530 63 75 and
1770 2530 54 75 the
1848 2530 173 75 beginning
2048 2530 64 75 and
2137 2530 63 75 end
2223 2530 39 75 of
2286 2530 57 75 the

1307 2578 107 75 feafon
1442 2578 26 75 is
1497 2578 43 75 by
1566 2578 96 75 much
1690 2578 57 75 too
1774 2578 86 75 cold.
1909 2578 93 75 That
2029 2578 64 75 this
2125 2578 26 75 is
2184 2578 42 75 no
2257 2578 85 75 ideal

1306 2623 138 75 fcheme,
1457 2623 55 75 the
1524 2623 166 75 following
1702 2623 63 75 faft
1777 2623 26 75 is
1817 2623 18 75 a
1850 2623 154 75 fufficient
2021 2623 110 75 proof?
2159 2623 113 75 There
2289 2623 55 75 are

1306 2670 66 75 two
1389 2670 69 75 vats
1475 2670 32 75 in
1525 2670 113 75 Salton
1656 2670 201 75 bleachfield,
1883 2670 164 75 adjoining
2069 2670 36 75 to
2130 2670 18 75 a
2174 2670 168 75 partition-

1307 2717 87 75 wall,
1420 2717 33 75 at
1470 2717 56 75 the
1541 2717 83 75 back
1640 2717 41 75 of
1691 2717 106 75 which
1821 2717 92 75 there
1938 2717 27 75 is
1993 2717 19 75 a
2037 2717 130 75 kitchen
2184 2717 70 75 fire.
2303 2717 41 75 In

1305 2764 89 75 thefe
1409 2764 70 75 vats
1504 2764 56 75 the
1583 2764 128 75 fouring
1738 2764 125 75 procefs
1891 2764 27 75 is
1946 2764 130 75 finilhed
2093 2764 31 75 in
2142 2764 90 75 three
2249 2764 92 75 days,

1305 2811 143 75 whereas
1460 2811 26 75 it
1502 2811 73 75 lalls
1591 2811 61 75 five
1664 2811 36 75 or
1717 2811 49 75 fix
1781 2811 78 75 days
1872 2811 32 75 in
1921 2811 55 75 the
1988 2811 109 75 others
2109 2811 113 75 placed
2238 2811 104 75 round

1307 2858 54 75 the
1378 2858 82 75 fame
1478 2858 103 75 room.

1352 2905 85 75 This
1462 2905 243 75 improvement,
1739 2905 124 75 though
1891 2905 26 75 it
1944 2905 142 75 Ihortens
2114 2905 57 75 the
2199 2905 77 75 time
2304 2905 42 75 of

1306 2951 128 75 fouring
1450 2951 19 75 a
1483 2951 79 75 very
1588 2951 98 75 little,
1711 2951 55 75 yet
1782 2951 27 75 is
1826 2951 42 75 no
1896 2951 132 75 remedy
2052 2951 117 75 againft
2185 2951 56 75 the
2257 2951 83 75 fcar-

1307 2997 65 75 city
1384 2997 62 75 and
1462 2997 145 75 dearnefs
1622 2997 40 75 of
1673 2997 79 75 milk
1768 2997 102 75 fours.
1921 2997 87 75 Such
2025 2997 17 75 a
2058 2997 108 75 liquor
2183 2997 33 75 as
2233 2997 109 75 would

1304 3046 88 75 ferve
1408 3046 60 75 our
1484 3046 146 75 purpofe,
1655 3046 80 75 mult
1752 3046 40 75 be
1808 3046 101 75 found
1925 3046 103 75 either
2044 3046 115 75 among
2176 3046 53 75 the
2246 3046 93 75 vege-
2254 3086 85 75 table
