2431 3327
199 210 150 75 ADRA,
375 210 32 75 in
435 210 195 75 geography,
657 210 18 75 a
691 210 141 75 fea-port
843 210 87 75 town
947 210 40 75 of
999 210 110 75 Spain,
1131 210 34 75 in
1176 210 56 75 the

246 256 153 75 kingdom
416 256 41 75 of
476 256 185 75 Granada,.
672 256 43 75 37
746 256 99 75 miles_
866 256 36 75 S.
928 256 44 75 E.
1002 256 40 75 of
1063 256 166 75 Granada,

247 303 61 75 and
325 303 38 75 12
380 303 35 75 S.
431 303 59 75 W.
510 303 40 75 of
557 303 161 75 Almeria,
741 303 29 75 1.
792 303 54 75 10.
860 303 61 75 W:
940 303 89 75 long.
1051 303 56 75 36.
1121 303 36 75 o.
1171 303 59 75 lat.

199 350 325 75 ADRACANTH.
574 350 62 75 See
652 350 294 75 Tkagacanth.

199 395 288 75 ADRACHNE,
510 395 34 75 in
560 395 133 75 botany,
719 395 39 75 an
775 395 141 75 obfolete
932 395 92 75 name
1036 395 40 75 of
1083 395 18 75 a
1111 395 118 75 fpecies

248 442 39 75 of
302 442 144 75 arbutus.
498 442 62 75 See
576 442 203 75 Arbutus.

200 488 403 75 ADRAMMELECH,
636 488 34 75 in
700 488 173 75 antiquity,
906 488 38 75 or
970 488 204 75 mythology,
1211 488 19 75 a

246 533 90 75 deity
351 533 197 75 worfhipped
559 533 45 75 by
620 533 55 75 the
694 533 196 75 inhabitants
908 533 41 75 of
964 533 220 75 Sepharvaim,
1210 533 20 75 a

245 580 112 75 people
382 580 128 75 planted
526 580 33 75 in
576 580 55 75 the
648 580 92 75 Holy
756 580 97 75 Land
868 580 44 75 by
928 580 55 75 the
998 580 93 75 kings
1109 580 40 75 of
1166 580 62 75 Af-

245 628 95 75 fyna,
366 628 84 75 after
465 628 206 75 Salmanazar
697 628 67 75 had
783 628 97 75 taken
905 628 155 75 Samaria,
1086 628 63 75 and
1172 628 58 75 put

247 673 18 75 a
285 673 74 75 final
385 673 112 75 period
515 673 35 75 to
569 673 56 75 the
647 673 154 75 kingdom
821 673 41 75 of
879 673 112 75 Ifrael.
1047 673 78 75 The
1144 673 84 75 wor-

245 718 137 75 fhippers
399 718 40 75 of
450 718 248 75 Adrammeleeh
715 718 97 75 burnt
836 718 86 75 their
946 718 145 75 children
1110 718 35 75 in
1172 718 57 75 the

244 765 58 75 fire
319 765 34 75 to
371 765 53 75 the
441 765 124 75 honour
582 765 40 75 of
633 765 72 75 that
716 765 80 75 idol.
840 765 81 75 The
938 765 91 75 name
1045 765 28 75 is
1089 765 137 75 Perfian,

247 811 62 75 and
324 811 133 75 fignifies
473 811 53 75 the
542 811 207 75 magnificent
761 811 88 75 king.

197 859 240 75 ADRIUNE,
463 859 33 75 in
508 859 135 75 botany,
669 859 39 75 an
723 859 143 75 obfolete
888 859 91 75 name
996 859 41 75 of
1051 859 55 75 the
1120 859 107 75 cycla-

247 904 84 75 men.
382 904 61 75 See
459 904 232 75 Cyclamen.

199 951 216 75 ADROBE,
441 951 55 75 the
513 951 91 75 name
620 951 40 75 of
671 951 66 75 two
755 951 98 75 rivers
869 951 33 75 in
913 951 71 75 that
997 951 72 75 part
1085 951 41 75 of
1137 951 91 75 Afia-

245 996 45 75 tic
304 996 146 75 Tartary
465 996 106 75 which
588 996 26 75 is
632 996 120 75 fubjeft
774 996 35 75 to
826 996 159 75 Mofcovy
997 996 9 75 :
1032 996 99 75 They
1147 996 81 75 both

230 1043 3 75 ,
245 1043 58 75 fall
316 1043 68 75 into
400 1043 56 75 the
467 1043 125 75 Wolga
606 1043 135 75 beneath
754 1043 126 75 Cazan.

199 1091 282 75 ADSCRIPTS,
507 1091 19 75 a
541 1091 83 75 term
640 1091 131 75 ufedby
787 1091 86 75 fome
890 1091 273 75 mathematicians
1177 1091 52 75 for

247 1136 54 75 the
317 1136 124 75 natural
457 1136 160 75 tangents.
668 1136 61 75 See
745 1136 211 75 Tangent.

200 1182 69 75 AD
274 1182 40 75 SI
319 1182 132 75 DELL
453 1182 44 75 Aj
522 1182 33 75 in
579 1182 172 75 antiquity,
784 1182 57 75 the
865 1182 86 75 table
979 1182 33 75 at
1038 1182 107 75 which
1172 1182 57 75 the

246 1229 128 75 flamens
391 1229 47 75 fat
455 1229 115 75 during
586 1229 55 75 the
658 1229 167 75 facrifices.

199 1276 213 75 ADSTAT,
438 1276 19 75 a
479 1276 88 75 fmall
590 1276 87 75 town
693 1276 171 75 belonging
879 1276 34 75 to
940 1276 168 75 Denmark
1123 1276 34 75 in
1173 1276 55 75 the

246 1322 97 75 ifiand
354 1322 40 75 of
400 1322 144 75 Iceland,
568 1322 58 75 not
641 1322 49 75 far
702 1322 85 75 from
804 1322 117 75 Holar.

199 1370 352 75 ADSTRICTION,
577 1370 116 75 among
704 1370 187 75 phyficians,
909 1370 19 75 a
939 1370 82 75 term
1032 1370 77 75 ufed
1120 1370 35 75 to
1171 1370 57 75 de-

246 1414 74 75 note
337 1414 56 75 the
409 1414 133 75 rigidity
557 1414 41 75 of
608 1414 62 75 any
688 1414 83 75 part.

200 1462 251 75 ADVANCE,
477 1462 32 75 in
537 1462 56 75 the
618 1462 187 75 mercantile
836 1462 91 75 ftyle,
952 1462 133 75 denotes
1112 1462 117 75 money

246 1507 75 75 paid
336 1507 112 75 before
467 1507 102 75 goods
584 1507 56 75 are
662 1507 175 75 delivered,
863 1507 93 75 work
971 1507 97 75 done,
1093 1507 38 75 or
1146 1507 81 75 bufi-

247 1554 67 75 nefs
330 1554 194 75 performed.

199 1601 275 75 ADVANCED
492 1601 99 75 ditch,
616 1601 33 75 in
665 1601 219 75 fortification,
909 1601 27 75 is
954 1601 71 75 that
1037 1601 108 75 which
1161 1601 67 75 fur-

248 1646 117 75 rounds
381 1646 62 75 the'
443 1646 103 75 glacis
563 1646 37 75 or
617 1646 166 75 efplanade
803 1646 40 75 of
854 1646 19 75 a
888 1646 101 75 place.

198 1693 215 75 Advanced
425 1693 124 75 guard,
575 1693 40 75 or
629 1693 184 75 vanguard,
842 1693 31 75 in
891 1693 55 75 the
963 1693 50 75 art
1031 1693 40 75 of
1078 1693 77 75 war,
1172 1693 57 75 the

246 1737 65 75 firft
326 1737 63 75 line
416 1737 38 75 or
469 1737 131 75 divifion
617 1737 41 75 of
669 1737 38 75 an
725 1737 101 75 army,
853 1737 131 75 ranged,
1007 1737 41 75 or
1063 1737 166 75 marching

248 1784 33 75 in
297 1784 97 75 order
410 1784 47 75 -of
477 1784 123 75 battle;
627 1784 50 75 or,
702 1784 26 75 it
744 1784 26 75 is
793 1784 72 75 that
881 1784 71 75 part
966 1784 107 75 which
1099 1784 28 75 is
1149 1784 80 75 next

249 1831 55 75 the
322 1831 124 75 enemy,
463 1831 63 75 and
541 1831 144 75 marches
701 1831 64 75 firft
781 1831 139 75 towards
935 1831 103 75 them.

199 1879 217 75 Advanced
429 1879 123 75 guard,
577 1879 27 75 is
628 1879 89 75 more
734 1879 189 75 paticularly
938 1879 76 75 ufed
1031 1879 52 75 for
1105 1879 19 75 a
1139 1879 88 75 fmall

247 1923 94 75 party
356 1923 40 75 of
406 1923 92 75 horfe
514 1923 156 75 ftationed
684 1923 112 75 before
812 1923 56 75 the
884 1923 213 75 main-guard.

201 1970 284 75 ADVANCER,
510 1970 115 75 among
651 1970 185 75 fportfmen,
861 1970 62 75 one
938 1970 41 75 of
990 1970 55 75 the
1061 1970 104 75 ftarts,
1190 1970 38 75 or

248 2017 155 75 branches
422 2017 40 75 of
478 2017 19 75 a
511 2017 112 75 buck’s
641 2017 108 75 attire,
775 2017 143 75 between
945 2017 56 75 the
1025 2017 86 75 back
1126 2017 103 75 antler

248 2062 62 75 and
325 2062 56 75 the
397 2062 98 75 palm.

201 2109 187 75 ADUAR,
413 2109 33 75 in
462 2109 56 75 the
530 2109 143 75 Arabian
698 2109 61 75 and
775 2109 145 75 Moorifh
944 2109 147 75 cuftoms,
1118 2109 19 75 a
1152 2109 79 75 kind

247 2155 42 75 of
301 2155 201 75 ambulatory
517 2155 129 75 village,
672 2155 163 75 confifting
852 2155 40 75 of
902 2155 97 75 tents,
1018 2155 106 75 which
1140 2155 89 75 thefe

248 2201 112 75 people
378 2201 128 75 remove
524 2201 85 75 from
621 2201 61 75 one
694 2201 89 75 place
796 2201 35 75 to
844 2201 147 75 another,
1008 2201 34 75 as
1054 2201 75 75 fuits
1145 2201 85 75 their

249 2247 226 75 conveniency.

202 2294 221 75 ADVENT,
447 2294 32 75 in
496 2294 55 75 the
566 2294 164 75 kalendar,
755 2294 152 75 properly
928 2294 133 75 fignifies
1091 2294 57 75 the
1177 2294 54 75 ap-

249 2339 119 75 proach
385 2339 41 75 of
436 2339 56 75 the
520 2339 76 75 feaft
612 2339 41 75 of
666 2339 56 75 the
737 2339 164 75 Nativity.
949 2339 33 75 It
998 2339 144 75 includes
1158 2339 74 75 four

248 2386 150 75 fundays,
422 2386 107 75 which
546 2386 95 75 begin
661 2386 42 75 on
723 2386 40 75 St
779 2386 171 75 Andrew’s
966 2386 77 75 day,
1068 2386 39 75 or
1122 2386 42 75 on
1176 2386 58 75 the

251 2431 132 75 Sunday
393 2431 111 75 before
520 2431 37 75 or
573 2431 84 75 after
671 2431 39 75 it.
760 2431 129 75 During
900 2431 130 75 advent,
1046 2431 65 75 and
1123 2431 38 75 to
1172 2431 62 75 the

250 2477 62 75 end
328 2477 39 75 of
390 2477 55 75 the
468 2477 123 75 oflaves
608 2477 40 75 of
668 2477 184 75 Epiphany,
877 2477 56 75 the
965 2477 208 75 folemnizing
1197 2477 40 75 of

250 2523 155 75 marriage
421 2523 26 75 is
465 2523 119 75 forbid,
608 2523 138 75 without
763 2523 18 75 a
803 2523 115 75 fpecial
934 2523 131 75 licence.

202 2570 388 75 ADVENTITIOUS,
607 2570 40 75 an
660 2570 122 75 epithet
796 2570 127 75 applied
933 2570 35 75 to
980 2570 62 75 any
1053 2570 92 75 thing
1155 2570 76 75 that

250 2615 26 75 is
296 2615 174 75 accidental
488 2615 37 75 or
541 2615 186 75 fortuitous.

204 2662 69 75 AD
290 2662 244 75 VENTREM
551 2662 242 75 infpiciendum,
810 2662 33 75 in
856 2662 73 75 law,
948 2662 19 75 a
982 2662 74 75 writ
1067 2662 44 75 by
1122 2662 107 75 which

251 2709 18 75 a
285 2709 124 75 woman
426 2709 26 75 is
480 2709 36 75 to
538 2709 40 75 be
594 2709 151 75 fearched
761 2709 146 75 v/hether
921 2709 53 75 fhe
991 2709 39 75 be
1046 2709 80 75 with
1142 2709 89 75 child

250 2755 43 75 by
310 2755 18 75 a
351 2755 121 75 former
496 2755 154 75 hufband,
675 2755 42 75 on
741 2755 59 75 her
820 2755 234 75 with-holding
1079 2755 40 75 of
1140 2755 90 75 lands

251 2803 83 75 from
351 2803 55 75 the
423 2803 90 75 next,
538 2803 112 75 failing
665 2803 77 75 iffue
762 2803 40 75 of
812 2803 58 75 her
886 2803 73 75 own
977 2803 98 75 body.

204 2846 321 75 ADVENTURE,
551 2846 32 75 in
600 2846 18 75 a
634 2846 126 75 general
777 2846 97 75 fenfe,
899 2846 86 75 fome
1005 2846 222 75 extraordina-

251 2892 37 75 ry
304 2892 38 75 or
357 2892 174 75 accidental
549 2892 106 75 event.
719 2892 33 75 It
778 2892 64 75 alfq
865 2892 133 75 denotes
1016 2892 19 75 a
1049 2892 181 75 hazardous

250 2938 38 75 or
304 2938 136 75 difficult
455 2938 226 75 undertaking.

204 2988 74 75 Bill
291 2988 305 75 ^Adventure,
622 2988 115 75 among
753 2988 193 75 merchants,
972 2988 19 75 a
1006 2988 127 75 writing
1149 2988 80 75 fign-

1328 211 38 75 ed
1386 211 45 75 by
1446 211 20 75 a
1483 211 176 75 merchant,
1683 211 164 75 teftifying
1875 211 56 75 the
1953 211 102 75 goods
2078 211 184 75 mentioned
2278 211 32 75 in

1328 257 26 75 it
1370 257 35 75 to
1429 257 41 75 be
1492 257 131 75 (hipped
1650 257 41 75 on
1719 257 101 75 board
1837 257 18 75 a
1871 257 120 75 certain
2020 257 94 75 veffel
2139 257 171 75 belonging

1327 303 36 75 to
1392 303 134 75 another
1551 303 123 75 perfon,
1699 303 75 75 who
1801 303 27 75 is
1857 303 34 75 to
1913 303 59 75 run
1997 303 42 75 all
2063 303 159 75 hazards;
2255 303 56 75 the

1328 349 166 75 merchant
1512 349 79 75 only
1607 349 145 75 obliging
1771 349 131 75 himfelf
1912 349 37 75 to
1965 349 135 75 account
2117 349 34 75 to
2171 349 67 75 him
2258 349 54 75 for

1327 395 55 75 the
1398 395 155 75 produce.

1277 443 359 75 ADVENTURER,
1662 443 33 75 in
1713 443 18 75 a
1747 443 128 75 general
1886 443 98 75 fenfe,
2008 443 133 75 denotes
2159 443 60 75 one
2235 443 75 75 who

1325 489 139 75 hazards
1481 489 193 75 fomething.
1710 489 6 75 •

1277 535 216 75 ADVERB,
1517 535 34 75 in
1574 535 172 75 grammar,
1780 535 19 75 a
1822 535 92 75 word
1933 535 115 75 joined
2065 535 34 75 to
2121 535 106 75 verbs,
2250 535 59 75 ex-

1325 581 132 75 preffing
1483 581 56 75 the
1564 581 142 75 manner,
1732 581 89 75 time,
1848 581 64 75 'be.
1938 581 42 75 of
1998 581 39 75 an
2066 581 123 75 adtion:
2219 581 88 75 thus,

1325 627 32 75 in
1373 627 55 75 the
1444 627 125 75 phrafe,
1594 627 38 75 he
1651 627 42 75 ny'
1693 627 30 75 as
1738 627 138 75 warmly
1893 627 155 75 attached
2058 627 33 75 to
2107 627 52 75 the
2177 627 134 75 interejl

1325 674 42 75 cf
1379 674 49 75 his
1454 674 132 75 majler,
1608 674 174 75 the'word
1803 674 138 75 warmly
1965 674 27 75 is
2010 674 40 75 an
2066 674 131 75 adverb.
2247 674 64 75 See

1325 720 218 75 Grammar.

1276 767 333 75 ADVERSARIA,
1634 767 115 75 among
1777 767 55 75 the
1859 767 156 75 ancients,
2040 767 20 75 a
2083 767 88 75 book
2197 767 41 75 of
2256 767 52 75 ac-

1324 813 127 75 counts,
1476 813 57 75 not
1548 813 109 75 unlike
1673 813 60 75 our
1745 813 158 75 journals,
1929 813 38 75 or
1991 813 194 75 day-books.
2234 813 32 75 It
2282 813 28 75 is

1324 859 89 75 more
1429 859 209 75 particularly
1652 859 78 75 ufed
1753 859 52 75 for
1828 859 19 75 a
1872 859 79 75 kind
1979 859 40 75 of
2037 859 271 75 common-place-

1323 905 99 75 book.
1472 905 62 75 See
1550 905 463 75 Common-place-book.

1276 952 311 75 ADVERSARY,
1605 952 20 75 a
1639 952 114 75 perfon
1770 952 75 75 who
1861 952 27 75 is
1906 952 39 75 an
1956 952 114 75 enemy
2084 952 49 75 to,
2151 952 39 75 or
2207 952 100 75 oppo-

1325 998 46 75 fes
1388 998 147 75 another.

1277 1045 363 75 ADVERSATIVE,
1659 1045 30 75 in
1704 1045 169 75 grammar,
1892 1045 20 75 a
1926 1045 92 75 word
2034 1045 275 75 expreffingfome

1324 1090 173 75 difference
1513 1090 144 75 between
1677 1090 87 75 what
1784 1090 76 75 goes
1878 1090 110 75 before
2004 1090 62 75 and
2085 1090 83 75 what
2180 1090 127 75 follows

1297 1137 10 75 '
1322 1137 39 75 it.
1408 1137 108 75 Thus,
1534 1137 32 75 in
1583 1137 56 75 the
1656 1137 123 75 phrafe,
1804 1137 39 75 he
1858 1137 28 75 is
1904 1137 44 75 an
1972 1137 104 75 honejl
2100 1137 88 75 man,
2214 1137 56 75 but
2284 1137 23 75 a

1317 1183 100 75 great
1433 1183 185 75 enthujiafi,
1644 1183 54 75 the
1722 1183 93 75 word
1837 1183 57 75 but
1910 1183 27 75 is
1955 1183 39 75 an
2011 1183 195 75 adverfative
2231 1183 76 75 con-

1320 1229 154 75 junction.

1276 1276 347 75 ADVERSATOR,
1649 1276 32 75 in
1699 1276 172 75 antiquity,
1890 1276 19 75 a
1923 1276 124 75 fervant
2062 1276 75 75 who
2154 1276 154 75 attended

1324 1322 54 75 the
1391 1322 68 75 rich
1475 1322 33 75 in
1524 1322 165 75 returning
1704 1322 85 75 from
1805 1322 126 75 fupper,
1957 1322 35 75 to
2008 1322 86 75 give'
2094 1322 91 75 them
2201 1322 106 75 notice

1324 1368 39 75 of
1374 1368 62 75 any
1447 1368 152 75 obftacles
1616 1368 33 75 in
1660 1368 55 75 the
1732 1368 84 75 way,
1830 1368 33 75 at
1876 1368 107 75 which
1996 1368 78 75 they
2086 1368 103 75 might
2201 1368 40 75 be
2253 1368 54 75 apt

1323 1415 36 75 to
1374 1415 144 75 ftumble.

1276 1461 440 75 ADVERTISEMENT,
1742 1461 32 75 in
1790 1461 20 75 a
1825 1461 128 75 general
1970 1461 97 75 fenfe,
2092 1461 133 75 denotes
2243 1461 62 75 any

1323 1507 205 75 information
1550 1507 94 75 given
1661 1507 35 75 to
1712 1507 127 75 perfons
1864 1507 168 75 interefted
2059 1507 33 75 in
2120 1507 38 75 an
2187 1507 115 75 affair;

1324 1553 62 75 and
1401 1553 27 75 is
1443 1553 89 75 more
1549 1553 206 75 particularly
1770 1553 77 75 ufed
1858 1553 52 75 for
1921 1553 19 75 a
1956 1553 89 75 brief
2055 1553 136 75 account
2207 1553 40 75 of
2264 1553 40 75 an

1323 1599 92 75 affair
1430 1599 139 75 inferred
1581 1599 32 75 in
1625 1599 55 75 the
1696 1599 109 75 public
1819 1599 124 75 papers,
1963 1599 51 75 for
2026 1599 55 75 the
2097 1599 206 75 information

1324 1646 37 75 of
1375 1646 42 75 all
1435 1646 190 75 concerned.

1276 1693 188 75 ADULT,
1490 1693 39 75 an
1548 1693 192 75 appellation
1761 1693 93 75 given
1876 1693 37 75 to
1929 1693 63 75 any
2007 1693 92 75 thing
2121 1693 71 75 that
2208 1693 26 75 is
2252 1693 49 75 ar-

1324 1738 90 75 rived
1437 1738 34 75 at
1485 1738 153 75 maturity
1653 1738 8 75 :
1688 1738 96 75 Thus
1805 1738 48 75 we
1870 1738 65 75 fay,
1953 1738 40 75 an
2009 1738 90 75 adult
2114 1738 124 75 perfon,
2264 1738 39 75 an

1324 1784 88 75 adult
1425 1784 101 75 plant,
1552 1784 64 75 be.
1676 1784 131 75 Among
1819 1784 154 75 civilians,
1990 1784 26 75 it
2027 1784 132 75 denotes
2172 1784 19 75 a
2201 1784 103 75 youth

1324 1829 144 75 between
1484 1829 147 75 fourteen
1652 1829 62 75 and
1730 1829 199 75 twenty-five
1945 1829 91 75 years
2049 1829 40 75 of
2100 1829 70 75 age.

1274 1875 413 75 ADULTERATION,
1712 1875 55 75 the
1779 1875 48 75 adt
1843 1875 211 75 of^ebafing,
2071 1875 44 75 by
2131 1875 37 75 an
2186 1875 117 75 impro-

1320 1920 60 75 per
1398 1920 154 75 mixture,
1576 1920 179 75 fomething
1770 1920 71 75 that
1869 1920 64 75 v/as
1960 1920 78 75 pure
2066 1920 62 75 and
2154 1920 137 75 genuine

1275 1967 286 75 ADULTERY,
1580 1967 39 75 an
1631 1967 153 75 unlawful
1796 1967 176 75 commerce
1984 1967 144 75 between
2144 1967 60 75 one
2220 1967 84 75 mar-

1322 2013 71 75 ried
1408 2013 112 75 perfon
1534 2013 62 75 and
1608 2013 145 75 another,
1771 2013 37 75 or
1820 2013 143 75 between
1980 2013 18 75 a
2013 2013 139 75 married
2167 2013 64 75 and
2246 2013 58 75 un-

1324 2062 137 75 married
1476 2062 124 75 perfom
1650 2062 62 75 See
1729 2062 128 75 Scots
1872 2062 104 75 Law,
1994 2062 100 75 titles,
2114 2062 188 75 Marriage,

1325 2106 68 75 and
1407 2106 136 75 Crimes.

1278 2154 285 75 ADVOCATE,
1584 2154 120 75 among
1727 2154 56 75 the
1804 2154 157 75 Romans,
1986 2154 19 75 a
2020 2154 113 75 perfon
2147 2154 76 75 who
2241 2154 62 75 un-

1326 2199 137 75 dertook
1477 2199 57 75 the
1549 2199 133 75 defence
1698 2199 40 75 of
1749 2199 120 75 caufes.
1911 2199 79 75 The
2006 2199 82 75 term
2103 2199 25 75 is
2146 2199 61 75 ftill
2222 2199 83 75 kept

1328 2245 41 75 up
1386 2245 33 75 in
1440 2245 43 75 all
1500 2245 160 75 countries
1677 2245 107 75 where
1801 2245 55 75 the
1876 2245 73 75 civil
1971 2245 61 75 law
2049 2245 137 75 obtains.

1282 2292 120 75 King's
1424 2292 231 75 Advocate,
1692 2292 27 75 is
1744 2292 55 75 the
1824 2292 151 75 principal
2001 2292 243 75 crown-lawyer
2270 2292 34 75 in

1330 2338 165 75 Scotland.
1544 2338 63 75 His
1628 2338 134 75 bufinefs
1780 2338 27 75 is
1833 2338 36 75 to
1886 2338 47 75 adt
1949 2338 34 75 as
2001 2338 18 75 a
2034 2338 107 75 public
2157 2338 157 75 profecu-

1326 2384 65 75 tor,
1418 2384 62 75 and
1492 2384 34 75 to
1542 2384 95 75 plead
1647 2384 32 75 in
1694 2384 44 75 all
1754 2384 106 75 caufes
1876 2384 69 75 that
1961 2384 135 75 concern
2108 2384 55 75 the
2176 2384 127 75 crown;

1328 2430 58 75 but
1401 2430 207 75 particularly
1623 2430 33 75 in
1679 2430 76 75 fuch
1784 2430 40 75 as'
1835 2430 52 75 are
1911 2430 40 75 of
1969 2430 19 75 a
2009 2430 143 75 criminal
2178 2430 126 75 nature.

1326 2477 77 75 The
1420 2477 91 75 office
1528 2477 40 75 of
1579 2477 115 75 King’s
1710 2477 153 75 advocate
1878 2477 27 75 is
1922 2477 57 75 not
2001 2477 78 75 very
2102 2477 144 75 ancient:
2273 2477 33 75 It

1327 2524 98 75 feems
1442 2524 35 75 to
1499 2524 81 75 have
1592 2524 83 75 been
1693 2524 183 75 eftabjilhed
1891 2524 98 75 about
2005 2524 55 75 the
2077 2524 170 75 beginning
2270 2524 41 75 of

1328 2570 55 75 the
1412 2570 77 75 16th
1515 2570 145 75 century.
1709 2570 182 75 Originally
1916 2570 41 75 he
1984 2570 64 75 had
2072 2570 43 75 no
2142 2570 106 75 power
2271 2570 35 75 to

1327 2615 164 75 profecute
1511 2615 113 75 crimes
1638 2615 139 75 without
1793 2615 55 75 the
1865 2615 210 75 concurrence
2095 2615 40 75 of
2146 2615 19 75 a
2183 2615 125 75 private

1326 2662 112 75 party;
1464 2662 58 75 but
1545 2662 33 75 in
1601 2662 56 75 the
1680 2662 76 75 year
1776 2662 100 75 1597,
1901 2662 41 75 he
1966 2662 65 75 was
2054 2662 194 75 impowered
2270 2662 36 75 to

1327 2708 164 75 profecute
1508 2708 111 75 crimes
1638 2708 31 75 at
1684 2708 51 75 his
1751 2708 73 75 own
1840 2708 148 75 inftance.

1278 2755 134 75 Faculty
1430 2755 307 75 ^/’Advocates,
1762 2755 33 75 in
1814 2755 165 75 Scotland,
2005 2755 19 75 a
2041 2755 190 75 refpedlable
2246 2755 60 75 bo-

1327 2800 45 75 dy
1398 2800 40 75 of
1455 2800 147 75 lawyers,
1627 2800 74 75 who
1728 2800 94 75 plead
1847 2800 34 75 in
1909 2800 42 75 all
1984 2800 106 75 caufes
2113 2800 111 75 before
2251 2800 57 75 the

1328 2846 120 75 Courts
1461 2846 40 75 of
1513 2846 130 75 Seffion,
1662 2846 181 75 Judiciary,
1869 2846 63 75 and
1947 2846 212 75 Exchequer.
2208 2846 100 75 They

1326 2892 54 75 are
1393 2892 64 75 alfo
1469 2892 129 75 intitled
1614 2892 34 75 to
1660 2892 93 75 plead
1768 2892 33 75 in
1818 2892 56 75 the
1886 2892 97 75 houfe
2001 2892 41 75 of
2053 2892 105 75 peeis,
2184 2892 63 75 and
2270 2892 36 75 o-

1327 2938 72 75 ther
1415 2938 143 75 fupreme
1574 2938 107 75 courts
1698 2938 33 75 in
1747 2938 161 75 England.

1374 2985 40 75 In
1436 2985 57 75 the
1516 2985 76 75 year
1619 2985 100 75 1660,
1744 2985 56 75 the
1826 2985 124 75 faculty
1976 2985 144 75 founded
2143 2985 19 75 a
2186 2985 121 75 library
2223 3024 84 75 upon
