2406 3327
570 130 42 75 A
689 130 43 75 G
807 130 37 75 R
922 130 17 75 I
1018 130 36 75 C
1132 130 42 75 U

335 258 65 75 Of
416 258 66 75 the
501 258 157 75 Culture
687 258 47 75 of
750 258 172 75 St-Foin.

151 336 85 75 The
254 336 124 75 writers
395 336 40 75 on
454 336 193 75 agriculture
669 336 119 75 reckon
810 336 65 75 this
900 336 85 75 grafs
1007 336 123 75 prefer-

105 382 71 75 able
191 382 36 75 to
245 382 110 75 clover
370 382 32 75 in
418 382 95 75 many
530 382 153 75 refpeds:
709 382 97 75 They
830 382 66 75 fay,
921 382 71 75 that
1011 382 26 75 it
1056 382 74 75 pro-

105 427 97 75 duces
220 427 17 75 a
252 427 105 75 larger
373 427 98 75 crop;
497 427 72 75 that
584 427 26 75 it
627 427 77 75 does
728 427 60 75 not
814 427 77 75 hurt
915 427 98 75 cattle
1036 427 93 75 when

102 472 94 75 eaten
211 472 118 75 green;
356 472 70 75 that
442 472 26 75 it
483 472 109 75 makes
608 472 106 75 better
730 472 65 75 hay
808 472 9 75 ;
844 472 70 75 that
926 472 26 75 it
964 472 165 75 continues

103 519 74 75 four
192 519 92 75 times
301 519 112 75 longer
433 519 31 75 in
482 519 54 75 the
553 519 125 75 ground
691 519 10 75 ;
728 519 61 75 and
805 519 70 75 that
899 519 26 75 it
948 519 66 75 will
1038 519 91 75 grow

103 566 43 75 on
160 566 76 75 land
253 566 70 75 that
343 566 66 75 will
425 566 77 75 bear
517 566 42 75 no
575 566 94 75 other
685 566 91 75 crop.
829 566 108 75 Thefe
961 566 54 75 are
1039 566 90 75 great

103 611 209 75 advantages:
340 611 79 75 But,
448 611 33 75 as
498 611 48 75 we
562 611 81 75 have
667 611 33 75 fo
723 611 84 75 little
832 611 39 75 of
897 611 71 75 that
991 611 79 75 kind
1094 611 40 75 of

103 658 86 75 grafs
205 658 33 75 in
257 658 165 75 Scotland,
447 658 27 75 it
490 658 115 75 cannot
621 658 40 75 be
683 658 156 75 expefted
861 658 73 75 that
949 658 62 75 any
1024 658 104 75 direc-

102 703 85 75 tions
211 703 58 75 can
285 703 39 75 be
341 703 93 75 given
450 703 190 75 concerning
663 703 55 75 the
737 703 131 75 manner
883 703 41 75 of
940 703 189 75 cultivating

101 749 40 75 it,
159 749 142 75 founded
316 749 84 75 Upon
416 749 199 75 experience.
648 749 68 75 We
732 749 78 75 mud
827 749 163 75 therefore
1006 749 122 75 confine

102 796 160 75 ourfelves
278 796 36 75 to
328 796 77 75 fuch
416 796 79 75 facts
511 796 34 75 as
562 796 53 75 are
630 796 182 75 mentioned
825 796 43 75 by
879 796 131 75 authors
1021 796 41 75 of
1073 796 56 75 the

101 842 67 75 bed
183 842 115 75 credit.

151 888 123 75 St-foin
300 888 57 75 has
385 888 19 75 a
427 888 78 75 very
529 888 77 75 long
628 888 156 75 tap-root,
816 888 106 75 which
949 888 26 75 is
999 888 70 75 able
1092 888 35 75 to

101 936 106 75 pierce
222 936 78 75 very
315 936 82 75 hard
411 936 115 75 earthf
555 936 78 75 The
649 936 87 75 roots
749 936 91 75 grow
856 936 78 75 very
948 936 100 75 large,
1066 936 63 75 and

102 980 56 75 the
173 980 104 75 larger
292 980 78 75 they
387 980 65 75 are,
477 980 77 75 they
568 980 165 75 penetrate
749 980 34 75 to
799 980 56 75 the
866 980 125 75 greater
1006 980 119 75 depth;

102 1026 64 75 and
180 1026 100 75 hence
296 1026 26 75 it
337 1026 74 75 may
427 1026 40 75 be
483 1026 190 75 concluded,
697 1026 72 75 that
784 1026 65 75 this
866 1026 99 75 grafs,
989 1026 94 75 when
1102 1026 27 75 it

101 1072 122 75 thrives
247 1072 85 75 well,
369 1072 137 75 receives
531 1072 19 75 a
573 1072 90 75 great
686 1072 72 75 part
779 1072 47 75 of-
845 1072 42 75 its
916 1072 213 75 nourifliment

102 1118 84 75 from
198 1118 105 75 below
314 1118 165 75 dieJiaple
490 1118 40 75 of
541 1118 54 75 the
607 1118 78 75 foil:
705 1118 39 75 of
750 1118 122 75 courfe,
886 1118 17 75 a
912 1118 80 75 deep
1001 1118 61 75 dry
1071 1118 57 75 foil

101 1165 28 75 is
145 1165 66 75 bed
236 1165 52 75 for
309 1165 56 75 the
389 1165 122 75 culture
535 1165 41 75 of
595 1165 136 75 St-foin.
779 1165 111 75 When
914 1165 103 75 plants
1040 1165 89 75 draw

102 1210 90 75 their,
209 1210 213 75 nourilhment
437 1210 86 75 from
538 1210 71 75 that
624 1210 72 75 part
712 1210 41 75 of
763 1210 55 75 the
834 1210 58 75 foil
908 1210 72 75 that
1003 1210 26 75 is
1052 1210 77 75 near

101 1257 56 75 the
173 1257 134 75 furface,
331 1257 27 75 it
373 1257 27 75 is
418 1257 55 75 not
489 1257 39 75 of
539 1257 96 75 much
652 1257 214 75 confequence
883 1257 145 75 whether
1043 1257 102 75 their^

101 1302 133 75 number
250 1302 39 75 be
306 1302 89 75 great
410 1302 38 75 or
459 1302 101 75 fmall.
608 1302 66 75 But
691 1302 55 75 the
762 1302 69 75 cafe
843 1302 26 75 is
886 1302 78 75 very
978 1302 150 75 different

101 1349 94 75 when
217 1349 56 75 the
296 1349 103 75 plants
423 1349 123 75 receive
568 1349 84 75 their
674 1349 92 75 food,
790 1349 57 75 not
864 1349 78 75 only
957 1349 86 75 near,
1069 1349 59 75 but

100 1395 67 75 alfo
183 1395 80 75 deep
280 1395 104 75 below
399 1395 56 75 the
469 1395 135 75 furface.
653 1395 141 75 Befides,
819 1395 103 75 plants
944 1395 71 75 that
1036 1395 92 75 fhoot

100 1440 86 75 their
201 1440 88 75 roots
306 1440 80 75 deep
403 1440 52 75 are
471 1440 90 75 often
584 1440 144 75 fupplied
748 1440 80 75 with
850 1440 159 75 moidure,
1034 1440 93 75 when

101 1488 90 75 thofe
208 1488 76 75 near
300 1488 55 75 the
370 1488 124 75 furface
510 1488 56 75 are
579 1488 141 75 parched
735 1488 78 75 with
831 1488 152 75 drought.

147 1532 57 75 To
226 1532 114 75 render
357 1532 54 75 the
427 1532 103 75 plants
552 1532 40 75 of
612 1532 123 75 St-foin
751 1532 163 75 vigorous,
938 1532 26 75 it
979 1532 26 75 is
1023 1532 104 75 necef-

101 1578 72 75 fary
188 1578 70 75 that
274 1578 76 75 they
368 1578 39 75 be
423 1578 86 75 fbwn
525 1578 82 75 thin.
654 1578 78 75 The
747 1578 66 75 bed
829 1578 134 75 method
979 1578 39 75 of
1029 1578 98 75 doing

102 1625 64 75 this
189 1625 27 75 is
238 1625 44 75 by
298 1625 18 75 a
338 1625 97 75 drill;
463 1625 144 75 becaufe,
631 1625 93 75 when
741 1625 85 75 fown
842 1625 33 75 in
898 1625 63 75 this
984 1625 141 75 manner,

101 1670 58 75 not
174 1670 77 75 only
267 1670 54 75 the
338 1670 119 75 weeds,
481 1670 59 75 but
563 1670 65 75 alfo
649 1670 56 75 the
727 1670 261 75 fupernumerary
1009 1670 116 75 plants,

103 1714 58 75 can
177 1714 93 75 eafiiy
285 1714 39 75 be
341 1714 163 75 removed.
544 1714 32 75 It
591 1714 27 75 is
633 1714 120 75 feveral
769 1714 91 75 years
871 1714 116 75 -before
1004 1714 123 75 St-foin

103 1760 106 75 comes
223 1760 34 75 to
273 1760 42 75 its
332 1760 60 75 full
408 1760 140 75 drength
560 1760 10 75 ;
596 1760 62 75 and
671 1760 55 75 the
743 1760 132 75 number
891 1760 40 75 of
943 1760 102 75 plants
1061 1760 65 75 fuf-

103 1806 105 75 ficient
225 1806 34 75 to
276 1806 87 75 dock
380 1806 18 75 a
413 1806 86 75 field,
525 1806 94 75 while
635 1806 33 75 in
685 1806 62 75 this
764 1806 163 75 imperfecd
944 1806 88 75 date,
1058 1806 66 75 will

103 1852 90 75 make
210 1852 57 75 but
290 1852 18 75 a
331 1852 80 75 poor
434 1852 76 75 crop
533 1852 53 75 for
609 1852 55 75 the
687 1852 63 75 fird
772 1852 75 75 year
862 1852 39 75 or
915 1852 78 75 two.
1042 1852 33 75 It
1097 1852 27 75 is

101 1899 161 75 therefore
288 1899 106 75 necefl'
394 1899 52 75 ary
472 1899 70 75 that
564 1899 26 75 it
612 1899 40 75 be
682 1899 87 75 fown
792 1899 32 75 in
852 1899 76 75 fuch
942 1899 29 75 -a
995 1899 130 75 manner

101 1944 33 75 as
151 1944 34 75 to
202 1944 92 75 make
310 1944 25 75 it
351 1944 74 75 eafy
436 1944 34 75 to
482 1944 75 75 take
575 1944 41 75 up
627 1944 103 75 plants
747 1944 33 75 in
796 1944 74 75 fuch
883 1944 162 75 numbers,
1062 1944 63 75 and

99 1991 33 75 in
147 1991 80 75 fuch'
239 1991 107 75 order,
372 1991 32 75 as
422 1991 117 75 always
555 1991 37 75 to
607 1991 88 75 leave
717 1991 32 75 in
766 1991 55 75 the
840 1991 75 75 field
938 1991 56 75 the
1010 1991 115 75 proper

99 2036 133 75 number
254 2036 32 75 in
310 2036 84 75 their
416 2036 250 75 proper,places.
712 2036 86 75 This
814 2036 57 75 can
887 2036 77 75 only
980 2036 38 75 be
1041 2036 84 75 dona

99 2083 79 75 with
195 2083 175 75 propriety,
395 2083 43 75 by
454 2083 120 75 fowing
591 2083 55 75 the
665 2083 103 75 plants
793 2083 33 75 in
843 2083 82 75 rows
941 2083 44 75 by
1001 2083 17 75 a
1035 2083 87 75 drill.

101 2129 175 75 Supponng
292 2129 18 75 a
325 2129 75 75 field
416 2129 35 75 to
466 2129 40 75 be
528 2129 119 75 drilled
669 2129 32 75 in
726 2129 83 75 rows
831 2129 34 75 at
880 2129 55 75 ten
951 2129 107 75 inches
1074 2129 50 75 di-

100 2176 118 75 dance,.
239 2176 54 75 the
311 2176 166 75 partitions
500 2176 74 75 may
597 2176 39 75 be
660 2176 198 75 hand-hoed,
884 2176 61 75 and
970 2176 54 75 the
1041 2176 83 75 rows

99 2222 122 75 dreffed
242 2222 31 75 in
291 2222 76 75 fuch
384 2222 19 75 a
417 2222 129 75 mannpr
562 2222 33 75 as
612 2222 35 75 to
666 2222 88 75 le&ve
777 2222 19 75 a
811 2222 115 75 proper
942 2222 132 75 number
1090 2222 40 75 of

98 2268 117 75 plants.
257 2268 38 75 In
312 2268 63 75 this
390 2268 146 75 fituation
552 2268 55 75 the
619 2268 75 75 field
704 2268 74 75 may
793 2268 120 75 remain
925 2268 67 75 two
1007 2268 114 75 years;

99 2313 76 75 then
191 2313 60 75 one
267 2313 111 75 fourth
394 2313 40 75 of
451 2313 56 75 the
524 2313 83 75 rows
630 2313 73 75 may
719 2313 39 75 be
775 2313 96 75 taken
892 2313 57 75 out
971 2313 32 75 in
1025 2313 97 75 pairs,

98 2360 33 75 in
147 2360 76 75 fuch
248 2360 19 75 a
288 2360 130 75 manner
442 2360 33 75 as
497 2360 36 75 to
549 2360 93 75 make
667 2360 56 75 the
747 2360 77 75 beds
846 2360 40 75 of
905 2360 74 75 fifty
1000 2360 121 75 inches,

99 2405 79 75 with
203 2405 47 75 fix
274 2405 82 75 rows
381 2405 32 75 in
438 2405 91 75 each,
554 2405 63 75 and
637 2405 153 75 intervals
815 2405 39 75 of
874 2405 102 75 thirty
1000 2405 121 75 inches,

99 2452 105 75 which
220 2452 74 75 may
309 2452 38 75 be
363 2452 173 75 ploughed.
584 2452 94 75 Next
694 2452 87 75 year,
806 2452 134 75 another
961 2452 111 75 fourth
1088 2452 41 75 of

99 2499 55 75 the
165 2499 83 75 rows
263 2499 77 75 may
356 2499 39 75 be
414 2499 95 75 taken
529 2499 58 75 out
602 2499 32 75 in
651 2499 55 75 the
721 2499 83 75 fame
820 2499 142 75 manner,
987 2499 34 75 fo
1038 2499 34 75 as
1088 2499 35 75 to

98 2545 88 75 leave
202 2545 118 75 double
337 2545 83 75 rows
436 2545 78 75 with
531 2545 167 75 partitions
714 2545 41 75 of
772 2545 53 75 ten
847 2545 121 75 inches,
993 2545 63 75 and
1075 2545 54 75 in-'

99 2591 115 75 tervals
232 2591 40 75 of
290 2591 122 75 thirty:
440 2591 58 75 All
514 2591 40 75 of
570 2591 107 75 which
692 2591 73 75 may
780 2591 41 75 be
836 2591 85 75 hoed
941 2591 33 75 at
990 2591 79 75 once
1085 2591 41 75 or

99 2638 201 75 alternately,
326 2638 32 75 as
375 2638 26 75 it
416 2638 74 75 may
506 2638 40 75 be
563 2638 100 75 found
674 2638 295 75 mod-convenient.

144 2683 182 75 The'great
342 2683 147 75 quantity
504 2683 41 75 of
563 2683 64 75 this
642 2683 87 75 grafs
740 2683 105 75 which
865 2683 55 75 the
941 2683 122 75 writers
1080 2683 43 75 oft

98 2728 64 75 this
175 2728 117 75 iubjett
309 2728 99 75 a*fure
420 2728 37 75 us
474 2728 73 75 may
559 2728 38 75 be
609 2728 102 75 raifed
728 2728 83 75 upon
829 2728 38 75 an
883 2728 85 75 acre,
993 2728 62 75 and
1067 2728 56 75 the

99 2774 186 75 excellency
301 2774 63 75 and
378 2774 90 75 great
479 2774 93 75 value
588 2774 40 75 of
646 2774 55 75 the
716 2774 64 75 hay
795 2774 91 75 made
902 2774 40 75 of
952 2774 39 75 it,
1012 2774 112 75 Ihould

98 2821 115 75 induce
228 2821 134 75 farmers
378 2821 35 75 to
429 2821 91 75 make
536 2821 19 75 a
571 2821 155 75 complete
742 2821 73 75 trial
838 2821 40 75 of
895 2821 39 75 it,
960 2821 63 75 and
1045 2821 78 75 even

99 2866 36 75 to
150 2866 53 75 ufe
219 2866 55 75 the
296 2866 95 75 fpade
414 2866 32 75 in
474 2866 89 75 place
579 2866 40 75 of
637 2866 56 75 the
707 2866 75 75 hoe,
806 2866 39 75 dr
860 2866 213 75 hoe-plough,
1097 2866 32 75 if

100 2912 169 75 neceflary.

145 2958 77 75 The
238 2958 102 75 plants
352 2958 95 75 taken
463 2958 42 75 up
520 2958 86 75 from
622 2958 19 75 a
652 2958 76 75 field
742 2958 40 75 of
795 2958 123 75 St-foin
934 2958 73 75 may
1023 2958 39 75 be
1078 2958 46 75 fet

194 3006 97 75 Vol.
309 3006 30 75 I.
365 3006 71 75 No.
457 3006 33 75 3.

1009 3006 17 75 3

1253 126 34 75 L
1362 126 40 75 T
1478 126 45 75 U
1599 126 37 75 R
1711 126 48 75 E.

2153 126 51 75 65

1180 192 32 75 in
1236 192 133 75 another
1392 192 97 75 field;
1516 192 62 75 and
1601 192 32 75 if
1651 192 54 75 the
1728 192 229 75 tranfplaming
1976 192 40 75 of
2034 192 63 75 this
2120 192 86 75 grafs

1178 236 149 75 fucceeds
1344 236 33 75 as
1394 236 39 75 w'
1433 236 34 75 dl
1484 236 33 75 as
1535 236 55 75 the
1606 236 228 75 tranfplanting
1850 236 40 75 of
1907 236 109 75 lucern
2040 236 58 75 has
2122 236 84 75 done

1182 284 79 75 with
1278 284 59 75 Mr
1352 284 108 75 Lunin
1483 284 42 75 de
1547 284 257 75 Chateauvieux,
1829 284 55 75 the
1909 284 127 75 trouble
2059 284 63 75 and
2146 284 59 75 ex-

1180 330 97 75 pence
1292 330 66 75 will
1375 330 38 75 be
1425 330 189 75 fufficiently
1629 330 222 75 recompenfed
1867 330 43 75 by
1926 330 56 75 the
1997 330 156 75 largenefs
2170 330 41 75 of

1180 376 55 75 the
1248 376 104 75 crops.
1377 376 39 75 In
1428 376 239 75 tranfplantiog,
1684 376 25 75 it
1721 376 27 75 is
1761 376 158 75 necefiaty
1931 376 34 75 to
1982 376 55 75 cut
2053 376 51 75 off
2115 376 91 75 great

1180 422 69 75 part
1266 422 40 75 of
1324 422 54 75 the
1394 422 76 75 long
1486 422 163 75 tap-root:
1677 422 65 75 this
1758 422 66 75 will
1841 422 132 75 prevent
1989 422 26 75 it
2034 422 84 75 from
2134 422 70 75 dri-

1179 467 76 75 king
1270 467 78 75 very
1363 467 80 75 deep
1459 467 68 75 into
1542 467 56 75 the
1614 467 69 75 foil,
1709 467 63 75 and
1791 467 93 75 make
1899 467 26 75 it
1944 467 75 75 pudi
2043 467 56 75 out
2116 467 89 75 large

1179 514 86 75 roots
1280 514 34 75 in
1331 514 18 75 a
1363 514 119 75 doping
1498 514 153 75 direftion
1673 514 86 75 from
1774 514 56 75 the
1846 514 55 75 cut
1923 514 62 75 end
2004 514 40 75 of
2062 514 55 75 the
2132 514 71 75 tap-

1178 559 85 75 root.
1313 559 122 75 St-foin
1458 559 154 75 managed
1635 559 32 75 in
1684 559 63 75 this
1763 559 142 75 manner,
1922 559 66 75 will
2004 559 104 75 thrive
2124 559 80 75 even

1177 606 41 75 on
1230 606 130 75 diallow
1370 606 76 75 land
1457 606 71 75 that
1543 606 57 75 fias
1617 606 19 75 a
1650 606 65 75 Wet
1729 606 138 75 bottom,
1884 606 154 75 provided
2049 606 26 75 it
2091 606 40 75 be
2147 606 59 75 not

1178 653 204 75 overdoeked
1397 653 78 75 with
1492 653 117 75 plants.

1225 699 167 75 Whoever
1407 699 129 75 inclines
1554 699 34 75 to
1614 699 54 75 try
1689 699 55 75 the
1768 699 124 75 culture
1916 699 41 75 of
1975 699 63 75 this
2060 699 86 75 grafs
2170 699 34 75 in

1180 745 163 75 Scotland,
1369 745 111 75 Ihould
1495 745 74 75 take
1585 745 89 75 great
1690 745 87 75 pains
1794 745 30 75 in
1848 745 166 75 preparing
2036 745 56 75 the
2101 745 101 75 'land,

1178 792 62 75 and
1256 792 130 75 making
1401 792 27 75 it
1443 792 34 75 as
1493 792 69 75 free
1577 792 84 75 from
1677 792 103 75 weeds
1797 792 33 75 as
1846 792 140 75 pofiible.

1397 900 64 75 Of
1490 900 67 75 the
1581 900 155 75 Culture
1762 900 48 75 of
1830 900 160 75 Lucern.

1223 977 85 75 The
1328 977 125 75 writers
1478 977 42 75 on
1545 977 206 75 agriculture,
1776 977 124 75 ancient
1921 977 34 75 as
1979 977 73 75 well
2072 977 40 75 as
2133 977 71 75 mo-

1177 1023 91 75 dern,
1294 1023 118 75 bedow
1427 1023 55 75 the
1499 1023 122 75 highed
1643 1023 194 75 encomiums
1854 1023 84 75 upon
1957 1023 64 75 this
2045 1023 99 75 grafs,
2169 1023 36 75 as

1177 1070 159 75 affording
1351 1070 160 75 excellent
1527 1070 75 75 hay,
1627 1070 61 75 and
1708 1070 177 75 producing
1900 1070 79 75 very
1992 1070 88 75 large
2097 1070 105 75 crops.

1177 1116 129 75 Lucern
1322 1116 134 75 remains
1472 1116 34 75 at
1520 1116 76 75 lead
1608 1116 53 75 ten
1677 1116 37 75 or
1726 1116 114 75 twelve
1853 1116 91 75 years
1954 1116 31 75 in
1997 1116 55 75 the
2064 1116 139 75 gr#ind,

1178 1162 61 75 and
1262 1162 155 75 produces
1440 1162 99 75 about
1562 1162 90 75 eight
1677 1162 72 75 tons
1774 1162 40 75 of
1832 1162 65 75 hay
1919 1162 85 75 upon
2028 1162 55 75 the
2107 1162 97 75 Scots

1178 1209 84 75 acre.
1309 1209 113 75 There
1438 1209 27 75 is
1482 1209 58 75 but
1564 1209 84 75 little
1671 1209 40 75 of
1729 1209 26 75 it
1779 1209 175 75 cultivated
1976 1209 31 75 in
2033 1209 169 75 Scotland.

1176 1254 173 75 However,
1375 1254 25 75 it
1415 1254 57 75 has
1488 1254 80 75 been
1584 1254 84 75 tried
1684 1254 32 75 in
1735 1254 118 75 feveral
1870 1254 86 75 parts
1973 1254 39 75 of
2023 1254 65 75 this
2104 1254 99 75 coun-

1177 1300 72 75 try;
1276 1300 62 75 and
1362 1300 27 75 it
1412 1300 27 75 is
1462 1300 115 75 found,
1601 1300 84 75 that,
1709 1300 93 75 when
1825 1300 56 75 the
1906 1300 72 75 feed
2002 1300 27 75 is
2053 1300 99 75 good,
2176 1300 28 75 it

1177 1347 104 75 comes
1297 1347 42 75 up
1363 1347 79 75 very
1462 1347 85 75 well,
1572 1347 64 75 and
1658 1347 104 75 dands
1786 1347 56 75 the
1866 1347 221 75 winter-frod.
2135 1347 69 75 But

1175 1393 54 75 the
1246 1393 90 75 chief
1347 1393 93 75 thing
1450 1393 72 75 that
1538 1393 173 75 prevented
1724 1393 66 75 this
1802 1393 85 75 grafs
1903 1393 85 75 frorh
2003 1393 95 75 being
2113 1393 90 75 more

1175 1438 76 75 ufed
1272 1438 33 75 in
1328 1438 64 75 this
1409 1438 147 75 country,
1582 1438 26 75 is
1622 1438 53 75 the
1692 1438 158 75 difficulty
1864 1438 40 75 of
1923 1438 134 75 keeping
2073 1438 54 75 the
2143 1438 59 75 foil

1174 1485 94 75 open,
1287 1485 62 75 and
1364 1485 68 75 free
1447 1485 85 75 from
1548 1485 119 75 weeds.
1715 1485 38 75 In
1766 1485 19 75 a
1801 1485 64 75 few
1888 1485 92 75 years
2003 1485 56 75 the
2080 1485 122 75 furface

1175 1531 146 75 becomes
1337 1531 34 75 fo
1387 1531 93 75 hard,
1506 1531 63 75 and
1584 1531 56 75 the
1656 1531 73 75 turf
1746 1531 34 75 fo
1792 1531 118 75 drong,
1934 1531 71 75 that
2021 1531 26 75 it
2058 1531 145 75 dedroysJ

1176 1577 54 75 the
1246 1577 108 75 lucern
1371 1577 111 75 before
1498 1577 55 75 the
1570 1577 102 75 plants
1685 1577 80 75 have
1778 1577 125 75 arrived
1920 1577 33 75 at
1969 1577 83 75 their
2067 1577 137 75 greateft

1175 1622 193 75 perfection:
1395 1622 35 75 fo
1454 1622 70 75 that
1549 1622 48 75 we
1622 1622 115 75 cannot
1760 1622 84 75 hope
1867 1622 36 75 to
1927 1622 149 75 cultivate
2092 1622 111 75 lucern

1176 1669 77 75 with
1278 1669 132 75 fuccefs,
1435 1669 103 75 unlefs
1561 1669 48 75 we
1631 1669 58 75 fall
1713 1669 85 75 upon
1822 1669 84 75 fome
1930 1669 134 75 method
2085 1669 41 75 of
2144 1669 57 75 de-

1175 1715 138 75 droying
1329 1715 55 75 the
1400 1715 124 75 natural
1540 1715 98 75 grafs,
1664 1715 62 75 and
1739 1715 134 75 prevent
1895 1715 55 75 the
1973 1715 122 75 furface
2116 1715 86 75 from

1175 1762 164 75 becoming
1359 1762 80 75 hard
1455 1762 63 75 and
1539 1762 239 75 impenetrable.
1826 1762 86 75 This
1929 1762 115 75 cannot
2060 1762 40 75 be
2117 1762 86 75 done

1174 1808 178 75 effectually
1368 1808 43 75 by
1427 1808 62 75 any
1510 1808 93 75 other
1619 1808 106 75 means
1743 1808 76 75 than
1835 1808 238 75 horfe-hoeing.
2114 1808 91 75 Thi$

1173 1855 131 75 method
1326 1855 64 75 was
1413 1855 65 75 fird
1501 1855 156 75 propofed
1672 1855 42 75 by
1731 1855 59 75 Mr
1803 1855 95 75 Tull,
1924 1855 62 75 and
2012 1855 190 75 afterwards

1172 1901 151 75 pradtfed
1331 1901 203 75 fuccefsfully
1545 1901 44 75 by
1597 1901 53 75 M.
1660 1901 41 75 de
1710 1901 243 75 Chateauvieux
1964 1901 76 75 near
2052 1901 150 75 Geneva;

1173 1946 32 75 It
1226 1946 74 75 may
1315 1946 40 75 be
1372 1946 39 75 of
1430 1946 53 75 ufe
1498 1946 162 75 therefore
1676 1946 35 75 to
1734 1946 71 75 give
1829 1946 19 75 ^
1862 1946 82 75 view
1969 1946 42 75 of
2029 1946 70 75 that
2122 1946 79 75 gem*

1172 1994 145 75 tlemans
1330 1994 133 75 method
1473 1994 41 75 of
1531 1994 186 75 cultivating
1732 1994 122 75 lucern.

1220 2039 52 75 Pie
1288 2039 78 75 does
1388 2039 57 75 not
1468 2039 140 75 mention
1632 2039 61 75 any
1717 2039 91 75 thing
1832 2039 171 75 particular
2027 2039 34 75 as
2083 2039 37 75 to
2144 2039 58 75 the

1172 2084 129 75 manner
1317 2084 41 75 of
1375 2084 168 75 preparing
1559 2084 55 75 the
1630 2084 98 75 land;
1752 2084 60 75 but
1834 2084 77 75 only
1934 2084 146 75 obferves
2096 2084 31 75 in
2144 2084 56 75 ge-

1173 2131 99 75 neral,
1290 2131 70 75 that
1376 2131 41 75 no
1433 2131 88 75 pains
1539 2131 111 75 ihould
1665 2131 39 75 be
1719 2131 154 75 fparedin
1885 2131 167 75 preparing
2067 2131 38 75 it.
2144 2131 52 75 He

1173 2177 83 75 tried
1278 2177 56 75 the
1358 2177 119 75 fowing
1500 2177 41 75 of
1559 2177 109 75 lucern
1692 2177 80 75 both
1794 2177 32 75 in
1850 2177 84 75 rows
1950 2177 82 75 upon
2050 2177 55 75 the
2121 2177 79 75 beds

1172 2224 107 75 where
1302 2224 25 75 it
1344 2224 65 75 was
1426 2224 152 75 intended
1596 2224 36 75 to
1648 2224 101 75 dand,
1775 2224 62 75 and
1852 2224 138 75 likewife
2008 2224 54 75 the
2079 2224 120 75 fowing

1172 2269 26 75 it
1214 2269 31 75 in
1269 2269 18 75 a
1303 2269 142 75 nurfery,
1470 2269 63 75 and
1549 2269 186 75 afterwards
1761 2269 226 75 tranfplarrting
2011 2269 25 75 it
2058 2269 69 75 into
2144 2269 55 75 the

1171 2316 77 75 beds
1264 2316 155 75 prepared
1431 2316 50 75 for
1496 2316 39 75 it.
1583 2316 54 75 He
1653 2316 120 75 prefers
1789 2316 247 75 tranfplanting;
2054 2316 144 75 becaufe,

1171 2361 92 75 when
1287 2361 226 75 tranfplanted,
1538 2361 71 75 part
1625 2361 40 75 of
1683 2361 56 75 the
1763 2361 144 75 tap-root
1929 2361 26 75 is
1981 2361 54 75 cut
2052 2361 58 75 off,
2134 2361 65 75 and

1171 2409 54 75 the
1242 2409 88 75 plant
1346 2409 105 75 (hoots
1468 2409 58 75 out
1543 2409 18 75 a
1583 2409 134 75 number
1741 2409 40 75 of
1799 2409 111 75 lateral
1935 2409 153 75 branches
2113 2409 86 75 front

1171 2455 55 75 the
1242 2455 54 75 cut
1307 2455 71 75 part
1393 2455 41 75 of
1452 2455 55 75 the
1524 2455 84 75 root,
1634 2455 105 75 which
1755 2455 107 75 makes
1879 2455 25 75 it
1923 2455 113 75 fpread
2050 2455 41 75 its
2109 2455 89 75 roots

1171 2500 110 75 nearer
1293 2500 55 75 the
1364 2500 133 75 furface,
1515 2500 61 75 atid
1587 2500 228 75 confequently
1826 2500 128 75 renders
1966 2500 25 75 it
2003 2500 89 75 more
2103 2500 96 75 eafiiy

1171 2546 193 75 cultivated-:
1391 2546 132 75 befides,
1542 2546 63 75 this
1623 2546 221 75 circumdance
1860 2546 111 75 adapts
1988 2546 25 75 it
2030 2546 33 75 to
2080 2546 20 75 a
2116 2546 82 75 dial-

1170 2593 64 75 low
1249 2593 69 75 foil,
1343 2593 32 75 in
1391 2593 118 75 which,
1534 2593 30 75 if
1582 2593 60 75 left
1658 2593 32 75 in
1714 2593 42 75 its
1782 2593 124 75 natural
1929 2593 91 75 date,
2045 2593 26 75 it
2087 2593 110 75 would

1170 2638 56 75 not
1242 2638 102 75 grow.

1216 2685 76 75 The
1304 2685 228 75 tranfplanting
1548 2685 39 75 of
1602 2685 111 75 lucenn
1729 2685 26 75 is
1772 2685 153 75 attended
1936 2685 79 75 with
2028 2685 95 75 many
2138 2685 57 75 ad-

1170 2731 163 75 vantages.
1380 2731 76 75 The
1472 2731 74 75 land
1564 2731 72 75 may
1651 2731 40 75 be
1707 2731 156 75 prepared
1872 2731 32 75 in
1920 2731 57 75 the
1992 2731 135 75 fummer
2144 2731 52 75 for

1171 2777 157 75 receiving
1339 2777 55 75 the
1405 2777 104 75 plants
1522 2777 83 75 from
1617 2777 54 75 the
1683 2777 130 75 niirlery
1823 2777 32 75 in
1868 2777 150 75 autumn;
2037 2777 46 75 by
2089 2777 107 75 which

1171 2824 106 75 means
1293 2824 55 75 the
1364 2824 74 75 field
1450 2824 78 75 mud
1541 2824 39 75 be
1596 2824 32 75 in
1646 2824 19 75 a
1679 2824 95 75 much
1790 2824 104 75 better
1910 2824 144 75 fituation
2071 2824 77 75 than
2168 2824 32 75 if

1172 2869 55 75 the
1242 2869 74 75 feed
1329 2869 65 75 had
1410 2869 79 75 been
1505 2869 86 75 fown
1603 2869 84 75 upon
1700 2869 24 75 it
1740 2869 33 75 in
1789 2869 55 75 the
1860 2869 118 75 fpring.
2025 2869 53 75 By
2094 2869 100 75 tranf-

1170 2917 153 75 planting,
1348 2917 55 75 the
1419 2917 83 75 rows
1525 2917 57 75 can
1606 2917 39 75 be
1667 2917 94 75 made
1785 2917 89 75 more
1897 2917 139 75 regular,
2061 2917 63 75 and
2138 2917 56 75 the

1170 2964 151 75 intended
1347 2964 152 75 didances
1526 2964 88 75 more
1640 2964 125 75 exactly
1793 2964 173 75 obferved;
1998 2964 62 75 and
2086 2964 108 75 confe-

1653 3011 33 75 R

2061 3011 137 75 quently
