2397 3387
635 151 1011 75 BLEACHING.

68 231 112 75 Hence,
197 231 79 75 than
291 231 88 75 what
396 231 55 75 the
464 231 108 75 others
587 231 93 75 have.
717 231 151 75 Alkaline
881 231 74 75 falts
971 231 131 75 diffolve

68 277 75 75 oils,
170 277 162 75 therefore
349 277 87 75 thefe
460 277 75 75 falts
552 277 131 75 diflblve
700 277 55 75 the
771 277 132 75 cellular
919 277 44 75 oil
987 277 40 75 of
1046 277 55 75 the

68 324 103 75 cloth,
197 324 26 75 is
241 324 41 75 all
302 324 56 75 the
374 324 189 75 foundation
580 324 109 75 which
705 324 63 75 this
787 324 116 75 theory
915 324 57 75 has
989 324 36 75 to
1041 324 61 75 reft

68 370 40 75 on
122 370 10 75 ;
158 370 57 75 too
231 370 106 75 flight,
362 370 93 75 when
472 370 217 75 unfupported
713 370 43 75 by
773 370 223 75 experiment,-
1011 370 34 75 to
1062 370 39 75 be

67 417 101 75 relied
185 417 55 75 on.

117 463 52 75 Dr
182 463 108 75 Home
307 463 195 75 endeavours
514 463 35 75 to
566 463 92 75 fettle
673 463 65 75 this
755 463 143 75 queftion
910 463 44 75 by
966 463 55 75 the
1038 463 62 75 fol-

69 510 120 75 lowing
204 510 215 75 experiments
436 510 64 75 and
515 510 232 75 obfervations.

118 557 22 75 “
166 557 105 75 Wax,
288 557 69 75 fays
382 557 52 75 he,
460 557 27 75 is
500 557 160 75 whitened
675 557 44 75 by
730 557 96 75 being
842 557 140 75 expofed
994 557 36 75 to
1046 557 55 75 the

68 604 154 75 influence
245 604 39 75 of
296 604 55 75 the
369 604 68 75 fun,
464 604 57 75 air,
548 604 61 75 and
626 604 159 75 moifture.
835 604 33 75 A
885 604 167 75 difcovery
1068 604 40 75 of

68 650 56 75 the
141 650 137 75 changes
300 650 94 75 made
411 650 41 75 on
474 650 26 75 it
516 650 42 75 by
579 650 178 75 bleaching,
783 650 72 75 may
869 650 106 75 throw
990 650 20 75 a
1021 650 82 75 light

69 697 86 75 upon
171 697 56 75 the
244 697 156 75 queftion.

118 743 23 75 “
168 743 60 75 Six
241 743 149 75 drachms
402 743 40 75 of
453 743 73 75 wax
542 743 83 75 were
642 743 94 75 diced
751 743 108 75 down,
877 743 141 75 expofed
1030 743 42 75 on
1085 743 18 75 a

68 789 94 75 fouth
180 789 151 75 window.
350 789 93 75 Sept.
466 789 53 75 10.
538 789 62 75 and
616 789 155 75 watered.
818 789 93 75 That
928 789 62 75 day
1007 789 95 75 being

69 836 85 75 clear
172 836 63 75 and
247 836 109 75 warm,
382 836 155 75 bleached
553 836 54 75 the
620 836 74 75 wax
711 836 89 75 more
816 836 79 75 than
912 836 43 75 all
971 836 56 75 the
1040 836 62 75 fol-

67 882 132 75 lowing.
248 882 32 75 It
296 882 124 75 feemed
436 882 35 75 to
487 882 50 75 me
554 882 35 75 to
605 882 121 75 whiten
744 882 134 75 quicker
889 882 94 75 when
998 882 27 75 it
1037 882 66 75 had

68 929 42 75 no
127 929 98 75 water
242 929 127 75 thrown
389 929 41 75 on
447 929 39 75 it,
511 929 78 75 than
610 929 93 75 when
720 929 26 75 it
763 929 77 75 had.
891 929 92 75 Sept.
1004 929 52 75 iy.
1076 929 26 75 it

67 976 65 75 was
160 976 78 75 very
260 976 111 75 white,
404 976 62 75 and
496 976 13 75 t
538 976 133 75 drachm
699 976 16 75 3
746 976 105 75 grains
876 976 130 75 lighter,
1058 976 46 75 g-f.

67 1023 149 75 drachms
229 1023 41 75 of
282 1023 63 75 this
363 1023 154 75 bleached
528 1023 89 75 wax,
642 1023 63 75 and
721 1023 33 75 as
771 1023 95 75 much
879 1023 39 75 of
929 1023 171 75 unbleach-

66 1069 53 75 ed,
145 1069 96 75 taken
268 1069 85 75 from
380 1069 57 75 the
464 1069 83 75 fame
575 1069 101 75 piece,
709 1069 85 75 were
820 1069 93 75 made
930 1069 81 75 into
1034 1069 68 75 two

67 1116 127 75 candles
207 1116 40 75 of
268 1116 57 75 the
342 1116 83 75 fame
441 1116 111 75 length
569 1116 63 75 and
656 1116 172 75 thicknefs,
853 1116 119 75 having
989 1116 112 75 cotton

66 1162 99 75 wicks
183 1162 41 75 of
245 1162 56 75 the
317 1162 82 75 fame
416 1162 90 75 kind.
555 1162 77 75 The
653 1162 154 75 bleached
837 1162 112 75 candle
977 1162 125 75 burned

66 1209 60 75 one
142 1209 82 75 hour
239 1209 211 75 thirty-three
466 1209 157 75 minutes;
650 1209 56 75 the
722 1209 199 75 unbleached
937 1209 90 75 three
1040 1209 58 75 mi-

67 1256 91 75 nutes
175 1256 126 75 longer.
347 1256 77 75 The
437 1256 119 75 former
574 1256 56 75 run
648 1256 96 75 down
757 1256 73 75 four
846 1256 106 75 times,
970 1256 128 75 theJat-

66 1301 50 75 ter
131 1301 108 75 never.
295 1301 77 75 The
399 1301 121 75 former
542 1301 66 75 had
629 1301 39 75 an
686 1301 131 75 obfcure
844 1301 84 75 light
951 1301 62 75 and
1029 1301 70 75 dull

65 1349 91 75 flame
168 1349 10 75 ;
204 1349 56 75 the
277 1349 96 75 latter
389 1349 65 75 had
470 1349 18 75 a
504 1349 85 75 clear
604 1349 141 75 pleafant
768 1349 74 75 one,
867 1349 40 75 of
918 1349 19 75 a
953 1349 74 75 blue
1044 1349 54 75 co-

65 1395 72 75 lour
154 1395 34 75 at
203 1395 56 75 the
285 1395 140 75 bottom.
473 1395 78 75 The
571 1395 119 75 former
710 1395 93 75 when
820 1395 136 75 burping
973 1395 126 75 feemed

65 1441 35 75 to
117 1441 80 75 have
213 1441 42 75 its
278 1441 84 75 wick
378 1441 149 75 thicker,,
543 1441 63 75 and
621 1441 41 75 its
687 1441 93 75 flame
804 1441 111 75 nearer
939 1441 54 75 the
1011 1441 86 75 wax,

66 1487 78 75 than
160 1487 56 75 the
232 1487 108 75 latter.
388 1487 77 75 The
477 1487 120 75 former
613 1487 65 75 was
694 1487 124 75 brittle,
844 1487 55 75 the
915 1487 95 75 latter
1027 1487 71 75 not.

67 1533 33 75 It
116 1533 120 75 plainly
255 1533 130 75 appears
403 1533 85 75 from
512 1533 88 75 thefe
616 1533 92 75 fads,
734 1533 71 75 that
820 1533 56 75 the
901 1533 198 75 unbleached

65 1581 74 75 wax
156 1581 64 75 was
237 1581 89 75 more
349 1581 212 75 inflammable
578 1581 78 75 than
673 1581 55 75 the
745 1581 155 75 bleached
914 1581 10 75 ;
951 1581 62 75 and
1028 1581 72 75 that

65 1628 55 75 the
136 1628 97 75 latter
245 1628 76 75 Jrad
337 1628 59 75 loft
415 1628 33 75 fo
466 1628 95 75 much
582 1628 40 75 of
641 1628 39 75 an
696 1628 212 75 inflammable
924 1628 172 75 fubftance,

66 1674 32 75 as
115 1674 26 75 it
157 1674 65 75 had
237 1674 60 75 loft
312 1674 32 75 in
370 1674 140 75 weight;
536 1674 62 75 and
621 1674 229 75 confequently
866 1674 55 75 the
938 1674 161 75 fubftance

66 1720 58 75 loft
140 1720 31 75 in
189 1720 168 75 bleaching
373 1720 41 75 of
424 1720 74 75 wax
514 1720 27 75 is
557 1720 57 75 the
629 1720 66 75 oily
706 1720 83 75 part.

115 1766 25 75 “
157 1766 49 75 As
223 1766 17 75 I
252 1766 65 75 had
333 1766 57 75 not
402 1766 38 75 an
457 1766 209 75 opportunity
677 1766 39 75 of
728 1766 163 75 repeating
907 1766 55 75 the
978 1766 121 75 former

67 1813 211 75 experiment,
305 1813 16 75 I
339 1813 42 75 do
409 1813 60 75 not
483 1813 76 75 look
576 1813 41 75 on
642 1813 26 75 it
684 1813 33 75 as
741 1813 137 75 entirely
895 1813 175 75 conclufive
1085 1813 10 75 ;

66 1858 52 75 for
134 1858 26 75 it
171 1858 27 75 is
216 1858 127 75 poflible
353 1858 71 75 that
440 1858 85 75 fome
537 1858 41 75 of
588 1858 56 75 the
660 1858 82 75 dull,
767 1858 99 75 flying
883 1858 97 75 about
996 1858 31 75 in
1041 1858 57 75 the

65 1905 59 75 air,
149 1905 104 75 might
280 1905 80 75 have
377 1905 110 75 mixed
503 1905 78 75 with
609 1905 57 75 the
690 1905 155 75 bleached
870 1905 87 75 wax,
983 1905 62 75 and
1062 1905 34 75 fo

64 1953 82 75 have
163 1953 156 75 rendered
335 1953 33 75 it
384 1953 59 75 lefs
468 1953 223 75 inflammable.
740 1953 75 75 Nor
830 1953 43 75 do
894 1953 19 75 I
930 1953 93 75 think
1040 1953 56 75 the

64 2000 176 75 analogical
266 2000 164 75 reafdjing
456 2000 85 75 from
569 2000 73 75 wax
664 2000 35 75 to
723 2000 85 75 linen
834 2000 136 75 without
987 2000 108 75 objec-

63 2046 97 75 tions.
195 2046 66 75 Let
273 2046 36 75 us
326 2046 52 75 try
391 2046 74 75 then
478 2046 31 75 if
521 2046 48 75 we
586 2046 116 75 cannot
718 2046 134 75 procure
868 2046 55 75 the
935 2046 161 75 fubftance

63 2091 167 75 extraded
246 2091 84 75 from
347 2091 55 75 the
425 2091 102 75 cloth,
553 2091 85 75 ftiow
662 2091 26 75 it
705 2091 34 75 to
765 2091 57 75 the
841 2091 72 75 eye,
938 2091 61 75 and
1016 2091 77 75 exa-

64 2137 84 75 mine
163 2137 42 75 its
221 2137 148 75 different
386 2137 188 75 properties.
621 2137 78 75 The
723 2137 115 75 proper
862 2137 89 75 place
978 2137 35 75 to
1030 2137 66 75 find

64 2181 38 75 it,
120 2181 27 75 is
168 2181 31 75 in
216 2181 19 75 a
251 2181 52 75 lye
323 2181 129 75 already
474 2181 88 75 ufed,
589 2181 63 75 and
677 2181 83 75 fully
776 2181 218 75 impregnated
1015 2181 80 75 with

65 2229 88 75 thefe
170 2229 166 75 colouring
353 2229 161 75 particles.

114 2275 24 75 “
164 2275 15 75 I
198 2275 56 75 got
277 2275 32 75 in
325 2275 56 75 the
403 2275 189 75 bleachfield
617 2275 86 75 fome
718 2275 66 75 lye,
809 2275 105 75 which
930 2275 65 75 had
1014 2275 80 75 been

64 2322 76 75 ufed
157 2322 42 75 all
217 2322 70 75 that
303 2322 63 75 day
383 2322 51 75 for
450 2322 120 75 boiling
586 2322 105 75 coarfe
708 2322 98 75 linen,
832 2322 106 75 which
962 2322 63 75 was
1042 2322 50 75 to-

63 2368 122 75 lerably
197 2368 110 75 white,
326 2368 61 75 and
400 2368 63 75 had
479 2368 79 75 been
575 2368 92 75 twice
684 2368 109 75 boiled
808 2368 123 75 before.
979 2368 114 75 There

63 2415 98 75 could
177 2415 39 75 be
244 2415 41 75 no
302 2415 132 75 drefling
450 2415 174 75 remaining
640 2415 31 75 in
694 2415 88 75 thefe
798 2415 100 75 webs.
946 2415 57 75 No
1018 2415 74 75 foap

63 2462 65 75 had
144 2462 74 75 ever
229 2462 141 75 touched
387 2462 69 75 that
473 2462 127 75 parcel;
625 2462 60 75 nor
701 2462 43 75 do
760 2462 78 75 they
847 2462 70 75 mix
928 2462 73 75 foap
1014 2462 78 75 with

64 2508 55 75 the
134 2508 53 75 lye
205 2508 76 75 ufed
292 2508 51 75 for
360 2508 106 75 coarfe
482 2508 101 75 cloth.
635 2508 97 75 Some
744 2508 40 75 of
795 2508 63 75 this
874 2508 221 75 impregnated

62 2554 53 75 lye
133 2554 64 75 was
225 2554 202 75 evaporated,
452 2554 62 75 and
530 2554 59 75 left
606 2554 19 75 a
640 2554 249 75 dark-coloured
906 2554 116 75 matter
1038 2554 55 75 be-

63 2601 92 75 hind.
203 2601 85 75 This
312 2601 161 75 fubftance
488 2601 59 75 felt
564 2601 77 75 oily'
652 2601 138 75 betwixt
805 2601 56 75 the
881 2601 129 75 fingers,
1036 2601 58 75 but

61 2647 111 75 would
189 2647 56 75 not
269 2647 103 75 lather
389 2647 33 75 in
445 2647 99 75 water
561 2647 33 75 as
610 2647 74 75 foap
701 2647 91 75 does.
840 2647 33 75 It
898 2647 196 75 deflagrated

62 2693 78 75 with
171 2693 83 75 nitre
279 2693 31 75 in
328 2693 112 75 fufion,
465 2693 62 75 and
544 2693 146 75 afforded
717 2693 18 75 a
751 2693 134 75 tinfture
905 2693 35 75 to
957 2693 88 75 fpirit
1057 2693 42 75 of

62 2741 94 75 wine.
206 2741 51 75 By
275 2741 63 75 this
353 2741 198 75 experiment
566 2741 56 75 the
640 2741 72 75 falts
731 2741 82 75 feem
826 2741 34 75 to
876 2741 81 75 have
974 2741 39 75 an
1026 2741 67 75 oily

61 2787 212 75 inflammable
288 2787 161 75 fubftance
461 2787 110 75 joined
588 2787 77 75 with
682 2787 103 75 them.

111 2833 23 75 “
161 2833 108 75 Could
296 2833 49 75 we
372 2833 139 75 feparate
538 2833 64 75 this
631 2833 166 75 colouring
824 2833 159 75 fubftance
1006 2833 86 75 from

61 2879 87 75 thefe
171 2879 86 75 falts,
285 2879 60 75 and
370 2879 124 75 exhibit
511 2879 26 75 it
554 2879 43 75 by
613 2879 91 75 itfelf
735 2879 35 75 fo
786 2879 70 75 that
872 2879 26 75 it
915 2879 103 75 might
1034 2879 55 75 be-

61 2926 90 75 come
175 2926 55 75 the
246 2926 106 75 obje<ft
374 2926 41 75 of
435 2926 211 75 experiment,
672 2926 55 75 the
755 2926 142 75 quelfion
916 2926 109 75 would
1051 2926 39 75 be

60 2971 76 75 foon
162 2971 146 75 decided.
358 2971 89 75 Here
475 2971 171 75 chymiftry
670 2971 92 75 lends
786 2971 37 75 us
851 2971 41 75 its
921 2971 167 75 afliftance.

59 3019 179 75 Whatever
254 3019 55 75 has
327 3019 18 75 a
361 3019 141 75 ftronger
519 3019 122 75 affinity
658 3019 37 75 or
711 3019 168 75 attra&ion
891 3019 35 75 to
943 3019 54 75 the
1013 3019 75 75 falts

201 3067 99 75 Vol.
327 3067 29 75 I.
405 3067 71 75 No.
496 3067 56 75 24.

972 3067 18 75 3

2103 161 81 75 565

1152 225 78 75 with
1238 225 106 75 which
1355 225 26 75 it
1389 225 26 75 is
1424 225 125 75 joined,
1559 225 76 75 than
1646 225 63 75 this
1719 225 159 75 fubftance
1888 225 71 75 has,
1972 225 78 75 muft
2064 225 45 75 fet
2118 225 25 75 it
2153 225 33 75 at

1150 271 130 75 liberty,
1294 271 61 75 and
1367 271 93 75 make
1472 271 25 75 it
1510 271 118 75 vifible.
1654 271 102 75 Acids
1765 271 114 75 attradf
1887 271 136 75 alkaline
2035 271 59 75 fait
2102 271 86 75 from

1152 319 41 75 all
1210 319 95 75 other
1323 319 132 75 bodies;
1482 319 62 75 and
1562 319 161 75 therefore
1740 319 66 75 will
1823 319 87 75 ferve
1927 319 59 75 our
1999 319 146 75 purpofe.

1201 366 23 75 “
1250 366 74 75 Into
1337 366 18 75 a
1371 366 149 75 quantity
1531 366 41 75 of
1582 366 56 75 the
1655 366 217 75 impregnated
1890 366 53 75 lye
1959 366 184 75 mentioned
2154 366 33 75 in

1152 413 56 75 the
1226 413 121 75 former
1362 413 211 75 experiment,
1597 413 18 75 I
1632 413 120 75 poured
1770 413 31 75 in
1818 413 44 75 oil
1874 413 40 75 of
1924 413 121 75 vitriol.
2089 413 99 75 Some

1154 459 134 75 bubbles
1309 459 39 75 of
1371 459 46 75 air
1433 459 101 75 arofe,
1559 459 38 75 an
1615 459 146 75 inteftine
1783 459 123 75 motion
1924 459 63 75 was
2006 459 34 75 to
2057 459 40 75 be
2113 459 73 75 per-

1153 506 123 75 ceived,
1301 506 62 75 and
1389 506 56 75 the
1467 506 107 75 liquor
1592 506 145 75 changed
1763 506 41 75 its
1833 506 111 75 colour
1970 506 83 75 from
2072 506 19 75 a
2106 506 81 75 dark

1155 552 34 75 to
1207 552 18 75 a
1241 552 108 75 turbid
1378 552 109 75 white.
1538 552 31 75 It
1597 552 134 75 curdled
1758 552 65 75 like
1848 552 18 75 a
1883 552 135 75 folution
2036 552 41 75 of
2097 552 87 75 foap,

1153 600 62 75 and
1232 600 18 75 a
1265 600 87 75 fcum
1369 600 76 75 foon
1469 600 157 75 gathered
1641 600 42 75 on
1700 600 56 75 the
1780 600 135 75 furface,
1941 600 97 75 about
2059 600 74 75 half
2145 600 40 75 an

1153 646 73 75 inch
1243 646 31 75 in
1300 646 171 75 thicknefs,
1498 646 55 75 the
1576 646 151 75 deepnefs
1752 646 40 75 of
1814 646 55 75 the
1887 646 107 75 liquor
2018 646 55 75 not
2091 646 95 75 being

1153 693 99 75 above
1265 693 47 75 fix
1326 693 122 75 inches.
1482 693 106 75 What
1604 693 64 75 was
1685 693 105 75 below
1802 693 63 75 was
1883 693 72 75 now
1969 693 107 75 pretty
2087 693 98 75 clear.

1152 741 33 75 A
1202 741 90 75 great
1308 741 71 75 deal
1396 741 42 75 of
1454 741 55 75 the
1526 741 83 75 fame
1626 741 116 75 matter
1759 741 53 75 lay
1828 741 32 75 in
1878 741 55 75 the
1950 741 147 75 bottom;
2124 741 64 75 and

1152 786 16 75 I
1185 786 166 75 obferved,
1377 786 72 75 that
1465 786 56 75 the
1536 786 161 75 fubftance
1721 786 41 75 on
1780 786 55 75 the
1862 786 123 75 furface
2002 786 65 75 was
2084 786 102 75 preci-

1153 834 134 75 pitated,
1312 834 63 75 and
1391 834 127 75 ftiowed
1533 834 90 75 itfelf
1643 834 130 75 heavier
1789 834 76 75 than
1883 834 111 75 water,
2021 834 91 75 when
2130 834 57 75 the

1152 881 147 75 particles
1322 881 41 75 of
1374 881 58 75 air,
1460 881 149 75 attached
1626 881 34 75 to
1676 881 27 75 it
1719 881 30 75 in
1768 881 90 75 great
1875 881 121 75 plenty,
2022 881 84 75 were
2122 881 64 75 dif-

1152 927 104 75 pelled
1273 927 43 75 by
1331 927 88 75 heat.
1452 927 85 75 This
1550 927 162 75 fubftance
1721 927 64 75 was
1802 927 31 75 in
1851 927 112 75 colour
1978 927 117 75 darker
2107 927 78 75 than

1152 973 54 75 the
1223 973 88 75 cloth
1325 973 105 75 which
1447 973 66 75 had
1528 973 78 75 been
1625 973 107 75 boiled
1748 973 32 75 in
1796 973 38 75 it.

1199 1021 23 75 “
1248 1021 16 75 I
1289 1021 157 75 procured
1469 1021 18 75 a
1512 1021 215 75 confiderable
1751 1021 148 75 quantity
1922 1021 40 75 of
1981 1021 26 75 it
2031 1021 44 75 by
2090 1021 94 75 fldm-

1151 1066 87 75 ming
1253 1066 27 75 it
1296 1066 58 75 off.
1404 1066 111 75 When
1539 1066 16 75 I
1574 1066 81 75 tried
1674 1066 34 75 to
1725 1066 69 75 mix
1810 1066 27 75 it
1853 1066 78 75 with
1956 1066 112 75 water,
2095 1066 25 75 it
2138 1066 46 75 al-

1151 1114 87 75 ways
1255 1114 57 75 fell
1328 1114 35 75 to
1379 1114 56 75 the
1451 1114 139 75 bottom.
1639 1114 111 75 When
1766 1114 93 75 dried
1875 1114 43 75 by
1934 1114 56 75 the
2007 1114 58 75 air,
2091 1114 25 75 it
2133 1114 51 75 di-

1151 1161 151 75 miniftied
1317 1161 79 75 very
1411 1161 96 75 much
1522 1161 33 75 in
1571 1161 42 75 its
1630 1161 74 75 fize,
1734 1161 63 75 and
1814 1161 115 75 turned
1944 1161 34 75 as
2004 1161 94 75 black
2115 1161 33 75 as
2165 1161 20 75 a

1151 1207 82 75 coal.
1282 1207 39 75 In
1350 1207 64 75 this
1431 1207 78 75 ftate
1533 1207 27 75 it
1574 1207 197 75 deflagrated
1794 1207 142 75 ftrongly
1955 1207 79 75 with
2052 1207 81 75 nitre
2151 1207 33 75 in

1151 1254 123 75 fufion;
1301 1254 78 75 gave
1392 1254 18 75 a
1423 1254 105 75 ftrong
1541 1254 134 75 tinfture
1688 1254 35 75 to
1739 1254 90 75 fpirit
1842 1254 39 75 of
1893 1254 102 75 wine;
2016 1254 61 75 and
2089 1254 95 75 when

1149 1300 57 75 put
1223 1300 41 75 on
1281 1300 19 75 a
1323 1300 132 75 red-hot
1478 1300 84 75 iron,
1588 1300 95 75 burnt
1711 1300 78 75 very
1804 1300 122 75 flowly,
1953 1300 32 75 as
2009 1300 31 75 if
2062 1300 26 75 it
2105 1300 77 75 con-

1149 1347 108 75 tained
1269 1347 19 75 a
1299 1347 103 75 heavy
1414 1347 181 75 ponderous
1608 1347 65 75 oil;
1692 1347 62 75 and
1770 1347 61 75 left
1843 1347 85 75 fome
1945 1347 91 75 earth
2048 1347 135 75 behind.

1198 1394 23 75 “
1248 1394 98 75 From
1363 1394 55 75 the
1446 1394 255 75 inflammability
1716 1394 40 75 of
1778 1394 64 75 this
1866 1394 173 75 fubftance,
2064 1394 42 75 its
2131 1394 51 75 re-

1144 1439 121 75 jedling
1281 1439 39 75 of
1332 1439 112 75 water,
1470 1439 62 75 and
1548 1439 166 75 diflblving
1730 1439 31 75 in
1779 1439 89 75 fpirit
1880 1439 42 75 of
1933 1439 94 75 wine,
2052 1439 49 75 we
2118 1439 63 75 dif-

1147 1486 95 75 cover
1257 1486 42 75 its
1325 1486 185 75 oleaginous
1528 1486 133 75 nature;
1688 1486 58 75 but
1769 1486 85 75 from
1876 1486 40 75 its
1940 1486 91 75 great
2058 1486 126 75 fpecific

1149 1532 126 75 gravity
1290 1532 49 75 we
1367 1532 50 75 fee
1445 1532 69 75 that
1533 1532 24 75 it
1582 1532 111 75 differs
1710 1532 79 75 very
1816 1532 94 75 much
1932 1532 84 75 from
2042 1532 56 75 the
2122 1532 60 75 ex-

1149 1580 120 75 prefled
1286 1580 38 75 or
1339 1580 132 75 cellular
1487 1580 45 75 oil
1549 1580 41 75 of
1608 1580 181 75 vegetables
1802 1580 11 75 ;
1839 1580 62 75 and
1917 1580 55 75 yet
1991 1580 89 75 more
2097 1580 86 75 from

1148 1627 85 75 their
1249 1627 168 75 mucilage.
1466 1627 93 75 That
1575 1627 26 75 it
1613 1627 146 75 diflblves
1777 1627 32 75 in
1821 1627 89 75 fpirit
1922 1627 41 75 of
1973 1627 94 75 wine,
2085 1627 26 75 is
2124 1627 58 75 not

1150 1673 17 75 a
1183 1673 119 75 certain
1331 1673 167 75 argument
1514 1673 41 75 of
1575 1673 43 75 its
1635 1673 151 75 differing
1803 1673 84 75 from
1915 1673 165 75 expreffed
2097 1673 59 75 oils
2168 1673 12 75 ;

1149 1721 131 75 becaufe
1308 1721 99 75 thefe,
1432 1721 93 75 when
1545 1721 113 75 joined
1674 1721 34 75 to
1734 1721 137 75 alkaline
1897 1721 88 75 falts,
2010 1721 64 75 and
2090 1721 90 75 reco-

1148 1768 97 75 vered
1261 1768 91 75 again
1377 1768 45 75 by
1441 1768 100 75 acids,
1566 1768 131 75 become
1713 1768 121 75 foluble
1850 1768 33 75 in
1909 1768 91 75 fpirit
2022 1768 41 75 of
2082 1768 98 75 wine.

1147 1814 76 75 The
1241 1814 147 75 quantity
1401 1814 41 75 of
1452 1814 115 75 earthy
1581 1814 133 75 powder
1725 1814 60 75 left
1801 1814 119 75 behind
1931 1814 82 75 after
2029 1814 151 75 burning,

1148 1862 100 75 fhows
1265 1862 72 75 that
1353 1862 26 75 it
1403 1862 144 75 contains
1564 1862 94 75 many
1673 1862 41 75 of
1732 1862 56 75 the
1804 1862 81 75 folid
1902 1862 147 75 particles
2066 1862 40 75 of
2124 1862 58 75 the

1146 1907 79 75 flax.
1273 1907 77 75 The
1377 1907 162 75 fubftance
1566 1907 165 75 extracted
1758 1907 84 75 from
1867 1907 89 75 cloth
1985 1907 42 75 by
2044 1907 138 75 alkaline

1146 1954 68 75 lyes
1231 1954 130 75 appears
1378 1954 78 75 then
1472 1954 36 75 to
1525 1954 40 75 be
1578 1954 19 75 a
1612 1954 206 75 compofition
1835 1954 40 75 of
1886 1954 18 75 a
1920 1954 104 75 heavy
2035 1954 57 75 oil,
2118 1954 63 75 and

1146 2001 56 75 the
1218 2001 80 75 folid
1315 2001 116 75 earthy
1442 2001 148 75 particles
1608 2001 39 75 of
1659 2001 54 75 the
1729 2001 79 75 flax.

1195 2049 23 75 “
1244 2049 37 75 In
1300 2049 85 75 what
1403 2049 130 75 manner
1556 2049 88 75 thefe
1660 2049 76 75 falts
1753 2049 48 75 a<ft
1819 2049 32 75 fo
1868 2049 34 75 as
1923 2049 34 75 to
1973 2049 133 75 diffolve
2122 2049 58 75 the

1145 2093 72 75 oils,
1236 2093 62 75 and
1313 2093 115 75 detach
1445 2093 56 75 the
1517 2093 82 75 folid
1613 2093 161 75 particles,
1798 2093 26 75 is
1843 2093 186 75 uncertain;
2055 2093 58 75 but
2129 2093 51 75 we

1145 2138 50 75 fee
1218 2138 163 75 evidently
1405 2138 76 75 how
1505 2138 95 75 much
1617 2138 88 75 cloth
1731 2138 79 75 muft
1826 2138 39 75 be
1883 2138 172 75 weakened
2078 2138 44 75 by
2137 2138 41 75 an

1126 2185 3 75 .
1141 2185 160 75 improper
1317 2185 52 75 ufe
1381 2185 41 75 of
1433 2185 100 75 them,
1552 2185 32 75 as
1599 2185 48 75 we
1664 2185 67 75 find
1745 2185 55 75 the
1816 2185 82 75 folid
1910 2185 149 75 particles
2070 2185 105 75 them-

1145 2233 101 75 felves
1264 2233 52 75 are
1334 2233 201 75 feparated.”

1192 2279 31 75 It
1240 2279 26 75 is
1283 2279 159 75 neceffary
1454 2279 69 75 that
1540 2279 89 75 cloth
1644 2279 112 75 fhould
1768 2279 40 75 be
1824 2279 62 75 dry
1900 2279 112 75 before
2023 2279 153 75 bucking,

1143 2325 72 75 that
1231 2325 55 75 the
1303 2325 75 75 falts
1394 2325 74 75 may
1479 2325 89 75 enter
1585 2325 68 75 into
1670 2325 55 75 the
1741 2325 89 75 body
1852 2325 41 75 of
1901 2325 58 75 the
1976 2325 88 75 cloth
2082 2325 96 75 along

1144 2371 78 75 with
1239 2371 55 75 the
1310 2371 100 75 water
1423 2371 10 75 ;
1461 2371 51 75 for
1528 2371 77 75 they
1613 2371 66 75 will
1697 2371 56 75 not
1766 2371 90 75 enter
1872 2371 32 75 in
1920 2371 76 75 fuch
2013 2371 162 75 quantity,

1142 2418 31 75 if
1183 2418 27 75 it
1238 2418 39 75 be
1295 2418 84 75 wet;
1406 2418 62 75 and
1494 2418 42 75 by
1552 2418 102 75 ading
1677 2418 60 75 too
1754 2418 192 75 powerfully
1962 2418 43 75 on
2032 2418 55 75 the
2116 2418 59 75 ex-

1143 2464 103 75 ternal
1262 2464 143 75 threads,
1430 2464 74 75 may
1515 2464 161 75 endanger
1691 2464 101 75 them.

1190 2513 76 75 The
1281 2513 117 75 degree
1421 2513 40 75 of
1478 2513 76 75 heat
1570 2513 25 75 is
1613 2513 18 75 a
1646 2513 78 75 very
1740 2513 144 75 material
1901 2513 223 75 circumftance
2141 2513 34 75 in

1143 2558 64 75 this
1224 2558 179 75 operation.
1455 2558 49 75 As
1528 2558 57 75 the
1609 2558 101 75 aftion
1727 2558 41 75 of
1791 2558 55 75 the
1862 2558 76 75 falts
1961 2558 27 75 is
2006 2558 118 75 always
2140 2558 35 75 in

1143 2605 186 75 proportion
1346 2605 35 75 to
1405 2605 56 75 the
1476 2605 88 75 heat,
1589 2605 25 75 it
1631 2605 109 75 would
1763 2605 113 75 appear
1894 2605 88 75 more
2006 2605 116 75 proper
2138 2605 37 75 to

1143 2651 93 75 begin
1254 2651 78 75 with
1350 2651 18 75 a
1384 2651 120 75 boiling
1520 2651 87 75 heat,
1632 2651 44 75 by
1688 2651 105 75 which
1812 2651 17 75 a
1845 2651 90 75 great
1952 2651 72 75 deal
2044 2651 40 75 of
2095 2651 79 75 time

1143 2697 62 75 and
1220 2697 112 75 labour
1343 2697 102 75 might
1462 2697 39 75 be
1517 2697 107 75 faved.
1657 2697 76 75 The
1747 2697 109 75 reafon
1873 2697 75 75 why
1960 2697 63 75 this
2041 2697 133 75 method

1142 2743 26 75 is
1192 2743 56 75 not
1267 2743 165 75 followed,
1450 2743 130 75 appears
1594 2743 35 75 to
1648 2743 39 75 be
1703 2743 78 75 this.
1822 2743 37 75 If
1871 2743 62 75 any
1949 2743 165 75 vegetable
2135 2743 39 75 or

1141 2793 164 75 vegetable
1317 2793 158 75 fubftance
1488 2793 25 75 is
1527 2793 34 75 to
1573 2793 40 75 be
1629 2793 159 75 foftened,
1806 2793 60 75 and
1879 2793 36 75 to
1924 2793 80 75 have
2017 2793 41 75 its
2068 2793 104 75 juices

1141 2839 175 75 extracted,
1342 2839 25 75 it
1382 2839 26 75 is
1425 2839 101 75 found
1553 2839 89 75 more
1660 2839 114 75 proper
1791 2839 34 75 to
1853 2839 72 75 give
1947 2839 28 75 it
1991 2839 107 75 gentle
2114 2839 57 75 de-

1140 2885 90 75 grees
1253 2885 41 75 of
1315 2885 74 75 heat
1406 2885 32 75 at
1454 2885 77 75 firft,
1557 2885 62 75 and
1631 2885 34 75 to
1682 2885 139 75 advance
1837 2885 180 75 gradually,
2042 2885 77 75 than
2137 2885 35 75 to

1141 2932 115 75 plunge
1272 2932 26 75 it
1319 2932 40 75 all
1378 2932 32 75 at
1427 2932 79 75 once
1522 2932 33 75 in
1582 2932 122 75 boiling
1720 2932 111 75 water.
1879 2932 86 75 This
1981 2932 11 75 1
1996 2932 42 75 aft
2054 2932 117 75 degree

1140 2976 40 75 of
1201 2976 73 75 heat
1291 2976 27 75 is
1334 2976 34 75 fo
1384 2976 119 75 ftrong,
1529 2976 72 75 that
1618 2976 95 75 when
1739 2976 126 75 applied
1882 2976 31 75 at
1933 2976 80 75 once
2030 2976 35 75 to
2082 2976 18 75 a
2116 2976 54 75 ve-

1138 3028 137 75 getable,
1287 3028 26 75 it
1325 3028 149 75 bardeps,
1488 3028 119 75 inftead
1620 3028 39 75 of
1667 3028 160 75 foftening
1839 3028 41 75 its
1893 3028 142 75 texture.
2065 3028 107 75 Dried

1611 3078 17 75 7
1654 3078 34 75 D

1994 3078 181 75 vegetables
