2483 3387
513 166 43 75 A
613 166 38 75 II
709 166 43 75 D

1103 166 19 75 (
1182 166 77 75 3<S3
1321 166 19 75 )

1678 166 231 75 ARE

151 202 5 104 ■
156 228 238 75 ring-feathers
418 228 60 75 are'
495 228 116 75 black;
636 228 60 75 but
719 228 56 75 the
797 228 89 75 body
910 228 27 75 is
962 228 121 75 white:
1114 228 78 75 The

152 276 101 75 under
271 276 70 75 part
356 276 40 75 of
408 276 55 75 the
479 276 96 75 head,
593 276 35 75 as
645 276 50 75 far
713 276 33 75 as
759 276 56 75 the
830 276 101 75 lower
947 276 95 75 chap,
1068 276 27 75 is
1109 276 56 75 red
1177 276 11 75 ;

151 322 57 75 the
220 322 85 75 beak
319 322 27 75 is
370 322 175 75 yeilowilh,
570 322 64 75 and
655 322 119 75 jagged
789 322 34 75 at
839 322 56 75 the
911 322 112 75 point;
1046 322 56 75 the
1126 322 67 75 feet

154 368 53 75 are
224 368 69 75 red,
311 368 64 75 and
391 368 56 75 the
463 368 103 75 prime
582 368 216 75 tail-feathers
812 368 110 75 white.
973 368 35 75 6.
1033 368 77 75 The
1122 368 71 75 An-

153 414 123 75 tigone,
300 414 38 75 or
355 414 136 75 greareit
505 414 117 75 Indian
640 414 94 75 crane
757 414 42 75 of
817 414 173 75 Edwards,
1012 414 62 75 has
1097 414 19 75 a
1138 414 56 75 na-

153 462 65 75 ked
234 462 96 75 head,
348 462 63 75 and
422 462 159 75 papilious
597 462 100 75 collar
709 462 10 75 ;
746 462 56 75 the
818 462 88 75 body
917 462 27 75 is
958 462 236 75 a(h-coloured,

154 509 62 75 and
240 509 56 75 the
318 509 102 75 prime
447 509 241 75 wing-feathers
708 509 114 75 .black.
871 509 129 75 Behind
1024 509 56 75 the
1103 509 89 75 eyes,

154 556 91 75 there
260 556 28 75 is
311 556 19 75 a
346 556 91 75 ftnall
454 556 99 75 white
575 556 83 75 fpot,
684 556 63 75 and
762 556 57 75 the
835 556 109 75 crown
970 556 39 75 of
1028 556 56 75 the
1107 556 86 75 head

151 603 28 75 is
205 603 65 75 alfo
294 603 112 75 white.
454 603 78 75 The
556 603 102 75 breafl:
682 603 27 75 is
732 603 43 75 of
794 603 19 75 a
837 603 141 75 greenilh
995 603 118 75 yellow
1138 603 55 75 co-

152 648 95 75 lour;
274 648 56 75 the
353 648 68 75 feet
444 648 55 75 are
523 648 70 75 red.
617 648 67 75 and
702 648 55 75 the
774 648 100 75 prime
890 648 216 75 tail-feathers
1123 648 68 75 alh-

152 696 166 75 coloured.
369 696 33 75 It
418 696 25 75 is
470 696 19 75 a
510 696 109 75 native
642 696 41 75 of
697 696 85 75 Alia.
834 696 34 75 7.
892 696 77 75 The
993 696 134 75 dconia,
1152 696 39 75 or

155 743 100 75 white
283 743 86 75 ftork
397 743 41 75 of
465 743 89 75 Ray,
579 743 58 75 has
664 743 105 75 naked
795 743 172 75 eye-balls,
1008 743 63 75 and
1098 743 98 75 black

153 790 101 75 prime
277 790 255 75 wing-feathers.
580 790 79 75 The
683 790 67 75 Ikin
774 790 106 75 below
896 790 56 75 the
977 790 155 75 feathers,
1158 790 36 75 as

155 836 65 75 alfo
240 836 56 75 the
320 836 95 75 beak,
440 836 80 75 feet,
547 836 62 75 and
634 836 109 75 claws,
774 836 54 75 are
852 836 39 75 of
910 836 19 75 a
951 836 240 75 blood-colour.

153 882 33 75 It
203 882 26 75 is
256 882 19 75 a
298 882 106 75 native
427 882 42 75 of
487 882 145 75 Europe,
658 882 88 75 Afia,
772 882 63 75 and
851 882 136 75 Africa;
1014 882 58 75 but
1088 882 26 75 is
1131 882 61 75 fel-

154 929 77 75 dom
248 929 37 75 or
302 929 95 75 never
414 929 35 75 to
460 929 41 75 be
517 929 65 75 met
595 929 77 75 with
686 929 33 75 in
731 929 99 75 Italy.
870 929 78 75 The
964 929 123 75 ciconia
1103 929 91 75 feeds

155 976 85 75 upon
257 976 198 75 amphibious
473 976 146 75 animals.
669 976 32 75 It
717 976 28 75 is
770 976 76 75 fuch
870 976 40 75 an
933 976 115 75 enemy
1071 976 35 75 to
1130 976 63 75 fer-

153 1022 105 75 pents,
284 1022 71 75 that
369 1022 27 75 it
411 1022 28 75 is
457 1022 161 75 reckoned
630 1022 115 75 almoft
762 1022 19 75 a
797 1022 99 75 crime
910 1022 39 75 to
963 1022 59 75 kill
1046 1022 20 75 a
1092 1022 100 75 ftork.

155 1070 100 75 From
271 1070 65 75 this
354 1070 186 75 favourable
554 1070 183 75 treatment,
754 1070 80 75 they
846 1070 137 75 arefeen
998 1070 33 75 in
1046 1070 148 75 Holland

155 1116 63 75 and
233 1116 56 75 the
306 1116 84 75 Low
402 1116 175 75 Countries
594 1116 141 75 walking
751 1116 224 75 unconcerned
989 1116 33 75 in
1039 1116 56 75 the
1111 1116 81 75 mid^

155 1163 55 75 die
233 1163 41 75 of
293 1163 56 75 the
373 1163 124 75 ftrefets.
546 1163 116 75 Storks
688 1163 53 75 are
766 1163 87 75 birds
878 1163 40 75 of
938 1163 143 75 paflage;
1115 1163 79 75 they

154 1210 99 75 fpend
270 1210 55 75 the
342 1210 136 75 fummer
494 1210 33 75 in
544 1210 144 75 Europe,
714 1210 63 75 and
793 1210 165 75 difappear
974 1210 43 75 all
1043 1210 31 75 at
1099 1210 93 75 once,

156 1257 62 75 and
230 1257 41 75 go
289 1257 52 75 off
359 1257 35 75 to
406 1257 124 75 Egypt,
556 1257 168 75 Ethiopia,
751 1257 63 75 (be.
841 1257 114 75 before
977 1257 126 75 winter,
1130 1257 63 75 and

156 1303 43 75 do
215 1303 56 75 not
293 1303 109 75 return
419 1303 51 75 till
487 1303 98 75 about
600 1303 58 75 the
674 1303 120 75 middle
812 1303 40 75 of
871 1303 133 75 March.
1054 1303 35 75 8.
1114 1303 78 75 The

156 1350 102 75 nigra,
283 1350 38 75 or
337 1350 95 75 black
447 1350 88 75 ftork
551 1350 40 75 of
609 1350 233 75 Willoughby,
867 1350 57 75 has
947 1350 108 75 naked
1078 1350 116 75 orbits,

157 1398 62 75 and
235 1398 54 75 the
302 1398 106 75 breaft
424 1398 63 75 and
502 1398 90 75 belly
606 1398 55 75 are
684 1398 98 75 white
794 1398 11 75 ;
830 1398 56 75 the
911 1398 88 75 body
1023 1398 27 75 is
1075 1398 94 75 black
1180 1398 15 75 ;

156 1443 55 75 the
229 1443 65 75 feet
311 1443 62 75 and
389 1443 103 75 orbits
508 1443 56 75 are
586 1443 283 75 blood-Coloured.
917 1443 34 75 It
974 1443 140 75 inhabits
1135 1443 59 75 the

154 1490 156 75 northern
326 1490 88 75 parts
432 1490 40 75 of
483 1490 145 75 Europe.
678 1490 34 75 9.
737 1490 78 75 The
831 1490 198 75 ny&icorax,
1051 1490 38 75 or
1104 1490 92 75 leffer

158 1537 224 75 alb-coloured
410 1537 102 75 heron
540 1537 40 75 of
599 1537 87 75 Ray,
717 1537 58 75 has
803 1537 19 75 a
849 1537 91 75 creft,
968 1537 168 75 confifting
1159 1537 41 75 of

156 1585 93 75 three
264 1585 87 75 ftrait
368 1585 184 75 horizontal
569 1585 98 75 white
677 1585 156 75 feathers,
851 1585 41 75 on
905 1585 58 75 the
973 1585 81 75 back
1071 1585 71 75 part
1159 1585 42 75 of

156 1631 56 75 the
233 1631 105 75 head;
366 1631 56 75 the
446 1631 83 75 back
551 1631 28 75 is
604 1631 154 75 greeniftr,
784 1631 63 75 and
871 1631 55 75 the
950 1631 88 75 belly
1061 1631 131 75 yellow.

156 1677 33 75 It
205 1677 140 75 inhabits
360 1677 58 75 the
429 1677 151 75 foiwhern
597 1677 88 75 parts
698 1677 39 75 of
756 1677 145 75 Europe.
956 1677 56 75 10.
1025 1677 78 75 The
1120 1677 75 75 pur-

157 1723 110 75 purea,
291 1723 44 75 or.
346 1723 148 75 common
510 1723 99 75 heron
628 1723 38 75 of
679 1723 132 75 Englilh
823 1723 157 75 Authors,,
997 1723 58 75 has
1068 1723 19 75 a
1103 1723 92 75 creft,

157 1771 78 75 with
267 1771 66 75 two
357 1771 76 75 long
457 1771 98 75 green
578 1771 141 75 feathers
743 1771 140 75 hanging
906 1771 96 75 down
1026 1771 85 75 from
1139 1771 59 75 the

156 1819 82 75 back
255 1819 72 75 part
343 1819 40 75 of
402 1819 55 75 the
480 1819 83 75 head
573 1819 11 75 ;
610 1819 57 75 the
692 1819 88 75 body
795 1819 28 75 is
848 1819 41 75 of
906 1819 40 75 an
969 1819 226 75 olive-colour,

157 1865 60 75 and
237 1865 110 75 purple
364 1865 124 75 below;
516 1865 57 75 the
588 1865 84 75 head
685 1865 29 75 is
730 1865 42 75 of
791 1865 18 75 a
826 1865 121 75 Ihining
959 1865 95 75 green
1065 1865 129 75 colour.

157 1912 33 75 It
214 1912 25 75 is
265 1912 19 75 a
310 1912 107 75 native
440 1912 39 75 of
499 1912 55 75 the
578 1912 89 75 Eaft.
722 1912 53 75 11.
799 1912 79 75 The
902 1912 136 75 cinerea,
1065 1912 37 75 or
1127 1912 67 75 afh-

156 1959 153 75 coloured
325 1959 114 75 heron,
464 1959 57 75 has
539 1959 19 75 a
572 1959 127 75 fmooth
718 1959 94 75 black
822 1959 96 75 head,
943 1959 20 75 a
978 1959 101 75 bluilh
1096 1959 99 75 hack,

157 2005 97 75 white
272 2005 98 75 belly,
396 2005 63 75 and
475 2005 120 75 oblong
609 2005 97 75 black
723 2005 86 75 fpots
822 2005 42 75 on
880 2005 57 75 the
953 2005 114 75 breaft.
1118 2005 31 75 It
1167 2005 27 75 is

159 2052 19 75 a
205 2052 105 75 native
334 2052 41 75 of
391 2052 145 75 Europe.
585 2052 107 75 Great
708 2052 150 75 numbers
879 2052 40 75 of
939 2052 89 75 them
1044 2052 151 75 together

158 2098 90 75 build
263 2098 86 75 their
365 2098 81 75 nefts
463 2098 31 75 in
508 2098 96 75 trees.
651 2098 100 75 They
767 2098 55 75 are
836 2098 68 75 faid
920 2098 35 75 to
970 2098 46 75 fly
1027 2098 78 75 very
1116 2098 79 75 high

157 2145 112 75 before
293 2145 126 75 ftorms.
477 2145 56 75 12.
557 2145 78 75 The
659 2145 104 75 major
788 2145 58 75 has
866 2145 23 75 a
912 2145 96 75 black
1031 2145 80 75 creft
1138 2145 56 75 de-

157 2191 140 75 pending
311 2191 88 75 from
410 2191 57 75 the
484 2191 82 75 back
580 2191 74 75 part
670 2191 40 75 of
729 2191 56 75 the
801 2191 95 75 head,
922 2191 38 75 an
974 2191 221 75 afh-coloured

158 2238 101 75 body,
282 2238 62 75 and
369 2238 18 75 a
408 2238 95 75 black
527 2238 62 75 line
607 2238 63 75 and
684 2238 68 75 belt
769 2238 40 75 on
827 2238 56 75 the
900 2238 83 75 neck
1002 2238 61 75 and
1080 2238 117 75 breaft.

157 2286 33 75 It
212 2286 31 75 is
266 2286 20 75 a
306 2286 109 75 native
427 2286 47 75 of
489 2286 145 75 Europe.
688 2286 57 75 13.
766 2286 78 75 The
867 2286 147 75 garzetta
1030 2286 27 75 is
1075 2286 122 75 crefted

159 2332 141 75 behind;
325 2332 58 75 the
398 2332 89 75 body
503 2332 27 75 is
542 2332 111 75 white,
678 2332 56 75 the
750 2332 83 75 beak
849 2332 107 75 black,
981 2332 62 75 and
1056 2332 56 75 the
1129 2332 69 75 feet

159 2378 154 75 greenifh.
362 2378 33 75 It
419 2378 27 75 is
472 2378 18 75 a
514 2378 104 75 native
643 2378 40 75 of
702 2378 55 75 the
780 2378 90 75 Eaft.
924 2378 54 75 14.
1005 2378 75 75 The
1103 2378 91 75 cocoi

158 2425 57 75 has
232 2425 40 75 an
296 2425 222 75 afh-coloured
540 2425 84 75 creft
642 2425 140 75 hanging
806 2425 95 75 down
926 2425 84 75 from
1032 2425 56 75 the
1111 2425 84 75 back

158 2472 72 75 part
246 2472 40 75 of
297 2472 55 75 the
369 2472 104 75 head;
499 2472 56 75 the
570 2472 105 75 whole
692 2472 88 75 body
791 2472 28 75 is
836 2472 233 75 afh-coloured.
1119 2472 33 75 It
1163 2472 27 75 is

160 2518 18 75 a
193 2518 107 75 native
317 2518 40 75 of
376 2518 167 75 Cayenne.
595 2518 55 75 15.
671 2518 78 75 The
774 2518 148 75 herodias
943 2518 27 75 is
994 2518 122 75 crefted
1137 2518 56 75 be-

158 2566 90 75 hind,
273 2566 58 75 has
348 2566 19 75 a
382 2566 269 75 dulky-coloured
666 2566 95 75 back,
779 2566 125 75 reddilh
920 2566 120 75 thighs,
1050 2566 71 75 .and
1137 2566 65 75 the.

159 2612 101 75 breaft
283 2612 148 75 fpeckled
455 2612 79 75 with
558 2612 119 75 oblong
699 2612 95 75 black
810 2612 98 75 fpots.
958 2612 33 75 It
1008 2612 26 75 is
1052 2612 17 75 a
1086 2612 106 75 native

159 2658 40 75 of
210 2658 165 75 America.
428 2658 56 75 16.
507 2658 234 75 The.viofacea
763 2658 58 75 has
845 2658 19 75 a
883 2658 101 75 white
1004 2658 104 75 creft;
1135 2658 56 75 the

157 2705 88 75 body
261 2705 26 75 is
304 2705 184 75 variegated
502 2705 80 75 with
598 2705 94 75 black
709 2705 62 75 and
788 2705 112 75 white,
925 2705 61 75 and
1009 2705 102 75 bluifh
1135 2705 55 75 be-

158 2752 77 75 low.
285 2752 32 75 It
333 2752 27 75 is
371 2752 20 75 a
408 2752 105 75 native
526 2752 43 75 of
587 2752 176 75 America..
803 2752 55 75 17.
882 2752 77 75 The
975 2752 135 75 cserulea
1132 2752 58 75 has

159 2798 18 75 a
200 2798 81 75 creft
306 2798 144 75 behind,,
462 2798 61 75 and
548 2798 18 75 a
593 2798 98 75 bluifh
717 2798 99 75 body.
871 2798 32 75 It
926 2798 26 75 is
982 2798 17 75 a
1026 2798 106 75 native
1156 2798 42 75 of

159 2846 49 75 N.
234 2846 164 75 America.
453 2846 53 75 18.
530 2846 77 75 The
624 2846 169 75 hudfonias
816 2846 59 75 has
900 2846 19 75 a
942 2846 95 75 black
1054 2846 79 75 creft
1148 2846 43 75 on

159 2891 56 75 the
232 2891 57 75 top
311 2891 40 75 of
370 2891 55 75 the
449 2891 105 75 head;
579 2891 58 75 the
661 2891 87 75 body'
771 2891 27 75 is
823 2891 280 75 dufky-coloured,
1129 2891 63 75 and

158 2937 99 75 white
283 2937 118 75 below.
450 2937 32 75 It
507 2937 165 75 frequents
696 2937 177 75 HndfonV
885 2937 84 75 Bay.
1036 2937 53 75 19.
1114 2937 78 75 The

158 2983 108 75 ftriata
282 2983 57 75 has
357 2983 18 75 a
397 2983 92 75 fmall
504 2983 79 75 creft
607 2983 41 75 on
674 2983 56 75 the
752 2983 171 75 back-part
947 2983 41 75 of
1005 2983 55 75 the
1084 2983 83 75 head
1178 2983 11 75 ;

159 3034 60 75 the
231 3034 83 75 back
329 3034 27 75 is
373 3034 46 75 of.
432 3034 136 75 a.hoary
583 3034 81 75 grey
676 3034 127 75 colour,
827 3034 62 75 and
906 3034 218 75 afh-coloured
1136 3034 56 75 be-

1284 226 63 75 low
1359 226 10 75 ;
1395 226 56 75 the
1462 226 76 75 long
1551 226 85 75 wing
1653 226 142 75 feathers
1808 226 53 75 are
1878 226 111 75 tipped
2000 226 80 75 with
2092 226 111 75 white.
2250 226 35 75 It

1285 272 28 75 is
1329 272 20 75 a
1365 272 106 75 native
1482 272 41 75 of
1536 272 163 75 Surinam.
1742 272 59 75 20.
1817 272 80 75 The
1909 272 156 75 virefeens
2077 272 57 75 has
2152 272 19 75 a
2187 272 95 75 fmali

1288 319 78 75 creft
1378 319 42 75 on
1432 319 55 75 the
1499 319 84 75 back
1592 319 73 75 part
1678 319 40 75 of
1729 319 57 75 the
1798 319 96 75 head,
1912 319 20 75 a
1940 319 97 75 green
2048 319 123 75 Ihining
2184 319 96 75 back,

1288 365 62 75 and
1366 365 269 75 dufky-coloured
1653 365 113 75 breaft.
1816 365 32 75 It
1864 365 27 75 is
1908 365 19 75 a
1943 365 106 75 native
2062 365 40 75 of
2114 365 165 75 America,

1290 415 58 75 21.
1371 415 78 75 The
1474 415 145 75 ftellaris,
1645 415 38 75 or
1694 415 139 75 bittern,
1859 415 58 75 has
1934 415 20 75 a
1976 415 127 75 fmooth
2119 415 85 75 head
2219 415 10 75 ;
2256 415 26 75 it

1288 460 27 75 is
1338 460 186 75 variegated
1550 460 141 75 through
1716 460 55 75 the
1796 460 106 75 whole
1926 460 89 75 body
2031 460 80 75 with
2127 460 154 75 dark-co-

1288 506 113 75 loured
1413 506 85 75 fpots
1514 506 41 75 of
1565 506 153 75 different
1738 506 117 75 figures
1874 506 64 75 and
1955 506 92 75 fizes.
2095 506 34 75 It
2145 506 27 75 is
2190 506 17 75 a
2225 506 41 75 na

1289 554 63 75 live
1365 554 40 75 of
1422 554 145 75 Europe,
1592 554 63 75 and
1671 554 139 75 inhabits
1828 554 115 75 chiefly
1960 554 56 75 the
2032 554 247 75 fen-countries.

1288 600 31 75 It
1336 600 26 75 is
1386 600 66 75 met
1476 600 82 75 with
1580 600 147 75 fkulking
1748 600 117 75 among
1885 600 57 75 the
1966 600 92 75 reeds
2084 600 64 75 and
2170 600 108 75 fedge,

1285 648 66 75 and
1366 648 42 75 its
1423 648 89 75 ufual
1529 648 124 75 pofture
1670 648 27 75 is
1715 648 78 75 with
1810 648 56 75 the
1889 648 85 75 head
1997 648 64 75 and
2084 648 79 75 neck
2181 648 97 75 ereft,

1290 695 62 75 and
1369 695 56 75 the
1442 695 81 75 beak
1541 695 130 75 pointed
1688 695 134 75 direftly
1838 695 164 75 upwards.
2051 695 33 75 It
2099 695 67 75 will
2183 695 98 75 fuffer

1288 743 128 75 perfons
1432 743 35 75 to
1483 743 92 75 come
1591 743 79 75 very
1693 743 76 75 near
1785 743 26 75 it
1834 743 138 75 without
1995 743 114 75 rifing;
2137 743 61 75 and
2221 743 59 75 has

1288 789 80 75 been
1385 789 118 75 known
1520 789 35 75 to
1572 789 99 75 ftrike
1683 789 33 75 at
1732 789 80 75 boys
1831 789 63 75 and
1919 789 33 75 at
1973 789 187 75 Iportfmen,
2186 789 93 75 when

1287 836 160 75 wounded
1462 836 64 75 and
1541 836 115 75 unable
1672 836 35 75 to
1725 836 92 75 make
1833 836 43 75 its
1892 836 122 75 efcape.
2064 836 30 75 It
2108 836 67 75 flies
2193 836 87 75 prin-

1289 883 120 75 cipally
1427 883 99 75 about
1539 883 59 75 the
1614 883 79 75 dufk
1709 883 40 75 of
1768 883 56 75 the
1840 883 147 75 evening,
2013 883 63 75 and
2100 883 76 75 thc/s
2203 883 75 75 rifes

1288 930 31 75 in
1337 930 18 75 a
1372 930 78 75 very
1465 930 137 75 Angular
1618 930 144 75 manner,
1786 930 49 75 by
1847 930 18 75 a
1881 930 95 75 fpiral
1992 930 119 75 afeent,
2136 930 50 75 till
2210 930 24 75 it
2252 930 27 75 is

1288 978 90 75 quite
1402 978 57 75 out
1484 978 39 75 of
1543 978 94 75 fight.
1698 978 33 75 It
1759 978 110 75 makes
1898 978 19 75 a
1939 978 79 75 very
2043 978 124 75 ftrange
2193 978 86 75 ndife

1288 1024 94 75 when
1397 1024 25 75 it
1439 1024 27 75 is
1490 1024 117 75 among
1630 1024 56 75 the
1711 1024 105 75 reeds,
1841 1024 62 75 and
1919 1024 20 75 a
1955 1024 150 75 different
2122 1024 63 75 and
2202 1024 78 75 very

1287 1070 136 75 Angular
1450 1070 61 75 one
1540 1070 32 75 as
1602 1070 25 75 it
1655 1070 74 75 rifes
1758 1070 42 75 on
1829 1070 57 75 the
1912 1070 85 75 wing
2025 1070 33 75 in
2087 1070 56 75 the
2171 1070 106 75 night,

1288 1120 56 75 22.
1369 1120 78 75 The
1463 1120 101 75 grifea
1579 1120 58 75 has
1654 1120 19 75 a
1689 1120 125 75 fmooth
1831 1120 100 75 dufky
1947 1120 82 75 head
2041 1120 10 75 ;
2078 1120 56 75 the
2151 1120 86 75 body
2250 1120 28 75 is

1287 1164 109 75 tawny
1412 1164 113 75 above,
1548 1164 66 75 and
1630 1164 97 75 white
1744 1164 127 75 below;
1898 1164 63 75 and
1980 1164 56 75 the
2052 1164 101 75 prime
2176 1164 103 75 wing-

1288 1212 140 75 feathers
1451 1212 81 75 have
1549 1212 18 75 a
1584 1212 94 75 black
1694 1212 71 75 fpot
1781 1212 33 75 at
1832 1212 55 75 the
1904 1212 120 75 points.
2074 1212 32 75 It
2129 1212 25 75 is
2181 1212 19 75 a
2223 1212 56 75 na-

1288 1257 64 75 tive
1369 1257 41 75 of
1428 1257 55 75 the
1500 1257 90 75 Eaft.
1642 1257 57 75 23.
1724 1257 77 75 The
1825 1257 184 75 brafilienfis
2034 1257 57 75 has
2118 1257 18 75 a
2152 1257 128 75 fmooth

1288 1305 104 75 head;
1419 1305 55 75 the
1486 1305 88 75 body
1585 1305 27 75 is
1624 1305 153 75 blackifh,
1795 1305 79 75 with
1887 1305 117 75 yellow
2016 1305 86 75 fpets
2114 1305 10 75 ;
2152 1305 62 75 and
2223 1305 57 75 the

1289 1352 101 75 prime
1403 1352 141 75 feathers
1558 1352 42 75 of
1620 1352 56 75 the
1693 1352 99 75 wings
1818 1352 61 75 and
1896 1352 56 75 tail
1971 1352 54 75 are
2042 1352 154 75 greenifh.
2246 1352 33 75 It

1288 1397 183 75 is'a'native
1487 1397 41 75 of
1539 1397 164 75 America;
1754 1397 58 75 24.
1837 1397 78 75 The
1939 1397 73 75 alba
2035 1397 57 75 has
2118 1397 19 75 a
2152 1397 131 75 fmooth

1289 1445 94 75 head,
1408 1445 20 75 a
1450 1445 100 75 white
1572 1445 101 75 body,
1699 1445 19 75 a
1742 1445 118 75 yellow
1883 1445 93 75 beak,
2002 1445 63 75 and
2087 1445 95 75 black
2198 1445 79 75 feet.

1289 1491 31 75 It
1336 1491 27 75 is
1385 1491 19 75 a
1421 1491 105 75 native
1542 1491 41 75 of
1602 1491 147 75 Europe.
1800 1491 57 75 25.
1881 1491 78 75 Tire
1975 1491 229 75 acquinoftialis
2220 1491 57 75 has

1289 1539 18 75 a
1322 1539 126 75 fmooth
1471 1539 96 75 head,
1577 1539 3 75 ,
1593 1539 61 75 and
1673 1539 18 75 a
1706 1539 98 75 white
1821 1539 100 75 body.
1971 1539 32 75 It
2026 1539 26 75 is
2076 1539 19 75 a
2114 1539 107 75 native
2243 1539 42 75 of

1288 1586 164 75 America.
1508 1586 58 75 26.
1591 1586 77 75 The
1696 1586 124 75 minuta
1845 1586 59 75 has
1932 1586 19 75 a
1978 1586 124 75 fmooth
2130 1586 102 75 head,,
2259 1586 20 75 a

1287 1633 251 75 dark-coloured
1554 1633 100 75 body,
1671 1633 62 75 and
1749 1633 19 75 a
1779 1633 163 75 yellowifh
1954 1633 100 75 belly.
2095 1633 33 75 It
2139 1633 27 75 is
2179 1633 100 75 about

1285 1679 60 75 the
1360 1679 63 75 fize
1439 1679 40 75 of
1498 1679 57 75 the
1572 1679 127 75 turdus,
1724 1679 62 75 and
1801 1679 27 75 is
1847 1679 18 75 a
1881 1679 103 75 native
2001 1679 48 75 of.
2062 1679 218 75 Switzerland

1290 1725 62 75 and
1368 1725 56 75 the
1441 1725 90 75 Eaft;

1242 1772 325 75 ARDENBURG,
1593 1772 19 75 a
1635 1772 145 75 fortified
1800 1772 88 75 town
1911 1772 40 75 of
1970 1772 115 75 Dutch
2107 1772 186 75 Flanders,,

1289 1819 136 75 lituated
1447 1819 98 75 about
1573 1819 39 75 12
1640 1819 91 75 miles
1755 1819 48 75 N.
1820 1819 47 75 E.
1884 1819 40 75 of
1942 1819 139 75 Bruges,
2106 1819 71 75 m3
2177 1801 25 49 0
2222 1819 56 75 20'

1288 1867 44 75 E.
1350 1867 89 75 long,
1465 1867 62 75 and
1542 1867 65 75 ;i°
1631 1867 52 75 15'
1699 1867 48 75 N.
1765 1867 58 75 lat.

1241 1913 255 75 ARDENNE,
1522 1913 21 75 a
1558 1913 95 75 foreft
1669 1913 33 75 in
1720 1913 181 75 Germany,
1925 1913 90 75 lying
2030 1913 146 75 between
2192 1913 101 75 Thi--

1289 1960 117 75 orrville
1419 1960 61 75 and
1497 1960 116 75 Liege.

1242 2007 236 75 ARDEVIL,
1504 2007 38 75 or
1566 2007 31 75 A
1605 2007 155 75 r.demv,
1785 2007 56 75 the
1864 2007 246 75 burying-place
2134 2007 41 75 of
2188 2007 90 75 .feme

1289 2053 40 75 of
1346 2053 57 75 the
1432 2053 125 75 ancient
1584 2053 93 75 kings
1700 2053 40 75 of
1759 2053 117 75 Perfia,
1907 2053 136 75 fkuated
2067 2053 34 75 in
2125 2053 68 75 64°
2221 2053 56 75 20'

1290 2100 44 75 E.
1347 2100 89 75 long,
1462 2100 65 75 and
1543 2100 63 75 36°
1622 2100 49 75 N.
1692 2100 59 75 lat.

1243 2147 267 75 ARDMAGH,
1535 2147 32 75 in
1585 2147 209 75 geography..
1832 2147 63 75 See
1912 2147 206 75 Armagh..

1242 2193 514 75 ARDOR-VENTRIGULI,
1789 2193 56 75 the
1867 2193 85 75 fame
1976 2193 81 75 with
2085 2193 56 75 the
2168 2193 108 75 heart-

1288 2239 93 75 bum.

1242 2286 212 75 ARDRES,
1472 2286 18 75 a
1502 2286 87 75 town
1601 2286 41 75 of
1653 2286 55 75 the
1720 2286 151 75 province
1881 2286 42 75 of
1938 2286 141 75 Picardy
2093 2286 32 75 in
2139 2286 153 75 France,,

1289 2333 135 75 fituated
1452 2333 97 75 about
1583 2333 41 75 10
1651 2333 92 75 miles
1770 2333 94 75 fouth
1891 2333 41 75 of
1951 2333 122 75 Calais,
2105 2333 33 75 in
2167 2333 19 75 2
2186 2315 24 49 0
2227 2333 48 75 E.

1288 2379 88 75 long,
1400 2379 65 75 and
1485 2379 61 75 50°
1565 2379 42 75 45
1607 2361 13 49 /
1636 2379 49 75 N.
1701 2379 58 75 lat,

1240 2427 172 75 Ardrks,
1437 2427 39 75 or
1499 2427 154 75 Ardra,
1678 2427 115 75 is-alfb
1816 2427 57 75 the
1896 2427 115 75 capital
2036 2427 41 75 of
2095 2427 19 75 a
2136 2427 138 75 country

1287 2472 41 75 on
1344 2472 56 75 the
1417 2472 183 75 flave-coaft
1622 2472 40 75 of
1681 2472 130 75 Guinea
1834 2472 33 75 in
1891 2472 126 75 Africa,
2041 2472 136 75 fituated
2197 2472 77 75 near

1288 2519 54 75 the
1358 2519 85 75 river
1455 2519 124 75 Lagos,
1602 2519 31 75 in
1652 2519 107 75 4°-E.
1772 2519 93 75 long,
1890 2519 63 75 and
1972 2519 16 75 5
1988 2501 23 49 0
2028 2519 48 75 N.
2093 2519 62 75 lat.

1238 2566 112 75 ARE,
1375 2566 32 75 in
1424 2566 108 75 mufic.
1582 2566 61 75 See
1660 2566 200 75 Alamire.

1238 2612 147 75 AREA,
1409 2612 33 75 in
1459 2612 178 75 geometry,
1658 2612 136 75 denotes
1810 2612 56 75 the
1883 2612 174 75 fuperficial
2082 2612 131 75 content
2236 2612 40 75 of

1287 2658 60 75 any
1364 2658 111 75 figure.
1527 2658 61 75 See
1603 2658 89 75 Geo
1702 2658 150 75 metry.

1239 2706 122 75 Area,
1386 2706 116 75 among
1514 2706 191 75 phyficians,
1730 2706 56 75 the
1802 2706 83 75 fame
1905 2706 81 75 with
2002 2706 154 75 alopecia.
2207 2706 63 75 See

1287 2752 217 75 Alopecia.

1238 2801 213 75 AREBON,
1477 2801 19 75 a
1512 2801 89 75 town
1613 2801 42 75 of
1666 2801 130 75 Guinea
1811 2801 32 75 in
1861 2801 127 75 Africa,
2011 2801 134 75 fituated
2161 2801 36 75 at
2213 2801 56 75 the

1286 2847 111 75 mouth
1413 2847 40 75 of
1472 2847 53 75 the
1551 2847 83 75 river
1658 2847 164 75 Fonnofa,
1847 2847 33 75 in
1906 2847 16 75 5
1922 2829 26 49 0
1966 2847 45 75 E.
2026 2847 90 75 long,
2142 2847 63 75 and
2224 2847 17 75 5
2241 2829 25 49 0

1284 2893 46 75 N.
1348 2893 58 75 lat.

1240 2940 176 75 ARECA,
1442 2940 30 75 in
1501 2940 133 75 botany,
1662 2940 21 75 a
1708 2940 98 75 genus
1833 2940 42 75 of
1893 2940 55 75 the
1975 2940 97 75 order
2099 2940 41 75 of
2157 2940 112 75 palmas

1286 2986 227 75 pemiatifoiia’.
1560 2986 78 75 The
1661 2986 83 75 male
1767 2986 58 75 has
1850 2986 41 75 no
1907 2986 98 75 calix,
2030 2986 58 75 but
2105 2986 91 75 three
2213 2986 55 75 pe-

1287 3034 73 75 tals,
1385 3034 63 75 and
1470 3034 73 75 nine
1565 3034 151 75 ftamina;
1741 3034 57 75 the
1813 3034 117 75 femak
1944 3034 60 75 has
2016 3034 46 75 no
2077 3034 110 75 edix;
2214 3034 56 75 the

2149 3083 119 75 corolla
