2428 3377
138 154 99 75 Part
259 154 71 75 VI.

694 154 42 75 A
854 154 43 75 N
1014 154 42 75 A
1170 154 39 75 T

133 216 170 75 curvature
321 216 42 75 of
373 216 71 75 that
460 216 102 75 canaf,
581 216 62 75 and
660 216 95 75 carry
770 216 25 75 it
813 216 33 75 as
859 216 32 75 in
905 216 18 75 a
934 216 89 75 fcarf
1033 216 37 75 or
1081 216 91 75 fling.

131 262 89 75 This
245 262 25 75 is
289 262 88 75 what
393 262 99 75 forms
518 262 55 75 the
589 262 149 75 external
754 262 39 75 or
809 262 222 75 membranous
1048 262 73 75 coat
1138 262 41 75 of

132 310 59 75 the
210 310 171 75 inteflines.

179 356 77 75 The
273 356 181 75 mefocolon
482 356 25 75 is
535 356 56 75 the
616 356 217 75 continuation
850 356 42 75 of
907 356 55 75 the
979 356 189 75 mefentery,

131 402 108 75 which
256 402 119 75 having
389 402 138 75 reached
544 402 55 75 the
615 402 177 75 extremity
816 402 41 75 of
880 402 55 75 the
963 402 104 75 ilium,
1092 402 77 75 con-

130 448 98 75 tradls
245 448 63 75 and
325 448 135 75 changes
484 448 41 75 its
552 448 104 75 name.
705 448 48 75 At
769 448 64 75 this
850 448 89 75 place
955 448 55 75 the
1027 448 140 75 particu-

130 495 48 75 lar
195 495 116 75 lamina
329 495 105 75 which
458 495 26 75 is
509 495 115 75 turned
652 495 34 75 to
710 495 56 75 the
792 495 87 75 right
907 495 74 75 fide,
1018 495 100 75 forms
1148 495 20 75 a

130 542 90 75 fmall
237 542 176 75 tranlverfe
431 542 84 75 fold,
541 542 104 75 called
660 542 212 75 ligamentum
889 542 63 75 coii
968 542 162 75 dextrum.

178 588 205 75 Afterwards
408 588 55 75 the
493 588 181 75 mefocolon
703 588 127 75 afcends
849 588 140 75 towards
1007 588 55 75 the
1079 588 87 75 right

128 635 132 75 kidney,
284 635 110 75 where
410 635 27 75 it
453 635 100 75 feems
569 635 36 75 to
629 635 42 75 be
693 635 60 75 loft
776 635 45 75 by
837 635 56 75 the
908 635 183 75 immediate
1108 635 56 75 ad-

130 680 109 75 hcfion
255 680 41 75 of
308 680 55 75 the
379 680 95 75 colon
490 680 36 75 to
543 680 70 75 that
630 680 130 75 kidneyj
779 680 61 75 and
858 680 35 75 to
905 680 56 75 the
977 680 64 75 firft
1057 680 106 75 incur-

130 727 110 75 vation
256 727 40 75 of
307 727 55 75 the
377 727 195 75 duodenum.
605 727 99 75 Then
715 727 25 75 it
758 727 129 75 appears
900 727 105 75 again,
1023 727 74 75 and,
1115 727 49 75 in-

127 773 139 75 creafing
281 773 32 75 in
330 773 149 75 breadth,
504 773 26 75 it
557 773 165 75 continues
739 773 41 75 its
807 773 110 75 courle
933 773 63 75 aim
999 773 46 75 oft
1061 773 101 75 tranf-

127 820 122 75 verfely
265 820 102 75 under
383 820 56 75 the
453 820 95 75 liver,
565 820 152 75 ftomach,
735 820 62 75 and
810 820 119 75 fpleen,
947 820 108 75 where
1067 820 26 75 it
1106 820 55 75 be-

126 865 75 75 gins
214 865 34 75 to
273 865 76 75 turn
364 865 198 75 downward,
588 865 102 75 under
705 865 57 75 the
784 865 61 75 left
867 865 291 75 hypochondriunj,

126 913 126 75 toward
272 913 54 75 the
343 913 120 75 kidney
478 913 42 75 on
538 913 54 75 the
609 913 82 75 fame
711 913 74 75 lide.

172 959 160 75 Through
353 959 64 75 this
435 959 106 75 whole
559 959 121 75 courfe,
699 959 56 75 the
772 959 179 75 mefocolon
970 959 141 75 extends
1128 959 33 75 in

126 1005 149 75 breadth,
294 1005 62 75 and
373 1005 99 75 forms
490 1005 111 75 nearly
612 1005 19 75 a
642 1005 173 75 tranfverfe
828 1005 211 75 femicircular
1052 1005 106 75 plane,

125 1050 78 75 very
220 1050 85 75 little
329 1050 121 75 plaited
474 1050 33 75 at
530 1050 42 75 its
598 1050 90 75 great
714 1050 260 75 circumference.
1023 1050 54 75 By
1095 1050 63 75 this

126 1099 248 75 circumference
391 1099 39 75 or
446 1099 92 75 edge,
563 1099 27 75 it
604 1099 29 75 is
650 1099 172 75 connected
839 1099 35 75 to
886 1099 56 75 the
958 1099 93 75 colon
1066 1099 10 75 ;
1096 1099 64 75 and

125 1144 91 75 hides
235 1144 68 75 that
320 1144 209 75 ligamentary
545 1144 85 75 band
647 1144 40 75 of
698 1144 62 75 this
783 1144 156 75 inteftine,
964 1144 105 75 which
1082 1144 76 75 runs

129 1190 94 75 along
239 1190 41 75 its
297 1190 90 75 fmall
403 1190 182 75 curvature.
633 1190 52 75 By
702 1190 41 75 its
760 1190 86 75 Ihort
864 1190 37 75 or
918 1190 87 75 fmall
1024 1190 93 75 edge,
1134 1190 25 75 it

123 1237 101 75 forms
248 1237 56 75 the
321 1237 177 75 triangular
515 1237 69 75 cafe
601 1237 40 75 of
653 1237 54 75 the
724 1237 182 75 duodenum
921 1237 11 75 ;
960 1237 62 75 and
1046 1237 43 75 by
1114 1237 43 75 its

123 1282 91 75 great
231 1282 94 75 edge,
348 1282 57 75 the
428 1282 145 75 external
592 1282 72 75 coat
689 1282 34 75 of
752 1282 55 75 the
824 1282 106 75 colon,
954 1282 33 75 in
1003 1282 55 75 the
1074 1282 84 75 fame

123 1329 131 75 manner
269 1329 34 75 as
320 1329 56 75 the
392 1329 178 75 mefentery
585 1329 78 75 does
676 1329 70 75 that
759 1329 41 75 of
810 1329 55 75 the
877 1329 90 75 fmall
982 1329 174 75 inteftines.

124 1375 49 75 As
190 1375 25 75 it
232 1375 98 75 paftes
346 1375 104 75 under
464 1375 56 75 the
532 1375 89 75 large
635 1375 177 75 extremity
828 1375 41 75 of
880 1375 56 75 the
952 1375 153 75 ftomach,
1130 1375 27 75 it

122 1422 134 75 adheres
274 1422 19 75 a
308 1422 84 75 little
408 1422 36 75 to
460 1422 55 75 the
527 1422 99 75 lower
638 1422 127 75 portion
778 1422 40 75 of
828 1422 72 75 that
917 1422 186 75 extremity,
1121 1422 34 75 as

124 1468 55 75 the
196 1468 187 75 diaphragm
399 1468 76 75 does
493 1468 35 75 to
546 1468 54 75 the
616 1468 112 75 upper.

171 1514 130 75 Having
326 1514 57 75 got
407 1514 107 75 below
536 1514 56 75 the
612 1514 61 75 left
695 1514 132 75 kidney,
861 1514 26 75 it
910 1514 157 75 contrails
1092 1514 64 75 and

122 1561 100 75 Forms
238 1561 137 75 another
391 1561 173 75 tranfverfe
581 1561 82 75 fold,
689 1561 104 75 called
809 1561 213 75 ligamentum
1038 1561 116 75 celiji-

122 1606 152 75 nijlrum.
321 1606 203 75 Afterwards
547 1606 26 75 it
590 1606 142 75 expands
745 1606 103 75 again,
875 1606 57 75 but
945 1606 56 75 not
1013 1606 34 75 fo
1059 1606 95 75 much

122 1653 34 75 as
172 1653 32 75 in
232 1653 56 75 the
304 1653 100 75 upper
430 1653 85 75 part,
541 1653 61 75 and
620 1653 75 75 runs
723 1653 95 75 down
836 1653 41 75 on
895 1653 54 75 the
974 1653 62 75 left
1064 1653 89 75 pfoas

120 1699 132 75 inufcle,
284 1699 125 75 toward
436 1699 57 75 the
520 1699 57 75 laft
597 1699 153 75 vertebras
776 1699 40 75 of
834 1699 71 75 the"
915 1699 96 75 loins.
1067 1699 86 75 This

121 1745 189 75 defcending
326 1745 127 75 portion
469 1745 27 75 is
513 1745 88 75 fixed
616 1745 35 75 to
668 1745 55 75 the
736 1745 221 75 convolutions
975 1745 40 75 of
1026 1745 55 75 the
1098 1745 54 75 co-

119 1792 54 75 lon
191 1792 32 75 in
240 1792 56 75 the
312 1792 83 75 fame
411 1792 130 75 manner
557 1792 34 75 as
608 1792 55 75 the
685 1792 145 75 fupersof
843 1792 128 75 portion
993 1792 28 75 is
1045 1792 35 75 to
1096 1792 56 75 the

119 1838 75 75 arch
213 1838 40 75 of
264 1838 70 75 that
350 1838 155 75 inteftine.

165 1885 76 75 The
257 1885 178 75 inteftinum
452 1885 120 75 redtum
590 1885 28 75 is
646 1885 139 75 likewife
802 1885 140 75 inverted
958 1885 43 75 by
1021 1885 16 75 a
1052 1885 98 75 parti-

119 1931 89 75 cular
223 1931 186 75 production
427 1931 40 75 of
478 1931 55 75 the
549 1931 219 75 peritonaeum,
792 1931 102 75 called
908 1931 183 75 commonly
1107 1931 44 75 by

118 1978 56 75 the
193 1978 174 75 barbarous
384 1978 91 75 name
492 1978 41 75 of
552 1978 215 75 meforeftum.
816 1978 85 75 This
917 1978 188 75 production
1122 1978 27 75 is

118 2023 76 75 very
207 2023 125 75 narrow
344 2023 9 75 ;
373 2023 74 75 and,
466 2023 97 75 about
575 2023 57 75 the
647 2023 119 75 middle
779 2023 40 75 of
830 2023 55 75 the
898 2023 133 75 forefide
1043 2023 40 75 of
1094 2023 55 75 the

118 2070 131 75 reCtum,
275 2070 26 75 it
326 2070 100 75 forms
452 2070 18 75 a
495 2070 172 75 tranfverfe
694 2070 214 75 femicircular
935 2070 82 75 fold,
1043 2070 106 75 which

118 2116 130 75 appears
265 2116 93 75 when
375 2116 55 75 the
446 2116 147 75 inteftine
608 2116 28 75 is
653 2116 122 75 empty,
808 2116 58 75 but
889 2116 27 75 is
932 2116 61 75 loft
1011 2116 93 75 when
1121 2116 28 75 it

118 2162 26 75 is
167 2162 101 75 filled.

116 2268 346 75 glandula:
494 2268 462 75 mesenterica:,
993 2268 153 75 vasa

258 2316 399 75 LYMPHATICA
689 2316 30 75 &
752 2316 249 75 LACTEA.

163 2392 191 75 Between
371 2392 55 75 (he
443 2392 124 75 laminae
582 2392 43 75 of
635 2392 55 75 the
703 2392 188 75 mefentery,
918 2392 18 75 a
953 2392 89 75 great
1054 2392 91 75 num-

115 2436 56 75 ber
184 2436 40 75 of
239 2436 111 75 glands
363 2436 41 75 lie
420 2436 157 75 fcattcred
593 2436 140 75 through
750 2436 56 75 the
823 2436 130 75 cellular
970 2436 175 75 fjbftance.

116 2482 36 75 In
168 2482 56 75 the
241 2482 122 75 natural
378 2482 92 75 ftate,
495 2482 88 75 thefe
598 2482 113 75 glands
728 2482 53 75 are
797 2482 231 75 fomethingof
1040 2482 55 75 the
1108 2482 36 75 fi-

114 2530 77 75 gure
207 2530 42 75 of
259 2530 105 75 lentils
380 2530 39 75 or
433 2530 84 75 little
529 2530 103 75 round
648 2530 95 75 beans
759 2530 10 75 ;
796 2530 86 75 fonie
899 2530 39 75 of
950 2530 87 75 them
1050 2530 95 75 being

114 2576 171 75 orbicular,
311 2576 109 75 others
437 2576 85 75 oval,
548 2576 57 75 but
622 2576 41 75 all
681 2576 39 75 of
733 2576 86 75 them
837 2576 18 75 a
872 2576 83 75 little
972 2576 125 75 flatted.

159 2627 108 75 Thefe
283 2627 114 75 glands
412 2627 53 75 are
482 2627 40 75 of
533 2627 55 75 the
616 2627 134 75 number
775 2627 41 75 Of
832 2627 91 75 thofe
946 2627 71 75 that
1033 2627 111 75 anato-

118 2669 86 75 mifts
232 2669 61 75 call
314 2669 170 75 glandule
499 2669 203 75 conglobate,
727 2669 55 75 the
799 2669 151 75 ftruCture
974 2669 41 75 of
1036 2669 108 75 which

112 2714 29 75 is
157 2714 57 75 not
231 2714 33 75 as
284 2714 55 75 yet
362 2714 190 75 fufficiently
569 2714 130 75 known.
747 2714 98 75 They
863 2714 81 75 feem
967 2714 34 75 to
1017 2714 40 75 be
1073 2714 41 75 of
1125 2714 20 75 a

115 2760 132 75 cellular
273 2760 171 75 fubftance,
468 2760 199 75 furroundcd
683 2760 44 75 by
742 2760 18 75 a
775 2760 78 75 very
875 2760 62 75 fine
960 2760 182 75 membrane

114 2803 36 75 or
166 2803 85 75 coat,
276 2803 41 75 on
333 2803 119 75 which,
477 2803 44 75 by
537 2803 55 75 the
603 2803 75 75 help
691 2803 40 75 of
741 2803 222 75 microfcopes,
980 2803 49 75 we
1040 2803 102 75 difco-

112 2849 57 75 ver
185 2849 38 75 an
239 2849 214 75 intertexture
470 2849 41 75 Of
520 2849 172 75 particular
707 2849 171 75 filaments.

161 2897 126 75 Befides
312 2897 55 75 the
391 2897 223 75 blood-velfels
640 2897 105 75 which
769 2897 55 75 are
848 2897 186 75 diftributed
1055 2897 35 75 in
1118 2897 20 75 a

112 2944 150 75 reticular
286 2944 128 75 manner
437 2944 32 75 in
487 2944 56 75 the
567 2944 184 75 mefenteric
778 2944 125 75 glands,
929 2944 60 75 and
1018 2944 119 75 bdides

112 2989 93 75 many
233 2989 136 75 nervous
393 2989 157 75 filaments
577 2989 114 75 fpread
717 2989 140 75 through
886 2989 100 75 them,
1012 2989 48 75 we
1075 2989 63 75 dif-

1328 150 39 75 6
1486 150 48 75 M
1652 150 54 75 V.

2173 150 77 75 2^3

1225 210 96 75 cover
1350 210 39 75 an
1422 210 123 75 infinite
1576 210 135 75 number
1737 210 42 75 of
1800 210 90 75 fmall
1917 210 109 75 veflels
2054 210 41 75 of
2122 210 135 75 another

1223 257 78 75 kind
1324 257 138 75 running
1477 257 84 75 from
1577 257 99 75 gland
1692 257 34 75 to
1741 257 111 75 gland.

1267 304 109 75 Thefe
1393 304 108 75 veflels
1520 304 53 75 are
1594 304 180 75 extremely
1790 304 68 75 thin
1877 304 62 75 and
1956 304 207 75 tranfparent,
2189 304 65 75 and

1220 351 161 75 furnifhed
1397 351 42 75 on
1456 351 58 75 the
1528 351 96 75 infide
1641 351 79 75 with
1741 351 170 75 numerous
1927 351 121 75 valves,
2074 351 105 75 which
2197 351 56 75 ap-

1218 396 77 75 pear
1310 396 41 75 on
1370 396 55 75 the
1441 396 122 75 outfide
1585 396 65 75 like
1667 396 85 75 little
1769 396 89 75 Imall
1875 396 96 75 knots
1988 396 77 75 very
2082 396 75 75 near
2173 396 81 75 each

1218 443 105 75 other.
1372 443 99 75 They
1487 443 42 75 go
1545 443 58 75 out
1619 443 84 75 from
1720 443 78 75 each
1823 443 97 75 gland
1944 443 43 75 by
2012 443 224 75 ramifications
2236 475 20 49 r

1216 488 32 75 as
1267 488 42 75 by
1326 488 34 75 fo
1377 488 93 75 many
1486 488 102 75 roots,
1614 488 63 75 and
1692 488 118 75 having
1838 488 125 75 formed
1987 488 19 75 a
2030 488 89 75 fmall
2139 488 111 75 trunk,

1213 536 79 75 they
1316 536 53 75 are
1396 536 92 75 again
1516 536 142 75 divided,
1691 536 62 75 and
1781 536 90 75 enter
1900 536 86 75 fome
2017 536 235 75 neighbouring

1213 583 96 75 gland
1326 583 44 75 by
1387 583 54 75 the
1457 583 84 75 fame
1562 583 78 75 kind
1656 583 40 75 of
1716 583 225 75 ramifications
1968 583 43 75 by
2038 583 108 75 which
2170 583 79 75 they

1213 630 84 75 went
1314 630 57 75 out
1387 630 84 75 from
1489 630 54 75 the
1560 630 132 75 former.

1259 677 99 75 They
1385 677 53 75 are
1465 677 124 75 termed
1616 677 172 75 lymphatic
1815 677 117 75 vefiels,
1957 677 133 75 becaufe
2114 677 53 75 for
2194 677 55 75 the

1210 722 80 75 moft
1306 722 72 75 part
1394 722 78 75 they
1488 722 126 75 contain
1632 722 19 75 a
1667 722 78 75 very
1767 722 97 75 clear,
1889 722 125 75 limpid,
2035 722 125 75 though
2177 722 69 75 mu-

1210 771 174 75 cilaginous
1399 771 117 75 ferum,
1542 771 103 75 called
1662 771 125 75 lympha
1811 771 46 75 by
1884 771 190 75 anatomifts.
2127 771 68 75 But
2212 771 33 75 as

1208 816 79 75 they
1302 816 82 75 have
1400 816 139 75 likewile
1557 816 78 75 been
1653 816 154 75 obferved
1822 816 35 75 to
1874 816 43 75 be
1925 816 88 75 filled
2025 816 79 75 with
2118 816 19 75 a
2148 816 99 75 white

1208 862 101 75 milky
1325 862 90 75 fluid,
1441 862 104 75 called
1560 862 97 75 chyle,
1675 862 78 75 they
1769 862 80 75 have
1866 862 80 75 been
1962 862 104 75 called
2082 862 77 75 vafa
2176 862 71 75 chy-

1207 909 16 75 I
1225 909 99 75 fera,,
1348 909 38 75 or
1403 909 89 75 verne
1506 909 123 75 ladle*.
1678 909 99 75 They
1799 909 154 75 have-the
1970 909 91 75 name
2078 909 42 75 of
2137 909 107 75 veins,

1208 959 131 75 becaufe
1358 959 86 75 their
1459 959 105 75 valves
1583 959 53 75 are
1653 959 143 75 difpofed
1809 959 34 75 as
1861 959 90 75 thofe
1968 959 40 75 of
2020 959 54 75 the
2091 959 150 75 ordinary

1209 1003 214 75 blood-veins,
1450 1003 63 75 and
1539 1003 132 75 becaufe
1698 1003 56 75 the
1781 1003 79 75 fluid
1887 1003 106 75 which
2010 1003 77 75 they
2115 1003 129 75 contain

1207 1049 74 75 runs
1299 1049 85 75 from
1404 1049 127 75 fmaller
1546 1049 70 75 into
1636 1049 105 75 larger
1757 1049 105 75 tubes.

1253 1096 99 75 They
1368 1096 108 75 derive
1493 1096 83 75 their
1588 1096 64 75 firft
1665 1096 102 75 origin
1785 1096 85 75 from
1887 1096 55 75 the
1959 1096 107 75 tunica
2081 1096 112 75 villofa
2209 1096 42 75 of

1209 1142 55 75 the
1276 1142 173 75 inteftines,
1469 1142 62 75 and
1544 1142 116 75 chiefly
1672 1142 84 75 from
1770 1142 70 75 that
1853 1142 39 75 of
1899 1142 56 75 the
1967 1142 87 75 fmall
2069 1142 173 75 inteftines,

1207 1188 42 75 by
1265 1188 25 75 a.
1299 1188 92 75 great
1406 1188 134 75 number
1557 1188 40 75 of
1608 1188 89 75 fmall
1715 1188 154 75 capillary
1885 1188 102 75 roots.
2038 1188 97 75 From
2152 1188 89 75 thefe

1205 1236 88 75 roots
1310 1236 91 75 there
1418 1236 108 75 arifes,
1551 1236 144 75 between
1713 1236 55 75 the
1786 1236 88 75 coats
1891 1236 41 75 of
1951 1236 56 75 the
2024 1236 173 75 inteftines,
2223 1236 19 75 a

1204 1282 80 75 kind
1300 1282 40 75 of
1351 1282 68 75 rete
1434 1282 158 75 mirabile,
1617 1282 105 75 which
1740 1282 175 75 furrounds.
1933 1282 110 75 almoft
2059 1282 55 75 the
2133 1282 106 75 whole

1204 1330 245 75 circumference
1465 1330 40 75 of
1516 1330 55 75 the
1588 1330 158 75 inteftinal
1759 1330 102 75 canal,
1879 1330 144 75 between
2039 1330 56 75 the
2112 1330 125 75 mufeu-

1203 1374 49 75 lar
1265 1374 61 75 and
1339 1374 147 75 external
1503 1374 86 75 coat.

1250 1423 84 75 This
1352 1423 151 75 reticular
1521 1423 130 75 texture
1675 1423 40 75 of
1733 1423 111 75 lafleal
1862 1423 109 75 velfels
1988 1423 97 75 keeps
2102 1423 83 75 clofe
2202 1423 36 75 to

1204 1468 54 75 the
1274 1468 145 75 external
1433 1468 84 75 coat,
1537 1468 62 75 and
1613 1468 107 75 leaves
1738 1468 55 75 the
1810 1468 87 75 canal
1917 1468 94 75 along
2027 1468 79 75 with
2131 1468 38 75 it,
2195 1468 43 75 on

1204 1515 56 75 the
1278 1515 62 75 fide
1365 1515 40 75 of
1423 1515 55 75 the
1496 1515 189 75 mefentery,
1711 1515 107 75 where
1835 1515 24 75 it
1877 1515 100 75 forms
1995 1515 66 75 two
2077 1515 109 75 planes
2203 1515 42 75 of

1203 1563 237 75 ramifications,
1466 1563 122 75 plainly
1619 1563 225 75 diitinguilhed
1867 1563 85 75 from
1982 1563 77 75 each
2085 1563 93 75 other
2194 1563 46 75 by

1203 1608 55 75 the
1275 1608 132 75 cellular
1422 1608 174 75 fubftance,
1622 1608 62 75 and
1702 1608 154 75 adhering
1882 1608 117 75 clofely
2016 1608 35 75 to
2067 1608 55 75 the
2140 1608 96 75 infide

1202 1653 40 75 of
1252 1653 56 75 the
1325 1653 66 75 two
1407 1653 200 75 membranes
1629 1653 41 75 of
1689 1653 56 75 the
1771 1653 190 75 mefen.tery.
2010 1653 39 75 In
2066 1653 63 75 this
2146 1653 90 75 fepa-

1201 1701 66 75 rate
1283 1701 78 75 ftate
1377 1701 79 75 they
1476 1701 59 75 run
1552 1701 42 75 on
1616 1701 56 75 the
1685 1701 128 75 laminae
1838 1701 40 75 of
1900 1701 56 75 the
1983 1701 190 75 mefentery,
2200 1701 35 75 as

1199 1747 50 75 far
1265 1747 33 75 as
1315 1747 56 75 the
1387 1747 66 75 firft
1469 1747 186 75 mefenteric
1671 1747 126 75 glands,
1815 1747 108 75 where
1943 1747 77 75 they
2037 1747 88 75 unite
2138 1747 94 75 again

1198 1795 69 75 into
1286 1795 61 75 one
1361 1795 109 75 plane.

1245 1842 98 75 After
1359 1842 64 75 this
1439 1842 109 75 union,
1566 1842 55 75 the
1638 1842 111 75 ladeal
1765 1842 110 75 vefiels
1893 1842 54 75 are
1969 1842 190 75 diftributed
2183 1842 46 75 al-

1197 1887 79 75 moft
1291 1887 175 75 uniformly
1482 1887 141 75 through
1641 1887 56 75 the
1714 1887 105 75 whole
1836 1887 112 75 extent
1972 1887 41 75 of
2029 1887 55 75 the
2107 1887 122 75 mefen-

1195 1933 83 75 tery,
1300 1933 88 75 from
1404 1933 41 75 its
1471 1933 249 75 circumference
1736 1933 36 75 to
1793 1933 43 75 its
1853 1933 103 75 origin
1974 1933 37 75 or
2028 1933 148 75 adhefion
2193 1933 36 75 to

1197 1981 53 75 the
1268 1981 153 75 vertebras
1439 1981 40 75 cf
1490 1981 56 75 the
1564 1981 93 75 back,
1682 1981 144 75 between
1840 1981 53 75 the
1907 1981 185 75 mefenteric
2103 1981 125 75 glands,

1196 2029 105 75 which
1318 2029 78 75 they
1404 2029 82 75 join,
1513 2029 63 75 and
1592 2029 84 75 form
1692 2029 151 75 frequent
1860 2029 209 75 anaftomofes
2086 2029 38 75 or
2141 2029 87 75 com-

1196 2075 222 75 munications.

1242 2124 128 75 Having
1382 2124 105 75 pafled
1498 2124 140 75 through
1652 2124 55 75 the
1723 2124 189 75 mefentery,
1930 2124 56 75 the
2003 2124 226 75 ramifications

1194 2167 95 75 begin
1302 2167 35 75 to
1352 2167 86 75 unite
1456 2167 33 75 as
1505 2167 79 75 they
1601 2167 157 75 approach
1776 2167 54 75 the
1847 2167 88 75 fpina
1951 2167 93 75 dorfi,
2071 2167 63 75 and
2150 2167 75 75 con-

1195 2213 168 75 fequently
1380 2213 84 75 their
1480 2213 133 75 number
1628 2213 26 75 is
1671 2213 147 75 leflened,
1845 2213 63 75 and
1923 2213 85 75 their
2023 2213 62 75 fize
2104 2213 121 75 increa-

1192 2261 56 75 fed
1261 2261 10 75 ;
1298 2261 63 75 and
1383 2261 118 75 having
1517 2261 104 75 pafled
1637 2261 55 75 the
1714 2261 57 75 laft
1794 2261 184 75 mefenteric
1994 2261 126 75 glands,
2147 2261 79 75 they

1194 2307 167 75 terminate
1385 2307 97 75 about
1500 2307 56 75 the
1573 2307 120 75 middle
1709 2307 41 75 of
1761 2307 55 75 the
1833 2307 145 75 adhefion
1996 2307 40 75 cf
2048 2307 55 75 the
2124 2307 100 75 mefo-

1193 2354 93 75 colon
1313 2354 32 75 in
1374 2354 89 75 fmall
1491 2354 148 75 common
1656 2354 124 75 trunks,
1805 2354 106 75 which
1941 2354 121 75 receive
2088 2354 18 75 a
2133 2354 91 75 great

1191 2398 132 75 number
1341 2398 40 75 of
1391 2398 176 75 lymphatic
1584 2398 65 75 vefi'
1649 2398 42 75 els
1708 2398 85 75 from
1809 2398 55 75 the
1880 2398 157 75 glanduke
2050 2398 172 75 lumbares,

1192 2444 61 75 and
1270 2444 107 75 others
1394 2444 106 75 below
1521 2444 98 75 thefe.

1238 2490 75 75 The
1330 2490 108 75 ladfeal
1456 2490 109 75 veflels
1582 2490 106 75 which
1712 2490 41 75 he
1778 2490 145 75 between
1951 2490 56 75 the
2035 2490 186 75 meftnteric

1190 2538 111 75 glands
1315 2538 61 75 and
1392 2538 121 75 middle
1525 2538 146 75 adhefion
1687 2538 40 75 of
1739 2538 55 75 the
1811 2538 179 75 mefocolon
2009 2538 34 75 to
2060 2538 54 75 the
2132 2538 88 75 fpina

1190 2582 94 75 dorfi,
1310 2582 58 75 run
1393 2582 95 75 down
1508 2582 41 75 on
1572 2582 54 75 the
1640 2582 92 75 body
1755 2582 40 75 of
1817 2582 54 75 the
1888 2582 131 75 inferior
2035 2582 102 75 aorta,
2162 2582 56 75 be-

1190 2629 102 75 tween
1317 2629 55 75 the
1394 2629 197 75 extremities
1615 2629 41 75 of
1677 2629 52 75 ike
1748 2629 89 75 final!
1865 2629 117 75 mufeie
2012 2629 40 75 of
2070 2629 54 75 the
2150 2629 67 75 dia-

1189 2677 146 75 phragm,
1354 2677 62 75 and
1428 2677 166 75 terminate
1604 2677 31 75 m
1648 2677 17 75 a
1678 2677 77 75 kind
1767 2677 40 75 of
1819 2677 125 75 erftern,
1962 2677 104 75 called
2076 2677 44 75 by
2131 2677 94 75 fome.

1189 2726 237 75 receptaculum
1442 2726 94 75 chyli,
1562 2726 40 75 by
1621 2726 109 75 others
1761 2726 239 75 receptaculum
2024 2726 189 75 Pecquetts.

1234 2770 75 75 The
1325 2770 136 75 greateft
1476 2770 73 75 part
1576 2770 40 75 of
1638 2770 55 75 the
1717 2770 232 75 receptaculum
1968 2770 84 75 chyli
2078 2770 57 75 lies
2159 2770 55 75 be-

1187 2816 79 75 hind
1283 2816 55 75 the
1362 2816 87 75 right
1468 2816 126 75 portion
1611 2816 40 75 cf
1661 2816 55 75 the
1732 2816 133 75 inferior
1881 2816 116 75 mufcle
2014 2816 40 75 of
2064 2816 56 75 the
2146 2816 68 75 dia-

1187 2863 146 75 phragm,
1358 2863 41 75 cn
1416 2863 55 75 the
1498 2863 85 75 right
1612 2863 62 75 fide
1692 2863 39 75 of
1742 2863 55 75 the
1814 2863 101 75 aorta,
1942 2863 31 75 at
1992 2863 56 75 the
2064 2863 97 75 union
2178 2863 42 75 of

1185 2909 56 75 the
1255 2909 58 75 laft
1329 2909 147 75 vertebra
1491 2909 40 75 of
1545 2909 56 75 the
1617 2909 81 75 back
1715 2909 77 75 with
1818 2909 55 75 the
1895 2909 64 75 firft
1983 2909 39 75 of
2042 2909 53 75 the
2115 2909 96 75 loins.

1185 2955 32 75 It
1233 2955 25 75 is
1276 2955 18 75 a
1309 2955 79 75 kind
1404 2955 41 75 of
1455 2955 222 75 membranous
1694 2955 124 75 veficle,
1844 2955 55 75 the
1916 2955 232 75 conformation
2176 2955 42 75 of

1183 3004 104 75 which
1304 3004 26 75 is
1347 3004 125 75 various
1495 3004 34 75 in
1546 3004 119 75 human
1687 3004 147 75 fubjetts,
1886 3004 189 75 Sometimes
2091 3004 26 75 it
2132 3004 27 75 is
2177 3004 41 75 of
