2428 3377
147 149 84 75 146

695 149 41 75 A
851 149 46 75 N
1012 149 42 75 A
1170 149 43 75 T

141 189 19 49 a
160 207 44 75 nd
219 207 75 75 flide
311 207 96 75 eafily
421 207 86 75 upon
524 207 55 75 the
596 207 112 75 bones.
758 207 35 75 2.
817 207 61 75 To
889 207 81 75 keep
987 207 33 75 in
1042 207 63 75 due
1125 207 53 75 or-

141 252 69 75 der,
237 252 64 75 and
324 252 36 75 to
372 252 8 75 '
380 252 135 75 fupport
540 252 56 75 the
618 252 110 75 veflels
750 252 34 75 in
807 252 87 75 their
915 252 123 75 paffage
1061 252 38 75 to
1121 252 57 75 the

141 300 112 75 bones.
305 300 33 75 3.
363 300 54 75 By
433 300 95 75 being
543 300 107 75 firmly
664 300 119 75 braced
798 300 42 75 on
865 300 55 75 the
942 300 113 75 bones,
1079 300 36 75 to
1132 300 46 75 af-

143 345 47 75 fift
207 345 31 75 in
256 345 118 75 fetting
388 345 97 75 limits
503 345 36 75 to
555 345 84 75 their
653 345 152 75 increafe,
832 345 63 75 and
919 345 35 75 to
972 345 101 75 check
1095 345 85 75 their

142 390 227 75 overgrowth..
417 390 34 75 4.
482 390 57 75 To
563 390 182 75 ftrengthen
761 390 55 75 the
833 390 76 75 cqnj'
910 390 128 75 T.idtion
1060 390 40 75 of
1123 390 57 75 the

141 438 99 75 hones
265 438 79 75 with
372 438 85 75 their
484 438 179 75 epiphyfer,
694 438 197 75 ligaments,’
910 438 64 75 and
997 438 181 75 cartilages,

141 485 108 75 which
265 485 56 75 are
334 485 94 75 eafily
443 485 164 75 feparated
623 485 33 75 in
678 485 110 75 young
798 485 182 75 creatures,
1003 485 94 75 when
1113 485 66 75 this

142 529 183 75 membrane
341 529 26 75 is
385 529 96 75 taken
501 529 102 75 away,
615 529 6 75 i
656 529 32 75 5.
713 529 56 75 To
787 529 106 75 afford
908 529 190 75 convenient
1114 529 65 75 ori-

142 579 54 75 gin
219 579 63 75 and
297 579 154 75 infertion
464 579 35 75 to
520 579 123 75 feveral
668 579 134 75 mufcles
825 579 107 75 which
956 579 54 75 are
1033 579 88 75 fixed
1145 579 36 75 to

142 625 67 75 this
226 625 197 75 membrane.
473 625 100 75 And,,
588 625 104 75 laftly,
715 625 38 75 to
769 625 88 75 warn
873 625 38 75 us
928 625 95 75 when
1046 625 63 75 any
1131 625 50 75 in-

140 672 78 75 jury
235 672 26 75 is
287 672 125 75 offered
427 672 36 75 to
478 672 57 75 the
551 672 87 75 parts
651 672 25 75 it
693 672 124 75 covers.

191 719 77 75 The
284 719 127 75 Bones
425 719 59 75 are
506 719 56 75 the
578 719 81 75 moft
675 719 82 75 hard
781 719 63 75 and
859 719 82 75 folid
958 719 86 75 parts
1067 719 41 75 of
1126 719 56 75 the

143 765 100 75 body,
269 765 64 75 and
348 765 164 75 generally
536 765 44 75 of
596 765 19 75 a
631 765 98 75 white
745 765 113 75 colour
868 765 13 75 j
905 765 78 75 only
998 765 32 75 in
1049 765 18 75 a
1082 765 100 75 living

144 811 147 75 creature
305 811 79 75 they
401 811 53 75 are
471 811 113 75 bluifit,
610 811 106 75 which
735 811 28 75 is
780 811 107 75 owing
902 811 36 75 to
961 811 56 75 the
1034 811 100 75 blood
1148 811 33 75 in

148 858 57 75 the
222 858 90 75 fmall
328 858 110 75 vefieis
455 858 101 75 under
573 858 85 75 their
668 858 137 75 furface.

1088 858 4 75 .
1121 858 6 75 .

192 904 108 75 Bones
324 904 54 75 are
401 904 171 75 compofed
594 904 40 75 of
653 904 19 75 a
692 904 91 75 great
798 904 96 75 many
910 904 116 75 plates,
1051 904 78 75 each
1147 904 41 75 of

143 951 108 75 which
267 951 27 75 is
311 951 93 75 made
415 951 43 75 up
475 951 40 75 of
526 951 94 75 fibres
637 951 38 75 or
691 951 113 75 firings
816 951 112 75 united
943 951 44 75 by
1003 951 75 75 final
1083 951 46 75 ler
1145 951 37 75 fi-

143 998 102 75 brils;
280 998 107 75 which
411 998 96 75 being
522 998 191 75 irregularly
729 998 145 75 difpofed
898 998 62 75 and
986 998 197 75 interwoven

146 1044 81 75 v/ith
243 1044 56 75 the
316 1044 94 75 other
425 1044 106 75 larger
548 1044 107 75 fibres,
672 1044 93 75 make
782 1044 19 75 a
817 1044 151 75 reticular
984 1044 103 75 work,

145 1090 87 75 This
257 1090 130 75 texture
409 1090 32 75 is
461 1090 120 75 plainly
608 1090 71 75 feen
707 1090 33 75 in
767 1090 56 75 the
845 1090 99 75 bones
944 1122 16 49 s
972 1090 41 75 of
1039 1090 143 75 fcetufes,

145 1136 107 75 which
268 1136 81 75 have
367 1136 57 75 not
440 1136 84 75 their
535 1136 88 75 parts
642 1136 119 75 clofely
778 1136 196 75 compa&ed,
1000 1136 63 75 and
1078 1136 32 75 in
1128 1136 56 75 the

145 1184 100 75 bones
262 1184 41 75 of
322 1184 120 75 adults,
467 1184 106 75 which
597 1184 81 75 have
702 1184 80 75 been
806 1184 110 75 bnrnt,
942 1184 76 75 long
1043 1184 141 75 expofed

144 1230 38 75 to
206 1230 58 75 the
290 1230 154 75 weather,
478 1230 36 75 or
539 1230 107 75 whofe
670 1230 206 75 compofition
903 1230 57 75 has
985 1230 81 75 been
1091 1230 93 75 made

145 1277 87 75 loofe
249 1277 43 75 by
308 1277 144 75 difeafes.

192 1324 76 75 The
285 1324 101 75 plates
404 1324 54 75 are
475 1324 66 75 faid
557 1324 36 75 to
608 1324 41 75 be
666 1324 107 75 firmly
794 1324 112 75 joined
930 1324 35 75 to
988 1324 79 75 each
1090 1324 94 75 other

145 1370 46 75 by
214 1370 19 75 a
248 1370 91 75 great
362 1370 133 75 number
511 1370 41 75 of
570 1370 158 75 claviculi,
754 1370 37 75 or
807 1370 89 75 finall
912 1370 89 75 bony
1016 1370 167 75 procefles,

146 1416 121 75 which,
292 1416 94 75 rifing
400 1416 85 75 from
501 1416 56 75 the
573 1416 90 75 inner
678 1416 116 75 plates,
810 1416 105 75 pierce
931 1416 141 75 through
1084 1416 99 75 fome,

146 1463 63 75 and
223 1463 52 75 are
292 1463 88 75 fixed
395 1463 68 75 into
479 1463 56 75 the
552 1463 89 75 more
657 1463 147 75 external
819 1463 89 75 ones.

193 1509 146 75 Though
356 1509 55 75 the
427 1509 143 75 exterior
583 1509 122 75 part-of
716 1509 99 75 bones
832 1509 27 75 is
876 1509 170 75 compofed
1062 1509 40 75 of
1112 1509 71 75 firm

149 1554 145 75 compact;
310 1554 115 75 plates,
450 1554 56 75 yet
522 1554 79 75 they
618 1554 53 75 are
696 1554 41 75 all
762 1554 89 75 more
873 1554 37 75 or
933 1554 60 75 lefs
1011 1554 174 75 cavernous

147 1602 185 75 internally.
382 1602 39 75 In
439 1602 98 75 fome,
563 1602 56 75 the
635 1602 82 75 folid
733 1602 79 75 fides
829 1602 53 75 are
898 1602 140 75 brought
1050 1602 35 75 fo
1095 1602 90 75 near,

147 1649 71 75 that
235 1649 86 75 little
337 1649 107 75 cavity
460 1649 57 75 can
534 1649 40 75 be
590 1649 94 75 feen;
711 1649 62 75 and
788 1649 33 75 in
838 1649 122 75 others,
987 1649 55 75 the
1054 1649 131 75 cavities

145 1696 56 75 are
218 1696 35 75 fo
275 1696 101 75 large,
402 1696 69 75 that
495 1696 76 75 fuch
587 1696 99 75 bones
703 1696 55 75 are
784 1696 162 75 generally
970 1696 158 75 efteemed
1149 1696 37 75 to

149 1741 40 75 be
201 1741 121 75 hollow
338 1741 38 75 or
391 1741 131 75 fifiular.
572 1741 67 75 But
656 1741 55 75 the
728 1741 135 75 internal
879 1741 122 75 fpongy
1013 1741 130 75 texture
1158 1741 27 75 is

147 1788 80 75 mofi
243 1788 128 75 evident
386 1788 32 75 in
431 1788 111 75 young
557 1788 146 75 animals.

196 1833 86 75 This
298 1833 132 75 fpongy,
456 1833 187 75 cavernous,
668 1833 136 75 internal
821 1833 71 75 part
909 1833 41 75 of
959 1833 113 75 bones,
1092 1833 26 75 is
1131 1833 55 75 ge-

146 1881 126 75 nerally
284 1881 102 75 called
402 1881 85 75 their
504 1881 137 75 cancelli
658 1881 37 75 or
712 1881 236 75 lattice-work.

195 1927 76 75 The
287 1927 139 75 twilling
442 1927 64 75 and
528 1927 158 75 windings
702 1927 108 75 which
826 1927 87 75 thefe
930 1927 132 75 cancelli
1079 1927 106 75 make,

150 1974 63 75 and
229 1974 56 75 the
309 1974 173 75 interftices
505 1974 105 75 which
633 1974 78 75 they
727 1974 102 75 leave,
853 1974 96 75 differ
971 1974 217 75 confiderably

149 2020 33 75 in
207 2020 113 75 figure,
344 2020 150 75 number,
518 2020 62 75 and
605 2020 83 75 (ize;
722 2020 64 75 and
809 2020 162 75 therefore
994 2020 84 75 form
1101 2020 87 75 little

151 2066 90 75 cells,
259 2066 108 75 v/hich
383 2066 54 75 are
453 2066 35 75 as
504 2066 163 75 different,
684 2066 57 75 but
758 2066 232 75 communicate
1005 2066 80 75 with
1108 2066 80 75 each

151 2111 106 75 other.

197 2157 77 75 The
293 2157 131 75 cancelli
441 2157 111 75 fufcain
570 2157 55 75 the
641 2157 222 75 membranous
878 2157 79 75 bags
975 2157 39 75 of
1033 2157 56 75 the
1105 2157 84 75 mar-

150 2206 70 75 row
235 2206 106 75 which
359 2206 54 75 arc
429 2206 158 75 ftretched
610 2206 84 75 upon
712 2206 102 75 them,
838 2206 63 75 and
925 2206 135 75 thereby
1075 2206 115 75 hinder

150 2251 87 75 thefe
255 2251 223 75 membranous
501 2251 87 75 parts
606 2251 84 75 from
707 2251 95 75 being
818 2251 74 75 torn
909 2251 38 75 or
963 2251 150 75 removed
1130 2251 58 75 out

152 2299 39 75 of
209 2299 85 75 their
317 2299 115 75 proper
455 2299 118 75 places,
597 2299 33 75 in
654 2299 54 75 the
731 2299 121 75 violent
875 2299 140 75 motions
1040 2299 62 75 and
1125 2299 63 75 dif-

150 2345 106 75 ferent
266 2345 143 75 poftures
425 2345 107 75 which
550 2345 57 75 the
619 2345 99 75 bones
736 2345 53 75 are
802 2345 171 75 employed
988 2345 46 75 in.

197 2390 78 75 The
301 2390 188 75 depreffions
517 2390 145 75 between
690 2390 56 75 the
771 2390 94 75 fibres
892 2390 40 75 of
957 2390 56 75 the
1041 2390 146 75 external

151 2437 103 75 plates
271 2437 41 75 of
329 2437 99 75 bones
446 2437 115 75 appear
576 2437 65 75 like
656 2437 35 75 fo
707 2437 96 75 many
819 2437 137 75 furrows
972 2437 41 75 on
1026 2437 84 75 their
1121 2437 69 75 fur-

151 2484 84 75 face,
259 2484 69 75 into
346 2484 76 75 each
440 2484 40 75 of
499 2484 106 75 which
622 2484 57 75 the
696 2484 186 75 periofteum
900 2484 118 75 enters.

199 2529 89 75 Both
304 2529 42 75 on
364 2529 54 75 the
434 2529 109 75 ridges
564 2529 63 75 and
649 2529 151 75 furrows,
825 2529 172 75 numerous
1018 2529 84 75 little
1126 2529 62 75 pits

153 2576 37 75 or
206 2576 123 75 orifices
346 2576 40 75 of
405 2576 106 75 canals
529 2576 53 75 are
598 2576 36 75 to
649 2576 42 75 be
707 2576 86 75 feen,
817 2576 45 75 by
878 2576 107 75 which
1008 2576 55 75 the
1080 2576 109 75 veffels

152 2623 69 75 pafs
238 2623 36 75 to
291 2623 62 75 and
368 2623 84 75 from
469 2623 56 75 the
540 2623 111 75 bones.

200 2667 99 75 After
315 2667 19 75 a
344 2667 171 75 fuccefsful
531 2667 162 75 injection,
718 2667 57 75 the
791 2667 133 75 arteries
941 2667 57 75 can
1023 2667 41 75 be
1079 2667 111 75 traced

153 2715 33 75 in
202 2715 85 75 their
298 2715 110 75 courfe
425 2715 84 75 from
526 2715 56 75 the
594 2715 62 75 pits
672 2715 36 75 to
720 2715 55 75 the
792 2715 102 75 plates
912 2715 64 75 and
991 2715 110 75 fibres.

200 2760 67 75 We
285 2760 73 75 may
381 2760 168 75 conclude,
577 2760 84 75 from
685 2760 131 75 arteries
844 2760 95 75 being
965 2760 226 75 accompanied

155 2807 78 75 with
250 2807 101 75 veins,
376 2807 34 75 fo
425 2807 50 75 far
492 2807 34 75 as
542 2807 49 75 we
614 2807 57 75 can
695 2807 87 75 trace
805 2807 89 75 them
919 2807 32 75 in
975 2807 100 75 every
1096 2807 94 75 other

154 2853 71 75 part
248 2853 40 75 of
304 2853 57 75 the
378 2853 99 75 body,
503 2853 70 75 that
591 2853 90 75 there
699 2853 55 75 are
769 2853 64 75 alfo
850 2853 87 75 veins
954 2853 31 75 in
1003 2853 55 75 the
1075 2853 112 75 bones.

200 2899 77 75 The
293 2899 100 75 bones
409 2899 40 75 of
460 2899 19 75 a
493 2899 100 75 living
604 2899 115 75 animal
736 2899 53 75 axe
800 2899 34 75 fo
850 2899 161 75 infenfible
1028 2899 70 75 that
1110 2899 80 75 they

156 2945 63 75 can
231 2945 39 75 be
287 2945 66 75 cut,
377 2945 125 75 tafped,
526 2945 38 75 or
579 2945 109 75 burnt,
712 2945 139 75 without
867 2945 127 75 putting
1019 2945 57 75 the
1098 2945 90 75 crea-

147 2993 79 75 ture
243 2993 35 75 to
294 2993 86 75 pain,
404 2993 63 75 and
484 2993 55 75 the
555 2993 112 75 nerves
683 2993 189 75 diftributed
882 2993 34 75 in
933 2993 85 75 their
1029 2993 161 75 fubftahee

1330 144 39 75 O
1487 144 49 75 M
1653 144 54 75 Y.

2110 144 102 75 Part
2228 144 31 75 I.

1227 205 116 75 cannot
1358 205 40 75 be
1415 205 102 75 (hewn
1540 205 45 75 by
1600 205 183 75 difleftion;
1810 205 85 75 from
1918 205 107 75 ivifich
2046 205 28 75 it
2097 205 115 75 mlghti
2222 205 40 75 be

1227 251 153 75 inferred,
1406 251 71 75 that
1500 251 79 75 they
1593 251 149 75 have.no
1765 251 112 75 nerves
1893 251 189 75 diftributed
2098 251 34 75 to
2149 251 88 75 them
2251 251 8 75 ;

1227 297 67 75 But
1310 297 56 75 the
1389 297 130 75 general
1541 297 93 75 tenor
1656 297 40 75 of
1714 297 126 75 nature,
1865 297 106 75 which
1995 297 133 75 befiows
2151 297 111 75 nerves

1227 343 35 75 to
1279 343 43 75 all
1338 343 56 75 the
1406 343 94 75 other
1517 343 100 75 parts,
1640 343 112 75 ftiouid
1767 343 135 75 prevent
1918 343 60 75 our
1993 343 144 75 drawing
2153 343 74 75 fuch
2246 343 19 75 a

1227 391 192 75 conclufion.

1274 436 24 75 T
1309 436 43 75 he
1365 436 144 75 vafcular
1523 436 131 75 texture
1666 436 40 75 of
1717 436 99 75 bones
1833 436 81 75 mull
1929 436 93 75 make
2040 436 89 75 them
2145 436 120 75 fubjedt

1228 482 34 75 to
1278 482 221 75 obftrudtions,
1524 482 215 75 ecchymofes,
1764 482 116 75 ulcers,
1905 482 189 75 gangrenes,
2112 482 62 75 and
2185 482 80 75 moft

1229 529 93 75 other
1337 529 133 75 difeafes
1494 529 107 75 which
1618 529 57 75 the
1689 529 99 75 fofter
1813 529 86 75 parts
1925 529 54 75 are
2002 529 134 75 affetted
2160 529 102 75 with;

1229 577 62 75 and
1314 577 163 75 therefore
1505 577 91 75 there
1623 577 75 75 may
1713 577 39 75 be
1775 577 20 75 a
1816 577 126 75 greater
1957 577 124 75 variety
2096 577 41 75 of
2156 577 107 75 caries

1229 623 78 75 than
1323 623 26 75 is
1367 623 185 75 commonly
1566 623 179 75 deferibed.

1277 670 58 75 On
1354 670 55 75 the
1433 670 136 75 internal
1594 670 122 75 furface
1739 670 41 75 of
1797 670 56 75 the
1877 670 82 75 folid
1982 670 87 75 parts
2095 670 40 75 of
2153 670 111 75 bones,

1229 716 92 75 there
1338 716 52 75 are
1406 716 126 75 orifices
1549 716 40 75 of
1601 716 117 75 canals,
1744 716 105 75 which
1862 716 67 75 pafs
1946 716 161 75 outwards
2125 716 142 75 through

1229 762 56 75 the
1303 762 100 75 plates
1420 762 37 75 to
1471 762 83 75 open
1569 762 70 75 into
1651 762 95 75 other
1762 762 106 75 canals
1885 762 71 75 that
1972 762 53 75 are
2042 762 31 75 in
2091 762 18 75 a
2125 762 141 75 longitu-

1230 809 86 75 dinal
1333 809 167 75 diredtion,
1524 809 89 75 from
1628 809 105 75 which
1757 809 96 75 other
1874 809 174 75 tranfverfe
2071 809 140 75 paffages
2225 809 42 75 go

1231 856 57 75 cut
1305 856 36 75 to
1363 856 168 75 terminate
1555 856 32 75 in
1610 856 95 75 other
1728 856 213 75 longitudinal
1965 856 106 75 canals
2082 856 10 75 ;
2119 856 64 75 and
2203 856 64 75 this

1231 904 150 75 ftrudhire
1387 904 29 75 is
1426 904 173 75 continued
1606 904 143 75 through
1757 904 58 75 the
1823 904 105 75 whole
1937 904 160 75 fubftance
2106 904 41 75 of
2154 904 112 75 bones,

1231 948 79 75 both
1326 948 87 75 thefe
1429 948 94 75 kinds
1540 948 41 75 of
1600 948 105 75 canals
1723 948 167 75 becoming
1904 948 127 75 finaller
2049 948 167 75 gradually
2232 948 35 75 as

1231 994 78 75 they
1326 994 159 75 approach
1501 994 166 75 the.outer
1682 994 294 75 furface.—Thefe
1992 994 106 75 canals
2115 994 53 75 are
2179 994 37 75 to
2228 994 40 75 be

1231 1041 72 75 feen
1329 1041 37 75 to
1393 1041 56 75 the
1480 1041 66 75 beft
1571 1041 176 75 advantage
1771 1041 33 75 in
1837 1041 19 75 a
1882 1041 83 75 bone
1990 1041 96 75 burnt
2112 1041 51 75 till
2190 1041 27 75 it
2240 1041 28 75 is

1232 1088 118 75 white:
1392 1088 111 75 When
1529 1088 25 75 it
1578 1088 28 75 is
1630 1088 121 75 broken
1775 1088 220 75 tranfverfely,
2020 1088 56 75 the
2092 1088 125 75 orifices
2233 1088 44 75 of

1233 1134 55 75 the
1310 1134 212 75 longitudinal
1540 1134 107 75 canals
1663 1134 54 75 are
1733 1134 33 75 in
1782 1134 104 75 view;
1913 1134 61 75 and
1996 1134 94 75 when
2116 1134 48 75 we
2180 1134 89 75 fepa-

1234 1181 67 75 rate
1317 1181 55 75 the
1389 1181 113 75 plates,
1528 1181 55 75 the
1599 1181 174 75 tranfverfe
1789 1181 77 75 ones
1884 1181 53 75 are
1954 1181 35 75 to
2005 1181 39 75 be
2062 1181 165 75 obferved.

1279 1228 88 75 Moft
1395 1228 98 75 bones
1519 1228 82 75 have
1624 1228 60 75 one
1712 1228 39 75 or
1777 1228 89 75 more
1893 1228 88 75 large
2005 1228 130 75 oblique
2162 1228 106 75 canals

1233 1274 125 75 formed
1374 1274 142 75 through
1532 1274 84 75 their
1632 1274 79 75 fides
1727 1274 53 75 for
1796 1274 56 75 the
1875 1274 123 75 paffage
2015 1274 41 75 of
2073 1274 56 75 the
2145 1274 124 75 medul-

1232 1319 70 75 lary
1317 1319 123 75 veffels.

1280 1368 76 75 The
1379 1368 99 75 bones
1494 1368 113 75 fuftain
1631 1368 62 75 and
1718 1368 119 75 defend
1861 1368 57 75 the
1942 1368 94 75 other
2051 1368 88 75 parts
2155 1368 41 75 of
2214 1368 55 75 the

1232 1412 99 75 body.

1282 1460 107 75 Bones
1406 1460 53 75 are
1474 1460 87 75 lined
1576 1460 127 75 within,
1728 1460 34 75 as
1778 1460 74 75 well
1870 1460 33 75 as
1921 1460 139 75 covered
2076 1460 193 75 externally,

1234 1506 79 75 with
1339 1506 20 75 a
1379 1506 204 75 membrane;
1609 1506 107 75 which
1737 1506 28 75 is
1789 1506 163 75 therefore
1969 1506 182 75 commonly
2166 1506 105 75 called

1228 1553 201 75 periojleum.
1440 1553 179 75 internum.

1281 1599 76 75 The
1385 1599 136 75 internal
1547 1599 189 75 periofteum
1758 1599 27 75 is
1814 1599 38 75 an
1878 1599 182 75 extremely
2084 1599 62 75 fine
2169 1599 101 75 mem-

1234 1646 97 75 brane
1344 1646 10 75 ;
1380 1646 75 75 nay,
1484 1646 186 75 frequently
1685 1646 25 75 it
1728 1646 57 75 has
1807 1646 18 75 a
1848 1646 85 75 loofe
1949 1646 151 75 reticular
2116 1646 152 75 texture;

1236 1692 62 75 and
1312 1692 164 75 therefore
1499 1692 25 75 it
1540 1692 27 75 is
1585 1692 168 75 compared
1771 1692 42 75 by
1835 1692 85 75 fome
1942 1692 36 75 to
2001 1692 56 75 the
2080 1692 192 75 arachnoide

1238 1739 72 75 coat
1333 1739 40 75 of
1392 1739 55 75 the
1464 1739 98 75 fpinal
1578 1739 136 75 marrow
1728 1739 8 75 :
1762 1739 35 75 fo
1813 1739 71 75 that
1901 1739 49 75 we
1967 1739 117 75 Cannot
2099 1739 113 75 expedt
2236 1739 35 75 to

1237 1784 107 75 divide
1360 1784 26 75 it
1400 1784 70 75 into
1485 1784 105 75 layers
1606 1784 34 75 as
1662 1784 49 75 we
1729 1784 58 75 can
1803 1784 107 75 divide
1926 1784 56 75 the
1999 1784 146 75 external
2165 1784 105 75 perio-

1237 1831 111 75 fteum.
1397 1831 68 75 We
1482 1831 70 75 can,
1577 1831 163 75 however,
1765 1831 131 75 obferve
1920 1831 42 75 its
1988 1831 155 75 proceffes
2165 1831 104 75 enter-

1237 1876 53 75 ing
1306 1876 70 75 into
1393 1876 56 75 the
1466 1876 172 75 tranfverfe
1655 1876 93 75 pores
1764 1876 40 75 of
1823 1876 56 75 the
1894 1876 113 75 bones,
2032 1876 107 75 where
2155 1876 115 75 proba-

1237 1922 55 75 bly
1309 1922 77 75 they
1402 1922 53 75 are
1472 1922 171 75 continued
1660 1922 36 75 to
1711 1922 86 75 form
1814 1922 54 75 the
1884 1922 184 75 immediate
2092 1922 104 75 canals
2219 1922 52 75 for

1237 1968 55 75 the
1319 1968 138 75 marrow
1488 1968 189 75 diftributed
1709 1968 140 75 through
1878 1968 55 75 the
1960 1968 160 75 fubftance
2148 1968 42 75 of
2216 1968 55 75 the

1237 2015 121 75 bones;
1387 2015 62 75 and
1472 2015 96 75 along
1592 2015 79 75 with
1695 2015 89 75 them
1809 2015 110 75 veffels
1944 2015 53 75 are
2023 2015 79 75 feet,
2128 2015 33 75 as
2186 2015 86 75 from

1238 2061 56 75 the
1311 2061 145 75 external
1471 2061 201 75 perioftetxm,
1689 2061 69 75 into
1774 2061 55 75 the
1846 2061 94 75 bone.
1988 2061 110 75 Thefe
2115 2061 156 75 proceffes

1239 2107 94 75 being
1355 2107 40 75 of
1415 2107 18 75 a
1459 2107 79 75 very
1561 2107 137 75 delicate
1725 2107 144 75 texture,
1899 2107 56 75 the
1980 2107 146 75 adhefion
2150 2107 40 75 of
2208 2107 64 75 this

1239 2155 181 75 membrane
1437 2155 35 75 to
1489 2155 56 75 the
1560 2155 84 75 bone
1661 2155 25 75 is
1703 2155 34 75 fo
1754 2155 102 75 fmall,
1881 2155 70 75 that
1968 2155 26 75 it
2011 2155 155 75 feparates
2177 2155 94 75 .com-

1240 2201 108 75 monly
1364 2201 90 75 more
1469 2201 95 75 eafily
1581 2201 85 75 from
1682 2201 56 75 the
1754 2201 82 75 bone
1852 2201 77 75 than
1952 2201 84 75 from
2057 2201 57 75 the
2136 2201 138 75 marrow

1239 2247 105 75 which
1356 2247 26 75 it
1398 2247 156 75 contains.

1288 2294 96 75 From
1401 2294 56 75 the
1473 2294 137 75 internal
1633 2294 124 75 furface
1774 2294 40 75 of
1832 2294 56 75 the
1911 2294 135 75 internal
2072 2294 200 75 periofteum,

1240 2340 19 75 a
1270 2340 91 75 great
1377 2340 133 75 number
1526 2340 39 75 of
1578 2340 69 75 thin
1665 2340 196 75 membranes
1874 2340 53 75 are
1939 2340 162 75 produced
2116 2340 11 75 ;
2153 2340 119 75 which,

1239 2387 115 75 paffing
1370 2387 104 75 acrofs
1490 2387 56 75 the
1569 2387 120 75 cavity,
1713 2387 89 75 unite
1824 2387 79 75 with
1929 2387 110 75 others
2054 2387 40 75 of
2112 2387 56 75 the
2190 2387 83 75 fame

1239 2433 89 75 kind,
1354 2433 61 75 and
1440 2433 83 75 form
1550 2433 34 75 fo
1609 2433 95 75 many
1720 2433 124 75 diftindt
1859 2433 90 75 bags,
1975 2433 105 75 which
2098 2433 176 75 communi-

1240 2479 71 75 cate
1324 2479 79 75 with
1419 2479 78 75 each
1515 2479 115 75 other;
1657 2479 63 75 and
1736 2479 87 75 thefe
1835 2479 91 75 again
1941 2479 52 75 are
2005 2479 189 75 fubdivided
2205 2479 69 75 into

1239 2526 269 75 communicating
1529 2526 151 75 veficular
1705 2526 91 75 cells,
1821 2526 33 75 in
1880 2526 104 75 which
2009 2526 56 75 the
2088 2526 137 75 marrow
2246 2526 27 75 is

1240 2572 182 75 contained.

1287 2618 77 75 The
1375 2618 181 75 Marrow
1573 2618 27 75 is
1616 2618 57 75 the
1689 2618 67 75 oily
1771 2618 71 75 part
1860 2618 41 75 of
1912 2618 54 75 the
1982 2618 111 75 blood,
2112 2618 165 75 feparated

1240 2665 44 75 by
1300 2665 89 75 fmall
1415 2665 146 75 arteries,
1588 2665 63 75 and
1675 2665 165 75 depofited
1861 2665 34 75 in
1915 2665 85 75 thefe
2018 2665 89 75 cells.
2157 2665 46 75 Its
2220 2665 55 75 co-

1240 2710 71 75 lour
1328 2710 62 75 and
1407 2710 186 75 confidence
1610 2710 73 75 may
1699 2710 90 75 there
1794 2710 69 75 foie
1879 2710 80 75 vary
1976 2710 170 75 according
2169 2710 34 75 to
2219 2710 55 75 the

1241 2758 77 75 ftate
1342 2758 39 75 of
1401 2758 54 75 the
1471 2758 123 75 veffels,
1620 2758 63 75 and
1706 2758 84 75 their
1813 2758 200 75 diftribution
2039 2758 42 75 on
2103 2758 56 75 the
2175 2758 99 75 mem-

1241 2804 111 75 branes
1370 2804 40 75 of
1429 2804 55 75 the
1501 2804 91 75 cells.

1287 2847 129 75 Befides
1444 2847 55 75 the
1525 2847 130 75 arteries
1681 2847 131 75 already
1833 2847 183 75 mentioned
2040 2847 33 75 as
2089 2847 96 75 being
2207 2847 69 75 fent

1240 2897 84 75 from
1340 2897 56 75 the
1411 2897 99 75 bones
1527 2897 35 75 to
1579 2897 56 75 the
1651 2897 148 75 marrow,
1824 2897 142 75 there'is
1990 2897 33 75 at
2045 2897 76 75 lead
2142 2897 59 75 one
2225 2897 50 75 ar-

1240 2943 72 75 tery
1328 2943 52 75 for
1395 2943 79 75 each
1486 2943 103 75 bone;
1615 2943 119 75 feveral
1746 2943 99 75 bones
1858 2943 80 75 have
1950 2943 102 75 mere,
2069 2943 107 75 whole
2189 2943 85 75 prin-

1240 2989 82 75 cipal
1338 2989 54 75 ufe
1408 2989 27 75 is
1452 2989 34 75 to
1503 2989 124 75 convey
1643 2989 64 75 and
1721 2989 108 75 fecern
1841 2989 66 75 this
1922 2989 66 75 oily
2000 2989 131 75 matter.
2198 3032 75 75 The
