2477 3395
582 192 239 75 BUR

1148 192 14 75 (
1226 192 78 75 692
1365 192 17 75 )

1704 192 235 75 BUR

238 255 39 75 of
296 255 203 75 felf-murder
515 255 83 75 were
616 255 157 75 privately
788 255 162 75 depofited
966 255 33 75 in
1015 255 57 75 the
1087 255 137 75 ground,

238 301 137 75 without
388 301 55 75 the
460 301 198 75 accuftorned
675 301 205 75 folemnities.
915 301 130 75 Among
1058 301 55 75 the
1126 301 100 75 Jews,

240 349 54 75 the
311 349 152 75 privilege
480 349 39 75 of
533 349 100 75 burial
652 349 64 75 was
733 349 114 75 denied
867 349 76 75 only
961 349 35 75 to
1009 349 56 75 idt'
1065 349 162 75 -murder-

240 395 63 75 ers,
322 395 73 75 who
410 395 81 75 were
508 395 128 75 thrown
652 395 57 75 out
726 395 35 75 to
777 395 52 75 rot
845 395 84 75 upon
947 395 55 75 the
1019 395 137 75 ground.
1190 395 39 75 In

242 443 53 75 the
312 443 161 75 Chriftian
489 443 134 75 church,
647 443 123 75 though
789 443 84 75 good
890 443 70 75 men
978 443 119 75 always
1109 443 122 75 defired

240 489 55 75 the
313 489 152 75 privilege
477 489 39 75 of
528 489 182 75 interment,
736 489 31 75 y.
776 489 13 75 t
807 489 77 75 they
901 489 84 75 were
1003 489 68 75 not,
1097 489 64 75 like
1174 489 55 75 the

239 534 170 75 heathens,
435 534 34 75 fo
486 534 177 75 concerned
678 534 48 75 for
744 534 84 75 their
845 534 125 75 bodies,
997 534 33 75 as
1048 534 35 75 to
1100 534 93 75 think
1204 534 27 75 it

241 581 61 75 any
318 581 173 75 detriment
506 581 35 75 to
554 581 102 75 them,
681 581 30 75 if
722 581 103 75 either
842 581 54 75 the
908 581 164 75 barbarity
1089 581 39 75 of
1141 581 38 75 an
1196 581 30 75 e-

239 627 106 75 oemy,
361 627 36 75 or
408 627 85 75 fome
502 627 94 75 other
608 627 157 75 accident,
778 627 152 75 deprived
947 627 86 75 them
1043 627 40 75 of
1091 627 63 75 this
1167 627 46 75 pri
1221 627 9 75 -

238 674 118 75 vihge.
381 674 77 75 The
471 674 158 75 primitive
639 674 158 75 Chriftian
811 674 119 75 church
944 674 114 75 denied
1072 674 54 75 the
1142 674 89 75 more

239 721 121 75 fuiemn
377 721 76 75 rites
467 721 39 75 of
517 721 102 75 burial
637 721 76 75 only
726 721 34 75 to
781 721 194 75 unbaptized
992 721 140 75 perfons,
1157 721 72 75 felf-

242 767 191 75 inurderers,
448 767 59 75 and
520 767 302 75 excommunicated
834 767 126 75 perfons
974 767 73 75 who
1060 767 171 75 continued

243 813 153 75 obilinate
414 813 62 75 and
492 813 201 75 impenitent,
711 813 32 75 in
761 813 17 75 a
794 813 144 75 manifeit
950 813 162 75 contempt
1124 813 40 75 of
1176 813 54 75 the

245 859 147 75 church’s
410 859 158 75 cenfures.

287 907 76 75 The
380 907 88 75 place
485 907 40 75 of
539 907 103 75 burial
661 907 115 75 among
793 907 55 75 the
865 907 86 75 Jews
969 907 64 75 was
1051 907 94 75 never
1154 907 72 75 par-

243 953 148 75 ticularly
407 953 211 75 determined.
667 953 68 75 We
751 953 66 75 find
833 953 76 75 they
922 953 64 75 had
997 953 112 75 graves
1126 953 32 75 in
1174 953 56 75 the

244 1000 86 75 town
343 1000 61 75 and
416 1000 148 75 country,
582 1000 84 75 upon
685 1000 53 75 the
752 1000 178 75 highways,
949 1000 31 75 in
991 1000 149 75 gardens,
1166 1000 63 75 and

242 1047 85 75 upon
345 1047 189 75 mountains.
562 1047 131 75 Among
709 1047 55 75 the
777 1047 142 75 Greeks,
936 1047 55 75 the
1004 1047 132 75 temples
1146 1047 84 75 were

243 1093 91 75 made
353 1093 197 75 repofitories
568 1093 50 75 for
644 1093 54 75 the
714 1093 83 75 dead
820 1093 32 75 in
880 1093 55 75 the
952 1093 158 75 primitive
1127 1093 73 75 ages
1216 1093 9 75 ;

243 1140 55 75 yet
324 1140 55 75 the
407 1140 128 75 general
558 1140 119 75 cuftom
693 1140 32 75 in
741 1140 97 75 latter
853 1140 86 75 ages,
967 1140 76 75 with
1069 1140 101 75 them,
1196 1140 34 75 as

242 1188 73 75 well
337 1188 34 75 as
388 1188 77 75 with
483 1188 55 75 the
554 1188 144 75 Romans
723 1188 62 75 and
813 1188 94 75 other
934 1188 138 75 heathen
1091 1188 136 75 nations,

242 1234 64 75 was
323 1234 35 75 to
374 1234 81 75 bury
472 1234 85 75 their
572 1234 81 75 dead
672 1234 136 75 without
824 1234 84 75 their
924 1234 102 75 cities,
1052 1234 62 75 and
1127 1234 100 75 chief-

243 1279 33 75 ly
292 1279 43 75 by
356 1279 54 75 the
427 1279 178 75 highways.
648 1279 130 75 Among
793 1279 55 75 the
865 1279 158 75 primitive
1040 1279 187 75 Chriftians,

244 1326 136 75 burying
397 1326 33 75 in
447 1326 90 75 cities
567 1326 64 75 was
660 1326 57 75 not
745 1326 136 75 allowed
899 1326 51 75 for
967 1326 54 75 the
1046 1326 64 75 firft
1138 1326 91 75 three

243 1373 145 75 hundred
405 1373 104 75 years,
535 1373 58 75 nor
609 1373 32 75 in
659 1373 155 75 churches
831 1373 51 75 for
906 1373 96 75 many
1029 1373 73 75 ages
1131 1373 95 75 after,

243 1420 54 75 the
314 1420 82 75 dead
421 1420 110 75 bodies
562 1420 94 75 being
674 1420 64 75 firft:
753 1420 161 75 depofited
931 1420 31 75 in
980 1420 55 75 the
1051 1420 116 75 atrium
1191 1420 37 75 or

242 1465 119 75 church
380 1465 91 75 yard,
498 1465 62 75 and
579 1465 134 75 porches
731 1465 59 75 and
809 1465 139 75 porticos
966 1465 39 75 of
1017 1465 56 75 the
1085 1465 119 75 church
1217 1465 7 75 :

242 1511 186 75 hereditary
444 1511 258 75 burying-places
716 1511 83 75 were
816 1511 170 75 forbidden
1003 1511 49 75 till
1068 1511 55 75 the
1152 1511 78 75 12th

242 1559 145 75 century.
437 1559 47 75 As
498 1559 35 75 to
549 1559 56 75 the
621 1559 78 75 time
719 1559 40 75 of
771 1559 114 75 burial,
912 1559 78 75 with
1008 1559 43 75 all
1068 1559 55 75 the
1141 1559 87 75 cere-

241 1606 121 75 monies
390 1606 249 75 accompanying
662 1606 39 75 it,
736 1606 51 75 fee
811 1606 55 75 the
894 1606 111 75 article
1030 1606 199 75 Funeral-

247 1652 130 75 rites.

195 1699 197 75 BURICK,
418 1699 18 75 a
452 1699 87 75 town
562 1699 41 75 of
613 1699 55 75 the
685 1699 108 75 duchy
813 1699 39 75 of
865 1699 130 75 Cleves,
1013 1699 32 75 in
1061 1699 56 75 the
1133 1699 96 75 circle

243 1745 40 75 of
291 1745 200 75 Weftphalia
503 1745 32 75 in
547 1745 180 75 Germany,
745 1745 135 75 fituated
892 1745 41 75 on
947 1745 54 75 the
1014 1745 83 75 river
1109 1745 119 75 Rhine,

242 1790 98 75 about
357 1790 121 75 twenty
494 1790 90 75 miles
601 1790 94 75 fouth
714 1790 39 75 of
763 1790 120 75 Cleves
895 1790 9 75 :
940 1790 44 75 E.
1002 1790 89 75 long.
1118 1790 40 75 6°
1185 1790 43 75 s',

244 1840 46 75 N.
308 1840 58 75 lat.
388 1840 16 75 5
417 1840 7 75 1
436 1822 16 49 0
475 1840 68 75 35'.

197 1886 307 75 BURLESQUE,
532 1886 18 75 a
564 1886 115 75 fpecies
708 1886 40 75 of
767 1886 218 75 compofition,
1010 1886 118 75 which,
1161 1886 70 75 tho’

244 1932 18 75 a
280 1932 89 75 great
386 1932 111 75 engine
515 1932 40 75 of
565 1932 147 75 ridicule,
737 1932 27 75 is
782 1932 56 75 not
856 1932 145 75 confined
1017 1932 35 75 to
1068 1932 70 75 that
1159 1932 70 75 fub-

243 1978 86 75 jedt;
358 1978 51 75 for
425 1978 25 75 it
478 1978 26 75 is
531 1978 120 75 clearly
677 1978 255 75 diftinguifhable
964 1978 68 75 into
1060 1978 168 75 burlefque

247 2024 70 75 that
329 2024 122 75 excites
464 2024 146 75 laughter
619 2024 133 75 merely,
768 2024 62 75 and
846 2024 168 75 burlefque
1024 2024 73 75 that
1109 2024 122 75 excites

243 2070 134 75 derifion
392 2070 39 75 or
447 2070 145 75 ridicule.
640 2070 32 75 A
697 2070 95 75 grave
808 2070 131 75 fubjedt,
965 2070 32 75 in
1017 2070 104 75 which
1138 2070 91 75 there

243 2118 26 75 is
287 2118 42 75 no
345 2118 220 75 impropriety,
591 2118 74 75 may
681 2118 39 75 be
737 2118 140 75 brought
893 2118 94 75 down
1015 2118 44 75 by
1075 2118 19 75 a
1109 2118 120 75 certain

245 2162 166 75 colouring
428 2162 34 75 fo
480 2162 33 75 as
538 2162 36 75 to
601 2162 39 75 be
664 2162 116 75 rifible,
806 2162 33 75 as
863 2162 31 75 in
919 2162 107 75 Virgil
1042 2162 186 75 Traveftie;

246 2211 55 75 the
319 2211 115 75 author
450 2211 63 75 firft
529 2211 112 75 laughs
659 2211 32 75 at
715 2211 96 75 every
822 2211 87 75 turn,
926 2211 31 75 in
975 2211 95 75 order
1085 2211 36 75 to
1135 2211 7 75 '
1142 2211 90 75 make

248 2257 49 75 his
313 2257 128 75 readers
458 2257 110 75 laugh.
618 2257 76 75 The
710 2257 119 75 Lutrin
853 2257 26 75 is
907 2257 19 75 a
955 2257 167 75 burlefque
1139 2257 92 75 poem

246 2304 40 75 of
297 2304 55 75 the
369 2304 93 75 other
481 2304 77 75 fort,
585 2304 111 75 laying
709 2304 79 75 hold
808 2304 41 75 of
860 2304 18 75 a
894 2304 63 75 low
970 2304 61 75 and
1047 2304 120 75 trifling
1183 2304 47 75 in-

249 2349 107 75 cident
368 2349 34 75 to
414 2349 118 75 expofe
543 2349 57 75 the
612 2349 131 75 luxury,
757 2349 177 75 indolence,
953 2349 61 75 and
1031 2349 200 75 contentious

251 2396 88 75 fpirit
357 2396 39 75 of
409 2396 18 75 a
442 2396 45 75 fet
505 2396 40 75 c.f
564 2396 125 75 monks.
747 2396 149 75 Boileau,
921 2396 55 75 the
993 2396 127 75 author,
1142 2396 89 75 turns

247 2443 56 75 the
326 2443 118 75 fubjedf
475 2443 70 75 into
577 2443 133 75 ridicule
737 2443 45 75 by
812 2443 134 75 drefling
972 2443 26 75 it
1026 2443 31 75 in
1090 2443 56 75 the
1173 2443 56 75 he-

246 2489 69 75 roic
326 2489 97 75 ftyle;
450 2489 62 75 and
524 2489 148 75 affedting
687 2489 36 75 to
740 2489 140 75 confider
897 2489 25 75 it
944 2489 33 75 as
995 2489 39 75 of
1047 2489 54 75 the
1113 2489 116 75 utmoft

247 2534 125 75 dignity
384 2534 62 75 and
465 2534 208 75 importance.
697 2534 148 75 Though
864 2534 133 75 ridicule
1013 2534 27 75 is
1058 2534 53 75 the
1128 2534 103 75 poet’s

247 2582 77 75 aim,
349 2582 41 75 he
406 2582 118 75 always
541 2582 116 75 carries
679 2582 18 75 a
714 2582 96 75 grave
837 2582 83 75 face,
946 2582 61 75 and
1031 2582 96 75 never
1154 2582 79 75 once

247 2628 145 75 bewrays
405 2628 23 75 a
443 2628 100 75 fmile.
598 2628 77 75 The
691 2628 176 75 oppofition
883 2628 145 75 between
1045 2628 54 75 the
1115 2628 119 75 fubjedt

247 2674 65 75 and
335 2674 56 75 the
406 2674 132 75 manner
553 2674 40 75 of
602 2674 155 75 handling
773 2674 38 75 it,
836 2674 26 75 is
879 2674 87 75 what
993 2674 155 75 produces
1177 2674 56 75 the

248 2721 155 75 ridicule;
430 2721 62 75 and
509 2721 174 75 therefore,
701 2721 32 75 in
751 2721 19 75 a
780 2721 205 75 compofition
1005 2721 39 75 of
1062 2721 63 75 this
1142 2721 90 75 kind,

248 2769 43 75 no
308 2769 102 75 image
427 2769 193 75 profefledly
638 2769 160 75 ludicrous
821 2769 103 75 ought
941 2769 34 75 to
990 2769 82 75 have
1090 2769 143 75 quarter,

249 2813 131 75 becaufe
397 2813 74 75 fuch
488 2813 118 75 images
623 2813 126 75 deftroy
764 2813 57 75 the
838 2813 148 75 contraft.

298 2859 144 75 Though
455 2859 56 75 the
529 2859 167 75 burlefque
712 2859 71 75 that
803 2859 78 75 aims
897 2859 33 75 at
947 2859 144 75 ridicule,
1116 2859 118 75 produ-

248 2907 52 75 ces
316 2907 42 75 its
375 2907 108 75 effedts
499 2907 44 75 by
558 2907 159 75 elevating
732 2907 56 75 the
803 2907 78 75 ftyle
898 2907 48 75 far
963 2907 100 75 above
1080 2907 55 75 the
1159 2907 72 75 fub-

246 2953 76 75 jedt,
348 2953 54 75 yet
414 2953 56 75 the
487 2953 74 75 poet
573 2953 100 75 ought
685 2953 36 75 to
733 2953 122 75 confine
871 2953 131 75 himfelf
1012 2953 35 75 to
1063 2953 75 75 fuch
1155 2953 77 75 ima-

249 2999 54 75 ges
322 2999 32 75 as
379 2999 52 75 are
443 2999 108 75 lively,
577 2999 61 75 and
655 2999 121 75 readily
792 2999 234 75 apprehended.
1076 2999 31 75 A
1123 2999 108 75 ftrain-

248 3048 41 75 ed
312 3048 169 75 elevation,
506 3048 125 75 foaring
648 3048 101 75 above
765 3048 55 75 the
837 3048 151 75 ordinary
1004 3048 95 75 reach
1112 3048 40 75 of
1163 3048 70 75 fan-

1322 255 51 75 cy,
1400 255 107 75 makes
1528 255 56 75 not
1612 255 19 75 a
1662 255 140 75 pleafant
1834 255 187 75 impreflion.
2070 255 76 75 The
2172 255 86 75 mind
2285 255 27 75 is

1322 302 76 75 foon
1415 302 157 75 difgufted
1588 302 44 75 by
1648 302 94 75 being
1757 302 77 75 kept
1850 302 77 75 long
1943 302 41 75 on
2001 302 55 75 the
2081 302 130 75 ftretch.
2236 302 76 75 Ma-

1323 347 131 75 chinery
1471 347 73 75 may
1561 347 38 75 be
1616 347 169 75 employed
1802 347 32 75 in
1864 347 17 75 a
1901 347 170 75 burlefque
2099 347 106 75 poem,
2234 347 76 75 fuch

1323 396 33 75 as
1389 396 55 75 the
1476 396 132 75 Lutrin,
1633 396 56 75 the
1722 396 208 75 Difpenfary,
1966 396 37 75 or
2030 396 179 75 Hudibras,
2234 396 78 75 with

1325 441 87 75 more
1436 441 119 75 fuccefs
1584 441 62 75 and
1671 441 164 75 propriety
1861 441 78 75 than
1975 441 31 75 in
2035 441 61 75 any
2124 441 94 75 other
2244 441 68 75 fpe-

1322 488 62 75 cies
1413 488 39 75 of
1468 488 126 75 poetry.
1646 488 65 75 For
1740 488 167 75 burlefque
1937 488 120 75 poems,
2083 488 124 75 though
2235 488 78 75 they

1326 535 114 75 aflume
1452 535 55 75 the
1520 535 46 75 air
1579 535 39 75 of
1632 535 131 75 hiftory,
1789 535 72 75 give
1877 535 245 75 entertainment
2139 535 114 75 chiefly
2269 535 43 75 by

1325 580 83 75 their
1425 580 140 75 pleafant
1582 580 61 75 and
1661 580 160 75 ludicrous
1840 580 152 75 pidtures:
2020 580 31 75 It
2063 580 28 75 is
2103 580 56 75 not
2176 580 56 75 the
2250 580 62 75 aim

1325 627 38 75 of
1378 627 73 75 fuch
1471 627 16 75 a
1502 627 95 75 poem
1614 627 35 75 to
1667 627 77 75 raife
1761 627 188 75 fympathy;
1977 627 65 75 and
2063 627 52 75 for
2143 627 71 75 that
2243 627 68 75 rea-

1324 674 66 75 fon,
1418 674 18 75 a
1452 674 83 75 ftridi
1551 674 158 75 imitation
1726 674 41 75 of
1778 674 110 75 nature
1905 674 26 75 is
1949 674 55 75 not
2016 674 169 75 neceflary.
2235 674 78 75 And

1325 721 111 75 hence,
1462 721 55 75 the
1534 721 89 75 more
1640 721 209 75 extravagant
1867 721 54 75 the
1943 721 184 75 machinery
2143 721 32 75 in
2194 721 19 75 a
2227 721 84 75 ludi-

1326 767 91 75 crous
1436 767 104 75 poem,
1565 767 56 75 the
1642 767 88 75 more
1751 767 246 75 entertainment
2012 767 25 75 it
2058 767 133 75 affords.

1277 814 342 75 BURLINGTON,
1645 814 19 75 a
1690 814 142 75 fea-port
1859 814 86 75 town
1974 814 31 75 in
2023 814 54 75 the
2097 814 76 75 Eaft
2189 814 123 75 Riding

1325 860 38 75 of
1387 860 185 75 Yorklhire,
1605 860 133 75 fituated
1766 860 42 75 on
1832 860 55 75 the
1916 860 144 75 German
2077 860 110 75 ocean,
2214 860 98 75 about

1324 906 210 75 thirty-feven
1550 906 91 75 miles
1663 906 175 75 north-eaft
1855 906 41 75 of
1917 906 92 75 York
2023 906 9 75 :
2072 906 42 75 E.
2131 906 90 75 long,
2245 906 65 75 ic/,

1322 953 64 75 and
1404 953 45 75 N.
1468 953 58 75 lat.
1546 953 43 75 54
1589 935 19 49 0
1630 953 53 75 15'
1683 953 11 75 .

1372 998 30 75 It
1418 998 88 75 gives
1523 998 55 75 the
1603 998 71 75 title
1691 998 39 75 of
1748 998 65 75 earl
1838 998 35 75 to
1897 998 18 75 a
1942 998 119 75 branch
2079 998 40 75 of
2140 998 55 75 the
2215 998 96 75 noble

1322 1046 110 75 family
1449 1046 39 75 of
1499 1046 117 75 Boyle.

1276 1092 89 75 Nt-w
1393 1092 281 75 Burlington,
1711 1092 55 75 the
1794 1092 115 75 capital
1943 1092 39 75 of
2013 1092 223 75 New-Jerfey,
2277 1092 32 75 in

1323 1139 110 75 North
1450 1139 151 75 America
1614 1139 11 75 ;
1655 1139 135 75 fituated
1806 1139 32 75 in
1856 1139 38 75 an
1922 1139 98 75 ifland
2036 1139 40 75 of
2099 1139 152 75 Delawar
2268 1139 41 75 ri-

1322 1185 68 75 ver,
1420 1185 98 75 about
1534 1185 123 75 twenty
1674 1185 90 75 miles
1786 1185 95 75 north
1907 1185 41 75 of
1965 1185 223 75 Philadelphia
2200 1185 8 75 :
2246 1185 62 75 W.

1323 1232 88 75 long.
1432 1232 80 75 74°,
1536 1232 63 75 and
1614 1232 48 75 N.
1679 1232 59 75 lat.
1758 1232 65 75 40°
1843 1232 69 75 4c/.

1276 1278 313 75 BURMANNIA,
1623 1278 31 75 in
1678 1278 132 75 botany,
1836 1278 18 75 a
1881 1278 99 75 genus
2000 1278 41 75 of
2064 1278 53 75 the
2133 1278 178 75 bexandria

1322 1324 194 75 monogynia
1531 1324 91 75 clafs.
1669 1324 77 75 The
1770 1324 86 75 calix
1879 1324 28 75 is
1934 1324 113 75 fhaped
2071 1324 65 75 like
2153 1324 18 75 a
2198 1324 108 75 prifm,

1324 1370 151 75 coloured
1492 1370 61 75 and
1566 1370 130 75 divided
1723 1370 69 75 into
1809 1370 90 75 three
1914 1370 170 75 ferments,
2114 1370 76 75 with
2209 1370 98 75 mem-

1322 1416 192 75 branaceous
1532 1416 107 75 angles
1655 1416 10 75 ;
1691 1416 57 75 the
1775 1416 101 75 petals
1893 1416 53 75 are
1969 1416 91 75 three
2074 1416 11 75 ;
2111 1416 55 75 the
2184 1416 125 75 capfule

1323 1462 26 75 is
1367 1462 209 75 three-celled
1591 1462 9 75 ;
1631 1462 61 75 and
1709 1462 55 75 the
1775 1462 92 75 feeds
1885 1462 52 75 are
1953 1462 77 75 very
2047 1462 101 75 fmall.
2196 1462 113 75 There

1324 1510 53 75 are
1394 1510 76 75 only
1487 1510 64 75 two
1568 1510 130 75 fpecies,
1724 1510 81 75 none
1821 1510 40 75 of
1872 1510 86 75 them
1977 1510 120 75 natives
2111 1510 39 75 of
2169 1510 138 75 Britain.

1276 1557 148 75 BURN,
1450 1557 31 75 in
1506 1557 154 75 medicine
1677 1557 63 75 and
1767 1557 142 75 forgery,
1936 1557 38 75 an
1991 1557 107 75 injury
2114 1557 145 75 received
2275 1557 33 75 in

1323 1603 61 75 any
1400 1603 70 75 part
1488 1603 39 75 of
1548 1603 56 75 the
1632 1603 87 75 body
1735 1603 43 75 by
1798 1603 70 75 fire.
1918 1603 62 75 See
1996 1603 219 75 Medicine,
2246 1603 63 75 and

1324 1648 201 75 Surgery.

1273 1696 215 75 BURNET,
1507 1696 32 75 in
1555 1696 132 75 botany.
1737 1696 62 75 See
1815 1696 227 75 Poterium,
2060 1696 63 75 and
2140 1696 149 75 Sangui
2307 1696 5 75 •

1325 1742 133 75 SORBA.

1276 1789 259 75 BURNHAM,
1572 1789 18 75 a
1622 1789 227 75 market-town
1877 1789 41 75 of
1938 1789 157 75 Norfolk,
2133 1789 97 75 about
2264 1789 42 75 25;

1324 1835 88 75 miles
1429 1835 188 75 north-weft
1634 1835 39 75 of
1695 1835 156 75 Norwich
1868 1835 8 75 :
1914 1835 43 75 E.
1976 1835 88 75 long,
2084 1835 67 75 yo',
2179 1835 64 75 and
2258 1835 48 75 N,

1324 1880 56 75 lat.
1403 1880 39 75 53
1442 1862 21 49 0
1463 1880 14 75 .

1278 1928 240 75 BURNING,
1555 1928 56 75 the
1635 1928 102 75 aftion
1765 1928 40 75 of
1826 1928 57 75 fire
1910 1928 41 75 on
1979 1928 85 75 fome
2092 1928 161 75 pabulum,
2271 1928 37 75 or

1324 1974 79 75 fuel,
1428 1974 43 75 by
1488 1974 104 75 which
1610 1974 55 75 the
1682 1974 119 75 minute
1818 1974 87 75 parts
1922 1974 131 75 thereof
2065 1974 52 75 are
2134 1974 56 75 put
2206 1974 68 75 into
2290 1974 19 75 a

1324 2019 120 75 violent
1460 2019 135 75 motion,
1621 2019 61 75 and
1699 2019 86 75 fome
1801 2019 40 75 of
1852 2019 87 75 them
1957 2019 150 75 afluming
2123 2019 55 75 the
2195 2019 112 75 nature

1325 2066 38 75 of
1376 2066 55 75 fire
1447 2066 201 75 themfelves,
1672 2066 44 75 fly
1733 2066 52 75 off
1804 2066 35 75 in
1855 2066 117 75 orbem,
1997 2066 95 75 while
2108 2066 55 75 the
2179 2066 59 75 reft
2255 2066 52 75 are

1324 2112 162 75 diflipated
1512 2112 33 75 in
1572 2112 84 75 form
1683 2112 39 75 of
1745 2112 132 75 vapour,
1913 2112 38 75 or
1978 2112 140 75 reduced
2145 2112 35 75 to
2207 2112 100 75 afhes.

1327 2159 61 75 See
1405 2159 111 75 Fire.

1278 2205 197 75 Burning,
1502 2205 37 75 or
1556 2205 219 75 Brenning,
1800 2205 32 75 in
1849 2205 58 75 our
1924 2205 55 75 old
2003 2205 147 75 cuftoms,
2175 2205 133 75 denotes

1326 2251 39 75 an
1381 2251 167 75 infectious
1572 2251 129 75 difeafe,
1726 2251 58 75 got
1811 2251 31 75 in
1867 2251 55 75 the
1950 2251 89 75 ftews
2067 2251 44 75 by
2127 2251 181 75 converfing

1326 2298 78 75 with
1420 2298 84 75 lewd
1521 2298 136 75 women,
1682 2298 63 75 and
1771 2298 153 75 fuppofed
1942 2298 34 75 to
1992 2298 41 75 be
2059 2298 56 75 the
2132 2298 82 75 fame
2231 2298 78 75 with

1324 2345 87 75 what
1432 2345 49 75 we
1498 2345 72 75 now
1586 2345 62 75 call
1665 2345 55 75 the
1738 2345 143 75 venereal
1897 2345 129 75 difeafe.

1373 2391 38 75 In
1439 2391 18 75 a
1474 2391 190 75 manufcript
1680 2391 40 75 of
1742 2391 56 75 the
1825 2391 147 75 vocation
1997 2391 40 75 of
2059 2391 86 75 John
2168 2391 81 75 Bale
2273 2391 36 75 to

1324 2438 56 75 the
1397 2438 154 75 bifhopric
1567 2438 40 75 of
1619 2438 129 75 Offory,
1773 2438 127 75 written
1917 2438 42 75 by
1975 2438 137 75 himfelf,
2142 2438 40 75 he
2198 2438 110 75 fpeaks

1325 2484 39 75 of
1378 2484 64 75 Dr.
1462 2484 100 75 Hugh
1580 2484 148 75 Wefton,
1753 2484 74 75 who
1851 2484 63 75 was
1932 2484 80 75 dean
2029 2484 39 75 of
2083 2484 167 75 Windfor,
2276 2484 33 75 in

1330 2532 101 75 1556,
1467 2532 57 75 but
1548 2532 156 75 deprived
1729 2532 44 75 by
1797 2532 140 75 cardinal
1964 2532 80 75 Pole
2071 2532 51 75 for
2150 2532 159 75 adultery,

1325 2577 74 75 thus
1414 2577 9 75 :
1463 2577 24 75 “
1505 2577 48 75 At
1580 2577 64 75 this
1673 2577 62 75 day
1751 2577 27 75 is
1805 2577 186 75 leacherous
2018 2577 147 75 Wefton,
2194 2577 74 75 who
2285 2577 25 75 is

1325 2623 89 75 more
1430 2623 153 75 praftifed
1609 2623 32 75 in
1658 2623 55 75 the
1730 2623 65 75 arts
1811 2623 40 75 of
1871 2623 278 75 breech-burning,
2175 2623 76 75 than
2269 2623 41 75 all

1326 2670 54 75 the
1396 2670 124 75 whores
1537 2670 41 75 of
1599 2670 55 75 the
1670 2670 106 75 ftews.
1826 2670 53 75 He
1906 2670 57 75 not
1990 2670 77 75 long
2095 2670 60 75 ago
2183 2670 92 75 brent
2292 2670 19 75 a

1326 2715 117 75 beggar
1459 2715 41 75 of
1511 2715 52 75 St.
1581 2715 170 75 Botolph’s
1769 2715 138 75 parilh.”
1957 2715 60 75 See
2035 2715 143 75 Stews.

1278 2761 198 75 Burning,
1501 2761 32 75 in
1549 2761 174 75 antiquity,
1747 2761 19 75 a
1782 2761 71 75 way
1865 2761 40 75 of
1915 2761 154 75 difpofing
2086 2761 39 75 of
2144 2761 55 75 the
2216 2761 94 75 dead,

1326 2807 94 75 much
1449 2807 152 75 praftifed
1629 2807 43 75 by
1688 2807 54 75 the
1760 2807 123 75 ancient
1910 2807 128 75 Greeks
2066 2807 61 75 and
2154 2807 157 75 Romans,

1328 2854 61 75 and
1406 2854 60 75 ftill
1483 2854 143 75 retained
1653 2854 43 75 by
1711 2854 118 75 feveral
1845 2854 124 75 nations
1997 2854 33 75 in
2057 2854 80 75 both
2164 2854 56 75 the
2236 2854 77 75 Eaft

1329 2901 62 75 and
1409 2901 93 75 Weft
1519 2901 120 75 Indies.

1374 2946 182 75 Euftathius
1581 2946 109 75 afligns
1706 2946 66 75 two
1788 2946 124 75 reafons
1929 2946 75 75 why
2019 2946 137 75 burning
2173 2946 87 75 came
2276 2946 37 75 to

1327 2995 38 75 be
1383 2995 38 75 of
1439 2995 34 75 fo
1489 2995 127 75 general
1641 2995 53 75 ufe
1715 2995 32 75 in
1772 2995 151 75 Greece;
1949 2995 55 75 the
2027 2995 64 75 firft
2115 2995 40 75 is,
2180 2995 132 75 becaufe

1327 3042 110 75 bodies
1454 3042 83 75 were
1553 3042 140 75 thought
1710 3042 35 75 to
1761 3042 41 75 be
1818 3042 134 75 unclean
1969 3042 83 75 after
2069 3042 56 75 the
2144 3042 96 75 foul’s
2256 3042 55 75 de-

2168 3079 142 75 parture.
