2397 3387
626 161 246 75 BOM

1172 161 132 75 (58

233 231 398 75 BOMBARDMENT,
651 231 55 75 the
718 231 126 75 havock
856 231 187 75 committed
1059 231 31 75 in
1103 231 161 75 throwing

277 279 113 75 bombs
406 279 70 75 into
494 279 18 75 a
528 279 86 75 town
633 279 37 75 or
695 279 144 75 fortrefs.

229 326 293 75 BOMBARDO,
548 326 18 75 a
582 326 126 75 rnufical
733 326 187 75 inftrument
936 326 39 75 of
996 326 56 75 the
1068 326 87 75 wind
1171 326 91 75 kind,

277 373 94 75 much
389 373 56 75 the
473 373 84 75 fame
574 373 34 75 as
631 373 55 75 the
704 373 140 75 baffoon,
870 373 63 75 and
957 373 77 75 ufed
1051 373 34 75 as
1108 373 19 75 a
1142 373 69 75 bafs
1228 373 36 75 to

278 420 55 75 the
349 420 156 75 hautboy.

229 466 300 75 BOMBASINE,
555 466 18 75 a
589 466 91 75 name
698 466 93 75 given
807 466 36 75 to
861 466 67 75 two
944 466 82 75 forts
1039 466 39 75 of
1089 466 102 75 fluffs,
1209 466 55 75 the

277 513 60 75 one
349 513 40 75 of
401 513 69 75 filk,
497 513 62 75 and
576 513 54 75 the
647 513 94 75 other
758 513 132 75 croffed,
916 513 42 75 of
968 513 123 75 cotton.

325 559 190 75 Bombafine
526 559 40 75 of
577 559 57 75 filk
650 559 77 75 pays
741 559 85 75 duty
841 559 41 75 on
899 559 205 75 importation
1121 559 34 75 as
1172 559 93 75 other

278 606 125 75 foreign
419 606 86 75 filks.
556 606 63 75 See
645 606 108 75 Silk.
801 606 93 75 That
914 606 40 75 of
965 606 111 75 cotton
1094 606 76 75 pays
1186 606 79 75 each

277 654 99 75 piece,
390 654 56 75 not
456 654 176 75 exceeding
646 654 37 75 15
695 654 106 75 yards,
816 654 30 75 if
853 654 138 75 narrow,
1010 654 43 75 il.
1069 654 48 75 3s.
1132 654 131 75 i^^-d.

280 699 57 75 but
353 699 31 75 if
396 699 111 75 broad,
538 699 43 75 il.
600 699 50 75 6s.
674 699 154 75 ii-i^d.

231 747 247 75 BOMBAST,
504 747 31 75 in
553 747 220 75 compofition,
797 747 27 75 is
842 747 18 75 a
875 747 119 75 ferious
1011 747 192 75 endeavour,
1221 747 44 75 by

279 794 137 75 drained
431 794 203 75 defcription,
660 794 35 75 to
722 794 79 75 raife
818 794 19 75 a
851 794 65 75 low
932 794 37 75 or
985 794 139 75 familiar
1146 794 119 75 fubjedt

278 839 127 75 beyond
417 839 41 75 its
473 839 97 75 rank;
598 839 104 75 which
716 839 118 75 inftead
845 839 40 75 of
897 839 95 75 being
1007 839 145 75 fublime,
1169 839 96 75 never

280 886 72 75 fails
369 886 35 75 to
421 886 40 75 be
477 886 186 75 ridiculous.
712 886 77 75 The
815 886 99 75 mind,
939 886 33 75 in
989 886 85 75 fome
1091 886 174 75 animating

244 933 6 75 -
278 933 144 75 pafiions,
447 933 27 75 is
502 933 115 75 indeed
644 933 55 75 apt
716 933 34 75 to
768 933 142 75 magnify
926 933 42 75 its
996 933 119 75 objects
1137 933 128 75 beyond

279 979 123 75 natural
420 979 137 75 bounds.
594 979 66 75 But
677 979 75 75 fuch
765 979 217 75 hyperbolical
999 979 191 75 defeription
1207 979 58 75 has

277 1028 42 75 its
343 1028 110 75 limits,
480 1028 74 75 and,
580 1028 93 75 when
697 1028 123 75 carried
838 1028 128 75 beyond
998 1028 100 75 thefe,
1123 1028 26 75 it
1167 1028 97 75 dege-

279 1072 124 75 nerates
420 1072 69 75 into
506 1072 180 75 burlefque,
711 1072 35 75 as
763 1072 33 75 in
813 1072 54 75 the
884 1072 167 75 following
1069 1072 147 75 example
1231 1072 9 75 :

313 1119 20 75 ^
375 1119 154 75 Sejanus.

741 1119 108 75 Great
867 1119 61 75 and
941 1119 77 75 high

325 1166 77 75 The
420 1166 103 75 world
538 1166 112 75 knows
663 1166 75 75 only
754 1166 78 75 two,
855 1166 99 75 that’s
971 1166 106 75 Rome
1094 1166 62 75 and
1171 1166 30 75 I.

327 1214 65 75 My
409 1214 76 75 roof
497 1214 139 75 receives
653 1214 50 75 me
720 1214 80 75 not;
829 1214 51 75 ’tis
898 1214 47 75 air
961 1214 16 75 I
992 1214 106 75 tread,

327 1258 77 75 And
419 1258 32 75 at
466 1258 79 75 each
562 1258 64 75 ftep
643 1258 16 75 I
677 1258 63 75 feel
757 1258 55 75 my
829 1258 156 75 advanc’d
1001 1258 84 75 head

327 1305 118 75 Knock
464 1305 57 75 out
538 1305 19 75 a
569 1305 64 75 ffar
649 1305 32 75 in
697 1305 134 75 heaven.

753 1350 115 75 Sejan.
888 1350 82 75 Ben.
986 1350 153 75 Johnfon,
1158 1350 49 75 a£t
1229 1350 31 75 j.

282 1401 32 75 A
331 1401 109 75 writer
452 1401 75 75 who
543 1401 56 75 has
612 1401 42 75 no
670 1401 123 75 natural
811 1401 156 75 elevation
985 1401 40 75 of
1037 1401 109 75 genius
1164 1401 25 75 is
1207 1401 59 75 ex-

281 1446 135 75 tremely
433 1446 54 75 apt
503 1446 35 75 to
549 1446 127 75 deviate
691 1446 68 75 into
778 1446 142 75 bombaft
932 1446 8 75 :
969 1446 52 75 He
1039 1446 107 75 drains
1166 1446 101 75 above

281 1492 49 75 his
347 1492 123 75 genius,
496 1492 62 75 and
571 1492 55 75 the
637 1492 121 75 violent
775 1492 96 75 effort
888 1492 40 75 he
944 1492 108 75 makes
1068 1492 117 75 carries
1197 1492 69 75 him

282 1539 163 75 generally
461 1539 125 75 beyond
604 1539 54 75 the
675 1539 126 75 bounds
817 1539 40 75 of
869 1539 175 75 propriety.

235 1585 136 75 BOMB
378 1585 77 75 AX,
468 1585 38 75 or
514 1585 300 75 Cotton-tree,
827 1585 33 75 in
872 1585 132 75 botany,
1023 1585 18 75 a
1053 1585 98 75 genus
1164 1585 40 75 of
1209 1585 56 75 the

282 1631 226 75 monodelphia
524 1631 187 75 polyandria
727 1631 90 75 clafs.
866 1631 31 75 It
914 1631 57 75 has
991 1631 58 75 but
1066 1631 60 75 one
1143 1631 96 75 ftylus
1253 1631 11 75 ;

283 1679 54 75 the
354 1679 111 75 ffigma
490 1679 123 75 confifls
637 1679 40 75 of
696 1679 62 75 five
773 1679 112 75 lobes;
911 1679 56 75 the
983 1679 125 75 capfule
1132 1679 57 75 has
1206 1679 61 75 five

284 1724 98 75 cells;
409 1724 63 75 and
498 1724 57 75 the
581 1724 89 75 feeds
699 1724 53 75 are
779 1724 130 75 downy.
957 1724 113 75 There
1098 1724 55 75 are
1176 1724 91 75 three

283 1771 130 75 fpecies,
431 1771 69 75 viz.
525 1771 56 75 the
598 1771 222 75 pentandrum,
840 1771 56 75 the
912 1771 102 75 ceiba,
1039 1771 63 75 and
1117 1771 56 75 the
1189 1771 77 75 hep-

284 1817 191 75 taphyllum,
501 1817 43 75 all
561 1817 121 75 natives
695 1817 40 75 of
747 1817 54 75 the
818 1817 120 75 Indies.
977 1817 78 75 The
1072 1817 196 75 cotton-tree

284 1864 105 75 grows
418 1864 163 75 generally
600 1864 101 75 above
725 1864 45 75 60
787 1864 67 75 feet
877 1864 90 75 high,
993 1864 63 75 and
1072 1864 25 75 is
1127 1864 34 75 fo
1177 1864 91 75 thick

283 1910 71 75 that
381 1910 56 75 the
464 1910 131 75 Indians
611 1910 55 75 dig
689 1910 114 75 canoes
820 1910 105 75 which
954 1910 79 75 hold
1058 1910 119 75 feveral
1196 1910 72 75 men

285 1956 58 75 out
365 1956 39 75 of
417 1956 56 75 the
488 1956 107 75 whole
618 1956 108 75 wood.
773 1956 113 75 There
904 1956 53 75 are
973 1956 135 75 hollows
1125 1956 32 75 in
1174 1956 94 75 diffe-

285 2003 72 75 rent
373 2003 86 75 parts
479 2003 41 75 of
540 2003 55 75 the
612 2003 98 75 trunk
726 2003 105 75 which
847 2003 127 75 contain
991 2003 87 75 large
1094 2003 174 75 quantities

285 2051 41 75 of
338 2051 111 75 water,
474 2051 106 75 which
597 2051 26 75 is
636 2051 40 75 of
688 2051 89 75 great
793 2051 53 75 ufe
862 2051 35 75 to
910 2051 165 75 travellers
1093 2051 32 75 in
1138 2051 55 75 the
1209 2051 59 75 hot

284 2095 144 75 climates
445 2095 107 75 where
568 2095 91 75 there
675 2095 27 75 is
719 2095 90 75 often
826 2095 19 75 a
860 2095 135 75 fcarcity
1007 2095 39 75 of
1057 2095 112 75 water.
1203 2095 66 75 For

287 2142 55 75 the
359 2142 131 75 method
505 2142 40 75 of
556 2142 128 75 making
701 2142 122 75 cotton,
848 2142 51 75 fee
912 2142 183 75 Cotton.

239 2189 178 75 Bombax,
442 2189 33 75 in
490 2189 154 75 zoology,
670 2189 19 75 a
704 2189 162 75 fynonime
883 2189 40 75 of
934 2189 18 75 a
968 2189 116 75 fpecies
1101 2189 41 75 of
1153 2189 111 75 conus.

290 2235 60 75 See
367 2235 148 75 Conus.

334 2281 32 75 It
382 2281 27 75 is
427 2281 180 75 fometimes
622 2281 77 75 ufed
716 2281 50 75 for
789 2281 57 75 filk
863 2281 37 75 or
928 2281 122 75 cotton.
1099 2281 33 75 It
1148 2281 26 75 is
1191 2281 81 75 like-

287 2328 74 75 wife
379 2328 124 75 applied
517 2328 45 75 by
575 2328 151 75 Linnaeus
743 2328 35 75 to
794 2328 116 75 fignify
920 2328 75 75 fuch
1009 2328 114 75 infefts
1139 2328 35 75 as
1189 2328 83 75 have

288 2373 182 75 incumbent
486 2373 100 75 wings
603 2373 62 75 and
681 2373 114 75 feelers
812 2373 189 75 refembling
1016 2373 19 75 a
1046 2373 106 75 comb.

244 2420 216 75 BOMBAY,
486 2420 38 75 an
541 2420 99 75 ifland
656 2420 41 75 on
713 2420 56 75 the
785 2420 170 75 weftcoaft
973 2420 39 75 of
1024 2420 54 75 the
1094 2420 107 75 hither
1216 2420 55 75 pe-

290 2468 120 75 ninfula
424 2468 42 75 of
476 2468 105 75 India,
606 2468 135 75 fituated
757 2468 31 75 in
807 2468 41 75 72
848 2450 19 49 0
888 2468 52 75 20'
958 2468 44 75 E.
1020 2468 87 75 long,
1125 2468 63 75 and
1210 2468 61 75 18°

292 2519 45 75 30
337 2501 10 49 /
363 2519 49 75 N.
427 2519 13 75 I
442 2519 46 75 at.
535 2519 33 75 It
585 2519 26 75 is
628 2519 97 75 about
741 2519 93 75 feven
850 2519 91 75 miles
956 2519 79 75 long'
1035 2519 10 75 ,
1070 2519 61 75 and
1148 2519 124 75 twenty

290 2561 34 75 in
341 2561 247 75 circumference
602 2561 11 75 ;
638 2561 62 75 and
715 2561 27 75 is
760 2561 54 75 the
830 2561 153 75 property
999 2561 41 75 of
1050 2561 60 75 our
1126 2561 147 75 Eaft-In-

292 2608 53 75 dia
361 2608 168 75 company.

246 2653 334 75 BOMB-KETCH,
607 2653 18 75 a
641 2653 89 75 fmall
746 2653 93 75 veffel
864 2653 82 75 built
963 2653 63 75 and
1051 2653 224 75 flrengthened

294 2700 78 75 with
390 2700 87 75 large
492 2700 107 75 beams
616 2700 51 75 for
683 2700 55 75 the
753 2700 54 75 ufe
824 2700 40 75 of
875 2700 137 75 mortars
1029 2700 32 75 at
1077 2700 62 75 fea.

246 2747 214 75 BOMBUS,
485 2747 33 75 in
535 2747 167 75 medicine,
723 2747 23 75 a
761 2747 191 75 refounding
969 2747 62 75 and
1050 2747 125 75 ringing
1190 2747 86 75 noife

294 2794 32 75 in
342 2794 56 75 the
414 2794 67 75 ear.

246 2839 296 75 BOMBYL1US,
559 2839 32 75 in
608 2839 151 75 zoology,
775 2839 21 75 a
811 2839 99 75 genus
928 2839 39 75 of
978 2839 110 75 infedls
1104 2839 174 75 belonging

294 2887 35 75 to
345 2887 56 75 the
417 2887 96 75 order
525 2887 39 75 of
575 2887 135 75 diptera.
758 2887 76 75 The
851 2887 132 75 roftrum
1002 2887 26 75 is
1045 2887 89 75 long,
1152 2887 122 75 briftly,

294 2933 61 75 and
372 2933 168 75 bivalved;
565 2933 58 75 the
638 2933 123 75 briflles
777 2933 97 75 being
889 2933 88 75 fixed
992 2933 144 75 between
1148 2933 57 75 the
1216 2933 74 75 ho-'

295 2979 137 75 rizontal
450 2979 118 75 valves.
615 2979 113 75 There
744 2979 53 75 are
824 2979 52 75 are
902 2979 60 75 five
979 2979 129 75 fpecies,
1140 2979 71 75 viz.
1243 2979 29 75 1.

292 3025 77 75 The
385 3025 115 75 major,
524 3025 79 75 with
619 3025 94 75 black
729 3025 113 75 wings.
880 3025 34 75 2.
938 3025 78 75 The
1032 3025 136 75 medius,
1194 3025 80 75 with

1313 161 24 75 o
1396 161 18 75 )

1740 161 247 75 BOM

1359 232 19 75 a
1393 232 162 75 yellowifh
1570 232 101 75 body,
1696 232 100 75 white
1812 232 131 75 behind,
1967 232 62 75 and
2043 232 55 75 the
2107 232 99 75 wings
2215 232 129 75 fpotted

1360 278 76 75 with
1465 278 131 75 yellow.
1640 278 33 75 3.
1698 278 78 75 The
1792 278 115 75 minor,
1934 278 77 75 with
2034 278 171 75 unfpotted
2229 278 113 75 wings.

1362 325 33 75 4.
1420 325 77 75 The
1510 325 80 75 ater,
1607 325 57 75 has
1682 325 58 75 red
1756 325 114 75 wings,
1887 325 58 75 but
1958 325 18 75 a
1987 325 84 75 little
2087 325 139 75 blackifh
2244 325 33 75 at
2288 325 56 75 the

1360 372 93 75 bafe;
1480 372 61 75 and
1558 372 97 75 green
1673 372 77 75 feet.
1798 372 78 75 The
1893 372 100 75 above
2010 372 73 75 four
2100 372 53 75 are
2170 372 122 75 natives
2310 372 40 75 of

1360 418 143 75 Europe.
1564 418 32 75 j.
1626 418 77 75 The
1726 418 150 75 capenfis,
1902 418 78 75 with
2005 418 56 75 the
2089 418 100 75 wings
2217 418 128 75 fpotted

1360 464 78 75 with
1456 464 104 75 black,
1587 464 39 75 an
1650 464 220 75 a(h-co!oured
1895 464 99 75 body,
2019 464 63 75 and
2099 464 97 75 white
2212 464 131 75 behind.

1361 511 32 75 It
1410 511 25 75 is
1454 511 18 75 a
1484 511 106 75 native
1601 511 41 75 of
1653 511 55 75 the
1721 511 89 75 Cape
1823 511 39 75 of
1874 511 101 75 Good
1991 511 108 75 Hope.

1314 559 219 75 BOMENE,
1559 559 19 75 a
1593 559 177 75 port-town
1791 559 40 75 of
1844 559 133 75 Zeland,
2002 559 33 75 in
2052 559 55 75 the
2123 559 126 75 United
2264 559 80 75 Pro-

1359 604 119 75 vinces,
1503 604 135 75 fituated
1654 604 40 75 on
1712 604 56 75 the
1792 604 152 75 northern
1957 604 89 75 (hore
2067 604 40 75 of
2125 604 55 75 the
2196 604 97 75 ifland
2310 604 40 75 of

1361 650 160 75 Schouen,
1547 650 140 75 oppofite
1711 650 34 75 to
1774 650 56 75 the
1853 650 99 75 ifland
1975 650 39 75 of
2034 650 131 75 Goree;
2192 650 33 75 in
2242 650 21 75 4
2263 632 19 49 0
2299 650 45 75 E.

1360 697 87 75 long,
1466 697 62 75 and
1542 697 21 75 ^
1574 697 33 75 i°
1629 697 52 75 50'
1698 697 46 75 N.
1765 697 58 75 lat.

1313 744 227 75 BOMMEL,
1565 744 19 75 a
1600 744 86 75 town
1707 744 42 75 of
1760 744 115 75 Dutch
1890 744 236 75 Guelderland,
2152 744 133 75 fituated
2303 744 41 75 on

1360 791 55 75 the
1432 791 153 75 northern
1598 791 89 75 flrore
1699 791 40 75 of
1750 791 56 75 the
1822 791 84 75 river
1917 791 112 75 Waal,
2054 791 99 75 about
2169 791 74 75 four
2253 791 92 75 miles

1360 838 175 75 north-eaft
1555 838 40 75 of
1615 838 204 75 Nimeguen;
1845 838 32 75 in
1892 838 42 75 5®
1955 838 56 75 yc/
2027 838 44 75 E.
2088 838 90 75 long,
2197 838 62 75 and
2278 838 41 75 52
2319 820 24 49 0

1362 885 47 75 N.
1427 885 57 75 lat.

1314 931 257 75 BOMONICI,
1596 931 32 75 in
1645 931 142 75 Grecian
1803 931 174 75 antiquity,
2002 931 109 75 young
2132 931 73 75 men
2225 931 41 75 of
2276 931 68 75 La-

1360 977 174 75 cedaemon,
1562 977 73 75 who
1662 977 181 75 contended
1864 977 33 75 at
1922 977 55 75 the
2004 977 153 75 facriiices
2174 977 40 75 of
2237 977 108 75 Diana

1362 1023 104 75 which
1484 1023 39 75 of
1543 1023 88 75 them
1651 1023 64 75 was
1732 1023 71 75 able
1820 1023 35 75 to
1871 1023 120 75 endure
2008 1023 78 75 moft
2102 1023 98 75 laflies
2216 1023 10 75 ;
2252 1023 94 75 being

1363 1070 154 75 fcourged
1532 1070 112 75 before
1661 1070 54 75 the
1731 1070 80 75 altar
1828 1070 39 75 of
1877 1070 64 75 this
1959 1070 146 75 goddefs.

1314 1118 113 75 BON,
1453 1118 31 75 in
1502 1118 197 75 geography,
1718 1118 17 75 a
1752 1118 86 75 town
1851 1118 39 75 of
1902 1118 54 75 the
1967 1118 170 75 electorate
2150 1118 41 75 of
2202 1118 141 75 Cologo,

1361 1163 31 75 in
1405 1163 180 75 Germany,
1609 1163 135 75 fituated
1759 1163 42 75 on
1817 1163 56 75 the
1890 1163 131 75 weflern
2038 1163 90 75 fltore
2140 1163 39 75 of
2191 1163 55 75 the
2263 1163 84 75 river

1362 1210 119 75 Rhine,
1507 1210 97 75 about
1636 1210 38 75 12
1702 1210 92 75 miles
1821 1210 93 75 fouth
1938 1210 41 75 of
1997 1210 151 75 Cologn;
2182 1210 33 75 in
2245 1210 18 75 7
2263 1192 20 49 0
2300 1210 44 75 E.

1361 1256 89 75 long,
1469 1256 62 75 and
1550 1256 60 75 50°
1634 1256 53 75 35'
1704 1256 48 75 N.
1769 1256 59 75 lat.
1877 1256 32 75 It
1926 1256 26 75 is
1970 1256 17 75 a
2008 1256 88 75 final!
2114 1256 57 75 but
2187 1256 72 75 well
2277 1256 67 75 for-

1361 1302 87 75 tified
1465 1302 100 75 town,
1583 1302 63 75 and
1661 1302 56 75 has
1735 1302 17 75 a
1766 1302 61 75 fine
1844 1302 120 75 palace,
1981 1302 106 75 which
2103 1302 57 75 the
2176 1302 117 75 eledtor
2309 1302 42 75 of

1363 1349 128 75 Cologn
1507 1349 108 75 makes
1631 1349 50 75 his
1702 1349 87 75 ufual
1806 1349 168 75 refidence.

1314 1395 80 75 Bon
1414 1395 25 75 is
1458 1395 64 75 alfo
1539 1395 55 75 the
1610 1395 91 75 name
1717 1395 40 75 of
1767 1395 62 75 one
1845 1395 41 75 of
1904 1395 55 75 the
1976 1395 152 75 Molucca
2143 1395 126 75 iflands,
2294 1395 49 75 ly-

1362 1441 53 75 ing
1429 1441 73 75 weft
1514 1441 40 75 of
1566 1441 133 75 Coram.

1315 1489 146 75 BONA,
1486 1489 33 75 in
1545 1489 196 75 geography,
1766 1489 20 75 a
1800 1489 177 75 port-town
2001 1489 40 75 of
2060 1489 55 75 the
2140 1489 152 75 kingdom
2310 1489 39 75 of

1362 1535 142 75 Algiers,
1530 1535 31 75 in
1579 1535 122 75 Africa,
1727 1535 97 75 about
1842 1535 68 75 200
1926 1535 92 75 miles
2031 1535 62 75 eaft
2106 1535 39 75 of
2156 1535 56 75 the
2229 1535 65 75 city
2311 1535 39 75 of

1362 1581 149 75 Algiers;
1537 1581 32 75 in
1590 1581 42 75 8°
1650 1581 45 75 E,
1713 1581 89 75 long,
1819 1581 62 75 and
1900 1581 66 75 36°
1984 1581 47 75 N’.
2050 1581 58 75 lat.

1408 1628 112 75 There
1534 1628 25 75 is
1577 1628 64 75 alfo
1655 1628 21 75 a
1692 1628 77 75 cape
1786 1628 102 75 called
1905 1628 93 75 Bona
2021 1628 40 75 on
2081 1628 53 75 the
2150 1628 84 75 fame
2259 1628 84 75 coaft

1363 1673 34 75 to
1414 1673 55 75 the
1482 1673 168 75 eaftward,
1675 1673 110 75 almoft
1801 1673 140 75 oppofite
1956 1673 34 75 to
2008 1673 114 75 Sicily.

1316 1722 252 75 Bona-fides,
1593 1722 33 75 in
1642 1722 82 75 law:
1751 1722 112 75 When
1881 1722 18 75 a
1917 1722 111 75 perfon
2046 1722 155 75 performs
2219 1722 62 75 any
2292 1722 52 75 ac-

1363 1767 79 75 tion,
1469 1767 105 75 which
1591 1767 41 75 he
1648 1767 137 75 believes
1796 1767 34 75 at
1848 1767 54 75 the
1916 1767 75 75 time
2007 1767 35 75 to
2055 1767 39 75 be
2108 1767 63 75 juft
2187 1767 63 75 and
2265 1767 80 75 law-

1364 1813 59 75 ful,
1449 1813 40 75 he
1506 1813 26 75 is
1550 1813 66 75 faid
1632 1813 34 75 to
1682 1813 81 75 have
1779 1813 91 75 afted
1885 1813 80 75 bona
1973 1813 81 75 fide.

1315 1861 111 75 Bona
1445 1861 141 75 mobilia,
1612 1861 56 75 the
1677 1861 83 75 fame
1776 1861 79 75 with
1867 1861 164 75 moveable
2043 1861 100 75 goods
2156 1861 38 75 or
2206 1861 121 75 effects.

1315 1906 107 75 Bona
1440 1906 170 75 notabilia,
1636 1906 53 75 are
1705 1906 75 75 fuch
1797 1906 103 75 goods
1916 1906 34 75 as
1968 1906 19 75 a
2004 1906 109 75 perfon
2129 1906 98 75 dying
2244 1906 56 75 has
2311 1906 34 75 in

1360 1952 135 75 another
1511 1952 124 75 diocefe
1651 1952 78 75 than
1746 1952 71 75 that
1832 1952 138 75 wherein
1996 1952 41 75 he
2053 1952 81 75 dies,
2159 1952 186 75 amounting

1363 1998 35 75 to
1425 1998 55 75 the
1497 1998 91 75 value
1605 1998 40 75 of
1670 1998 53 75 yl.
1752 1998 33 75 at
1809 1998 96 75 leaft;
1932 1998 32 75 in
1982 1998 103 75 which
2113 1998 69 75 cafe
2206 1998 56 75 the
2280 1998 64 75 will

1362 2045 40 75 of
1429 2045 54 75 the
1511 2045 152 75 deceafed
1690 2045 80 75 muft
1799 2045 42 75 be
1869 2045 133 75 proved,
2033 2045 38 75 or
2095 2045 249 75 adminiftration

1363 2092 132 75 granted
1514 2092 31 75 in
1562 2092 55 75 the
1634 2092 93 75 court
1739 2092 40 75 of
1790 2092 54 75 the
1861 2092 186 75 archbilhop
2059 2092 40 75 of
2110 2092 55 75 the
2182 2092 162 75 province,

1364 2139 101 75 unlefs
1482 2139 43 75 by
1537 2139 218 75 compofition,
1780 2139 38 75 or
1833 2139 132 75 cuftom,
1990 2139 62 75 any
2061 2139 142 75 diocefes
2219 2139 53 75 are
2289 2139 55 75 au-

1364 2185 141 75 thorifed
1522 2185 34 75 to
1573 2185 42 75 do
1632 2185 37 75 it,
1694 2185 92 75 when
1803 2185 91 75 rated
1911 2185 33 75 at
1955 2185 18 75 a
1989 2185 127 75 greater
2130 2185 81 75 fum.

1317 2232 111 75 Bona
1442 2232 127 75 patria,
1595 2232 40 75 an
1651 2232 90 75 aflize
1754 2232 39 75 of
1810 2232 135 75 country
1965 2232 85 75 men,
2073 2232 38 75 or
2127 2232 85 75 good
2235 2232 110 75 neigh-

1363 2278 110 75 bours,
1498 2278 107 75 where
1628 2278 115 75 twelve
1765 2278 39 75 or
1828 2278 89 75 more
1933 2278 53 75 are
2009 2278 114 75 chofen
2150 2278 58 75 out
2233 2278 39 75 of
2290 2278 56 75 the

1365 2324 135 75 country
1515 2324 36 75 to
1575 2324 68 75 pafs
1660 2324 85 75 upon
1761 2324 39 75 an
1817 2324 103 75 aflize,
1946 2324 94 75 being
2056 2324 105 75 fworn
2174 2324 170 75 judicially

1365 2371 32 75 in
1413 2371 55 75 the
1485 2371 145 75 prefence
1646 2371 39 75 of
1696 2371 56 75 the
1769 2371 105 75 party.

1319 2418 125 75 Bona,
1470 2418 31 75 in
1519 2418 196 75 geography,
1741 2418 19 75 a
1776 2418 77 75 cape
1872 2418 41 75 of
1923 2418 129 75 Africa,
2078 2418 75 75 near
2168 2418 120 75 Tunis,
2312 2418 32 75 in

1367 2464 54 75 the
1438 2464 261 75 Mediterranean
1715 2464 64 75 fea.

1319 2510 232 75 BONAIRE,
1577 2510 37 75 an
1631 2510 97 75 ifland
1744 2510 75 75 near
1834 2510 57 75 the
1908 2510 84 75 coaft
2004 2510 40 75 of
2053 2510 107 75 Terra
2176 2510 119 75 Firma,
2313 2510 32 75 in

1368 2556 104 75 South
1485 2556 162 75 America,
1671 2556 84 75 fitua'
1755 2556 51 75 ted
1820 2556 33 75 in
1870 2556 66 75 67°
1950 2556 61 75 W.
2029 2556 87 75 long,
2136 2556 61 75 and
2220 2556 36 75 12
2256 2538 19 49 0
2292 2556 54 75 30'

1367 2604 45 75 N.
1432 2604 57 75 lat.
1538 2604 33 75 It
1598 2604 27 75 is
1641 2604 120 75 fubjeft
1776 2604 36 75 to
1828 2604 55 75 the
1901 2604 126 75 Dutch,
2053 2604 74 75 who
2143 2604 103 75 traffic
2262 2604 83 75 from

1367 2648 114 75 thence
1497 2648 79 75 with
1593 2648 55 75 the
1665 2648 257 75 Caracao-coaft.

1318 2695 287 75 BONAROTA,
1630 2695 32 75 in
1679 2695 133 75 botany,
1836 2695 56 75 the
1907 2695 106 75 trivial
2032 2695 92 75 name
2141 2695 40 75 of
2198 2695 20 75 a
2228 2695 116 75 fpecies

1369 2742 38 75 of
1419 2742 174 75 pa-derota.
1642 2742 62 75 See
1720 2742 240 75 Pjederota.

1322 2788 254 75 BONASIUS,
1601 2788 198 75 in-zoology,
1824 2788 54 75 the
1895 2788 108 75 trivial
2025 2788 91 75 name
2132 2788 40 75 of
2192 2788 18 75 a
2225 2788 118 75 fpecies

1378 2834 39 75 of
1429 2834 70 75 bos.
1550 2834 63 75 See
1631 2834 92 75 Bos.

1322 2880 388 75 BONAVENTURA,
1746 2880 20 75 a
1788 2880 142 75 fea-port
1955 2880 87 75 town
2070 2880 32 75 in
2130 2880 149 75 Popayan
2311 2880 31 75 in

1371 2926 102 75 South
1487 2926 162 75 America,
1672 2926 86 75 upon
1774 2926 56 75 the
1840 2926 104 75 South
1961 2926 61 75 fea.

1321 2972 293 75 BONAVISTA,
1641 2972 60 75 one
1721 2972 39 75 of
1772 2972 54 75 the
1846 2972 88 75 Cape
1958 2972 91 75 Verd
2070 2972 131 75 Iflands,
2226 2972 117 75 fubjeiff

1369 3021 33 75 to
1418 3021 176 75 Portugal:
1621 3021 32 75 in
1667 3021 61 75 23°
1740 3021 61 75 W.
1817 3021 88 75 long,
1924 3021 62 75 and
2006 3021 41 75 16
2047 3003 21 49 0
2089 3021 66 75 3c'.
2173 3021 47 75 N.
2238 3021 57 75 lat.

2195 3064 146 75 BOND,
2377 3064 7 75 ‘
