2396 3377
529 180 242 75 ANA

1084 180 19 75 (
1167 180 80 75 144
1302 180 20 75 )

1646 180 243 75 ANA

201 248 89 75 rope.
340 248 57 75 27.
420 248 78 75 The
514 248 234 75 querquedula,
773 248 37 75 or
826 248 65 75 firft
915 248 63 75 teal
1002 248 40 75 of
1060 248 122 75 Aldro-

200 294 134 75 vandus,
358 294 58 75 has
434 294 18 75 a
467 294 97 75 green
580 294 71 75 fpot
673 294 42 75 on
739 294 56 75 the
820 294 114 75 wings,
960 294 63 75 and
1046 294 19 75 a
1089 294 98 75 white

200 342 65 75 line
281 342 100 75 above
398 342 54 75 the
470 342 87 75 eyes.
605 342 33 75 It
660 342 167 75 frequents
850 342 55 75 the
921 342 83 75 frefh
1021 342 115 75 waters
1152 342 41 75 of

199 387 145 75 Europe.
395 387 55 75 28.
480 387 78 75 Tiie
583 387 121 75 crecca,
737 387 37 75 or
798 387 148 75 common
969 387 78 75 teal,
1079 387 57 75 has
1171 387 19 75 a

201 433 98 75 green
315 433 70 75 fpot
401 433 43 75 on
460 433 56 75 the
532 433 114 75 wings,
671 433 63 75 and
750 433 19 75 a
790 433 98 75 white
904 433 64 75 line
985 433 81 75 both
1088 433 101 75 above

201 480 62 75 and
279 480 105 75 below
404 480 56 75 the
476 480 87 75 eyes.
612 480 33 75 It
660 480 168 75 frequents
853 480 55 75 the
925 480 82 75 freih
1023 480 114 75 waters
1154 480 41 75 of

199 526 145 75 Europe.
392 526 86 75 This
494 526 118 75 fpecies
628 526 27 75 is
672 526 35 75 to
723 526 40 75 be
780 526 66 75 met
864 526 79 75 with
966 526 33 75 in
1016 526 173 75 Dudding-

199 572 174 75 Iton-loch,
398 572 19 75 a
432 572 201 75 freih-water
648 572 86 75 lake,
760 572 113 75 within
890 572 18 75 a
930 572 75 75 mile
1027 572 40 75 of
1085 572 104 75 Edin-

199 619 116 75 burgh.
368 619 56 75 29.
448 619 78 75 The
552 619 195 75 hiftrionica,
772 619 37 75 or
833 619 245 75 duiky-fpotted
1104 619 86 75 duck

200 666 40 75 of
258 666 173 75 Edwards,
455 666 29 75 is
512 666 40 75 of
570 666 19 75 a
613 666 111 75 brown
750 666 125 75 colour,
900 666 184 75 variegated
1110 666 79 75 with

198 711 99 75 white
314 711 62 75 and
392 711 96 75 blue;
515 711 57 75 has
598 711 20 75 a
643 711 118 75 double
787 711 65 75 line
880 711 42 75 on
949 711 57 75 the
1029 711 69 75 ears
1127 711 63 75 and

198 758 135 75 temples
345 758 11 75 ;
383 758 57 75 the
469 758 101 75 collar
596 758 28 75 is
650 758 111 75 white,
786 758 64 75 and
877 758 90 75 there
994 758 26 75 is
1048 758 19 75 a
1090 758 99 75 white

199 805 104 75 ftreak
334 805 42 75 on
408 805 57 75 the
496 805 94 75 neck.
654 805 34 75 It
714 805 27 75 is
769 805 20 75 a
819 805 107 75 native
957 805 40 75 of
1025 805 164 75 America.

202 853 58 75 90.
284 853 77 75 The
385 853 135 75 minuta,
545 853 39 75 or
607 853 85 75 little
716 853 111 75 brown
853 853 63 75 and
939 853 99 75 white
1054 853 85 75 duck
1155 853 40 75 of

199 897 173 75 Edwards,
398 897 27 75 is
438 897 40 75 of
498 897 17 75 a
531 897 124 75 greyifli
672 897 125 75 colour,
822 897 79 75 wl!h
914 897 98 75 white
1028 897 83 75 ears,
1128 897 64 75 and

199 944 55 75 the
271 944 101 75 prime
376 944 152 75 leathers
545 944 42 75 of
605 944 56 75 the
686 944 100 75 wings
807 944 152 75 blackifll.
1008 944 33 75 It
1057 944 26 75 is
1100 944 20 75 a
1135 944 55 75 na-

199 991 65 75 tive
280 991 40 75 of
340 991 144 75 Canada.
536 991 57 75 31.
617 991 78 75 The
720 991 107 75 circia,
852 991 39 75 or
915 991 217 75 fummer-teal
1155 991 41 75 of

200 1038 89 75 Ray,
312 1038 80 75 with
415 1038 57 75 the
496 1038 101 75 wings
620 1038 184 75 variegated
830 1038 81 75 with
935 1038 97 75 white
1048 1038 98 75 fpots,
1173 1038 19 75 a

197 1084 99 75 white
312 1084 64 75 line
392 1084 100 75 above
509 1084 55 75 the
577 1084 88 75 eyes,
690 1084 63 75 and
769 1084 55 75 the
840 1084 83 75 beak
936 1084 62 75 and
1010 1084 65 75 feet
1092 1084 40 75 of
1151 1084 39 75 an

199 1130 194 75 alh-colour.
442 1130 33 75 It
490 1130 167 75 frequents
682 1130 55 75 the
760 1130 89 75 lakes
878 1130 40 75 of
937 1130 143 75 Europe.
1133 1130 55 75 32.

196 1177 78 75 The
292 1177 205 75 autumnalis,
522 1177 38 75 or
577 1177 174 75 red-billed
768 1177 160 75 whirling
952 1177 86 75 duck
1061 1177 41 75 of
1120 1177 69 75 Ed-

195 1224 118 75 wards,
339 1224 27 75 is
384 1224 39 75 of
442 1224 19 75 a
477 1224 79 75 grey
572 1224 124 75 colour,
722 1224 79 75 with
814 1224 55 75 the
882 1224 99 75 prime
997 1224 140 75 feathers
1155 1224 40 75 of

195 1271 57 75 the
274 1271 116 75 wings,
416 1271 56 75 the
497 1271 70 75 tail,
593 1271 62 75 and
665 1271 90 75 belly
771 1271 116 75 black;
914 1271 63 75 and
994 1271 55 75 the
1066 1271 73 75 area
1155 1271 41 75 of

197 1317 55 75 the
268 1317 103 75 wings
389 1317 119 75 yellow
524 1317 63 75 and
603 1317 112 75 white.
765 1317 30 75 It
812 1317 33 75 is
858 1317 18 75 a
900 1317 106 75 native
1030 1317 40 75 of
1088 1317 101 75 Artie-

197 1364 79 75 rica,
340 1364 56 75 33.
429 1364 77 75 The
533 1364 146 75 bofchas,
712 1364 38 75 or
771 1364 151 75 common
948 1364 179 75 wild-duck
1155 1364 41 75 of

198 1410 96 75 Ray;
320 1410 57 75 the
398 1410 223 75 intermediate
637 1410 213 75 tail-feathers
876 1410 40 75 of
934 1410 56 75 the
1014 1410 99 75 drake
1136 1410 53 75 are

197 1457 117 75 turned
329 1457 183 75 backward,
538 1457 63 75 and
617 1457 55 75 the
688 1457 56 75 bill
762 1457 26 75 is
813 1457 101 75 llrait.
964 1457 33 75 It
1020 1457 167 75 frequents

197 1503 56 75 the
268 1503 90 75 lakes
374 1503 40 75 of
431 1503 146 75 Europe.
625 1503 86 75 This
723 1503 86 75 duck
819 1503 90 75 feeds
921 1503 86 75 upon
1023 1503 90 75 frogs
1126 1503 64 75 and

197 1550 120 75 feveral
333 1550 81 75 forts
432 1550 39 75 of
490 1550 251 75 infedls.â€”The
753 1550 78 75 wild
846 1550 85 75 duck
943 1550 105 75 builds
1064 1550 41 75 its
1122 1550 66 75 nelt

197 1596 117 75 among
327 1596 107 75 ruihes
446 1596 37 75 or
498 1596 111 75 heath,
634 1596 77 75 near
726 1596 55 75 the
798 1596 113 75 water,
936 1596 62 75 and
1009 1596 70 75 lays
1096 1596 40 75 12
1151 1596 38 75 or

199 1645 43 75 14
259 1645 90 75 eggs;.
401 1645 49 75 At
474 1645 266 75 moulting-time,
764 1645 93 75 when
884 1645 80 75 they
988 1645 116 75 cannot
1128 1645 57 75 fly,

196 1689 91 75 great
312 1689 148 75 numbers
484 1689 40 75 of
544 1689 86 75 them
656 1689 52 75 are
732 1689 95 75 taken
853 1689 79 75 with
958 1689 83 75 nets.
1090 1689 97 75 Birds

195 1737 82 75 with
293 1737 55 75 flat
363 1737 88 75 bills,
477 1737 71 75 that
570 1737 67 75 And
653 1737 85 75 their
759 1737 80 75 food
867 1737 44 75 by
933 1737 147 75 groping,
1106 1737 81 75 have

196 1783 93 75 three
304 1783 70 75 pair
390 1783 39 75 of
448 1783 112 75 nerves
583 1783 72 75 that
680 1783 121 75 extend
823 1783 36 75 to
882 1783 55 75 the
960 1783 62 75 end
1045 1783 44 75 of.
1104 1783 84 75 their

196 1830 97 75 btlls:
321 1830 87 75 thefe
425 1830 112 75 nerves
554 1830 54 75 are
625 1830 203 75 remarkably
851 1830 207 75 confpicuous
1081 1830 33 75 in
1131 1830 56 75 the

192 1876 85 75 head
290 1876 77 75 'and
390 1876 58 75 bill
472 1876 40 75 of
530 1876 57 75 the
615 1876 196 75 wild-duck;
839 1876 63 75 and
918 1876 54 75 are
987 1876 107 75 larger
1109 1876 78 75 than

193 1923 95 75 thofe
301 1923 39 75 of
353 1923 19 75 a
382 1923 108 75 goofe,
508 1923 36 75 or
557 1923 63 75 any
632 1923 93 75 other
741 1923 73 75 bird
825 1923 55 75 yet
896 1923 117 75 known
1025 1923 8 75 :
1060 1923 85 75 This
1159 1923 27 75 is

192 1969 58 75 the
262 1969 108 75 reafon
383 1969 78 75 they
472 1969 99 75 grope
583 1969 52 75 for
647 1969 80 75 food
738 1969 89 75 more
837 1969 78 75 than
931 1969 62 75 any
1009 1969 93 75 other
1114 1969 73 75 bird

194 2018 283 75 whatever.â€”34.
502 2018 77 75 The
597 2018 135 75 adunca,
756 2018 38 75 or
809 2018 204 75 hook-billed
1032 2018 151 75 doraeftic

198 2062 85 75 duck
295 2062 41 75 of
346 2062 87 75 Ray,
451 2062 57 75 has
526 2062 56 75 the
591 2062 83 75 fame
688 2062 176 75 characters
874 2062 77 75 with
968 2062 55 75 the
1039 2062 145 75 bofchas,

196 2110 172 75 excepting
377 2110 71 75 that
457 2110 56 75 the
523 2110 56 75 bill
589 2110 25 75 is
625 2110 154 75 croaked.
810 2110 16 75 3
834 2110 33 75 5.
879 2110 77 75 The
967 2110 217 75 galericulata,

196 2154 35 75 or
250 2154 138 75 Chinefe
403 2154 67 75 teal
485 2154 40 75 of
536 2154 173 75 Edwards,
733 2154 58 75 has
809 2154 18 75 a
840 2154 142 75 hatfging
998 2154 98 75 creft;
1123 2154 63 75 and

196 2201 41 75 on
252 2201 53 75 the
322 2201 113 75 hinder
447 2201 71 75 part
537 2201 40 75 of
588 2201 55 75 the
659 2201 94 75 back,
778 2201 41 75 on
836 2201 81 75 both
933 2201 93 75 fides,
1051 2201 90 75 there
1157 2201 27 75 is

196 2247 16 75 a
224 2247 153 75 crooked,
395 2247 69 75 flat,
482 2247 146 75 elevated
639 2247 147 75 feather;
805 2247 55 75 the
872 2247 79 75 creft
968 2247 25 75 is
1010 2247 95 75 green
1124 2247 62 75 and

195 2294 80 75 red;
302 2294 62 75 and
380 2294 56 75 the
452 2294 84 75 back
552 2294 27 75 is
600 2294 130 75 brown,
755 2294 62 75 and
832 2294 128 75 fpotted
982 2294 79 75 with
1086 2294 97 75 blue;

196 2340 56 75 the
269 2340 83 75 erect
367 2340 142 75 feathers
526 2340 41 75 on
584 2340 55 75 the
656 2340 82 75 back
755 2340 54 75 are
831 2340 60 75 red
906 2340 62 75 and
985 2340 113 75 blunt;
1125 2340 61 75 one

196 2386 81 75 edge
289 2386 41 75 of
348 2386 56 75 the
424 2386 112 75 inmort
560 2386 242 75 wing-feather,
825 2386 93 75 when
935 2386 55 75 the
1006 2386 101 75 wings
1131 2386 54 75 are

197 2431 83 75 ilrut,
305 2431 27 75 is
350 2431 99 75 raifed
466 2431 79 75 over
560 2431 56 75 the
639 2431 96 75 back,
761 2431 64 75 and
843 2431 26 75 is
896 2431 68 75 red,
991 2431 63 75 and
1076 2431 65 75 like
1166 2431 20 75 a

197 2479 94 75 flekle
319 2479 122 75 before.
491 2479 31 75 It
548 2479 26 75 is
603 2479 19 75 a
645 2479 106 75 native
779 2479 41 75 of
847 2479 117 75 China.
1026 2479 57 75 36.
1107 2479 78 75 The

194 2524 121 75 fpsofa,
342 2524 37 75 or
398 2524 239 75 fummer-duck
653 2524 42 75 of
713 2524 151 75 Catefby,
888 2524 59 75 has
971 2524 19 75 a
1006 2524 179 75 depending

195 2571 98 75 green
309 2571 91 75 creft,
426 2571 183 75 variegated
624 2571 80 75 with
720 2571 75 75 blue
807 2571 62 75 and
885 2571 98 75 white
995 2571 8 75 ;
1030 2571 56 75 the
1102 2571 83 75 back

196 2618 179 75 islikewife
391 2618 185 75 variegated
592 2618 79 75 with
688 2618 77 75 blue
779 2618 62 75 and
865 2618 119 75 white;
1011 2618 55 75 the
1082 2618 101 75 breafi

194 2664 26 75 is
249 2664 91 75 grey,
366 2664 63 75 and
451 2664 126 75 fpotted
600 2664 79 75 with
706 2664 120 75 white;
854 2664 63 75 and
940 2664 55 75 the
1020 2664 108 75 throat
1155 2664 27 75 is

194 2710 112 75 white.
355 2710 32 75 It
407 2710 28 75 is
462 2710 18 75 a
497 2710 104 75 native
617 2710 41 75 of
675 2710 48 75 N.
743 2710 162 75 America.
955 2710 58 75 37.
1038 2710 77 75 The
1132 2710 50 75 ar-

194 2756 111 75 borea,
330 2756 37 75 or
384 2756 210 75 black-billed
615 2756 260 75 whiflling-duck
899 2756 41 75 of
958 2756 171 75 Edwards,
1154 2756 29 75 is

194 2802 40 75 of
254 2802 18 75 a
284 2802 124 75 reddifli
424 2802 59 75 bro
491 2802 44 75 wn
553 2802 124 75 colour,
702 2802 80 75 with
804 2802 18 75 a
838 2802 65 75 fort
915 2802 41 75 of
973 2802 79 75 crefl
1069 2802 42 75 on
1127 2802 55 75 the

194 2849 103 75 head;
324 2849 55 75 the
395 2849 87 75 belly
505 2849 27 75 is
550 2849 126 75 fpotted
699 2849 78 75 with
794 2849 95 75 black
912 2849 62 75 and
990 2849 109 75 white.
1149 2849 32 75 It

195 2894 27 75 is
236 2894 17 75 a
271 2894 105 75 native
393 2894 41 75 of
443 2894 165 75 America.
659 2894 117 75 Sloane
793 2894 134 75 informs
944 2894 50 75 us,
1021 2894 70 75 that
1115 2894 66 75 this

194 2941 86 75 duck
292 2941 131 75 perches
436 2941 40 75 on
491 2941 104 75 trees;
622 2941 70 75 that
708 2941 25 75 it
750 2941 26 75 is
789 2941 98 75 about
906 2941 44 75 20
964 2941 109 75 inches
1089 2941 89 75 long,

194 2987 85 75 from
296 2987 54 75 the
366 2987 63 75 end
444 2987 41 75 of
503 2987 55 75 the
569 2987 59 75 bill
646 2987 34 75 to
695 2987 56 75 the
767 2987 90 75 point
873 2987 40 75 of
931 2987 54 75 the
1004 2987 78 75 tail;
1109 2987 72 75 that

195 3033 28 75 it
239 3033 107 75 makes
372 3033 19 75 a
413 3033 79 75 kind
516 3033 40 75 of
574 3033 158 75 whUilfng
755 3033 98 75 noife,
878 3033 86 75 from
986 3033 106 75 which
1117 3033 61 75 cir-

1280 244 175 75 cumflance
1471 244 25 75 it
1507 244 57 75 has
1582 244 147 75 received
1744 244 40 75 its
1801 244 105 75 name.
1937 244 61 75 See
2014 244 86 75 plate
2115 244 83 75 XII.
2212 244 55 75 fig.

1284 291 33 75 3.
1368 291 57 75 38.
1450 291 77 75 The
1550 291 146 75 fuligula,
1722 291 37 75 or
1775 291 209 75 tufted-duck
2007 291 41 75 of
2064 291 87 75 Ray,
2177 291 56 75 has
2252 291 18 75 a

1284 337 139 75 hanging
1447 337 91 75 crefl:,
1568 337 20 75 a
1611 337 93 75 black
1720 337 101 75 body,
1850 337 61 75 and
1936 337 55 75 the
2007 337 101 75 wings
2124 337 63 75 and
2202 337 66 75 bel-

1284 384 35 75 ly
1333 384 127 75 fpotted
1476 384 80 75 with
1573 384 109 75 white.
1725 384 30 75 It
1767 384 25 75 is
1810 384 19 75 a
1845 384 105 75 native
1967 384 40 75 of
2016 384 144 75 Europe.
2192 384 79 75 The

1284 431 82 75 male
1382 431 40 75 of
1440 431 65 75 this
1529 431 118 75 fpecies
1670 431 177 75 difappears
1873 431 116 75 during
2011 431 56 75 the
2086 431 186 75 incubation

1285 477 40 75 of
1341 477 55 75 the
1411 477 129 75 female.

1238 523 105 75 Anas
1362 523 197 75 eampejiris,
1584 523 32 75 in
1633 523 219 75 ornithology.
1902 523 263 75 SccTetrao.

1238 572 309 75 ANASCAPTA,
1573 572 116 75 among
1705 572 186 75 phyficians.
1942 572 61 75 See
2020 572 98 75 Ana.

1237 618 278 75 ANASARCA,
1556 618 33 75 in
1617 618 167 75 medicine,
1820 618 19 75 a
1869 618 118 75 fpecies
2015 618 40 75 of
2073 618 129 75 dropfy,
2238 618 33 75 in

1286 664 104 75 which
1408 664 56 75 the
1480 664 68 75 fltin
1563 664 26 75 is
1613 664 111 75 puffed
1738 664 43 75 up
1804 664 61 75 and
1887 664 141 75 fwelled,
2055 664 62 75 and
2141 664 55 75 the
2212 664 61 75 im-

1286 711 131 75 preflion
1434 711 41 75 of
1493 711 55 75 the
1564 711 115 75 fingers
1703 711 133 75 remain,
1861 711 52 75 for
1936 711 86 75 fome
2045 711 90 75 time,
2158 711 33 75 in
2216 711 57 75 the

1286 757 71 75 part
1373 757 34 75 to
1424 757 105 75 which
1546 757 78 75 they
1641 757 54 75 are
1717 757 138 75 applied,
1883 757 58 75 but
1965 757 189 75 principally
2168 757 32 75 in
2218 757 56 75 the

1287 804 82 75 legs.
1420 804 61 75 See
1497 804 222 75 Medicine,
1744 804 83 75 title,
1853 804 136 75 Dropfy.

1238 852 205 75 ANASSA,
1468 852 39 75 or
1525 852 105 75 Anas
1640 852 74 75 sis,
1747 852 32 75 in
1804 852 131 75 botany,
1962 852 17 75 a
2005 852 163 75 fynonime
2195 852 41 75 of
2255 852 19 75 a

1287 898 118 75 fpecies
1421 898 41 75 of
1479 898 168 75 bromelia.
1697 898 62 75 See
1775 898 228 75 Bromelia.

1240 946 358 75 ANASTALTICS,
1622 946 33 75 in
1672 946 184 75 pharmacy.
1907 946 62 75 See
1986 946 209 75 Styptics.

1240 992 283 75 ANASTASIS,
1549 992 19 75 a
1586 992 83 75 term
1693 992 116 75 among
1832 992 125 75 ancient
1972 992 188 75 phyficians,
2186 992 53 75 for
2256 992 18 75 a

1287 1036 92 75 rifing
1395 1036 42 75 up
1454 1036 35 75 to
1506 1036 42 75 go
1560 1036 35 75 to
1611 1036 93 75 ftool.
1754 1036 31 75 It
1798 1036 65 75 alfo
1879 1036 133 75 fignifies
2025 1036 55 75 the
2096 1036 122 75 paflage
2238 1036 41 75 of

1288 1083 60 75 any
1365 1083 150 75 humour,
1541 1083 92 75 when
1651 1083 151 75 expelled
1817 1083 85 75 from
1919 1083 62 75 one
2001 1083 86 75 part,
2113 1083 61 75 and
2191 1083 81 75 obli-

1287 1130 61 75 ged
1360 1130 34 75 to
1412 1130 128 75 remove
1554 1130 38 75 to
1604 1130 147 75 another.

1239 1177 284 75 ANASTATIC
1527 1177 44 75 A,
1589 1177 38 75 or
1641 1177 70 75 rofe
1728 1177 40 75 of
1779 1177 145 75 Jericho,
1940 1177 31 75 in
1989 1177 132 75 botany,
2140 1177 17 75 a
2174 1177 98 75 gemrs

1288 1223 40 75 of
1346 1223 55 75 the
1418 1223 232 75 tetradynamia
1667 1223 152 75 filiculofa
1835 1223 93 75 clafs.
1978 1223 77 75 The
2071 1223 110 75 flower
2196 1223 77 75 con-

1285 1270 63 75 fifls
1361 1270 39 75 of
1419 1270 73 75 four
1509 1270 148 75 roundifli
1674 1270 115 75 petals,
1814 1270 145 75 difpofed
1972 1270 33 75 in
2022 1270 56 75 the
2096 1270 86 75 form
2199 1270 40 75 of
2254 1270 20 75 a

1287 1316 84 75 crofs
1383 1316 9 75 ;
1419 1316 56 75 the
1492 1316 72 75 feed
1579 1316 26 75 is
1623 1316 20 75 a
1657 1316 85 75 fhort
1758 1316 158 75 bilocular
1939 1316 77 75 pod,
2042 1316 183 75 containing
2239 1316 33 75 in

1287 1366 77 75 each
1382 1366 59 75 cell
1455 1366 17 75 a
1488 1366 97 75 Angle
1597 1366 147 75 roundifh
1761 1366 86 75 feed.
1882 1366 112 75 There
2007 1366 54 75 are
2071 1366 68 75 two
2154 1366 118 75 fpecies

1286 1408 40 75 of
1343 1408 55 75 the
1416 1408 181 75 anaftanca,
1622 1408 69 75 viz.
1718 1408 56 75 the
1790 1408 252 75 hierodruntica,
2069 1408 19 75 a
2103 1408 106 75 native
2236 1408 42 75 of

1287 1456 53 75 the
1364 1456 100 75 fandy
1487 1456 87 75 parts
1597 1456 41 75 of
1663 1456 169 75 Paleftine,
1866 1456 62 75 and
1952 1456 55 75 the
2029 1456 106 75 (bores
2158 1456 40 75 of
2216 1456 56 75 the

1286 1503 162 75 Red-fea;
1476 1503 63 75 and
1555 1503 56 75 the
1629 1503 143 75 Syriaca,
1797 1503 19 75 a
1834 1503 103 75 native
1953 1503 40 75 of
2015 1503 106 75 Syria.

1237 1553 469 75 ANASTOCCHICGSIS,
1724 1553 133 75 fignifies
1874 1553 19 75 a
1907 1553 171 75 refolution
2096 1553 41 75 of
2148 1553 55 75 the
2219 1553 52 75 fo-

1284 1595 62 75 lids
1363 1595 62 75 and
1442 1595 106 75 fluids.

1224 1645 374 75 'ANASTOMASIS,
1623 1645 38 75 or
1676 1645 293 75 Anastomosis,
1987 1645 31 75 in
2036 1645 161 75 anatomy,
2214 1645 57 75 the

1285 1688 136 75 opening
1445 1688 40 75 of
1502 1688 56 75 the
1585 1688 130 75 mouths
1743 1688 40 75 cf
1805 1688 124 75 vdfels,
1962 1688 33 75 in
2018 1688 95 75 order
2140 1688 35 75 to
2206 1688 65 75 dif-

1285 1735 116 75 charge
1420 1735 84 75 their
1527 1735 169 75 contained
1718 1735 106 75 fluids.
1872 1735 33 75 It
1922 1735 26 75 is
1964 1735 141 75 likewife
2126 1735 78 75 ufed
2220 1735 51 75 for

1285 1782 54 75 the
1356 1782 265 75 communication
1638 1782 40 75 of
1692 1782 67 75 two
1774 1782 109 75 veflels
1901 1782 32 75 at
1948 1782 86 75 their
2050 1782 219 75 extremities;

1284 1827 33 75 as
1335 1827 54 75 the
1405 1827 208 75 inofculation
1625 1827 41 75 of
1685 1827 19 75 a
1718 1827 73 75 vein
1807 1827 80 75 with
1904 1827 18 75 a
1938 1827 85 75 vein,
2048 1827 40 75 of
2106 1827 39 75 an
2163 1827 108 75 artery

1284 1875 78 75 with
1380 1875 38 75 an
1436 1875 120 75 artery,
1583 1875 37 75 or
1636 1875 40 75 of
1699 1875 39 75 an
1757 1875 105 75 artery
1874 1875 79 75 with
1970 1875 20 75 a
2004 1875 84 75 vein.

1235 1924 401 75 ANASTOMATICS,
1674 1924 172 75 medicines
1871 1924 153 75 fuppofed
2049 1924 34 75 to
2110 1924 81 75 have
2214 1924 56 75 the

1283 1967 107 75 power
1410 1967 41 75 of
1456 1967 150 75 .opening
1621 1967 56 75 the
1694 1967 129 75 mouths
1840 1967 39 75 of
1897 1967 55 75 the
1968 1967 122 75 veflels,
2117 1967 62 75 and
2194 1967 74 75 pro-

1282 2013 121 75 moting
1419 2013 55 75 the
1491 2013 211 75 circulation;
1727 2013 77 75 fuch
1821 2013 33 75 as
1868 2013 215 75 deobfthuent,
2100 2013 167 75 cathartic,

1283 2060 61 75 and
1360 2060 148 75 fudofific
1525 2060 186 75 medicines.

1235 2108 342 75 ANASTROPHE,
1602 2108 32 75 in
1652 2108 153 75 rhetoric,
1829 2108 132 75 denotes
1985 2108 56 75 the
2063 2108 153 75 inverfion
2233 2108 40 75 of

1282 2153 55 75 the
1354 2153 126 75 natural
1496 2153 96 75 order
1608 2153 41 75 of
1666 2153 121 75 words.

1234 2202 297 75 ANATHEMA,
1572 2202 115 75 among
1718 2202 216 75 ecclefiaftical
1960 2202 139 75 writers,
2133 2202 135 75 imports

1282 2247 163 75 whatever
1459 2247 27 75 is
1511 2247 47 75 fet
1584 2247 103 75 apart,
1711 2247 177 75 feparated,
1913 2247 37 75 or
1974 2247 150 75 divided;
2157 2247 56 75 but
2240 2247 27 75 is

1282 2294 79 75 moft
1376 2294 124 75 ufually
1515 2294 108 75 meant
1634 2294 35 75 to
1680 2294 130 75 exprefs
1829 2294 56 75 the
1904 2294 124 75 cutting
2050 2294 53 75 off
2121 2294 18 75 a
2150 2294 118 75 perfon

1282 2341 85 75 from
1391 2341 56 75 the
1471 2341 168 75 privileges
1663 2341 40 75 of
1720 2341 133 75 fociety,
1878 2341 63 75 and
1964 2341 202 75 communion
2188 2341 82 75 with

1283 2387 56 75 the
1351 2387 143 75 faithful.

1330 2434 76 75 The
1422 2434 169 75 anathema
1608 2434 111 75 differs
1732 2434 88 75 from
1837 2434 308 75 excommunication
2162 2434 32 75 in
2210 2434 57 75 the

1283 2481 238 75 circumftances
1538 2481 41 75 of
1596 2481 95 75 being
1706 2481 153 75 attended
1873 2481 80 75 with
1975 2481 105 75 curfes
2104 2481 61 75 and
2188 2481 78 75 exe-

1282 2527 152 75 crations,
1482 2527 33 75 It
1538 2527 65 75 was
1620 2527 151 75 prahlifed
1787 2527 32 75 in
1836 2527 55 75 the
1906 2527 160 75 primitive
2088 2527 120 75 church
2231 2527 33 75 a-

1281 2573 99 75 gainft
1395 2573 165 75 notorious
1577 2573 182 75 offenders;
1786 2573 63 75 and
1865 2573 55 75 the
1938 2573 85 75 form
2042 2573 41 75 of
2100 2573 72 75 that
2189 2573 75 75 pro-

1280 2621 146 75 nounced
1441 2621 44 75 by
1497 2621 154 75 Synecius
1670 2621 118 75 againft
1800 2621 60 75 one
1875 2621 219 75 Andronicus,
2108 2621 27 75 15
2152 2621 33 75 as
2201 2621 65 75 fol-

1278 2667 81 75 lows
1372 2667 8 75 :
1425 2667 24 75 â€œ
1475 2667 66 75 Let
1556 2667 42 75 no
1620 2667 118 75 church
1755 2667 41 75 of
1814 2667 80 75 God
1909 2667 40 75 be
1965 2667 83 75 open
2072 2667 37 75 to
2131 2667 131 75 Andro-

1281 2714 24 75 â€œ
1331 2714 101 75 nicus,
1456 2714 57 75 but
1529 2714 46 75 let
1598 2714 98 75 every
1710 2714 164 75 fandtuary
1890 2714 39 75 be
1952 2714 70 75 (hut
2044 2714 117 75 againft
2182 2714 80 75 him.

1282 2761 23 75 â€œ
1331 2761 16 75 I
1364 2761 161 75 admonifh
1548 2761 79 75 both
1650 2761 121 75 private
1787 2761 72 75 men
1883 2761 62 75 and
1965 2761 207 75 magiftrates,
2196 2761 67 75 nei-

1281 2808 23 75 â€œ
1330 2808 73 75 ther
1418 2808 35 75 to
1470 2808 121 75 receive
1606 2808 68 75 him
1698 2808 101 75 under
1822 2808 83 75 their
1929 2808 85 75 roof,
2040 2808 59 75 nor
2121 2808 36 75 to
2180 2808 86 75 their

1280 2855 23 75 â€œ
1326 2855 107 75 table;
1460 2855 183 75 andpriefts
1660 2855 89 75 more
1763 2855 182 75 efpecially,
1963 2855 70 75 that
2050 2855 78 75 they
2138 2855 125 75 neither

1278 2900 23 75 â€œ
1327 2900 149 75 tonverfe
1502 2900 78 75 v/ith
1600 2900 68 75 him
1694 2900 111 75 living,
1839 2900 59 75 nor
1923 2900 111 75 attend
2057 2900 49 75 his
2136 2900 124 75 fun:ral

1277 2947 25 75 â€œ
1327 2947 91 75 when
1435 2947 120 75 dead.â€

1324 2994 129 75 Several
1471 2994 140 75 councils
1628 2994 65 75 alfo
1708 2994 80 75 have
1804 2994 204 75 pronounced
2028 2994 179 75 anathemas
2224 2994 33 75 a-

1275 3042 100 75 gainft
1398 3042 77 75 fuch
1500 3042 35 75 as
1560 3042 78 75 they
1661 3042 140 75 thought
1828 3042 173 75 corrupted
2023 3042 56 75 the
2095 3042 111 75 purity
2222 3042 42 75 of

2203 3087 55 75 the
