2397 3387
539 159 235 75 ATT

1118 159 18 75 (
1193 159 90 75 504
1340 159 16 75 )

1703 159 41 75 A
1803 159 44 75 U
1909 159 34 75 B

181 220 165 75 ATTIC,
372 220 61 75 any
450 220 91 75 thing
557 220 137 75 relating
711 220 35 75 to
763 220 124 75 Attica,
913 220 37 75 or
966 220 36 75 to
1019 220 55 75 the
1091 220 67 75 city
1174 220 41 75 of

226 266 147 75 Athens:
407 266 74 75 thus
507 266 93 75 Attic
623 266 71 75 fait,
719 266 32 75 in
776 266 177 75 philology,
978 266 27 75 is
1030 266 18 75 a
1074 266 136 75 delicate

225 311 152 75 poignant
393 311 66 75 fort
475 311 39 75 of
533 311 56 75 wit
607 311 62 75 and
681 311 137 75 humour
834 311 139 75 peculiar
986 311 34 75 to
1033 311 54 75 the
1105 311 104 75 Athe-

226 358 72 75 nian
323 358 146 75 writers;
505 358 93 75 Attic
622 358 139 75 witnefs,
793 358 19 75 a
836 358 125 75 witnefs
989 358 163 75 incapable
1176 358 40 75 of

228 404 197 75 corruption,
452 404 65 75 <bc.

668 404 28 75 \

180 451 147 75 Attic,
350 451 34 75 in
400 451 223 75 architecture,
649 451 18 75 a
684 451 64 75 fort
766 451 39 75 of
823 451 146 75 building
990 451 141 75 wherein
1156 451 55 75 the

227 499 78 75 roof
324 499 37 75 or
377 499 150 75 covering
543 499 26 75 is
587 499 55 75 not
668 499 35 75 to
724 499 39 75 be
787 499 93 75 feen;
908 499 73 75 thus
1003 499 126 75 named,
1155 499 55 75 be-

227 545 90 75 caufe
333 545 55 75 the
405 545 160 75 buildings
590 545 32 75 at
645 545 127 75 Athens
797 545 84 75 were
904 545 164 75 generally
1089 545 41 75 of
1148 545 63 75 this

230 592 95 75 form.

180 639 131 75 Attic
331 639 107 75 vrder,
464 639 18 75 a
497 639 89 75 fmall
603 639 95 75 order
711 639 100 75 railed
828 639 85 75 upon
930 639 18 75 a
964 639 87 75 large
1069 639 72 75 one,
1166 639 44 75 by

227 685 71 75 way
313 685 40 75 of
371 685 175 75 crowning,
572 685 37 75 or
625 685 35 75 to
684 685 88 75 finilh
798 685 55 75 the
876 685 166 75 building;
1068 685 37 75 or
1121 685 26 75 it
1170 685 40 75 is,

226 731 171 75 according
414 731 35 75 to
466 731 97 75 fome,
590 731 18 75 a
623 731 78 75 kind
718 731 39 75 of
770 731 68 75 rich
855 731 150 75 pedeftal,
1032 731 180 75 fometimes

226 778 77 75 ufed
319 778 51 75 for
386 778 55 75 the
458 778 214 75 conveniency
689 778 39 75 of
748 778 116 75 having
877 778 18 75 a
907 778 178 75 wardrobe,
1103 778 38 75 or
1157 778 55 75 the

228 825 87 75 like;
342 825 63 75 and
426 825 121 75 inftead
562 825 40 75 of
622 825 155 75 columns,
803 825 57 75 has
884 825 78 75 only
980 825 139 75 pilafters
1135 825 41 75 of
1195 825 19 75 a

229 871 169 75 particular
415 871 96 75 form,
537 871 63 75 and
616 871 179 75 fometimes
812 871 43 75 no
872 871 141 75 pilatters
1026 871 33 75 at
1076 871 55 75 all.
1147 871 8 75 .

273 918 77 75 The
366 918 92 75 name
485 918 91 75 Attic
591 918 27 75 is
635 918 65 75 alfo
716 918 92 75 given
825 918 35 75 to
883 918 18 75 a
917 918 104 75 whole
1039 918 85 75 llory
1146 918 68 75 into

228 965 106 75 which
351 965 63 75 this
432 965 95 75 order
543 965 127 75 enters;
696 965 65 75 this
778 965 84 75 little
879 965 93 75 order
985 965 94 75 being
1096 965 118 75 always

230 1012 102 75 found
348 1012 76 75 over
441 1012 135 75 another
593 1012 126 75 greater
735 1012 74 75 one,

182 1059 131 75 Attic
333 1059 81 75 bafe,
441 1059 18 75 a
474 1059 139 75 peculiar
630 1059 77 75 kind
719 1059 39 75 of
775 1059 72 75 bafe
862 1059 77 75 ufed
955 1059 43 75 by
1014 1059 55 75 the
1090 1059 126 75 ancient

230 1103 165 75 architects
420 1103 32 75 in
476 1103 54 75 the
554 1103 92 75 Ionic
670 1103 117 75 order;
815 1103 63 75 and
901 1103 43 75 by
969 1103 159 75 Palladio,
1154 1103 61 75 and

229 1151 84 75 fome
330 1151 122 75 others,
474 1151 32 75 in
523 1151 56 75 the
596 1151 118 75 Doric.

184 1197 200 75 ATTIRE,
410 1197 32 75 in
455 1197 129 75 botany.
625 1197 62 75 See
705 1197 217 75 Antherje.

183 1244 173 75 Attire,
382 1244 33 75 in
438 1244 148 75 hunting,
611 1244 135 75 fignifies
769 1244 55 75 the
848 1244 83 75 head
956 1244 37 75 or
1017 1244 98 75 horns
1139 1244 40 75 of
1197 1244 18 75 a

229 1290 88 75 deer.
365 1290 77 75 The
469 1290 95 75 attire
592 1290 39 75 of
658 1290 19 75 a
704 1290 77 75 flag,
814 1290 32 75 if
865 1290 131 75 perfect,
1028 1290 124 75 confifts
1180 1290 41 75 of

230 1336 71 75 bur,
327 1336 116 75 pearls,
468 1336 104 75 beam,
598 1336 136 75 gutters,
760 1336 116 75 antler,
901 1336 183 75 fur-antler,
1111 1336 103 75 royal,

231 1382 171 75 fur-royal,
429 1382 61 75 and
507 1382 130 75 croches
649 1382 10 75 ;
686 1382 40 75 of
739 1382 18 75 a
772 1382 97 75 buck,
895 1382 39 75 of
947 1382 55 75 the
1018 1382 72 75 bur,
1109 1382 104 75 beam,

230 1428 220 75 brow-antler,
476 1428 168 75 advancer,
668 1428 98 75 palm,
791 1428 63 75 and
869 1428 143 75 fpellers.

184 1475 275 75 ATTITUDE,
485 1475 31 75 in
534 1475 141 75 painting
691 1475 62 75 and
770 1475 171 75 fculpture,
968 1475 55 75 the
1039 1475 122 75 gellure
1179 1475 41 75 of

232 1523 18 75 a
265 1523 100 75 figure
382 1523 37 75 or
435 1523 120 75 ftatue;
582 1523 38 75 or
637 1523 25 75 it
679 1523 26 75 is
729 1523 77 75 fuch
831 1523 19 75 a
873 1523 180 75 difpofition
1073 1523 39 75 of
1131 1523 85 75 their

232 1568 85 75 parts
335 1568 32 75 as
390 1568 104 75 ferves
511 1568 35 75 to
563 1568 128 75 exprels
708 1568 55 75 the
779 1568 103 75 aCtion
899 1568 62 75 and
980 1568 183 75 fentiments
1178 1568 44 75 of

232 1616 54 75 the
303 1616 110 75 perfon
433 1616 215 75 reprefented,

184 1661 316 75 ATTLEBURY,
541 1661 19 75 a
586 1661 228 75 market-town
847 1661 41 75 of
921 1661 157 75 Norfolk,
1118 1661 99 75 about

233 1706 111 75 eighty
359 1706 91 75 miles
467 1706 176 75 north-eaft
658 1706 40 75 of
717 1706 153 75 London,
894 1706 134 75 fituated
1043 1706 32 75 in
1096 1706 45 75 40
1168 1706 45 75 E,

232 1754 87 75 long,
346 1754 63 75 and
427 1754 41 75 52
468 1736 24 49 0
514 1754 53 75 30'
585 1754 47 75 N.
650 1754 59 75 lat.

185 1800 216 75 ATTOCK,
433 1800 18 75 a
475 1800 66 75 city
566 1800 42 75 on
639 1800 55 75 the
719 1800 120 75 eaftern
863 1800 151 75 frontiers
1038 1800 41 75 of
1096 1800 118 75 Perfia,

232 1847 113 75 capital
361 1847 40 75 of
421 1847 19 75 a
458 1847 150 75 province
623 1847 40 75 of
683 1847 56 75 the
762 1847 82 75 fame
866 1847 105 75 name,
997 1847 62 75 and
1080 1847 136 75 fituated

233 1893 39 75 on
290 1893 54 75 the
360 1893 84 75 river
460 1893 138 75 Attock,
623 1893 33 75 in
675 1893 40 75 72
715 1875 24 49 0
758 1893 44 75 E.
820 1893 87 75 long,
933 1893 62 75 and
1013 1893 41 75 33
1054 1875 21 49 0
1093 1893 119 75 N.lat.

185 1939 310 75 ATTOLLENS,
520 1939 31 75 in
569 1939 160 75 anatomy,
755 1939 39 75 an
806 1939 190 75 appellation
1013 1939 94 75 given
1119 1939 35 75 to
1166 1939 47 75 fe-

231 1986 87 75 veral
345 1986 146 75 mufcles,
515 1986 171 75 otherwife
714 1986 104 75 called
840 1986 159 75 Icvatores
1022 1986 62 75 and
1107 1986 107 75 eleva-

235 2033 49 75 tor
286 2033 43 75 es.

186 2077 281 75 ATTORNEY,
494 2077 19 75 a
544 2077 111 75 perfon
683 2077 74 75 who
785 2077 44 75 by
860 2077 141 75 confent,
1028 2077 183 75 command-

233 2124 98 75 ment,
356 2124 37 75 or
420 2124 137 75 requeft,
582 2124 89 75 takes
698 2124 96 75 heed,
819 2124 78 75 fees,
929 2124 64 75 and
1018 2124 91 75 takes
1128 2124 86 75 upon

233 2171 66 75 him
318 2171 56 75 the
397 2171 117 75 charge
539 2171 40 75 of
597 2171 94 75 other
715 2171 88 75 mens
827 2171 149 75 bufinefs,
1001 2171 31 75 in
1051 2171 83 75 their
1157 2171 56 75 ab-

226 2218 109 75 Tence.
383 2218 164 75 Attorney
563 2218 26 75 is
606 2218 103 75 either
725 2218 126 75 general
874 2218 38 75 or
936 2218 133 75 fpecial:
1096 2218 116 75 Attor-

234 2263 205 75 ney-general
456 2263 26 75 is
500 2263 40 75 he
556 2263 70 75 that
642 2263 43 75 by
701 2263 128 75 general
846 2263 163 75 authority
1025 2263 26 75 is
1069 2263 144 75 appoint-

235 2311 39 75 ed
297 2311 35 75 to
349 2311 43 75 all
409 2311 59 75 our
484 2311 105 75 affairs
607 2311 37 75 or
660 2311 75 75 lints
748 2311 10 75 ;
786 2311 32 75 as
844 2311 55 75 the
923 2311 291 75 attorney-general

235 2357 40 75 of
292 2357 55 75 the
362 2357 89 75 king,
476 2357 105 75 which
599 2357 26 75 is
641 2357 110 75 nearly
767 2357 56 75 the
838 2357 83 75 fame
933 2357 78 75 with
1029 2357 186 75 procurator

235 2401 134 75 Csefaris
382 2401 31 75 in
431 2401 54 75 the
502 2401 127 75 Roman
646 2401 133 75 empire.
820 2401 323 75 Attorneys-general
1160 2401 54 75 are

236 2449 92 75 made
344 2449 102 75 either
457 2449 43 75 by
516 2449 54 75 the
586 2449 104 75 kings
707 2449 249 75 letters-patent,
981 2449 37 75 or
1035 2449 42 75 by
1089 2449 57 75 our
1159 2449 53 75 ap-

235 2493 177 75 pointment
427 2493 110 75 before
550 2493 127 75 juftices
693 2493 31 75 in
742 2493 87 75 eyre,
854 2493 33 75 in
903 2493 82 75 open
1001 2493 104 75 court.
1149 2493 64 75 At-

236 2542 114 75 torney
372 2542 112 75 fpecial
502 2542 37 75 or
554 2542 184 75 particular,
762 2542 26 75 is
804 2542 42 75 he
862 2542 71 75 that
954 2542 26 75 is
997 2542 168 75 employed
1181 2542 32 75 in

235 2590 61 75 one
312 2590 37 75 or
364 2590 90 75 more
472 2590 107 75 caufes
603 2590 207 75 particularly
826 2590 157 75 fpecified.
1032 2590 112 75 There
1161 2590 53 75 are

237 2635 76 75 alfo,
349 2635 32 75 in
409 2635 118 75 refpeCt
555 2635 40 75 of
621 2635 56 75 the
701 2635 104 75 divers
833 2635 122 75 courts,
989 2635 164 75 attorneys
1181 2635 33 75 at

235 2681 99 75 large,
360 2681 62 75 and
438 2681 162 75 attorneys
616 2681 127 75 fpecial,
771 2681 172 75 belonging
958 2681 35 75 to
1010 2681 64 75 this
1091 2681 37 75 or
1144 2681 71 75 that

237 2727 90 75 court
343 2727 89 75 only.

284 2772 177 75 Attorneys
478 2772 32 75 in
527 2772 145 75 common
689 2772 73 75 law,
781 2772 52 75 are
850 2772 109 75 nearly
970 2772 55 75 the
1037 2772 83 75 fame
1137 2772 76 75 with

238 2820 142 75 proClors
403 2820 32 75 in
463 2820 55 75 the
542 2820 72 75 civil
640 2820 73 75 law,
739 2820 233 75 and.folicitors
995 2820 33 75 in
1056 2820 107 75 courts
1180 2820 40 75 of

238 2867 123 75 equity.
410 2867 179 75 Attorneys
607 2867 52 75 fue
677 2867 57 75 out
750 2867 89 75 writs
857 2867 40 75 of
908 2867 136 75 procefs,
1069 2867 37 75 or
1126 2867 88 75 com-

238 2913 121 75 mence,
385 2913 92 75 carry
501 2913 53 75 on,
581 2913 62 75 and
666 2913 119 75 defend
811 2913 130 75 actions,
966 2913 37 75 or
1025 2913 95 75 other
1142 2913 72 75 pro-

238 2959 160 75 ceedings,
423 2959 31 75 in
467 2959 54 75 the
537 2959 106 75 names
656 2959 40 75 of
714 2959 94 75 other
823 2959 138 75 perfons,
986 2959 31 75 in
1035 2959 54 75 the
1107 2959 107 75 courts

237 3006 41 75 of
297 3006 146 75 common
459 3006 75 75 law.
582 3006 96 75 None
702 3006 54 75 are
781 3006 154 75 admitted
957 3006 35 75 to
1014 3006 48 75 a&
1079 3006 137 75 without

1305 215 118 75 having
1449 215 112 75 ferved
1585 215 19 75 a
1628 215 154 75 clerkfhip
1807 215 52 75 for
1883 215 61 75 five
1969 215 104 75 years,
2104 215 110 75 taking
2237 215 55 75 the

1308 261 114 75 proper
1447 261 90 75 oath,
1570 261 96 75 being
1693 261 156 75 enrolled,
1884 261 62 75 and
1969 261 170 75 examined
2166 261 43 75 by
2236 261 57 75 the

1302 308 130 75 judges.
1480 308 85 75 The'
1581 308 291 75 attorney-general
1889 308 109 75 pleads
2015 308 112 75 within
2149 308 54 75 the
2220 308 71 75 bar.

1304 354 57 75 To
1383 354 67 75 him
1476 354 91 75 come
1592 354 154 75 warrants
1764 354 51 75 for
1840 354 129 75 making
1986 354 56 75 out
2058 354 138 75 patents,
2221 354 71 75 par-

1308 402 93 75 dons,
1428 402 64 75 <bc.
1517 402 63 75 and
1595 402 41 75 he
1652 402 28 75 is
1697 402 56 75 the
1769 402 153 75 principal
1939 402 149 75 manager
2104 402 40 75 of
2155 402 44 75 all
2214 402 78 75 law-

1307 447 108 75 affairs
1433 447 40 75 of
1492 447 56 75 the
1564 447 121 75 crown.

1262 493 113 75 !,!?//(?/
1392 493 306 75 ^Attorney.*
1728 493 63 75 See
1807 493 178 75 Letter.

1260 540 158 75 Warrant
1435 540 42 75 of
1554 540 170 75 tokuky.
1775 540 62 75 See
1853 540 223 75 Warrant.

1261 587 401 75 ATTOURNMENT,
1698 587 37 75 or
1763 587 297 75 Attornment,
2098 587 32 75 in
2162 587 74 75 law,
2274 587 19 75 a

1308 633 138 75 transfer
1462 633 85 75 from
1564 633 60 75 one
1640 633 73 75 lord
1733 633 35 75 to
1791 633 135 75 another
1941 633 40 75 of
2000 633 55 75 the
2070 633 136 75 homage
2231 633 63 75 and

1307 681 117 75 fervice
1449 681 19 75 a
1492 681 110 75 tenant
1626 681 131 75 makes;
1783 681 38 75 or
1843 681 71 75 that
1938 681 297 75 acknowledgment
2257 681 41 75 of

1308 726 81 75 duty
1405 726 34 75 to
1457 726 18 75 a
1491 726 71 75 new
1578 726 85 75 lord.

1260 774 340 75 ATTRACTION,
1625 774 32 75 in
1686 774 124 75 natural
1835 774 203 75 philofophy,
2064 774 39 75 an
2129 774 164 75 indefinite

1308 820 94 75 term,
1421 820 174 75 applicable
1612 820 34 75 to
1663 820 42 75 all
1723 820 118 75 adtions
1859 820 151 75 whereby
2026 820 110 75 bodies
2155 820 75 75 tend
2242 820 51 75 to-

1309 866 104 75 wards
1429 866 59 75 one
1505 866 146 75 another,
1677 866 146 75 whether
1833 866 148 75 in,virtue
1999 866 37 75 of
2059 866 84 75 their
2159 866 133 75 weight,

1309 913 197 75 magnetifin,
1531 913 102 75 eledh'
1633 913 89 75 icity,
1753 913 145 75 impulfe,
1927 913 37 75 or
1987 913 62 75 any
2071 913 95 75 other
2192 913 102 75 latent

1310 960 121 75 power.
1480 960 62 75 See
1558 960 251 75 Mechanics,
1834 960 295 75 Electricity,
2157 960 66 75 dxc.

1263 1006 146 75 Elective
1425 1006 302 75 Attractions.
1774 1006 65 75 See
1856 1006 252 75 Chemistry.

1264 1053 302 75 ATTRIBUTE,
1591 1053 32 75 in
1642 1053 18 75 a
1684 1053 127 75 general
1834 1053 98 75 fenfe,
1958 1053 71 75 that
2053 1053 106 75 which
2183 1053 111 75 agrees

1310 1099 80 75 with
1407 1099 85 75 fome
1509 1099 111 75 perfon
1637 1099 37 75 or
1690 1099 93 75 thing
1796 1099 12 75 ;
1833 1099 36 75 or
1894 1099 18 75 a
1934 1099 126 75 quality
2080 1099 214 75 determining

1310 1145 221 75 fomethingto
1547 1145 40 75 be
1599 1145 83 75 after
1693 1145 19 75 a
1728 1145 121 75 certain
1860 1145 142 75 manner.
2050 1145 109 75 Thus,
2175 1145 118 75 under-

1311 1191 143 75 flanding
1469 1191 27 75 is
1514 1191 39 75 an
1570 1191 153 75 attribute
1740 1191 39 75 of
1799 1191 100 75 mind,
1924 1191 63 75 and
2009 1191 162 75 extenfion
2188 1191 39 75 an
2244 1191 48 75 at-

1310 1238 119 75 tribute
1441 1238 40 75 of
1500 1238 99 75 body.
1648 1238 92 75 That
1756 1238 154 75 attribute
1921 1238 106 75 which
2041 1238 58 75 the
2111 1238 89 75 mind
2216 1238 78 75 con-

1310 1284 102 75 ceives
1430 1284 33 75 as
1480 1284 56 75 the
1559 1284 188 75 foundation
1773 1284 39 75 of
1832 1284 42 75 all
1899 1284 55 75 the
1977 1284 73 75 red,
2075 1284 28 75 is
2127 1284 103 75 called
2249 1284 43 75 its

1310 1330 138 75 effential
1465 1330 173 75 attribute:
1665 1330 75 75 thus
1757 1330 160 75 extenfion
1938 1330 26 75 is
1982 1330 43 75 by
2041 1330 96 75 fome,
2164 1330 62 75 and
2241 1330 51 75 fo-

1310 1376 95 75 lidity
1431 1376 44 75 by
1500 1376 123 75 others,
1649 1376 156 75 efteemed
1828 1376 55 75 the
1907 1376 139 75 effential
2070 1376 170 75 attributes
2256 1376 41 75 of

1310 1423 86 75 body
1412 1423 38 75 or
1467 1423 128 75 matter.

1262 1470 274 75 Attributes,
1561 1470 33 75 in
1610 1470 167 75 theology,
1794 1470 55 75 the
1865 1470 117 75 feveral
2001 1470 149 75 qualities
2166 1470 37 75 or
2220 1470 71 75 per-

1311 1516 132 75 fedtions
1461 1516 39 75 of
1519 1516 55 75 the
1592 1516 120 75 Divine
1735 1516 124 75 nature,
1885 1516 33 75 as
1940 1516 145 75 w.ifdom,
2103 1516 121 75 power,
2239 1516 54 75 ju-

1311 1562 87 75 ftice,
1422 1562 168 75 goodnefs,
1618 1562 65 75 <bc.

1263 1609 275 75 Attributes,
1563 1609 32 75 in
1612 1609 96 75 logic,
1734 1609 53 75 are
1810 1609 56 75 the
1883 1609 176 75 predicates
2077 1609 41 75 of
2136 1609 62 75 any
2221 1609 73 75 fub-

1307 1655 77 75 jedt,
1409 1655 38 75 or
1464 1655 86 75 what
1565 1655 73 75 may
1656 1655 38 75 be
1711 1655 145 75 affirmed
1872 1655 37 75 or
1925 1655 115 75 denied
2056 1655 39 75 of
2108 1655 61 75 any
2187 1655 105 75 thing.

1264 1702 277 75 Attributes,
1564 1702 32 75 in
1614 1702 143 75 painting
1782 1702 62 75 and
1870 1702 172 75 fculpture,
2068 1702 54 75 are
2153 1702 140 75 fymbols

1312 1748 104 75 added
1435 1748 35 75 to
1486 1748 118 75 feveral
1621 1748 128 75 figures,
1775 1748 35 75 to
1838 1748 145 75 intimate
2010 1748 86 75 their
2123 1748 172 75 particular

1308 1794 94 75 office
1419 1794 63 75 and
1498 1794 174 75 charadter.
1720 1794 109 75 Thus,
1854 1794 55 75 the
1926 1794 90 75 eagle
2031 1794 27 75 is
2086 1794 39 75 an
2142 1794 154 75 attribute

1310 1839 41 75 of
1368 1839 127 75 Jupiter
1509 1839 10 75 ;
1546 1839 19 75 a
1591 1839 153 75 peacock,
1768 1839 40 75 of
1819 1839 108 75 Juno;
1954 1839 18 75 a
1996 1839 130 75 caduce,
2151 1839 41 75 of
2202 1839 93 75 Mer-

1310 1886 76 75 cury
1398 1886 10 75 ;
1435 1886 19 75 a
1470 1886 85 75 club,
1581 1886 40 75 of
1637 1886 159 75 Hercules
1811 1886 11 75 ;
1848 1886 62 75 and
1926 1886 19 75 a
1960 1886 97 75 palm,
2082 1886 41 75 of
2134 1886 148 75 Vidfory.

1262 1934 293 75 ATTRITION,
1572 1934 210 75 the.rubbing
1798 1934 38 75 or
1852 1934 130 75 flriking
1999 1934 40 75 of
2051 1934 111 75 bodies
2179 1934 59 75 one
2260 1934 34 75 a-

1307 1978 99 75 gainft
1418 1978 150 75 another,
1594 1978 34 75 fo
1644 1978 34 75 as
1695 1978 35 75 to
1747 1978 106 75 throw
1872 1978 52 75 off
1934 1978 86 75 fome
2037 1978 40 75 of
2088 1978 82 75 their
2186 1978 109 75 fuper-

1308 2025 81 75 ficial
1406 2025 162 75 particles.

1261 2073 114 75 AVA,
1401 2073 18 75 a
1433 2073 153 75 kingdom
1603 2073 40 75 of
1654 2073 104 75 India,
1782 2073 129 75 beyond
1925 2073 57 75 the
1998 2073 146 75 Ganges,
2160 2073 135 75 fituated

1307 2118 42 75 on
1373 2118 55 75 the
1444 2118 95 75 north
1556 2118 63 75 eafl
1636 2118 72 75 part
1724 2118 39 75 of
1774 2118 56 75 the
1857 2118 63 75 bay
1935 2118 40 75 pf
1986 2118 139 75 Bengal,
2148 2118 146 75 between

1306 2165 58 75 the
1381 2165 158 75 countries
1567 2165 40 75 of
1618 2165 145 75 Arracan
1787 2165 43 75 on
1853 2165 55 75 the
1932 2165 109 75 north,
2067 2165 63 75 and
2145 2165 89 75 Pegu
2251 2165 43 75 on

1311 2211 55 75 the
1380 2211 108 75 fouth.

1263 2258 217 75 AVALON,
1507 2258 18 75 a
1539 2258 89 75 town
1644 2258 40 75 of
1695 2258 180 75 Burgundy
1896 2258 32 75 in
1945 2258 135 75 France,
2100 2258 143 75 .fituated
2259 2258 33 75 in

1313 2304 16 75 3
1329 2286 21 49 0
1372 2304 53 75 50'
1442 2304 43 75 E.
1503 2304 89 75 long,
1617 2304 62 75 and
1697 2304 67 75 47
1785 2304 54 75 25'
1861 2304 47 75 N.
1926 2304 59 75 lat.

1263 2350 201 75 AVARIA,
1490 2350 31 75 in
1546 2350 56 75 the
1616 2350 136 75 cufioms
1769 2350 39 75 of
1820 2350 119 75 Turky
1956 2350 61 75 and
2033 2350 118 75 Perfia,
2176 2350 117 75 money

1312 2396 132 75 exadted
1460 2396 84 75 from
1562 2396 175 75 Chriftians
1762 2396 38 75 or
1817 2396 200 75 Europeans,
2043 2396 34 75 to
2092 2396 40 75 be
2157 2396 70 75 quit
2254 2396 43 75 of

1310 2442 85 75 fome
1412 2442 76 75 falfe
1505 2442 176 75 accufation
1699 2442 126 75 formed
1840 2442 41 75 on
1899 2442 146 75 purpofe.

1264 2489 175 75 AVAST,
1465 2489 32 75 in
1524 2489 54 75 the
1594 2489 195 75 fea-langue,
1815 2489 18 75 a
1855 2489 82 75 term
1962 2489 162 75 requiring
2151 2489 35 75 to
2213 2489 80 75 flop,

1309 2535 37 75 or
1363 2535 33 75 to
1414 2535 78 75 ftay.

1263 2581 345 75 AVAUNCHERS,
1633 2581 115 75 among
1764 2581 145 75 hunters,
1935 2581 55 75 the
2007 2581 115 75 fecond
2139 2581 154 75 branches

1311 2627 39 75 of
1361 2627 18 75 a
1396 2627 104 75 deers
1518 2627 111 75 horns.
1679 2627 61 75 See
1759 2627 125 75 Head.

1264 2675 251 75 AUBAGNE,
1542 2675 18 75 a
1576 2675 87 75 town
1679 2675 40 75 of
1729 2675 164 75 Provence
1908 2675 32 75 in
1957 2675 135 75 France,
2109 2675 133 75 fituated
2258 2675 34 75 a-

1311 2721 77 75 bout
1404 2721 92 75 feven
1521 2721 90 75 miles
1636 2721 183 75 fouthward
1843 2721 40 75 of
1904 2721 192 75 Marfeilles,
2122 2721 33 75 in
2174 2721 17 75 5
2191 2703 26 49 0
2238 2721 54 75 30'

1311 2767 29 75 E
1372 2767 88 75 long.
1475 2767 8 75 '
1483 2767 46 75 43
1529 2749 22 49 0
1573 2767 55 75 15'
1649 2767 47 75 N.
1714 2767 57 75 lat.

1264 2814 214 75 AUBANE,
1502 2814 32 75 in
1552 2814 55 75 the
1625 2814 134 75 cuftoms
1776 2814 40 75 of
1824 2814 137 75 France,
1987 2814 18 75 a
2032 2814 85 75 right
2133 2814 105 75 veiled
2260 2814 32 75 in

1311 2860 56 75 the
1382 2860 76 75 king
1474 2860 41 75 of
1527 2860 93 75 being
1635 2860 71 75 heir
1722 2860 36 75 to
1774 2860 18 75 a
1806 2860 162 75 foreigner
1996 2860 71 75 that
2094 2860 68 75 dies
2180 2860 113 75 within

1311 2906 49 75 his
1379 2906 192 75 dominions.

1359 2953 51 75 By
1426 2953 62 75 this
1505 2953 86 75 right
1607 2953 56 75 the
1679 2953 125 75 French
1817 2953 77 75 king
1906 2953 108 75 claims
2027 2953 54 75 the
2097 2953 195 75 inheritance

1312 3000 40 75 of
1362 3000 42 75 all
1420 3000 176 75 foreigners
1619 3000 72 75 that
1713 3000 52 75 die
1792 3000 111 75 within
1927 3000 51 75 his
2004 3000 189 75 dominions,
2219 3000 72 75 not-

2110 3044 179 75 withfland-
