2397 3387
432 132 229 75 BEN

997 132 20 75 (
1076 132 22 75 5
1108 132 10 75 <

104 204 52 75 are
173 204 56 75 not
246 204 143 75 engaged
405 204 32 75 in
454 204 62 75 any
533 204 150 75 monadic
699 204 108 75 order.
856 204 57 75 All
929 204 157 75 benefices

102 250 54 75 are
184 250 134 75 reputed
345 250 133 75 fecular,
504 250 50 75 till
580 250 56 75 the
655 250 149 75 contrary
820 250 27 75 is
871 250 93 75 made
980 250 35 75 to
1032 250 55 75 ap-

103 296 88 75 pear.
240 296 99 75 They
349 296 53 75 are
419 296 105 75 called
534 296 121 75 fecular
671 296 168 75 benefices,
864 296 132 75 becaufe
1012 296 77 75 held

104 343 43 75 by
163 343 136 75 feculars
312 343 10 75 ;
349 343 40 75 of
399 343 106 75 which
522 343 79 75 kind
617 343 53 75 are
687 343 109 75 almoft
813 343 42 75 all
867 343 104 75 cures.

58 389 215 75 BENEFIT
288 389 43 75 of
345 389 131 75 Clergy.
526 389 63 75 See
606 389 177 75 Clergv.

57 436 323 75 BENESCHAW,
398 436 55 75 the
467 436 91 75 name
571 436 41 75 of
618 436 66 75 two
695 436 104 75 towns
811 436 9 75 ;
847 436 55 75 the
919 436 60 75 one
989 436 33 75 in
1032 436 58 75 the

105 481 151 75 kingdom
269 481 40 75 of
319 481 172 75 Bohemia,
517 481 63 75 and
595 481 57 75 the
668 481 94 75 other
778 481 32 75 in
828 481 119 75 Silefia.

57 528 315 75 BENEVENTE,
398 528 18 75 a
433 528 88 75 town
544 528 40 75 of
596 528 105 75 Leon,
725 528 33 75 in
772 528 109 75 Spain,
899 528 134 75 fituated
1049 528 42 75 on

106 575 54 75 the
172 575 84 75 river
268 575 88 75 Efta,
367 575 97 75 about
477 575 46 75 40
535 575 91 75 miles
638 575 92 75 fouth
742 575 40 75 of
794 575 54 75 the
857 575 68 75 city
932 575 40 75 of
983 575 106 75 Leon,

105 621 32 75 in
155 621 43 75 6°
218 621 62 75 W.
294 621 89 75 long,
401 621 63 75 and
482 621 41 75 42
523 603 23 49 0
567 621 51 75 ic/
634 621 49 75 N.
700 621 58 75 lat.

58 668 317 75 BENEVENTO,
401 668 55 75 the
474 668 115 75 capital
609 668 39 75 of
668 668 55 75 the
740 668 138 75 Farther
893 668 196 75 Principate,

106 713 31 75 in
154 713 55 75 the
237 713 155 75 kingdom
416 713 40 75 of
468 713 135 75 Naples,
628 713 98 75 about
746 713 42 75 34
804 713 90 75 miles
915 713 176 75 north-tad

108 760 40 75 of
159 760 56 75 the
226 760 66 75 city
305 760 39 75 of
352 760 144 75 Naples;
523 760 134 75 fituated
669 760 32 75 in
720 760 37 75 15
757 742 24 49 0
797 760 54 75 30'
863 760 44 75 E.
927 760 89 75 long,
1029 760 63 75 and

111 808 37 75 41
148 790 28 49 0
200 808 52 75 ij'
268 808 47 75 N.
333 808 58 75 lat.

62 853 377 75 BENEVOLENCE,
457 853 31 75 in
501 853 131 75 morals,
650 853 132 75 ftgnifies
794 853 55 75 the
867 853 71 75 love
951 853 41 75 of
1004 853 87 75 man-

106 899 79 75 kind
200 899 32 75 in
249 899 142 75 general,
418 899 224 75 accompanied
655 899 79 75 with
752 899 17 75 a
781 899 103 75 defire
896 899 35 75 to
947 899 147 75 promote

108 946 82 75 their
207 946 177 75 happinefs.
435 946 62 75 See
514 946 183 75 Morals.

60 993 311 75 Benevolentia
402 993 84 75 regis
514 993 143 75 babenda
674 993 27 75 is
730 993 55 75 the
806 993 126 75 ancient
956 993 85 75 form
1058 993 41 75 of

106 1038 185 75 purchafing
305 1038 57 75 the
374 1038 104 75 king’s
495 1038 122 75 pardon
628 1038 64 75 and
703 1038 125 75 favour,
846 1038 43 75 on
904 1038 189 75 fubmiflion,

107 1085 31 75 in
156 1085 95 75 order
266 1085 36 75 to
319 1085 40 75 be
375 1085 140 75 redored
531 1085 35 75 to
583 1085 101 75 place,
709 1085 85 75 title,
819 1085 39 75 or
873 1085 109 75 edate.

62 1131 259 75 BENFIELD,
348 1131 17 75 a
381 1131 88 75 town
483 1131 40 75 of
532 1131 126 75 Alface,
683 1131 31 75 in
727 1131 180 75 Germany,
934 1131 97 75 about
1053 1131 39 75 15

108 1178 90 75 miles
214 1178 92 75 fouth
320 1178 40 75 of
372 1178 190 75 Stralburg;
589 1178 134 75 fituated
745 1178 31 75 in
796 1178 18 75 7
814 1160 23 49 0
869 1178 54 75 30'
941 1178 45 75 E.
1004 1178 89 75 long,

110 1224 61 75 and
189 1224 67 75 48°
274 1224 53 75 25'
343 1224 48 75 N.
409 1224 59 75 lat.

63 1271 181 75 BENGA,
270 1271 61 75 one
348 1271 40 75 of
400 1271 55 75 the
468 1271 155 75 Molucca
638 1271 127 75 iflands.
805 1271 62 75 See
881 1271 213 75 Molucca.

65 1317 214 75 BENGAL,
304 1317 56 75 the
377 1317 79 75 mod
484 1317 132 75 eaderly
637 1317 149 75 province
810 1317 40 75 of
872 1317 54 75 the
950 1317 146 75 Mogul’s

110 1364 131 75 empire,
267 1364 89 75 lying
372 1364 33 75 at
432 1364 56 75 the
513 1364 126 75 bottom
664 1364 41 75 of
728 1364 18 75 a
768 1364 89 75 large
885 1364 75 75 bay,
989 1364 108 75 which

110 1409 90 75 takes
217 1409 41 75 its
271 1409 91 75 name
379 1409 84 75 from
480 1409 65 75 this
562 1409 164 75 province.

161 1454 32 75 It
209 1454 27 75 is
253 1454 61 75 one
332 1454 40 75 of
383 1454 56 75 the
456 1454 79 75 mod
551 1454 106 75 fertile
673 1454 166 75 provinces
856 1454 32 75 in
908 1454 106 75 India,
1042 1454 56 75 be-

112 1501 54 75 ing
182 1501 112 75 yearly
316 1501 194 75 overflowed
526 1501 42 75 by
585 1501 55 75 the
660 1501 146 75 Ganges,
832 1501 33 75 as
882 1501 113 75 Egypt
1010 1501 27 75 is
1054 1501 45 75 by

114 1548 54 75 the
185 1548 91 75 Nile.

68 1596 283 75 BENGUELA,
387 1596 18 75 a
433 1596 153 75 kingdom
610 1596 85 75 upon
721 1596 56 75 the
804 1596 132 75 wedern
965 1596 83 75 coad
1065 1596 40 75 of

110 1641 117 75 Africa
242 1641 145 75 between
404 1641 131 75 Angola
551 1641 61 75 and
627 1641 94 75 Jaga.
754 1641 34 75 It
807 1641 27 75 is
852 1641 64 75 alfo
934 1641 54 75 the
1007 1641 92 75 name

115 1687 39 75 of
166 1687 56 75 the
234 1687 114 75 capital
362 1687 39 75 of
413 1687 71 75 that
500 1687 165 75 kingdom.

69 1734 264 75 BENJAMIN,
360 1734 55 75 the
427 1734 83 75 fame
522 1734 80 75 with
618 1734 151 75 benzoin.
806 1734 269 75 SeeBENZOiN.

68 1779 201 75 BENJAEL,
295 1779 56 75 the
367 1779 80 75 mod
464 1779 211 75 confiderable
687 1779 84 75 river
783 1779 40 75 of
834 1779 55 75 the
906 1779 97 75 illand
1015 1779 84 75 Bor-

116 1824 72 75 neo,
216 1824 116 75 which,
351 1824 199 75 arifingnear
567 1824 55 75 the
631 1824 119 75 middle
762 1824 40 75 of
813 1824 71 75 that
896 1824 111 75 ifland,
1024 1824 76 75 runs

114 1872 213 75 fouthwards,
352 1872 63 75 and
427 1872 73 75 falls
517 1872 69 75 into
603 1872 54 75 the
675 1872 90 75 great
783 1872 105 75 South
907 1872 74 75 Sea.

68 1920 165 75 BENIN,
258 1920 56 75 the
331 1920 115 75 capital
468 1920 40 75 of
518 1920 19 75 a
554 1920 135 75 country
706 1920 40 75 of
758 1920 55 75 the
829 1920 84 75 fame
929 1920 104 75 name,
1059 1920 42 75 on

115 1965 55 75 the
186 1965 84 75 coad
293 1965 41 75 of
353 1965 150 75 Guinea;
530 1965 134 75 fituated
690 1965 31 75 in
742 1965 41 75 j°
803 1965 45 75 E.
869 1965 89 75 long,
976 1965 63 75 and
1056 1965 18 75 7
1074 1947 24 49 0

119 2012 54 75 30'
190 2012 48 75 N.
256 2012 59 75 lat.

69 2059 265 75 BENSHEIM,
359 2059 18 75 a
388 2059 88 75 town
492 2059 40 75 of
543 2059 179 75 Germany,
740 2059 135 75 fituated
891 2059 41 75 on
949 2059 55 75 the
1021 2059 78 75 ead-

117 2103 117 75 fideof
244 2103 56 75 the
317 2103 83 75 river
409 2103 120 75 Rhine,
546 2103 97 75 about
664 2103 42 75 xo
719 2103 90 75 miles
827 2103 62 75 ead
900 2103 41 75 of
951 2103 149 75 Worms,

118 2147 32 75 in
168 2147 38 75 8°
228 2147 43 75 30
271 2129 10 49 /
294 2147 44 75 E.
355 2147 89 75 long,
462 2147 63 75 and
538 2147 44 75 49
582 2129 21 49 0
620 2147 55 75 4c/
691 2147 47 75 N.
757 2147 59 75 lat.

71 2195 273 75 BENTHEIM,
362 2195 56 75 the
435 2195 114 75 capital
562 2195 39 75 of
613 2195 18 75 a
642 2195 119 75 county
773 2195 40 75 of
823 2195 56 75 the
896 2195 83 75 fame
995 2195 105 75 name,

118 2240 31 75 in
166 2240 55 75 the
238 2240 96 75 circle
345 2240 41 75 of
397 2240 215 75 Wedphalia;
637 2240 135 75 fituated
787 2240 32 75 in
838 2240 19 75 7
857 2222 18 49 0
893 2240 104 75 15'E.
1011 2240 89 75 long,

119 2287 63 75 and
201 2287 40 75 52
241 2269 20 49 0
275 2287 55 75 25'
342 2287 47 75 N.
407 2287 58 75 lat.

73 2335 356 75 BENTIVOGLK),
454 2335 20 75 a
489 2335 86 75 town
597 2335 35 75 in
648 2335 56 75 the
720 2335 154 75 territory
889 2335 40 75 of
940 2335 161 75 Bologna,

118 2379 33 75 in
167 2379 98 75 Italy,
291 2379 97 75 about
409 2379 41 75 10
466 2379 90 75 miles
569 2379 96 75 north
678 2379 39 75 of
728 2379 71 75 that
816 2379 78 75 city,
919 2379 135 75 fituated
1069 2379 33 75 in

125 2428 38 75 12
163 2410 20 49 0
197 2428 42 75 E.
260 2428 88 75 long,
366 2428 62 75 and
445 2428 45 75 44
490 2410 16 49 0
527 2428 53 75 3c/
592 2428 47 75 N.
657 2428 59 75 lat.

74 2474 230 75 BENZOIN,
321 2474 33 75 in
367 2474 132 75 materia
509 2474 136 75 raedica,
663 2474 19 75 a
690 2474 148 75 concrete
853 2474 136 75 refinous
1002 2474 101 75 juice,

120 2519 151 75 obtained
293 2519 85 75 from
396 2519 17 75 a
427 2519 88 75 large
542 2519 68 75 tree
627 2519 144 75 growing
792 2519 159 75 naturally
973 2519 32 75 in
1023 2519 79 75 both

119 2565 55 75 the
183 2565 120 75 Indies.
331 2565 77 75 The
419 2565 77 75 refin
509 2565 26 75 is
544 2565 139 75 brought
697 2565 84 75 from
794 2565 55 75 the
861 2565 76 75 Ead
954 2565 107 75 Indies
1072 2565 32 75 in

119 2612 88 75 large
217 2612 121 75 mafles,
352 2612 168 75 compofed
532 2612 39 75 of
579 2612 98 75 white
691 2612 62 75 and
763 2612 209 75 light-brown
986 2612 116 75 pieces,

119 2658 78 75 with
226 2658 163 75 yellowifh
417 2658 130 75 (peeks:
582 2658 32 75 It
636 2658 95 75 eafily
755 2658 112 75 breaks
895 2658 137 75 betwixt
1047 2658 57 75 the

120 2705 112 75 hands.
280 2705 93 75 That
397 2705 105 75 which
519 2705 26 75 is
562 2705 124 75 whited
707 2705 26 75 is
750 2705 79 75 mod
856 2705 166 75 edeemed.
1071 2705 32 75 It

120 2751 57 75 has
194 2751 78 75 very
283 2751 84 75 little
383 2751 100 75 tade;
509 2751 58 75 but
582 2751 41 75 its
641 2751 88 75 fmell
745 2751 27 75 is
789 2751 77 75 very
884 2751 141 75 fragrant
1042 2751 62 75 and

120 2798 178 75 agreeable,
324 2798 167 75 efpecially
503 2798 92 75 when
613 2798 128 75 heated.
789 2798 76 75 The
882 2798 151 75 principal
1051 2798 53 75 ufe

115 2843 45 75 of
171 2843 136 75 benzoin
324 2843 28 75 is
369 2843 30 75 in
414 2843 174 75 perfumes,
614 2843 61 75 and
692 2843 33 75 as
742 2843 19 75 a
777 2843 166 75 cofmetic;
971 2843 62 75 and
1049 2843 54 75 en-

120 2889 64 75 ters
201 2889 32 75 in
259 2889 158 75 fubdance
447 2889 76 75 only
542 2889 70 75 into
635 2889 60 75 one
719 2889 138 75 officinal
885 2889 218 75 compofition,

120 2939 56 75 the
193 2939 172 75 balfamum
377 2939 235 75 tranmaticum.
662 2939 66 75 But
746 2939 40 75 its
803 2939 137 75 flowers,
959 2939 104 75 which
1074 2939 28 75 is

118 2983 19 75 a
161 2983 96 75 white
274 2983 95 75 faline
393 2983 148 75 concrete
569 2983 150 75 obtained
746 2983 42 75 by
806 2983 202 75 committing
1025 2983 25 75 it
1067 2983 35 75 to

167 3031 100 75 Vol.
293 3031 31 75 I.
371 3031 73 75 No.
464 3031 57 75 23,

1042 3031 17 75 3

1144 128 12 75 t
1218 128 20 75 )

1575 128 35 75 B
1670 128 33 75 E
1764 128 34 75 R

1188 199 56 75 the
1260 199 58 75 fire
1346 199 32 75 in
1394 199 117 75 proper
1537 199 124 75 veflels,
1687 199 53 75 are
1756 199 301 75 recommendedjin
2073 199 78 75 diioi

1188 245 73 75 ders
1274 245 41 75 of
1325 245 56 75 the
1398 245 100 75 bread
1509 245 11 75 ;
1546 245 63 75 and
1625 245 31 75 in
1669 245 65 75 this
1751 245 156 75 intention
1924 245 75 75 they
2019 245 52 75 are
2081 245 93 75 made

1188 291 38 75 an
1242 291 181 75 ingredient
1438 291 32 75 in
1494 291 56 75 the
1573 291 166 75 paregoric
1766 291 107 75 elixir,
1898 291 142 75 pectoral
2064 291 108 75 elixir,

1187 338 63 75 and
1266 338 85 75 pills,
1377 338 63 75 and
1455 338 33 75 in
1505 338 56 75 the
1579 338 127 75 troches
1718 338 40 75 of
1769 338 143 75 fulphur.

1141 386 212 75 BERAMS,
1378 386 19 75 a
1412 386 107 75 coarfe
1536 386 101 75 cloth,
1655 386 42 75 all
1715 386 92 75 made
1825 386 76 75 with
1918 386 254 75 cotton-thread,

1188 431 107 75 which
1320 431 107 75 comes
1450 431 85 75 from
1562 431 55 75 the
1634 431 77 75 Ead
1731 431 121 75 Indies,
1878 431 62 75 and
1964 431 209 75 particularly

1188 478 85 75 from
1291 478 109 75 Surat.

1141 524 177 75 BERAR,
1344 524 39 75 an
1405 524 108 75 inland
1541 524 150 75 province
1707 524 41 75 of
1760 524 104 75 India,
1890 524 42 75 on
1957 524 63 75 this
2038 524 62 75 fide
2116 524 56 75 the

1191 571 145 75 Ganges,
1362 571 88 75 lying
1462 571 164 75 wedward
1643 571 39 75 of
1693 571 119 75 Orixa.

1142 618 214 75 BERAUN,
1376 618 18 75 a
1410 618 86 75 town
1510 618 40 75 of
1561 618 169 75 Bohemia,
1749 618 133 75 fituated
1897 618 33 75 in
1947 618 41 75 14
1988 600 22 49 0
2025 618 43 75 E.
2083 618 89 75 long,

1192 663 61 75 and
1272 663 65 75 50°
1358 663 19 75 2
1405 663 47 75 N.
1469 663 60 75 lat.

1143 710 174 75 BERAY,
1343 710 18 75 a
1385 710 88 75 town
1496 710 39 75 of
1547 710 203 75 Normandy,
1776 710 31 75 in
1827 710 135 75 France,
1986 710 133 75 fituated
2142 710 37 75 in

1196 757 39 75 i°
1255 757 124 75 eo'W.
1399 757 87 75 long,
1504 757 63 75 and
1584 757 44 75 49
1628 739 26 49 c>
1654 757 37 75 6
1691 739 12 49 ,
1719 757 48 75 N.
1784 757 59 75 lat.

1146 803 243 75 BERBERII,
1415 803 57 75 the
1487 803 143 75 Palsy,
1656 803 32 75 in
1705 803 169 75 medicine.
1930 803 62 75 See
2009 803 141 75 Palsy.

1143 850 250 75 BERBERIS,
1419 850 32 75 in
1467 850 133 75 botany,
1626 850 18 75 a
1660 850 99 75 genus
1782 850 40 75 of
1842 850 55 75 the
1913 850 177 75 hexandria
2106 850 68 75 mo-

1191 895 137 75 nogynia
1340 895 91 75 clafs.
1453 895 77 75 The
1542 895 85 75 calix
1636 895 125 75 confids
1773 895 40 75 of
1824 895 47 75 fix
1883 895 104 75 leaves
1999 895 37 75 or
2047 895 126 75 pieces;

1192 943 54 75 the
1263 943 101 75 petals
1390 943 54 75 are
1460 943 60 75 fix,
1545 943 79 75 with
1640 943 66 75 two
1722 943 112 75 glands
1851 943 33 75 at
1908 943 55 75 the
1981 943 142 75 ungues;
2149 943 28 75 it

1191 989 57 75 has
1261 989 40 75 no
1313 989 119 75 flylus;
1452 989 63 75 and
1526 989 55 75 the
1592 989 96 75 berry
1696 989 143 75 contains
1849 989 65 75 two
1929 989 101 75 feeds.
2063 989 120 75 There;

1193 1036 53 75 are
1263 1036 66 75 two
1344 1036 130 75 fpecies,
1499 1036 69 75 viz.
1586 1036 55 75 the
1653 1036 151 75 vulgaris,
1830 1036 36 75 or
1884 1036 152 75 barberry
2053 1036 37 75 or
2105 1036 69 75 pip-

1192 1083 235 75 peridge-bufh,
1453 1083 19 75 a
1488 1083 105 75 native
1605 1083 40 75 of
1661 1083 125 75 Britain
1798 1083 10 75 ;
1834 1083 62 75 and
1916 1083 56 75 the
1999 1083 133 75 cretica,
2158 1083 20 75 a

1193 1128 104 75 native
1315 1128 39 75 of
1376 1128 138 75 Candia.
1561 1128 77 75 The
1654 1128 90 75 inner
1765 1128 95 75 bark,
1892 1128 104 75 which
2012 1128 27 75 ij
2063 1128 112 75 bitter,

1193 1176 26 75 is
1243 1176 66 75 faid
1333 1176 35 75 to
1392 1176 40 75 be
1455 1176 39 75 of
1514 1176 53 75 ufe
1591 1176 32 75 in
1648 1176 56 75 the
1727 1176 164 75 jaundice.
1938 1176 77 75 The
2043 1176 133 75 berries,

1193 1221 105 75 which
1316 1221 52 75 are
1397 1221 174 75 gratefully
1591 1221 82 75 acid,
1699 1221 81 75 have
1795 1221 79 75 been
1902 1221 94 75 given
2014 1221 78 75 with
2109 1221 68 75 fuc-

1193 1269 66 75 cefs
1275 1269 34 75 in
1337 1269 115 75 bilious
1479 1269 116 75 flukes,
1621 1269 63 75 and
1711 1269 134 75 difeafes
1872 1269 194 75 proceeding
2093 1269 85 75 from

1194 1315 86 75 heat,
1306 1315 176 75 acrimony,
1506 1315 39 75 or
1561 1315 139 75 thinnefs
1717 1315 40 75 of
1769 1315 54 75 the
1836 1315 117 75 juices.

1147 1362 330 75 BERCHEROIT,
1495 1362 37 75 or
1544 1362 136 75 Berko
1689 1362 78 75 its,
1782 1362 18 75 a
1808 1362 120 75 weight
1940 1362 75 75 ufed
2025 1362 32 75 at
2070 1362 106 75 Arch-

1194 1407 103 75 angel,
1323 1407 62 75 and
1400 1407 32 75 in
1449 1407 42 75 all
1508 1407 55 75 the
1578 1407 128 75 Ruffian
1722 1407 193 75 dominions,
1933 1407 35 75 to
1981 1407 104 75 weigh
2101 1407 77 75 fuch

1195 1454 238 75 merchandizes
1450 1454 34 75 as
1497 1454 53 75 are
1561 1454 104 75 heavy
1677 1454 63 75 and
1755 1454 121 75 bulky:
1904 1454 33 75 It
1949 1454 119 75 weighs
2081 1454 99 75 about

1198 1503 65 75 364
1279 1503 124 75 pounds
1415 1503 132 75 Englifh
1564 1503 203 75 avoirdupois
1784 1503 132 75 weight.

1148 1547 398 75 BERENGARIANS,
1572 1547 18 75 a
1605 1547 151 75 religious
1773 1547 61 75 fe£t
1856 1547 41 75 of
1921 1547 54 75 the
1991 1547 90 75 Xlth
2103 1547 74 75 cen-

1195 1593 86 75 tury,
1307 1593 106 75 which
1437 1593 141 75 adhered
1595 1593 34 75 to
1656 1593 56 75 the
1736 1593 130 75 opinion
1889 1593 40 75 of
1951 1593 228 75 Berengarius,

1195 1640 87 75 who,
1300 1640 78 75 even
1394 1640 32 75 in
1444 1640 89 75 thofe
1549 1640 91 75 days,
1665 1640 194 75 drenuoufly
1875 1640 146 75 aflerted,
2040 1640 71 75 that
2123 1640 56 75 the

1194 1687 99 75 bread
1310 1687 61 75 and
1386 1687 83 75 wine
1484 1687 32 75 in
1543 1687 56 75 the
1617 1687 120 75 Lord’s
1754 1687 113 75 fupper
1883 1687 27 75 is
1927 1687 56 75 not
2000 1687 100 75 really
2116 1687 64 75 and

1195 1733 185 75 eflentially,
1414 1733 59 75 but
1501 1733 78 75 only
1605 1733 214 75 figuratively,
1855 1733 145 75 changed
2025 1733 69 75 into
2124 1733 55 75 the

1196 1779 87 75 body
1294 1779 62 75 and
1373 1779 99 75 blood
1487 1779 40 75 of
1539 1779 121 75 Chrifl.

1148 1827 260 75 BERENICE,
1433 1827 19 75 a
1468 1827 177 75 port-town
1654 1827 42 75 of
1707 1827 123 75 Egypt,
1849 1827 74 75 now
1939 1827 104 75 called
2055 1827 100 75 Suez.

1149 1874 231 75 Berenice’s
1401 1874 109 75 hair,
1534 1874 89 75 coma
1641 1874 186 75 Berenices.
1878 1874 205 75 SccComa.

1148 1920 305 75 BERE-REGIS,
1487 1920 18 75 a
1529 1920 226 75 market-town
1779 1920 33 75 in
1836 1920 214 75 Dorfetfhire,
2081 1920 100 75 about

1201 1967 39 75 10
1257 1967 90 75 miles
1361 1967 176 75 north-eaft
1548 1967 40 75 of
1601 1967 209 75 Dorchefter,
1835 1967 33 75 in
1886 1967 19 75 2
1905 1949 19 49 0
1943 1967 45 75 20
2010 1967 61 75 W.
2089 1967 90 75 long,

1197 2012 62 75 and
1279 2012 58 75 50°
1356 2012 55 75 40'
1424 2012 47 75 N.
1489 2012 58 75 lat.

1150 2060 284 75 BERESOWA,
1461 2060 19 75 a
1496 2060 86 75 town
1599 2060 40 75 of
1650 2060 173 75 Mufcovy,
1847 2060 34 75 in
1899 2060 188 75 Samogitia,
2106 2060 73 75 fitu-

1197 2105 73 75 ated
1285 2105 87 75 upon
1389 2105 55 75 the
1455 2105 82 75 river
1549 2105 90 75 Oby.

1150 2153 145 75 BERG,
1321 2153 19 75 a
1355 2153 123 75 dutchy
1494 2153 40 75 of
1545 2153 213 75 Weflphalia,
1782 2153 32 75 in
1827 2153 179 75 Germany,
2031 2153 89 75 lying
2135 2153 45 75 on

1194 2198 56 75 the
1266 2198 119 75 eaftern
1408 2198 90 75 fhore
1518 2198 39 75 of
1577 2198 55 75 the
1649 2198 83 75 river
1748 2198 121 75 Rhine,
1894 2198 108 75 which
2021 2198 159 75 feparates

1196 2244 25 75 it
1237 2244 84 75 from
1335 2244 160 75 Cologne.

1151 2290 107 75 'Bzkg
1278 2290 43 75 of
1329 2290 188 75 St.Winox.
1565 2290 62 75 See
1639 2290 264 75 Winoxberg.

1149 2338 256 75 BERGAMO,
1431 2338 19 75 a
1472 2338 87 75 town
1586 2338 32 75 in
1644 2338 55 75 the
1723 2338 176 75 territories
1923 2338 41 75 of
1975 2338 135 75 Venice,
2145 2338 33 75 in

1197 2383 98 75 Italy,
1320 2383 97 75 about
1436 2383 42 75 25
1497 2383 89 75 miles
1603 2383 174 75 north-eaft
1797 2383 44 75 of
1852 2383 116 75 Milan,
1995 2383 32 75 in
2050 2383 64 75 io°
2133 2383 45 75 E.

1198 2429 89 75 long,
1306 2429 63 75 and
1382 2429 40 75 45
1422 2411 22 49 0
1464 2429 55 75 40'
1531 2429 48 75 N.
1596 2429 58 75 lat.

1150 2476 290 75 BERGAMOT,
1466 2476 54 75 the
1533 2476 90 75 name
1635 2476 41 75 of
1686 2476 19 75 a
1720 2476 143 75 fragrant
1879 2476 118 75 effence
2012 2476 168 75 extracted

1197 2522 84 75 from
1299 2522 18 75 a
1333 2522 77 75 fruit
1426 2522 104 75 which
1546 2522 27 75 is
1591 2522 160 75 produced
1767 2522 43 75 by
1826 2522 174 75 ingrafting
2017 2522 18 75 a
2057 2522 121 75 branch

1196 2569 41 75 of
1249 2569 18 75 a
1278 2569 189 75 lemon-tree
1483 2569 84 75 upon
1584 2569 55 75 the
1656 2569 139 75 ftockpf
1806 2569 16 75 a
1840 2569 268 75 bergamot-pear.
2146 2569 34 75 It

1197 2614 25 75 is
1241 2614 64 75 alfo
1329 2614 56 75 the
1406 2614 234 75 denomination
1658 2614 40 75 of
1720 2614 19 75 a
1756 2614 106 75 coarfe
1891 2614 150 75 tapeftry,
2068 2614 109 75 manu-

1195 2663 145 75 factured
1356 2663 78 75 with
1448 2663 102 75 flocks
1569 2663 40 75 of
1620 2663 69 75 filk,
1715 2663 96 75 wool,
1836 2663 123 75 cotton,
1984 2663 108 75 hemp,
2117 2663 59 75 ox,

1198 2708 81 75 cow,
1292 2708 36 75 or
1340 2708 90 75 goats
1448 2708 81 75 hair,
1548 2708 63 75 and
1626 2708 155 75 fuppofed
1797 2708 36 75 to
1850 2708 42 75 bo
1905 2708 149 75 invented
2072 2708 40 75 by
2123 2708 56 75 the

1196 2755 111 75 people
1324 2755 40 75 of
1376 2755 170 75 Bergamo.

1151 2802 205 75 BERGAS.,
1381 2802 19 75 a
1415 2802 85 75 town
1515 2802 40 75 of
1566 2802 170 75 European
1747 2802 130 75 Turky,
1902 2802 32 75 in
1947 2802 172 75 Romania,
2144 2802 35 75 in

1202 2848 63 75 28°
1280 2848 29 75 E
1342 2848 86 75 long,
1446 2848 62 75 and
1522 2848 64 75 41°
1602 2848 111 75 17'N.
1729 2848 60 75 lat.

1152 2896 213 75 BERGEN,
1389 2896 56 75 the
1462 2896 113 75 capital
1596 2896 41 75 of
1648 2896 18 75 a
1680 2896 148 75 province
1845 2896 39 75 of
1896 2896 55 75 the
1967 2896 82 75 (ame
2073 2896 105 75 name,

1197 2941 33 75 in
1242 2941 143 75 Norway
1397 2941 9 75 :
1434 2941 32 75 It
1479 2941 25 75 is
1517 2941 18 75 a
1548 2941 213 75 confiderable
1776 2941 178 75 port-town
1966 2941 41 75 on
2024 2941 55 75 the
2092 2941 86 75 Ger-

1199 2990 72 75 man
1287 2990 110 75 ocean,
1423 2990 31 75 in
1473 2990 40 75 6°
1529 2990 44 75 E.
1590 2990 89 75 long,
1698 2990 63 75 and
1774 2990 44 75 60
1827 2972 15 49 0
1855 2990 47 75 N.
1921 2990 57 75 lat.

1624 3040 19 75 6
1667 3040 35 75 X

2010 3042 172 75 Bergen,
