2477 3395
203 195 22 75 6
225 227 27 49 7
252 195 28 75 2

730 189 520 75 BREW

297 290 5 75 •
325 290 60 75 Of
394 290 152 75 Foxing
564 290 41 75 or
629 290 180 75 Fainting
825 290 290 75 Malt-Liquors.

250 369 201 75 Foxing,is
468 369 18 75 a
501 369 203 75 misfortune,
731 369 36 75 or
783 369 109 75 rather
908 369 18 75 a
942 369 128 75 difeafe,
1089 369 32 75 in
1139 369 96 75 malt-

204 416 122 75 drinks,
352 416 185 75 occafioned
564 416 43 75 by
632 416 107 75 divers
767 416 120 75 means,
913 416 33 75 as
970 416 55 75 the
1042 416 146 75 naftinefs
1205 416 41 75 of

204 464 54 75 the
274 464 140 75 utenfils,
439 464 128 75 putting
582 464 56 75 the
664 464 100 75 worts
791 464 57 75 too
864 464 90 75 thick
970 464 149 75 together
1135 464 32 75 in
1184 464 56 75 the

203 509 96 75 backs
316 509 39 75 or
370 509 137 75 coolers,
530 509 144 75 brewing
699 509 66 75 too-
775 509 90 75 often
894 509 63 75 and
983 509 76 75 foon
1079 509 60 75 one
1157 509 82 75 after

203 555 146 75 another,
375 555 62 75 and
465 555 180 75 fometimes
673 555 42 75 by
742 555 63 75 bad
831 555 95 75 malts
945 555 61 75 and
1023 555 127 75 waters,
1176 555 64 75 and

202 602 57 75 the
275 602 123 75 liquors
426 602 95 75 taken
550 602 32 75 in
612 602 112 75 wrong
750 602 103 75 heats,
880 602 95 75 being
991 602 39 75 of
1042 602 74 75 fuch
1134 602 104 75 perni-

203 649 88 75 cious
303 649 214 75 confequence
534 649 34 75 to
586 649 55 75 the
658 649 90 75 great
773 649 121 75 brewer
909 649 32 75 in
959 649 183 75 particular,
1168 649 70 75 that

202 695 41 75 he
260 695 179 75 fometimes
456 695 116 75 cannot
589 695 131 75 recover
737 695 62 75 and
814 695 93 75 bring
923 695 49 75 his
987 695 130 75 matters
1135 695 68 75 into
1221 695 18 75 a

202 741 87 75 right
306 741 95 75 order
418 741 92 75 again
527 741 32 75 in
586 741 60 75 lefs
674 741 77 75 than
768 741 19 75 a
803 741 90 75 week
917 741 36 75 or
978 741 77 75 two,
1081 741 63 75 and
1159 741 27 75 is
1203 741 34 75 fo

202 787 124 75 hateful
342 787 36 75 to
393 787 68 75 him
477 787 31 75 in
525 787 41 75 its
593 787 78 75 very
698 787 104 75 name,
827 787 70 75 that
913 787 26 75 it
955 787 27 75 is
1000 787 18 75 a
1033 787 126 75 general
1175 787 63 75 law

203 834 116 75 among
346 834 89 75 them
463 834 36 75 to
525 834 94 75 make
642 834 43 75 all
713 834 140 75 fervants
881 834 71 75 that
968 834 91 75 name
1076 834 55 75 the
1148 834 91 75 word

203 880 63 75 Fox
283 880 36 75 or
337 880 122 75 Foxing
474 880 31 75 in
522 880 56 75 the
593 880 202 75 brew-houfe
808 880 35 75 to
855 880 62 75 pay
932 880 175 75 fix-pence,
1133 880 106 75 which

202 927 122 75 obliges
352 927 89 75 them
471 927 33 75 to
531 927 60 75 call
621 927 26 75 it
675 927 173 75 Reynard;
875 927 63 75 for,
965 927 92 75 when
1085 927 79 75 once
1181 927 56 75 the

202 973 94 75 drink
313 973 27 75 is
358 973 133 75 tainted,
516 973 26 75 it
559 973 71 75 may
647 973 40 75 be
704 973 91 75 fmelt
824 973 32 75 at
880 973 85 75 Ibme
981 973 138 75 difiance
1135 973 101 75 fome-

201 1019 87 75 what
305 1019 64 75 like
387 1019 18 75 a
422 1019 86 75 Fox:
534 1019 32 75 It
583 1019 113 75 chiefly
714 1019 140 75 happens
871 1019 32 75 in
920 1019 59 75 hot
996 1019 153 75 weather,
1175 1019 63 75 and

202 1066 106 75 caufes
324 1066 55 75 the
407 1066 77 75 beer
511 1066 63 75 and
602 1066 48 75 ale
675 1066 34 75 fo
733 1066 124 75 tainted
874 1066 34 75 to
925 1066 129 75 acquire
1070 1066 19 75 a
1104 1066 135 75 fulfome

201 1112 107 75 fickilh
322 1112 89 75 tafie,
437 1112 71 75 that
523 1112 80 75 will,
628 1112 31 75 if
670 1112 26 75 it
711 1112 27 75 is
756 1112 145 75 received
917 1112 32 75 in
966 1112 19 75 a
1001 1112 90 75 great
1108 1112 129 75 degree,

200 1159 131 75 become
359 1159 80 75 ropy
465 1159 66 75 like
558 1159 131 75 treacle,
715 1159 64 75 and
802 1159 33 75 in
856 1159 88 75 Tome
970 1159 86 75 fliort
1072 1159 76 75 time
1166 1159 72 75 turn

201 1205 86 75 four.

249 1251 76 75 i\nd
341 1251 77 75 here
441 1251 48 75 we
506 1251 76 75 ihall
601 1251 139 75 mention
761 1251 54 75 the
833 1251 91 75 great
940 1251 92 75 value
1050 1251 41 75 of
1102 1251 55 75 the
1174 1251 64 75 hop

201 1298 31 75 in
247 1298 186 75 preventing
451 1298 61 75 and
529 1298 112 75 curing
652 1298 55 75 the
720 1298 60 75 fox
796 1298 30 75 in
845 1298 230 75 malt-liquors.
1125 1298 112 75 When

201 1346 54 75 the
272 1346 82 75 wort
370 1346 26 75 is
416 1346 59 75 run
491 1346 68 75 into
576 1346 55 75 the
644 1346 57 75 tub
722 1346 58 75 out
797 1346 40 75 of
849 1346 55 75 the
920 1346 222 75 maihing-vat,
1167 1346 26 75 it
1209 1346 27 75 is

203 1391 19 75 a
241 1391 78 75 very
335 1391 86 75 good
445 1391 70 75 way
533 1391 34 75 to
585 1391 105 75 throw
705 1391 86 75 feme
807 1391 81 75 hops
904 1391 135 75 diredliy
1055 1391 68 75 into
1140 1391 25 75 it
1181 1391 54 75 be-

201 1438 69 75 fore
288 1438 25 75 it
329 1438 27 75 is
374 1438 56 75 put
447 1438 68 75 into
544 1438 55 75 the
624 1438 129 75 copper,
779 1438 61 75 and
863 1438 77 75 they
957 1438 65 75 will
1039 1438 106 75 fecure
1162 1438 25 75 it
1204 1438 32 75 a-

201 1484 98 75 gainft
316 1484 141 75 fournefs
475 1484 63 75 and
565 1484 152 75 ropinels,
742 1484 71 75 that
840 1484 53 75 are
910 1484 55 75 the
989 1484 67 75 two
1078 1484 108 75 effedts
1204 1484 40 75 of

201 1530 101 75 foxed
319 1530 98 75 worts
447 1530 37 75 or
511 1530 123 75 dfinks,
660 1530 63 75 and
751 1530 52 75 are
831 1530 40 75 of
894 1530 75 75 fuch
999 1530 106 75 power
1123 1530 32 75 in
1172 1530 64 75 this

201 1577 129 75 refpedt,
356 1577 72 75 that
444 1577 66 75 raw
527 1577 98 75 worts
642 1577 74 75 may
744 1577 39 75 be
795 1577 81 75 Icept
892 1577 85 75 fome
994 1577 89 75 time,
1108 1577 79 75 even
1204 1577 33 75 in

200 1623 59 75 hot
287 1623 153 75 weather,
465 1623 112 75 before
601 1623 80 75 they
708 1623 54 75 are
785 1623 125 75 boiled,
936 1623 62 75 and
1016 1623 103 75 which
1137 1623 26 75 is
1181 1623 53 75 ne-

201 1669 117 75 ceflary
333 1669 108 75 where
457 1669 91 75 there
575 1669 26 75 is
620 1669 18 75 a
652 1669 88 75 large
763 1669 150 75 quantity
929 1669 40 75 of
980 1669 79 75 malt
1075 1669 75 75 ufed
1168 1669 33 75 to
1219 1669 18 75 a

201 1716 84 75 little
310 1716 136 75 copper;
472 1716 58 75 but
557 1716 25 75 it
610 1716 26 75 is
665 1716 120 75 certain
813 1716 71 75 that
910 1716 54 75 the
981 1716 142 75 ftronger
1138 1716 99 75 worts

203 1760 66 75 will
285 1760 80 75 keep
383 1760 111 75 longer
522 1760 78 75 with
628 1760 82 75 hops
738 1760 77 75 than
843 1760 56 75 the
914 1760 125 75 fmaller
1063 1760 101 75 forts:
1192 1760 46 75 So

203 1808 152 75 likewife,
382 1808 31 75 if
425 1808 18 75 a
459 1808 111 75 perfon
598 1808 57 75 has
684 1808 99 75 fewer
811 1808 71 75 tubs
912 1808 77 75 than
1016 1808 53 75 are
1097 1808 139 75 wanted,

203 1855 62 75 and
282 1855 40 75 he
350 1855 27 75 is
406 1855 220 75 apprehenfive
654 1855 50 75 his
734 1855 98 75 worts
857 1855 67 75 will
948 1855 40 75 be
1004 1855 102 75 foxed
1122 1855 43 75 by
1181 1855 56 75 too

201 1901 90 75 thick
307 1901 89 75 lying
422 1901 33 75 in
484 1901 56 75 the
568 1901 123 75 coolers
709 1901 37 75 or
763 1901 145 75 working
924 1901 85 75 tubs,
1035 1901 76 75 then
1128 1901 26 75 it
1172 1901 65 75 will

201 1947 39 75 be
262 1947 17 75 a
297 1947 63 75 fafe
377 1947 70 75 way
463 1947 35 75 to
515 1947 57 75 put
587 1947 86 75 fome
689 1947 83 75 frefh
788 1947 80 75 hops
886 1947 68 75 into
971 1947 75 75 fuch
1063 1947 85 75 tubs,
1176 1947 62 75 and

202 1993 91 75 work
309 1993 89 75 them
415 1993 80 75 with
511 1993 55 75 the
582 1993 97 75 yeafi,
704 1993 51 75 or,
779 1993 32 75 in
828 1993 68 75 cafe
912 1993 56 75 the
984 1993 94 75 drink
1094 1993 27 75 is
1137 1993 100 75 alrea-

205 2039 44 75 dy
267 2039 102 75 foxed
396 2039 32 75 in
453 2039 56 75 the
537 2039 54 75 vat
607 2039 37 75 or
671 2039 70 75 tun,
766 2039 70 75 new
852 2039 82 75 hops
950 2039 110 75 fhould
1077 2039 39 75 be
1132 2039 58 75 put
1204 2039 33 75 in

204 2086 63 75 and
283 2086 133 75 worked
431 2086 78 75 with
527 2086 38 75 it,
591 2086 64 75 and
680 2086 77 75 they
774 2086 65 75 will
855 2086 125 75 greatly
997 2086 88 75 fetch
1103 2086 25 75 it
1146 2086 92 75 again

202 2132 68 75 into
287 2132 19 75 a
321 2132 88 75 right
435 2132 116 75 order;
578 2132 58 75 but
661 2132 77 75 then
758 2132 77 75 fuch
858 2132 94 75 drink
968 2132 111 75 fliould
1095 2132 39 75 be
1150 2132 87 75 care-

203 2179 83 75 fully
303 2179 95 75 taken
415 2179 85 75 clear
517 2179 51 75 off
579 2179 84 75 from
691 2179 42 75 its
762 2179 86 75 grofs
868 2179 88 75 nafty
971 2179 62 75 lee,
1059 2179 105 75 which
1181 2179 56 75 be-

204 2225 55 75 ing
271 2225 113 75 moftly
401 2225 135 75 tainted,
561 2225 108 75 would
681 2225 168 75 otherwife
861 2225 42 75 lie
915 2225 31 75 in
959 2225 55 75 the
1026 2225 116 75 barrel,
1168 2225 70 75 cor-

206 2270 85 75 rupt,
319 2270 63 75 and
398 2270 91 75 make
506 2270 25 75 it
549 2270 111 75 worfe.

254 2317 96 75 Some
366 2317 51 75 lift
434 2317 189 75 quick-lime
650 2317 70 75 into
735 2317 102 75 foxed
853 2317 110 75 drinks
979 2317 96 75 while
1090 2317 78 75 they
1184 2317 55 75 are

206 2363 146 75 working
379 2363 32 75 in
436 2363 56 75 the
519 2363 57 75 tun
602 2363 36 75 or
665 2363 66 75 vat,
755 2363 69 75 that
853 2363 41 75 its
922 2363 56 75 fire
1006 2363 62 75 and
1091 2363 59 75 fait
1166 2363 73 75 may

205 2409 98 75 break
320 2409 55 75 the
403 2409 160 75 cohefions
592 2409 39 75 of
650 2409 54 75 the
726 2409 76 75 beer
824 2409 37 75 or
885 2409 62 75 ale,
970 2409 65 75 and
1051 2409 82 75 burn
1150 2409 90 75 away

205 2457 55 75 the
277 2457 106 75 ftench
401 2457 70 75 that
487 2457 55 75 the
566 2457 186 75 corruption
780 2457 109 75 would
906 2457 117 75 always
1041 2457 112 75 caufe;
1181 2457 57 75 but

206 2502 78 75 then
310 2502 76 75 fuch
415 2502 94 75 drink
537 2502 110 75 fhould
673 2502 42 75 by
731 2502 19 75 a
765 2502 60 75 peg
855 2502 32 75 at
912 2502 55 75 the
984 2502 126 75 bottom
1127 2502 39 75 of
1185 2502 55 75 the

206 2548 53 75 vat
276 2548 39 75 be
343 2548 112 75 drawn
479 2548 51 75 off
549 2548 33 75 as
610 2548 61 75 fine
696 2548 34 75 as
759 2548 138 75 poflible,
922 2548 63 75 and
1000 2548 56 75 the
1072 2548 93 75 dregs
1182 2548 61 75 left

210 2595 129 75 behind.

235 2686 59 75 Of
296 2686 234 75 fermenting
549 2686 74 75 and
639 2660 167 104 ■working
832 2686 49 75 of
891 2686 114 75 Beers
1022 2686 76 75 and
1112 2686 101 75 Ales.

254 2757 173 75 Though
460 2757 18 75 a
509 2757 88 75 frnall
626 2757 150 75 quantity
801 2757 42 75 of
866 2757 84 75 yeafi
968 2757 38 75 be
1030 2757 160 75 neceffary
1206 2757 35 75 to

210 2802 139 75 ferment
365 2802 60 75 and
444 2802 61 75 fine
521 2802 56 75 the
594 2802 104 75 wort;
724 2802 55 75 yet
795 2802 25 75 it
837 2802 27 75 is
882 2802 31 75 in
930 2802 90 75 itfelf
1031 2802 40 75 of
1082 2802 19 75 a
1117 2802 108 75 poifon
1225 2834 15 49 T

209 2851 58 75 ous
285 2851 123 75 nature,
434 2851 61 75 and
512 2851 32 75 if
561 2851 72 75 beat
650 2851 68 75 into
735 2851 55 75 the
807 2851 82 75 wort
906 2851 55 75 too
977 2851 90 75 often
1083 2851 37 75 or
1136 2851 32 75 in
1185 2851 56 75 too

209 2896 86 75 large
313 2896 17 75 a
347 2896 160 75 quantity,
532 2896 43 75 by
602 2896 42 75 its
672 2896 171 75 ftupifying
867 2896 61 75 and
943 2896 142 75 narcotic
1102 2896 137 75 quality,

209 2944 25 75 it
251 2944 107 75 makes
386 2944 54 75 the
463 2944 107 75 liquor
593 2944 35 75 fo
652 2944 117 75 heady,
795 2944 70 75 that
892 2944 59 75 five
969 2944 122 75 bufhels
1111 2944 39 75 of
1162 2944 79 75 malt

212 2989 72 75 may
302 2989 38 75 be
368 2989 93 75 equal
489 2989 31 75 in
545 2989 140 75 ftrength
714 2989 36 75 to
778 2989 58 75 fix.
886 2989 66 75 But
975 2989 105 75 liquor
1098 2989 92 75 made
1208 2989 31 75 in

210 3036 64 75 this
290 3036 130 75 manner
435 3036 26 75 is
478 3036 176 75 extremely
672 3036 227 75 unwholfome.

1368 188 17 75 I
1502 188 44 75 N
1664 188 50 75 G.

1336 256 32 75 It
1388 256 27 75 is
1433 256 147 75 alledged
1600 256 127 75 indeed,
1745 256 71 75 that
1832 256 128 75 beating
1976 256 54 75 the
2047 256 85 75 yeafi
2155 256 68 75 into
2239 256 84 75 worl

1286 302 90 75 gives
1393 302 25 75 it
1434 302 18 75 a
1469 302 61 75 fine
1548 302 103 75 relifh,
1677 302 37 75 or
1730 302 25 75 it
1774 302 106 75 makes
1898 302 54 75 the
1964 302 49 75 ale
2025 302 66 75 bite
2103 302 41 75 of
2150 302 148 75 theyeaft
2309 302 12 75 J

1289 348 57 75 but
1363 348 55 75 the
1436 348 70 75 true
1523 348 109 75 reafon
1649 348 39 75 is,
1707 348 34 75 to
1758 348 127 75 further
1906 348 42 75 its
1972 348 75 75 fale,
2073 348 41 75 on
2131 348 134 75 account
2287 348 42 75 of

1290 395 40 75 its
1348 395 213 75 intoxicating
1573 395 136 75 quality.
1759 395 67 75 But
1842 395 84 75 fome
1943 395 113 75 people
2073 395 53 75 are
2142 395 33 75 fo
2192 395 79 75 fond
2287 395 41 75 of

1289 441 98 75 white
1406 441 88 75 thick
1511 441 61 75 ale,
1598 441 70 75 that
1685 441 78 75 they
1778 441 88 75 often
1879 441 58 75 kill
1954 441 186 75 themfejves
2158 441 43 75 by
2212 441 110 75 drink-

1289 487 53 75 ing
1358 487 45 75 it;
1432 487 58 75 nor
1506 487 26 75 is
1549 487 84 75 their
1645 487 137 75 humour
1794 487 94 75 much
1901 487 149 75 different
2066 487 33 75 as
2117 487 34 75 to
2168 487 54 75 the
2234 487 88 75 com-i

1289 533 73 75 mon
1379 533 138 75 brewers
1535 533 111 75 brown
1658 533 61 75 ale,
1746 533 86 75 who,
1858 533 92 75 when
1965 533 57 75 the
2038 533 155 75 cuftomer
2220 533 100 75 wants

1289 580 18 75 a
1323 580 171 75 hogfhead,
1518 580 78 75 they
1624 580 57 75 put
1708 580 32 75 in
1768 580 217 75 immediately
2001 580 18 75 a
2042 580 134 75 handful
2192 580 39 75 of
2249 580 72 75 fait,

1289 627 61 75 and
1368 627 134 75 another
1517 627 41 75 of
1568 627 94 75 flour,
1687 627 63 75 and
1765 627 35 75 fo
1817 627 91 75 bring
1923 627 26 75 it
1965 627 42 75 up
2022 627 11 75 ;
2059 627 64 75 this
2136 627 27 75 is
2175 627 41 75 no
2228 627 93 75 foon^

1288 673 34 75 er
1338 673 41 75 on
1396 673 56 75 the
1468 673 119 75 Hilling
1611 673 76 75 than
1716 673 25 75 it
1768 673 27 75 is
1822 673 129 75 tapped,
1977 673 71 75 that
2064 673 26 75 it
2105 673 74 75 may
2194 673 94 75 carry
2304 673 20 75 a

1287 718 89 75 froth
1393 718 40 75 on
1461 718 56 75 the
1547 718 55 75 top
1631 718 40 75 of
1690 718 55 75 the
1773 718 70 75 pot,
1868 718 167 75 otherwife
2051 718 79 75 they
2146 718 119 75 defpife
2281 718 39 75 it.

1290 766 61 75 See
1368 766 254 75 Chemistry,
1644 766 308 75 Offermentalion.

1288 828 53 75 Of
1346 828 150 75 working
1510 828 69 75 and
1582 828 208 75 fermenting
1807 828 129 75 London
1949 828 95 75 Stout
2062 828 84 75 Beer
2162 828 70 75 and
2245 828 77 75 Ale.

1333 882 86 75 The
1449 882 84 75 yeaft
1555 882 25 75 is
1609 882 32 75 at
1668 882 79 75 once
1772 882 56 75 put
1857 882 68 75 into
1953 882 55 75 the
2034 882 55 75 tun
2108 882 34 75 to
2161 882 89 75 work
2268 882 55 75 the

1288 928 175 75 fiout-beer
1480 928 61 75 and
1558 928 48 75 ale
1623 928 78 75 with
1713 928 10 75 ;
1750 928 42 75 by
1805 928 63 75 this
1881 928 119 75 means,
2019 928 62 75 and
2098 928 54 75 the
2168 928 155 75 fhortnefs

1287 975 40 75 of
1339 975 76 75 time
1431 975 49 75 we
1495 975 83 75 have
1604 975 35 75 to
1666 975 138 75 ferment
1828 975 58 75 our
1903 975 106 75 firong
2025 975 123 75 drinks,
2175 975 47 75 we
2248 975 74 75 can-

1290 1020 56 75 not
1363 1020 92 75 make
1472 1020 137 75 referves
1636 1020 39 75 of
1698 1020 74 75 cold
1797 1020 97 75 worts
1911 1020 35 75 to
1962 1020 68 75 mix
2047 1020 78 75 with
2143 1020 62 75 and
2222 1020 102 75 check

1290 1067 54 75 the
1361 1067 55 75 too
1434 1067 142 75 forward
1597 1067 145 75 working
1770 1067 40 75 of
1830 1067 89 75 thofe
1939 1067 137 75 liquors.
2123 1067 77 75 The
2217 1067 106 75 ftrong

1289 1113 75 75 beer
1381 1113 129 75 brewed
1526 1113 51 75 for
1592 1113 135 75 keeping
1750 1113 26 75 is
1793 1113 138 75 fuffered
1952 1113 36 75 to
2005 1113 38 75 be
2060 1113 212 75 blood-warm
2289 1113 33 75 in

1290 1159 55 75 the
1373 1159 125 75 winter,
1524 1159 91 75 when
1643 1159 56 75 the
1724 1159 85 75 yeaft
1836 1159 27 75 is
1891 1159 57 75 put
1972 1159 68 75 into
2056 1159 38 75 it,
2120 1159 70 75 that
2205 1159 27 75 it
2249 1159 73 75 may

1288 1205 168 75 gradually
1473 1205 90 75 work
1590 1205 66 75 two
1683 1205 106 75 nights
1814 1205 62 75 and
1901 1205 18 75 a
1941 1205 64 75 day
2027 1205 33 75 at
2076 1205 87 75 leaft,
2188 1205 53 75 for
2257 1205 66 75 this

1289 1251 65 75 will
1377 1251 57 75 not
1450 1251 100 75 admit
1569 1251 41 75 of
1627 1251 76 75 fuch
1722 1251 20 75 a
1761 1251 89 75 hafiy
1865 1251 165 75 operation
2040 1251 39 75 .as
2097 1251 54 75 the
2175 1251 148 75 common

1288 1298 111 75 brown
1417 1298 60 75 ale,
1503 1298 142 75 becaufe,
1669 1298 32 75 if
1711 1298 25 75 it
1752 1298 28 75 is
1797 1298 132 75 worked
1945 1298 55 75 too
2017 1298 98 75 warm
2138 1298 61 75 and
2216 1298 103 75 baity,

1287 1343 76 75 fuch
1390 1343 76 75 beer
1490 1343 65 75 will
1583 1343 56 75 not
1667 1343 80 75 ke«p
1772 1343 74 75 near
1862 1343 34 75 fo
1911 1343 78 75 long
2006 1343 33 75 as
2056 1343 69 75 that
2142 1343 178 75 fermented

1288 1389 120 75 cooler.
1455 1389 77 75 The
1558 1389 111 75 brown
1694 1389 49 75 ale
1771 1389 69 75 has,
1865 1389 129 75 indeed,
2018 1389 40 75 its
2077 1389 85 75 yeaft
2178 1389 56 75 put
2250 1389 70 75 into

1289 1435 24 75 it
1329 1435 33 75 in
1379 1435 55 75 the
1457 1435 134 75 evening
1617 1435 78 75 very
1722 1435 112 75 warm,
1859 1435 131 75 becaufe
2006 1435 26 75 it
2048 1435 27 75 is
2092 1435 89 75 often
2197 1435 125 75 carried

1289 1482 90 75 away
1395 1482 56 75 the
1471 1482 79 75 vety
1577 1482 79 75 next
1681 1482 158 75 morning.
1888 1482 77 75 The
1992 1482 69 75 pale
2078 1482 37 75 or
2132 1482 108 75 amber
2256 1482 65 75 ales

1289 1530 52 75 are
1358 1530 91 75 often
1476 1530 77 75 kept
1581 1530 75 75 near
1681 1530 38 75 it,
1745 1530 55 75 not
1818 1530 89 75 quite
1924 1530 19 75 a
1959 1530 89 75 week
2071 1530 101 75 under
2183 1530 137 75 fermen-

1287 1575 112 75 tation,
1425 1575 52 75 for
1504 1575 55 75 the
1587 1575 105 75 better
1719 1575 238 75 incorporating
1983 1575 57 75 the
2061 1575 84 75 yeafi
2171 1575 77 75 with
2265 1575 56 75 the

1285 1622 95 75 wort.

1287 1686 54 75 Of
1343 1686 211 75 forwarding
1569 1686 71 75 and
1648 1686 170 75 retarding
1829 1686 53 75 the
1898 1686 243 75 Fermentation
2158 1686 43 75 of
2208 1686 110 75 Malt-

1740 1732 137 75 liquors.

1335 1788 40 75 In
1395 1788 68 75 cafe
1479 1788 76 75 beer
1570 1788 38 75 or
1636 1788 49 75 ale
1712 1788 26 75 is
1756 1788 171 75 backward
1945 1788 32 75 in
1995 1788 158 75 working,
2179 1788 25 75 it
2221 1788 25 75 is
2264 1788 55 75 cu-

1289 1833 137 75 ftomary
1453 1833 35 75 to
1515 1833 63 75 call
1605 1833 85 75 fome
1714 1833 82 75 flour
1823 1833 57 75 out
1904 1833 41 75 of
1968 1833 54 75 the
2038 1833 219 75 dufting-box,
2284 1833 37 75 of

1289 1880 77 75 with
1384 1880 54 75 the
1455 1880 98 75 hand,
1579 1880 76 75 over
1667 1880 56 75 the
1743 1880 56 75 top
1815 1880 40 75 of
1865 1880 56 75 the
1939 1880 107 75 drink,
2070 1880 104 75 which
2187 1880 65 75 will
2266 1880 54 75 be-

1289 1926 88 75 come
1395 1926 19 75 a
1436 1926 66 75 fort
1530 1926 40 75 of
1592 1926 83 75 cruft
1702 1926 38 75 or
1767 1926 95 75 cover
1879 1926 34 75 to
1935 1926 75 75 help
2027 1926 35 75 to
2078 1926 79 75 keep
2174 1926 55 75 the
2246 1926 74 75 cold

1289 1972 76 75 out:
1393 1972 123 75 Others
1534 1972 57 75 put
1606 1972 31 75 in
1658 1972 60 75 one
1738 1972 38 75 or
1799 1972 66 75 two
1881 1972 116 75 ounces
2014 1972 41 75 of
2064 1972 171 75 powdered
2251 1972 69 75 gin-

1289 2018 68 75 ger,
1382 2018 106 75 which
1500 2018 90 75 heats
1607 2018 56 75 the
1675 2018 81 75 wort
1769 2018 62 75 and
1844 2018 105 75 brings
1966 2018 26 75 it
2008 2018 141 75 forward
2160 2018 9 75 :
2196 2018 124 75 Others

1288 2065 73 75 take
1379 2065 18 75 a
1412 2065 108 75 gallon
1544 2065 206 75 ftone-bottle
1772 2065 62 75 and
1863 2065 45 75 fill
1927 2065 25 75 it
1972 2065 78 75 with
2069 2065 120 75 boiling
2205 2065 112 75 water,

1290 2111 116 75 which,
1432 2111 94 75 being
1553 2111 74 75 well
1655 2111 130 75 corked,
1810 2111 27 75 is
1861 2111 55 75 put
1933 2111 67 75 into
2017 2111 55 75 the
2089 2111 144 75 working
2248 2111 70 75 tub,

1289 2158 106 75 where
1420 2158 26 75 it
1471 2158 247 75 communicates
1746 2158 18 75 a
1789 2158 131 75 gradual
1941 2158 8 75 '
1949 2158 72 75 heat
2048 2158 52 75 for
2127 2158 84 75 fome
2229 2158 90 75 time,

1289 2204 63 75 and
1367 2204 156 75 forwards
1539 2204 56 75 the
1611 2204 244 75 fermentation:
1881 2204 124 75 Others
2018 2204 121 75 referve
2155 2204 85 75 fome
2256 2204 66 75 raw

1291 2250 93 75 wort,
1411 2250 104 75 which
1540 2250 77 75 they
1632 2250 75 75 heat
1724 2250 62 75 and
1807 2250 68 75 mix
1892 2250 78 75 with
1988 2250 55 75 the
2060 2250 81 75 reft;
2168 2250 58 75 but
2243 2250 77 75 then

1290 2298 71 75 care
1378 2298 80 75 muft
1481 2298 41 75 be
1547 2298 111 75 taken,
1682 2298 72 75 that
1778 2298 55 75 the
1849 2298 57 75 pot
1933 2298 32 75 in
1992 2298 106 75 which
2120 2298 26 75 it
2162 2298 26 75 is
2205 2298 117 75 heated

1289 2343 57 75 has
1364 2343 41 75 no
1425 2343 131 75 manner
1582 2343 40 75 of
1640 2343 106 75 greafe
1763 2343 97 75 about
1877 2343 37 75 it,
1940 2343 56 75 left
2012 2343 26 75 it
2055 2343 110 75 fhould
2180 2343 139 75 impede;

1290 2389 119 75 inftead
1420 2389 40 75 of
1471 2389 181 75 promoting
1663 2389 56 75 the
1731 2389 167 75 working;
1924 2389 70 75 but,
2020 2389 51 75 for
2084 2389 161 75 retarding
2258 2389 63 75 and

1289 2436 136 75 keeping
1441 2436 81 75 back
1539 2436 61 75 any
1614 2436 95 75 drink
1725 2436 71 75 that
1812 2436 26 75 is
1855 2436 56 75 too
1923 2436 94 75 much
2035 2436 115 75 heated
2166 2436 32 75 in
2216 2436 104 75 work-

1291 2482 66 75 ing,
1382 2482 56 75 the
1455 2482 74 75 cold
1545 2482 65 75 raw
1633 2482 84 75 wort
1740 2482 26 75 is
1794 2482 55 75 the
1874 2482 78 75 moft
1968 2482 116 75 proper
2100 2482 39 75 of
2151 2482 61 75 any
2229 2482 92 75 thing

1291 2527 35 75 to
1343 2527 99 75 check
1458 2527 48 75 it;
1532 2527 123 75 though
1672 2527 84 75 fome
1772 2527 54 75 are
1841 2527 117 75 known
1982 2527 35 75 to
2033 2527 56 75 put
2101 2527 61 75 one
2178 2527 37 75 or
2231 2527 90 75 more

1291 2575 119 75 pewter
1438 2575 100 75 diihes
1563 2575 69 75 into
1659 2575 26 75 it
1713 2575 50 75 for
1790 2575 69 75 that
1888 2575 154 75 purpofe;
2068 2575 49 75 or,
2142 2575 25 75 it
2192 2575 129 75 maybe

1293 2621 100 75 broke
1420 2621 68 75 into
1500 2621 117 75 feveral
1635 2621 91 75 other
1744 2621 85 75 tubs,
1855 2621 118 75 where,
1999 2621 43 75 by
2065 2621 40 75 its
2129 2621 128 75 ftiallow
2272 2621 50 75 ly-

1291 2667 67 75 ing,
1383 2667 42 75 its
1453 2667 75 75 fury
1554 2667 67 75 will
1648 2667 40 75 be
1715 2667 125 75 abated.
1890 2667 122 75 Others
2040 2667 103 75 again,
2169 2667 36 75 to
2229 2667 93 75 make

1291 2713 94 75 drink
1413 2713 91 75 work
1528 2713 72 75 that
1626 2713 27 75 is
1682 2713 181 75 backward,
1888 2713 67 75 will
1984 2713 71 75 take
2084 2713 55 75 the
2154 2713 117 75 whites
2288 2713 34 75 of

1292 2760 65 75 two
1374 2760 90 75 eggs,
1490 2760 62 75 and
1568 2760 74 75 beat
1658 2760 87 75 them
1757 2760 42 75 up
1812 2760 81 75 with
1910 2760 73 75 half
1989 2760 17 75 a
2024 2760 150 75 quartern
2186 2760 40 75 of
2236 2760 86 75 good

1291 2806 135 75 brandy,
1452 2806 62 75 and
1530 2806 57 75 put
1612 2806 25 75 it
1665 2806 103 75 either
1792 2806 68 75 into
1877 2806 55 75 the
1949 2806 226 75 working-vat,
2201 2806 37 75 or
2254 2806 69 75 into

1291 2853 54 75 the
1377 2853 83 75 calk,
1492 2853 107 75 which
1631 2853 66 75 will
1729 2853 131 75 quickly
1887 2853 93 75 bring
2007 2853 25 75 it
2057 2853 152 75 forward,
2243 2853 32 75 if
2304 2853 19 75 a

1292 2899 99 75 warm
1419 2899 87 75 cloth
1524 2899 26 75 is
1572 2899 57 75 put
1658 2899 76 75 over
1758 2899 55 75 the
1841 2899 99 75 bung.
1989 2899 122 75 Others
2129 2899 43 75 tie
2186 2899 44 75 up
2246 2899 78 75 bran

1291 2945 31 75 in
1346 2945 19 75 a
1387 2945 105 75 coarfe
1516 2945 67 75 thin
1601 2945 100 75 cloth,
1727 2945 62 75 and
1817 2945 56 75 put
1889 2945 25 75 it
1930 2945 68 75 into
2026 2945 56 75 the
2110 2945 65 75 vat,
2201 2945 121 75 where,

1291 2992 44 75 by
1361 2992 42 75 its
1420 2992 118 75 fpongy
1557 2992 124 75 nature,
1706 2992 26 75 it
1750 2992 128 75 abforbs
1895 2992 18 75 a
1929 2992 146 75 quantity
2093 2992 40 75 of
2144 2992 53 75 the
2215 2992 107 75 drink,

1291 3039 61 75 and
1368 3039 114 75 breeds
1499 3039 18 75 a
1533 3039 75 75 heat
1625 3039 34 75 to
1676 3039 141 75 forward
1832 3039 41 75 its
1890 3039 157 75 working.

2226 3085 97 75 Some
