2443 3377
2205 172 50 75 35
2255 154 29 49 r

645 163 1101 75 architecture.

166 295 65 75 Of
251 295 66 75 the
343 295 154 75 Farts
526 295 94 75 that
648 295 153 75 compofe
828 295 53 75 an
912 295 173 75 Order,
1116 295 85 75 and

456 345 101 75 their
588 345 313 75 Ornament*,

212 423 86 75 The
317 423 85 75 parts
426 423 70 75 that
521 423 147 75 compofe
685 423 37 75 an
740 423 99 75 ordef
858 423 74 75 may
953 423 40 75 be
1009 423 188 75 diftributed

164 469 70 75 into
250 469 65 75 two
332 469 151 75 different
507 469 120 75 claffes.
677 469 39 75 In
741 469 56 75 the
816 469 76 75 firji
916 469 74 75 may
1012 469 39 75 be
1078 469 119 75 ranged

165 516 43 75 all
226 516 69 75 that
312 516 160 75 have^any
488 516 137 75 analogy
648 516 34 75 to
699 516 55 75 the
777 516 157 75 primitive
950 516 88 75 huts,
1063 516 62 75 and
1146 516 49 75 re-

165 561 123 75 prefent
305 561 18 75 i'
323 561 67 75 ome
403 561 70 75 part
490 561 72 75 that
578 561 64 75 was
659 561 159 75 neceffary
830 561 31 75 in
877 561 83 75 their
972 561 222 75 conftiudion.

165 607 88 75 Such
269 607 53 75 are
339 607 56 75 the
412 607 82 75 draft
509 607 41 75 of
570 607 55 75 the
641 607 140 75 column,
804 607 80 75 with
901 607 56 75 the
974 607 102 75 plinth
1093 607 41 75 of
1152 607 43 75 its

163 655 85 75 bafe,
273 655 62 75 and
353 655 53 75 the
423 655 114 75 abacus
554 655 41 75 of
612 655 43 75 its
672 655 124 75 capital,
823 655 213 75 reprefenting
1058 655 56 75 the
1137 655 57 75 up-

164 701 87 75 right
268 701 96 75 trees,
389 701 78 75 with
485 701 55 75 the
564 701 101 75 (tones
689 701 41 75 on
753 701 105 75 which
874 701 77 75 they
968 701 83 75 were
1068 701 126 75 placed,

163 747 64 75 and
244 747 89 75 thofe
350 747 70 75 that
435 747 137 75 covered
583 747 85 75 them
680 747 9 75 ;
716 747 139 75 likewife
870 747 56 75 the
938 747 177 75 architrave
1132 747 63 75 and

165 794 172 75 triglyphs,
356 794 212 75 reprefenting
579 794 53 75 the
645 794 107 75 beams
766 794 61 75 and
840 794 90 75 joifts
943 794 9 75 ;
979 794 56 75 the
1045 794 148 75 mutules,

165 840 182 75 modilions,
378 840 38 75 or
435 840 130 75 dentils,
590 840 104 75 which
720 840 43 75 all
787 840 41 75 of
845 840 88 75 them
958 840 157 75 reprefent
1139 840 55 75 the

165 886 129 75 rafters,
318 886 38 75 or
371 886 84 75 fome
471 886 94 75 other
580 886 104 75 pieces
709 886 40 75 of
767 886 116 75 timber
906 886 77 75 ufed
1006 886 34 75 to
1063 886 132 75 fupport

166 932 55 75 the
236 932 171 75 covering;
433 932 62 75 and
519 932 55 75 the
590 932 131 75 corona,
747 932 215 75 reprefenting
985 932 55 75 the
1056 932 79 75 beds
1159 932 41 75 of

163 979 158 75 materials
346 979 70 75 that
440 979 172 75 compofed
634 979 56 75 the
715 979 163 75 covering.
927 979 57 75 All
1007 979 87 75 thefe
1120 979 74 75 may

161 1025 151 75 properly
330 1025 40 75 be
393 1025 223 75 diftinguilhed
637 1025 45 75 by
698 1025 55 75 the
769 1025 92 75 name
878 1025 39 75 of
937 1025 137 75 effential
1093 1025 99 75 mem-

161 1071 87 75 bers.
296 1071 76 75 The
389 1071 191 75 fubfervient
603 1071 101 75 parts,
730 1071 165 75 contrived
920 1071 53 75 for
995 1071 56 75 the
1077 1071 53 75 ufe
1153 1071 38 75 or

163 1118 165 75 ornament
352 1118 41 75 of
411 1118 56 75 the
491 1118 131 75 former,
649 1118 62 75 and
735 1118 181 75 commonly
939 1118 102 75 called
1064 1118 127 75 mould-

162 1163 84 75 ings,
271 1163 74 75 may
360 1163 168 75 conftitute
545 1163 56 75 the
616 1163 119 75 fecund
748 1163 92 75 clafs.

210 1211 135 75 There
365 1211 53 75 are
440 1211 88 75 eight
553 1211 126 75 regular
706 1211 181 75 mouldings
910 1211 32 75 in
968 1211 223 75 ornamenting

162 1257 143 75 columns
320 1257 11 75 ;
364 1257 56 75 the
444 1257 91 75 fillet,
559 1257 95 75 Mel,
679 1257 37 75 or
739 1257 138 75 fquare;
902 1257 56 75 the
982 1257 145 75 aftragal,
1155 1257 36 75 or

161 1303 103 75 bead;
291 1303 55 75 the
370 1303 103 75 torus,
498 1303 37 75 or
559 1303 93 75 tore;
678 1303 56 75 the
758 1303 112 75 fcotia,
894 1303 126 75 mouth,
1044 1303 40 75 or
1105 1303 86 75 cafe-

162 1349 110 75 ment;
305 1349 56 75 the
387 1349 143 75 echinus,
555 1349 112 75 ovolo,
694 1349 38 75 or
759 1349 272 75 quarter-round;
1064 1349 56 75 the
1142 1349 48 75 in-

164 1396 112 75 verted
293 1396 103 75 cyma,
421 1396 100 75 talon,
544 1396 36 75 or
597 1396 102 75 ogee;
725 1396 55 75 the
798 1396 103 75 cyma,
926 1396 91 75 cyma
1035 1396 95 75 refta,
1156 1396 37 75 or

163 1441 172 75 cymatium
346 1441 10 75 ;
383 1441 55 75 the
455 1441 138 75 cavetto,
612 1441 37 75 or
665 1441 132 75 hollow.
845 1441 76 75 The
935 1441 105 75 names
1052 1441 40 75 of
1103 1441 88 75 thefe

164 1487 105 75 allude
285 1487 35 75 to
338 1487 83 75 their
431 1487 112 75 forms,
569 1487 61 75 and
648 1487 83 75 their
747 1487 98 75 forms
863 1487 53 75 are
932 1487 137 75 adapted
1085 1487 34 75 to
1136 1487 55 75 the

164 1533 150 75 purpofes
327 1533 49 75 for
389 1533 106 75 which
508 1533 76 75 they
597 1533 52 75 are
661 1533 164 75 intended.
860 1533 61 75 See
933 1533 92 75 Plate
1037 1533 153 75 XXVII.

209 1581 75 75 The
302 1581 95 75 ovolo
413 1581 62 75 and
491 1581 100 75 talon,
616 1581 34 75 as
668 1581 77 75 they
761 1581 55 75 are
834 1581 106 75 ftrong
958 1581 31 75 at
1010 1581 55 75 the
1081 1581 108 75 extre-

161 1627 116 75 mities,
303 1627 54 75 are
373 1627 35 75 fit
425 1627 54 75 for
495 1627 144 75 fupports
651 1627 10 75 ;
687 1627 56 75 the
765 1627 93 75 cyma
873 1627 61 75 and
952 1627 144 75 cavetto,.
1119 1627 72 75 tho'

161 1673 160 75 improper
338 1673 52 75 for
406 1673 158 75 fupports,
587 1673 88 75 ferve
703 1673 51 75 for
782 1673 164 75 coverings
971 1673 33 75 to
1020 1673 115 75 (belter
1151 1673 37 75 o-

163 1718 72 75 ther
250 1718 175 75 members;
450 1718 56 75 the
522 1718 90 75 torus
628 1718 60 75 and
706 1718 145 75 aftragal,
875 1718 94 75 being
986 1718 115 75 (haped
1125 1718 65 75 like

161 1764 107 75 ropes,
294 1764 53 75 are
375 1764 152 75 intended
548 1764 35 75 to
603 1764 77 75 bind
701 1764 64 75 and
786 1764 114 75 fortify
916 1764 55 75 the
996 1764 88 75 parts
1111 1764 81 75 with

161 1811 106 75 which
291 1811 78 75 they
385 1811 53 75 are
458 1811 192 75 conne&ed:
690 1811 69 75 But
786 1811 55 75 the
864 1811 55 75 ufe
946 1811 41 75 of
1007 1811 55 75 the
1090 1811 100 75 fcotia

161 1857 62 75 and
247 1857 91 75 fillet.
357 1857 34 75 Is
415 1857 76 75 only
515 1857 36 75 to
572 1857 140 75 feparate
736 1857 62 75 and
820 1857 179 75 diftinguifli
1024 1857 55 75 the
1095 1857 95 75 other

160 1905 193 75 mouldings,
379 1905 35 75 to
425 1905 71 75 give
517 1905 18 75 a
554 1905 141 75 graceful
712 1905 73 75 turn
802 1905 35 75 to
854 1905 56 75 the
927 1905 125 75 profile,
1077 1905 63 75 and
1152 1905 35 75 to

158 1950 131 75 prevent
306 1950 54 75 the
377 1950 160 75 confufion
555 1950 103 75 which
676 1950 109 75 would
801 1950 77 75 arife
894 1950 85 75 from
998 1950 125 75 joining
1139 1950 46 75 fe-

159 1997 86 75 veral
263 1997 118 75 curved
396 1997 157 75 members
570 1997 162 75 together.

205 2042 111 75 There
333 2042 53 75 are
400 2042 126 75 various
549 2042 147 75 methods
720 2042 40 75 of
770 2042 177 75 defcribing
962 2042 56 75 the
1035 2042 152 75 contours

160 2087 40 75 of
211 2087 203 75 moulding*;
438 2087 59 75 but
520 2087 55 75 the
592 2087 131 75 fimplelt
741 2087 61 75 and
817 2087 67 75 bed
900 2087 26 75 is
944 2087 34 75 to
995 2087 85 75 form
1096 2087 90 75 them

161 2134 40 75 of
213 2134 171 75 quadrants
401 2134 41 75 of
464 2134 124 75 circles,
613 2134 33 75 as
664 2134 31 75 in
713 2134 91 75 Plate
820 2134 152 75 XXVII.

209 2179 52 75 An
285 2179 186 75 affemblage
497 2179 41 75 of
557 2179 86 75 what
664 2179 57 75 are.
738 2179 104 75 called
864 2179 139 75 effential
1020 2179 86 75 parts
1124 2179 62 75 and

160 2226 193 75 mouldings,
377 2226 26 75 is
425 2226 123 75 termed
576 2226 19 75 a
617 2226 124 75 prcfile.
788 2226 78 75 The
882 2226 78 75 moft
977 2226 120 75 perfeft
1111 2226 73 75 pro-

157 2272 70 75 files
245 2272 53 75 are
314 2272 74 75 fuch
412 2272 33 75 as
462 2272 53 75 are
531 2272 168 75 compofed
716 2272 39 75 of
773 2272 63 75 few
859 2272 193 75 mouldings,
1076 2272 110 75 varied

157 2319 34 75 in
207 2319 84 75 form
308 2319 61 75 and
386 2319 84 75 fize;
497 2319 61 75 and
582 2319 34 75 fo
638 2319 155 75 difpofed,
817 2319 71 75 that
904 2319 55 75 the
976 2319 131 75 ftreight
1123 2319 62 75 and

153 2365 125 75 curved
305 2365 78 75 ones
414 2365 132 75 fucceed
573 2365 77 75 each
683 2365 93 75 other
803 2365 202 75 alternately.
1074 2365 110 75 When

158 2412 181 75 ornaments
350 2412 51 75 are
411 2412 167 75 employed
590 2412 38 75 in.
635 2412 190 75 mouldings,
833 2412 85 75 fome
930 2412 39 75 of
976 2412 86 75 them
1075 2412 110 75 (hould

158 2457 40 75 be
214 2457 60 75 left
291 2457 96 75 plain,
412 2457 32 75 in
472 2457 96 75 order
594 2457 36 75 to
653 2457 72 75 give
752 2457 19 75 a
796 2457 116 75 proper
935 2457 108 75 repofe
1059 2457 9 75 :
1103 2457 79 75 For,

157 2505 94 75 when
269 2505 42 75 all
328 2505 53 75 are
396 2505 224 75 ornamented,
633 2505 55 75 the
707 2505 99 75 figure
823 2505 40 75 of
873 2505 56 75 the
944 2505 112 75 profile
1072 2505 27 75 is
1110 2505 74 75 loft.

243 2604 65 75 Of
326 2604 67 75 the
421 2604 194 75 Orders
647 2604 47 75 of
711 2604 395 75 Architecture.

205 2672 58 75 An
288 2672 138 75 Order
452 2672 123 75 confifts
599 2672 40 75 of
663 2672 67 75 two
751 2672 152 75 principal
928 2672 169 75 members,
1128 2672 56 75 the

159 2717 171 75 Column
355 2717 63 75 and
442 2717 55 75 the
520 2717 318 75 Entablature;
867 2717 79 75 each
970 2717 40 75 of
1028 2717 106 75 which
1157 2717 27 75 is

157 2765 169 75 compqfed
348 2765 41 75 of
407 2765 90 75 three
521 2765 154 75 principal
700 2765 98 75 parts.
845 2765 113 75 Thofe
982 2765 39 75 of
1042 2765 54 75 the
1116 2765 67 75 Co-

156 2808 87 75 turn,i
269 2808 65 75 are,
359 2808 55 75 the
441 2808 95 75 Bafe,
563 2808 53 75 the
641 2808 112 75 Shaft,
778 2808 61 75 and
865 2808 54 75 the
942 2808 152 75 Capital-,
1121 2808 63 75 and

156 2855 90 75 thofe
264 2855 38 75 of
315 2855 54 75 the
386 2855 211 75 Entablature
615 2855 66 75 are,
773 2855 47 75 Jr
827 2855 64 75 chit
894 2855 89 75 rave,
1003 2855 54 75 the
1070 2855 112 75 Fr/a.?,

157 2900 62 75 and
242 2900 56 75 the
322 2900 146 75 Cornice.
521 2900 55 75 All
600 2900 87 75 thefe
712 2900 53 75 are
786 2900 187 75 (ubdivided
995 2900 68 75 into
1087 2900 96 75 many

155 2947 91 75 leffer
262 2947 99 75 parts,
386 2947 106 75 whofe
516 2947 144 75 number,
685 2947 98 75 form,
809 2947 62 75 and
894 2947 188 75 dimenfions
1107 2947 74 75 cha-

156 2995 143 75 ra&erife
315 2995 77 75 each
412 2995 108 75 order,
545 2995 63 75 and
623 2995 128 75 exprefs
768 2995 55 75 the
838 2995 116 75 degree
970 2995 41 75 of
1027 2995 155 75 (trength,

156 3042 158 75 delicacy,
336 3042 152 75 richnefs,
514 3042 37 75 or
566 3042 167 75 fimplicity
749 3042 139 75 peculiar
904 3042 35 75 to
953 3042 40 75 it.

1460 270 30 75 i.
1539 270 74 75 OF
1653 270 128 75 THE
1822 270 272 75 TUSCAN.

1293 346 85 75 The
1396 346 160 75 Tuscan
1592 346 110 75 (Plate
1719 346 151 75 XXIV.)
1898 346 26 75 is
1947 346 56 75 the
2020 346 79 75 moft:
2115 346 82 75 folid
2221 346 63 75 and

1247 391 106 75 fimple
1371 391 39 75 of
1431 391 43 75 all
1491 391 55 75 the
1562 391 126 75 orders.
1737 391 32 75 It
1790 391 25 75 is
1839 391 169 75 compofed
2035 391 42 75 of
2100 391 62 75 few
2180 391 102 75 parts,

1246 439 117 75 devoid
1393 439 41 75 of
1453 439 196 75 ornaments,
1676 439 62 75 and
1765 439 35 75 fo
1818 439 110 75 maffy,
1954 439 72 75 that
2053 439 43 75 its
2113 439 99 75 feems
2230 439 52 75 ca-

1247 485 92 75 pable
1367 485 41 75 of
1431 485 186 75 fupporting
1635 485 61 75 the
1721 485 139 75 heavieft
1884 485 137 75 burden.
2085 485 114 75 There
2228 485 57 75 are

1247 531 41 75 no
1306 531 134 75 remains
1465 531 40 75 of
1524 531 18 75 a
1567 531 126 75 regular
1716 531 133 75 Tufcan
1876 531 95 75 order
2000 531 115 75 among
2143 531 55 75 the
2226 531 54 75 an-

1246 579 104 75 tiques
1362 579 10 75 ;
1399 579 55 75 the
1470 579 143 75 dodtrine
1642 579 40 75 of
1704 579 171 75 Vitruvius
1893 579 192 75 concerning
2112 579 27 75 it
2168 579 25 75 is
2223 579 59 75 ob-

1247 624 109 75 fcure;
1383 624 63 75 and
1473 624 55 75 the
1548 624 128 75 profiles
1701 624 41 75 of
1761 624 162 75 Palladio,
1950 624 184 75 Scamozzi,
2161 624 119 75 Serlio,

1246 672 40 75 de
1302 672 140 75 POrme,
1468 672 62 75 and
1547 672 153 75 Vignola,
1726 672 53 75 are
1800 672 42 75 all
1858 672 177 75 imperfeA.

1293 718 90 75 The.
1397 718 113 75 height
1536 718 41 75 of
1601 718 55 75 the
1679 718 129 75 Tufcan
1837 718 127 75 column
1992 718 26 75 is
2052 718 41 75 14
2121 718 171 75 modules,-

1244 765 37 75 or
1306 765 260 75 femidiameters,
1592 765 78 75 each
1699 765 164 75 confiding
1886 765 40 75 of
1952 765 43 75 3,0
2023 765 158 75 minutes;
2217 765 64 75 aud

1245 811 69 75 that
1330 811 41 75 of
1383 811 55 75 the
1462 811 105 75 whole
1583 811 198 75 entablature
1801 811 45 75 3-
1862 811 144 75 modules
2018 811 10 75 ;
2055 811 106 75 which
2184 811 98 75 being

1244 857 130 75 divided
1388 857 70 75 into
1479 857 42 75 10
1541 857 95 75 equal
1652 857 101 75 parts,
1778 857 91 75 three
1892 857 41 75 of
1951 857 96 75 them
2068 857 54 75 are
2142 857 52 75 for
2223 857 57 75 the

1242 904 113 75 height
1371 904 40 75 of
1423 904 56 75 the
1496 904 191 75 architrave,
1713 904 90 75 three
1828 904 52 75 for
1904 904 56 75 the
1985 904 125 75 freeze,
2140 904 63 75 and
2225 904 56 75 the

1244 951 177 75 remaining
1437 951 73 75 four
1527 951 52 75 for
1595 951 56 75 the
1667 951 127 75 cornice
1806 951 9 75 t
1841 951 77 75 The
1942 951 118 75 capital
2080 951 27 75 is
2124 951 61 75 one
2209 951 70 75 mo-

1244 998 73 75 dule
1329 998 10 75 ;
1366 998 55 75 the
1438 998 84 75 bafe,
1547 998 163 75 including
1724 998 57 75 the
1798 998 101 75 lower
1914 998 139 75 cincture
2065 998 40 75 of
2112 998 55 75 the
2184 998 94 75 (haft,

1243 1044 25 75 is
1300 1044 139 75 likewife
1466 1044 62 75 one
1551 1044 156 75 module;,
1729 1044 62 75 and
1818 1044 55 75 die
1893 1044 95 75 (haft,
2014 1044 79 75 with
2115 1044 40 75 its
2179 1044 101 75 upper

1243 1091 137 75 cindture
1397 1091 63 75 and
1475 1091 145 75 aftragal,
1650 1091 39 75 12
1708 1091 158 75 modules.

1289 1137 108 75 Thefe
1414 1137 54 75 are
1484 1137 56 75 the
1568 1137 126 75 general
1718 1137 188 75 dimenfions
1936 1137 40 75 of
1998 1137 56 75 the
2078 1137 117 75 order;
2222 1137 58 75 the

1241 1184 171 75 particular
1428 1184 187 75 dimenfions
1633 1184 73 75 may
1723 1184 39 75 be
1778 1184 131 75 learned
1926 1184 43 75 by
1986 1184 170 75 inlpedtion
2172 1184 40 75 of
2223 1184 57 75 the

1242 1230 114 75 plates.

1289 1277 38 75 In
1343 1277 56 75 the
1419 1277 135 75 remains
1571 1277 41 75 of
1623 1277 172 75 antiquity,
1820 1277 58 75 the
1901 1277 151 75 quantity
2080 1277 39 75 of
2141 1277 136 75 diminu-

1241 1323 69 75 tion
1328 1323 32 75 at
1377 1323 54 75 the
1445 1323 56 75 top
1513 1323 40 75 of
1565 1323 56 75 the
1632 1323 132 75 Tufcan
1778 1323 128 75 column
1923 1323 27 75 is
1968 1323 147 75 various;
2143 1323 58 75 but
2218 1323 61 75 fel-

1241 1371 75 75 dom
1332 1371 59 75 lefs
1403 1371 79 75 than
1494 1371 60 75 one
1567 1371 126 75 eighth,
1721 1371 59 75 nor
1797 1371 88 75 more
1901 1371 78 75 than
1997 1371 59 75 one
2069 1371 83 75 fixth
2170 1371 41 75 of
2222 1371 56 75 the

1241 1416 131 75 inferior
1388 1416 156 75 diameter
1560 1416 39 75 of
1612 1416 54 75 the
1690 1416 140 75 column.
1879 1416 78 75 The
1985 1416 56 75 laft
2070 1416 40 75 of
2133 1416 88 75 thefe
2249 1416 27 75 is

1240 1463 163 75 generally
1419 1463 184 75 preferred;
1631 1463 61 75 and
1710 1463 173 75 Chalmers
1896 1463 62 75 and
1974 1463 110 75 others
2102 1463 93 75 make
2210 1463 66 75 the

1239 1510 82 75 fame
1338 1510 190 75 diminution
1545 1510 33 75 in
1594 1510 43 75 all
1653 1510 160 75 columns,
1835 1510 138 75 without
1997 1510 117 75 regard
2139 1510 34 75 to
2190 1510 86 75 their

1240 1556 108 75 order.

1335 1661 35 75 2.
1419 1661 74 75 OF
1530 1661 126 75 THE
1697 1661 201 75 DORIC
1940 1661 230 75 ORDER.

1293 1752 86 75 The
1416 1752 132 75 Doric
1579 1752 153 75 Order,
1766 1752 107 75 (Plate
1897 1752 134 75 XXV.)
2073 1752 26 75 is
2131 1752 83 75 next
2241 1752 34 75 in

1239 1798 139 75 ftrength
1391 1798 36 75 to
1439 1798 54 75 the
1501 1798 152 75 Tufcan;
1673 1798 62 75 and
1746 1798 96 75 being
1858 1798 40 75 of
1910 1798 18 75 a
1944 1798 109 75 grave,
2071 1798 120 75 robuft,
2209 1798 66 75 and

1237 1846 169 75 mafeuline
1431 1846 120 75 afpedt,
1573 1846 28 75 is
1622 1846 43 75 by
1686 1846 170 75 Scamozzi
1873 1846 103 75 called
1998 1846 54 75 the
2076 1846 196 75 Herculean.

1237 1892 48 75 As
1311 1892 26 75 it
1365 1892 26 75 is
1416 1892 55 75 the
1496 1892 79 75 moft
1602 1892 125 75 ancient
1757 1892 38 75 of
1815 1892 50 75 all.
1887 1892 54 75 the
1958 1892 123 75 orders,
2106 1892 26 75 it
2155 1892 119 75 retains

1236 1939 90 75 more
1341 1939 41 75 of
1393 1939 56 75 the
1464 1939 151 75 (trudture
1641 1939 40 75 of
1702 1939 54 75 the
1785 1939 158 75 primitive
1959 1939 75 75 huts
2051 1939 78 75 than
2156 1939 62 75 any
2235 1939 42 75 of

1238 1985 55 75 the
1316 1985 61 75 reft
1391 1985 11 75 ;
1445 1985 55 75 the
1529 1985 158 75 triglyphs
1711 1985 33 75 m
1771 1985 43 75 its
1842 1985 108 75 freeze
1974 1985 215 75 reprefenting
2216 1985 56 75 the

1228 2032 84 75 ^nds
1328 2032 41 75 of
1380 2032 55 75 the
1446 2032 93 75 joifts
1551 2032 11 75 ;
1589 2032 62 75 and
1663 2032 55 75 the
1734 2032 139 75 mutules
1890 2032 35 75 in
1939 2032 42 75 its
1999 2032 138 75 cornice,
2163 2032 108 75 repre-

1234 2076 122 75 fenting
1378 2076 56 75 the
1453 2076 131 75 rafters.

1282 2123 76 75 The
1375 2123 112 75 height
1498 2123 41 75 of
1550 2123 56 75 the
1623 2123 106 75 Doric
1746 2123 141 75 column,
1912 2123 164 75 including
2092 2123 45 75 its
2152 2123 116 75 capita!

1236 2170 61 75 and
1314 2170 85 75 bafe,
1424 2170 27 75 is
1473 2170 41 75 16
1531 2170 163 75 modules,
1717 2170 62 75 and
1795 2170 56 75 the
1867 2170 111 75 height
1995 2170 40 75 of
2054 2170 55 75 the
2126 2170 143 75 entabla-

1235 2216 71 75 ture
1322 2216 95 75 four;
1444 2216 54 75 the
1515 2216 96 75 latter
1636 2216 40 75 of
1697 2216 105 75 which
1826 2216 96 75 being
1941 2216 130 75 divided
2095 2216 69 75 into
2180 2216 91 75 eight

1235 2262 99 75 parts,
1359 2262 68 75 two
1443 2262 41 75 of
1495 2262 89 75 them
1601 2262 53 75 are
1669 2262 53 75 for
1742 2262 58 75 the
1822 2262 190 75 architrave,
2038 2262 91 75 three
2145 2262 52 75 for
2212 2262 57 75 the

1235 2310 94 75 fuze,
1357 2310 62 75 and
1440 2310 90 75 three
1549 2310 52 75 for
1621 2310 56 75 the
1694 2310 148 75 cornice..

1282 2355 38 75 In
1336 2355 81 75 moft
1433 2355 40 75 of
1487 2355 55 75 the
1559 2355 159 75 antiques,
1743 2355 55 75 the
1810 2355 104 75 Doric
1927 2355 127 75 column
2066 2355 27 75 is
2106 2355 172 75 executed,

1234 2401 139 75 without
1388 2401 19 75 a
1422 2401 84 75 bafe.
1540 2401 112 75 Vitruv
1660 2401 49 75 ius
1720 2401 137 75 likewife
1869 2401 108 75 makes
1995 2401 26 75 it
2032 2401 137 75 without
2180 2401 61 75 one
2253 2401 10 75 ;

1234 2447 53 75 the
1305 2447 85 75 bafe,
1416 2447 172 75 according
1612 2447 35 75 to
1671 2447 82 75 him,
1774 2447 117 75 having
1912 2447 79 75 been
2012 2447 64 75 firft
2092 2447 172 75 employed

1233 2493 32 75 in
1282 2493 56 75 the
1353 2493 92 75 Ionic
1461 2493 107 75 order,
1593 2493 31 75 in
1642 2493 157 75 imitation
1818 2493 40 75 of
1879 2493 54 75 the
1956 2493 109 75 fandal
2089 2493 41 75 of
2152 2493 19 75 a
2197 2493 67 75 wo-

1234 2540 99 75 mans
1362 2540 83 75 foot.
1496 2540 170 75 Scamozzi
1694 2540 120 75 blames
1836 2540 65 75 this
1926 2540 149 75 pradfice,
2099 2540 63 75 and
2183 2540 81 75 moft:

1236 2585 39 75 of
1289 2585 55 75 the
1360 2585 132 75 modern
1510 2585 169 75 architedfs
1695 2585 52 75 are
1764 2585 39 75 of
1813 2585 54 75 his
1882 2585 146 75 Opinion.

1279 2631 37 75 In
1328 2631 56 75 the
1400 2631 111 75 profile
1527 2631 40 75 of
1577 2631 55 75 the
1649 2631 123 75 theatre
1784 2631 40 75 of
1844 2631 193 75 Marcellus,
2060 2631 57 75 the
2134 2631 82 75 frize
2232 2631 28 75 is

1233 2677 153 75 enriched
1408 2677 78 75 with
1511 2677 96 75 hulks
1623 2677 61 75 and
1700 2677 109 75 rofes;
1847 2677 56 75 the
1928 2677 180 75 architrave
2135 2677 125 75 confifts

1234 2726 75 75 only
1326 2726 39 75 of
1376 2726 60 75 one
1451 2726 98 75 fafeia
1564 2726 62 75 and
1653 2726 18 75 a
1694 2726 101 75 fillet;
1822 2726 55 75 the
1904 2726 103 75 drops
2028 2726 57 75 are
2110 2726 158 75 conical;,

1234 2769 53 75 the
1303 2769 125 75 metope
1448 2769 26 75 is
1490 2769 149 75 enriched
1656 2769 77 75 with
1752 2769 18 75 a
1789 2769 94 75 bulls
1902 2769 97 75 (kuU,
2021 2769 142 75 adorned
2179 2769 80 75 with

1234 2814 17 75 a
1275 2814 132 75 garland
1431 2814 39 75 of
1487 2814 110 75 beads,
1621 2814 32 75 in
1680 2814 156 75 imitation
1853 2814 40 75 of
1903 2814 90 75 thofe
2010 2814 42 75 on
2067 2814 56 75 the
2139 2814 119 75 temple

1233 2861 38 75 of
1282 2861 127 75 Jupiter
1424 2861 133 75 Tonans
1582 2861 31 75 at
1629 2861 55 75 the
1700 2861 71 75 foot
1788 2861 40 75 of
1850 2861 55 75 the
1922 2861 144 75 Capitol.
2115 2861 38 75 In
2170 2861 86 75 feme

1233 2910 129 75 antique
1387 2910 186 75 fragments,
1598 2910 62 75 and
1675 2910 33 75 in
1725 2910 18 75 a
1758 2910 90 75 great
1863 2910 96 75 many
1984 2910 149 75 mordern
2149 2910 112 75 build-

1232 2955 81 75 ings,
1338 2955 55 75 the
1412 2955 140 75 metopes
1570 2955 53 75 are
1641 2955 188 75 alternately
1846 2955 141 75 adorned
2002 2955 81 75 with
2098 2955 161 75 ox-(kulls

1231 3002 61 75 and
1308 3002 137 75 pateras.
1493 3002 66 75 But
1576 3002 77 75 they
1673 3002 73 75 may
1765 3002 40 75 be
1821 3002 87 75 filled
1924 3002 79 75 with
2016 3002 60 75 any
2093 3002 93 75 other
2202 3002 55 75 or-

1229 3050 155 75 naments,
1410 3050 171 75 according
1598 3050 33 75 to
1653 3050 54 75 the
1724 3050 188 75 tkftination
1927 3050 40 75 of
1978 3050 229 75 the,building.

2122 3100 34 75 3:.
2186 3100 73 75 OE
