2396 3377
493 83 41 75 A
591 83 50 75 M
700 83 42 75 A

1048 83 18 75 (
1129 65 17 49 I
1146 83 28 75 3
1174 65 29 49 I

120 149 159 75 AMAN,
305 149 19 75 a
339 149 75 75 port
432 149 40 75 of
482 149 128 75 Africa,
634 149 34 75 in
688 149 57 75 the
760 149 155 75 kingdom
931 149 41 75 of
982 149 173 75 Morocco,

166 194 83 75 upon
283 194 55 75 the
370 194 147 75 Atlantic
547 194 112 75 ocean,
684 194 157 75 between,
858 194 77 75 cape
971 194 85 75 Ger,
1092 194 65 75 and

168 241 76 75 cape
262 241 133 75 Cantin.

118 287 132 75 Aman,
274 287 28 75 is
319 287 66 75 aifo
401 287 55 75 the
472 287 92 75 name
587 287 40 75 of
647 287 18 75 a
682 287 165 75 kingdom,
866 287 76 75 near
961 287 56 75 the
1034 287 121 75 middle

167 333 40 75 of
218 333 55 75 the
289 333 100 75 ifland
403 333 41 75 of
460 333 161 75 Sumatra,
647 333 33 75 in
696 333 56 75 the
768 333 45 75 £.
831 333 124 75 Indies,.

118 379 226 75 AMANCE,
369 379 19 75 a
410 379 88 75 town
515 379 40 75 of
576 379 154 75 Lorrain,
754 379 136 75 fituated
912 379 32 75 in
970 379 47 75 .6°
1042 379 51 75 ro'
1109 379 45 75 E.

166 426 89 75 long,
273 426 64 75 and
353 426 67 75 48°
435 426 55 75 4c/
507 426 48 75 N.
572 426 58 75 lat.
649 426 99 75 about
770 426 92 75 feven
883 426 90 75 miles
990 426 49 75 N.
1057 426 44 75 E.
1118 426 43 75 of

126 473 4 75 .
165 473 130 75 Nancy.

119 519 196 75 AMAND,
341 519 38 75 or
396 519 52 75 St
467 519 158 75 Amand,
642 519 57 75 the
715 519 91 75 name
822 519 41 75 of
877 519 66 75 two
958 519 117 75 towns,
1093 519 62 75 one

166 565 137 75 lituated
319 565 31 75 in
371 565 57 75 the
444 565 108 75 duchy
569 565 42 75 of
627 565 168 75 Bourbon,
819 565 33 75 in
869 565 56 75 the
945 565 151 75 province
1119 565 41 75 of

165 611 167 75 Lyonnois
350 611 32 75 in
399 611 143 75 France;
562 611 63 75 and
633 611 55 75 the
700 611 94 75 other
803 611 33 75 in
845 611 127 75 French
983 611 169 75 Flanders,

167 657 97 75 about
279 657 47 75 fix
342 657 90 75 miles
449 657 48 75 N.
510 657 41 75 of
562 657 245 75 Valenciennes.

118 704 261 75 AMANTEA,
405 704 19 75 a
446 704 141 75 fea-port
609 704 88 75 town
722 704 61 75 and
808 704 136 75 biihop’s
967 704 50 75 fee
1039 704 41 75 of
1097 704 57 75 the

165 750 154 75 kingdom
335 750 40 75 of
393 750 136 75 Naples,
554 750 135 75 fituared
705 750 75 75 near
796 750 57 75 the
880 750 62 75 bay
959 750 40 75 of
1020 750 133 75 Euphe-

164 796 78 75 mia,
265 796 34 75 in
316 796 55 75 the
388 796 151 75 province
550 796 41 75 of
602 796 162 75 Calabria,
789 796 33 75 in
843 796 42 75 16
885 778 23 49 0
928 796 56 75 20'
999 796 45 75 E.
1061 796 90 75 long,

165 843 64 75 and
246 843 44 75 39
290 825 23 49 0
336 843 51 75 15'
404 843 47 75 N.
468 843 60 75 lat.

118 888 285 75 AMAPALLA,
428 888 29 75 a.
466 888 143 75 fea-port
628 888 88 75 town
733 888 40 75 of
783 888 150 75 Mexico,
951 888 33 75 in
1005 888 56 75 the
1078 888 74 75 pro-

125 935 3 75 ,
164 935 92 75 vince
279 935 41 75 of
338 935 201 75 Guatimala,
564 935 134 75 fituated
718 935 42 75 on
775 935 57 75 the
847 935 119 75 Pacific
982 935 111 75 ocean,
1118 935 34 75 in

166 982 43 75 93
209 964 25 49 0
253 982 62 75 W.
332 982 88 75 long,
446 982 63 75 and

669 982 47 75 N.
734 982 59 75 lat.

116 1028 287 75 AMARACUS,
438 1028 33 75 in
494 1028 133 75 botany,
652 1028 20 75 a
698 1028 174 75 fynonyme
900 1028 41 75 of
962 1028 57 75 the
1045 1028 105 75 origa-

166 1073 87 75 num.
303 1073 62 75 See
382 1073 234 75 Origanum.

117 1120 296 75 AMARANTA,
439 1120 39 75 or
493 1120 237 75 Amaranth,
757 1120 38 75 an
828 1120 98 75 order
952 1120 41 75 of
1020 1120 131 75 knight-

164 1165 99 75 hood,
289 1165 165 75 inftituted
469 1165 32 75 in
523 1165 101 75 i6J3,
650 1165 44 75 by
710 1165 161 75 Chriftina
881 1165 116 75 Queen
1009 1165 40 75 of
1061 1165 90 75 Swe-

136 1212 4 75 .
163 1212 74 75 den,
262 1212 33 75 in
311 1212 145 75 memory
478 1212 38 75 of
529 1212 20 75 a
564 1212 219 75 mafquerade,
800 1212 140 75 wherein
956 1212 53 75 fhe
1022 1212 66 75 had
1105 1212 47 75 af-

164 1258 109 75 fumed
287 1258 72 75 that
374 1258 105 75 name,
496 1258 105 75 which
617 1258 133 75 fignifies
768 1258 173 75 unfading,
966 1258 38 75 or
1021 1258 129 75 immor-

164 1305 63 75 tal.
275 1305 73 75 Her
365 1305 141 75 nobility
520 1305 139 75 likewife
683 1305 138 75 aflumed
843 1305 150 75 different
1021 1305 130 75 charac-

164 1351 79 75 ters,
268 1351 72 75 viz.
360 1351 41 75 of
412 1351 93 75 gods,
524 1351 174 75 goddeffes,
716 1351 182 75 Ibepherds,
922 1351 148 75 nymphs,
1084 1351 80 75 <bc.'

164 1396 63 75 and
243 1396 34 75 fo
300 1396 74 75 well
398 1396 130 75 pleafed'
549 1396 66 75 was
639 1396 54 75 the
709 1396 116 75 Queen
847 1396 81 75 with
955 1396 56 75 the
1042 1396 107 75 diver-

163 1443 78 75 fion,
267 1443 72 75 that
361 1443 52 75 flie
438 1443 162 75 inftituted
616 1443 64 75 this
705 1443 96 75 order
822 1443 32 75 in
882 1443 145 75 memory
1044 1443 40 75 of
1109 1443 39 75 it,

163 1490 164 75 confifting
343 1490 42 75 of
400 1490 40 75 16
458 1490 101 75 lords,
585 1490 61 75 and
674 1490 34 75 as
733 1490 95 75 many
844 1490 114 75 ladies,
987 1490 78 75 with
1093 1490 56 75 the

163 1536 116 75 motto,
293 1536 104 75 Dolce
412 1536 88 75 nella
516 1536 164 75 memoria.

117 1583 297 75 AMARANTH,
440 1583 32 75 in
489 1583 132 75 botany.
672 1583 62 75 See
750 1583 290 75 Amaranthus.

117 1628 448 75 AMARANTHOIDES,
590 1628 32 75 in
647 1628 131 75 botany,
803 1628 56 75 the
876 1628 104 75 trivial
1005 1628 91 75 name
1112 1628 40 75 of

165 1673 19 75 a
199 1673 116 75 fpecies
339 1673 40 75 of
398 1673 199 75 illecebrum.
645 1673 61 75 See
723 1673 267 75 Illecebrum.

117 1719 361 75 AMARANTHUS,
503 1719 31 75 in
551 1719 132 75 botany,
710 1719 18 75 a
752 1719 98 75 genus
867 1719 40 75 of
925 1719 56 75 the
997 1719 151 75 monascia

164 1765 185 75 pentandria
376 1765 91 75 clafs.
515 1765 77 75 The
616 1765 126 75 flowers
770 1765 81 75 have
873 1765 42 75 no
938 1765 101 75 petals
1054 1765 10 75 ;
1091 1765 55 75 the

121 1812 5 75 .
163 1812 86 75 calix
263 1812 28 75 is
315 1812 157 75 multifid;
498 1812 64 75 and
576 1812 57 75 the
648 1812 89 75 feeds
750 1812 53 75 are
814 1812 167 75 contained
998 1812 33 75 in
1047 1812 98 75 mem-

163 1859 192 75 branaceous
374 1859 120 75 velfels,
518 1859 62 75 and
593 1859 76 75 very
681 1859 183 75 numerous.
906 1859 112 75 There
1034 1859 53 75 are
1101 1859 42 75 22

161 1905 117 75 fpecies
294 1905 42 75 of
360 1905 217 75 amaranthus,
600 1905 83 75 none
706 1905 40 75 of
767 1905 88 75 them
879 1905 120 75 natives
1017 1905 41 75 of
1071 1905 74 75 Bri-

161 1950 78 75 tain,
265 1950 115 75 except
401 1950 55 75 the
473 1950 126 75 blitum,
616 1950 39 75 or
670 1950 90 75 leffer
775 1950 79 75 blite
867 1950 9 75 ;
902 1950 41 75 all
963 1950 55 75 the
1035 1950 109 75 others

161 1999 53 75 are
229 1999 102 75 fmmd
346 1999 32 75 in
395 1999 55 75 the
477 1999 121 75 Indies.
645 1999 77 75 The
739 1999 200 75 amaranthus
964 1999 27 75 is
1015 1999 68 75 faid
1109 1999 36 75 to

161 2043 42 75 be
218 2043 184 75 aftringent.

113 2089 299 75 AMARYLLIS,
437 2089 32 75 in
499 2089 133 75 botany,
659 2089 18 75 a
701 2089 97 75 genus
823 2089 40 75 of
888 2089 56 75 the
968 2089 178 75 hexandria

161 2136 193 75 monogynia
369 2136 92 75 clafs.
508 2136 77 75 The
601 2136 111 75 fpatha
723 2136 40 75 of
773 2136 55 75 the
845 2136 161 75 amaryllis
1019 2136 125 75 confifts

161 2181 40 75 of
222 2181 61 75 one
299 2181 76 75 leaf,
400 2181 55 75 the
471 2181 122 75 flower,
617 2181 65 75 like
709 2181 95 75 other
831 2181 164 75 liliaceous
1023 2181 119 75 plants,

161 2227 57 75 has
235 2227 47 75 fix
300 2227 115 75 petals,
432 2227 63 75 and
510 2227 57 75 the
583 2227 110 75 ftigma
708 2227 26 75 is
752 2227 100 75 trifid.
899 2227 113 75 There
1032 2227 53 75 are
1102 2227 39 75 12

161 2274 115 75 fpecies
294 2274 41 75 of
352 2274 54 75 the
423 2274 173 75 amaryllis,
621 2274 44 75 ail
692 2274 41 75 of
759 2274 89 75 them
879 2274 121 75 natives
1025 2274 41 75 of
1088 2274 56 75 the

160 2321 100 75 warm
276 2321 155 75 climates.
479 2321 73 75 Fig.
575 2321 31 75 1.
623 2321 41 75 of
673 2321 86 75 plate
778 2321 85 75 XII.
888 2321 176 75 reprefents
1089 2321 55 75 the

162 2367 176 75 orientalis,
357 2367 19 75 a
392 2367 105 75 native
513 2367 40 75 of
565 2367 111 75 theE.
694 2367 119 75 Indies.

115 2413 201 75 AMASIA,
342 2413 55 75 the
421 2413 153 75 northern
597 2413 130 75 divifion
759 2413 40 75 of
825 2413 91 75 lefter
943 2413 87 75 Afia,
1054 2413 89 75 lying

161 2459 41 75 on
219 2459 56 75 the
292 2459 37 75 S..
342 2459 89 75 fhore
447 2459 112 75 of-the
575 2459 131 75 Euxine
721 2459 63 75 fea.

114 2505 169 75 Amasia,
308 2505 26 75 is
358 2505 142 75 alfo-the
527 2505 90 75 name
649 2505 40 75 of
711 2505 56 75 the
799 2505 116 75 capital
943 2505 67 75 city
1026 2505 41 75 of
1086 2505 56 75 the

161 2553 99 75 above
277 2553 161 75 province,
462 2553 133 75 fituated
617 2553 32 75 in
668 2553 65 75 36°
752 2553 45 75 E.
813 2553 90 75 long,
921 2553 62 75 and
1006 2553 43 75 42
1049 2535 24 49 0
1091 2553 49 75 N.

162 2597 56 75 lat.
244 2597 98 75 about
361 2597 43 75 70
420 2597 91 75 miles
530 2597 37 75 S.
583 2597 40 75 of
634 2597 55 75 the
703 2597 131 75 Euxine
849 2597 63 75 fea.

114 2644 261 75 AMASTRIS,
400 2644 38 75 or
452 2644 210 75 Amastro,
686 2644 20 75 a
725 2644 67 75 city
807 2644 41 75 of
859 2644 121 75 Turky
996 2644 31 75 in
1051 2644 88 75 Afia,

160 2689 32 75 in
220 2689 56 75 the
303 2689 148 75 province
473 2689 41 75 of
537 2689 178 75 Brefangil,
739 2689 136 75 fituated
896 2689 42 75 on
960 2689 55 75 the
1037 2689 103 75 Black

163 2734 74 75 Sea.

114 2782 270 75 AMATIDES,
409 2782 19 75 a
450 2782 91 75 name
557 2782 77 75 ufed
654 2782 44 75 by
714 2782 85 75 fome
815 2782 52 75 for
883 2782 39 75 an
938 2782 201 75 incombufti-

162 2826 50 75 ble
228 2826 99 75 ftone.
378 2826 60 75 See
457 2826 257 75 Amianthus.

115 2875 311 75 AMATITLAN,
452 2875 19 75 a
501 2875 88 75 town
621 2875 40 75 of
683 2875 49 75 N.
756 2875 164 75 America,
945 2875 135 75 fituated
1105 2875 33 75 in

161 2919 54 75 the
230 2919 105 75 valley
352 2919 41 75 of
408 2919 131 75 Mixco,
564 2919 31 75 in
619 2919 56 75 the
690 2919 151 75 province
856 2919 39 75 of
905 2919 199 75 Guatimala.

1266 85 18 75 )

1638 85 42 75 A
1738 85 49 75 M
1847 85 36 75 B

1206 149 249 75 AMATORII
1483 149 150 75 mufculi,
1660 149 32 75 in
1723 149 162 75 anatomy,
1912 149 18 75 a
1953 149 82 75 term
2064 149 185 75 fometimes

1252 194 76 75 ufed
1348 194 54 75 for
1426 194 56 75 the
1511 194 150 75 obliquus
1682 194 144 75 fuperior
1850 194 62 75 and
1937 194 152 75 obliquus
2115 194 135 75 inferior

1251 241 131 75 mulcles
1418 241 42 75 of
1478 241 56 75 the
1562 241 70 75 eye,
1658 241 34 75 as
1725 241 88 75 thefe
1845 241 133 75 mufcles
2012 241 77 75 affift
2122 241 33 75 in
2189 241 58 75 og-

1250 286 68 75 ling
1348 286 37 75 or
1408 286 144 75 drawing
1575 286 55 75 the
1658 286 58 75 eye
1725 286 176 75 Tideways.
1948 286 62 75 See
2027 286 219 75 Anatomy,

1253 333 72 75 part
1338 333 64 75 VI.

1203 380 273 75 AMATRICE,
1502 380 19 75 a
1536 380 68 75 city
1619 380 40 75 of
1678 380 56 75 the
1751 380 156 75 kingdom
1924 380 40 75 of
1983 380 138 75 Naples,
2140 380 33 75 in
2189 380 57 75 the

1250 425 123 75 farther
1389 425 171 75 Abruzzo,
1586 425 84 75 upon
1686 425 56 75 the
1762 425 139 75 confines
1918 425 41 75 of
1979 425 55 75 the
2051 425 111 75 pope’s
2179 425 66 75 ter-

1252 472 138 75 ritories,
1416 472 63 75 and
1495 472 55 75 the
1566 472 191 75 marquifate
1774 472 40 75 of
1832 472 150 75 Ancona.

1203 519 297 75 AMAUROSIS,
1526 519 31 75 in
1574 519 167 75 medicine,
1760 519 19 75 a
1794 519 169 75 diftemper
1974 519 33 75 in
2023 519 56 75 the
2097 519 71 75 eye,
2186 519 56 75 oc-

1251 565 144 75 cafioned
1410 565 42 75 by
1464 565 40 75 an
1520 565 203 75 infenfibility
1739 565 40 75 of
1791 565 55 75 the
1868 565 114 75 retina.
2033 565 62 75 See
2111 565 130 75 Medi-

1201 658 218 75 AMAUSA,
1445 658 19 75 a
1479 658 81 75 term
1576 658 75 75 ufed
1671 658 44 75 by
1730 658 146 75 chemifts
1894 658 52 75 for
1963 658 101 75 paftes
2091 658 149 75 counter-

1250 703 113 75 feiting
1379 703 103 75 gems.

1201 749 258 75 AMAXOBII,
1484 749 55 75 the
1555 749 84 75 fame
1651 749 77 75 with
1744 749 194 75 hatnaxohii.

1200 797 224 75 AMAZON,
1448 797 33 75 in
1498 797 20 75 a
1544 797 129 75 general
1695 797 98 75 fcnfe,
1817 797 133 75 denotes
1979 797 19 75 a
2024 797 80 75 bold,
2124 797 114 75 daring

1249 843 135 75 woman.

1200 889 249 75 AMAZONS,
1475 889 84 75 were
1576 889 39 75 an
1632 889 124 75 ancient
1780 889 108 75 nation
1915 889 43 75 of
1975 889 135 75 women,
2143 889 91 75 inha-

1248 934 102 75 biting
1379 934 72 75 that
1474 934 72 75 part
1571 934 42 75 of
1638 934 91 75 lefier
1760 934 76 75 Afia
1859 934 73 75 now
1964 934 104 75 called
2094 934 140 75 Amalia!

1249 981 61 75 See
1328 981 173 75 Amasia,

1294 1028 77 75 The
1383 1028 164 75 Amazons
1565 1028 53 75 are
1634 1028 65 75 faid
1720 1028 35 75 to
1772 1028 80 75 have
1869 1028 98 75 killed
1985 1028 42 75 all
2045 1028 85 75 their
2152 1028 83 75 male

1248 1075 155 75 children,
1429 1075 63 75 and
1508 1075 34 75 to
1560 1075 82 75 have
1659 1075 54 75 cut
1729 1075 52 75 off
1792 1075 55 75 the
1863 1075 87 75 right
1965 1075 117 75 breafts
2099 1075 41 75 of
2151 1075 83 75 their

1248 1120 143 75 females,
1416 1120 36 75 to
1468 1120 36 75 fit
1523 1120 89 75 them
1632 1120 51 75 for
1703 1120 124 75 martial
1856 1120 169 75 exercifes.
2072 1120 77 75 The
2173 1120 59 75 ex-

1247 1167 128 75 iftence,
1399 1167 163 75 however,
1586 1167 41 75 of
1645 1167 80 75 fuch
1740 1167 18 75 a
1773 1167 107 75 nation
1896 1167 28 75 is
1941 1167 241 75 controverted"
2189 1167 44 75 by

1249 1212 94 75 many
1356 1212 162 75 judicious
1538 1212 145 75 authors,
1708 1212 64 75 and
1786 1212 159 75 defended
1961 1212 43 75 by
2020 1212 121 75 others,
2159 1212 73 75 par-

1248 1259 148 75 ticularly
1412 1259 58 75 Mr
1486 1259 102 75 Petit,
1605 1259 74 75 who
1695 1259 56 75 has
1769 1259 163 75 publifned
1947 1259 19 75 a
1981 1259 196 75 diflertation
2188 1259 43 75 on

1247 1305 54 75 the
1324 1305 131 75 fufcjeft,
1479 1305 141 75 wherein
1636 1305 53 75 are
1704 1305 119 75 feveral
1842 1305 126 75 curious
1985 1305 151 75 inquiries
2154 1305 75 75 con-

1246 1352 129 75 cerning
1391 1352 85 75 their
1492 1352 96 75 arms,
1600 1352 98 75 drefs,
1717 1352 64 75 dv.

1294 1398 65 75 We
1371 1398 64 75 alfo
1445 1398 77 75 read
1533 1398 40 75 of
1581 1398 153 75 Scythian
1745 1398 178 75 Amazons,
1934 1398 39 75 of
1976 1398 144 75 German
2129 1398 99 75 Ama-

1246 1445 91 75 zons,
1358 1445 40 75 of
1408 1445 128 75 Lybian
1553 1445 177 75 Amazons,
1756 1445 61 75 and
1833 1445 166 75 Amazons
2016 1445 40 75 of
2064 1445 163 75 America,

1242 1490 98 75 living
1371 1490 42 75 on
1442 1490 54 75 the
1516 1490 100 75 banks
1633 1490 40 75 of
1695 1490 56 75 the
1776 1490 90 75 great
1892 1490 84 75 river
1999 1490 106 75 which
2134 1490 93 75 bears

1244 1536 86 75 their
1351 1536 104 75 name,
1480 1536 75 75 who
1577 1536 54 75 are
1654 1536 200 75 reprefented
1885 1536 33 75 as
1950 1536 162 75 governed
2143 1536 43 75 by
2208 1536 20 75 a

1244 1583 114 75 queen,
1382 1583 43 75 no
1441 1583 73 75 man
1529 1583 96 75 being
1645 1583 171 75 permitted
1841 1583 35 75 to
1898 1583 63 75 live
1985 1583 116 75 among
2116 1583 109 75 them;

1243 1629 88 75 only,
1352 1629 33 75 at
1412 1629 19 75 a
1459 1629 119 75 certain
1605 1629 119 75 feafon,
1750 1629 90 75 thofe
1860 1629 40 75 of
1919 1629 54 75 the
1996 1629 231 75 neighbouring

1243 1676 124 75 nations
1385 1676 53 75 are
1455 1676 138 75 fuffered
1608 1676 35 75 to
1665 1676 70 75 vifit
1751 1676 87 75 them
1856 1676 52 75 for
1930 1676 55 75 the
2002 1676 74 75 fake
2093 1676 40 75 of
2151 1676 74 75 pro-

1243 1722 152 75 creation.
1443 1722 86 75 The.
1544 1722 166 75 Amazons
1742 1722 41 75 of
1800 1722 108 75 Lybia
1939 1722 54 75 are
2027 1722 125 75 famous
2173 1722 53 75 for

1242 1767 84 75 their
1342 1767 81 75 wars
1440 1767 76 75 with
1535 1767 133 75 another
1679 1767 116 75 female
1812 1767 108 75 nation
1941 1767 102 75 called
2055 1767 168 75 Gorgons.

1245 1814 61 75 See
1333 1814 208 75 Gorgons.

1288 1860 54 75 On
1354 1860 133 75 medals,
1500 1860 55 75 the
1572 1860 69 75 buft
1657 1860 40 75 of
1707 1860 55 75 the
1774 1860 164 75 Amazons
1954 1860 26 75 is
1997 1860 165 75 ordinarly
2173 1860 50 75 re-

1240 1907 164 75 prefented
1421 1907 109 75 armed
1546 1907 78 75 with
1645 1907 19 75 a
1684 1907 84 75 little
1783 1907 174 75 battle-ax,
1982 1907 105 75 Called
2108 1907 44 75 by
2167 1907 58 75 the

1241 1953 143 75 Remans
1416 1953 113 75 biceps,
1561 1953 40 75 or
1622 1953 141 75 fecuris,
1787 1953 106 75 which
1921 1953 78 75 they
2026 1953 122 75 carried
2179 1953 44 75 on

1241 1999 83 75 their
1350 1999 146 75 fhouldv*;-
1520 1999 79 75 with
1628 1999 17 75 a
1672 1999 88 75 fmall
1784 1999 144 75 buckler,
1965 1999 33 75 in
2024 1999 85 75 form
2141 1999 40 75 of
2203 1999 19 75 a

1240 2045 74 75 half
1331 2045 109 75 moon,
1464 2045 224 75 diftinguifhed
1709 2045 44 75 by
1768 2045 55 75 the
1839 2045 92 75 name
1952 2045 39 75 of
2006 2045 105 75 fella,
2136 2045 86 75 upon

1239 2091 85 75 their
1338 2091 62 75 left
1415 2091 80 75 arm.

1193 2137 205 75 Amazons,
1423 2137 32 75 in
1473 2137 18 75 a
1507 2137 164 75 figurative
1687 2137 98 75 fenfe,
1810 2137 39 75 an
1866 2137 192 75 appellation
2075 2137 93 75 given
2185 2137 38 75 to

1240 2184 87 75 bees,
1352 2184 34 75 as
1403 2184 94 75 being
1514 2184 160 75 governed
1689 2184 43 75 by
1748 2184 18 75 a
1783 2184 116 75 queen.

1192 2229 190 75 Amazon,
1407 2229 32 75 in
1463 2229 196 75 geography,
1686 2229 18 75 a
1730 2229 89 75 great
1842 2229 83 75 river
1948 2229 33 75 in
2000 2229 38 75 S.
2054 2229 165 75 America,

1239 2274 105 75 which
1375 2274 95 75 riling
1501 2274 31 75 in
1557 2274 97 75 Peru,
1679 2274 74 75 near
1776 2274 55 75 the
1863 2274 146 75 equator,
2034 2274 76 75 runs
2142 2274 77 75 caft-

1239 2320 90 75 ward
1352 2320 19 75 a
1398 2320 108 75 courfe
1531 2320 40 75 of
1589 2320 88 75 more
1701 2320 78 75 than
1806 2320 89 75 3009
1912 2320 116 75 miles;
2055 2320 74 75 and,
2154 2320 65 75 like

1239 2367 92 75 other
1352 2367 99 75 rivers
1475 2367 144 75 between
1645 2367 55 75 the
1721 2367 132 75 tropics,
1879 2367 148 75 annually
2051 2367 168 75 overflows

1239 2413 40 75 its
1303 2413 114 75 banks,
1449 2413 31 75 at
1512 2413 106 75 which
1645 2413 106 75 feafon
1775 2413 26 75 it
1833 2413 26 75 is
1893 2413 98 75 about
2028 2413 66 75 150
2126 2413 91 75 miles

1238 2458 100 75 broad
1361 2458 106 75 where
1484 2458 26 75 it
1532 2458 74 75 falls
1634 2458 69 75 into
1729 2458 55 75 the
1812 2458 112 75 ocean.

1188 2508 311 75 AMAZONIAN,
1524 2508 130 75 denotes
1682 2508 84 75 Line
1769 2508 89 75 thing
1889 2508 174 75 belonging
2095 2508 36 75 to
2161 2508 56 75 the

1236 2552 162 75 amazons.

1188 2600 257 75 AMBACHT,
1470 2600 18 75 a
1503 2600 82 75 term
1601 2600 76 75 ufed
1699 2600 31 75 in
1755 2600 85 75 fome
1867 2600 86 75 parts
1982 2600 40 75 of
2049 2600 168 75 Germany

1237 2643 61 75 and
1324 2643 165 75 Flanders,
1515 2643 52 75 for
1588 2643 56 75 the
1676 2643 184 75 magiftracy
1888 2643 40 75 of
1948 2643 18 75 a
1997 2643 78 75 city,
2102 2643 36 75 or
2160 2643 56 75 the

1235 2690 117 75 diftridl
1368 2690 37 75 or
1420 2690 152 75 territory
1589 2690 168 75 belonging
1773 2690 35 75 to
1823 2690 39 75 it.

1187 2739 258 75 AMBADAR,
1470 2739 18 75 a
1504 2739 65 75 city
1586 2739 39 75 of
1643 2739 127 75 Africa,
1795 2739 31 75 in
1848 2739 55 75 the
1924 2739 99 75 upper
2046 2739 167 75 Ethiopia,

1233 2784 131 75 fituated
1380 2784 84 75 upon
1481 2784 55 75 the
1552 2784 91 75 Nile,
1651 2784 148 75 between
1814 2784 55 75 the
1878 2784 166 75 provinces
2053 2784 40 75 of
2104 2784 67 75 Dai
2178 2784 35 75 n-

1233 2829 59 75 bea
1307 2829 61 75 and
1385 2829 114 75 Savea.

1188 2879 247 75 AMBAGES.
1485 2879 61 75 See
1574 2879 380 75 Circumlocution.

1187 2928 360 75 AMBAMARJAM,
1580 2928 38 75 or
1640 2928 181 75 Ambara,
1857 2928 56 75 the
1942 2928 113 75 capital
2081 2928 67 75 city
2178 2928 41 75 of

2040 2981 174 75 Abylfinia,
