2428 3377
115 144 99 75 Part
233 144 29 75 I.

657 144 42 75 A
816 144 44 75 N
974 144 41 75 A
1134 144 28 75 1

113 204 46 75 tal
183 204 136 75 futures,
338 204 83 75 feem
436 204 57 75 yet
515 204 35 75 to
566 204 94 75 think
675 204 71 75 that
763 204 18 75 a
796 204 177 75 derivation
994 204 39 75 of
1054 204 93 75 noxi-

113 250 58 75 ous
189 250 151 75 humours
357 250 84 75 from
458 250 55 75 the
529 250 197 75 encephalon
741 250 26 75 is
780 250 89 75 more
881 250 95 75 eafily
990 250 159 75 procured

115 295 32 75 at
164 295 64 75 this
245 295 72 75 part
333 295 76 75 than
428 295 61 75 any
510 295 96 75 other
622 295 40 75 of
680 295 55 75 the
752 295 104 75 fkull;
884 295 62 75 and
962 295 70 75 that
1047 295 99 75 medi-

114 342 85 75 cines
215 342 82 75 have
322 342 19 75 a
357 342 136 75 -greater
517 342 94 75 effedt
626 342 88 75 here,
740 342 77 75 than
832 342 183 75 elfewhere,
1044 342 33 75 in
1093 342 56 75 the

112 388 138 75 internal
272 388 160 75 diforders
449 388 40 75 of
506 388 55 75 the
578 388 96 75 head.

162 434 98 75 Ossa
277 434 141 75 Tempo
428 434 95 75 rum,
544 434 34 75 fo
600 434 127 75 named,
744 434 53 75 fay
814 434 145 75 authors,
984 434 86 75 from
1093 434 56 75 the

114 480 98 75 hair’s
228 480 64 75 firft
308 480 169 75 becoming
496 480 80 75 grey
591 480 41 75 on
654 480 55 75 the
726 480 146 75 temples,
898 480 63 75 and
989 480 73 75 thus
1086 480 62 75 dif-

113 527 151 75 covering
281 527 128 75 peoples
427 527 86 75 ages,
528 527 53 75 are
596 527 78 75 each
691 527 41 75 of
739 527 87 75 them
837 527 95 75 equal
948 527 63 75 and
1021 527 128 75 fmooth

114 573 113 75 above,
244 573 79 75 with
340 573 19 75 a
373 573 80 75 very
464 573 67 75 thin
557 573 211 75 femidrcular
787 573 81 75 edge
883 573 9 75 ;
919 573 120 75 which,
1063 573 87 75 from

113 619 56 75 the
186 619 130 75 manner
330 619 41 75 of
383 619 40 75 its
437 619 186 75 connexion
634 619 80 75 with
727 619 54 75 the
794 619 232 75 neighbouring
1036 619 113 75 bones,

115 665 26 75 is
164 665 223 75 diilinguiihed
402 665 44 75 by
462 665 55 75 the
535 665 90 75 name
653 665 40 75 of
711 665 32 75 os
759 665 392 75 fquamdftun.—Behind

115 711 78 75 this,
211 711 56 75 the
282 711 99 75 upper
397 711 70 75 part
483 711 41 75 of
536 711 54 75 the
607 711 157 75 temporal
787 711 81 75 bone
884 711 27 75 is
930 711 137 75 thicker,
1088 711 64 75 and

114 757 90 75 more
220 757 150 75 unequal,
400 757 63 75 and
489 757 26 75 is
539 757 179 75 fometimes
734 757 165 75 defcnbed
924 757 33 75 as
986 757 19 75 a
1027 757 123 75 diftindt

114 803 84 75 part,
215 803 102 75 under
333 803 55 75 the
404 803 91 75 name
511 803 40 75 of
555 803 83 75 pars
652 803 240 75 mammillaris.
987 803 38 75 T
1027 803 121 75 owardS

114 849 57 75 the
199 849 72 75 bafe
295 849 41 75 of
355 849 55 75 the
434 849 92 75 llcull,
555 849 56 75 the
633 849 157 75 temporal
814 849 83 75 bone
925 849 129 75 appears
1072 849 79 75 very

115 895 155 75 irregular
302 895 63 75 and
387 895 165 75 unequal;
579 895 62 75 and
666 895 63 75 this
746 895 84 75 part,
853 895 119 75 inftead
996 895 41 75 of
1055 895 96 75 being

116 941 113 75 broad,
255 941 62 75 and
333 941 112 75 placed
460 941 288 75 perpendicularly,
778 941 34 75 as
829 941 56 75 tire
901 941 109 75 others
1027 941 67 75 are,
1123 941 26 75 is

116 988 180 75 contradied
313 988 68 75 into
398 988 39 75 an
454 988 119 75 oblong
595 988 80 75 very
691 988 81 75 hard
787 988 172 75 fubdance,
988 988 163 75 extended

116 1032 217 75 horizontally
349 1032 156 75 forwards
521 1032 62 75 and
598 1032 151 75 inwards,
772 1032 104 75 which
899 1032 32 75 in
946 1032 43 75 its
1005 1032 145 75 progrefs

116 1081 146 75 becomes
278 1081 138 75 frnaller,
434 1081 64 75 and
512 1081 27 75 is
557 1081 179 75 commonly
750 1081 105 75 called
872 1081 31 75 cs
917 1081 176 75 petrofum.

162 1127 112 75 Three
289 1127 148 75 external
459 1127 154 75 proceffes
641 1127 40 75 cf
699 1127 78 75 each
806 1127 155 75 temporal
985 1127 84 75 bone
1097 1127 53 75 are

117 1173 163 75 generally
294 1173 302 75 defcribed.—The
604 1173 87 75 firfi,
708 1173 113 75 placed
844 1173 33 75 at
893 1173 56 75 the
971 1173 101 75 lower
1089 1173 63 75 and

115 1219 168 75 hind-part
308 1219 40 75 of
374 1219 55 75 the
457 1219 95 75 bone,
577 1219 84 75 from
685 1219 41 75 its
744 1219 210 75 refemblance
974 1219 35 75 to
1037 1219 19 75 a
1080 1219 69 75 nip-

117 1265 65 75 ple,
198 1265 28 75 is
243 1265 104 75 called
362 1265 179 75 majloidcs,
554 1265 37 75 or
602 1265 242 75 mammillaris.
892 1265 32 75 It
940 1265 28 75 is
985 1265 57 75 not
1054 1265 93 75 fclid,

118 1311 58 75 but
192 1311 114 75 within
320 1311 27 75 is
364 1311 169 75 compofed
549 1311 40 75 of
599 1311 146 75 cancelii,
765 1311 38 75 or
817 1311 91 75 fmall
924 1311 89 75 cells,
1042 1311 105 75 which

117 1356 82 75 have
216 1356 18 75 a
250 1356 267 75 communication
539 1356 80 75 with
636 1356 55 75 the
707 1356 88 75 large
813 1356 106 75 cavity
935 1356 40 75 of
997 1356 55 75 the
1080 1356 67 75 ear,

117 1403 55 75 the
188 1403 92 75 drum
292 1403 11 75 ;
330 1403 63 75 and
409 1403 163 75 therefore
587 1403 129 75 founds,
733 1403 96 75 being
843 1403 180 75 multiplied
1034 1403 113 75 ii^this

116 1449 132 75 vaulted
267 1449 176 75 labyrinth,
469 1449 53 75 are
538 1449 173 75 increafed,
729 1449 109 75 before
855 1449 78 75 they
953 1449 53 75 are
1023 1449 126 75 applied

116 1496 36 75 to
172 1496 55 75 the
253 1496 185 75 immediate
458 1496 98 75 organ
583 1496 41 75 of
637 1496 145 75 hearing.
830 1496 75 75 Into
931 1496 56 75 the
1015 1496 134 75 maftoid

116 1543 140 75 procefs,
280 1543 56 75 the
352 1543 275 75 llenomaftoideus
652 1543 119 75 mufcle
794 1543 26 75 is
841 1543 159 75 inferted;
1027 1543 62 75 and
1112 1543 35 75 to

118 1589 41 75 its
176 1589 182 75 back-part,
375 1589 108 75 where
499 1589 54 75 the
569 1589 122 75 furface
715 1589 27 75 is
763 1589 115 75 rough,
904 1589 56 75 the
988 1589 159 75 trachelo-

116 1635 202 75 maftoideus,
345 1635 62 75 and
430 1635 73 75 part
518 1635 42 75 of
570 1635 55 75 the
644 1635 136 75 fplenius
805 1635 53 75 are
886 1635 263 75 fixed.—About

117 1681 40 75 an
173 1681 73 75 inch
266 1681 126 75 farther
407 1681 153 75 forward,
577 1681 56 75 the
639 1681 122 75 faortd
773 1681 125 75 procefs
914 1681 110 75 begins
1037 1681 35 75 to
1088 1681 60 75 rife

118 1727 58 75 out
195 1727 85 75 from
297 1727 56 75 the
368 1727 105 75 bone;
500 1727 63 75 and
585 1727 118 75 having
721 1727 41 75 its
788 1727 104 75 origin
917 1727 170 75 continued
1111 1727 37 75 o-

117 1774 145 75 bliquely
277 1774 202 75 downwards
495 1774 64 75 and
574 1774 155 75 forv/ards
746 1774 52 75 for
821 1774 86 75 feme
930 1774 84 75 way,
1042 1774 26 75 it
1092 1774 55 75 be-

118 1819 107 75 comes
240 1819 139 75 fmaller,
396 1819 63 75 and
474 1819 26 75 is
518 1819 157 75 Ifretched
692 1819 154 75 forv/ards
863 1819 35 75 to
911 1819 72 75 join
1001 1819 78 75 with
1092 1819 55 75 the

118 1866 35 75 os
172 1866 111 75 malae;
310 1866 76 75 they
403 1866 147 75 together
566 1866 140 75 forming
721 1866 55 75 the
797 1866 86 75 bony
896 1866 126 75 jugnm,
1045 1866 102 75 under

117 1912 107 75 which
247 1912 55 75 the
326 1912 155 75 temporal
504 1912 117 75 mufcle
641 1912 112 75 pafFeS.
801 1912 112 75 Hence
938 1912 63 75 this
1019 1912 126 75 procefs

116 1958 57 75 has
201 1958 79 75 been
303 1958 116 75 named
438 1958 190 75 zygomatic.
688 1958 47 75 Its
767 1958 99 75 upper
890 1958 81 75 edge
1000 1958 57 75 has
1091 1958 55 75 the

116 2005 107 75 ffrong
239 2005 197 75 aponeurofis
454 2005 39 75 of
505 2005 55 75 the
583 2005 157 75 temporal
758 2005 116 75 mufcle
894 2005 88 75 fixed
1005 2005 69 75 into
1098 2005 44 75 it;

117 2051 62 75 and
194 2051 41 75 its
251 2051 100 75 lower
366 2051 71 75 part
454 2051 86 75 gives
558 2051 59 75 rife
633 2051 36 75 to
686 2051 116 75 afhare
818 2051 43 75 of
869 2051 57 75 the
941 2051 206 75 maffeter.—

115 2098 77 75 The
209 2098 69 75 fore
296 2098 72 75 part
383 2098 41 75 of
442 2098 55 75 the
515 2098 72 75 bafe
603 2098 40 75 cf
667 2098 64 75 this
756 2098 125 75 procefs
908 2098 25 75 is
963 2098 38 75 an
1027 2098 120 75 oblong

117 2143 154 75 tubercle,
299 2143 105 75 which
427 2143 33 75 in
485 2143 18 75 a
528 2143 107 75 recent
661 2143 120 75 fubjedt
808 2143 26 75 is
860 2143 136 75 covered
1023 2143 80 75 with
1128 2143 18 75 a

116 2189 127 75 fmooth
274 2189 141 75 polifhed
445 2189 164 75 cartilage,
639 2189 171 75 continued
833 2189 83 75 from
940 2189 72 75 that
1039 2189 106 75 which

115 2236 80 75 lines
219 2236 55 75 the
302 2236 105 75 cavity
422 2236 219 75 immediately
657 2236 117 75 behind
805 2236 65 75 this
893 2236 167 75 tubercle.-

116 2283 98 75 From
233 2283 55 75 the
310 2283 101 75 under
435 2283 119 75 craggy
577 2283 71 75 part
672 2283 40 75 of
737 2283 56 75 the
809 2283 38 75 os
864 2283 192 75 temporum,
1089 2283 56 75 the

116 2329 94 75 third
224 2329 124 75 procefs
370 2329 103 75 hands
490 2329 55 75 out
562 2329 166 75 obliquely
744 2329 169 75 forwards.
960 2329 77 75 The
1053 2329 91 75 fhape

111 2374 44 75 of
166 2374 25 75 it
207 2374 27 75 is
250 2374 161 75 generally
419 2374 65 75 faid
500 2374 35 75 to
551 2374 153 75 refemble
720 2374 55 75 the
791 2374 125 75 ancient
933 2374 97 75 ftylus
1046 2374 97 75 ferip-

115 2421 101 75 torius
231 2421 11 75 ;
268 2421 63 75 and
357 2421 162 75 therefore
546 2421 26 75 it
599 2421 27 75 is
654 2421 102 75 calied
784 2421 56 75 the
854 2421 122 75 Jlyloid
1004 2421 138 75 procefs.

116 2467 131 75 Several
263 2467 132 75 mufcles
413 2467 80 75 have
509 2467 84 75 their
612 2467 102 75 origin
731 2467 83 75 from
832 2467 62 75 this
918 2467 138 75 procefs,
1082 2467 63 75 and

115 2514 128 75 borrow
264 2514 62 75 one
341 2514 74 75 half
432 2514 40 75 of
482 2514 84 75 their
590 2514 90 75 name
696 2514 85 75 from
804 2514 24 75 it
844 2514 9 75 ;
881 2514 33 75 as
921 2514 221 75 fiylo-ploffvs.,

104 2559 263 75 Jlylo-hycideus,
385 2559 317 75 Jlylo-pharyngeuS:
727 2559 34 75 to
777 2559 26 75 it
821 2559 17 75 a
853 2559 151 75 ligament
1027 2559 39 75 of
1089 2559 55 75 the

115 2603 36 75 os
168 2603 133 75 hyoides
320 2603 26 75 is
364 2603 176 75 fometimts
558 2603 88 75 fixed
656 2603 11 75 ;
695 2603 62 75 and
782 2603 135 75 another
932 2603 25 75 is
983 2603 162 75 extended

117 2650 84 75 from
225 2650 27 75 it
276 2650 34 75 to
335 2650 55 75 the
407 2650 95 75 infide
526 2650 40 75 of
587 2650 55 75 the
666 2650 91 75 angle
785 2650 40 75 of
847 2650 55 75 the
934 2650 101 75 lower
1062 2650 80 75 jaw.

115 2696 86 75 This
213 2696 124 75 procefs
354 2696 27 75 is
398 2696 101 75 often,
518 2696 77 75 even
612 2696 30 75 in
661 2696 117 75 adults,
796 2696 57 75 not
869 2696 136 75 entirely
1014 2696 128 75 ofiificd,

115 2741 58 75 but
190 2741 25 75 is
231 2741 211 75 ligamentous
460 2741 32 75 at
507 2741 41 75 its
565 2741 87 75 root,
665 2741 63 75 and
739 2741 176 75 fometimes
933 2741 26 75 is
976 2741 169 75 compofed

115 2787 41 75 of
169 2787 63 75 two
248 2787 38 75 or
303 2787 90 75 three
409 2787 121 75 diPnndt
543 2787 114 75 pieces.
753 2787 123 75 Round
891 2787 55 75 the
962 2787 74 75 root
1053 2787 40 75 of
1104 2787 40 75 it,

113 2833 172 75 efpecially
301 2833 33 75 at
349 2833 56 75 the
421 2833 168 75 fore-part,
607 2833 91 75 there
714 2833 26 75 is
758 2833 18 75 a
791 2833 197 75 remarkable
1005 2833 146 75 rifingof

115 2879 56 75 the
187 2879 36 75 os
239 2879 172 75 petrofum,
434 2879 105 75 which
555 2879 86 75 fome
665 2879 81 75 have
769 2879 156 75 efleemed
952 2879 19 75 a
991 2879 124 75 procefs
1130 2879 11 75 ;

117 2924 75 75 and,
216 2924 83 75 from
316 2924 55 75 the
387 2924 195 75 appearance
608 2924 27 75 it
660 2924 111 75 makes
790 2924 79 75 with
890 2924 56 75 the
973 2924 171 75 ftyliform,

115 2973 81 75 have
213 2973 114 75 named
341 2973 28 75 it
385 2973 176 75 vaginalis.
657 2973 122 75 Others
807 2973 92 75 again
920 2973 94 75 have,
1042 2973 102 75 under

1166 139 7 75 ’
1291 139 40 75 O
1450 139 48 75 M
1614 139 52 75 Y.

2151 139 73 75 155

1194 200 54 75 the
1265 200 90 75 name
1371 200 42 75 of
1434 200 150 75 auditory
1602 200 137 75 procefs,
1767 200 163 75 reckoned
1952 200 116 75 among
2095 200 55 75 the
2167 200 59 75 ex-

1194 245 101 75 ternal
1323 245 153 75 proceffes
1497 245 71 75 that
1584 245 212 75 femicircular
1818 245 103 75 ridge,
1942 245 118 75 which,
2090 245 136 75 running

1195 292 143 75 between
1351 292 54 75 the
1422 292 72 75 root
1510 292 40 75 of
1561 292 55 75 the
1633 292 134 75 malloid
1782 292 62 75 and
1860 292 180 75 zygomatic
2056 292 168 75 procefles,

1195 338 100 75 forms
1312 338 56 75 the
1385 338 99 75 under
1500 338 71 75 part
1587 338 42 75 of
1639 338 55 75 the
1711 338 146 75 external
1870 338 121 75 meatus
2005 338 189 75 auditorius.

1242 384 73 75 The
1333 384 168 75 finuofities
1524 384 37 75 or
1584 384 189 75 depreffions
1801 384 42 75 on
1866 384 66 75 the,
1939 384 146 75 external
2100 384 126 75 furface

1196 429 40 75 of
1250 429 78 75 each
1344 429 37 75 os
1398 429 179 75 temporum
1595 429 53 75 are
1664 429 87 75 thefe
1766 429 9 75 :
1873 429 33 75 A
1922 429 76 75 long
2014 429 79 75 foffa
2116 429 34 75 at
2169 429 57 75 the

1195 476 90 75 inner
1300 476 64 75 and
1379 476 81 75 back
1474 476 71 75 part
1561 476 42 75 of
1612 476 57 75 the
1685 476 74 75 root
1774 476 40 75 of
1826 476 54 75 the
1895 476 176 75 mammary
2085 476 140 75 procefs,

1196 524 106 75 where
1323 524 55 75 the
1393 524 152 75 pofterior
1563 524 83 75 head
1666 524 40 75 of
1724 524 55 75 the
1796 524 146 75 digadric
1961 524 117 75 mufcle
2100 524 58 75 has
2183 524 43 75 its

1197 570 386 75 origin.—Immediately
1598 570 111 75 before
1725 570 56 75 the
1798 570 74 75 root
1896 570 41 75 of
1963 570 56 75 the
2042 570 185 75 zygomatic

1197 616 138 75 procefs,
1364 616 20 75 a
1398 616 213 75 confiderable
1630 616 132 75 hollow'
1762 616 30 75 is
1815 616 74 75 left,
1923 616 52 75 for
2006 616 132 75 lodging
2169 616 57 75 the

1198 662 177 75 crotaphite
1402 662 129 75 mufcle.
1627 662 153 75 Between
1796 662 56 75 the
1876 662 194 75 zygomatic,
2099 662 126 75 audito-

1197 709 50 75 ry,
1273 709 64 75 and
1366 709 125 75 vaginal
1519 709 166 75 procefles,
1710 709 19 75 a
1759 709 89 75 large
1879 709 106 75 cavity
2016 709 26 75 is
2075 709 148 75 formed;

1198 755 140 75 through
1354 755 55 75 the
1426 755 119 75 middle
1561 755 41 75 of
1612 755 119 75 which,
1755 755 86 75 from
1858 755 56 75 top
1930 755 35 75 to
1982 755 139 75 bottom,
2140 755 18 75 a
2175 755 52 75 fif-

1196 801 70 75 fure
1282 801 27 75 is
1325 801 196 75 obfervable,
1546 801 70 75 into
1631 801 105 75 which
1756 801 71 75 part
1843 801 40 75 of
1907 801 56 75 the
1985 801 150 75 ligament
2155 801 72 75 that

1195 848 125 75 fecures
1347 848 56 75 the
1427 848 202 75 articulation
1645 848 41 75 of
1703 848 55 75 the
1773 848 100 75 lower
1885 848 68 75 jaw
1967 848 80 75 with
2063 848 63 75 this
2140 848 86 75 bone

1196 893 25 75 is
1242 893 102 75 fixed.
1391 893 77 75 The
1484 893 159 75 fore-part
1662 893 45 75 of
1726 893 56 75 the
1802 893 107 75 cavity
1924 893 94 75 being
2036 893 88 75 lined
2145 893 82 75 with

1196 940 55 75 the
1280 940 83 75 fame
1388 940 151 75 cartilage
1555 940 106 75 which
1680 940 110 75 covers
1811 940 57 75 the
1894 940 143 75 tubercle
2059 940 110 75 before
2186 940 40 75 it,

1197 986 138 75 receives
1351 986 56 75 the
1424 986 137 75 condyle
1576 986 42 75 of
1639 986 56 75 the
1708 986 86 75 jaw;
1821 986 64 75 and
1900 986 33 75 in
1949 986 55 75 the
2020 986 171 75 back-part
2206 986 21 75 a

1197 1032 89 75 fmall
1308 1032 88 75 fliare
1418 1032 41 75 of
1485 1032 56 75 the
1567 1032 128 75 parotid
1721 1032 108 75 gland,
1858 1032 64 75 and
1945 1032 18 75 a
1987 1032 131 75 cellular
2141 1032 86 75 fatty

1198 1079 172 75 fubftance,
1395 1079 54 75 are
1466 1079 228 75 lodged.—At
1710 1079 56 75 the
1782 1079 97 75 infide
1895 1079 41 75 of
1947 1079 54 75 the
2018 1079 73 75 root
2107 1079 41 75 of
2170 1079 56 75 the

1195 1125 116 75 ftyloid
1334 1125 171 75 apophyfe,
1538 1125 91 75 there
1651 1125 28 75 is
1704 1125 19 75 a
1744 1125 215 75 thimble-like
1976 1125 116 75 cavity,
2117 1125 110 75 where

1196 1172 55 75 the
1267 1172 172 75 beginning
1454 1172 41 75 of
1506 1172 55 75 the
1577 1172 136 75 internal
1726 1172 131 75 jugular
1872 1172 83 75 vein,
1981 1172 39 75 or
2041 1172 63 75 end
2119 1172 40 75 of
2170 1172 56 75 the

1196 1218 111 75 lateral
1324 1218 95 75 fines,
1436 1218 26 75 is
1480 1218 303 75 lodged.—Round
1797 1218 56 75 the
1868 1218 146 75 external
2031 1218 121 75 meatus
2169 1218 56 75 au-

1194 1265 149 75 ditorius,
1372 1265 117 75 feveral
1516 1265 170 75 fmuofities
1710 1265 52 75 are
1777 1265 127 75 formed
1919 1265 53 75 for
1987 1265 160 75 receiving
2169 1265 57 75 the

1194 1311 168 75 cartilages
1380 1311 62 75 and
1457 1311 167 75 ligaments
1646 1311 40 75 of
1705 1311 56 75 the
1787 1311 66 75 ear,
1883 1311 63 75 and
1969 1311 53 75 for
2043 1311 84 75 their
2153 1311 73 75 firm

1194 1356 161 75 adhefion.

1240 1404 77 75 The
1339 1404 93 75 holes
1457 1404 69 75 that
1551 1404 183 75 commonly
1750 1404 115 75 appear
1889 1404 42 75 on
1959 1404 56 75 the
2040 1404 122 75 outfide
2189 1404 43 75 of

1194 1450 80 75 each
1289 1450 40 75 of
1340 1450 87 75 thefe
1442 1450 112 75 bones,
1574 1450 62 75 and
1653 1450 52 75 are
1721 1450 116 75 proper
1852 1450 36 75 to
1907 1450 79 75 each
2002 1450 40 75 of
2052 1450 101 75 them,
2171 1450 55 75 are

1193 1498 198 75 five.—The
1405 1498 81 75 /fr/?,
1504 1498 134 75 fituated
1655 1498 144 75 between
1817 1498 55 75 the
1885 1498 181 75 zygomatic
2078 1498 63 75 and
2156 1498 68 75 ma-

1192 1541 81 75 ftoid
1288 1541 170 75 procefles,
1475 1541 26 75 is
1519 1541 55 75 the
1590 1541 109 75 orifice
1715 1541 41 75 of
1767 1541 18 75 a
1807 1541 87 75 large
1911 1541 193 75 funnel-like
2119 1541 104 75 canal,

1192 1589 107 75 which
1315 1589 88 75 leads
1420 1589 35 75 to
1472 1589 56 75 the
1547 1589 99 75 organ
1663 1589 41 75 of
1720 1589 153 75 hearing;
1899 1589 162 75 therefore
2077 1589 26 75 is
2120 1589 105 75 called

1194 1635 123 75 meatus
1329 1635 182 75 auditorius
1524 1635 172 75 externus.-
1783 1635 77 75 The
1867 1635 121 75 Jeccnd
1997 1635 87 75 gives
2100 1635 125 75 paffag£

1193 1681 34 75 to
1245 1681 55 75 the
1315 1681 106 75 portia
1434 1681 83 75 dura
1531 1681 41 75 bf
1594 1681 56 75 the
1666 1681 129 75 feventh
1819 1681 67 75 pair
1913 1681 40 75 of
1978 1681 112 75 nerves
2102 1681 10 75 ;
2147 1681 76 75 and,

1192 1728 85 75 from
1286 1728 41 75 its
1336 1728 146 75 fituation
1494 1728 144 75 between
1651 1728 55 75 the
1723 1728 132 75 mafloid
1863 1728 182 75 andflyloid
2055 1728 166 75 procefles,

1192 1775 27 75 is
1244 1775 104 75 called
1361 1775 157 75 foramen
1530 1775 83 75 Jfylo
1631 1775 117 75 majloi'
1748 1775 246 75 deum.—Some
2009 1775 72 75 way
2097 1775 124 75 before,

1194 1821 61 75 and
1272 1821 34 75 to
1324 1821 54 75 the
1394 1821 96 75 infide
1504 1821 39 75 of
1554 1821 56 75 the
1626 1821 114 75 ftyloid
1757 1821 138 75 procefs,
1906 1821 25 75 is
1949 1821 55 75 the
2020 1821 93 75 third
2122 1821 98 75 hole;

1190 1867 56 75 the
1263 1867 90 75 canal
1368 1867 83 75 from
1469 1867 105 75 which
1591 1867 74 75 runs
1682 1867 63 75 firft
1768 1867 161 75 upwards,
1954 1867 77 75 then
2051 1867 169 75 forwards,

1191 1915 64 75 and
1277 1915 139 75 receives
1441 1915 68 75 into
1524 1915 27 75 it
1566 1915 57 75 the
1639 1915 137 75 internal
1793 1915 123 75 carotid
1932 1915 117 75 artery,
2076 1915 63 75 and
2165 1915 56 75 the

1190 1960 170 75 beginning
1393 1960 40 75 of
1449 1960 55 75 the
1526 1960 179 75 intercoftal
1727 1960 95 75 nerve
1836 1960 11 75 ;
1873 1960 107 75 where
1996 1960 65 75 this
2085 1960 89 75 canal
2192 1960 28 75 is

1191 2007 97 75 about
1305 2007 35 75 to
1356 2007 92 75 make
1465 2007 54 75 the
1536 2007 74 75 turn
1627 2007 168 75 forwards,
1812 2007 73 75 one,
1902 2007 38 75 or
1955 2007 179 75 fometimes
2154 2007 67 75 twd

1187 2052 80 75 #ery
1284 2052 90 75 fmall
1388 2052 93 75 holes
1498 2052 41 75 go
1556 2052 52 75 off
1619 2052 138 75 towards
1774 2052 54 75 the
1845 2052 104 75 cavity
1962 2052 40 75 of
2013 2052 56 75 the
2086 2052 58 75 ear.
2155 2052 66 75 cal-

1191 2098 52 75 led
1259 2098 184 75 tympanum
1457 2098 10 75 :
1494 2098 140 75 through
1658 2098 87 75 thefe
1773 2098 151 75 Valfalva
1940 2098 116 75 affirms
2073 2098 56 75 the
2145 2098 73 75 pro-

1189 2145 57 75 per
1262 2145 109 75 artery
1379 2145 38 75 or
1432 2145 131 75 arteries
1576 2145 38 75 of
1626 2145 69 75 that
1705 2145 106 75 cavity
1823 2145 52 75 are
1892 2145 182 75 fent.—On
2091 2145 56 75 the
2164 2145 54 75 an-

1189 2191 98 75 terior
1304 2191 80 75 edge
1401 2191 39 75 of
1446 2191 65 75 this
1527 2191 95 75 bone,
1632 2191 76 75 ntar
1724 2191 56 75 the
1797 2191 130 75 former,
1968 2191 122 75 fourth
2098 2191 76 75 hoXe.
2190 2191 27 75 is

1190 2238 196 75 obfervable,
1401 2238 96 75 being
1514 2238 55 75 the
1585 2238 108 75 orifice
1716 2238 40 75 of
1778 2238 17 75 a
1820 2238 89 75 canal
1931 2238 105 75 which
2053 2238 74 75 rjans
2144 2238 73 75 out-

1189 2284 105 75 wards
1319 2284 62 75 and
1397 2284 199 75 backwards,
1621 2284 31 75 in
1682 2284 18 75 a
1718 2284 185 75 horizontal
1923 2284 165 75 diredion,
2113 2284 50 75 till
2190 2284 27 75 it

1190 2330 182 75 terminates
1389 2330 31 75 in
1437 2330 54 75 the
1508 2330 197 75 tympanum.
1752 2330 99 75 This,
1877 2330 32 75 in
1922 2330 67 75 .the
2012 2330 109 75 recent
2143 2330 72 75 fub-

1185 2376 77 75 jed,
1287 2376 27 75 is
1331 2376 172 75 continued
1525 2376 142 75 forward
1693 2376 62 75 and
1781 2376 134 75 inward,
1944 2376 83 75 from
2051 2376 55 75 the
2127 2376 88 75 parts

1186 2423 107 75 which
1304 2423 82 75 were
1400 2423 182 75 mentioned
1588 2423 63 75 juft
1662 2423 74 75 now
1742 2423 33 75 as
1785 2423 41 75 its
1840 2423 106 75 orifice
1955 2423 32 75 in
1999 2423 53 75 the
2061 2423 151 75 fkeleton,

1188 2469 35 75 to
1251 2469 54 75 tire
1332 2469 63 75 fide
1422 2469 41 75 of
1481 2469 55 75 the
1564 2469 143 75 noftrils:
1735 2469 94 75 being
1850 2469 108 75 partly
1974 2469 238 75 cartilaginous,

1189 2515 61 75 and
1281 2515 106 75 partly
1403 2515 222 75 ligamentous.
1672 2515 77 75 The
1775 2515 105 75 whole
1912 2515 89 75 canal
2033 2515 27 75 is
2086 2515 126 75 named.

1191 2561 70 75 Iter
1277 2561 19 75 a
1319 2561 115 75 palaio
1447 2561 45 75 ad
1514 2561 125 75 aurem,
1667 2561 37 75 or
1726 2561 198 75 Eujlachian
1953 2561 187 75 lube.—On
2156 2561 57 75 the

1189 2607 145 75 external
1350 2607 63 75 fide
1429 2607 41 75 of
1479 2607 56 75 the
1552 2607 83 75 bony
1652 2607 70 75 part
1739 2607 40 75 of
1793 2607 63 75 this
1874 2607 101 75 canal,
1993 2607 62 75 and
2071 2607 89 75 a-top
2177 2607 42 75 cf

1189 2653 55 75 the
1260 2653 97 75 chink
1374 2653 30 75 in
1421 2653 55 75 the
1493 2653 103 75 cavity
1616 2653 69 75 that
1702 2653 137 75 receives
1862 2653 55 75 the
1943 2653 136 75 condyle
2095 2653 39 75 of
2156 2653 57 75 the

1188 2699 98 75 lower
1305 2699 78 75 jaw,
1407 2699 26 75 is
1459 2699 54 75 the
1541 2699 108 75 courfe
1666 2699 39 75 of
1728 2699 53 75 the
1804 2699 85 75 little
1912 2699 95 75 nerve
2033 2699 67 75 faid
2124 2699 87 75 com-

1188 2746 108 75 monly
1312 2746 34 75 to
1364 2746 38 75 be
1420 2746 145 75 refleded
1581 2746 84 75 from
1677 2746 55 75 the
1747 2746 121 75 lingual
1884 2746 119 75 branch
2017 2746 39 75 of
2066 2746 54 75 the
2137 2746 75 75 fifth

1188 2792 80 75 pair,
1288 2792 51 75 till
1357 2792 25 75 it
1398 2792 104 75 enters
1526 2792 54 75 the
1597 2792 196 75 tympanum,
1827 2792 35 75 to
1884 2792 55 75 run
1957 2792 102 75 acrofs
2077 2792 63 75 this
2157 2792 52 75 ca-

1188 2838 80 75 vity,
1294 2838 63 75 and
1367 2838 35 75 to
1417 2838 81 75 have
1514 2838 54 75 the
1584 2838 91 75 name
1688 2838 40 75 of
1746 2838 116 75 chorda
1883 2838 155 75 tyinpani.
2132 2838 77 75 The

1179 2885 82 75 fifth
1276 2885 74 75 hole
1365 2885 26 75 is
1409 2885 77 75 vfery
1500 2885 177 75 uncertain,
1703 2885 173 75 appearing
1895 2885 179 75 fometimes
2091 2885 119 75 behind

1188 2932 55 75 the
1265 2932 133 75 maftoid
1428 2932 148 75 procefs;
1602 2932 179 75 fometimes
1809 2932 26 75 it
1859 2932 26 75 is
1911 2932 146 75 common
2089 2932 37 75 to
2152 2932 56 75 the

1187 2980 152 75 temporal
1356 2980 62 75 and
1434 2980 145 75 occipital
1595 2980 119 75 bones;
1740 2980 63 75 and
1817 2980 33 75 in
1866 2980 118 75 feveral
2000 2980 93 75 fculls
2116 2980 92 75 there
