2498 3377
703 153 38 75 '•
806 153 13 75 1

1172 153 101 75 (3

282 201 67 75 tufe
366 201 97 75 fcales
475 201 8 75 :
500 201 79 75 The
591 201 58 75 tail
665 201 27 75 is
709 201 91 75 thick
815 201 61 75 and
892 201 111 75 obtiife
1015 201 64 75 like
1092 201 54 75 the
1162 201 82 75 head
1256 201 11 75 ;

284 247 42 75 its
343 247 155 75 colour.is
514 247 111 75 white,
651 247 207 75 interfperfed
875 247 78 75 with
976 247 158 75 brownilh
1159 247 108 75 rings;

283 294 55 75 the
370 294 139 75 margins
543 294 39 75 of
609 294 56 75 the
696 294 99 75 fcaies
828 294 53 75 are
914 294 40 75 of
982 294 40 75 an
1046 294 221 75 iron-colour;

283 341 64 75 and
362 341 55 75 the
435 341 55 75 top
508 341 40 75 of
570 341 54 75 the
641 341 84 75 head
751 341 26 75 is
805 341 89 75 blue.
945 341 62 75 See
1031 341 93 75 Plate
1150 341 119 75 XXII.

282 388 56 75 fig.
366 388 33 75 3.
453 388 54 75 14.
532 388 77 75 The
625 388 94 75 eryx,
746 388 18 75 a
786 388 106 75 native
909 388 40 75 of
966 388 125 75 Britain
1109 388 63 75 and
1186 388 82 75 like-

283 434 73 75 wife
372 434 41 75 of
425 434 162 75 America,
605 434 57 75 has
685 434 64 75 126
767 434 88 75 fcuta
870 434 41 75 on
929 434 55 75 the
1000 434 99 75 belly,
1125 434 62 75 and
1204 434 64 75 136

282 480 41 75 on
341 480 55 75 the
413 480 70 75 tail.
532 480 33 75 It
581 480 27 75 is
625 480 40 75 of
687 480 40 75 an
745 480 181 75 alh-colour
943 480 112 75 above,
1082 480 78 75 with
1178 480 92 75 three

282 527 96 75 black
393 527 80 75 lines
493 527 221 75 interfperfed,
740 527 63 75 and
829 527 118 75 blueilh
977 527 104 75 below
1092 527 9 75 :
1139 527 33 75 It
1191 527 26 75 is
1235 527 34 75 a-

282 574 80 75 bout
378 574 18 75 a
416 574 74 75 fpan
507 574 33 75 in
564 574 125 75 length,
716 574 60 75 ancl
801 574 98 75 about
923 574 56 75 the
1004 574 158 75 thicknefs
1188 574 41 75 of
1251 574 20 75 a

281 621 103 75 man’s
407 621 114 75 finger.
574 621 55 75 15.
654 621 78 75 The
752 621 136 75 fragilis,
915 621 18 75 a
949 621 107 75 native
1073 621 40 75 of
1123 621 145 75 Europe,

281 668 57 75 has
372 668 63 75 135
464 668 89 75 fcuta
570 668 42 75 on
641 668 55 75 the
722 668 101 75 belly,
853 668 64 75 and
949 668 63 75 135
1041 668 43 75 on
1111 668 57 75 the
1196 668 70 75 tail.

285 718 54 75 16.
363 718 77 75 The
453 718 163 75 ventralis,
635 718 18 75 a
665 718 106 75 native
783 718 41 75 of
832 718 163 75 Carolina,
1019 718 59 75 has
1099 718 64 75 127
1180 718 89 75 fcuta

281 762 42 75 on
335 762 55 75 the
407 762 99 75 belly,
532 762 62 75 and
613 762 64 75 223
697 762 42 75 on
753 762 55 75 the
824 762 71 75 tail.
944 762 33 75 It
993 762 26 75 is
1036 762 40 75 of
1088 762 19 75 a
1126 762 142 75 greenifh

279 809 193 75 alh-colour,
498 809 62 75 and
575 809 42 75 its
634 809 56 75 tail
708 809 26 75 is
756 809 98 75 about
870 809 103 75 thrice
996 809 34 75 as
1058 809 77 75 long
1163 809 33 75 as
1225 809 42 75 its

279 856 101 75 body.
429 856 186 75 According
630 856 36 75 to
683 856 164 75 Linnseus,
865 856 82 75 none
964 856 40 75 of
1016 856 64 75 this
1093 856 103 75 genus
1214 856 53 75 are

279 902 182 75 poifonous.

232 950 259 75 ANGULAR,
516 950 33 75 in
567 950 18 75 a
603 950 128 75 general
747 950 98 75 fenfe,
870 950 134 75 denotes
1021 950 178 75 fomething
1216 950 50 75 re-

280 996 101 75 lating
398 996 48 75 to,
473 996 38 75 or
527 996 71 75 that
615 996 78 75 hath
711 996 120 75 angles.
883 996 61 75 See
957 996 167 75 Angles.

231 1043 289 75 ANGULARIS
529 1043 155 75 fcapuLs,
710 1043 56 75 the
789 1043 92 75 name
905 1043 44 75 by
965 1043 106 75 which
1088 1043 86 75 fome
1190 1043 74 75 ana-

279 1090 120 75 tomills
427 1090 61 75 call
513 1090 56 75 the
596 1090 124 75 levator
746 1090 147 75 fcapulse.
959 1090 62 75 See
1045 1090 217 75 Anatomy,

282 1136 79 75 page
384 1136 79 75 194.

231 1188 243 75 ANGURIA>
500 1188 32 75 in
548 1188 133 75 botany,
706 1188 19 75 a
749 1188 98 75 genus
867 1188 40 75 of
925 1188 55 75 the
1001 1188 157 75 monoecia
1173 1188 90 75 dian-

278 1229 70 75 dria
363 1229 91 75 clafs.
502 1229 113 75 There
632 1229 53 75 are
704 1229 77 75 only
797 1229 91 75 three
904 1229 118 75 fpecies
1039 1229 40 75 of
1089 1229 56 75 the
1163 1229 100 75 angu-

279 1276 58 75 ria,
363 1276 71 75 viz.
460 1276 55 75 the
532 1276 163 75 trilobata,
721 1276 129 75 pedata,
875 1276 63 75 and
954 1276 168 75 trifoliata,
1148 1276 42 75 all
1208 1276 55 75 na-

275 1323 81 75 tives
374 1323 39 75 of
425 1323 162 75 America.

230 1371 183 75 ANGUS,
439 1371 19 75 a
481 1371 82 75 Ihire
590 1371 38 75 or
655 1371 119 75 county
798 1371 40 75 of
862 1371 167 75 Scotland,
1054 1371 150 75 bounded
1221 1371 42 75 on

277 1416 55 75 the
350 1416 95 75 north
463 1416 44 75 by
524 1416 55 75 the
595 1416 80 75 Ihire
703 1416 40 75 of
765 1416 128 75 Merns,
918 1416 44 75 on
989 1416 56 75 the
1061 1416 63 75 call
1140 1416 44 75 by
1205 1416 56 75 the

275 1464 146 75 German
448 1464 112 75 ocean,
585 1464 42 75 on
652 1464 55 75 the
731 1464 92 75 fouth
854 1464 43 75 by
925 1464 55 75 the
1008 1464 80 75 frith
1113 1464 41 75 of
1171 1464 90 75 Tay,

276 1510 107 75 which
408 1510 122 75 divides
551 1510 27 75 it
605 1510 85 75 from
716 1510 56 75 the
799 1510 80 75 Ihire
907 1510 41 75 of
959 1510 84 75 Fife,
1069 1510 64 75 and
1148 1510 41 75 on
1206 1510 56 75 the

275 1557 76 75 weft
367 1557 44 75 by
427 1557 55 75 the
494 1557 80 75 fhire
590 1557 39 75 of
640 1557 113 75 Perth.

321 1605 85 75 This
424 1605 132 75 county,
580 1605 106 75 which
711 1605 53 75 for
780 1605 55 75 the
852 1605 79 75 moft
947 1605 72 75 part
1036 1605 27 75 is
1086 1605 176 75 exceeding

275 1651 119 75 fertile,
418 1651 27 75 is
462 1651 170 75 otherwife
648 1651 106 75 called
770 1651 210 75 Forfarlhire,
997 1651 85 75 from
1093 1651 41 75 its
1148 1651 114 75 capital

273 1697 130 75 Forfar.

226 1743 421 75 ANGUSTICLAVIA,
689 1743 32 75 in
745 1743 129 75 Roman
904 1743 172 75 antiquity,
1109 1743 19 75 a
1154 1743 108 75 tunica

275 1790 220 75 embroidered
511 1790 79 75 with
607 1790 84 75 little
714 1790 112 75 purple
842 1790 101 75 ftuds.
990 1790 32 75 It
1039 1790 64 75 was
1116 1790 90 75 worn
1218 1790 43 75 by

274 1837 55 75 the
345 1837 128 75 Roman
490 1837 143 75 knights,
661 1837 34 75 as
724 1837 56 75 the
803 1837 162 75 laticlavia
983 1837 66 75 was
1072 1837 44 75 by
1135 1837 61 75 the
1212 1837 48 75 fe-

276 1884 122 75 nators.

226 1931 220 75 ANHALT,
473 1931 18 75 a
506 1931 154 75 province
674 1931 43 75 of
736 1931 55 75 the
808 1931 96 75 circle
921 1931 40 75 of
980 1931 115 75 Upper
1112 1931 145 75 Saxony,

273 1977 32 75 in
323 1977 180 75 Germany,
527 1977 90 75 lying
633 1977 184 75 fouthward
837 1977 42 75 of
898 1977 55 75 the
970 1977 108 75 duchy
1102 1977 39 75 of
1160 1977 98 75 Mag-

274 2022 135 75 deburg.

226 2069 304 75 ANHELATIO,
556 2069 38 75 or
610 2069 251 75 Anhelitus,
887 2069 116 75 among
1024 2069 190 75 phyficians,
1240 2069 20 75 a

275 2116 154 75 fnortnefs
448 2116 40 75 of
498 2116 127 75 breath.

226 2163 244 75 ANHINGA,
488 2163 31 75 in
532 2163 219 75 ornithology,
768 2163 56 75 the
835 2163 106 75 trivial
954 2163 91 75 name
1057 2163 40 75 of
1108 2163 19 75 a
1142 2163 117 75 fpecies

275 2210 39 75 of
325 2210 119 75 plows.
494 2210 62 75 See
573 2210 178 75 Plotus.

229 2256 280 75 ANHYDROS,
534 2256 32 75 in
583 2256 133 75 botany,
734 2256 38 75 an
789 2256 142 75 obfolete
947 2256 93 75 name
1055 2256 41 75 of
1107 2256 56 75 the
1178 2256 83 75 fola-

276 2303 87 75 num.
413 2303 61 75 See
492 2303 201 75 Solanum.

229 2351 100 75 ANI,
355 2351 31 75 in
415 2351 218 75 ornithology,
659 2351 56 75 the
742 2351 107 75 trivial
867 2351 92 75 name
979 2351 42 75 of
1041 2351 21 75 a
1088 2351 119 75 fpecies
1223 2351 41 75 of

275 2395 207 75 crotophaga.
499 2395 5 75 .
534 2395 62 75 See
613 2395 293 75 Crotophaga.

226 2443 171 75 ANIAN,
424 2443 18 75 a
459 2443 86 75 large
563 2443 158 75 maritime
737 2443 136 75 country
890 2443 42 75 on
949 2443 56 75 the
1028 2443 117 75 eaftern
1174 2443 84 75 coaft

273 2490 39 75 of
328 2490 121 75 Africa,
467 2490 89 75 lying
571 2490 145 75 between
728 2490 55 75 the
796 2490 150 75 equator,
973 2490 62 75 and
1052 2490 38 75 12
1090 2472 24 49 0
1133 2490 48 75 N.
1196 2490 59 75 lat.

275 2533 62 75 and
347 2533 143 75 between
511 2533 65 75 40°
597 2533 61 75 and
679 2533 64 75 50°
762 2533 44 75 E.
824 2533 89 75 long.

228 2582 127 75 Anian
375 2582 38 75 is'
413 2582 71 75 alfo
500 2582 55 75 the
572 2582 91 75 name
681 2582 39 75 of
732 2582 18 75 a
765 2582 100 75 ftrait,
892 2582 152 75 fuppofed
1073 2582 34 75 to
1133 2582 42 75 lie
1202 2582 56 75 be-

272 2629 104 75 tween
401 2629 57 75 the
490 2629 177 75 north-eaft
694 2629 41 75 of
754 2629 74 75 Afia
852 2629 65 75 and
940 2629 187 75 north-weft
1150 2629 40 75 of
1207 2629 51 75 A-

272 2675 129 75 merica.

227 2721 244 75 ANJENGO,
497 2721 18 75 a
540 2721 89 75 fmall
653 2721 87 75 town
761 2721 62 75 and
841 2721 120 75 factory
978 2721 41 75 on
1035 2721 57 75 the
1108 2721 150 75 Malabar

275 2770 94 75 coaft,
394 2770 170 75 belonging
581 2770 35 75 to
633 2770 59 75 our
701 2770 197 75 -Eaft-India
913 2770 169 75 company.

226 2816 195 75 ANIENS,
446 2816 37 75 or
507 2816 194 75 Aniente,
727 2816 19 75 a
760 2816 174 75 law-term,
959 2816 168 75 fignifying
1153 2816 35 75 to
1216 2816 40 75 be

273 2863 88 75 Void,
386 2863 38 75 or
439 2863 40 75 of
497 2863 41 75 no
556 2863 104 75 force.

225 2909 133 75 ANIL,
376 2909 31 75 in
424 2909 132 75 botany,
574 2909 200 75 afynonyme
791 2909 40 75 of
842 2909 19 75 &
876 2909 119 75 fpecies
1013 2909 40 75 of
1062 2909 191 75 indigofera.

273 2956 61 75 See
356 2956 258 75 Indigofera.

1288 138 46 75 16
1390 138 18 75 )

1757 138 218 75 ANI

1314 204 184 75 AMIMA,
1535 204 116 75 among
1675 204 120 75 divines
1825 204 63 75 and
1914 204 192 75 naturalifts,
2132 204 132 75 denotes
2291 204 55 75 the

1362 249 81 75 foul,
1468 249 37 75 or
1528 249 153 75 principle
1705 249 40 75 of
1759 249 70 75 life,
1855 249 33 75 in
1905 249 144 75 animals.

1313 296 57 75 An
1378 296 84 75 ima,
1489 296 115 75 among
1620 296 158 75 chemifts,
1803 296 134 75 denotes
1965 296 54 75 the
2050 296 128 75 volatile
2195 296 37 75 or
2255 296 92 75 fpiri-

1363 342 71 75 tous
1452 342 87 75 parts
1556 342 39 75 of
1608 342 122 75 bodies.

1315 389 57 75 An
1380 389 10 75 i
1398 389 26 75 m
1429 389 34 75 a_
1470 389 137 75 bepatis,
1632 389 26 75 is
1676 389 18 75 a
1706 389 90 75 name
1808 389 44 75 by
1862 389 109 75 which
1983 389 86 75 fome
2087 389 62 75 call
2165 389 43 75 fal
2221 389 124 75 martis,

1362 436 37 75 or
1415 436 58 75 fait
1490 436 40 75 of
1539 436 84 75 iron,
1649 436 42 75 on
1707 436 135 75 account
1868 436 41 75 of
1930 436 45 75 its
1991 436 154 75 fuppofed
2160 436 130 75 efficacy
2313 436 34 75 in

1362 483 132 75 difeafes
1511 483 40 75 of
1563 483 54 75 the
1634 483 93 75 liver.

1315 530 133 75 Anima
1457 530 150 75 faturni,
1633 530 19 75 a
1666 530 97 75 white
1779 530 131 75 powder
1923 530 148 75 obtained
2089 530 44 75 by
2143 530 138 75 pouring
2296 530 48 75 di-

1360 577 103 75 ft^kd
1478 577 130 75 vinegar
1624 577 41 75 on
1682 577 150 75 litharge,
1858 577 40 75 of
1910 577 214 75 confiderable
2144 577 54 75 ufe
2216 577 34 75 in
2270 577 74 75 ena-

1362 623 143 75 melling.
1555 623 62 75 See
1634 623 178 75 Enamel.

1314 670 149 75 Avima,
1490 670 37 75 or
1546 670 207 75 Animato,
1770 670 32 75 in
1820 670 106 75 mufic,
1944 670 56 75 the
2017 670 82 75 fame
2111 670 80 75 with
2208 670 136 75 allegro.

1363 716 61 75 See
1441 716 206 75 Allegro.

1313 765 278 75 ANIMACHA,
1618 765 18 75 a
1651 765 85 75 river
1751 765 41 75 of
1802 765 104 75 India,
1931 765 32 75 in
1976 765 55 75 the
2042 765 154 75 kingdom
2216 765 40 75 of
2266 765 77 75 Ma-

1359 809 101 75 labar.
1509 809 33 75 It
1569 809 75 75 rifes
1662 809 31 75 in
1710 809 56 75 the
1793 809 154 75 kingdom
1963 809 41 75 of
2015 809 141 75 Calicut,
2182 809 62 75 and
2267 809 75 75 falls

1359 856 68 75 into
1443 856 55 75 the
1513 856 99 75 ocean
1628 856 46 75 fix
1690 856 126 75 leagues
1833 856 84 75 from
1934 856 202 75 Cranganor.
2184 856 33 75 It
2233 856 27 75 is
2277 856 65 75 alfo

1359 902 56 75 the
1431 902 91 75 name
1539 902 41 75 of
1590 902 19 75 a
1624 902 87 75 town
1728 902 87 75 upon
1830 902 55 75 the
1903 902 95 75 river.

1311 952 431 75 ANIMADVERSION,
1767 952 32 75 in
1816 952 132 75 matters
1966 952 40 75 of
2017 952 179 75 literature,
2220 952 27 75 is
2264 952 76 75 ufed

1359 996 34 75 to
1416 996 126 75 fignify,
1566 996 180 75 fometimes
1773 996 187 75 correftion,
1992 996 179 75 fometimes
2198 996 142 75 remarks

1357 1043 84 75 upon
1458 1043 19 75 a
1491 1043 100 75 book,
1618 1043 64 75 6"c.
1708 1043 62 75 and
1793 1043 179 75 fometimes
1989 1043 19 75 a
2023 1043 118 75 ferious
2165 1043 175 75 confidera-

1357 1088 68 75 tion
1442 1088 85 75 upon
1544 1088 62 75 any
1624 1088 103 75 point.

1309 1136 210 75 ANIMAL,
1544 1136 32 75 in
1605 1136 124 75 natural
1746 1136 133 75 hiftory,
1905 1136 39 75 an
1972 1136 173 75 organized
2169 1136 89 75 body
2284 1136 54 75 en-

1357 1182 115 75 dowed
1487 1182 79 75 with
1581 1182 176 75 fenfation:
1775 1182 110 75 Thus,
1901 1182 146 75 minerals
2060 1182 53 75 are
2124 1182 67 75 faid
2202 1182 35 75 to
2247 1182 92 75 grow

1357 1227 37 75 or
1409 1227 138 75 increafe
1561 1227 10 75 ;
1595 1227 106 75 plants
1728 1227 36 75 to
1787 1227 91 75 grow
1894 1227 63 75 and
1971 1227 84 75 live;
2081 1227 58 75 but
2156 1227 130 75 animals
2304 1227 33 75 a-

1356 1275 72 75 lone
1446 1275 35 75 to
1495 1275 81 75 have
1595 1275 168 75 fenfation.
1814 1275 62 75 See
1892 1275 196 75 Natural
2110 1275 202 75 History.

1308 1322 237 75 ANIMALS,
1571 1322 32 75 in
1617 1322 164 75 heraldry,
1806 1322 54 75 are
1875 1322 96 75 much
1987 1322 88 75 ufed,
2100 1322 79 75 both
2191 1322 34 75 as
2245 1322 90 75 bear-

1354 1367 71 75 ings
1453 1367 62 75 and
1531 1367 195 75 fupporters.
1777 1367 62 75 See
1855 1367 234 75 Heralory.

1306 1414 175 75 Animal,
1514 1414 78 75 ufed
1619 1414 202 75 adjectively,
1845 1414 132 75 denotes
2002 1414 62 75 any
2089 1414 93 75 thing
2205 1414 131 75 belong-

1354 1460 54 75 ing
1431 1460 48 75 to,
1500 1460 37 75 or
1548 1460 169 75 partaking
1729 1460 40 75 of
1782 1460 57 75 the
1858 1460 111 75 nature
1982 1460 40 75 of
2034 1460 144 75 animals.
2225 1460 111 75 Thus,

1355 1507 114 75 animal
1497 1507 131 75 aflions,
1654 1507 91 75 thofe
1771 1507 71 75 that
1865 1507 55 75 are
1945 1507 140 75 peculiar
2112 1507 35 75 to
2171 1507 133 75 animals
2323 1507 11 75 ;

1355 1554 75 75 fuch
1451 1554 53 75 are
1520 1554 154 75 fenfation
1699 1554 61 75 and
1777 1554 158 75 mufcular
1949 1554 134 75 motion.

1306 1601 161 75 Animal
1474 1601 135 75 fpirits.
1660 1601 62 75 See
1736 1601 281 75 NERvousy?«L'
2017 1601 11 75 .

1308 1647 157 75 Animal
1479 1647 115 75 fyflem
1618 1647 134 75 denotes
1779 1647 56 75 the
1857 1647 105 75 whole
1989 1647 79 75 clafs
2095 1647 41 75 of
2152 1647 109 75 beings
2278 1647 56 75 en-

1353 1695 115 75 dowed
1482 1695 80 75 with
1574 1695 116 75 animal
1701 1695 69 75 life,
1795 1695 169 75 otherwife
1980 1695 105 75 called
2098 1695 130 75 animal
2241 1695 92 75 king-

1352 1741 84 75 dom.

1305 1789 407 75 ANIMALCULE,-an
1740 1789 117 75 animal
1884 1789 34 75 fo
1940 1789 124 75 minute
2088 1789 33 75 in
2142 1789 41 75 its
2199 1789 75 75 fize,
2299 1789 33 75 as

1352 1833 55 75 not
1419 1833 35 75 to
1466 1833 40 75 be
1517 1833 56 75 the
1583 1833 183 75 immediate
1776 1833 106 75 objeft
1903 1833 42 75 of
1955 1833 59 75 our
2024 1833 113 75 fenfes.
2179 1833 62 75 See
2257 1833 57 75 M1
2321 1833 13 75 -

1356 1881 207 75 croscope.

1303 1927 281 75 ANIMATED,
1609 1927 38 75 or
1668 1927 203 75 Animate,
1896 1927 33 75 in
1953 1927 19 75 a
1999 1927 125 75 general
2154 1927 96 75 fenfe,
2275 1927 56 75 de-

1349 1972 90 75 notes
1456 1972 177 75 fomething
1656 1972 156 75 endowed
1837 1972 79 75 with
1944 1972 116 75 animal
2083 1972 70 75 life.
2209 1972 30 75 It
2268 1972 64 75 alfb

1348 2019 134 75 imports
1500 2019 19 75 a
1533 2019 93 75 thing
1641 2019 35 75 to
1691 2019 41 75 be
1747 2019 219 75 impregnated
1983 2019 78 75 with
2072 2019 123 75 vermin
2211 2019 37 75 or
2264 2019 68 75 ani-

1350 2065 165 75 malcules.

1302 2113 175 75 ANIME,
1501 2113 34 75 in
1550 2113 164 75 heraldry,
1740 2113 19 75 a
1773 2113 85 75 term
1872 2113 78 75 ufed
1966 2113 93 75 when
2075 2113 56 75 the
2147 2113 73 75 eyes
2238 2113 41 75 of
2298 2113 33 75 a-

1350 2159 43 75 ny
1411 2159 164 75 rapacious
1598 2159 143 75 creature
1758 2159 53 75 are
1827 2159 81 75 born
1925 2159 40 75 of
1982 2159 19 75 a
2020 2159 151 75 different
2198 2159 135 75 tin&ure

1351 2206 84 75 from
1452 2206 55 75 the
1525 2206 143 75 creature
1683 2206 99 75 itfelf.

1303 2254 278 75 ANIMETTA,
1607 2254 114 75 among
1738 2254 214 75 ecclefiaftical
1968 2254 137 75 writers,
2129 2254 132 75 denotes
2278 2254 55 75 the

1352 2300 86 75 cloth
1454 2300 188 75 wherewith
1662 2300 55 75 the
1736 2300 60 75 cup
1813 2300 40 75 of
1864 2300 55 75 the
1935 2300 153 75 eucharift
2103 2300 27 75 is
2148 2300 149 75 covered.

1304 2347 146 75 ANIMI
1468 2347 186 75 diliqitium,
1679 2347 135 75 fainting
1825 2347 36 75 or
1873 2347 175 75 fwooning.

1303 2393 208 75 ANINGA,
1535 2393 33 75 in
1581 2393 188 75 commerce,
1787 2393 19 75 a
1822 2393 72 75 root
1905 2393 106 75 which
2028 2393 105 75 grows
2151 2393 31 75 in
2195 2393 56 75 the
2262 2393 70 75 An-

1350 2439 85 75 tilles
1453 2439 128 75 ifilands,
1601 2439 65 75 and
1681 2439 27 75 is
1725 2439 110 75 pretty
1850 2439 94 75 much
1961 2439 64 75 like
2041 2439 56 75 the
2113 2439 106 75 China
2230 2439 102 75 plant.

1351 2486 32 75 It
1398 2486 27 75 is
1441 2486 76 75 ufed
1528 2486 43 75 by
1587 2486 237 75 fugar-bakers,
1841 2486 53 75 for
1910 2486 132 75 refining
2059 2486 54 75 the
2125 2486 92 75 fugar
2231 2486 10 75 ;
2269 2486 62 75 and

1350 2533 26 75 is
1392 2533 90 75 more
1504 2533 159 75 effeftual,
1693 2533 62 75 and
1771 2533 59 75 lefs
1847 2533 192 75 dangerous,
2068 2533 78 75 than
2163 2533 55 75 the
2233 2533 98 75 fubli-

1350 2579 85 75 mate
1450 2579 42 75 of
1500 2579 149 75 mercury
1666 2579 61 75 and
1744 2579 132 75 arfenic.
1922 2579 4 75 ,

1304 2626 174 75 ANJOU,
1496 2626 18 75 a
1525 2626 149 75 country,
1693 2626 36 75 or
1741 2626 107 75 rather
1861 2626 143 75 earldom
2015 2626 41 75 of
2062 2626 133 75 France,
2207 2626 124 75 bound-

1352 2672 39 75 ed
1408 2672 44 75 by
1467 2672 55 75 the
1537 2672 153 75 province
1705 2672 40 75 of
1755 2672 112 75 Maine
1879 2672 41 75 on
1932 2672 56 75 the
2000 2672 109 75 north,
2125 2672 44 75 by
2184 2672 147 75 Tourain

1351 2719 41 75 on
1409 2719 55 75 the
1480 2719 75 75 eaft,
1580 2719 44 75 by
1643 2719 135 75 Poiftou
1794 2719 42 75 on
1860 2719 55 75 the
1932 2719 107 75 fouth,
2063 2719 63 75 and
2141 2719 44 75 by
2196 2719 136 75 Britany

1350 2765 42 75 on
1409 2765 55 75 the
1481 2765 87 75 weft.

1301 2813 360 75 ANISCALPTOR,
1684 2813 34 75 in
1735 2813 161 75 anatomy,
1923 2813 18 75 a
1957 2813 91 75 name
2065 2813 43 75 by
2123 2813 105 75 which
2245 2813 87 75 fome

1349 2859 60 75 call
1426 2859 56 75 the
1497 2859 161 75 latiffimus
1675 2859 95 75 dorfi.
1837 2859 62 75 See
1915 2859 79 75 page
2021 2859 75 75 195.

1301 2907 296 75 ANITERSOR,
1628 2907 32 75 in
1685 2907 162 75 anatomy,
1880 2907 133 75 another
2038 2907 92 75 name
2157 2907 44 75 by
2224 2907 107 75 which

1348 2954 85 75 fome
1450 2954 61 75 call
1534 2954 55 75 the
1607 2954 162 75 latiffimus
1795 2954 95 75 dorfi.

2145 2999 182 75 ANKER,
