2477 3395
600 167 232 75 EOT

1157 167 18 75 (
1235 167 84 75 <*54
1372 167 19 75 )

1719 167 35 75 B
1815 167 40 75 O
1915 167 45 75 U

224 232 251 75 BOTARGO,
501 232 18 75 a
534 232 79 75 kind
641 232 39 75 of
703 232 138 75 faufage,
868 232 91 75 made
987 232 79 75 with
1095 232 55 75 the
1178 232 77 75 eggs

272 277 61 75 and
348 277 98 75 blood
462 277 41 75 of
520 277 56 75 the
599 277 191 75 fea-mullet,
816 277 18 75 a
856 277 89 75 large
972 277 54 75 filh
1052 277 147 75 common
1223 277 32 75 in

270 327 55 75 the
341 327 272 75 Mediterranean.
662 327 76 75 The
755 327 65 75 bell
836 327 78 75 kind
931 327 105 75 comes
1052 327 85 75 from
1147 327 107 75 Tunis

270 371 33 75 in
320 371 145 75 Barbary
480 371 8 75 :
515 371 33 75 It
565 371 80 75 muft
656 371 40 75 be
713 371 114 75 chofen
844 371 62 75 dry
922 371 62 75 and
1001 371 135 75 reddilh.
1178 371 78 75 The

270 418 113 75 people
405 418 40 75 of
457 418 162 75 Provence
638 418 52 75 ufe
715 418 19 75 a
756 418 90 75 great
871 418 72 75 deal
966 418 41 75 of
1025 418 37 75 it,
1087 418 56 75 the
1168 418 87 75 com-

271 464 74 75 mon
362 464 71 75 way
450 464 39 75 of
500 464 106 75 eating
623 464 24 75 it
664 464 95 75 being
783 464 79 75 with
884 464 84 75 olive
993 464 43 75 oil
1065 464 63 75 and
1150 464 105 75 lemon

268 514 97 75 juice.
414 514 112 75 There
542 514 26 75 is
585 514 64 75 alfo
666 514 17 75 a
700 514 90 75 great
813 514 223 75 confumption
1060 514 39 75 of
1123 514 134 75 botargo

270 556 199 75 throughout
484 556 43 75 all
545 556 54 75 the
616 556 141 75 Levant.

318 604 144 75 Botargo
485 604 77 75 pays
590 604 41 75 on
659 604 206 75 importation
891 604 129 75 2-iVod.
1045 604 55 75 the
1123 604 129 75 pound;

270 651 148 75 whereof
430 651 18 75 2
467 633 11 49 S
478 651 80 75 o^d.
583 651 26 75 is
631 651 108 75 repaid
759 651 41 75 on
817 651 218 75 exportation.

220 697 321 75 BOTATRISSA,
565 697 32 75 in
613 697 223 75 ichthyology,
862 697 18 75 a
897 697 161 75 fynonime
1082 697 43 75 of
1140 697 19 75 a
1184 697 68 75 fpe-

270 744 63 75 cies
350 744 41 75 of
407 744 112 75 gadus.
571 744 61 75 See
652 744 155 75 Gadus.

220 792 143 75 BOTE,
387 792 33 75 in
436 792 59 75 our
511 792 55 75 old
582 792 61 75 law
659 792 114 75 books,
799 792 132 75 fignifies
948 792 204 75 recompence
1170 792 38 75 or
1219 792 32 75 a-

268 838 111 75 mends
391 838 8 75 :
426 838 96 75 Thus
549 838 176 75 man-bote,
751 838 26 75 is
794 838 18 75 a
828 838 236 75 cbmpenfation
1080 838 52 75 for
1147 838 18 75 a
1181 838 72 75 man

269 884 88 75 flain.

315 930 112 75 There
438 930 53 75 are
507 930 138 75 likewife
661 930 189 75 houfe-bote
867 930 65 75 and
945 930 224 75 plough-bote,
1187 930 64 75 pri-

268 977 119 75 vileges
404 977 36 75 to
452 977 137 75 tenants,
607 977 41 75 of
659 977 122 75 cutting
793 977 96 75 wood
900 977 52 75 for
963 977 128 75 making
1102 977 148 75 ploughs,

268 1023 158 75 repairing
443 1023 187 75 tenements,
657 1023 60 75 and
733 1023 139 75 likewife
890 1023 50 75 for
957 1023 80 75 fuel.

221 1070 264 75 BOTELESS,
510 1070 37 75 or
565 1070 216 75 Bootless,
807 1070 25 75 is
851 1070 91 75 when
963 1070 39 75 an
1018 1070 145 75 offender
1186 1070 63 75 was

268 1118 65 75 laid
349 1118 34 75 to
400 1118 39 75 be
456 1118 136 75 without
608 1118 213 75 emendation,
840 1118 92 75 when
945 1118 41 75 no
998 1118 112 75 favour
1127 1118 59 75 can
1198 1118 51 75 ac-

271 1164 68 75 quit
356 1164 88 75 him;
472 1164 32 75 as
521 1164 30 75 in
570 1164 53 75 the
640 1164 69 75 cafe
725 1164 40 75 of
775 1164 164 75 facrilege.

220 1210 236 75 BOTHNIA,
481 1210 55 75 the
552 1210 92 75 name
661 1210 40 75 of
712 1210 66 75 two
794 1210 164 75 provinces
976 1210 30 75 in
1026 1210 149 75 Sweden,
1202 1210 47 75 di-

267 1256 188 75 ftinguilhed
475 1256 43 75 by
542 1256 55 75 the
620 1256 136 75 epithets
781 1256 64 75 ealt
869 1256 62 75 and
956 1256 86 75 weft,
1076 1256 62 75 and
1162 1256 88 75 lying

267 1305 41 75 on
336 1305 77 75 each
437 1305 64 75 fide
528 1305 55 75 the
607 1305 140 75 Bothnia
762 1305 82 75 gulf,
869 1305 108 75 which
996 1305 89 75 takes
1102 1305 41 75 its
1160 1305 90 75 name

268 1350 83 75 from
374 1350 101 75 them.
503 1350 8 75 -

218 1396 258 75 BOTRYTIS,
494 1396 31 75 in
542 1396 133 75 botany,
700 1396 18 75 a
735 1396 160 75 fynonime
913 1396 39 75 of
960 1396 19 75 a
994 1396 117 75 fpecies
1129 1396 41 75 of
1180 1396 69 75 mu-

268 1443 66 75 cor.
385 1443 61 75 See
462 1443 39 75 M
508 1443 21 75 u
536 1443 18 75 c
562 1443 21 75 o
592 1443 34 75 a.

218 1490 214 75 BOTTLE,
457 1490 19 75 a
494 1490 92 75 veffel
607 1490 113 75 proper
739 1490 34 75 to
801 1490 127 75 contain
944 1490 136 75 liquors,
1105 1490 92 75 made
1214 1490 41 75 of

265 1536 134 75 leather,
425 1536 94 75 glafs,
544 1536 38 75 or
598 1536 98 75 ftone.
745 1536 112 75 There
875 1536 53 75 are
955 1536 119 75 bottles
1091 1536 39 75 of
1141 1536 109 75 boiled

267 1582 134 75 leather,
427 1582 103 75 which
549 1582 53 75 are
619 1582 92 75 made
728 1582 61 75 and
806 1582 68 75 fold
891 1582 44 75 by
950 1582 56 75 the
1023 1582 224 75 cafe-makers.

264 1629 110 75 Thofe
402 1629 117 75 among
544 1629 55 75 the
631 1629 124 75 ancient
783 1629 157 75 Hebrews
969 1629 84 75 were
1085 1629 164 75 generally

266 1676 91 75 made
374 1676 40 75 of
424 1676 75 75 goat
517 1676 77 75 Ikin,
619 1676 78 75 with
725 1676 55 75 the
804 1676 71 75 hair
902 1676 40 75 on
971 1676 56 75 the
1042 1676 109 75 infide,
1176 1676 72 75 well

266 1721 130 75 pitched
412 1721 61 75 and
489 1721 103 75 fewed
610 1721 170 75 together;
806 1721 55 75 the
889 1721 112 75 mouth
1021 1721 42 75 of
1073 1721 55 75 the
1145 1721 104 75 bottle

264 1769 65 75 was
346 1769 141 75 through
503 1769 56 75 the
585 1769 143 75 animal’s
746 1769 70 75 paw
831 1769 72 75 that
918 1769 162 75 furnifhed
1094 1769 56 75 the
1167 1769 81 75 mat-

267 1815 49 75 ter
340 1815 40 75 of
398 1815 37 75 it.

312 1861 111 75 There
436 1861 51 75 are
505 1861 73 75 now
591 1861 31 75 in
641 1861 52 75 ufe
709 1861 120 75 bottles
845 1861 41 75 of
897 1861 61 75 fine
975 1861 81 75 glafs
1072 1861 106 75 which
1196 1861 53 75 are

267 1907 181 75 commonly
475 1907 134 75 covered
638 1907 79 75 with
746 1907 104 75 ozier,
880 1907 62 75 and
964 1907 108 75 others
1096 1907 39 75 of
1157 1907 91 75 thick

266 1956 79 75 glafs
363 1956 104 75 which
485 1956 53 75 are
555 1956 56 75 not
629 1956 148 75 covered.
826 1956 168 75 Formerly
1010 1956 41 75 all
1069 1956 89 75 thofe
1175 1956 72 75 bot-

265 2002 60 75 tles
343 2002 90 75 made
449 2002 31 75 in
499 2002 120 75 France
635 2002 76 75 Held
727 2002 125 75 exa&ly
870 2002 17 75 a
904 2002 66 75 pint
995 2002 89 75 Paris
1106 2002 141 75 meafure

269 2048 53 75 (or
346 2048 98 75 about
459 2048 17 75 a
494 2048 94 75 quart
604 2048 39 75 of
660 2048 60 75 our
737 2048 129 75 Englifti
884 2048 82 75 wine
983 2048 179 75 meafure);
1189 2048 59 75 but

265 2095 81 75 fiace
362 2095 56 75 the
432 2095 262 75 tavern-keepers
711 2095 55 75 fell
783 2095 79 75 moft
879 2095 41 75 of
929 2095 84 75 their
1029 2095 82 75 wine
1126 2095 33 75 in
1172 2095 75 75 fuch

266 2139 131 75 bottles,
415 2139 279 75 norwithftanding
706 2139 38 75 an
754 2139 201 75 ordonnance
970 2139 37 75 to
1017 2139 56 75 the
1085 2139 161 75 contrary,

267 2187 69 75 that
353 2187 61 75 one
431 2187 106 75 would
555 2187 91 75 think
662 2187 56 75 the
734 2187 202 75 glaffmakers
953 2187 63 75 had
1032 2187 130 75 entered
1178 2187 69 75 into

267 2235 37 75 an
323 2235 181 75 agreement
524 2235 79 75 with
621 2235 87 75 them
734 2235 56 75 not
807 2235 34 75 to
858 2235 92 75 make
966 2235 63 75 any
1045 2235 118 75 bottles
1176 2235 70 75 that

266 2275 79 75 hold
360 2275 55 75 the
432 2275 59 75 full
507 2275 152 75 meafure,
684 2275 91 75 there
799 2275 53 75 are
880 2275 81 75 none
985 2275 58 75 but
1069 2275 85 75 what
1170 2275 80 75 hold

266 2326 72 75 lefs,
372 2326 60 75 and
463 2326 84 75 fome
577 2326 216 75 confiderably
820 2326 47 75 fo.
933 2326 62 75 See
1020 2326 225 75 Glass-ma-

271 2373 109 75 king.

314 2419 37 75 In
368 2419 188 75 commerce,
573 2419 119 75 bottles
709 2419 42 75 of
760 2419 91 75 earth
868 2419 37 75 or
921 2419 85 75 ftone
1022 2419 62 75 pay
1101 2419 10 75 1
1123 2419 12 75 i
1135 2451 30 49 T

1165 2401 4 49 s
1169 2419 79 75 i-d.

267 2465 76 75 each
366 2465 118 75 dozen,
509 2465 42 75 on
567 2465 224 75 importation;
818 2465 147 75 whereof
982 2465 144 75 iOto^T
1154 2465 26 75 is
1199 2465 49 75 re-

267 2513 75 75 paid
357 2513 42 75 on
419 2513 171 75 exporting
606 2513 128 75 them.-^
756 2513 96 75 Glafs
869 2513 118 75 bottles
1005 2513 136 75 covered
1169 2513 77 75 with

266 2558 132 75 wicker,
423 2558 61 75 pay
515 2558 21 75 6
554 2558 28 75 s.
613 2558 128 75 y-i^d'.
768 2558 55 75 the
850 2558 126 75 dozen;
1010 2558 148 75 whereof
1179 2558 22 75 6
1218 2558 28 75 s.

269 2611 94 75 2xuo'
363 2611 32 75 d.
421 2611 28 75 H
471 2611 107 75 repaid
601 2611 41 75 on
670 2611 172 75 exporting
865 2611 100 75 them,
1015 2611 97 75 Glafs
1130 2611 117 75 bottles

267 2648 137 75 covered
422 2648 78 75 with
523 2648 134 75 leather,
683 2648 61 75 pay
766 2648 50 75 11.
845 2648 20 75 9
879 2648 27 75 s.
938 2648 10 75 1

1108 2648 56 75 the
1188 2648 59 75 do-

269 2698 77 75 zen;
374 2698 147 75 whereof
539 2698 9 75 1
564 2698 22 75 1.
615 2698 55 75 7s.
703 2698 39 75 io
742 2730 22 49 7
764 2698 86 75 *-^d.
874 2698 26 75 is
919 2698 109 75 repaid
1052 2698 40 75 on
1116 2698 130 75 export-

267 2744 54 75 ing
336 2744 101 75 them.
486 2744 97 75 Glafs
605 2744 117 75 bottles
745 2744 194 75 uncovered,
963 2744 61 75 pay
1045 2744 38 75 is
1119 2744 48 75 Sx
1167 2776 49 49 0^-
1216 2744 30 75 d.

266 2790 54 75 the
342 2790 103 75 dozen
461 2790 11 75 ;
510 2790 13 75 1
545 2790 26 75 s.
599 2790 134 75 4-r^d.
759 2790 94 75 being
877 2790 108 75 repaid
1010 2790 40 75 on
1076 2790 172 75 exporting

265 2837 101 75 them.
414 2837 128 75 Bottles
559 2837 91 75 made
667 2837 39 75 of
720 2837 179 75 flint-glafs,
924 2837 63 75 pay
1003 2837 20 75 8
1034 2837 33 75 d.
1094 2837 51 75 for
1167 2837 78 75 each

263 2883 106 75 pound
389 2883 140 75 weight;
557 2883 61 75 and
642 2883 89 75 thofe
756 2883 91 75 made
873 2883 39 75 of
934 2883 94 75 green
1051 2883 92 75 glafs,
1169 2883 77 75 only

265 2932 63 75 2-d.
354 2932 52 75 for
425 2932 78 75 each
520 2932 108 75 pound
644 2932 133 75 weight.
827 2932 127 75 Bottles
971 2932 92 75 made
1080 2932 39 75 of
1136 2932 108 75 wood,

263 2975 101 75 Cilhd
371 2975 282 75 fucking-bottles,
678 2975 60 75 pay
756 2975 42 75 by
814 2975 55 75 the
887 2975 107 75 grofs,.
1005 2975 37 75 or
1055 2975 113 75 twelve
1183 2975 59 75 do-

1349 231 71 75 zen,
1451 231 53 75 is.
1529 231 159 75 itx^d;
1715 231 148 75 whereof
1879 231 55 75 is.
1960 231 19 75 8
1979 263 27 49 T
2006 231 83 75 Vcyft.
2114 231 26 75 is
2167 231 108 75 repaid
2291 231 43 75 on

1349 276 171 75 exporting
1541 276 100 75 them.

1301 324 223 75 BOTTOM,
1549 324 32 75 in
1598 324 18 75 a
1640 324 127 75 general
1794 324 97 75 fenfe,
1917 324 133 75 denotes
2067 324 55 75 the
2138 324 107 75 loweft
2262 324 69 75 part

1348 370 40 75 of
1400 370 18 75 a
1434 370 103 75 thing,
1563 370 32 75 in
1621 370 287 75 contradiftimftion
1934 370 35 75 to
1990 370 55 75 the
2069 370 69 75 top,
2165 370 37 75 or
2218 370 111 75 upper-

1349 416 79 75 moft
1445 416 84 75 part.

1302 464 186 75 Bottom,
1512 464 32 75 in
1562 464 194 75 navigation,
1782 464 26 75 is
1835 464 77 75 ufed
1940 464 34 75 to
2002 464 116 75 denote
2135 464 34 75 as
2186 464 73 75 well
2277 464 55 75 the

1351 510 133 75 channel
1503 510 40 75 of
1555 510 99 75 rivers
1672 510 62 75 and
1750 510 167 75 harbours,
1943 510 32 75 as
1994 510 54 75 the
2065 510 87 75 body
2167 510 37 75 or
2218 510 68 75 hull
2299 510 39 75 of

1295 557 4 75 '
1348 557 20 75 a
1378 557 66 75 flop
1458 557 9 75 :
1493 557 109 75 Thus,
1627 557 33 75 in
1678 557 55 75 the
1749 557 119 75 former
1886 557 98 75 fenfe,
2000 557 48 75 we
2065 557 66 75 fay,
2158 557 16 75 a
2191 557 141 75 gravelly

1348 603 137 75 bottom,
1510 603 113 75 clayey
1653 603 139 75 bottom,
1819 603 97 75 fandy
1948 603 136 75 bottom,

2212 603 71 75 and-
2301 603 31 75 in

1349 650 55 75 the
1415 650 96 75 latter
1523 650 99 75 fenfe,
1638 650 19 75 a
1671 650 114 75 Britifh
1797 650 139 75 bottom,
1954 650 18 75 a
1984 650 115 75 Dutch
2109 650 138 75 bottom,
2267 650 64 75 &c.

1396 696 52 75 By
1465 696 124 75 ftatute,
1615 696 119 75 certain
1750 696 219 75 commodities
1985 696 159 75 imported
2160 696 33 75 in
2209 696 123 75 foreign

1349 742 146 75 bottoms
1521 742 62 75 pay
1607 742 19 75 a
1649 742 80 75 duty
1757 742 101 75 called
1882 742 90 75 petty
1994 742 148 75 cuftoms,
2167 742 77 75 over
2271 742 61 75 and

1347 789 102 75 above
1466 789 87 75 what
1570 789 78 75 they
1664 789 54 75 are
1745 789 95 75 liable
1869 789 34 75 to
1927 789 30 75 if
1983 789 160 75 imported
2162 789 32 75 in
2213 789 117 75 Britiih

1348 835 153 75 bottoms.

1301 882 288 75 BOTTOMRY,
1614 882 31 75 in
1663 882 191 75 commerce,
1878 882 18 75 a
1912 882 120 75 marine
2049 882 141 75 contradl
2206 882 51 75 for
2277 882 54 75 the

1348 928 181 75 borrowing
1541 928 38 75 of
1591 928 116 75 money
1721 928 86 75 upon
1823 928 54 75 the
1895 928 70 75 keel
1978 928 36 75 or
2027 928 124 75 bottom
2168 928 40 75 of
2219 928 18 75 a
2253 928 79 75 /hip,

1347 975 69 75 that
1440 975 26 75 is
1484 975 35 75 to
1536 975 65 75 fay,
1626 975 91 75 when
1744 975 54 75 the
1823 975 113 75 mafter
1964 975 40 75 of
2022 975 19 75 a
2065 975 66 75 ihip
2156 975 91 75 binds
2276 975 55 75 the

1345 1021 65 75 {hip
1427 1021 96 75 itfelf,
1549 1021 72 75 that
1636 1021 30 75 if
1687 1021 54 75 the
1769 1021 115 75 money
1901 1021 39 75 be
1958 1021 55 75 not
2030 1021 74 75 paid
2122 1021 42 75 by
2181 1021 56 75 the
2253 1021 77 75 time

1347 1067 181 75 appointed,
1553 1067 56 75 the
1626 1067 138 75 creditor
1780 1067 78 75 {hall
1874 1067 80 75 have
1977 1067 54 75 the
2050 1067 64 75 faid
2131 1067 77 75 {hip.

1298 1114 226 75 Bottomry
1543 1114 26 75 is
1582 1114 65 75 aifo
1659 1114 107 75 where
1775 1114 17 75 a
1801 1114 111 75 perfon
1924 1114 91 75 lends
2031 1114 123 75 money,
2163 1114 34 75 to
2212 1114 19 75 a
2246 1114 84 75 mer-

1346 1160 106 75 chant,
1477 1160 76 75 who
1568 1160 100 75 wants
1685 1160 24 75 it
1726 1160 32 75 in
1782 1160 114 75 traffic,
1923 1160 62 75 and
2001 1160 55 75 the
2070 1160 110 75 lender
2197 1160 26 75 is
2240 1160 35 75 to
2291 1160 40 75 be

1346 1207 74 75 paid
1438 1207 18 75 a
1471 1207 127 75 greater
1615 1207 65 75 fum
1699 1207 32 75 at
1748 1207 55 75 the
1820 1207 107 75 return
1945 1207 39 75 of
2001 1207 57 75 the
2085 1207 76 75 {hip,
2188 1207 142 75 {landing

1346 1254 34 75 to
1405 1254 54 75 the
1487 1254 121 75 hazard
1632 1254 40 75 of
1693 1254 55 75 the
1777 1254 133 75 voyage.
1961 1254 56 75 On
2045 1254 103 75 which
2179 1254 147 75 account,

1345 1299 123 75 though
1485 1299 54 75 the
1556 1299 127 75 intereft
1699 1299 40 75 be
1757 1299 124 75 greater
1897 1299 76 75 than
1992 1299 85 75 what
2094 1299 54 75 the
2164 1299 61 75 law
2241 1299 88 75 com-

1346 1345 107 75 monly
1469 1345 123 75 allows,
1619 1345 54 75 yet
1697 1345 27 75 it
1746 1345 26 75 is
1790 1345 57 75 not
1863 1345 107 75 ufury,
1994 1345 131 75 becaufe
2142 1345 54 75 the
2213 1345 115 75 money

1346 1392 95 75 being
1455 1392 160 75 furnifhed
1634 1392 32 75 at
1683 1392 54 75 the
1754 1392 136 75 lender’s
1909 1392 138 75 hazard,
2071 1392 32 75 if
2114 1392 54 75 the
2185 1392 65 75 fhip
2271 1392 55 75 pe-

1347 1438 105 75 rifhes,
1477 1438 41 75 he
1535 1438 102 75 {hares
1655 1438 33 75 in
1711 1438 56 75 the
1789 1438 76 75 lofs.

1296 1485 248 75 BOTTONY.
1598 1485 29 75 A
1642 1485 85 75 crofs
1738 1485 150 75 bottony,
1914 1485 32 75 in
1964 1485 163 75 heraldry,
2145 1485 184 75 terminates

1345 1531 32 75 at
1393 1531 76 75 each
1498 1531 62 75 end
1584 1531 32 75 in
1640 1531 91 75 three
1758 1531 97 75 buds,
1879 1531 96 75 knots
1991 1531 38 75 or
2045 1531 144 75 buttons,
2215 1531 114 75 refem-

1343 1578 101 75 bling,
1468 1578 33 75 in
1530 1578 85 75 fome
1640 1578 155 75 meafure,
1820 1578 55 75 the
1900 1578 217 75 three-leaved
2141 1578 85 75 grafs
2240 1578 6 75 ;
2287 1578 43 75 on

1344 1624 104 75 which
1473 1624 134 75 account
1633 1624 151 75 Segoing,
1823 1624 32 75 in
1886 1624 52 75 his
1966 1624 114 75 Trefor
2109 1624 217 75 Heraldique,

1345 1671 96 75 terms
1458 1671 26 75 it
1500 1671 89 75 rro/.v
1606 1671 127 75 trefjtee.
1783 1671 31 75 It
1832 1671 26 75 is
1875 1671 55 75 the
1947 1671 102 75 badge
2065 1671 39 75 of
2111 1671 55 75 the
2183 1671 96 75 order
2292 1671 40 75 of

1344 1717 36 75 St
1399 1717 158 75 Maurice.
1607 1717 62 75 See
1689 1717 91 75 Plate
1797 1717 63 75 LI.
1886 1717 54 75 fig.
1964 1717 53 75 17.

1297 1764 228 75 BOTWAR,
1552 1764 19 75 a
1596 1764 86 75 town
1710 1764 40 75 of
1771 1764 238 75 Wirlemburg,
2037 1764 32 75 in
2098 1764 54 75 the
2180 1764 95 75 circle
2292 1764 40 75 of

1346 1809 126 75 Swabia
1488 1809 30 75 in
1536 1809 181 75 Germany,
1734 1809 134 75 fituated
1884 1809 98 75 about
1994 1809 107 75 fifteen
2113 1809 91 75 miles
2216 1809 110 75 fouth-

1345 1857 61 75 eaft
1423 1857 39 75 of
1474 1857 179 75 Hailbron:
1680 1857 43 75 E.
1742 1857 87 75 long.
1850 1857 20 75 9
1870 1839 23 49 0
1912 1857 52 75 15'
1964 1857 11 75 ,
2001 1857 61 75 and
2077 1857 48 75 N.
2143 1857 57 75 lat.
2220 1857 83 75 49®.

1297 1904 208 75 BOTZEN,
1532 1904 18 75 a
1565 1904 78 75 very
1660 1904 155 75 beautiful
1837 1904 88 75 town
1950 1904 40 75 of
2009 1904 178 75 Germany,
2213 1904 32 75 in
2271 1904 53 75 the

1342 1949 170 75 Tyrolefe.

1295 1993 381 75 BOTZENBOURG,
1703 1993 17 75 a
1732 1993 85 75 town
1836 1993 39 75 of
1886 1993 179 75 Germany,
2090 1993 132 75 fituated
2239 1993 84 75 upon

1341 2041 54 75 the
1415 2041 93 75 Elbe,
1533 2041 32 75 in
1590 2041 55 75 the
1667 2041 108 75 duchy
1801 2041 41 75 of
1858 2041 247 75 Mecklenburg,
2131 2041 31 75 in
2184 2041 36 75 11
2232 2023 15 49 0
2269 2041 55 75 23'

1341 2088 44 75 E.
1403 2088 86 75 long,
1516 2088 61 75 and
1597 2088 40 75 53
1637 2070 20 49 0
1682 2088 52 75 34'
1750 2088 47 75 N.
1819 2088 58 75 lat.

1297 2135 145 75 BOVA,
1468 2135 19 75 a
1503 2135 87 75 town
1606 2135 40 75 of
1658 2135 54 75 the
1728 2135 154 75 kingdom
1910 2135 39 75 of
1970 2135 123 75 Naples
2120 2135 32 75 in
2168 2135 97 75 Italy,
2290 2135 35 75 a-

1342 2181 76 75 bout
1435 2181 121 75 twenty
1567 2181 90 75 miles
1675 2181 91 75 {bmh
1785 2181 63 75 eaft
1864 2181 40 75 of
1914 2181 146 75 Reggio:
2087 2181 45 75 E.
2149 2181 87 75 long.
2260 2181 40 75 16
2300 2163 23 49 0

1347 2227 52 75 15'
1399 2227 11 75 ,
1436 2227 61 75 and
1514 2227 47 75 N.
1580 2227 68 75 lat.,
1659 2227 65 75 38®
1747 2227 65 75 ic/.

1296 2274 166 75 BOUGH
1469 2274 95 75 AIN,
1590 2274 17 75 a
1623 2274 140 75 fortified
1775 2274 86 75 town
1874 2274 39 75 of
1925 2274 145 75 HainaJt,
2087 2274 32 75 in
2132 2274 55 75 the
2200 2274 124 75 French

1343 2319 229 75 Netherlands,
1598 2319 96 75 about
1711 2319 92 75 feven
1828 2319 89 75 miles
1946 2319 96 75 north
2071 2319 40 75 of
2134 2319 163 75 Cambray
2312 2319 10 75 :

1344 2367 42 75 E.
1405 2367 76 75 long
1514 2367 16 75 3
1530 2349 25 49 0
1579 2367 53 75 15'
1632 2367 11 75 ,
1669 2367 62 75 and
1748 2367 47 75 N.
1814 2367 57 75 lat.
1891 2367 61 75 50*
1974 2367 54 75 30'
2028 2367 12 75 .

1296 2413 198 75 BOUCHE
1522 2413 42 75 of
1570 2413 106 75 court,
1701 2413 55 75 xh*
1778 2413 152 75 privilege
1958 2413 39 75 of
2013 2413 115 75 having
2156 2413 84 75 meat
2262 2413 64 75 and

1343 2459 93 75 drink
1453 2459 31 75 at
1502 2459 104 75 court,
1630 2459 68 75 fcot
1716 2459 77 75 free.
1842 2459 85 75 This
1945 2459 150 75 privilege
2107 2459 26 75 is
2145 2459 179 75 fometimes

1341 2506 76 75 only
1433 2506 162 75 extended
1611 2506 34 75 to
1662 2506 109 75 bread,
1797 2506 86 75 beer,
1901 2506 62 75 and
1979 2506 81 75 wine
2072 2506 11 75 ;
2110 2506 62 75 and
2184 2506 68 75 was
2268 2506 55 75 an-

1343 2552 119 75 ciently
1477 2552 32 75 in
1526 2552 53 75 ufe
1590 2552 34 75 as
1640 2552 73 75 well
1730 2552 32 75 in
1778 2552 56 75 the
1850 2552 113 75 houfes
1980 2552 40 75 of
2037 2552 179 75 noblemen,
2242 2552 32 75 as
2291 2552 32 75 in

1342 2598 54 75 the
1417 2598 102 75 king’s
1536 2598 105 75 court.

1295 2645 180 75 BOUGE,
1500 2645 32 75 in
1549 2645 189 75 commerce,
1763 2645 18 75 a
1797 2645 65 75 fort
1878 2645 41 75 of
1933 2645 74 75 fine,
2023 2645 111 75 white,
2160 2645 63 75 and
2239 2645 84 75 clear

1341 2690 140 75 ftamine,
1491 2690 40 75 of
1538 2690 105 75 which
1655 2690 93 75 Hurts
1760 2690 53 75 are
1825 2690 92 75 made
1928 2690 51 75 for
1991 2690 79 75 moft
2082 2690 40 75 of
2129 2690 55 75 the
2195 2690 126 75 monks,

1340 2737 73 75 who
1428 2737 54 75 ufe
1498 2737 82 75 none
1597 2737 92 75 made
1705 2737 40 75 of
1755 2737 96 75 linen.

1293 2785 176 75 BOUGH
1500 2785 132 75 denotes
1659 2785 95 75 much
1782 2785 55 75 the
1861 2785 83 75 fame
1971 2785 79 75 with
2074 2785 133 75 branch.
2259 2785 62 75 See

1339 2829 174 75 Branch.

1292 2877 266 75 BOUILLON,
1585 2877 17 75 a
1623 2877 106 75 ftrong
1746 2877 86 75 town
1850 2877 78 75 with
1952 2877 17 75 a
1986 2877 105 75 caftle,
2117 2877 99 75 about
2232 2877 91 75 three

1339 2922 126 75 leagues
1483 2922 82 75 from
1586 2922 117 75 Sedan,
1733 2922 41 75 on
1792 2922 54 75 the
1864 2922 84 75 river
1965 2922 119 75 Semoy
2097 2922 8 75 :
2143 2922 32 75 It
2192 2922 26 75 is
2236 2922 85 75 capi-

1338 2971 44 75 tal
1399 2971 40 75 of
1450 2971 19 75 a
1484 2971 109 75 duchy
1609 2971 39 75 of
1661 2971 55 75 the
1731 2971 84 75 fame
1830 2971 105 75 name,
1960 2971 135 75 fituated
2111 2971 141 75 between
2266 2971 56 75 the

2215 3010 107 75 duchy
