2397 3387
539 133 34 75 B
632 133 35 75 E
730 133 42 75 A

212 202 74 75 that
303 202 42 75 go
361 202 77 75 over
450 202 55 75 the
522 202 129 75 muzzle
667 202 40 75 of
719 202 55 75 the
791 202 146 75 firelock,
955 202 63 75 and
1030 202 54 75 are
1096 202 115 75 fcrew-

217 249 40 75 ed
273 249 72 75 faft,
371 249 34 75 fo
421 249 71 75 that
509 249 56 75 the
582 249 116 75 foldier
726 249 73 75 fires
824 249 80 75 with
933 249 50 75 his
1012 249 140 75 bayonet
1168 249 41 75 on

218 296 54 75 the
288 296 130 75 muzzle
435 296 39 75 of
486 296 49 75 his
554 296 100 75 piece,
673 296 63 75 and
751 296 28 75 is
796 296 99 75 ready
907 296 36 75 to
960 296 48 75 aft
1025 296 119 75 againft
1156 296 55 75 the

217 343 104 75 horfe.

171 390 247 75 BAYONNE,
445 390 18 75 a
479 390 88 75 large
583 390 67 75 city
678 390 40 75 of
740 390 152 75 Gafcony
909 390 31 75 in
958 390 135 75 France,
1119 390 91 75 fitua-

219 436 55 75 ted
297 436 41 75 on
355 436 55 75 the
428 436 85 75 river
530 436 128 75 Adour,
683 436 77 75 near
787 436 57 75 the
872 436 62 75 bay
962 436 40 75 of
1024 436 129 75 Bifcay,
1179 436 33 75 in

222 485 39 75 i°
284 485 54 75 20'
355 485 60 75 W.
432 485 90 75 long,
548 485 62 75 and
631 485 42 75 43
673 467 20 49 0
715 485 53 75 3c/
785 485 47 75 N.
849 485 60 75 lat.

178 531 137 75 BAYS,
338 531 33 75 in
388 531 191 75 commerce,
605 531 19 75 a
640 531 65 75 fort
727 531 41 75 of
788 531 81 75 open
886 531 136 75 woollen
1041 531 86 75 duff,
1152 531 57 75 ha-

219 577 74 75 ving
310 577 18 75 a
345 577 77 75 long
438 577 74 75 nap,
530 577 179 75 fometimes
722 577 120 75 frized,
861 577 64 75 and
941 577 180 75 fometimes
1140 577 70 75 not.

219 625 85 75 This
321 625 78 75 duff
411 625 26 75 is
455 625 139 75 without
610 625 93 75 wale,
729 625 63 75 and
808 625 26 75 is
851 625 151 75 wrought
1018 625 32 75 in
1079 625 19 75 a
1122 625 90 75 loom

222 671 79 75 with
320 671 65 75 two
409 671 155 75 treddles,
589 671 64 75 like
677 671 128 75 flannel.
854 671 33 75 It
909 671 27 75 is
960 671 116 75 chiefly
1099 671 111 75 manu-

222 719 144 75 faftured
390 719 33 75 at
451 719 187 75 Colcheder
665 719 62 75 and
752 719 126 75 Bockin
906 719 32 75 in
966 719 112 75 Eflex,
1104 719 107 75 where

219 766 135 75 there'is
371 766 18 75 a
405 766 66 75 hall
488 766 104 75 called
608 766 55 75 the
682 766 113 75 Dutch
813 766 145 75 bay-hall
980 766 37 75 or
1036 766 173 75 ranu-halL

217 812 77 75 The
310 812 206 75 exportation
532 812 40 75 of
583 812 79 75 bays
676 812 63 75 was
751 812 156 75 formerly
921 812 95 75 much
1028 812 89 75 more
1133 812 77 75 con-

219 859 153 75 fiderable
390 859 77 75 than
493 859 32 75 at
549 859 128 75 prefent
693 859 71 75 that
781 859 56 75 the
859 859 126 75 French
1002 859 81 75 have
1105 859 106 75 learn-

221 906 39 75 ed
279 906 35 75 to
330 906 124 75 imitate
470 906 101 75 them.
637 906 176 75 However,
839 906 54 75 the
910 906 132 75 Englilh
1059 906 80 75 bays
1156 906 54 75 are

219 953 60 75 dill
308 953 68 75 fent
391 953 33 75 in
441 953 92 75 great
560 953 173 75 quantities
761 953 35 75 to
826 953 97 75 Spain
951 953 63 75 and
1041 953 170 75 Portugal,

219 999 62 75 and
298 999 78 75 even
393 999 35 75 to
445 999 98 75 Italy.
592 999 105 75 Their
715 999 90 75 chief
817 999 52 75 ufe
885 999 27 75 is
928 999 52 75 for
1003 999 133 75 dreffing
1153 999 57 75 the

219 1047 114 75 monks
346 1047 63 75 and
425 1047 93 75 nuns,
544 1047 63 75 and
623 1047 51 75 for
696 1047 129 75 linings,
851 1047 168 75 efpecially
1035 1047 32 75 in
1084 1047 55 75 the
1160 1047 50 75 ar-

218 1093 68 75 my.
350 1093 76 75 The
443 1093 231 75 looking-glafs
691 1093 126 75 makers
835 1093 64 75 alfo
916 1093 54 75 ufe
986 1093 88 75 them
1090 1093 122 75 behind

220 1139 84 75 their
321 1139 124 75 glades,
471 1139 34 75 to
522 1139 145 75 preferve
685 1139 55 75 the
768 1139 47 75 tin
843 1139 42 75 or
909 1139 212 75 quickfilver;
1148 1139 64 75 and

218 1187 57 75 the
296 1187 224 75 cafe-makers,
545 1187 36 75 to
601 1187 63 75 line
681 1187 84 75 their
783 1187 98 75 cafes.
929 1187 78 75 The
1024 1187 135 75 breadth
1176 1187 41 75 of

221 1234 78 75 bays
316 1234 26 75 is
360 1234 183 75 commonly
559 1234 19 75 a
594 1234 81 75 yard
687 1234 61 75 and
767 1234 18 75 a
800 1234 81 75 half,
905 1234 19 75 a
946 1234 80 75 yard
1043 1234 62 75 and
1121 1234 91 75 three

220 1281 162 75 quarters,
408 1281 35 75 or
462 1281 65 75 two
541 1281 107 75 yards,
674 1281 43 75 by
730 1281 42 75 42
792 1281 35 75 to
844 1281 43 75 48
905 1281 31 75 in
949 1281 126 75 length.
1099 1281 113 75 Thofe

220 1328 39 75 of
271 1328 18 75 a
305 1328 79 75 yard
401 1328 64 75 and
480 1328 91 75 three
597 1328 148 75 quarters
771 1328 53 75 are
847 1328 80 75 mod
944 1328 117 75 proper
1076 1328 52 75 for
1155 1328 56 75 the

222 1374 131 75 Spanifh
371 1374 104 75 trade.

175 1422 176 75 BAZAR,
378 1422 170 75 Bazari,
574 1422 261 75 orBAZAARD,
860 1422 19 75 a
891 1422 89 75 place
997 1422 149 75 defigned
1162 1422 53 75 for

220 1469 91 75 trade
328 1469 115 75 among
460 1469 55 75 the
537 1469 120 75 eadern
675 1469 138 75 nations,
838 1469 210 75 particularly
1064 1469 56 75 the
1136 1469 78 75 Per-

220 1515 92 75 fians,
337 1515 86 75 fome
440 1515 40 75 of
490 1515 105 75 which
613 1515 53 75 are
679 1515 81 75 open
776 1515 34 75 at
825 1515 69 75 top,
919 1515 66 75 like
1001 1515 56 75 the
1075 1515 140 75 market-

220 1562 106 75 places
344 1562 40 75 of
399 1562 133 75 Europe
544 1562 9 75 ;
573 1562 108 75 others
695 1562 53 75 are
765 1562 136 75 covered
918 1562 79 75 with
1015 1562 199 75 high-vault-

220 1609 41 75 ed
282 1609 145 75 ceilings,
452 1609 62 75 and
531 1609 143 75 adorned
689 1609 79 75 with
785 1609 111 75 domes
912 1609 36 75 to
964 1609 72 75 give
1052 1609 95 75 light.
1174 1609 39 75 In

220 1657 56 75 the
288 1657 77 75 fird,
382 1657 79 75 they
473 1657 55 75 fell
546 1657 64 75 ony
626 1657 56 75 the
698 1657 61 75 lefs
775 1657 145 75 precious
938 1657 63 75 and
1016 1657 79 75 mod
1112 1657 102 75 bulky

221 1704 222 75 commodities
455 1704 10 75 ;
492 1704 156 75 whereas,
673 1704 32 75 in
722 1704 56 75 the
792 1704 110 75 latter,
928 1704 52 75 are
996 1704 57 75 the
1068 1704 92 75 ftiops
1178 1704 41 75 of

219 1751 92 75 thofe
330 1751 182 75 merchants
528 1751 76 75 who
620 1751 57 75 fell
696 1751 127 75 jewels,
849 1751 68 75 rich
934 1751 103 75 duffs,
1062 1751 151 75 wrought

221 1797 96 75 plate,
344 1797 64 75 be.

174 1845 168 75 BAZAS,
366 1845 19 75 a
411 1845 88 75 town
528 1845 42 75 of
593 1845 151 75 Guienne
771 1845 50 75 in.
833 1845 138 75 France,
996 1845 99 75 about
1111 1845 104 75 thirty

222 1891 90 75 miles
329 1891 93 75 fouth
451 1891 40 75 of
510 1891 211 75 Bourdeaux,
746 1891 32 75 in
800 1891 55 75 25'
872 1891 61 75 W.
951 1891 88 75 long,
1065 1891 63 75 and
1144 1891 46 75 44
1190 1873 20 49 0

224 1939 53 75 20'
302 1939 48 75 N.
363 1939 59 75 lat.

176 1985 177 75 BAZAT,
380 1985 36 75 or
444 1985 126 75 Baza,
595 1985 33 75 in
656 1985 191 75 commerce,
873 1985 18 75 a
918 1985 89 75 long,
1033 1985 75 75 fine,
1133 1985 79 75 fpun

222 2031 124 75 cotton,
363 2031 106 75 which
486 2031 106 75 comes
610 2031 84 75 from
712 2031 189 75 Jerufalem,
920 2031 130 75 whence
1067 2031 25 75 it
1105 2031 26 75 is
1149 2031 65 75 alfo

223 2078 102 75 called
344 2078 322 75 Jerufalem-cotton.

179 2125 278 75 BDELLIUM,
493 2125 27 75 is
541 2125 18 75 a
583 2125 132 75 gummy
743 2125 138 75 refinous
913 2125 172 75 concreted
1113 2125 100 75 juice,

224 2171 139 75 brought
379 2171 85 75 from
481 2171 124 75 Arabia
620 2171 63 75 and
699 2171 56 75 the
771 2171 45 75 E.
835 2171 122 75 Indies,
982 2171 33 75 in
1038 2171 112 75 globes
1179 2171 41 75 of

223 2218 150 75 different
389 2218 116 75 figures
523 2218 62 75 and
601 2218 213 75 magnitudes.
864 2218 34 75 It
921 2218 26 75 is
964 2218 40 75 of
1016 2218 20 75 a
1050 2218 164 75 darkred-

224 2267 66 75 difli
307 2267 111 75 brown
435 2267 124 75 colour,
585 2267 76 75 and,
686 2267 33 75 in
744 2267 206 75 appearance,
974 2267 173 75 fomewhat
1164 2267 49 75 re-

224 2312 136 75 fembles
390 2312 132 75 myrrh;
560 2312 63 75 and
649 2312 27 75 is
705 2312 247 75 recommended
968 2312 33 75 as
1019 2312 18 75 a
1053 2312 160 75 fudorific,

223 2359 148 75 diuretic,
389 2359 61 75 and
470 2359 145 75 uterine;
634 2359 62 75 and
710 2359 33 75 in
760 2359 145 75 external
923 2359 219 75 applications,
1162 2359 53 75 for

224 2406 195 75 maturating
437 2406 158 75 tumours,
622 2406 64 75 be.
736 2406 39 75 In
800 2406 56 75 the
873 2406 125 75 prefent
1013 2406 149 75 praftice,
1187 2406 27 75 it

223 2454 28 75 is
271 2454 106 75 fcarce
394 2454 167 75 otherwife
580 2454 92 75 made
688 2454 54 75 ufe
759 2454 47 75 of,
832 2454 77 75 than
927 2454 33 75 as
978 2454 39 75 an
1034 2454 180 75 ingredient

224 2500 31 75 in
273 2500 153 75 theriaca.

176 2547 367 75 BEACHY-HEAD,
572 2547 19 75 a
613 2547 76 75 cape
706 2547 36 75 or
766 2547 211 75 promontory
993 2547 42 75 on
1058 2547 56 75 the
1131 2547 84 75 coad

224 2594 40 75 of
276 2594 126 75 Suflex,
426 2594 146 75 between
589 2594 150 75 Hadings
756 2594 62 75 and
835 2594 190 75 Shoreham.

178 2642 212 75 BEACON,
417 2642 62 75 any
503 2642 107 75 public
633 2642 110 75 fignal,
768 2642 35 75 to
829 2642 73 75 give
928 2642 142 75 warning
1098 2642 118 75 againd

226 2688 114 75 rocks,'
357 2688 132 75 fhelves,
515 2688 167 75 invafions,
707 2688 66 75 be.

180 2736 315 75 BEACONAGE,
522 2736 17 75 a
566 2736 59 75 tax
648 2736 143 75 or.farm
809 2736 74 75 paid
909 2736 52 75 for
988 2736 56 75 the
1071 2736 54 75 ufe
1153 2736 62 75 and

224 2783 218 75 maintenance
457 2783 41 75 of
508 2783 18 75 a
541 2783 134 75 beacon.
709 2783 248 75 Trinity-houfe
973 2783 26 75 is
1011 2783 202 75 empowered

225 2829 34 75 to
275 2829 74 75 levy
365 2829 64 75 this
447 2829 57 75 tax
520 2829 44 75 by
580 2829 49 75 aft
645 2829 40 75 of
699 2829 200 75 parliament.

177 2876 362 75 BEACONFIELD,
565 2876 18 75 a
599 2876 227 75 market-town
842 2876 40 75 of
894 2876 317 75 Buckinghamfhire,

226 2924 204 75 twenty-two
454 2924 92 75 miles
571 2924 74 75 wed
669 2924 41 75 of
729 2924 152 75 London,
907 2924 32 75 in
970 2924 43 75 2,0
1040 2924 61 75 W.
1120 2924 89 75 long,

221 2969 66 75 and
306 2969 62 75 ji°
387 2969 55 75 30'
467 2969 48 75 N.
536 2969 60 75 lat.

1684 131 36 75 B
1780 131 34 75 E
1875 131 43 75 A

1259 204 146 75 BEAD,
1433 204 19 75 a
1466 204 90 75 fmall
1573 204 82 75 glafs
1671 204 79 75 ball,
1775 204 93 75 made
1891 204 32 75 in
1951 204 159 75 imitation
2138 204 40 75 of
2200 204 101 75 pearl,

1308 250 63 75 and
1387 250 77 75 ufed
1480 250 228 75 in,necklaces,
1734 250 65 75 be.

1260 297 121 75 Bead,
1416 297 31 75 in
1478 297 221 75 architefture,
1734 297 18 75 a
1780 297 103 75 round
1913 297 178 75 moulding,
2118 297 184 75 commonly

1309 344 91 75 made
1424 344 84 75 upon
1528 344 54 75 the
1599 344 80 75 edge
1696 344 40 75 of
1749 344 18 75 a
1794 344 88 75 piece
1900 344 39 75 of
1951 344 85 75 duff,
2062 344 32 75 in
2111 344 55 75 the
2184 344 116 75 Corin-

1309 390 88 75 thian
1414 390 62 75 and
1501 390 128 75 Roman
1647 390 124 75 orders,
1797 390 53 75 cut
1868 390 37 75 or
1931 390 117 75 carved
2072 390 33 75 in
2129 390 88 75 fnort
2235 390 66 75 em-

1307 438 183 75 bofiments,
1515 438 65 75 like
1601 438 98 75 beads
1717 438 31 75 in
1766 438 178 75 necklaces.

1260 485 229 75 TSeA.T>-proof,
1515 485 115 75 among
1646 485 162 75 didillers,
1835 485 18 75 a
1868 485 167 75 fallacious
2055 485 72 75 way
2144 485 40 75 of
2195 485 106 75 deter-

1307 531 121 75 mining
1445 531 54 75 the
1517 531 140 75 drength
1672 531 39 75 of
1722 531 118 75 fpirits,
1866 531 84 75 from
1968 531 54 75 the
2046 531 208 75 continuance
2267 531 41 75 of

1307 578 55 75 the
1378 578 148 75 bubbles,
1551 578 37 75 or
1604 578 110 75 beads,
1740 578 101 75 raifed
1857 578 42 75 by
1912 578 130 75 fhaking
2059 578 18 75 a
2093 578 89 75 fmall
2200 578 100 75 quan-

1306 625 64 75 tity
1386 625 40 75 of
1442 625 88 75 them
1547 625 31 75 in
1597 625 17 75 a
1631 625 100 75 phial.

1259 673 201 75 Bead-;W/,
1488 673 115 75 among
1615 673 129 75 papids,
1762 673 18 75 a
1795 673 51 75 lid
1862 673 40 75 of
1914 673 76 75 fuch
2006 673 141 75 perfons,
2173 673 51 75 for
2245 673 56 75 the

1307 719 59 75 red
1378 719 41 75 of
1431 719 106 75 whofe
1552 719 86 75 fouls
1651 719 77 75 they
1740 719 54 75 are
1806 719 129 75 obliged
1948 719 35 75 to
2007 719 109 75 repeat
2140 719 18 75 a
2181 719 122 75 certain

1306 766 133 75 number
1455 766 41 75 of
1506 766 143 75 prayers,
1671 766 102 75 which
1786 766 78 75 they
1881 766 98 75 count
1996 766 43 75 by
2049 766 107 75 means
2169 766 39 75 of
2215 766 86 75 their

1306 813 111 75 beads.

1260 860 212 75 BEADLE,
1506 860 19 75 a
1551 860 173 75 meflenger
1741 860 38 75 or
1804 860 162 75 apparitor
1983 860 41 75 of
2046 860 19 75 a
2093 860 105 75 court,
2224 860 77 75 who

1307 907 77 75 cites
1401 907 129 75 perfons
1547 907 35 75 to
1599 907 115 75 appear
1729 907 62 75 and
1808 907 120 75 anfwer
1944 907 33 75 in
1994 907 56 75 the
2062 907 93 75 court
2166 907 34 75 to
2213 907 88 75 what

1306 954 26 75 is
1350 954 148 75 alledged
1516 954 118 75 againd
1651 954 101 75 them.

1259 1000 155 75 Beadle
1433 1000 26 75 is
1477 1000 65 75 alfo
1559 1000 39 75 an
1615 1000 107 75 officer
1748 1000 33 75 at
1809 1000 39 75 an
1872 1000 185 75 univerfity,
2081 1000 108 75 whofe
2214 1000 92 75 chief

1307 1047 135 75 bufinefs
1459 1047 26 75 it
1500 1047 27 75 is
1544 1047 36 75 to
1597 1047 85 75 walk
1698 1047 111 75 before
1827 1047 54 75 the
1897 1047 129 75 maders
2044 1047 77 75 with
2152 1047 19 75 a
2195 1047 103 75 mace,

1307 1094 33 75 at
1357 1094 42 75 all
1416 1094 108 75 public
1539 1094 199 75 proceflions.

1260 1142 213 75 BEAGLE,
1499 1142 56 75 the
1571 1142 92 75 name
1681 1142 41 75 of
1745 1142 18 75 a
1789 1142 176 75 particular
1980 1142 78 75 kind
2086 1142 41 75 of
2148 1142 151 75 hunting-

1306 1188 93 75 dogs,
1425 1188 39 75 of
1477 1188 105 75 which
1600 1188 89 75 there
1714 1188 54 75 are
1791 1188 119 75 feveral
1936 1188 95 75 forts,
2057 1188 70 75 viz.
2154 1188 55 75 the
2226 1188 72 75 fou-

1307 1234 93 75 thern
1423 1234 125 75 beagle,
1573 1234 106 75 which
1696 1234 27 75 is
1739 1234 180 75 fomething
1933 1234 61 75 lefs
2017 1234 78 75 than
2123 1234 64 75 the.
2202 1234 97 75 deep-

1307 1281 156 75 mouthed
1485 1281 124 75 hound,
1634 1281 61 75 and
1723 1281 179 75 fomething
1931 1281 125 75 thicker
2072 1281 62 75 and
2149 1281 122 75 fhorter
2285 1281 11 75 ;

1306 1327 56 75 the
1382 1327 241 75 fleet-nothern,
1649 1327 38 75 or
1703 1327 193 75 cat-beagle,
1925 1327 108 75 which
2051 1327 25 75 is
2094 1327 125 75 fmaller
2235 1327 63 75 and

1307 1375 40 75 of
1362 1375 18 75 a
1396 1375 78 75 finer
1491 1375 91 75 (hape
1599 1375 76 75 than
1692 1375 56 75 the
1765 1375 149 75 fouthern
1931 1375 124 75 beagle,
2073 1375 63 75 and
2147 1375 26 75 is
2186 1375 19 75 a
2216 1375 82 75 hard

1310 1420 135 75 runner:
1473 1420 112 75 There
1602 1420 27 75 is
1646 1420 66 75 alfo
1729 1420 19 75 a
1763 1420 77 75 very
1857 1420 89 75 fmall
1963 1420 124 75 beagle,
2113 1420 57 75 not
2186 1420 112 75 bigger

1310 1468 76 75 than
1404 1468 19 75 a
1444 1468 104 75 lady’s
1564 1468 147 75 lap-dog.

1260 1516 144 75 BEAK,
1429 1516 55 75 the
1502 1516 57 75 bill
1580 1516 37 75 or
1635 1516 54 75 nib
1708 1516 40 75 of
1762 1516 19 75 a
1797 1516 86 75 bird.

1262 1562 121 75 Beak,
1409 1562 32 75 in
1467 1562 222 75 architefture,
1714 1562 56 75 the
1795 1562 89 75 fmall
1904 1562 80 75 fillet
2007 1562 61 75 left
2083 1562 42 75 on
2142 1562 56 75 the
2214 1562 87 75 head

1309 1609 39 75 of
1363 1609 17 75 a
1400 1609 141 75 larmier,
1566 1609 105 75 which
1688 1609 100 75 forms
1806 1609 19 75 a
1841 1609 102 75 canal,
1969 1609 63 75 and
2048 1609 108 75 makes
2180 1609 19 75 a
2219 1609 78 75 kind

1308 1656 39 75 of
1358 1656 152 75 pendant.

1358 1703 121 75 Beak,
1505 1703 18 75 a
1538 1703 167 75 moulding
1721 1703 64 75 the'
1785 1703 91 75 fame
1900 1703 33 75 as
1954 1703 56 75 the
2032 1703 264 75 quarter-round,

1309 1749 117 75 except
1442 1749 70 75 that
1529 1749 42 75 its
1588 1749 147 75 fituation
1755 1749 26 75 is
1798 1749 165 75 inverted:
1991 1749 85 75 This
2093 1749 28 75 is
2139 1749 76 75 very
2231 1749 66 75 fre-

1309 1796 100 75 quent
1425 1796 35 75 in
1473 1796 133 75 modern
1622 1796 175 75 buildings,
1823 1796 124 75 though
1963 1796 64 75 few
2043 1796 164 75 examples
2219 1796 40 75 of
2270 1796 27 75 it

1309 1843 52 75 are
1375 1843 101 75 found
1493 1843 32 75 in
1544 1843 54 75 the
1615 1843 140 75 ancient.

1259 1890 121 75 Beak,
1406 1890 272 75 orBEAK-^msf,
1704 1890 39 75 of
1763 1890 19 75 a
1797 1890 79 75 fhip,
1901 1890 73 75 that
1989 1890 72 75 part
2082 1890 137 75 without
2235 1890 58 75 the

1307 1936 77 75 fhip,
1409 1936 112 75 before
1544 1936 56 75 the
1627 1936 194 75 fore-cadle,
1846 1936 106 75 which
1977 1936 27 75 is
2029 1936 142 75 fadened
2188 1936 35 75 to
2239 1936 59 75 the

1306 1982 87 75 dem,
1420 1982 63 75 and
1501 1982 28 75 is
1546 1982 174 75 fupported
1733 1982 43 75 by
1792 1982 55 75 the
1864 1982 84 75 main
1964 1982 94 75 knee.

1259 2030 214 75 BEAKED,
1505 2030 32 75 in
1562 2030 163 75 heraldry,
1753 2030 21 75 a
1805 2030 82 75 term
1916 2030 75 75 uled
2019 2030 35 75 to
2082 2030 128 75 exprefs
2240 2030 56 75 the

1305 2076 82 75 beak
1403 2076 38 75 or
1464 2076 56 75 bill
1547 2076 40 75 of
1607 2076 18 75 a
1640 2076 86 75 bird.
1773 2076 113 75 When
1898 2076 56 75 the
1969 2076 83 75 beak
2065 2076 62 75 and
2141 2076 69 75 legs
2226 2076 41 75 of
2278 2076 19 75 a

1308 2124 77 75 fowl
1414 2124 53 75 are
1491 2124 41 75 of
1550 2124 18 75 a
1592 2124 153 75 different
1772 2124 135 75 tinfture
1934 2124 86 75 from
2043 2124 56 75 the
2123 2124 98 75 body,
2248 2124 48 75 we

1307 2171 55 75 fay
1377 2171 124 75 beaked
1517 2171 63 75 and
1596 2171 180 75 membered
1795 2171 39 75 of
1848 2171 77 75 fuch
1942 2171 18 75 a
1976 2171 148 75 tinfture.

1260 2222 235 75 BEAKING,
1529 2222 116 75 among
1676 2222 242 75 cock-fighters,
1952 2222 27 75 is
2006 2222 94 75 when
2127 2222 61 75 one
2216 2222 80 75 cock

1308 2265 94 75 holds
1418 2265 133 75 another
1567 2265 43 75 by
1626 2265 49 75 his
1692 2265 70 75 bill,
1780 2265 63 75 and
1854 2265 110 75 drikes
1975 2265 69 75 him
2056 2265 79 75 with
2145 2265 50 75 his
2206 2265 90 75 fpurs

1307 2311 37 75 or
1360 2311 124 75 gafflers
1502 2311 33 75 at
1552 2311 55 75 the
1631 2311 84 75 fame
1731 2311 89 75 time.

1260 2359 152 75 BEAM,
1438 2359 32 75 in
1487 2359 222 75 architefture,
1733 2359 56 75 the
1809 2359 115 75 larged
1948 2359 88 75 piece
2059 2359 41 75 of
2118 2359 94 75 wood
2229 2359 31 75 in
2278 2359 19 75 a

1307 2405 156 75 building,
1488 2405 106 75 which
1611 2405 57 75 lies
1685 2405 85 75 crofs
1787 2405 56 75 the
1859 2405 102 75 walls,
1988 2405 61 75 and
2061 2405 103 75 ferves
2176 2405 35 75 to
2223 2405 72 75 fup-

1308 2451 73 75 port
1398 2451 54 75 the
1471 2451 153 75 principal
1641 2451 114 75 rafters
1779 2451 40 75 of
1839 2451 55 75 the
1911 2451 86 75 roof,
2023 2451 60 75 and
2103 2451 69 75 into
2189 2451 106 75 which

1309 2499 54 75 the
1381 2499 66 75 feet
1464 2499 40 75 of
1514 2499 88 75 thefe
1618 2499 116 75 rafters
1751 2499 53 75 are
1827 2499 137 75 framed.

1261 2545 132 75 Beams
1411 2545 45 75 of
1460 2545 23 75 a
1493 2545 79 75 Jhip
1590 2545 53 75 are
1659 2545 55 75 the
1732 2545 88 75 great
1838 2545 83 75 main
1939 2545 234 75 crofs-timbers
2189 2545 107 75 which

1308 2592 78 75 hold
1398 2592 55 75 the
1461 2592 78 75 fides
1549 2592 40 75 of
1595 2592 56 75 the
1660 2592 66 75 Ihip
1734 2592 84 75 from
1828 2592 112 75 falling
1949 2592 160 75 together,
2118 2592 62 75 and
2190 2592 104 75 which

1309 2640 64 75 alfo
1388 2640 133 75 fupport
1537 2640 55 75 the
1608 2640 98 75 decks
1724 2640 62 75 and
1802 2640 129 75 orlops:
1958 2640 77 75 The
2058 2640 85 75 main
2159 2640 92 75 beam
2268 2640 27 75 is

1308 2686 79 75 next
1403 2686 56 75 the
1475 2686 191 75 main-mad,
1692 2686 63 75 and
1774 2686 85 75 from
1874 2686 27 75 it
1912 2686 78 75 they
2007 2686 52 75 are
2075 2686 161 75 reckoned
2251 2686 45 75 by

1308 2733 75 75 fird,
1409 2733 128 75 fecond,
1557 2733 88 75 third
1661 2733 104 75 beam,
1784 2733 65 75 be.
1875 2733 55 75 the
1946 2733 135 75 greated
2092 2733 92 75 beam
2200 2733 41 75 of
2251 2733 44 75 all

1308 2780 26 75 is
1351 2780 103 75 called
1471 2780 55 75 the
1543 2780 152 75 mid-Jhip
1712 2780 102 75 beam.
1866 2780 61 75 See
1949 2780 106 75 Ship.

1258 2826 7 75 '
1265 2826 273 75 QTZAM-compafs,
1555 2826 38 75 an
1605 2826 186 75 indrument
1802 2826 164 75 confiding
1978 2826 40 75 of
2029 2826 18 75 a
2059 2826 112 75 fquare
2183 2826 110 75 wood-

1306 2875 39 75 en
1372 2875 39 75 or
1439 2875 85 75 brafs
1550 2875 103 75 beam,
1679 2875 118 75 having
1824 2875 110 75 Aiding
1951 2875 136 75 fockets,
2113 2875 71 75 that
2201 2875 94 75 carry

1304 2922 74 75 deel
1395 2922 37 75 or
1457 2922 102 75 pencil
1588 2922 128 75 points;
1750 2922 79 75 they
1854 2922 53 75 are
1935 2922 75 75 ufed
2037 2922 51 75 for
2115 2922 180 75 deferibing

1301 2969 88 75 large
1407 2969 124 75 circles,
1558 2969 106 75 where
1681 2969 56 75 the
1754 2969 146 75 common
1918 2969 171 75 compaffes
2102 2969 52 75 are
2166 2969 126 75 ufelefs.

2167 3011 125 75 Beam,

1106 147 18 75 (
1182 147 51 75 S3
1233 129 30 49 2
1325 147 18 75 )
