2406 3327
535 101 42 75 A
655 101 42 75 G
774 101 36 75 R
888 101 18 75 I
985 101 35 75 C
1099 101 33 75 1

81 168 181 75 fbmetimes
279 168 84 75 after
376 168 119 75 wheat.
545 168 133 75 Seldom
693 168 89 75 more
799 168 78 75 than
894 168 60 75 one
978 168 136 75 plough-

82 216 55 75 ing
153 216 27 75 is
206 216 93 75 given
325 216 35 75 to
388 216 103 75 peafe,
516 216 64 75 and
596 216 77 75 they
691 216 54 75 are
761 216 124 75 ufually
901 216 86 75 fov/n
1004 216 111 75 imme-

87 262 120 75 diately
232 262 84 75 after
342 262 39 75 it.
440 262 77 75 The
542 262 110 75 reafon
676 262 40 75 of
734 262 64 75 this
821 262 136 75 practice
981 262 41 75 is,
1047 262 71 75 that

86 308 56 75 the
170 308 73 75 feed
269 308 74 75 may
358 308 41 75 be
414 308 108 75 better
544 308 158 75 covered;
728 308 51 75 for
795 308 56 75 the
867 308 112 75 fooner
994 308 70 75 that
1082 308 32 75 a-

86 355 42 75 ny
143 355 88 75 grain
258 355 27 75 is
309 355 86 75 fown
412 355 84 75 after
512 355 188 75 ploughing,
724 355 26 75 it
769 355 26 75 is
813 355 118 75 always
946 355 56 75 the
1019 355 96 75 deep-

84 400 34 75 er
134 400 150 75 covered.
333 400 38 75 If
389 400 68 75 rain
473 400 75 75 fails
563 400 77 75 foon
666 400 84 75 after
772 400 91 75 peafe
887 400 53 75 are
964 400 99 75 fown,
1089 400 26 75 it

82 447 107 75 makes
205 447 89 75 them
310 447 87 75 fwell
414 447 62 75 and
488 447 90 75 come
595 447 248 75 above-ground,
868 447 63 75 and
947 447 76 75 then
1037 447 79 75 they

83 494 52 75 are
163 494 32 75 in
219 494 120 75 danger
363 494 40 75 of
425 494 155 75 fplitting,
613 494 63 75 and
698 494 39 75 of
762 494 94 75 being
880 494 168 75 deftroyed
1072 494 43 75 by

82 540 135 75 vermin.

130 586 190 75 Sometimes
332 586 90 75 peafe
439 586 53 75 are
508 586 86 75 fov/n
612 586 62 75 and
689 586 162 75 ploughed
866 586 46 75 in.
959 586 88 75 This
1058 586 56 75 an-

81 634 96 75 fwers
194 634 81 75 very
298 634 74 75 well
395 634 32 75 in
450 634 85 75 light
550 634 88 75 land,
663 634 316 75 particularly'after
995 634 19 75 a
1037 634 77 75 crop

83 679 41 75 pf
141 679 124 75 barley,
291 679 56 75 the
364 679 123 75 culture
504 679 41 75 of
563 679 105 75 which
681 679 97 75 opens
795 679 57 75 the
868 679 71 75 foil.

130 726 97 75 Land
243 726 148 75 deligned
405 726 55 75 for
475 726 90 75 peafe
580 726 26 75 is
623 726 165 75 generally
804 726 124 75 cloven.
976 726 85 75 This
1086 726 28 75 is

83 776 18 75 a
117 776 86 75 good
219 776 136 75 pradlice
371 776 93 75 when
480 776 56 75 the
551 776 108 75 ridges
677 776 161 75 are-fteep,
863 776 34 75 as
914 776 42 75 ail
974 776 40 75 of
1024 776 90 75 them

83 820 83 75 were
182 820 168 75 formerly.
398 820 172 75 As,wheat
582 820 37 75 or
636 820 111 75 barley
760 820 53 75 are
830 820 182 75 commonly
1028 820 86 75 fown

82 865 82 75 after
176 865 102 75 peafe,
299 865 53 75 the
364 865 77 75 land
452 865 80 75 mull
541 865 39 75 be
592 865 163 75 ploughed
767 865 111 75 before
889 865 129 75 winter.
1041 865 73 75 Ga-

83 912 126 75 thering
224 912 26 75 is
267 912 56 75 the
339 912 80 75 moll
435 912 116 75 proper
565 912 74 75 way
655 912 40 75 of
713 912 176 75 ploughing
909 912 110 75 before
1036 912 79 75 win-

83 958 62 75 ter,
164 958 63 75 and
237 958 63 75 this
311 958 127 75 follows
447 958 66 75 belt
524 958 83 75 after
620 958 155 75 cleaving.
816 958 68 75 But
899 958 31 75 if
940 958 57 75 the
1008 958 109 75 ridges

84 1005 39 75 be
145 1005 57 75 not
218 1005 91 75 high,
336 1005 118 75 calling
470 1005 26 75 is
513 1005 56 75 die
585 1005 64 75 belt
666 1005 132 75 method
814 1005 42 75 of
873 1005 176 75 ploughing
1065 1005 52 75 for

84 1051 90 75 peafe
186 1051 11 75 ;
223 1051 51 75 or,
291 1051 32 75 if
340 1051 54 75 the
411 1051 106 75 ridges
529 1051 40 75 be
583 1051 57 75 flat
657 1051 60 75 and
734 1051 127 75 narrow'
861 1051 10 75 ,
887 1051 58 75 the
955 1051 75 75 land
1042 1051 76 75 may

84 1098 40 75 be
141 1098 166 75 ploughed
329 1098 33 75 in
387 1098 57 75 the
467 1098 151 75 ordinary
640 1098 83 75 way,
749 1098 157 75 reverflng
922 1098 57 75 the
995 1098 123 75 former

83 1144 189 75 ploughing^
306 1144 63 75 and
393 1144 129 75 turning
549 1144 56 75 the
633 1144 137 75 furrows
795 1144 69 75 into
892 1144 56 75 the
976 1144 139 75 crowns.

82 1190 146 75 Though
245 1190 90 75 peafe
351 1190 54 75 are
421 1190 162 75 generally
601 1190 57 75 the
681 1190 235 75 lowell-priced
932 1190 102 75 grain,
1059 1190 56 75 yet

82 1237 180 75 fometimes
278 1237 77 75 they
371 1237 59 75 rife
447 1237 34 75 to
505 1237 18 75 a
539 1237 90 75 great
645 1237 100 75 price,
771 1237 92 75 when
888 1237 54 75 the
959 1237 102 75 prices
1079 1237 41 75 of

83 1282 93 75 other
201 1282 107 75 grains
333 1282 53 75 are
409 1282 176 75 moderate.
634 1282 85 75 This
743 1282 108 75 makes
877 1282 55 75 the
954 1282 109 75 faring
1079 1282 42 75 of

83 1329 74 75 feed
172 1329 38 75 an
228 1329 111 75 article
354 1329 40 75 of
405 1329 91 75 great
508 1329 211 75 importance.
756 1329 54 75 By
824 1329 120 75 fowing
960 1329 32 75 in
1009 1329 105 75 drills,

87 1377 61 75 one
164 1377 88 75 firlot
267 1377 66 75 will
350 1377 90 75 ferve
454 1377 52 75 for
522 1377 40 75 an
587 1377 71 75 acre
682 1377 34 75 as
734 1377 193 75 compleatly
943 1377 33 75 as
993 1377 75 75 four
1082 1377 34 75 in

85 1422 55 75 the
163 1422 104 75 bread
283 1422 169 75 call-way:
479 1422 67 75 But
562 1422 55 75 the
637 1422 192 75 advantages
848 1422 41 75 of
911 1422 130 75 drilling
1056 1422 59 75 fall

84 1468 35 75 to
136 1468 39 75 be
191 1468 183 75 conlidered
390 1468 200 75 afterwards.

315 1579 65 75 Of
399 1579 66 75 the
490 1579 160 75 Culture
678 1579 47 75 of
748 1579 144 75 Beat:?.

132 1654 130 75 What
286 1654 57 75 has
358 1654 81 75 been
462 1654 68 75 faid
551 1654 80 75 with
656 1654 116 75 regard
796 1654 35 75 to
854 1654 56 75 die
933 1654 124 75 culture
1080 1654 41 75 of

85 1700 103 75 peafe,
213 1700 73 75 may
303 1700 39 75 be
360 1700 125 75 applied
501 1700 36 75 to
553 1700 109 75 beans.
710 1700 175 75 However,
910 1700 25 75 it
956 1700 27 75 is
1009 1700 105 75 necef-

86 1745 73 75 £ary
174 1745 36 75 to
232 1745 143 75 pbferve,
401 1745 70 75 that
495 1745 55 75 the
575 1745 79 75 bean
678 1745 110 75 pulhes
812 1745 42 75 its
878 1745 88 75 roots
989 1745 126 75 further

85 1791 96 75 down
206 1791 76 75 than
306 1791 55 75 the
388 1791 80 75 pea;
503 1791 62 75 and
591 1791 163 75 therefore
781 1791 144 75 requires
952 1791 19 75 a
997 1791 117 75 deeper

85 1836 71 75 foil.
191 1836 77 75 The
282 1836 91 75 lands
391 1836 30 75 in
440 1836 167 75 Scotland,
624 1836 108 75 wdiere
748 1836 96 75 beans
861 1836 52 75 are
930 1836 79 75 moll
1025 1836 88 75 com-

84 1881 109 75 monly
209 1881 97 75 fown,
332 1881 62 75 and
410 1881 107 75 where
539 1881 81 75 they
629 1881 134 75 fucceed
779 1881 79 75 bell,
883 1881 54 75 are
953 1881 80 75 deep
1051 1881 62 75 and

84 1928 63 75 wet
165 1928 98 75 clays.

129 1975 38 75 In
184 1975 85 75 fome
285 1975 104 75 lands,
415 1975 55 75 the
486 1975 93 75 crops
597 1975 40 75 of
649 1975 97 75 beans
763 1975 53 75 are
828 1975 78 75 very
921 1975 103 75 great,
1049 1975 64 75 and

82 2020 110 75 almoll
213 2020 32 75 as
269 2020 146 75 valuable
437 2020 34 75 as
490 2020 62 75 any
568 2020 103 75 grain.
718 2020 113 75 There
847 2020 26 75 is
890 2020 42 75 no
949 2020 77 75 crop
1041 2020 70 75 fuc-

82 2069 91 75 ceeds
190 2069 105 75 better
310 2069 33 75 in
355 2069 56 75 the
427 2069 272 75 drill-hulbandry
716 2069 78 75 than
812 2069 18 75 a
849 2069 75 75 crop
943 2069 40 75 of
1001 2069 110 75 beans.

267 2178 65 75 Of
350 2178 67 75 the
445 2178 157 75 Culture
632 2178 47 75 of
700 2178 224 75 Rye-grafs.

128 2257 220 75 Rye-grass
366 2257 27 75 is
410 2257 56 75 the
493 2257 80 75 moll
601 2257 146 75 common
771 2257 43 75 of
832 2257 43 75 all
892 2257 55 75 the
965 2257 145 75 artificial

84 2302 113 75 grades
222 2302 173 75 cultivated
413 2302 36 75 in
475 2302 166 75 Scotland,
668 2302 62 75 and
756 2302 59 75 not
843 2302 55 75 the
925 2302 76 75 Icall
1017 2302 91 75 valu-

80 2348 82 75 able.
212 2348 32 75 It
260 2348 26 75 is
305 2348 18 75 a
338 2348 251 75 fibrous-rooted
605 2348 100 75 plant,
731 2348 62 75 and
817 2348 93 75 binds
935 2348 55 75 the
1018 2348 58 75 foil
1094 2348 10 75 ;

79 2393 64 75 this
160 2393 222 75 circurnflance
409 2393 57 75 has
492 2393 53 75 led
561 2393 95 75 many
672 2393 36 75 to
724 2393 105 75 think,
854 2393 72 75 that
941 2393 25 75 it
982 2393 127 75 greatly

79 2441 218 75 impoverilhes
315 2441 88 75 land.
452 2441 174 75 However,
651 2441 56 75 the
735 2441 124 75 culture
875 2441 40 75 of
934 2441 64 75 this
1020 2441 86 75 grafa

77 2485 26 75 is
121 2485 153 75 attended
285 2485 79 75 with
380 2485 118 75 feveral
515 2485 139 75 peculiar
671 2485 203 75 advantages.
916 2485 32 75 It
964 2485 141 75 deltroys

78 2533 117 75 weeds,
221 2533 208 75 particularly
444 2533 55 75 the
512 2533 307 75 quickening-grafs,
845 2533 62 75 and
924 2533 106 75 grows
1047 2533 56 75 up-

79 2579 39 75 on
132 2579 72 75 foils
223 2579 105 75 which
345 2579 35 75 w'
380 2579 32 75 ill
427 2579 58 75 not
505 2579 118 75 anfwer
640 2579 51 75 for
709 2579 60 75 any
786 2579 39 75 of
837 2579 55 75 the
912 2579 94 75 other
1027 2579 77 75 arti-

78 2625 82 75 ficial
193 2625 128 75 grafles.
385 2625 35 75 A
447 2625 140 75 fliallow,
623 2625 76 75 wet,
724 2625 121 75 Ipungy
876 2625 71 75 foil,
973 2625 37 75 or
1042 2625 61 75 one

77 2671 105 75 which
193 2671 62 75 has
264 2671 17 75 a
299 2671 140 75 mixture
456 2671 40 75 of
514 2671 81 75 mofs
612 2671 33 75 in
662 2671 38 75 it,
725 2671 26 75 is
769 2671 79 75 unfit
865 2671 51 75 for
933 2671 107 75 clover
1068 2671 40 75 of

77 2717 97 75 every
189 2717 76 75 kind
280 2717 10 75 ;
316 2717 58 75 but
390 2717 188 75 experience
594 2717 115 75 fliows,
726 2717 69 75 that
812 2717 170 75 rye-grafs,
1009 2717 93 75 when

76 2765 154 75 unmixed
240 2765 79 75 with
337 2765 119 75 clover,
472 2765 65 75 will
551 2765 132 75 fucceed
695 2765 83 75 upon
791 2765 62 75 any
865 2765 38 75 of
914 2765 86 75 thefe
1013 2765 87 75 foils.

124 2812 174 75 Rye-grafs
315 2812 26 75 is
358 2812 123 75 ufually
496 2812 87 75 fown
606 2812 95 75 along
717 2812 78 75 with
812 2812 19 75 a
847 2812 75 75 crop
940 2812 39 75 of
990 2812 112 75 barley

77 2854 38 75 or
131 2854 82 75 oats.
262 2854 111 75 When
390 2854 85 75 fown
490 2854 95 75 along
601 2854 78 75 with
693 2854 121 75 barley,
831 2854 56 75 the
899 2854 75 75 field
989 2854 113 75 fhould

77 2901 40 75 be
133 2901 115 75 rolled,
273 2901 37 75 or
326 2901 73 75 well
420 2901 180 75 harrowed,
625 2901 35 75 to
682 2901 144 75 preferve
842 2901 56 75 the
921 2901 54 75 fap
992 2901 32 75 at
1045 2901 56 75 the

76 2946 62 75 dry
159 2946 103 75 feafon
280 2946 42 75 of
332 2946 55 75 the
404 2946 213 75 barley-feed.
663 2946 86 75 This
777 2946 184 75 precaution
988 2946 28 75 is
1044 2946 57 75 not

1136 98 7 75 r
1223 98 35 75 L
1336 98 38 75 T
1453 98 43 75 U
1575 98 37 75 R
1688 98 47 75 E.

2140 98 50 75 63

1164 163 34 75 fo
1215 163 169 75 necefTary,
1402 163 93 75 when
1511 163 57 75 the
1580 163 160 75 rye-grafs
1757 163 26 75 is
1800 163 86 75 fown
1903 163 95 75 along
2009 163 78 75 with
2100 163 69 75 oats
2183 163 10 75 ;

1164 211 130 75 becaufe
1314 211 55 75 the
1394 211 75 75 land
1493 211 42 75 on
1562 211 106 75 which
1693 211 71 75 oats
1791 211 54 75 are
1873 211 87 75 fown
1981 211 27 75 is
2032 211 164 75 generally

1164 256 119 75 firmer,
1307 256 56 75 the
1380 256 120 75 fowing
1526 256 108 75 feafon
1659 256 29 75 is
1716 256 126 75 earlier,
1877 256 63 75 and
1963 256 233 75 confequently

1166 303 57 75 not
1243 303 35 75 fo
1300 303 96 75 liable
1412 303 35 75 to
1463 303 40 75 be
1520 303 57 75 too
1593 303 74 75 dry.

1210 350 85 75 This
1315 350 85 75 grafs
1417 350 121 75 feldom
1561 350 91 75 hurts
1677 350 55 75 the
1757 350 77 75 crop
1859 350 41 75 of
1917 350 90 75 corn.
2056 350 56 75 On
2139 350 57 75 the

1164 396 164 75 contrary,
1352 396 93 75 when
1462 396 55 75 the
1535 396 57 75 foil
1615 396 27 75 is
1665 396 87 75 loofe
1775 396 64 75 and
1865 396 95 75 open,
1985 396 26 75 it
2033 396 109 75 makes
2168 396 28 75 it

1164 442 83 75 firm,
1273 442 63 75 and
1357 442 150 75 prevents
1522 442 55 75 the
1594 442 76 75 corn
1687 442 86 75 from
1789 442 146 75 lodging.

1209 491 146 75 Though
1379 491 55 75 the
1451 491 146 75 common
1613 491 133 75 method
1760 491 27 75 is
1804 491 36 75 to
1856 491 65 75 fow
1939 491 159 75 rye-grafs
2114 491 81 75 with

1163 536 90 75 corn,
1277 536 68 75 yet,
1369 536 93 75 when
1479 536 55 75 the
1554 536 78 75 land
1653 536 27 75 is
1698 536 93 75 poor,
1817 536 26 75 it
1859 536 27 75 is
1904 536 104 75 better
2029 536 35 75 to
2087 536 65 75 fow
2169 536 26 75 it

1162 586 42 75 by
1224 586 98 75 itfelf,
1347 586 63 75 and
1425 586 61 75 Hill
1504 586 103 75 better
1623 586 35 75 to
1683 586 276 75 fummer-fallow,
1985 586 64 75 and
2076 586 65 75 fow
2167 586 29 75 it

1162 629 33 75 in
1212 629 144 75 autumn.
1405 629 80 75 But,
1510 629 34 75 as
1561 629 55 75 the
1628 629 76 75 land
1719 629 44 75 by
1778 629 166 75 fallowing
1959 629 28 75 is
2003 629 94 75 made
2112 629 84 75 open

1153 676 8 75 '
1161 676 64 75 and
1240 676 98 75 loofe,
1364 676 60 75 and
1442 676 34 75 as
1492 676 56 75 the
1564 676 176 75 ploughing
1760 676 64 75 and
1838 676 119 75 fowing
1975 676 53 75 are
2051 676 76 75 near
2138 676 59 75 the

1163 723 89 75 rainy
1268 723 119 75 feafon,
1412 723 99 75 cattle
1526 723 101 75 ought
1644 723 57 75 not
1720 723 43 75 -to
1790 723 40 75 be
1857 723 138 75 allowed
2018 723 36 75 to
2072 723 124 75 paflure

1163 769 84 75 upon
1271 769 28 75 it
1322 769 116 75 during
1454 769 56 75 the
1533 769 126 75 winter,
1685 769 116 75 except
1829 769 33 75 in
1884 769 56 75 the
1968 769 77 75 time
2062 769 40 75 of
2112 769 84 75 hard

1163 816 91 75 froll.
1303 816 93 75 Even
1412 816 93 75 when
1521 816 86 75 fown
1619 816 33 75 in
1670 816 54 75 the
1735 816 119 75 fpring,
1880 816 56 75 the
1952 816 118 75 farmer
2082 816 115 75 fliould

1164 864 56 75 not
1236 864 97 75 allow
1349 864 94 75 much
1455 864 159 75 pailuring
1630 864 42 75 on
1684 864 38 75 it,
1740 864 167 75 efpecially
1918 864 33 75 in
1963 864 65 75 wet
2038 864 156 75 weather.

1163 910 80 75 But,
1268 910 31 75 if
1309 910 88 75 fown
1413 910 44 75 by
1476 910 98 75 itfelf,
1600 910 99 75 cattle
1715 910 73 75 may
1803 910 102 75 fafely
1919 910 124 75 pallure
2067 910 86 75 upon
2168 910 27 75 it

1164 956 31 75 in
1212 956 55 75 the
1283 956 127 75 winter,
1436 956 33 75 as
1492 956 57 75 the
1565 956 102 75 roots,
1691 956 118 75 having
1833 956 135 75 nothing
1993 956 36 75 to
2056 956 140 75 obilrudt

1165 1003 82 75 their
1263 1003 157 75 progrefs,
1438 1003 164 75 penetrate
1619 1003 128 75 deeper,
1773 1003 64 75 and
1851 1003 113 75 fpread
1978 1003 113 75 wider,
2116 1003 81 75 than

1164 1050 93 75 when
1274 1050 62 75 any
1351 1050 92 75 other
1459 1050 90 75 grain
1565 1050 106 75 grows
1688 1050 95 75 along
1800 1050 79 75 with
1895 1050 39 75 it.
1998 1050 86 75 This
2101 1050 92 75 prac-

1164 1097 74 75 tice,
1263 1097 163 75 however,
1451 1097 58 75 can
1525 1097 78 75 only
1625 1097 40 75 be
1680 1097 156 75 followed
1851 1097 79 75 with
1950 1097 103 75 fafety
2068 1097 33 75 in
2117 1097 80 75 very

1165 1143 89 75 clean
1270 1143 77 75 land
1357 1143 11 75 ;
1395 1143 167 75 otherwife
1587 1143 105 75 weeds
1721 1143 53 75 are
1799 1143 54 75 apt
1877 1143 35 75 to
1927 1143 60 75 rife
2004 1143 95 75 along
2114 1143 82 75 with

1162 1189 38 75 it,
1226 1189 62 75 and
1305 1189 132 75 prevent
1460 1189 57 75 the
1532 1189 124 75 furface
1676 1189 87 75 from
1779 1189 96 75 being
1898 1189 159 75 covered;
2084 1189 114 75 which,

1163 1237 39 75 of
1215 1237 109 75 courfe
1347 1237 66 75 will
1439 1237 80 75 keep
1536 1237 56 75 the
1608 1237 57 75 foil
1684 1237 94 75 open.

1210 1286 174 75 Rye-grafs
1408 1286 26 75 is
1454 1286 181 75 fometimes
1658 1286 87 75 fown
1761 1286 52 75 for
1828 1286 77 75 hay,
1932 1286 62 75 and
2010 1286 182 75 fometimes

1162 1329 54 75 for
1226 1329 135 75 paflure.
1410 1329 113 75 When
1538 1329 53 75 for
1605 1329 77 75 hay,
1706 1329 85 75 from
1807 1329 66 75 two
1885 1329 35 75 to
1936 1329 73 75 four
2026 1329 102 75 firlots
2141 1329 55 75 are

1163 1377 182 75 Commonly
1360 1377 86 75 fawn
1465 1377 86 75 upon
1568 1377 39 75 an
1624 1377 86 75 acre.

1211 1424 178 75 Rye-grafs
1406 1424 75 75 rifes
1502 1424 79 75 very
1597 1424 89 75 early
1707 1424 33 75 in
1765 1424 56 75 the
1845 1424 118 75 fpring,
1989 1424 74 75 and,
2087 1424 33 75 if
2138 1424 57 75 ths

1164 1467 56 75 foil
1238 1467 39 75 be
1302 1467 62 75 dry
1386 1467 62 75 and
1464 1467 112 75 warm,
1602 1467 121 75 affords
1739 1467 86 75 good
1842 1467 124 75 paflure
1982 1467 42 75 all
2041 1467 56 75 the
2113 1467 80 75 win-

1164 1514 62 75 ter.
1276 1514 32 75 It
1320 1514 26 75 is
1364 1514 78 75 very
1457 1514 116 75 hardy.
1598 1514 104 75 Hands
1715 1514 55 75 the
1782 1514 90 75 frofl,
1891 1514 74 75 and,
1983 1514 31 75 if
2021 1514 173 75 continued

1163 1561 31 75 in
1211 1561 137 75 paflure,
1373 1561 76 75 does
1466 1561 57 75 not
1547 1561 85 75 weir
1647 1561 57 75 out
1720 1561 33 75 in
1770 1561 96 75 many
1880 1561 105 75 years.
2033 1561 77 75 The
2127 1561 67 75 bell

1164 1607 70 75 way
1250 1607 41 75 of
1304 1607 167 75 managing
1487 1607 26 75 it
1528 1607 41 75 is,
1594 1607 35 75 to
1645 1607 52 75 eat
1713 1607 27 75 it
1756 1607 96 75 down
1875 1607 33 75 in
1930 1607 56 75 the
2002 1607 107 75 fpring
2129 1607 65 75 and

1162 1655 171 75 beginning
1350 1655 40 75 of
1407 1655 148 75 fummer,
1581 1655 63 75 and
1659 1655 76 75 then
1752 1655 35 75 to
1803 1655 46 75 let
1864 1655 26 75 it
1906 1655 61 75 reft
1982 1655 49 75 till
2047 1655 145 75 autumn.

1162 1701 111 75 When
1296 1701 137 75 allowed
1460 1701 34 75 to
1518 1701 55 75 get
1598 1701 42 75 up
1664 1701 34 75 in
1720 1701 148 75 fummer,
1893 1701 29 75 it
1943 1701 75 75 runs
2042 1701 35 75 to
2104 1701 85 75 feed,

1162 1747 62 75 and
1240 1747 146 75 becomes
1402 1747 212 75 difagreeable
1626 1747 36 75 to
1673 1747 56 75 the
1745 1747 111 75 cattle.
1904 1747 141 75 Befides,
2071 1747 44 75 by
2126 1747 65 75 this

1162 1795 130 75 method
1309 1795 41 75 of
1359 1795 170 75 managing
1544 1795 173 75 rye-grafs,
1741 1795 21 75 a
1777 1795 88 75 good
1884 1795 77 75 crop
1982 1795 74 75 may
2075 1795 40 75 be
2131 1795 62 75 ex-,

1159 1841 112 75 pe&ed
1286 1841 32 75 in
1337 1841 144 75 autumn.

1208 1888 110 75 When
1342 1888 109 75 propei
1458 1888 35 75 ly
1519 1888 167 75 managed,
1711 1888 159 75 rye-grafs
1886 1888 108 75 makes
2010 1888 79 75 very
2102 1888 90 75 good

1161 1934 63 75 hay
1237 1934 12 75 ;
1260 1934 5 75 -
1275 1934 62 75 and
1352 1934 92 75 there
1461 1934 27 75 is
1504 1934 77 75 fuch
1597 1934 18 75 a
1634 1934 138 75 demand
1791 1934 52 75 for
1863 1934 55 75 the
1935 1934 85 75 feed,
2046 1934 71 75 that
2134 1934 57 75 tho

1161 1981 119 75 farmer
1296 1981 26 75 is
1340 1981 90 75 often
1447 1981 145 75 tempted
1608 1981 35 75 to
1670 1981 47 75 let
1743 1981 26 75 it
1795 1981 91 75 ftand
1905 1981 51 75 till
1984 1981 55 75 the
2064 1981 74 75 feed
2161 1981 30 75 is

1161 2029 172 75 perfefted,
1360 2029 62 75 and
1437 2029 77 75 then
1530 2029 35 75 to
1583 2029 103 75 threfh
1712 2029 38 75 it.
1809 2029 113 75 When
1944 2029 63 75 this
2035 2029 27 75 is
2090 2029 101 75 done,

1159 2074 55 75 the
1230 2074 65 75 hay
1311 2074 57 75 can
1384 2074 96 75 never
1496 2074 39 75 be
1552 2074 106 75 good;
1683 2074 131 75 becaufe
1827 2074 55 75 the
1897 2074 53 75 fap
1962 2074 26 75 is
2001 2074 190 75 cxhaufled,

1158 2121 55 75 the
1229 2121 79 75 ftalk
1324 2121 147 75 becomes
1499 2121 61 75 dry
1584 2121 63 75 and
1673 2121 168 75 withered,
1867 2121 63 75 and
1952 2121 120 75 affords
2100 2121 86 75 little

1158 2169 214 75 Bourifhment
1390 2169 34 75 to
1447 2169 111 75 cattle.
1605 2169 77 75 The
1705 2169 65 75 hay
1787 2169 101 75 ought
1910 2169 162 75 therefore
2089 2169 35 75 to
2148 2169 40 75 be

1158 2215 117 75 always
1288 2215 53 75 cut
1358 2215 111 75 before
1485 2215 61 75 the.
1556 2215 74 75 feed
1645 2215 117 75 ripens.
1797 2215 85 75 This
1900 2215 136 75 pradtice
2052 2215 57 75 not
2126 2215 59 75 on-

1157 2262 35 75 ly
1207 2262 109 75 makes
1333 2262 55 75 the
1400 2262 64 75 heft
1476 2262 76 75 hay,
1578 2262 58 75 but
1655 2262 27 75 is
1699 2262 137 75 likewife
1853 2262 40 75 of
1904 2262 89 75 great
2011 2262 176 75 advantage

1156 2307 35 75 to
1212 2307 56 75 the
1294 2307 97 75 land;
1418 2307 65 75 for,
1508 2307 94 75 when
1628 2307 104 75 plants
1758 2307 52 75 are
1838 2307 139 75 allowed
2004 2307 35 75 to
2067 2307 120 75 perfect

1155 2354 85 75 their
1255 2354 102 75 feeds,
1374 2354 56 75 the
1447 2354 75 75 land
1537 2354 26 75 is
1580 2354 96 75 much
1693 2354 89 75 more
1798 2354 187 75 exhaufted,
2003 2354 77 75 than
2093 2354 97 75 when

1155 2400 77 75 they
1249 2400 54 75 are
1322 2400 54 75 cut
1393 2400 111 75 before
1522 2400 71 75 that
1609 2400 125 75 period.

1387 2520 63 75 Of
1469 2520 67 75 the
1562 2520 158 75 Culture
1748 2520 47 75 of
1813 2520 141 75 Clover.

1198 2597 172 75 Though
1390 2597 107 75 clover
1509 2597 39 75 be
1561 2597 74 75 ufed
1651 2597 54 75 for
1721 2597 55 75 the
1792 2597 84 75 fame
1892 2597 150 75 purpofes
2060 2597 32 75 as
2110 2597 75 75 rye-

1151 2642 98 75 grafs,
1274 2642 24 75 it
1316 2642 40 75 is,
1380 2642 163 75 however,
1568 2642 18 75 a
1601 2642 88 75 plant
1706 2642 40 75 of
1759 2642 18 75 a
1794 2642 76 75 very
1887 2642 150 75 different
2053 2642 132 75 nature.

1151 2688 30 75 It
1199 2688 57 75 has
1275 2688 19 75 a
1309 2688 87 75 large
1413 2688 157 75 tap-root,
1588 2688 105 75 which
1704 2688 180 75 penetrates
1901 2688 56 75 the
1974 2688 57 75 foil
2047 2688 134 75 perpen-

1151 2735 157 75 dicularly
1334 2735 197 75 downward,
1558 2735 62 75 and
1645 2735 96 75 opens
1764 2735 56 75 the
1845 2735 90 75 earth
1952 2735 61 75 and
2030 2735 109 75 makes
2156 2735 28 75 it

1150 2784 66 75 free
1230 2784 8 75 :
1264 2784 76 75 The
1358 2784 88 75 roots
1469 2784 40 75 of
1520 2784 108 75 clover
1652 2784 113 75 cannot
1783 2784 163 75 penetrate
1962 2784 56 75 the
2035 2784 70 75 foil,
2122 2784 59 75 un-

1149 2829 60 75 lefs
1224 2829 26 75 it
1267 2829 39 75 be
1333 2829 68 75 free
1432 2829 61 75 and
1522 2829 95 75 open.
1681 2829 124 75 Hence,
1831 2829 19 75 a
1877 2829 73 75 dry,
1976 2829 94 75 open,
2096 2829 87 75 deep

1148 2875 69 75 foil,
1242 2875 67 75 free
1323 2875 85 75 from
1425 2875 252 75 quicken-grafs,
1702 2875 27 75 is
1746 2875 56 75 the
1818 2875 80 75 moll
1914 2875 116 75 proper
2045 2875 53 75 for
2114 2875 65 75 this

1148 2922 102 75 plant.

1195 2973 111 75 There
1329 2973 53 75 arc
1397 2973 119 75 feveral
1533 2973 95 75 kinds
1652 2973 40 75 of
1714 2973 108 75 clover
1837 2973 175 75 cultivated
2030 2973 33 75 in
2085 2973 97 75 Scot-

2087 3029 91 75 land,
