2396 3377
432 137 40 75 A
530 137 35 75 L
620 137 19 75 I

1042 137 125 75 (it

113 205 265 75 Alienation,
403 205 34 75 in
453 205 185 75 mortmain,
663 205 27 75 is
708 205 128 75 making
860 205 77 75 over
964 205 103 75 lands,
1093 205 49 75 te-

159 252 156 75 nements,
341 252 63 75 fee.
438 252 35 75 to
502 252 19 75 a
547 252 87 75 body
661 252 123 75 politic,
817 252 39 75 or
882 252 36 75 to
946 252 19 75 a
992 252 150 75 religious

158 298 110 75 houfe,
294 298 52 75 for
362 298 106 75 which
486 298 56 75 the
561 298 104 75 king’s
682 298 122 75 licence
826 298 81 75 mud
935 298 63 75 firft
1024 298 38 75 be
1085 298 57 75 ob-

159 344 120 75 tained,
312 344 168 75 otherwife
510 344 56 75 the
593 344 104 75 lands,
724 344 64 75 fee.
822 344 158 75 alienated
1008 344 67 75 will
1103 344 40 75 be

161 391 163 75 forfeited.
375 391 62 75 See
453 391 239 75 Mortmain.

109 439 258 75 ALIFANUS,
393 439 32 75 in
441 439 132 75 botany,
590 439 20 75 a
620 439 163 75 fynonime
794 439 41 75 of
847 439 56 75 the
916 439 127 75 rhexia.
1081 439 62 75 See

159 484 172 75 Rhexia.

112 531 279 75 ALIFORMIS,
417 531 32 75 in
466 531 161 75 anatomy,
654 531 55 75 the
721 531 93 75 name
830 531 41 75 of
889 531 20 75 a
924 531 66 75 pair
1008 531 41 75 of
1062 531 82 75 muf-

159 578 77 75 cles.
286 578 62 75 See
366 578 217 75 Anatomy,
609 578 77 75 Part
703 578 47 75 II.

111 623 224 75 Aliformis
358 623 166 75 procejfus,
549 623 55 75 the
628 623 92 75 name
744 623 94 75 given
862 623 45 75 by
929 623 85 75 fome
1039 623 34 75 to
1089 623 57 75 the

164 670 230 75 prominencies
410 670 40 75 of
469 670 55 75 the
540 670 36 75 os
596 670 207 75 cuneiforme.
854 670 62 75 See
931 670 214 75 Anatomy,

160 716 79 75 Part
256 716 31 75 I.

111 764 127 75 ALIM
242 764 43 75 A,
311 764 19 75 a
345 764 78 75 kind
438 764 40 75 of
495 764 77 75 fand
588 764 101 75 found
705 764 32 75 in
754 764 78 75 gold
848 764 114 75 mines,
987 764 40 75 of
1039 764 105 75 which

160 810 77 75 they
254 810 92 75 make
362 810 85 75 lead.

112 857 243 75 ALIMENT,
381 857 162 75 whatever
560 857 162 75 promotes
739 857 56 75 the
811 857 127 75 growth
955 857 38 75 or
1004 857 142 75 nourilh-

158 903 87 75 ment
261 903 40 75 of
318 903 117 75 animal
452 903 38 75 or
503 903 165 75 vegetable
685 903 124 75 bodies.
862 903 61 75 See
940 903 121 75 Food.

113 949 185 75 Obligation
314 949 42 75 of
363 949 202 75 Aliment,
589 949 33 75 in
641 949 95 75 Scots
752 949 74 75 law,
852 949 55 75 the
919 949 125 75 natural
1061 949 83 75 obli-

158 996 109 75 gation
284 996 42 75 on
343 996 127 75 parents
495 996 35 75 to
555 996 133 75 provide
712 996 84 75 their
818 996 144 75 children
986 996 80 75 with
1089 996 56 75 the

117 1075 7 49 (
164 1043 184 75 neceffaries
365 1043 39 75 of
414 1043 69 75 life,
508 1043 63 75 fee.
623 1043 61 75 See
700 1043 102 75 Law,
826 1043 102 75 titles,
954 1043 190 75 Marriage,

160 1089 62 75 and
240 1089 199 75 Obligations
456 1089 68 75 and
537 1089 161 75 contrails
714 1089 35 75 in
759 1089 149 75 general.

114 1134 344 75 ALIMENTARY,
484 1134 39 75 an
546 1134 122 75 epithet
693 1134 52 75 for
772 1134 96 75 every
889 1134 92 75 thing
1004 1134 70 75 that
1091 1134 55 75 be-

158 1182 91 75 longs
266 1182 34 75 to
317 1182 131 75 aliment
459 1182 37 75 or
510 1182 93 75 food.

115 1228 267 75 Aliment.ary
401 1228 84 75 debt,
509 1228 31 75 in
567 1228 96 75 Scots
687 1228 75 75 law,
787 1228 40 75 an
851 1228 178 75 obligation
1054 1228 90 75 come

158 1274 99 75 under
274 1274 44 75 by
334 1274 60 75 one
410 1274 111 75 perfon
538 1274 35 75 to
589 1274 61 75 pay
668 1274 17 75 a
701 1274 118 75 certain
839 1274 68 75 fum
926 1274 150 75 annually
1092 1274 52 75 for

160 1320 55 75 the
242 1320 215 75 maintenance
483 1320 40 75 of
549 1320 148 75 another,
729 1320 103 75 either
858 1320 220 75 grajuitoufly,
1110 1320 31 75 in

161 1366 227 75 confideration
404 1366 41 75 of
463 1366 18 75 a
495 1366 68 75 fum
586 1366 39 75 of
644 1366 115 75 money
775 1366 91 75 funk,
891 1366 37 75 or
951 1366 43 75 by
1017 1366 72 75 way
1111 1366 41 75 of

122 1387 4 104 ■
159 1413 120 75 wages.
329 1413 61 75 See
406 1413 119 75 Law,-
532 1413 84 75 title,
648 1413 196 75 Arrejhnent
860 1413 71 75 and
938 1413 169 75 poinding.

115 1459 266 75 Alimentary
400 1459 157 75 children,
581 1459 32 75 in
625 1459 129 75 Roman
770 1459 172 75 antiquity,
968 1459 39 75 an
1026 1459 116 75 apeiia-

162 1506 67 75 tion
252 1506 94 75 given
363 1506 35 75 to
414 1506 89 75 thofe
519 1506 156 75 educated
693 1506 33 75 in
743 1506 114 75 houfes
882 1506 57 75 not
962 1506 108 75 unlike
1086 1506 60 75 our

161 1553 170 75 hofpitals.

114 1598 368 75 AnMENTAR.Y-Vtfw,
508 1598 125 75 among,
647 1598 55 75 the
724 1598 156 75 Romans,
906 1598 71 75 that
993 1598 152 75 whereby

163 1645 141 75 children
317 1645 84 75 were
417 1645 130 75 obliged
562 1645 36 75 to
614 1645 149 75 maintain
781 1645 85 75 their
879 1645 81 75 aged
971 1645 139 75 parents.

116 1693 399 75 ALIMENTATION,
533 1693 18 75 a
567 1693 81 75 term
667 1693 74 75 ufed
757 1693 44 75 by
816 1693 85 75 feme
918 1693 136 75 writers,
1073 1693 70 75 par-

162 1736 148 75 ticularly
335 1736 94 75 Lord
453 1736 122 75 Bacon,
601 1736 52 75 for
675 1736 88 75 what
786 1736 28 75 is
839 1736 181 75 commonly
1044 1736 102 75 called

162 1783 168 75 nutrition.
381 1783 62 75 See
458 1783 251 75 Nutrition.

116 1830 241 75 ALIMONY,
381 1830 119 75 inlaw.
550 1830 62 75 See

831 1830 251 75 ^Aliment.

114 1878 199 75 ALIMOS,
339 1878 31 75 in
389 1878 130 75 botany,
545 1878 38 75 an
607 1878 142 75 obfolete
771 1878 92 75 name
888 1878 40 75 of
947 1878 55 75 the
1027 1878 118 75 glycir-

160 1924 103 75 rhiza.
314 1924 61 75 See
391 1924 304 75 Glycirrhiza.

113 1971 343 75 ALIOS-BATON,
481 1971 32 75 in
529 1971 221 75 ichthyology,
775 1971 39 75 an
832 1971 141 75 obfolete
995 1971 91 75 name
1110 1971 41 75 of

161 2016 18 75 a
193 2016 119 75 fpecies
325 2016 39 75 of
383 2016 75 75 rana
474 2016 38 75 or
527 2016 86 75 frog.
665 2016 60 75 See
743 2016 125 75 Rana.

113 2064 324 75 ALIPILARIUS,
462 2064 38 75 or
523 2064 206 75 Alipilus,
753 2064 33 75 in
814 2064 127 75 Roman
970 2064 173 75 antiquity,

160 2110 18 75 a
193 2110 124 75 fervant
331 2110 172 75 belonging
517 2110 35 75 to
569 2110 55 75 the
639 2110 107 75 baths,
765 2110 104 75 whole
880 2110 133 75 bufinefs
1025 2110 25 75 it
1062 2110 78 75 was,

160 2156 43 75 by
219 2156 105 75 means
341 2156 42 75 of
399 2156 112 75 waxe»
529 2156 142 75 plafters,
698 2156 61 75 and
776 2156 38 75 an
838 2156 185 75 inftrument
1040 2156 104 75 called

160 2202 142 75 volfella,
328 2202 33 75 to
377 2202 74 75 take
462 2202 61 75 .off
543 2202 55 75 the
613 2202 87 75 hairs
718 2202 87 75 from
821 2202 55 75 the
897 2202 160 75 arm-pits,
1083 2202 62 75 and

159 2248 79 75 even
267 2248 96 75 arms,
386 2248 81 75 legs,
493 2248 62 75 fee.
589 2248 64 75 this
679 2248 94 75 being
796 2248 134 75 deemed
954 2248 19 75 a
996 2248 96 75 point,
1110 2248 40 75 of

161 2296 195 75 cleanlinefs.

112 2343 194 75 ALIPTA,
331 2343 32 75 in
380 2343 140 75 Grecian
538 2343 173 75 antiquity.
761 2343 62 75 See
848 2343 295 75 Iatrauptra.

113 2390 321 75 AL1PTERIUM,
452 2390 32 75 in
497 2390 55 75 the
570 2390 124 75 ancient
712 2390 170 75 gymnafia,
900 2390 55 75 the
969 2390 82 75 lame
1064 2390 79 75 with

161 2435 225 75 ekeothefium.
436 2435 61 75 See
510 2435 316 75 El^othesium.

113 2482 196 75 ALIPOW
326 2482 116 75 mantis
458 2482 76 75 ceti,
560 2482 18 75 a
601 2482 78 75 kind
702 2482 40 75 of
761 2482 97 75 white
882 2482 136 75 turbith,
1044 2482 101 75 found

159 2527 32 75 in
208 2527 207 75 Languedoc,
441 2527 72 75 ufed
528 2527 33 75 as
579 2527 17 75 a
609 2527 179 75 purgative.
839 2527 61 75 See
916 2527 204 75 Turbith.

112 2575 263 75 ALIQUANT
384 2575 110 75 parts,
511 2575 91 75 thofe
618 2575 86 75 parts
720 2575 107 75 which
844 2575 60 75 one
920 2575 133 75 number
1070 2575 73 75 can-

159 2621 56 75 not
231 2621 101 75 meafu
337 2621 45 75 re.
433 2621 61 75 See
511 2621 278 75 Arithmeric.

111 2668 226 75 ALIQUOT
355 2668 108 75 parts,
489 2668 88 75 thofe
601 2668 88 75 parts
713 2668 106 75 which
843 2668 60 75 one
928 2668 133 75 number
1085 2668 57 75 can

158 2713 152 75 meafure.
360 2713 60 75 See
437 2713 283 75 Arithmetic.

110 2760 156 75 ALISE,
292 2760 38 75 or
344 2760 145 75 Alize,
515 2760 118 75 afmall
651 2760 88 75 town
757 2760 40 75 of
814 2760 134 75 France,
972 2760 33 75 in
1022 2760 55 75 the
1093 2760 49 75 di-

158 2804 81 75 ftrid
252 2804 40 75 of
303 2804 141 75 Auxois.

110 2850 140 75 Alise,
275 2850 38 75 or
327 2850 133 75 Elise,
486 2850 27 75 is
531 2850 18 75 a
561 2850 88 75 fmall
662 2850 98 75 illand
778 2850 33 75 in
829 2850 54 75 the
900 2850 80 75 Irilh
997 2850 62 75 fea,
1085 2850 57 75 not

157 2895 50 75 far
222 2895 84 75 from
323 2895 54 75 the
393 2895 79 75 mull
484 2895 41 75 of
545 2895 184 75 Galloway.

110 2945 199 75 ALISMA,
332 2945 34 75 in
382 2945 132 75 botany,
540 2945 18 75 a
571 2945 97 75 genus
685 2945 40 75 of
743 2945 55 75 the
813 2945 178 75 hexandria
1004 2945 135 75 polygy-

156 2990 52 75 nia
232 2990 92 75 clafs.
380 2990 77 75 The
485 2990 178 75 characters
687 2990 39 75 of
745 2990 54 75 the
826 2990 106 75 alifma
956 2990 52 75 arc
1037 2990 102 75 thefe.

1180 145 21 75 9
1260 145 19 75 )

1684 145 225 75 ALL

1240 203 174 75 The.calix
1429 203 125 75 confills
1571 203 41 75 of
1622 203 90 75 three
1724 203 103 75 pieces
1840 203 37 75 or
1892 203 126 75 leaves;
2044 203 56 75 the
2116 203 110 75 flower

1242 251 57 75 has
1317 251 90 75 three
1419 251 101 75 petals
1534 251 11 75 ;
1568 251 63 75 and
1646 251 56 75 the
1713 251 89 75 feeds
1820 251 54 75 are
1888 251 183 75 numerous.
2111 251 115 75 There

1242 298 53 75 are
1308 298 95 75 feven
1418 298 117 75 fpecies
1559 298 41 75 of
1617 298 64 75 this
1708 298 100 75 plant,
1833 298 69 75 viz.
1929 298 55 75 the
2000 298 162 75 plantago,
2187 298 39 75 or

1241 344 89 75 great
1353 344 279 75 water-plantain,,
1647 344 105 75 which
1777 344 105 75 grows
1906 344 33 75 in
1962 344 45 75 all
2029 344 54 75 the
2101 344 124 75 marlhy

1241 391 87 75 parts
1340 391 41 75 of
1391 391 64 75 this
1467 391 157 75 country;
1650 391 56 75 the
1722 391 254 75 rahunculoides,
2001 391 38 75 or
2054 391 91 75 leffer
2160 391 65 75 wa-

1244 436 205 75 ter-plantain
1460 436 9 75 ;
1496 436 56 75 the
1568 436 123 75 natans,
1716 436 38 75 or
1775 436 148 75 creeping
1945 436 279 75 water-plantain;

1242 484 55 75 the
1321 484 225 75 damafonium,
1581 484 37 75 or
1642 484 202 75 liar-headed
1866 484 277 75 water-plantain;
2178 484 44 75 all

1242 531 40 75 of
1300 531 105 75 which
1426 531 52 75 are
1495 531 121 75 natives
1633 531 39 75 of
1684 531 146 75 Britain:
1858 531 56 75 the
1931 531 92 75 Hava,
2041 531 181 75 cordifolia,

1243 576 63 75 and
1320 576 156 75 fubulata,
1494 576 53 75 are
1564 576 120 75 natives
1701 576 40 75 of
1751 576 163 75 America.

1196 624 191 75 ALITES,
1412 624 31 75 in
1465 624 128 75 Roman
1615 624 173 75 antiquity,
1814 624 18 75 a
1854 624 193 75 defignation
2070 624 93 75 given
2186 624 37 75 to

1244 670 74 75 fuch
1329 670 86 75 birds
1429 670 33 75 as
1472 670 145 75 afforded
1628 670 116 75 matter
1756 670 41 75 of
1808 670 145 75 auguries
1961 670 44 75 by
2013 670 83 75 their
2108 670 116 75 flight;

1244 717 32 75 in
1288 717 105 75 which
1410 717 83 75 fenfe
1509 717 79 75 they
1611 717 53 75 are
1681 717 332 75 contradillinguilhed
2033 717 87 75 from
2136 717 91 75 thofe

1243 764 103 75 called
1361 764 129 75 ofeines.
1540 764 61 75 See
1616 764 51 75 Os
1674 764 18 75 c
1700 764 10 75 i
1718 764 19 75 n
1744 764 16 75 e
1769 764 29 75 s.

1196 811 159 75 ALIZE,
1381 811 32 75 in
1430 811 196 75 geography.
1677 811 61 75 See
1756 811 139 75 Alise.

1197 857 147 75 ALKA,
1368 857 32 75 in
1419 857 218 75 ornithology.
1687 857 61 75 See
1763 857 124 75 Alca.

1197 903 276 75 ALKAHEST,
1498 903 278 75 oeAlcahest,
1802 903 33 75 in
1851 903 179 75 chemiftry,
2048 903 177 75 anuniver-

1243 950 43 75 fal
1303 950 192 75 menltruum
1512 950 128 75 capable
1658 950 40 75 of
1710 950 156 75 refolving
1878 950 40 75 all
1931 950 110 75 bodies
2057 950 69 75 into
2143 950 85 75 their

1244 996 62 75 full
1323 996 180 75 principles.
1553 996 72 75 Van
1643 996 154 75 Helmont
1815 996 173 75 pretended
2009 996 41 75 he
2075 996 64 75 was
2156 996 71 75 pof-

1243 1043 96 75 feffed
1360 1043 39 75 of
1417 1043 75 75 fuch
1518 1043 19 75 a
1561 1043 211 75 menllruum;
1799 1043 69 75 but,
1894 1043 148 75 however
2058 1043 169 75 credulous

1243 1089 112 75 people
1373 1089 101 75 might
1497 1089 39 75 be
1553 1089 143 75 impofed
1711 1089 41 75 on
1769 1089 31 75 in
1816 1089 50 75 his
1883 1089 91 75 days,
2000 1089 55 75 the
2073 1089 110 75 notion
2199 1089 28 75 is

1244 1137 72 75 now
1329 1137 129 75 become
1471 1137 33 75 as
1523 1137 171 75 ridiculous
1713 1137 32 75 as
1759 1137 55 75 the
1825 1137 218 75 philofophers
2055 1137 98 75 Hone,
2172 1137 56 75 the

1245 1182 186 75 perpetuum
1448 1182 129 75 mobile,
1604 1182 65 75 fee.
1719 1182 31 75 It
1767 1182 25 75 is
1814 1182 140 75 likewife
1976 1182 76 75 ufed
2076 1182 43 75 by
2141 1182 88 75 fome

1244 1229 131 75 authors
1391 1229 52 75 for
1460 1229 41 75 all
1518 1229 88 75 fixed
1621 1229 76 75 falls
1713 1229 199 75 volatilized.

1196 1276 326 75 ALKAHESTIC,
1540 1276 38 75 an
1595 1276 122 75 epithet
1730 1276 126 75 applied
1868 1276 35 75 to
1916 1276 41 75 all
1970 1276 156 75 powerful
2139 1276 87 75 men-

1245 1322 145 75 ftruums.

1196 1370 198 75 ALKALI,
1419 1370 32 75 in
1468 1370 179 75 chemillry,
1667 1370 18 75 a
1696 1370 91 75 name
1805 1370 51 75 for
1870 1370 42 75 all
1929 1370 174 75 fubllahces
2122 1370 106 75 which

1243 1415 136 75 ferment
1403 1415 78 75 with
1504 1415 100 75 acids.
1655 1415 60 75 See
1739 1415 250 75 Chemistry,
2016 1415 53 75 Of
2083 1415 143 75 Alkalis,

1243 1462 37 75 or
1294 1462 146 75 alkaline
1444 1462 198 75 fuhjlances.
1692 1462 112 75 Alkali
1816 1462 169 75 originally
1997 1462 231 75 fignified-Only

1243 1510 54 75 the
1314 1510 59 75 fait
1390 1510 40 75 of
1450 1510 56 75 the
1522 1510 77 75 kali.

1195 1556 266 75 ALKALINE,
1486 1556 40 75 an
1542 1556 122 75 epithet
1680 1556 52 75 for
1748 1556 97 75 every
1860 1556 87 75 body
1964 1556 103 75 which
2085 1556 143 75 poffefles

1243 1602 60 75 any
1319 1602 40 75 of
1378 1602 55 75 the
1447 1602 149 75 qualities
1614 1602 40 75 of
1673 1602 38 75 an
1728 1602 109 75 alkali.

1195 1648 214 75 ALKALIZ
1418 1648 166 75 ATION,
1609 1648 32 75 in
1658 1648 180 75 chemiftry,
1856 1648 55 75 the
1922 1648 231 75 impregnating
2165 1648 62 75 any

1242 1694 105 75 liquor
1355 1694 82 75 with
1454 1694 135 75 alkaline
1602 1694 123 75 bodies.

1194 1741 212 75 ALKALY.
1457 1741 61 75 See
1537 1741 167 75 Alkali.

1194 1788 250 75 ALKANET,
1467 1788 32 75 in
1525 1788 131 75 botany,
1682 1788 54 75 the
1760 1788 132 75 Englifli
1916 1788 92 75 name
2033 1788 40 75 of
2091 1788 55 75 the
2170 1788 55 75 an-

1242 1835 106 75 chufa.
1399 1835 61 75 See
1476 1835 203 75 Anchusa.

1193 1881 301 75 ALKEKENGI,
1519 1881 32 75 in
1568 1881 130 75 botany,
1725 1881 18 75 a
1767 1881 162 75 fynonime
1954 1881 40 75 of
2012 1881 119 75 feveral
2157 1881 69 75 fpe-

1241 1927 62 75 cies
1321 1927 40 75 of
1380 1927 54 75 the
1452 1927 111 75 atropa
1580 1927 62 75 and
1659 1927 139 75 phyfalis
1811 1927 8 75 ;
1848 1927 25 75 it
1900 1927 26 75 is
1953 1927 64 75 alfo
2042 1927 65 75 the.
2122 1927 106 75 trivial

1243 1974 90 75 name
1356 1974 39 75 of
1415 1974 18 75 a
1455 1974 117 75 fpecies
1597 1974 41 75 of
1656 1974 55 75 the
1736 1974 151 75 phyfalis.
1937 1974 61 75 See
2015 1974 209 75 Physalis,

1244 2020 61 75 and
1322 2020 177 75 Atropa.

1193 2066 278 75 ALKERMES,
1495 2066 32 75 in
1544 2066 183 75 pharmacy,
1753 2066 18 75 a
1787 2066 179 75 compound
1983 2066 121 75 cordial
2123 2066 101 75 medi-

1242 2112 68 75 cine
1327 2112 91 75 made
1435 2112 31 75 in
1483 2112 54 75 the
1554 2112 84 75 form
1651 2112 39 75 of
1710 2112 18 75 a
1740 2112 189 75 confedion.
1977 2112 76 75 The
2070 2112 157 75 principal

1243 2158 176 75 ingredient
1436 2158 26 75 is
1480 2158 207 75 the"kermes.
1738 2158 61 75 See
1815 2158 173 75 Kermes.

1196 2206 167 75 ALK1N,
1389 2206 18 75 a
1419 2206 65 75 city
1501 2206 40 75 of
1550 2206 122 75 Arabia
1683 2206 107 75 Felix,
1814 2206 92 75 feven
1922 2206 78 75 days
2014 2206 151 75 journey,
2183 2206 37 75 S.

1242 2251 83 75 from
1337 2251 129 75 Mecca.

1193 2297 213 75 ALKOOL.
1458 2297 61 75 See
1539 2297 205 75 Alcohol.

1193 2344 130 75 ALKY
1349 2344 44 75 of
1405 2344 86 75 lead,
1516 2344 18 75 a
1557 2344 95 75 fweet
1677 2344 160 75 fubftance
1853 2344 151 75 obtained
2016 2344 43 75 by
2075 2344 55 75 the
2147 2344 78 75 che-

1240 2390 83 75 mifts
1341 2390 84 75 from
1438 2390 84 75 lead.

1997 2390 4 75 .
2088 2390 8 75 '

1193 2436 372 75 ALL-HALLOWS,
1591 2436 56 75 the
1663 2436 83 75 fame
1762 2436 79 75 with
1859 2436 182 75 All-faints.
2091 2436 132 75 Seethe

1239 2482 79 75 next
1334 2482 109 75 article

1192 2529 305 75 ALL-SAINTS,
1523 2529 17 75 a
1562 2529 122 75 feftival
1708 2529 152 75 obferved
1883 2529 43 75 by
1942 2529 78 75 moft
2036 2529 185 75 denomina-

1239 2575 82 75 tions
1334 2575 40 75 of
1392 2575 186 75 Chriftians,
1603 2575 31 75 in
1652 2575 278 75 commemoration
1943 2575 41 75 of
2003 2575 42 75 all
2058 2575 55 75 the
2125 2575 93 75 faints

1239 2620 32 75 in
1291 2620 139 75 general.
1479 2620 32 75 It
1527 2620 26 75 is
1566 2620 76 75 kept
1659 2620 39 75 on
1716 2620 54 75 the
1784 2620 67 75 firft
1867 2620 40 75 of
1926 2620 198 75 November.

1193 2668 234 75 All-saints
1446 2668 69 75 bay,
1540 2668 37 75 or
1603 2668 92 75 baiha
1713 2668 38 75 de
1774 2668 85 75 todos
1874 2668 144 75 fanitos,
2043 2668 18 75 a
2077 2668 142 75 fpacious

1239 2714 47 75 ha'
1286 2714 92 75 rbour
1401 2714 75 75 near
1502 2714 37 75 St
1565 2714 156 75 Salvador
1744 2714 31 75 in
1793 2714 122 75 Brazil,
1941 2714 32 75 in
1999 2714 36 75 S.
2055 2714 161 75 America,

1240 2760 39 75 on
1298 2760 53 75 the
1368 2760 145 75 Atlantic
1530 2760 122 75 Ocean,
1676 2760 59 75 W.
1754 2760 89 75 long.
1862 2760 76 75 40°,
1965 2760 37 75 S.
2019 2760 58 75 lat.
2095 2760 38 75 12
2133 2742 22 49 0
2155 2760 13 75 .

1191 2809 282 75 ALL-SOULS,
1498 2809 19 75 a
1531 2809 120 75 feftival
1669 2809 75 75 kept
1762 2809 31 75 in
1818 2809 280 75 commemoration
2115 2809 41 75 of
2174 2809 42 75 all

1238 2854 54 75 the
1304 2854 131 75 faithful
1449 2854 163 75 deceafed,
1637 2854 40 75 on
1694 2854 56 75 the
1762 2854 116 75 fecond
1893 2854 41 75 of
1954 2854 196 75 November.

1190 2900 145 75 ALLA,
1359 2900 36 75 or
1412 2900 150 75 Allah,
1587 2900 55 75 the
1658 2900 90 75 name
1766 2900 44 75 by
1832 2900 105 75 which
1954 2900 41 75 all
2013 2900 54 75 the
2093 2900 120 75 profef-

1237 2946 64 75 fors
1313 2946 39 75 of
1370 2946 267 75 Mahomctanifm
1655 2946 60 75 call
1732 2946 54 75 the
1804 2946 153 75 Supreme
1969 2946 115 75 Being.

1233 2994 76 75 The
1325 2994 81 75 term
1423 2994 63 75 alia
1500 2994 27 75 is
1543 2994 133 75 Arabic,
1700 2994 132 75 derived
1847 2994 83 75 from
1952 2994 55 75 the
2031 2994 77 75 verb
2123 2994 93 75 alah,

2176 3050 35 75 to
