2483 3387
609 159 39 75 A
709 159 36 75 R
805 159 40 75 G

227 234 239 75 ARGILLA,
493 234 85 75 day,
603 234 33 75 in
654 234 124 75 natural
794 234 131 75 hiftdry.
977 234 61 75 See
1055 234 122 75 Clay.

226 282 162 75 ARGO,-
403 282 33 75 in
461 282 193 75 aftronomy,
680 282 18 75 a
721 282 218 75 conftellation
962 282 41 75 of
1021 282 89 75 fixed
1131 282 78 75 liars
1233 282 33 75 in

274 327 55 75 the
348 327 153 75 fouthern
525 327 219 75 hemilphere;
770 327 107 75 whofe
900 327 133 75 number
1057 327 41 75 of
1116 327 91 75 flats,
1233 327 32 75 in

273 373 180 75 Ptolemy’s
483 373 181 75 catalogue,
689 373 27 75 is
745 373 110 75 eight;
881 373 33 75 in
941 373 161 75 Tycho’s,
1131 373 131 75 eleven;

275 419 103 75 andin
390 419 59 75 Mr
462 419 219 75 Flamftead’s,
700 419 212 75 twenty-five.
938 419 61 75 See
1017 419 246 75 Astronomy.

228 466 330 75 ARGONAUTA,
583 466 57 75 the
656 466 92 75 name
765 466 41 75 of
825 466 17 75 a
859 466 99 75 genus
976 466 40 75 of
1033 466 150 75 Ihell-filh
1207 466 55 75 be-

273 513 131 75 longing
429 513 36 75 to
488 513 58 75 the
569 513 95 75 order
689 513 40 75 of
748 513 121 75 vermes
893 513 145 75 teftacea.
1087 513 76 75 The
1187 513 76 75 Ihdl

273 560 125 75 confifls
415 560 41 75 of
474 560 63 75 one
554 560 94 75 fpiral
665 560 165 75 involuted
845 560 103 75 valve.
996 560 113 75 There
1125 560 54 75 are
1196 560 66 75 two

272 605 118 75 fpecies
406 605 42 75 of
460 605 188 75 argonauts,
674 605 70 75 viz.
767 605 77 75 The
859 605 79 75 argo
954 605 80 75 with
1050 605 20 75 a
1084 605 178 75 fubdented

274 653 118 75 carina,
417 653 108 75 which
541 653 26 75 is
587 653 100 75 found
709 653 33 75 in
767 653 55 75 the
846 653 261 75 Mediterranean
1126 653 63 75 and
1205 653 55 75 In-

272 700 74 75 dian
369 700 128 75 oceans.
546 700 86 75 This
657 700 27 75 is
710 700 55 75 the
789 700 125 75 famous
942 700 139 75 nautilus
1105 700 41 75 of
1170 700 95 75 other

276 746 145 75 authors.
470 746 33 75 It
518 746 58 75 lies
595 746 41 75 on
648 746 55 75 the
715 746 123 75 furface
855 746 40 75 of
913 746 55 75 the
985 746 110 75 water,
1121 746 62 75 and
1203 746 60 75 ex-

272 793 94 75 tends
389 793 39 75 an
445 793 176 75 exceeding
638 793 68 75 thin
732 793 195 75 membrane,
952 793 105 75 which
1084 793 25 75 it
1134 793 68 75 ufes
1229 793 32 75 in

272 840 85 75 fome
374 840 141 75 meafure
531 840 79 75 both
629 840 32 75 as
676 840 72 75 fails
766 840 62 75 and
846 840 95 75 oars;
967 840 64 75 and
1042 840 33 75 in
1093 840 63 75 this
1174 840 87 75 man-

270 886 58 75 ner
353 886 26 75 it
399 886 106 75 fwims
532 886 87 75 from
647 886 61 75 one
736 886 90 75 place
854 886 35 75 to
914 886 148 75 another.
1126 886 33 75 2.
1184 886 77 75 The

271 932 163 75 cymbium
459 932 79 75 with
563 932 19 75 a
605 932 92 75 blunt
719 932 124 75 plaited
865 932 118 75 carina.
1031 932 85 75 This
1141 932 118 75 fpecies

272 980 27 75 is
317 980 78 75 very
415 980 102 75 fmall,
543 980 63 75 and
619 980 30 75 is
663 980 103 75 found
779 980 33 75 in
829 980 55 75 the
897 980 273 75 Mediterranean.

225 1026 320 75 ARGONAUTS,
569 1026 34 75 in
626 1026 142 75 Grecian
796 1026 172 75 antiquity,
999 1026 20 75 a
1042 1026 157 75 company
1223 1026 42 75 of

272 1071 171 75 illuftrious
459 1071 144 75 Greeks,
629 1071 75 75 who
728 1071 173 75 embarked
926 1071 94 75 along
1044 1071 80 75 with
1149 1071 109 75 Jafon,

272 1118 33 75 in
322 1118 56 75 the
392 1118 66 75 Ihip
476 1118 105 75 Argo,
605 1118 44 75 on
666 1118 39 75 an
719 1118 186 75 expedition
922 1118 34 75 to
974 1118 146 75 Colchis,
1145 1118 79 75 with
1241 1118 20 75 a

272 1164 106 75 defign
395 1164 36 75 to
446 1164 111 75 obtain
575 1164 54 75 the
645 1164 119 75 golden
781 1164 111 75 fleece.

224 1212 178 75 ARGOS,
428 1212 18 75 a
461 1212 141 75 fea-port
626 1212 88 75 town
730 1212 41 75 of
790 1212 173 75 European
988 1212 134 75 Turky,
1147 1212 32 75 in
1203 1212 57 75 the

270 1257 130 75 Morea,
425 1257 134 75 lituated
581 1257 41 75 on
647 1257 56 75 the
727 1257 64 75 bay
818 1257 40 75 of
878 1257 120 75 Napoli
1020 1257 41 75 de
1084 1257 173 75 Romania,

272 1304 30 75 in
324 1304 39 75 23
363 1286 26 49 0
407 1304 46 75 E.
468 1304 96 75 long.,
585 1304 65 75 and
668 1304 66 75 37°
755 1304 55 75 30'
826 1304 48 75 N.
892 1304 58 75 lat.

223 1353 207 75 ARGUIN,
457 1353 39 75 an
512 1353 99 75 illand
634 1353 42 75 on
693 1353 55 75 the
765 1353 84 75 coaft
870 1353 39 75 of
928 1353 163 75 Negritia.
1140 1353 33 75 It
1198 1353 59 75 lies

271 1396 41 75 on
329 1396 56 75 the
404 1396 147 75 Atlantic
567 1396 125 75 Ocean,
718 1396 98 75 about
833 1396 57 75 20'
905 1396 49 75 N.
971 1396 58 75 lat.

224 1443 299 75 ARGUMENT,
559 1443 35 75 in
622 1443 142 75 rhetoric
792 1443 63 75 and
886 1443 98 75 logic,
1026 1443 40 75 an
1097 1443 161 75 inference

272 1489 109 75 drawn
398 1489 85 75 from
500 1489 161 75 premifes,
685 1489 56 75 the
764 1489 90 75 truth
878 1489 41 75 of
938 1489 105 75 which
1067 1489 28 75 is
1119 1489 139 75 indifpu-

273 1536 99 75 table,
396 1536 39 75 or
451 1536 33 75 at
498 1536 78 75 leaft
592 1536 114 75 highly
717 1536 166 75 probable.
933 1536 62 75 See
1011 1536 145 75 Logic.

225 1582 241 75 Argument,
491 1582 32 75 in
541 1582 192 75 aftronomy,
758 1582 133 75 denotes
916 1582 19 75 a
955 1582 119 75 known
1098 1582 90 75 arch,
1211 1582 46 75 by

273 1630 105 75 means
395 1630 42 75 of
454 1630 106 75 which
576 1630 49 75 we
640 1630 75 75 feck
729 1630 136 75 another
887 1630 61 75 one
971 1630 173 75 unknown.

225 1675 241 75 Argument,
491 1675 33 75 in
540 1675 133 75 matters
690 1675 40 75 of
746 1675 181 75 literature,
952 1675 133 75 denotes
1111 1675 64 75 alfo
1201 1675 54 75 the

272 1722 202 75 abridgment
501 1722 38 75 or
566 1722 98 75 heads
693 1722 40 75 of
759 1722 20 75 a
806 1722 98 75 book,
939 1722 133 75 hiftory,
1108 1722 149 75 comedy,

275 1769 145 75 chapter,
445 1769 67 75 <&c.
561 1769 62 75 See
637 1769 218 75 Syllabus.

225 1817 190 75 ARGUN,
440 1817 18 75 a
474 1817 84 75 river
567 1817 42 75 of
626 1817 146 75 Tartary
782 1817 33 75 in
833 1817 87 75 Afia,
944 1817 124 75 ferving
1080 1817 34 75 as
1127 1817 19 75 a
1155 1817 103 75 boun-

271 1862 82 75 dary
367 1862 145 75 between
524 1862 55 75 the
594 1862 139 75 Chinefe
749 1862 62 75 and
824 1862 127 75 Ruflian
967 1862 149 75 empires.

225 1909 142 75 Argun
387 1909 26 75 is
430 1909 66 75 alfo
520 1909 20 75 a
555 1909 66 75 city
636 1909 40 75 of
688 1909 119 75 Afiatic
817 1909 157 75 Tartary,
999 1909 134 75 fituated
1150 1909 42 75 on
1204 1909 55 75 the

271 1955 101 75 above
390 1955 95 75 river,
510 1955 33 75 in
562 1955 86 75 404°
666 1955 43 75 E.
722 1955 90 75 long,
839 1955 63 75 and
927 1955 39 75 51
966 1937 27 49 0
1014 1955 54 75 30'
1085 1955 48 75 N.
1151 1955 58 75 lat.

226 2003 357 75 ARGUS-SHELL,
610 2003 18 75 a
644 2003 119 75 fpecies
782 2003 42 75 of
842 2003 267 75 porcelain-lhell,
1135 2003 123 75 beauti-

271 2048 85 75 fully
371 2048 183 75 variegated
577 2048 78 75 with
681 2048 98 75 fpots,
804 2048 190 75 refembling
1015 2048 33 75 in
1071 2048 86 75 fome
1173 2048 85 75 mea-

272 2094 71 75 fure
360 2094 90 75 thofe
466 2094 32 75 in
515 2094 19 75 a
546 2094 167 75 peacock’s
730 2094 70 75 tail.

227 2141 362 75 ARGYLESHIRE,
615 2141 19 75 a
658 2141 120 75 county
802 2141 41 75 of
864 2141 167 75 Scotland,
1053 2141 92 75 lying
1169 2141 91 75 weft-

275 2187 89 75 ward
388 2187 41 75 of
448 2187 167 75 Glafgow,
641 2187 64 75 and
729 2187 272 75 comprehending
1023 2187 55 75 the
1100 2187 160 75 countries

273 2234 40 75 of
333 2234 105 75 Lorn,
465 2234 127 75 Cowal,
616 2234 183 75 Knapdale,
820 2234 157 75 Kintyre,
1006 2234 152 75 together
1181 2234 80 75 with

277 2281 56 75 the
349 2281 113 75 iflands
479 2281 101 75 Mull,
605 2281 92 75 Jura,
724 2281 72 75 Ifta,
822 2281 64 75 &C.
936 2281 32 75 It
990 2281 91 75 gives
1108 2281 56 75 the
1188 2281 72 75 tide

271 2327 42 75 of
325 2327 85 75 duke
427 2327 35 75 to
478 2327 55 75 the
550 2327 93 75 noble
660 2327 114 75 family
788 2327 41 75 of
843 2327 188 75 Campbell.

226 2375 366 75 ARGYROPOEIA,
618 2375 116 75 among
757 2375 189 75 alchemifts,
973 2375 19 75 a
1015 2375 175 75 pretended
1206 2375 51 75 art

274 2420 41 75 of
334 2420 210 75 tranfmuting
559 2420 39 75 or
614 2420 159 75 charging
788 2420 95 75 other
898 2420 113 75 metals
1028 2420 69 75 into
1113 2420 103 75 filver.

1751 155 41 75 A
1851 155 36 75 R
1945 155 18 75 I

1315 230 248 75 ARHUSEN,
1588 230 19 75 a
1623 230 66 75 city
1704 230 41 75 of
1764 230 133 75 Jutland
1908 230 34 75 in
1959 230 180 75 Denmark,
2156 230 142 75 'fthated
2314 230 33 75 at

1363 275 54 75 the
1441 275 150 75 entrance
1615 275 41 75 of
1674 275 55 75 the
1754 275 108 75 Baltic
1883 275 63 75 fea,
1971 275 33 75 in
2033 275 62 75 io°
2115 275 46 75 20
2187 275 44 75 E.
2254 275 90 75 long,

1362 322 61 75 and
1442 322 66 75 56°
1526 322 48 75 N.
1590 322 59 75 lat.

1313 370 202 75 ARIANO,
1541 370 19 75 a
1576 370 86 75 town
1674 370 41 75 of
1733 370 55 75 the
1800 370 154 75 kingdom
1970 370 42 75 of
2028 370 136 75 Naples,
2189 370 63 75 and
2269 370 73 75 pro-

1359 416 91 75 vince
1474 416 39 75 of
1532 416 192 75 Principata,
1750 416 135 75 fituated
1907 416 99 75 about
2035 416 38 75 15
2101 416 90 75 miles
2216 416 63 75 eaft
2307 416 41 75 of

1359 462 198 75 Benevento,
1583 462 31 75 in
1633 462 41 75 15
1674 444 24 49 0
1720 462 56 75 35'
1790 462 46 75 E.
1853 462 89 75 long,
1968 462 63 75 and
2047 462 42 75 41
2089 444 26 49 0
2138 462 52 75 16'
2207 462 48 75 N.
2275 462 57 75 lat.

1311 510 195 75 ARIANS,
1532 510 32 75 in
1582 510 267 75 church-hiftory,
1875 510 20 75 a
1910 510 61 75 fed!
1988 510 41 75 of
2048 510 125 75 ancient
2189 510 153 75 heretics,

1359 555 72 75 who
1447 555 116 75 denied
1578 555 56 75 the
1659 555 90 75 three
1774 555 128 75 perfons
1923 555 32 75 in
1979 555 55 75 the
2051 555 91 75 Holy
2156 555 134 75 Trinity
2307 555 35 75 to

1357 602 39 75 be
1416 602 41 75 of
1474 602 55 75 the
1550 602 85 75 fame
1659 602 133 75 dfcnce,
1817 602 63 75 and
1904 602 144 75 affirmed
2073 602 107 75 Chrift
2206 602 34 75 to
2262 602 40 75 be
2325 602 19 75 a

1356 650 157 75 creature.

1311 697 165 75 ARICA,
1501 697 20 75 a
1543 697 140 75 fea-port
1709 697 88 75 town
1822 697 40 75 of
1880 697 83 75 Peru
1989 697 32 75 in
2047 697 105 75 South
2177 697 165 75 America,

1357 742 137 75 fituated
1520 742 41 75 on
1586 742 55 75 the
1665 742 119 75 Pacific
1806 742 125 75 Ocean,
1956 742 103 75 in^yo
2059 724 22 49 0
2101 742 45 75 20
2172 742 62 75 W.
2251 742 90 75 long,

1358 789 62 75 and
1442 789 39 75 18
1481 771 20 49 0
1520 789 46 75 20
1594 789 37 75 S.
1648 789 57 75 lat.

1309 836 197 75 ARIDAS,
1532 836 19 75 a
1562 836 77 75 kind
1657 836 39 75 of
1708 836 128 75 taffety,
1852 836 241 75 manufaflured
2109 836 30 75 in
2157 836 56 75 the
2229 836 44 75 E.
2287 836 55 75 In-

1357 882 81 75 dies,
1464 882 84 75 from
1572 882 19 75 a
1607 882 121 75 fhining
1744 882 115 75 thread
1875 882 105 75 which
1997 882 26 75 is
2041 882 56 75 got
2121 882 85 75 from
2221 882 122 75 certain

1357 929 108 75 herbs,
1491 929 130 75 whence
1638 929 79 75 they
1731 929 53 75 are
1802 929 101 75 flyled
1925 929 56 75 art
1984 929 56 75 das
2059 929 44 75 of
2109 929 105 75 herbs.

1307 977 316 75 ARIDULLAM,
1647 977 33 75 in
1697 977 123 75 natural
1837 977 132 75 hiftory,
1995 977 19 75 a
2040 977 79 75 kind
2142 977 41 75 of
2206 977 133 75 zaraich

1354 1023 102 75 found
1469 1023 33 75 in
1519 1023 56 75 the
1591 1023 45 75 E.
1654 1023 122 75 Indies.
1827 1023 62 75 See
1910 1023 192 75 Zarnich.

1307 1070 158 75 ARIES,
1490 1070 31 75 in
1541 1070 154 75 zoology.
1746 1070 62 75 See
1824 1070 112 75 Ovis.

1307 1116 137 75 Aries,
1487 1116 32 75 in
1546 1116 194 75 aftronomy,
1778 1116 18 75 a
1823 1116 220 75 conftellation
2070 1116 43 75 of
2134 1116 101 75 fixed,
2250 1116 90 75 ftars,

1353 1162 111 75 drawn
1484 1162 42 75 on
1550 1162 55 75 the
1629 1162 108 75 globe,
1766 1162 32 75 in
1824 1162 55 75 the
1896 1162 101 75 figure
2024 1162 42 75 of
2087 1162 19 75 a
2133 1162 81 75 ram.
2263 1162 32 75 It
2311 1162 31 75 is

1354 1210 55 75 the
1426 1210 65 75 firft
1507 1210 41 75 of
1558 1210 56 75 the
1630 1210 117 75 twelve
1762 1210 81 75 figns
1859 1210 41 75 of
1912 1210 55 75 the
1978 1210 127 75 zodiac,
2130 1210 84 75 from
2236 1210 107 75 which

1354 1255 17 75 a
1388 1255 130 75 twelfth
1535 1255 71 75 part
1632 1255 40 75 of
1693 1255 57 75 the
1777 1255 128 75 ecliptic
1918 1255 93 75 .takes
2027 1255 43 75 its
2086 1255 253 75 denomination.

1356 1303 60 75 See
1434 1303 262 75 Astronomy,
1724 1303 56 75 Of
1785 1303 55 75 the
1845 1303 93 75 fixed
1941 1303 107 75 Jiars.

1306 1350 271 75 ARISARUM,
1602 1350 31 75 ia
1650 1350 134 75 botany.
1837 1350 62 75 See
1916 1350 135 75 Arum.

1307 1397 159 75 ARISH,
1493 1397 18 75 a
1532 1397 126 75 Perfian
1683 1397 77 75 long
1783 1397 153 75 meafure,
1962 1397 182 75 containing
2164 1397 102 75 about
2292 1397 41 75 38

1354 1442 130 75 Engliffi
1501 1442 123 75 inches.

1307 1490 143 75 ARISI,
1475 1490 55 75 the
1547 1490 114 75 Indian
1677 1490 91 75 name
1784 1490 53 75 for
1853 1490 55 75 the
1935 1490 92 75 plant
2051 1490 106 75 which
2184 1490 157 75 produces

1355 1536 56 75 the
1425 1536 78 75 rice.
1552 1536 223 75 SccOrysa.

1305 1583 193 75 ARISTA,
1524 1583 38 75 or
1574 1583 106 75 Awn,
1698 1583 115 75 among
1824 1583 164 75 botanifts,
2014 1583 20 75 a
2050 1583 77 75 long
2142 1583 197 75 needle-like

1351 1629 110 75 beard,
1486 1629 105 75 which
1609 1629 103 75 ftands
1731 1629 57 75 out
1803 1629 86 75 from
1905 1629 55 75 the
1977 1629 80 75 hulk
2081 1629 41 75 of
2142 1629 19 75 a
2186 1629 91 75 grain
2301 1629 41 75 of

1351 1675 88 75 corn,
1465 1675 99 75 grafs,
1587 1675 68 75 the.

1306 1723 250 75 ARISTIDA,
1582 1723 31 75 in
1637 1723 132 75 botany,
1795 1723 19 75 a
1829 1723 99 75 genus
1944 1723 41 75 of
2005 1723 55 75 the
2076 1723 155 75 triandria
2248 1723 93 75 digy-

1353 1770 53 75 hia
1422 1770 93 75 clafs.
1564 1770 76 75 The
1660 1770 87 75 calix
1763 1770 59 75 has
1839 1770 19 75 a
1873 1770 119 75 double
2008 1770 90 75 valve
2110 1770 10 75 ;
2147 1770 56 75 the
2216 1770 126 75 corolla

1350 1816 61 75 has
1435 1816 60 75 one
1512 1816 103 75 valve,
1641 1816 63 75 and
1720 1816 90 75 three
1827 1816 86 75 awns
1930 1816 32 75 at
1980 1816 55 75 the
2058 1816 120 75 points.
2225 1816 116 75 There

1352 1863 55 75 are
1426 1863 16 75 3
1460 1863 119 75 fpecies
1595 1863 40 75 of
1645 1863 140 75 ariftida,
1802 1863 71 75 viz.
1891 1863 55 75 the
1963 1863 218 75 adfeenfionis,
2206 1863 18 75 a
2237 1863 105 75 native

1354 1910 41 75 of
1405 1910 56 75 the
1477 1910 99 75 ifland
1597 1910 40 75 of
1656 1910 191 75 Afcenfion;
1874 1910 56 75 the
1956 1910 206 75 Americana,
2187 1910 19 75 a
2233 1910 107 75 native

1354 1957 41 75 of
1413 1957 163 75 Jamaica;
1604 1957 63 75 and
1683 1957 56 75 the
1756 1957 154 75 pkimofa,
1938 1957 18 75 a
1977 1957 108 75 native
2100 1957 40 75 of
2152 1957 163 75 America.

1306 2004 359 75 ARISTOCRACY,
1691 2004 18 75 a
1721 2004 83 75 form
1816 2004 41 75 of
1867 2004 211 75 government
2093 2004 107 75 where
2215 2004 57 75 the
2286 2004 52 75 ft-

1354 2050 107 75 preme
1478 2050 107 75 power
1602 2050 26 75 is
1648 2050 106 75 vefted
1771 2050 31 75 in
1819 2050 56 75 the
1899 2050 154 75 principal
2069 2050 128 75 perfons
2219 2050 41 75 of
2282 2050 57 75 the

1355 2096 88 75 ftate.
1494 2096 113 75 See^ir
1613 2096 252 75 overnment.

1308 2142 382 75 ARISTOLOCHIA,
1715 2142 33 75 in
1765 2142 131 75 botany,
1922 2142 19 75 a
1969 2142 99 75 genus
2085 2142 41 75 of
2145 2142 55 75 the
2216 2142 121 75 gynan-

1354 2189 71 75 dria
1440 2189 178 75 hexandria
1641 2189 90 75 clafs.
1797 2189 32 75 It
1853 2189 58 75 has
1940 2189 43 75 no
2011 2189 107 75 calix;
2146 2189 55 75 the
2218 2189 120 75 corolla

1356 2234 123 75 confifts
1492 2234 41 75 of
1543 2234 60 75 one
1623 2234 103 75 entire
1743 2234 105 75 petal;
1875 2234 63 75 and
1953 2234 56 75 the
2026 2234 136 75 capfule,
2188 2234 105 75 which
2305 2234 31 75 is

1355 2281 105 75 below
1476 2281 55 75 the
1548 2281 122 75 flower,
1695 2281 57 75 has
1771 2281 20 75 6
1807 2281 91 75 cells.
1958 2281 112 75 There
2086 2281 53 75 are
2159 2281 39 75 21
2218 2281 118 75 fpecies

1355 2329 39 75 of
1408 2329 212 75 ariftolochia,
1642 2329 84 75 none
1748 2329 44 75 of
1810 2329 104 75 which
1932 2329 53 75 are
2007 2329 121 75 natives
2146 2329 39 75 of
2197 2329 138 75 Britain.

1304 2375 289 75 ARISTOLUS,
1618 2375 40 75 an
1677 2375 141 75 obfolete
1836 2375 90 75 name
1942 2375 41 75 of
1996 2375 19 75 a
2025 2375 119 75 fpecies
2160 2375 41 75 of
2211 2375 123 75 clupea.

1353 2422 62 75 See
1429 2422 174 75 Clupea.

1179 171 18 75 (

1398 171 19 75 )

511 2719 1368 75 ARITHMETIC
1952 2719 79 75 K

227 2911 397 75 ARITHMETICR
649 2911 27 75 is
707 2911 19 75 a
752 2911 120 75 fcience
895 2911 104 75 which
1025 2911 145 75 explains
1198 2911 55 75 the

333 2957 175 75 properties
525 2957 41 75 of
574 2957 163 75 numbers,
763 2957 63 75 and
850 2957 99 75 Ihews
977 2957 56 75 the
1059 2957 135 75 method
1217 2957 52 75 or'

222 3001 54 75 art
299 3001 41 75 of
350 3001 184 75 computing
550 3001 99 75 them.

294 3052 101 75 Vol.
421 3052 31 75 L
501 3052 70 75 No.
593 3052 54 75 16.

1349 2911 66 75 We
1434 2911 81 75 have
1531 2911 78 75 very
1631 2911 85 75 little
1738 2911 203 75 intelligence
1958 2911 98 75 about
2072 2911 55 75 the
2150 2911 103 75 origin
2270 2911 62 75 and

1301 2958 161 75 invention
1479 2958 40 75 of
1529 2958 223 75 arithmetick;
1770 2958 57 75 but
1844 2958 156 75 probably
2011 2958 25 75 it
2047 2958 79 75 mull
2142 2958 80 75 have
2239 2958 95 75 taken

1303 3005 41 75 its
1358 3005 59 75 rife
1432 3005 86 75 from
1534 3005 56 75 the
1616 3005 215 75 introdu&ion
1857 3005 40 75 of
1918 3005 190 75 commerce,
2134 3005 63 75 and
2225 3005 107 75 confe-

1662 3065 20 75 4
1709 3065 26 75 ^

2200 3065 135 75 quentiy

1074 3064 17 75 3
