2498 3377
224 188 81 75 322

757 188 41 75 A
884 188 43 75 N
1015 188 43 75 N
1147 188 44 75 U

225 251 39 75 of
284 251 60 75 one
360 251 109 75 pound
485 251 51 75 for
561 251 40 75 an
625 251 57 75 age
700 251 41 75 of
762 251 43 75 50
823 251 104 75 years,
953 251 33 75 at
1005 251 17 75 3
1037 251 61 75 per
1114 251 85 75 cent,
1215 251 50 75 in-

224 298 104 75 tereft,
353 298 26 75 is
408 298 97 75 12.51
521 298 10 75 ;
564 298 72 75 that
657 298 41 75 is,
729 298 38 75 12
785 298 25 75 1.
838 298 41 75 10
898 298 28 75 s.
958 298 38 75 or
1019 298 117 75 twelve
1159 298 63 75 and
1246 298 19 75 a

222 346 74 75 half
314 346 92 75 years
424 346 167 75 purchafe.
636 346 77 75 The
725 346 155 75 marginal
897 346 116 75 figures
1029 346 42 75 on
1084 346 56 75 the
1156 346 61 75 left
1228 346 42 75 of

222 393 56 75 the
290 393 128 75 column
435 393 41 75 of
493 393 59 75 age
567 393 88 75 ferve
672 393 34 75 to
719 393 126 75 fhorten
862 393 56 75 the
934 393 98 75 table,
1059 393 62 75 and
1137 393 126 75 fignify,

223 439 71 75 that
305 439 57 75 the
378 439 92 75 value
482 439 42 75 of
542 439 39 75 an
598 439 132 75 annuity
742 439 52 75 for
803 439 58 75 the
878 439 58 75 age
947 439 142 75 denoted
1105 439 44 75 by
1161 439 103 75 them,

222 486 28 75 is
266 486 55 75 the
337 486 84 75 fame
437 486 80 75 with
533 486 57 75 the
612 486 93 75 value
722 486 41 75 of
781 486 40 75 an
838 486 132 75 annuity
987 486 50 75 for
1062 486 57 75 the
1135 486 59 75 age
1209 486 56 75 de-

223 533 102 75 noted
346 533 43 75 by
412 533 56 75 the
491 533 149 75 numbers
666 533 110 75 before
801 533 105 75 which
923 533 79 75 they
1018 533 101 75 ftand.
1169 533 96 75 Thus

224 580 56 75 the
295 580 94 75 value
405 580 41 75 of
464 580 40 75 an
521 580 133 75 annuity
671 580 50 75 for
737 580 57 75 the
812 580 58 75 age
888 580 42 75 of
948 580 21 75 9
986 580 64 75 and
1073 580 39 75 10
1130 580 92 75 years
1239 580 28 75 is

222 627 58 75 the
297 627 105 75 fame;
429 627 62 75 and
509 627 55 75 the
581 627 91 75 value
688 627 41 75 of
749 627 41 75 an
806 627 131 75 annuity
954 627 52 75 for
1023 627 55 75 the
1103 627 57 75 age
1184 627 40 75 of
1244 627 23 75 6

223 673 64 75 and
305 673 53 75 14,
375 673 52 75 for
439 673 55 75 the
511 673 58 75 age
585 673 42 75 of
641 673 18 75 3
677 673 63 75 and
758 673 57 75 24,
834 673 65 75 'be.
923 673 29 75 is
968 673 55 75 the
1040 673 95 75 fame.
1185 673 78 75 The

224 719 127 75 lurcher
375 719 53 75 ufe
444 719 41 75 of
503 719 56 75 the
582 719 87 75 table
687 719 66 75 will
770 719 116 75 appear
902 719 33 75 in
952 719 56 75 the
1025 719 161 75 queftions
1204 719 64 75 and

225 766 162 75 problems
404 766 180 75 following.

272 813 150 75 Quest,
445 813 31 75 i.
525 813 34 75 A
576 813 113 75 perfon
707 813 39 75 of
768 813 43 75 50
828 813 92 75 years
938 813 109 75 would
1060 813 151 75 purchafe
1227 813 40 75 an

228 859 134 75 annuity
377 859 52 75 for
452 859 56 75 life
524 859 40 75 of
585 859 67 75 200
669 859 32 75 1:
737 859 107 75 What
860 859 99 75 ready
975 859 117 75 money
1108 859 102 75 ought
1225 859 43 75 he

224 907 37 75 to
272 907 74 75 pay,
371 907 175 75 reckoning
562 907 128 75 inteteft
708 907 32 75 at
753 907 47 75 44
816 907 63 75 per
893 907 85 75 cent.
991 907 20 75 ?

973 955 41 75 L.

394 1002 53 75 By
463 1002 57 75 the
536 1002 87 75 table
638 1002 57 75 the
707 1002 93 75 value
817 1002 44 75 of
873 1002 13 75 1
907 1002 24 75 1.
949 1002 28 75 is
1000 1002 76 75 10.8

734 1047 159 75 Multiply
910 1047 43 75 by
1057 1047 71 75 200

321 1141 105 75 Value
449 1141 36 75 to
509 1141 41 75 be
574 1141 74 75 paid
666 1141 34 75 in
722 1141 99 75 ready
837 1141 116 75 money
971 1141 153 75 2164.00
1148 1141 87 75 Anf.

274 1187 146 75 Quest.
439 1187 34 75 2.
522 1187 33 75 A
572 1187 108 75 young
695 1187 166 75 merchant
876 1187 132 75 marries
1026 1187 20 75 a
1057 1187 115 75 widow
1191 1187 78 75 lady

227 1235 40 75 ef
280 1235 46 75 40
341 1235 91 75 years
450 1235 40 75 of
501 1235 70 75 age,
589 1235 79 75 with
685 1235 18 75 ft
717 1235 142 75 jointure
876 1235 41 75 of
929 1235 68 75 300
1014 1235 25 75 1.
1056 1235 123 75 a-year,
1205 1235 63 75 and

226 1281 101 75 wants
346 1281 34 75 to
397 1281 121 75 difpofe
530 1281 40 75 of
587 1281 55 75 the
655 1281 142 75 jointure
814 1281 52 75 for
882 1281 100 75 ready
998 1281 136 75 money:
1162 1281 107 75 What
1279 1281 6 75 <

227 1327 68 75 fum
323 1327 104 75 ought
447 1327 43 75 he
517 1327 36 75 to
576 1327 143 75 receive*
738 1327 176 75 reckoning
939 1327 130 75 intereft
1091 1327 33 75 at
1143 1327 45 75 34
1206 1327 63 75 per

229 1376 118 75 cent.?

975 1422 41 75 L.

371 1468 53 75 By
439 1468 56 75 the
512 1468 86 75 table
614 1468 57 75 the
682 1468 94 75 value
792 1468 40 75 of
849 1468 13 75 1
882 1468 25 75 1.
926 1468 32 75 is.
976 1468 102 75 13.98

1059 1516 68 75 300

1273 1516 25 75 •*

309 1608 105 75 Value
425 1608 36 75 to
472 1608 46 75 be
525 1608 147 75 received
682 1608 35 75 in
728 1608 98 75 ready
838 1608 119 75 money
973 1608 154 75 4194.00
1153 1608 83 75 Anf.

278 1655 118 75 Pros.
415 1655 34 75 2.
497 1655 59 75 To
571 1655 67 75 find
663 1655 55 75 the
743 1655 92 75 value
860 1655 40 75 of
919 1655 45 75 an
983 1655 133 75 annuity
1132 1655 58 75 for
1214 1655 57 75 the

227 1701 86 75 joint
330 1701 207 75 continuance
559 1701 40 75 of
617 1701 67 75 two
701 1701 93 75 liyes,
820 1701 61 75 one
901 1701 57 75 life
982 1701 129 75 failing,
1134 1701 56 75 the
1215 1701 55 75 an-

233 1748 93 75 nuity
343 1748 35 75 to
395 1748 101 75 ceafe.

280 1795 90 75 Here
386 1795 92 75 there
494 1795 54 75 are
563 1795 68 75 two
648 1795 98 75 cafes,
771 1795 172 75 according
959 1795 33 75 as
1005 1795 56 75 the
1074 1795 73 75 ages
1163 1795 42 75 of
1215 1795 57 75 the

236 1840 64 75 two
318 1840 194 75 perfons.are
529 1840 94 75 equal
640 1840 37 75 or
693 1840 151 75 unequal.

285 1887 31 75 1.
340 1887 38 75 If
396 1887 57 75 the
474 1887 68 75 two
558 1887 127 75 perfons
708 1887 40 75 be
765 1887 40 75 of
823 1887 57 75 the
907 1887 85 75 fame
1017 1887 71 75 age,
1112 1887 92 75 work
1226 1887 46 75 by

234 1935 57 75 the
308 1935 171 75 following

281 1980 125 75 Rule.
453 1980 96 75 Take
564 1980 57 75 the
632 1980 91 75 value
740 1980 40 75 of
799 1980 62 75 any
877 1980 60 75 one
956 1980 41 75 of
1015 1980 56 75 the
1087 1980 78 75 lives
1187 1980 86 75 from

237 2027 56 75 the
310 2027 100 75 table,
435 2027 150 75 multiply
600 2027 66 75 this
691 2027 92 75 value
806 2027 44 75 by
866 2027 55 75 the
937 2027 128 75 intereft
1081 2027 40 75 of
1145 2027 12 75 1
1178 2027 24 75 1.
1221 2027 53 75 for

234 2075 20 75 a
276 2075 88 75 year,
389 2075 138 75 fubtraA
544 2075 55 75 the
615 2075 136 75 produft
766 2075 84 75 from
868 2075 35 75 2,
927 2075 107 75 divide
1057 2075 56 75 the
1137 2075 137 75 forefaid

235 2120 93 75 value
344 2120 44 75 by
403 2120 56 75 the
482 2120 191 75 remainder,
699 2120 62 75 and
783 2120 56 75 the
864 2120 80 75 quot
969 2120 67 75 will
1054 2120 40 75 be
1110 2120 55 75 the
1181 2120 93 75 value

236 2168 40 75 of
292 2168 13 75 1
325 2168 26 75 1.
368 2168 148 75 annuity,
539 2168 37 75 or
589 2168 56 75 the
661 2168 134 75 number
810 2168 41 75 of
869 2168 95 75 years
978 2168 151 75 purebafe
1146 2168 127 75 fought.

282 2212 154 75 Examp.
484 2212 106 75 What
606 2212 27 75 is
646 2212 55 75 the
713 2212 92 75 value
818 2212 39 75 of
883 2212 63 75 100
962 2212 24 75 1.
1007 2212 131 75 annuity
1155 2212 52 75 for
1219 2212 55 75 the

234 2259 86 75 joint
335 2259 79 75 lives
431 2259 41 75 of
491 2259 66 75 two
569 2259 145 75 perfons,
739 2259 40 75 of
798 2259 56 75 the
872 2259 57 75 age
947 2259 40 75 of
1008 2259 44 75 30
1071 2259 91 75 years
1182 2259 92 75 each,

237 2304 174 75 reckoning
427 2304 133 75 intereft.
567 2304 34 75 at
620 2304 21 75 4
657 2304 61 75 per
733 2304 85 75 cent.
831 2304 20 75 ?

285 2353 52 75 By
354 2353 55 75 the
422 2353 98 75 table,
545 2353 63 75 one
621 2353 58 75 life
698 2353 40 75 of
761 2353 43 75 30
821 2353 92 75 years
928 2353 28 75 is
1059 2353 13 75 -
1173 2353 101 75 14.68

740 2399 158 75 Multiply
913 2399 44 75 by

1084 2399 13 75 -
1219 2399 59 75 .04

743 2447 149 75 Subtract
909 2447 55 75 the
980 2447 134 75 product
1186 2447 90 75 5872

739 2494 99 75 From
934 2494 13 75 -
1044 2494 14 75 -
1150 2494 129 75 2.0000

741 2586 154 75 Remains
990 2586 14 75 -

1151 2586 126 75 1,4128

289 2631 80 75 And
385 2631 379 75 1.4128714.68(10.39
777 2631 93 75 value
879 2631 41 75 of
936 2631 12 75 1
965 2631 24 75 1.
1004 2631 145 75 annuity.

288 2678 79 75 And
385 2678 99 75 10.39
500 2678 29 75 *
548 2678 111 75 100=
676 2678 86 75 1039
775 2678 56 75 the
848 2678 91 75 value
951 2678 127 75 fought.

293 2727 32 75 2.
351 2727 38 75 If
408 2727 55 75 the
480 2727 65 75 two
562 2727 126 75 perfons
714 2727 52 75 are
790 2727 41 75 of
849 2727 151 75 different
1017 2727 87 75 ages,
1130 2727 90 75 work
1244 2727 35 75 as

244 2771 141 75 direfied
401 2771 33 75 in
449 2771 60 75 the.
518 2771 166 75 following

292 2815 124 75 Rule.
464 2815 100 75 Take
576 2815 56 75 the
656 2815 111 75 values
790 2815 40 75 of
848 2815 56 75 the
929 2815 66 75 two
1018 2815 80 75 lives
1116 2815 84 75 from
1223 2815 56 75 the

244 2865 97 75 table,
368 2865 148 75 multiply
531 2865 92 75 them
636 2865 68 75 into
727 2865 60 75 one
805 2865 144 75 another,
975 2865 116 75 calling
1109 2865 55 75 the
1182 2865 96 75 refult

245 2914 55 75 the
317 2914 64 75 firft
404 2914 153 75 produdl;
585 2914 76 75 then
679 2914 147 75 multiply
843 2914 56 75 the
921 2914 67 75 faid
1004 2914 63 75 firft
1088 2914 133 75 product
1235 2914 44 75 by

245 2960 56 75 the
316 2960 126 75 intereft
463 2960 41 75 of
527 2960 13 75 1
559 2960 25 75 1.
603 2960 51 75 for
671 2960 19 75 a
705 2960 88 75 year,
818 2960 116 75 calling
958 2960 54 75 the
1036 2960 96 75 refult
1152 2960 56 75 the
1231 2960 47 75 fe-

246 3003 83 75 cond
344 3003 154 75 produdt;
526 3003 62 75 add
603 3003 56 75 the
670 3003 108 75 values
795 3003 40 75 of
845 3003 56 75 the
917 3003 66 75 two
999 3003 92 75 lives,
1117 3003 61 75 and
1194 3003 85 75 from

250 3051 81 75 their
354 3051 69 75 fum
445 3051 140 75 fubtratt
606 3051 57 75 the
686 3051 116 75 fecond
824 3051 157 75 produftj
1005 3051 107 75 divide
1135 3051 57 75 the
1214 3051 65 75 firft

1280 195 17 75 I
1385 195 40 75 T
1511 195 18 75 I
1615 195 36 75 E
1739 195 41 75 S.

1321 258 133 75 produdt
1470 258 45 75 by
1526 258 55 75 the
1598 258 191 75 remainder,
1815 258 62 75 and
1893 258 56 75 the
1966 258 82 75 quot
2058 258 65 75 will
2137 258 39 75 be
2193 258 56 75 the
2264 258 93 75 value

1315 305 39 75 of
1378 305 13 75 1
1407 305 25 75 1.
1450 305 143 75 annuity,
1618 305 37 75 or
1668 305 54 75 the
1735 305 133 75 number
1879 305 37 75 of
1939 305 92 75 years
2052 305 152 75 purchafe
2224 305 130 75 fought.

1362 351 152 75 Examp.
1565 351 105 75 What
1685 351 26 75 is
1729 351 56 75 the
1800 351 94 75 value
1910 351 41 75 of
1974 351 43 75 70
2033 351 25 75 1.
2077 351 132 75 annuity
2232 351 52 75 for
2300 351 57 75 the

1311 398 86 75 joint
1409 398 80 75 lives
1501 398 41 75 of
1556 398 65 75 two
1638 398 141 75 perfons,
1796 398 129 75 wherof
1936 398 60 75 one
2013 398 26 75 is
2053 398 45 75 40
2115 398 63 75 and
2194 398 56 75 the
2262 398 94 75 other

1319 445 44 75 50
1375 445 92 75 years
1484 445 40 75 of
1543 445 70 75 age,
1640 445 174 75 reckoning
1830 445 127 75 intereft
1973 445 33 75 at
2025 445 17 75 5
2056 445 64 75 per
2135 445 86 75 cent.
2231 445 7 75 '
2238 445 16 75 ?
2285 445 9 75 .

1364 492 65 75 Bjr'
1429 492 55 75 the
1496 492 86 75 table
1594 492 55 75 the
1662 492 93 75 value
1770 492 41 75 of
1825 492 44 75 40
1881 492 91 75 years
1988 492 41 75 is,
2138 492 13 75 -
2252 492 101 75 11.83

1363 542 79 75 And
1453 542 55 75 the
1526 542 93 75 value
1632 542 40 75 of
1685 542 44 75 50
1746 542 91 75 years
1854 542 39 75 is,
2001 542 13 75 -
2123 542 13 75 -
2253 542 102 75 10.35

1792 633 82 75 Firft
1890 633 146 75 produft,

2183 633 172 75 122.4405

1794 681 157 75 Multiply
1963 681 45 75 by
2114 681 13 75 -

2299 681 56 75 .05

1793 776 128 75 Second
1936 776 148 75 produft,
2181 776 173 75 6.122025

1366 867 79 75 Sum
1461 867 41 75 of
1520 867 56 75 the
1592 867 67 75 two
1674 867 98 75 lives,

1913 867 13 75 -

2157 867 204 75 22.180000

1368 913 128 75 Second
1511 913 135 75 produft
1663 913 128 75 deduft,

2180 913 175 75 6.122025

1794 1007 207 75 Remainder,
2085 1007 13 75 -
2160 1007 196 75 16.057975

1364 1051 77 75 And
1458 1051 498 75 16.057975)122.4405(7.62
1974 1051 94 75 value
2084 1051 40 75 of
2140 1051 13 75 x
2169 1051 25 75 1.
2212 1051 143 75 annuity.

1937 1111 43 75 7°

1846 1195 128 75 533.40
1990 1195 92 75 value
2099 1195 128 75 fought.

1366 1237 119 75 Pros.
1507 1237 33 75 3.
1588 1237 56 75 To
1661 1237 66 75 find
1743 1237 55 75 the
1814 1237 93 75 value
1923 1237 40 75 of
1982 1237 39 75 an
2043 1237 133 75 annuity
2192 1237 85 75 upon
2299 1237 57 75 the

1316 1283 120 75 longeft
1458 1283 40 75 of
1517 1283 66 75 two
1599 1283 80 75 lives
1693 1283 12 75 ;
1731 1283 72 75 that
1826 1283 40 75 is,
1891 1283 35 75 to
1943 1283 149 75 continue
2111 1283 35 75 fo
2162 1283 78 75 Jong
2256 1283 33 75 as
2311 1283 45 75 ei-

1318 1329 71 75 ther
1407 1329 40 75 of
1465 1329 55 75 the
1538 1329 128 75 perfons
1678 1329 27 75 is
1718 1329 32 75 in
1766 1329 70 75 life.

1365 1376 124 75 Rule.
1538 1376 98 75 From
1649 1376 55 75 the
1716 1376 68 75 fum
1795 1376 41 75 of
1847 1376 55 75 the
1913 1376 108 75 values
2035 1376 40 75 of
2086 1376 56 75 the
2147 1376 103 75 Jingle
2263 1376 95 75 lives,

1318 1422 138 75 fubtraft
1471 1422 58 75 the
1550 1422 93 75 value
1660 1422 40 75 of
1718 1422 55 75 the
1794 1422 86 75 joint
1901 1422 94 75 lives,
2020 1422 64 75 and
2098 1422 56 75 the
2178 1422 179 75 remainder

1310 1469 75 75 .will
1401 1469 41 75 be
1458 1469 56 75 the
1530 1469 94 75 value
1639 1469 129 75 fought.

2194 1469 9 75 -

1302 1517 4 75 '
1365 1517 153 75 Examp.
1558 1517 116 75 'What
1690 1517 26 75 is
1734 1517 55 75 the
1801 1517 92 75 value
1909 1517 41 75 of
1968 1517 40 75 an
2024 1517 134 75 annuity
2168 1517 41 75 of
2224 1517 12 75 1
2258 1517 23 75 I.
2299 1517 61 75 up-

1320 1562 42 75 op
1377 1562 57 75 the
1446 1562 125 75 Jongeft
1583 1562 41 75 of
1642 1562 66 75 two
1724 1562 95 75 lives,
1841 1562 57 75 the
1914 1562 61 75 one
1986 1562 111 75 perfon
2114 1562 94 75 being
2222 1562 56 75 30,
2296 1562 65 75 and

1320 1609 53 75 the
1386 1609 93 75 other
1497 1609 45 75 40
1559 1609 93 75 years
1669 1609 40 75 of
1729 1609 71 75 age,
1825 1609 127 75 intereft
1964 1609 34 75 at
2010 1609 22 75 4
2046 1609 62 75 per
2123 1609 86 75 cent.
2222 1609 19 75 ?

1367 1658 53 75 By
1436 1658 56 75 the
1508 1658 98 75 table,
1634 1658 44 75 30
1694 1658 92 75 years
1802 1658 40 75 is,

1985 1658 14 75 -

2141 1658 13 75 -
2254 1658 102 75 14.68

1630 1705 46 75 40
1691 1705 91 75 years
1799 1705 42 75 is,

1985 1705 13 75 -
2094 1705 14 75 -

2254 1705 107 75 13.20

1367 1796 106 75 Value
1490 1796 39 75 of
1548 1796 86 75 their
1654 1796 86 75 joint
1755 1796 93 75 lives,
1872 1796 46 75 by
1931 1796 101 75 Prob.
2051 1796 65 75 2.7

2251 1796 107 75 27.88

1417 1843 81 75 Cafe
1514 1843 36 75 2.
1573 1843 41 75 is,

2095 1843 22 75 3

2275 1843 20 75 9
2313 1843 45 75 62

1368 1935 106 75 Value
1489 1935 130 75 fought,

2253 1935 108 75 18.26

1367 1981 39 75 If
1416 1981 54 75 the
1487 1981 133 75 annuity
1641 1981 42 75 be
1699 1981 62 75 any
1777 1981 94 75 other
1887 1981 79 75 than
1982 1981 13 75 1
2011 1981 25 75 1.
2060 1981 149 75 multiply
2228 1981 56 75 the
2301 1981 55 75 an-

1321 2026 80 75 fwer
1417 2026 102 75 found
1535 2026 33 75 as
1585 2026 100 75 above
1697 2026 44 75 by
1757 2026 56 75 the
1830 2026 94 75 given
1942 2026 146 75 annuity.

1369 2074 36 75 If
1423 2074 56 75 the
1502 2074 65 75 two
1583 2074 131 75 perfons
1728 2074 40 75 be
1784 2074 45 75 of
1842 2074 96 75 equal
1954 2074 72 75 age,
2050 2074 67 75 find
2133 2074 56 75 the
2208 2074 92 75 value
2322 2074 43 75 of

1322 2119 85 75 their
1427 2119 85 75 joint
1528 2119 79 75 lives
1624 2119 44 75 by
1680 2119 83 75 Cafe
1785 2119 29 75 1.
1832 2119 41 75 of
1892 2119 101 75 Prob.
2013 2119 34 75 2.

1370 2168 114 75 Pros.
1508 2168 35 75 4.
1590 2168 59 75 To
1661 2168 66 75 find
1738 2168 57 75 the
1811 2168 93 75 value
1920 2168 39 75 of
1978 2168 56 75 the
2053 2168 79 75 next
2148 2168 213 75 prefentation

1322 2213 40 75 to
1374 2213 19 75 a
1406 2213 113 75 living.

1371 2261 125 75 Rule.
1546 2261 97 75 From
1666 2261 56 75 the
1738 2261 93 75 value
1854 2261 41 75 of
1913 2261 56 75 the
1993 2261 179 75 fucceflbr’s
2193 2261 70 75 life,
2288 2261 72 75 fub-

1324 2307 81 75 traft
1416 2307 56 75 the
1491 2307 86 75 joint
1592 2307 92 75 value
1696 2307 42 75 of
1754 2307 51 75 his
1829 2307 63 75 and
1910 2307 55 75 the
1981 2307 212 75 incumbent’s
2203 2307 70 75 life,
2298 2307 65 75 and

1327 2354 54 75 the
1397 2354 177 75 remainder
1588 2354 67 75 will
1678 2354 40 75 be
1742 2354 57 75 the
1821 2354 92 75 value
1935 2354 40 75 of
1998 2354 10 75 i
2031 2354 25 75 1.
2071 2354 156 75 annuity;
2253 2354 107 75 which

1326 2400 179 75 multiplied
1524 2400 116 75 by-the
1656 2400 110 75 yearly
1785 2400 138 75 income,
1946 2400 68 75 will
2028 2400 73 75 give
2113 2400 56 75 the
2185 2400 68 75 fum
2268 2400 35 75 to
2319 2400 43 75 be

1325 2446 73 75 paid
1410 2446 53 75 for
1478 2446 55 75 the
1545 2446 80 75 next
1641 2446 224 75 prefentation.

1372 2493 152 75 Examp.
1565 2493 33 75 A
1615 2493 112 75 enjoys
1744 2493 19 75 a
1777 2493 100 75 living
1893 2493 41 75 of
1949 2493 65 75 100
2029 2493 24 75 I.
2067 2493 62 75 per
2145 2493 133 75 annum,
2298 2493 64 75 and

1326 2540 28 75 B
1376 2540 106 75 would
1504 2540 153 75 purchafe
1677 2540 55 75 the
1755 2540 67 75 faid
1844 2540 102 75 living
1965 2540 51 75 for
2039 2540 50 75 his
2111 2540 58 75 life
2192 2540 84 75 after
2298 2540 63 75 A’s

1327 2586 118 75 death:
1482 2586 76 75 The
1575 2586 143 75 queftion
1735 2586 39 75 is,
1800 2586 106 75 What
1929 2586 40 75 he
1992 2586 101 75 ought
2116 2586 36 75 to
2176 2586 62 75 pay
2253 2586 52 75 for
2320 2586 39 75 it,

1326 2632 173 75 reckoning
1514 2632 128 75 intereft
1659 2632 33 75 at
1718 2632 17 75 5
1749 2632 63 75 per
1831 2632 85 75 cent.
1935 2632 145 75 A'bejng
2098 2632 57 75 60,
2182 2632 62 75 and
2263 2632 28 75 B
2311 2632 43 75 25

1327 2679 91 75 years
1430 2679 39 75 of
1488 2679 58 75 age
1558 2679 13 75 ?

2256 2729 41 75 L.

1373 2773 52 75 By
1441 2773 55 75 the
1508 2773 99 75 table,
1631 2773 60 75 B’s
1709 2773 58 75 life
1782 2773 41 75 is,

1967 2773 14 75 -

2122 2773 17 75 -
2208 2773 104 75 13.46

1375 2819 89 75 Joint
1480 2819 92 75 value
1589 2819 40 75 of
1645 2819 80 75 both
1740 2819 92 75 lives,
1856 2819 44 75 by
1916 2819 100 75 Prob.
2034 2819 34 75 2..
2092 2819 41 75 is,
2230 2819 82 75 6.97

1374 2913 77 75 The
1462 2913 92 75 value
1570 2913 42 75 of
1627 2913 13 75 1
1660 2913 25 75 1.
1704 2913 143 75 annuity,
1943 2913 15 75 -

2230 2913 83 75 6.49

1748 2960 158 75 Multiply
1921 2960 45 75 by
2060 2960 17 75 -
2169 2960 22 75 -
2294 2960 68 75 100

1374 3056 103 75 Value
1494 3056 40 75 of
1551 3056 79 75 next
1646 3056 226 75 prefsntation,
1968 3056 14 75 -
2054 3056 14 75 -
2166 3056 15 75 -
2230 3056 129 75 649.00

2283 3099 78 75 The
