2397 3387
611 177 1135 75 BOOK-KEEPING.

404 256 34 75 6.
465 256 89 75 Bills
572 256 148 75 payable,
745 256 57 75 N°
825 256 55 75 52.

172 307 84 75 This
272 307 26 75 is
315 307 40 75 an
371 307 145 75 accompt
532 307 40 75 of
584 307 54 75 the
653 307 84 75 fame
754 307 112 75 nature
881 307 80 75 with
985 307 56 75 the
1057 307 100 75 form-

126 353 34 75 er
171 353 10 75 ;
208 353 62 75 and
293 353 156 75 contains,
476 353 83 75 upon
583 353 56 75 the
656 353 47 75 Cr
725 353 75 75 fide,
826 353 55 75 the
906 353 74 75 bills
1006 353 152 75 accepted

125 401 43 75 by
185 401 56 75 the
257 401 176 75 merchant,
459 401 134 75 payable
609 401 35 75 to
661 401 108 75 others
782 401 10 75 ;
819 401 75 75 and,
919 401 84 75 upon
1026 401 55 75 the
1104 401 54 75 Dr

126 447 75 75 fide,
227 447 56 75 the
300 447 164 75 payments
481 447 40 75 he
537 447 57 75 has
612 447 104 75 made.
767 447 45 75 So
829 447 69 75 that
915 447 54 75 the
986 447 172 75 difference

128 494 39 75 of
187 494 55 75 the
266 494 79 75 fides
372 494 46 75 (if
437 494 92 75 ther<?
555 494 41 75 be
619 494 78 75 any)
726 494 28 75 is
777 494 56 75 the
857 494 73 75 bills
948 494 54 75 yet
1018 494 137 75 unpaid:

128 539 78 75 And
232 539 55 75 the
311 539 146 75 accompt
485 539 27 75 is
540 539 118 75 clofed,
685 539 42 75 by
750 539 152 75 charging
924 539 27 75 it
974 539 53 75 Dr
1044 539 34 75 to
1096 539 63 75 Ba-

127 586 103 75 lance.

439 626 33 75 7.
498 626 87 75 Bills
609 626 44 75 of
667 626 186 75 Exchange.

175 676 85 75 This
273 676 146 75 accompt
435 676 154 75 exhibits,
607 676 40 75 on
661 676 55 75 the
729 676 48 75 Cr
788 676 75 75 fide,
882 676 41 75 all
941 676 54 75 the
1007 676 73 75 bills
1092 676 67 75 you

130 723 90 75 draw
237 723 40 75 on
295 723 80 75 your
392 723 116 75 fadlors
525 723 38 75 or
573 723 260 75 correfpondents
845 723 11 75 ;
882 723 62 75 and
960 723 55 75 the
1032 723 54 75 Dr
1097 723 64 75 fide

131 769 101 75 {hows
256 769 87 75 what
358 769 41 75 of
409 769 89 75 them
514 769 54 75 are
583 769 162 75 accepted,
769 769 171 75 protefted,
965 769 37 75 or
1018 769 55 75 yet
1089 769 72 75 out-

132 815 144 75 ftanding
288 815 10 75 ;
317 815 62 75 and
389 815 26 75 is
428 815 116 75 clofed,
562 815 31 75 if
604 815 55 75 the
671 815 78 75 fides
761 815 124 75 happen
902 815 34 75 to
952 815 39 75 be
1009 815 151 75 unequal,

134 862 43 75 by
194 862 95 75 being
312 862 130 75 debited
465 862 34 75 to
527 862 150 75 Balance,
702 862 51 75 for
770 862 55 75 the
841 862 74 75 bills
932 862 230 75 out-ftanding,

134 908 71 75 viz.
230 908 53 75 the
313 908 73 75 bills
414 908 41 75 of
476 908 107 75 whofe
608 908 189 75 acceptance
819 908 66 75 you
912 908 81 75 have
1019 908 145 75 hitherto

136 955 63 75 had
215 955 41 75 no
273 955 120 75 advice.

574 999 33 75 8.
635 999 121 75 Bonds.

179 1046 86 75 This
282 1046 146 75 accompt
445 1046 155 75 exhibits,
625 1046 41 75 on
690 1046 55 75 the
763 1046 52 75 Dr
831 1046 76 75 fide,
932 1046 42 75 all
992 1046 54 75 the
1062 1046 103 75 bonds

134 1092 65 75 you
214 1092 80 75 have
305 1092 159 75 received,
489 1092 62 75 and
563 1092 41 75 on
620 1092 55 75 the
692 1092 47 75 Cr
754 1092 76 75 fide,
855 1092 86 75 what
957 1092 40 75 of
1007 1092 89 75 them
1113 1092 53 75 are

135 1138 86 75 paid,
239 1138 38 75 or
288 1138 217 75 out-ltanding
518 1138 10 75 ;
547 1138 63 75 and
621 1138 26 75 is
660 1138 118 75 clofed,
795 1138 31 75 if
837 1138 54 75 the
903 1138 79 75 fides
994 1138 124 75 happen
1129 1138 36 75 to

135 1185 41 75 be
191 1185 150 75 unequal,
366 1185 44 75 by
426 1185 94 75 being
535 1185 144 75 credited
691 1185 43 75 by
746 1185 152 75 Balance,
923 1185 52 75 for
991 1185 55 75 the
1062 1185 103 75 bonds

138 1230 54 75 yet
217 1230 127 75 unpaid.
395 1275 32 75 9.
454 1275 322 75 Sufpenfe-accompt,
800 1275 55 75 N°
872 1275 56 75 34.

183 1322 168 75 Contains,
375 1322 87 75 upon
478 1322 56 75 the
552 1322 52 75 Dr
621 1322 75 75 fide,
722 1322 55 75 the
793 1322 102 75 goods
911 1322 68 75 fent
996 1322 67 75 off;
1101 1322 63 75 and

136 1369 84 75 upon
237 1369 54 75 the
304 1369 47 75 Cr
362 1369 75 75 fide,
462 1369 102 75 either
580 1369 56 75 the
651 1369 83 75 fame
750 1369 101 75 goods
868 1369 161 75 returned,
1055 1369 38 75 or
1108 1369 56 75 ad-

137 1415 68 75 vice
221 1415 85 75 from
329 1415 81 75 your
437 1415 246 75 correfpondent
709 1415 76 75 that
804 1415 42 75 he
872 1415 121 75 defigns
1021 1415 35 75 to
1084 1415 80 75 keep

139 1460 100 75 them,
263 1460 37 75 or
316 1460 55 75 the
395 1460 85 75 price
504 1460 68 75 fent
595 1460 55 75 up.
715 1460 47 75 So
783 1460 70 75 that
877 1460 103 75 either
1003 1460 55 75 the
1085 1460 79 75 fides

141 1506 39 75 of
192 1506 63 75 this
273 1506 145 75 accompt
434 1506 53 75 are
503 1506 107 75 equal,
635 1506 62 75 and
724 1506 76 75 then
825 1506 55 75 the
905 1506 145 75 accompt
1065 1506 99 75 clofes

141 1553 40 75 of
192 1553 106 75 itfelf;
331 1553 50 75 or,
406 1553 31 75 if
448 1553 90 75 there
562 1553 37 75 be
626 1553 61 75 any
714 1553 184 75 difference,
922 1553 26 75 it
964 1553 27 75 is
1008 1553 105 75 owing
1129 1553 36 75 to

139 1598 81 75 your
235 1598 116 75 having
366 1598 142 75 hitherto
523 1598 65 75 had
614 1598 42 75 no
683 1598 110 75 advice
820 1598 189 75 concerning
1031 1598 85 75 fome
1132 1598 40 75 of

140 1646 54 75 the
210 1646 101 75 goods
328 1646 68 75 lent
412 1646 67 75 off;
506 1646 62 75 and
590 1646 33 75 in
651 1646 64 75 this
740 1646 69 75 cafe
825 1646 54 75 the
896 1646 145 75 accompt
1057 1646 26 75 is
1101 1646 66 75 clo-

139 1692 67 75 fed,
232 1692 42 75 by
302 1692 96 75 being
424 1692 146 75 credited
596 1692 43 75 by
668 1692 149 75 Balance,
848 1692 52 75 for
930 1692 56 75 the
1013 1692 67 75 faid
1103 1692 63 75 dif-

141 1739 137 75 ference.

428 1784 52 75 10.
505 1784 135 75 Foreign
656 1784 91 75 Coin.,
771 1784 56 75 N°
848 1784 58 75 26.

189 1830 168 75 Contains,
382 1830 85 75 upon
484 1830 55 75 the
555 1830 53 75 Dr
625 1830 75 75 fide,
726 1830 55 75 the
804 1830 92 75 value
923 1830 32 75 at
982 1830 105 75 which
1111 1830 57 75 the

140 1876 119 75 feveral
276 1876 103 75 pieces
396 1876 53 75 are
464 1876 162 75 received;
653 1876 62 75 and
738 1876 42 75 on
807 1876 55 75 the
879 1876 47 75 Cr
942 1876 75 75 fide,
1042 1876 55 75 the
1113 1876 54 75 va-

140 1923 53 75 lue
209 1923 33 75 at
257 1923 104 75 which
378 1923 77 75 they
472 1923 52 75 are
540 1923 57 75 put
614 1923 58 75 off.
721 1923 38 75 In
783 1923 118 75 doling
928 1923 63 75 this
1008 1923 157 75 accompt,

142 1970 91 75 there
248 1970 53 75 are
317 1970 91 75 three
423 1970 98 75 cafes,
574 1970 58 75 ijl.
657 1970 36 75 If
705 1970 54 75 the
775 1970 103 75 pieces
895 1970 53 75 are
964 1970 43 75 all
1023 1970 145 75 difpofed

138 2017 50 75 of,
198 2017 54 75 the
262 2017 143 75 accompt
416 2017 26 75 is
455 2017 117 75 clofed,
583 2017 43 75 by
638 2017 94 75 being
743 2017 131 75 debited
884 2017 38 75 or
934 2017 142 75 credited
1088 2017 34 75 to
1131 2017 38 75 or

143 2062 42 75 by
201 2062 102 75 Profit
317 2062 38 75 or
366 2062 75 75 lofs,
458 2062 52 75 for
522 2062 55 75 the
589 2062 72 75 gain
670 2062 36 75 or
716 2062 60 75 lofs
790 2062 91 75 made
897 2062 43 75 by
952 2062 100 75 them.
1082 2062 85 75 2dly,

143 2105 38 75 If
189 2105 81 75 none
283 2105 39 75 of
330 2105 54 75 the
399 2105 101 75 pieces
512 2105 53 75 are
575 2105 53 75 yet
640 2105 50 75 dii'
690 2105 93 75 pofed
794 2105 47 75 of,
861 2105 25 75 it
902 2105 26 75 is
946 2105 104 75 clofed
1062 2105 43 75 by
1113 2105 54 75 be-

141 2151 58 75 ing
211 2151 143 75 credited
362 2151 43 75 by
413 2151 150 75 Balance,
574 2151 50 75 for
634 2151 54 75 the
696 2151 105 75 whole
813 2151 91 75 value
915 2151 40 75 on
965 2151 56 75 the
1031 2151 53 75 Dr
1092 2151 76 75 fide.

149 2196 83 75 "idly.
257 2196 37 75 If
305 2196 71 75 part
391 2196 40 75 of
449 2196 86 75 them
559 2196 53 75 are
628 2196 144 75 difpofed
788 2196 46 75 of,
859 2196 63 75 and
937 2196 71 75 part
1023 2196 40 75 of
1081 2196 88 75 them

144 2242 55 75 yet
216 2242 41 75 on
272 2242 109 75 hand;
407 2242 32 75 in
455 2242 63 75 this
535 2242 80 75 cafe,
633 2242 53 75 the
702 2242 145 75 accompt
863 2242 79 75 mult
967 2242 63 75 firft
1046 2242 40 75 be
1101 2242 68 75 cre-

145 2289 90 75 dited
255 2289 41 75 by
314 2289 151 75 Balance,
490 2289 51 75 for
556 2289 91 75 value
664 2289 39 75 of
714 2289 55 75 the
781 2289 104 75 pieces
901 2289 42 75 on
966 2289 106 75 hand;
1107 2289 62 75 and

145 2335 29 75 if
187 2335 81 75 alter
285 2335 64 75 this
373 2335 55 75 the
452 2335 272 75 money-columns
741 2335 61 75 Hill
827 2335 118 75 remain
970 2335 149 75 unequal,
1144 2335 26 75 it

143 2381 82 75 mult
243 2381 38 75 be
298 2381 129 75 debited
439 2381 36 75 or
488 2381 142 75 credited
642 2381 35 75 to
693 2381 37 75 or
742 2381 42 75 by
801 2381 102 75 Profit
919 2381 63 75 and
999 2381 93 75 Lofs,
1117 2381 52 75 for

144 2429 55 75 the
215 2429 67 75 faid
296 2429 191 75 difference;
514 2429 105 75 which
634 2429 27 75 is
680 2429 53 75 the
756 2429 74 75 gain
845 2429 37 75 or
898 2429 62 75 lofs
977 2429 91 75 made
1085 2429 84 75 upon

141 2475 56 75 the
213 2475 89 75 piece'
302 2475 15 75 s
333 2475 144 75 difpofed
490 2475 48 75 of.

449 2528 12 49 1
461 2546 40 75 1.
526 2546 130 75 Wagers
675 2546 164 75 Accompt.

192 2591 168 75 Contains,
385 2591 84 75 upon
496 2591 56 75 the
572 2591 52 75 Dr
640 2591 75 75 fide,
740 2591 55 75 the
821 2591 229 75 confignments
1078 2591 92 75 made

144 2639 93 75 when
254 2639 55 75 the
327 2639 120 75 wagers
463 2639 84 75 were
564 2639 130 75 entered
713 2639 81 75 into.
841 2639 78 75 The
937 2639 47 75 Cr
1006 2639 62 75 fide
1092 2639 76 75 con-

144 2685 81 75 tains
243 2685 54 75 the
313 2685 151 75 decifions
481 2685 40 75 of
532 2685 54 75 the
610 2685 134 75 wagers.
794 2685 46 75 So
871 2685 71 75 that
969 2685 77 75 here
1073 2685 97 75 occur

142 2731 67 75 two
226 2731 161 75 varieties,
404 2731 70 75 viz.
499 2731 57 75 \Jl,
574 2731 37 75 If
621 2731 42 75 all
680 2731 55 75 the
753 2731 121 75 wagers
891 2731 52 75 are
959 2731 210 75 determined,

143 2778 56 75 the
215 2778 172 75 difference
403 2778 40 75 of
460 2778 56 75 the
532 2778 78 75 fides
638 2778 65 75 will
728 2778 39 75 be
791 2778 54 75 the
872 2778 73 75 gain
967 2778 91 75 made
1085 2778 85 75 upon

144 2825 89 75 thofe
249 2825 135 75 decided
411 2825 32 75 in
472 2825 114 75 favour
612 2825 40 75 of
675 2825 55 75 the
757 2825 185 75 merchant;
970 2825 62 75 and
1047 2825 55 75 the
1118 2825 53 75 ac-

144 2869 107 75 compt
269 2869 26 75 is
312 2869 119 75 clofed,
450 2869 42 75 by
509 2869 94 75 being
619 2869 138 75 charged
773 2869 54 75 Dr
838 2869 35 75 to
884 2869 103 75 Profit
999 2869 62 75 and
1077 2869 94 75 Lofs,

145 2917 52 75 for
213 2917 54 75 the
283 2917 66 75 faid
365 2917 184 75 difference,
599 2917 86 75 idly.
711 2917 37 75 If
760 2917 62 75 any
844 2917 41 75 of
902 2917 56 75 the
983 2917 119 75 wagers
1120 2917 54 75 are

145 2962 54 75 yet
216 2962 188 75 undecided,
430 2962 54 75 the
501 2962 145 75 accompt
662 2962 79 75 mull
757 2962 63 75 firlt
836 2962 40 75 be
892 2962 144 75 credited
1052 2962 41 75 by
1110 2962 64 75 Ba-

145 3010 89 75 lance
251 3010 51 75 fpr
319 3010 106 75 them:
453 3010 100 75 After
573 3010 119 75 which,
717 3010 31 75 if
770 3010 55 75 the
852 3010 79 75 lides
958 3010 54 75 are
1039 3010 61 75 Hill
1116 3010 57 75 un-

194 3056 100 75 Vol.
315 3056 29 75 I.
382 3056 123 75 Numb.
525 3056 57 75 25.

1010 3056 18 75 3

2152 179 83 75 5'89

1206 246 107 75 equal,
1338 246 26 75 it
1388 246 79 75 mull
1484 246 40 75 be
1541 246 139 75 charged
1705 246 53 75 Dr
1786 246 35 75 to
1845 246 103 75 Profit
1975 246 63 75 and
2064 246 95 75 Lofs,
2184 246 53 75 for

1205 292 54 75 the
1282 292 186 75 difference.

1423 374 51 75 12.
1511 374 164 75 Dea-afd
1699 374 31 75 P
1732 374 60 75 erf
1794 374 41 75 on'
1835 374 14 75 s
1876 374 123 75 Efate.

1251 417 77 75 The
1346 417 54 75 Dr
1411 417 61 75 fide
1485 417 41 75 of
1533 417 64 75 this
1610 417 145 75 accompt
1767 417 141 75 exhibit?
1921 417 55 75 the
1988 417 147 75 legacies,
2149 417 86 75 bills,

1206 462 37 75 or
1258 462 107 75 debts,
1388 462 65 75 you
1469 462 55 75 the
1546 462 156 75 executor
1717 462 80 75 have
1821 462 72 75 paid
1909 462 41 75 on
1970 462 134 75 account
2121 462 40 75 of
2180 462 56 75 the

1206 510 111 75 perfon
1334 510 173 75 deceafed;
1550 510 62 75 and
1637 510 55 75 the
1717 510 47 75 Cr
1780 510 62 75 fide
1867 510 100 75 Ihows
1989 510 88 75 what
2104 510 40 75 he
2160 510 77 75 died

1205 557 149 75 poffelfed
1370 557 57 75 of:
1456 557 77 75 And
1549 557 55 75 the
1621 557 144 75 accompt
1781 557 26 75 is
1825 557 116 75 clofed,
1973 557 42 75 by
2032 557 94 75 being
2142 557 94 75 made

1205 601 53 75 Dr
1274 601 35 75 to
1329 601 102 75 Profit
1448 601 61 75 and
1527 601 95 75 Lofs,
1648 601 51 75 for
1718 601 55 75 the
1799 601 175 75 difference
2001 601 40 75 of
2061 601 42 75 its
2131 601 77 75 fides
2222 601 12 75 ;

1204 649 105 75 which
1326 649 26 75 is
1369 649 55 75 the
1441 649 67 75 fum
1525 649 71 75 that
1613 649 74 75 falls
1711 649 35 75 to
1763 649 63 75 you
1844 649 55 75 the
1915 649 167 75 executor.

1260 730 52 75 13.
1338 730 153 75 Accompt
1493 730 15 75 s
1534 730 45 75 of
1597 730 108 75 Ships,
1742 730 134 75 Houfes,
1901 730 71 75 and
1992 730 31 75 it
2025 730 55 75 her
2111 730 77 75 Pof

1575 777 136 75 fejfions,
1736 777 54 75 N°
1817 777 33 75 4.

1255 821 153 75 Contain,
1432 821 84 75 upon
1535 821 54 75 the
1607 821 52 75 Dr
1676 821 74 75 fide,
1775 821 90 75 what
1877 821 80 75 they
1973 821 63 75 coll
2055 821 33 75 at
2104 821 36 75 fir
2143 821 37 75 11,
2202 821 37 75 or

1209 867 52 75 are
1279 867 112 75 valued
1408 867 45 75 at,
1480 867 76 75 with
1574 867 42 75 all
1633 867 145 75 charges,
1805 867 74 75 fuch
1892 867 33 75 as
1942 867 132 75 repairs,
2092 867 37 75 or
2145 867 95 75 other

1210 914 157 75 expences
1394 914 66 75 laid
1486 914 58 75 out
1570 914 85 75 upon
1684 914 100 75 them.
1833 914 77 75 The
1938 914 48 75 Cr
2003 914 62 75 fide
2082 914 156 75 contains,

1213 960 45 75 (if
1274 960 61 75 any
1352 960 91 75 thing
1459 960 39 75 be
1515 960 72 75 writ
1600 960 83 75 upon
1701 960 56 75 it),
1782 960 102 75 either
1902 960 88 75 what
2006 960 77 75 they
2100 960 53 75 are
2170 960 70 75 fold

1211 1006 37 75 or
1263 1006 188 75 exchanged
1466 1006 64 75 for,
1547 1006 38 75 or
1602 1006 53 75 the
1672 1006 110 75 profits
1800 1006 111 75 arifing
1928 1006 84 75 from
2028 1006 86 75 them
2127 1006 9 75 ;
2163 1006 76 75 fuch

1212 1053 31 75 as
1262 1053 130 75 freight,
1419 1053 82 75 rent,
1527 1053 65 75 &c.
1641 1053 89 75 Here
1745 1053 91 75 there
1853 1053 53 75 are
1922 1053 91 75 three
2029 1053 97 75 cafes.

1211 1099 36 75 If
1260 1099 133 75 nothing
1408 1099 40 75 be
1466 1099 125 75 written
1608 1099 84 75 upon
1709 1099 54 75 the
1786 1099 47 75 Cr
1850 1099 74 75 fide,
1949 1099 26 75 it
2001 1099 26 75 is
2055 1099 117 75 clofed,
2199 1099 43 75 by

1211 1145 94 75 being
1321 1145 141 75 credited
1480 1145 42 75 by
1538 1145 151 75 Balance.
1740 1145 85 75 2dly,
1851 1145 36 75 If
1898 1145 55 75 the
1973 1145 48 75 Cr
2037 1145 62 75 fide
2119 1145 38 75 be
2179 1145 62 75 fill-

1209 1193 40 75 ed
1273 1193 53 75 up,
1352 1193 78 75 with
1447 1193 55 75 the
1520 1193 84 75 price
1622 1193 40 75 of
1683 1193 56 75 the
1766 1193 77 75 Ihip,
1869 1193 111 75 houfe,
2006 1193 63 75 &c.
2096 1193 80 75 folrl,
2202 1193 39 75 or

1212 1239 167 75 otherwife
1395 1239 143 75 difpofed
1555 1239 47 75 of,
1627 1239 75 75 then
1721 1239 55 75 the
1792 1239 172 75 difference
1985 1239 42 75 of
2047 1239 55 75 the
2119 1239 78 75 fides
2213 1239 27 75 is

1210 1286 55 75 the
1281 1286 72 75 gain
1370 1286 38 75 or
1423 1286 62 75 lofs
1502 1286 92 75 made
1611 1286 85 75 upon
1713 1286 54 75 the
1784 1286 82 75 fale;
1894 1286 62 75 and
1978 1286 56 75 the
2050 1286 146 75 accompt
2212 1286 27 75 is

1211 1332 117 75 clofed,
1353 1332 43 75 by
1412 1332 94 75 being
1522 1332 129 75 debited
1667 1332 37 75 or
1721 1332 143 75 credited
1880 1332 37 75 to
1941 1332 37 75 or
1996 1332 43 75 by
2061 1332 101 75 Profit
2180 1332 62 75 and

1212 1378 96 75 Lofs.
1359 1378 84 75 idly.
1469 1378 37 75 If
1517 1378 56 75 the
1590 1378 48 75 Cr
1653 1378 64 75 fide
1734 1378 126 75 contain
1884 1378 77 75 only
1985 1378 55 75 the
2067 1378 120 75 freight
2204 1378 38 75 or

1213 1423 89 75 rent;
1329 1423 32 75 in
1378 1423 63 75 this
1459 1423 80 75 cafe,
1565 1423 64 75 firll
1645 1423 116 75 charge
1785 1423 55 75 the
1861 1423 77 75 {hip,
1963 1423 110 75 houfe,
2099 1423 65 75 &c.
2189 1423 55 75 Dr

1213 1470 35 75 to
1264 1470 102 75 Profit
1389 1470 63 75 and
1478 1470 96 75 Lofs,
1600 1470 52 75 for
1676 1470 56 75 the
1759 1470 121 75 freight
1904 1470 38 75 or
1970 1470 92 75 rent;
2089 1470 61 75 and
2167 1470 77 75 then

1213 1518 82 75 clofe
1312 1518 56 75 the
1384 1518 143 75 accompt
1544 1518 77 75 with
1639 1518 152 75 Balance.
1840 1518 56 75 N°
1917 1518 33 75 4.

1220 1598 52 75 14.
1299 1598 283 75 Houfe-expences,
1607 1598 142 75 Charges
1775 1598 43 75 of
1831 1598 252 75 Merchandize,
2110 1598 138 75 Refufal

1264 1643 42 75 of
1329 1643 179 75 Bargains,
1551 1643 305 75 Interejl-accompt,
1902 1643 343 75 Infurance-accompt,

1263 1690 60 75 and
1340 1690 42 75 all
1399 1690 109 75 others
1533 1690 40 75 of
1595 1690 55 75 the
1674 1690 64 75 like
1763 1690 123 75 nature,
1909 1690 74 75 that
2009 1690 54 75 are
2090 1690 154 75 dilburfe-

1263 1737 103 75 ments
1384 1737 51 75 for
1452 1737 104 75 which
1580 1737 135 75 nothing
1738 1737 68 75 con|
1806 1737 37 75 gs
1872 1737 46 75 in,
1943 1737 38 75 or
2004 1737 77 75 pure
2104 1737 141 75 incomes

1263 1782 52 75 for
1334 1782 105 75 which
1456 1782 133 75 nothing
1606 1782 76 75 goes
1697 1782 69 75 out.
1815 1782 51 75 N°
1886 1782 57 75 65.
1962 1782 57 75 42.
2039 1782 55 75 35-.

1263 1841 151 75 Contain,
1440 1841 83 75 upon
1539 1841 84 75 their
1640 1841 52 75 Dr
1709 1841 91 75 fides,
1825 1841 54 75 the
1892 1841 124 75 articles
2033 1841 40 75 of
2083 1841 75 75 lofs,
2184 1841 62 75 and

1215 1887 85 75 upon
1317 1887 55 75 the
1390 1887 47 75 Cr
1464 1887 78 75 fides
1567 1887 55 75 the
1647 1887 124 75 articles
1794 1887 41 75 of
1854 1887 71 75 gain
1939 1887 9 75 ;
1977 1887 61 75 and
2055 1887 52 75 are
2124 1887 119 75 clofed,

1216 1933 43 75 by
1276 1933 94 75 being
1386 1933 130 75 debited
1539 1933 37 75 or
1592 1933 143 75 credited
1764 1933 34 75 to
1822 1933 37 75 or
1883 1933 43 75 by
1948 1933 102 75 Profit
2068 1933 62 75 and
2144 1933 97 75 Lofs,

1216 1979 51 75 for
1283 1979 55 75 the
1357 1979 173 75 difference
1553 1979 41 75 of
1613 1979 83 75 their
1712 1979 92 75 fides.

1465 2058 52 75 15.
1545 2058 106 75 Profit
1673 2058 70 75 and
1765 2058 85 75 Lofs,
1874 2058 53 75 N°
1952 2058 55 75 38.

1264 2103 168 75 Contains,
1459 2103 84 75 upon
1570 2103 54 75 the
1642 2103 52 75 Dr
1711 2103 74 75 fide,
1812 2103 54 75 the
1883 2103 125 75 articles
2031 2103 41 75 of
2083 2103 75 75 lofs,
2183 2103 63 75 and

1219 2149 40 75 on
1285 2149 54 75 the
1365 2149 47 75 Cr
1437 2149 63 75 fide
1518 2149 55 75 the
1596 2149 127 75 articles
1740 2149 40 75 of
1789 2149 86 75 gain.
1928 2149 56 75 To
2010 2149 65 75 this
2098 2149 149 75 accofspt

1219 2196 52 75 are
1288 2196 136 75 carried,
1443 2196 56 75 not
1511 2196 76 75 only
1604 2196 161 75 whatever
1781 2196 106 75 comes
1903 2196 31 75 in
1952 2196 109 75 courfe
2078 2196 34 75 to
2125 2196 24 75 it
2162 2196 85 75 from

1219 2242 54 75 the
1290 2242 147 75 Journal,
1462 2242 57 75 but
1532 2242 63 75 alfo
1608 2242 43 75 all
1665 2242 53 75 the
1735 2242 127 75 articles
1878 2242 40 75 of
1929 2242 72 75 gain
2019 2242 62 75 and
2097 2242 61 75 lofs
2176 2242 71 75 that

1220 2288 96 75 occhr
1328 2288 31 75 in
1376 2288 116 75 doling
1504 2288 55 75 the
1573 2288 318 75 Ledger-accompts.
1943 2288 94 75 After
2055 2288 115 75 which,
2190 2288 57 75 the

1220 2335 52 75 Dr
1288 2335 62 75 and
1370 2335 48 75 Cr
1434 2335 78 75 fides
1530 2335 93 75 being
1640 2335 102 75 added
1772 2335 52 75 up,
1851 2335 84 75 their
1960 2335 172 75 difference
2148 2335 25 75 is
2190 2335 58 75 the

1219 2381 72 75 neat
1308 2381 73 75 gain
1404 2381 37 75 or
1462 2381 62 75 lofs
1541 2381 91 75 made
1648 2381 79 75 fince
1745 2381 54 75 the
1817 2381 100 75 books
1934 2381 83 75 were
2033 2381 125 75 begun;
2185 2381 62 75 and

1218 2427 160 75 therefore
1395 2427 63 75 this
1475 2427 144 75 accompt
1635 2427 26 75 is
1678 2427 118 75 clofed,
1821 2427 42 75 by
1880 2427 93 75 being
1988 2427 129 75 debited
2129 2427 38 75 or
2179 2427 69 75 cre-

1219 2475 87 75 dited
1323 2475 34 75 to
1382 2475 37 75 or
1446 2475 43 75 by
1507 2475 112 75 Stock,
1644 2475 51 75 for
1711 2475 55 75 the
1782 2475 172 75 difference
1971 2475 38 75 of
2020 2475 42 75 its
2082 2475 92 75 fides.

1493 2554 52 75 16.
1572 2554 263 75 Stock-accompt,
1861 2554 53 75 N°
1939 2554 34 75 8.

1266 2598 48 75 As
1332 2598 152 75 gathered
1500 2598 84 75 from
1603 2598 55 75 the
1668 2598 146 75 Journal,
1839 2598 155 75 contains,
2018 2598 84 75 upon
2119 2598 56 75 the
2192 2598 53 75 Dr

1220 2645 74 75 fide,
1328 2645 54 75 the
1406 2645 92 75 debts
1520 2645 62 75 due
1609 2645 43 75 by
1677 2645 55 75 the
1756 2645 163 75 merchant
1946 2645 91 75 when
2060 2645 55 75 the
2142 2645 103 75 books

1220 2691 83 75 were
1319 2691 117 75 begun.
1483 2691 75 75 The
1576 2691 48 75 Cr
1635 2691 62 75 fide
1713 2691 142 75 contains
1873 2691 48 75 his
1938 2691 98 75 ready
2052 2691 127 75 money,
2197 2691 47 75 ef-

1221 2738 90 75 fects,
1345 2738 60 75 and
1426 2738 92 75 debts
1546 2738 62 75 due
1635 2738 36 75 to
1697 2738 66 75 him
1790 2738 33 75 at
1847 2738 55 75 the
1930 2738 82 75 lame
2039 2738 89 75 time.
2178 2738 68 75 But

1220 2783 88 75 then,
1327 2783 34 75 to
1377 2783 64 75 this
1458 2783 156 75 accompt,
1633 2783 32 75 as
1681 2783 26 75 it
1726 2783 72 75 now
1810 2783 115 75 Hands,
1947 2783 92 75 there
2051 2783 26 75 is
2093 2783 151 75 brought,

1222 2829 31 75 at
1271 2829 116 75 doling
1404 2829 40 75 of
1453 2829 55 75 the
1525 2829 141 75 Ledger,
1692 2829 54 75 the
1770 2829 172 75 difference
1967 2829 40 75 of
2029 2829 54 75 the
2107 2829 77 75 fides
2210 2829 41 75 of

1223 2877 54 75 the
1296 2877 101 75 Profit
1415 2877 60 75 and
1492 2877 82 75 Lofs
1590 2877 157 75 accompt.
1796 2877 99 75 After
1907 2877 118 75 which,
2043 2877 56 75 the
2116 2877 52 75 Dr
2185 2877 63 75 and

1224 2922 46 75 Cr
1286 2922 78 75 fides
1381 2922 94 75 being
1489 2922 106 75 added
1612 2922 53 75 up,
1690 2922 62 75 and
1769 2922 180 75 compared,
1975 2922 83 75 their
2074 2922 174 75 difference

1223 2969 65 75 will
1305 2969 39 75 be
1366 2969 55 75 the
1445 2969 190 75 merchant’s
1652 2969 124 75 prefent
1792 2969 73 75 neat
1888 2969 108 75 llock;
2022 2969 62 75 and
2111 2969 55 75 the
2195 2969 51 75 ac-

1224 3017 105 75 compt
1348 3017 25 75 is
1391 3017 105 75 clofed
1511 3017 43 75 by
1569 3017 152 75 Balance.

1671 3066 16 75 7
1713 3066 33 75 K

2173 3066 16 75 §
2216 3098 18 49 2
2234 3066 15 75 .
