2428 3377
184 116 101 75 Part
305 116 49 75 II.

738 116 42 75 A
895 116 43 75 N
1053 116 42 75 A
1212 116 39 75 T

231 186 32 75 It
280 186 27 75 is
323 186 89 75 fixed
428 186 34 75 to
480 186 55 75 the
552 186 139 75 anterior
712 186 87 75 parts
823 186 45 75 of,
883 186 55 75 the
954 186 173 75 tranfverfe
1144 186 75 75 apo-

182 233 104 75 phyfis
303 233 42 75 of
363 233 54 75 the
434 233 100 75 third,
560 233 124 75 fourth,
709 233 87 75 fifth,
822 233 63 75 and
901 233 84 75 fixth
1009 233 153 75 vertebrse
1186 233 33 75 ia

183 279 18 75 a
217 279 158 75 digitated
389 279 143 75 manner.
582 279 99 75 From
697 279 115 75 thence
827 279 27 75 it
879 279 75 75 runs
979 279 166 75 obliquely
1170 279 47 75 in-

182 326 89 75 ward
280 326 124 75 toward
420 326 55 75 the
492 326 113 75 lateral
622 326 88 75 parts
727 326 40 75 of
784 326 56 75 the
856 326 111 75 bodies
984 326 40 75 of
1043 326 54 75 the
1113 326 104 75 verte-

182 372 75 75 bras,
283 372 98 75 palfes
398 372 42 75 on
457 372 57 75 the
529 372 151 75 fore-fide
697 372 40 75 of
752 372 55 75 the
824 372 64 75 firft
901 372 63 75 and
975 372 127 75 fecond,
1121 372 95 75 with-

181 418 57 75 out
254 418 96 75 being
365 418 139 75 inferted
525 418 34 75 in
580 418 111 75 them;
718 418 75 75 and,
819 418 213 75 approaching
1048 418 169 75 gradually

180 465 139 75 towards
332 465 56 75 the
404 465 84 75 fame
505 465 117 75 mufcle
638 465 42 75 on
697 465 56 75 the
771 465 94 75 other
880 465 76 75 fide,
980 465 27 75 it
1029 465 27 75 is
1076 465 140 75 inferted

180 511 75 75 near
278 511 25 75 it
319 511 33 75 in
369 511 55 75 the
441 511 161 75 fore-part
617 511 41 75 of
675 511 56 75 the
748 511 99 75 lower
863 511 63 75 fide
943 511 39 75 of
1001 511 55 75 the
1073 511 142 75 apophy-

178 558 40 75 fis
235 558 153 75 bafilaris,
412 558 37 75 or
466 558 92 75 great
573 558 166 75 apophyfis
751 558 40 75 of
810 558 56 75 the
883 558 36 75 os
935 558 159 75 occipitis.

221 672 272 75 RECTUS
542 672 312 75 ANTICUS
903 672 267 75 BREVIS.

225 750 102 75 This
348 750 26 75 is
392 750 18 75 a
425 750 89 75 fmall
530 750 56 75 flat
597 750 129 75 mufcle,
753 750 99 75 about
870 750 56 75 the
942 750 135 75 breadth
1090 750 42 75 of
1150 750 61 75 one

178 796 113 75 finger,
316 796 135 75 fituated
466 796 149 75 laterally
625 796 42 75 on
684 796 56 75 the
757 796 138 75 anterior
911 796 71 75 part
994 796 40 75 of
1051 796 56 75 the
1124 796 88 75 body

177 842 39 75 of
236 842 56 75 the
308 842 65 75 firfl:
396 842 160 75 vertebra.
606 842 32 75 It
653 842 27 75 is
697 842 89 75 fixed
810 842 103 75 below
937 842 35 75 to
998 842 56 75 the
1077 842 77 75 bafis
1172 842 39 75 or

176 889 74 75 root
271 889 41 75 of
329 889 56 75 the
409 889 173 75 tranfyerfe
606 889 165 75 apophyfis
795 889 41 75 of
854 889 72 75 that
948 889 160 75 vertebra,
1135 889 75 75 near

175 936 56 75 the
248 936 138 75 anterior
402 936 175 75 eminence.

223 984 98 75 From
337 984 115 75 thence
467 984 26 75 it
506 984 74 75 runs
592 984 167 75 obliquely
773 984 133 75 upward
923 984 62 75 and
1001 984 122 75 inward
1140 984 35 75 to
1192 984 18 75 a

174 1030 174 75 tranfverfe
365 1030 176 75 impreflion
552 1030 32 75 in
597 1030 56 75 the
665 1030 98 75 lower
780 1030 64 75 fide
856 1030 40 75 of
909 1030 55 75 the
976 1030 164 75 apophyfis
1152 1030 56 75 ba-

175 1076 96 75 filaris
289 1076 39 75 of
348 1076 54 75 the
419 1076 148 75 occipital
585 1076 93 75 bone,
703 1076 223 75 immediately,
936 1076 111 75 before
1064 1076 56 75 the
1132 1076 76 75 con-

175 1122 75 75 dyle
265 1122 42 75 on
324 1122 55 75 the
395 1122 83 75 fame
493 1122 76 75 fide,
596 1122 95 75 being
707 1122 138 75 covered
861 1122 51 75 by,
921 1122 54 75 the
998 1122 66 75 red
1067 1122 35 75 us
1125 1122 82 75 anti-

174 1169 198 75 cus.longus.

243 1274 403 75 TRANSVERSALIS
683 1274 216 75 ANTICUS
936 1274 199 75 PRIMUS.

218 1353 101 75 This
338 1353 27 75 is
383 1353 19 75 a
417 1353 103 75 fmall,
545 1353 109 75 pretty
665 1353 103 75 thick,
793 1353 64 75 and
872 1353 122 75 wholly
1006 1353 101 75 ilefhy
1122 1353 82 75 muf-

172 1399 60 75 cle,
258 1399 99 75 about
372 1399 55 75 the
443 1399 138 75 breadth
598 1399 40 75 of
657 1399 19 75 a
691 1399 113 75 finger,
829 1399 135 75 fituated
988 1399 143 75 between
1148 1399 56 75 the

171 1445 78 75 bafis
266 1445 40 75 of
326 1445 55 75 the
404 1445 36 75 os
463 1445 146 75 occipitis
635 1445 62 75 and
720 1445 56 75 the
792 1445 174 75 tranfverfe
982 1445 165 75 apophyfis
1170 1445 40 75 of

168 1492 56 75 the
240 1492 65 75 firft
316 1492 159 75 vertebra.
524 1492 32 75 It
572 1492 27 75 is
620 1492 89 75 fixed
728 1492 44 75 by
788 1492 59 75 one
864 1492 62 75 end
943 1492 32 75 in
991 1492 56 75 the
1064 1492 140 75 anterior

170 1538 71 75 part
257 1538 41 75 of
317 1538 69 75 that
410 1538 164 75 apophyfis
586 1538 10 75 ;
624 1538 63 75 and
711 1538 87 75 from
821 1538 115 75 thence
959 1538 137 75 running
1119 1538 42 75 up
1186 1538 18 75 a

169 1585 84 75 little
265 1585 178 75 obliquely,
469 1585 24 75 it
510 1585 27 75 is
553 1585 151 75 inferted,
721 1585 43 75 by
780 1585 56 75 the
854 1585 93 75 other
963 1585 75 75 end,
1056 1585 31 75 in
1100 1585 19 75 a
1131 1585 71 75 par-

169 1631 115 75 ticular
300 1631 187 75 impreffion,
512 1631 145 75 between
674 1631 55 75 the
746 1631 136 75 condyle
903 1631 40 75 of
961 1631 57 75 the
1033 1631 36 75 os
1086 1631 117 75 occipi-

169 1678 41 75 tis
227 1678 62 75 and
304 1678 56 75 the
376 1678 134 75 maftoid
521 1678 164 75 apophyfis
698 1678 40 75 of
749 1678 54 75 the
816 1678 84 75 fame
916 1678 76 75 fide,
1017 1678 120 75 behind
1147 1678 56 75 the

169 1724 55 75 the
236 1724 165 75 apophyfis
413 1724 163 75 ftyloides,
602 1724 63 75 and
681 1724 100 75 under
797 1724 56 75 the
869 1724 81 75 edge
972 1724 40 75 of
1031 1724 55 75 the
1105 1724 97 75 jugu-

168 1769 49 75 lar
228 1769 126 75 foflula.

191 1875 406 75 TRANSVERSALIS
637 1875 218 75 ANTICUS
898 1875 274 75 SECUNDUS.

212 1953 103 75 This
335 1953 26 75 is
374 1953 20 75 a
408 1953 89 75 fmall
510 1953 130 75 mufcle,
657 1953 135 75 fituated
805 1953 144 75 between
960 1953 56 75 the
1028 1953 172 75 tranfverfe

166 2000 175 75 apophyfes
358 2000 40 75 of
418 2000 55 75 the
489 2000 65 75 firft
576 2000 70 75 two
667 2000 155 75 vertebras
846 2000 40 75 of
904 2000 56 75 the
983 2000 92 75 neck.
1125 2000 32 75 It
1173 2000 26 75 is

165 2048 100 75 fixed,
291 2048 43 75 by
345 2048 61 75 one
422 2048 187 75 extremity,
634 2048 79 75 very
729 2048 74 75 near
820 2048 57 75 the
893 2048 119 75 middle
1025 2048 40 75 of
1083 2048 55 75 the
1150 2048 49 75 fe-

165 2091 83 75 cond
264 2091 178 75 apophyfis,
468 2091 74 75 and,
559 2091 45 75 by
620 2091 56 75 the
693 2091 106 75 other,
816 2091 76 75 near
908 2091 55 75 the
976 2091 73 75 root
1065 2091 38 75 or
1119 2091 80 75 bafis

165 2138 40 75 of
222 2138 56 75 the
293 2138 87 75 firft;
408 2138 63 75 and
481 2138 165 75 therefore
662 2138 26 75 it
703 2138 28 75 is
748 2138 19 75 a
778 2138 118 75 mufcle
912 2138 41 75 of
964 2138 56 75 the
1036 2138 93 75 neck,
1148 2138 50 75 ra-

166 2185 70 75 ther
252 2185 76 75 than
342 2185 41 75 of
402 2185 56 75 the
469 2185 96 75 head.

276 2289 317 75 MUSC.ULI
641 2289 440 75 ACCESSORII.

208 2370 50 75 W
265 2370 17 75 e
313 2370 179 75 fometimes
509 2370 85 75 meet
618 2370 79 75 with
725 2370 19 75 a
759 2370 90 75 fmall
872 2370 130 75 mufcle,
1027 2370 100 75 fixed,
1151 2370 46 75 by

163 2415 60 75 one
240 2415 74 75 end,
340 2415 35 75 to
391 2415 55 75 the
463 2415 174 75 extremity
653 2415 40 75 of
712 2415 56 75 the
785 2415 63 75 firft
863 2415 174 75 tranfverfe
1053 2415 142 75 apophy-

162 2461 36 75 fis
216 2461 41 75 of
273 2461 56 75 the
346 2461 92 75 neck,
464 2461 75 75 near
555 2461 55 75 the
634 2461 168 75 infertions
826 2461 41 75 of
886 2461 56 75 the
966 2461 66 75 two
1057 2461 136 75 obliqui,

162 2507 83 75 from
262 2507 143 75 whence,
430 2507 136 75 running
583 2507 42 75 up
642 2507 177 75 obliquely,
845 2507 26 75 it
890 2507 30 75 is
944 2507 91 75 again
1058 2507 138 75 inferted

161 2554 119 75 behind
295 2554 55 75 phe
366 2554 133 75 maftoid
513 2554 180 75 apophyfis.
729 2554 86 75 This
832 2554 119 75 mufcle
967 2554 27 75 is
1012 2554 183 75 commonly

159 2599 141 75 thought
323 2599 35 75 to
386 2599 41 75 be
451 2599 19 75 a
499 2599 90 75 third
615 2599 89 75 fmall
728 2599 214 75 tranfverfalis
970 2599 42 75 on
1036 2599 71 75 that
1130 2599 63 75 fide

161 2648 106 75 where
283 2648 27 75 it
325 2648 27 75 is
369 2648 114 75 found,
500 2648 59 75 but
576 2648 26 75 it
616 2648 101 75 feems
735 2648 109 75 rather
859 2648 36 75 to
911 2648 40 75 be
963 2648 39 75 an
1019 2648 174 75 additional

159 2692 118 75 mufcle
295 2692 35 75 to
346 2692 56 75 the
419 2692 151 75 obliquus
586 2692 155 75 fuperior.

160 2800 130 75 Uses
326 2800 44 75 of
389 2800 52 75 the
467 2800 144 75 Mufcles
633 2800 107 75 which
763 2800 88 75 move
873 2800 54 75 the
952 2800 101 75 Head
1074 2800 38 75 on
1140 2800 54 75 the

614 2847 128 75 Trunk.

205 2925 85 75 The
310 2925 102 75 aftion
428 2925 40 75 of
479 2925 54 75 the
551 2925 290 75 fterno-maftoidsei
852 2925 27 75 is
892 2925 163 75 dilterent,
1081 2925 110 75 accor-

159 2972 74 75 ding
251 2972 33 75 as
301 2972 103 75 either
420 2972 79 75 both
516 2972 145 75 mufcles,
687 2972 37 75 or
746 2972 78 75 only
844 2972 72 75 one,
929 2972 40 75 of
987 2972 100 75 them,
1113 2972 76 75 afts,

206 3019 96 75 Vol.
321 3019 30 75 I,
376 3019 71 75 No.
466 3019 62 75 io.-

1073 3019 18 75 2

1370 114 38 75 Q
1526 114 47 75 M
1691 114 53 75 Y.

2220 114 81 75 217

1268 185 61 75 and
1346 185 170 75 according
1539 185 35 75 to
1591 185 55 75 the
1662 185 150 75 different
1834 185 146 75 fituation
2004 185 42 75 of
2062 185 55 75 the
2138 185 84 75 head
2237 185 64 75 and

1268 232 108 75 trunk.

1313 278 112 75 When
1440 278 49 75 we
1505 278 82 75 keep
1603 278 55 75 th?
1674 278 85 75 head
1782 278 61 75 and
1864 278 98 75 trunk
1985 278 144 75 ftreight,
2154 278 146 75 whether

1266 324 31 75 in
1321 324 142 75 ftanding
1479 324 38 75 or
1533 324 118 75 fitting,
1677 324 78 75 both
1779 324 134 75 mufcles
1936 324 143 75 preferve
2096 324 55 75 the
2166 324 83 75 head
2265 324 33 75 in

1265 371 70 75 that
1346 371 124 75 pofture
1487 371 116 75 againft
1615 371 63 75 any
1693 371 88 75 force
1795 371 43 75 by
1853 371 107 75 which
1972 371 26 75 it
2010 371 108 75 would
2128 371 171 75 othcrwiie

1263 417 39 75 be
1318 417 117 75 moved
1451 417 184 75 backward.

1311 464 73 75 One
1400 464 41 75 of
1459 464 91 75 thefe'
1563 464 133 75 mufcles
1713 464 103 75 adling
1832 464 105 75 alone,
1963 464 73 75 may
2047 464 82 75 have
2141 464 58 75 the
2212 464 84 75 fame

1262 511 66 75 ufe,
1353 511 32 75 if
1403 511 56 75 the
1483 511 89 75 force
1596 511 36 75 to
1655 511 77 75 pufh
1756 511 57 75 the
1836 511 84 75 head
1944 511 81 75 back
2041 511 40 75 be
2097 511 125 75 applied
2239 511 55 75 be-

1261 557 104 75 tween
1381 557 55 75 the
1453 557 140 75 anterior
1610 557 59 75 and
1687 557 113 75 lateral
1811 557 88 75 parts
1912 557 40 75 of
1970 557 39 75 it.

1308 603 99 75 They
1430 603 77 75 both
1524 603 88 75 ferve
1627 603 139 75 likewife
1788 603 36 75 to
1846 603 140 75 perform
2012 603 54 75 the
2087 603 155 75 rotations
2260 603 41 75 of

1261 650 55 75 the
1333 650 94 75 head,
1454 650 70 75 that
1539 650 40 75 is,
1605 650 36 75 to
1657 650 92 75 make
1765 650 26 75 it
1808 650 73 75 turn
1897 650 36 75 to
1956 650 102 75 either
2079 650 65 75 fide
2165 650 34 75 as
2217 650 41 75 on
2276 650 18 75 a

1260 697 111 75 pivot;
1398 697 74 75 and,
1498 697 32 75 in
1547 697 64 75 this
1628 697 80 75 cafe,
1734 697 93 75 when
1843 697 49 75 we
1909 697 73 75 turn
2007 697 56 75 the
2080 697 84 75 head
2180 697 35 75 to
2231 697 62 75 one

1258 743 74 75 fide,
1358 743 54 75 the
1435 743 316 75 fternb-maftoidasus
1776 743 43 75 on
1843 743 54 75 the
1922 743 94 75 other
2039 743 63 75 fide
2127 743 76 75 a<5ts,
2229 743 64 75 and

1256 789 57 75 not
1331 789 69 75 that
1417 789 42 75 on
1476 789 55 75 the
1543 789 82 75 fame
1642 789 76 75 fide.

1304 837 98 75 They
1417 837 80 75 both
1509 837 100 75 ferve,
1635 837 32 75 in
1684 837 55 75 the
1756 837 79 75 next
1851 837 103 75 place,
1979 837 35 75 to
2029 837 93 75 bring
2138 837 54 75 the
2209 837 84 75 head

1258 883 77 75 near
1350 883 57 75 the
1424 883 120 75 thorax
1561 883 155 75 when$^
1728 883 42 75 lie
1786 883 42 75 on
1845 883 55 75 the
1916 883 94 75 back,
2036 883 38 75 or
2090 883 85 75 bend
2193 883 97 75 back-

1257 930 89 75 ward
1369 930 33 75 in
1425 930 119 75 fitting!
1594 930 38 75 In
1660 930 63 75 this
1753 930 81 75 cafe,
1859 930 56 75 the
1942 930 149 75 fternum,
2115 930 96 75 being
2234 930 57 75 the

1257 976 87 75 fixed
1360 976 101 75 point,
1488 976 79 75 muft
1583 976 119 75 remain
1718 976 231 75 immoveable;
1974 976 60 75 but
2051 976 33 75 as
2097 976 40 75 its
2156 976 134 75 connec-

1257 1022 67 75 tion
1340 1022 157 75 with'the
1521 1022 64 75 firft
1602 1022 61 75 rib,
1689 1022 63 75 and
1772 1022 55 75 the
1842 1022 205 75 inflexibility
2063 1022 41 75 of
2122 1022 54 75 the
2192 1022 97 75 carti-

1255 1070 71 75 lage
1342 1070 41 75 of
1401 1070 72 75 that
1488 1070 62 75 rib,
1576 1070 53 75 are
1653 1070 59 75 not
1735 1070 119 75 always
1876 1070 154 75 fufficient
2054 1070 52 75 for
2129 1070 77 75 this,
2232 1070 56 75 the

1256 1116 131 75 mufeuli
1403 1116 76 75 refti
1496 1116 41 75 of
1554 1116 55 75 the
1627 1116 155 75 abdomen
1803 1116 85 75 muft,
1898 1116 75 75 lend
1986 1116 84 75 their
2086 1116 154 75 afiiftance
2256 1116 32 75 in

1255 1163 88 75 great
1359 1163 127 75 efforts.

1301 1210 76 75 The
1394 1210 66 75 two
1476 1210 108 75 fplenii
1609 1210 88 75 ferve
1713 1210 36 75 to
1766 1210 129 75 fupport
1912 1210 54 75 the
1983 1210 84 75 head
2083 1210 32 75 in
2141 1210 37 75 an
2203 1210 85 75 ereft

1254 1256 136 75 pofture,
1416 1256 146 75 whether
1578 1256 31 75 in
1627 1256 142 75 ftanding
1785 1256 38 75 or
1839 1256 105 75 fitting
1956 1256 10 75 ;
1994 1256 35 75 to
2051 1256 164 75 moderate
2233 1256 54 75 the

1252 1303 119 75 flexion
1388 1303 40 75 of
1446 1303 55 75 the
1518 1303 83 75 head
1617 1303 156 75 forward,
1800 1303 62 75 and
1878 1303 35 75 to
1929 1303 93 75 bring
2039 1303 25 75 it
2088 1303 81 75 back
2192 1303 93 75 again
2301 1303 5 75 '

1252 1349 34 75 to
1302 1349 42 75 its
1361 1349 135 75 natural'
1496 1349 145 75 poftdrel

1299 1396 98 75 They
1408 1396 88 75 ferve
1511 1396 191 75 alternately
1718 1396 35 75 to
1766 1396 186 75 co-operate
1967 1396 81 75 with
2060 1396 103 75 either
2179 1396 40 75 of
2230 1396 56 75 the

1252 1443 302 75 fterno-maftoidaei,
1585 1443 52 75 for
1659 1443 55 75 the
1739 1443 141 75 rotation
1905 1443 40 75 of
1968 1443 56 75 the
2047 1443 104 75 head:
2188 1443 97 75 Thus

1252 1488 93 75 when
1362 1488 54 75 the
1429 1488 87 75 right
1533 1488 315 75 fterno-maftoidaeus
1865 1488 90 75 turns
1973 1488 57 75 the
2043 1488 96 75 head,
2158 1488 55 75 the
2224 1488 62 75 left

1253 1535 135 75 fplenius
1406 1535 206 75 correfponds
1625 1535 78 75 with
1720 1535 25 75 it
1763 1535 43 75 by
1821 1535 42 75 its
1881 1535 98 75 upper
1998 1535 93 75 part;
2117 1535 96 75 while
2230 1535 56 75 the

1250 1580 101 75 lower
1371 1580 71 75 part
1467 1580 33 75 at
1525 1580 54 75 the
1603 1580 83 75 fame
1711 1580 77 75 time
1811 1580 90 75 turns
1921 1580 55 75 the
1999 1580 153 75 vertebrae
2170 1580 40 75 of
2229 1580 55 75 the
2298 1562 12 49 1

1250 1627 92 75 neck!

1297 1674 75 75 The
1389 1674 160 75 complex!
1566 1674 53 75 are
1635 1674 147 75 afliftants
1800 1674 35 75 to
1858 1674 55 75 the
1925 1674 130 75 .fplenii,
2080 1674 35 75 to
2131 1674 80 75 keep
2228 1674 57 75 the

1250 1720 84 75 head
1349 1720 132 75 ftreight
1497 1720 32 75 in
1546 1720 107 75 fitting
1669 1720 37 75 or
1722 1720 154 75 ftanding,
1903 1720 34 75 to
1954 1720 114 75 hinder
2083 1720 27 75 it
2126 1720 84 75 from
2234 1720 48 75 in-

1251 1767 118 75 dining
1381 1767 154 75 forward,
1560 1767 64 75 and
1639 1767 34 75 to
1691 1767 120 75 raife'it
1827 1767 94 75 when
1936 1767 150 75 inclined.

1296 1815 77 75 The
1396 1815 77 75 redi
1497 1815 152 75 majores,
1676 1815 62 75 and
1760 1815 137 75 minores
1923 1815 122 75 poftici,
2073 1815 62 75 and
2159 1815 125 75 obliqui

1249 1861 189 75 fuperiores,
1463 1861 73 75 turn
1554 1861 55 75 the
1632 1861 83 75 head
1739 1861 19 75 a
1781 1861 84 75 little
1882 1861 171 75 backward
2076 1861 41 75 on
2140 1861 56 75 the
2217 1861 68 75 firft

1248 1907 148 75 vertebra
1412 1907 39 75 of
1463 1907 56 75 the
1535 1907 94 75 neck.
1667 1907 79 75 The
1763 1907 76 75 reCti
1855 1907 137 75 majores
2010 1907 180 75 contribute
2203 1907 79 75 moft

1249 1953 34 75 to
1299 1953 63 75 this
1380 1953 121 75 motion
1514 1953 10 75 ;
1550 1953 63 75 and
1628 1953 55 75 the
1700 1953 137 75 minores
1853 1953 84 75 feem
1952 1953 140 75 likewife
2109 1953 35 75 to
2166 1953 116 75 hinder

1248 2000 54 75 the
1319 2000 150 75 articular
1485 2000 196 75 membranes
1698 2000 85 75 from
1794 2000 96 75 being
1909 2000 138 75 pinched
2062 2000 143 75 between
2224 2000 55 75 the

1248 2046 97 75 bones
1362 2046 32 75 in
1411 2046 91 75 great
1513 2046 152 75 motions.

1293 2093 76 75 The
1393 2093 77 75 redi
1494 2093 137 75 majores
1657 2093 62 75 and
1743 2093 137 75 minores
1904 2093 108 75 antici,
2048 2093 63 75 and
2135 2093 56 75 the
2213 2093 66 75 two

1246 2140 222 75 tranfverfales
1484 2140 109 75 antici,
1618 2140 93 75 move
1728 2140 55 75 the
1806 2140 83 75 head
1913 2140 141 75 forward
2077 2140 42 75 on
2142 2140 54 75 the
2213 2140 66 75 firft
2295 2140 10 75 '

1245 2186 168 75 vertebra;
1441 2186 63 75 and
1519 2186 55 75 the
1586 2186 76 75 redi
1679 2186 149 75 minores,
1847 2186 61 75 and
1920 2186 219 75 tranfverfales
2152 2186 124 75 breves,

1247 2232 139 75 likewife
1401 2232 119 75 defend
1536 2232 56 75 the
1609 2232 142 75 capfular
1767 2232 180 75 ligaments.

1290 2278 77 75 The
1384 2278 124 75 obliqui
1529 2278 168 75 inferiores
1714 2278 37 75 or
1768 2278 137 75 majores
1921 2278 54 75 are
1990 2278 73 75 true
2085 2278 139 75 rotators
2242 2278 40 75 of

1244 2324 55 75 the
1310 2324 96 75 head,
1432 2324 44 75 by
1487 2324 129 75 turning
1630 2324 56 75 the
1702 2324 64 75 firft
1784 2324 146 75 vertebra
1945 2324 85 75 upon
2047 2324 55 75 the
2118 2324 157 75 Odontoid

1244 2371 164 75 apophyfis
1425 2371 41 75 of
1483 2371 55 75 the
1553 2371 138 75 fecond;
1716 2371 42 75 all
1775 2371 106 75 which
1896 2371 154 75 alternate
2066 2371 139 75 motions
2218 2371 57 75 the

1243 2417 84 75 head
1343 2417 140 75 follows,
1501 2417 136 75 without
1652 2417 95 75 being
1763 2417 157 75 hindered
1934 2417 32 75 in
1983 2417 55 75 the
2050 2417 140 75 motions
2206 2417 68 75 for-

1243 2463 89 75 ward
1347 2463 63 75 and
1425 2463 173 75 backward
1613 2463 30 75 in
1661 2463 61 75 any
1733 2463 115 75 degree
1865 2463 40 75 of
1923 2463 153 75 rotation.

1290 2510 54 75 Of
1361 2510 56 75 the
1444 2510 218 75 tranfverfales
1689 2510 108 75 antici,
1823 2510 55 75 the
1905 2510 66 75 firft
1997 2510 78 75 only
2100 2510 93 75 move
2216 2510 56 75 the

1242 2555 82 75 head
1339 2555 34 75 in
1394 2555 56 75 the
1472 2555 130 75 manner
1627 2555 100 75 above
1749 2555 204 75 mentioned;
1978 2555 126 75 neither
2119 2555 59 75 can
2194 2555 79 75 they

1242 2602 140 75 perform
1399 2602 62 75 any
1476 2602 95 75 other
1586 2602 151 75 motions,
1763 2602 84 75 their
1868 2602 167 75 infertions
2057 2602 94 75 being
2173 2602 98 75 confi-

1241 2647 62 75 ned
1319 2647 35 75 to
1371 2647 54 75 the
1443 2647 38 75 os
1495 2647 143 75 Qccipftis
1655 2647 62 75 and
1728 2647 65 75 firft
1809 2647 159 75 vertebra.
2015 2647 78 75 The
2112 2647 159 75 tranfver-

1240 2694 78 75 fales
1336 2694 96 75 antici
1447 2694 126 75 fecundi
1584 2694 81 75 have
1681 2694 42 75 no
1739 2694 88 75 (hare
1838 2694 33 75 in
1883 2694 55 75 the
1949 2694 172 75 particular
2131 2694 139 75 motions
2289 2694 10 75 '

1238 2740 43 75 of
1299 2740 53 75 the
1368 2740 95 75 head,
1489 2740 57 75 but
1561 2740 101 75 ought
1680 2740 108 75 rather
1809 2740 35 75 to
1866 2740 41 75 be
1930 2740 123 75 ranked
2075 2740 116 75 among
2214 2740 57 75 the

1239 2788 132 75 mufcles
1387 2788 106 75 which
1505 2788 92 75 move
1615 2788 55 75 the
1686 2788 154 75 vertebrse
1858 2788 41 75 of
1916 2788 56 75 the
1988 2788 93 75 neck.

1285 2835 76 75 The
1377 2835 160 75 complex!
1553 2835 139 75 minores
1703 2835 118 75 belong
1833 2835 34 75 to
1880 2835 55 75 the
1948 2835 83 75 head
2042 2835 77 75 only
2129 2835 44 75 by
2186 2835 84 75 their

1237 2881 140 75 fuperior
1393 2881 167 75 portions;
1587 2881 55 75 the
1659 2881 95 75 other
1769 2881 142 75 portions
1930 2881 171 75 belonging
2114 2881 107 75 rather
2233 2881 35 75 to

1237 2928 55 75 the
1308 2928 92 75 neck.
1441 2928 99 75 They
1555 2928 72 75 may
1644 2928 87 75 ferve
1747 2928 191 75 alternately
1954 2928 31 75 in
2002 2928 55 75 the
2073 2928 178 75 lateral-mo

1236 2976 82 75 tions
1336 2976 40 75 of
1394 2976 54 75 fhe
1464 2976 94 75 head,
1585 2976 62 75 and
1662 2976 135 75 thereby
1816 2976 186 75 co-operate
2018 2976 79 75 with
2114 2976 56 75 the
2186 2976 81 75 fple-

1724 3033 16 75 3
1767 3033 17 75 I

2200 3033 68 75 nius
