2428 3377
160 168 91 75 •.271*

724 168 40 75 A
878 168 45 75 N
1039 168 42 75 A
1195 168 40 75 T

167 229 53 75 ing
239 229 33 75 in
294 229 55 75 the
365 229 159 75 fubftance
541 229 41 75 of
591 229 56 75 the
664 229 69 75 ate,
760 229 62 75 and
837 229 106 75 which
961 229 126 75 maybe
1103 229 94 75 look-

166 277 41 75 ed
220 277 84 75 upon
321 277 32 75 as
371 277 88 75 fmall
476 277 152 75 prodates
645 277 174 75 anfwering
835 277 45 75 to,
887 277 54 75 the
955 277 156 75 glandute
1125 277 74 75 pro-

166 322 116 75 ftaticse
299 322 33 75 in
355 322 113 75 males.
531 322 113 75 When
667 322 207 75 comprefied,
900 322 79 75 they
995 322 165 75 difcharge
1183 322 19 75 a

156 369 114 75 -vifcid
285 369 120 75 liquor.

214 415 115 75 Above
339 415 56 75 the
404 415 142 75 fuperior
558 415 212 75 commiffure,
783 415 18 75 a
813 415 69 75 thin
894 415 56 75 flat
962 415 152 75 ligament
1126 415 77 75 runs

167 460 95 75 down
279 460 85 75 from
376 460 79 75 each
467 460 90 75 fmall
565 460 121 75 branch
703 460 40 75 of
755 460 55 75 the
827 460 65 75 ofia
908 460 106 75 pubis,
1031 460 106 75 which
1150 460 54 75 pe-

166 507 142 75 netrates
326 507 54 75 the
396 507 49 75 fat
467 507 32 75 in
516 507 56 75 the
588 507 161 75 fubftance
766 507 40 75 of
819 507 78 75 each
925 507 62 75 ala,
1013 507 64 75 and
1102 507 27 75 is
1145 507 60 75 loft

166 553 127 75 therein
308 553 166 75 infenfibly
489 553 76 75 near
581 553 55 75 the
652 553 94 75 edge.
794 553 110 75 Thefe
920 553 74 75 may
1020 553 40 75 be
1086 553 121 75 looked

168 600 87 75 upon
270 600 33 75 as
321 600 55 75 the
393 600 173 75 ligamenta
581 600 195 75 fufpenforia
791 600 40 75 of
844 600 54 75 the
915 600 70 75 ate.
1033 600 78 75 The
1123 600 81 75 infe-

168 646 67 75 rior
251 646 199 75 commiffure
466 646 40 75 of
517 646 56 75 the
589 646 57 75 ate
663 646 27 75 is
703 646 79 75 very
792 646 83 75 thin,
893 646 38 75 or
942 646 64 75 like
1019 646 18 75 a
1048 646 157 75 membra-

168 690 79 75 nous
258 690 166 75 ligament,
450 690 74 75 and,
550 690 151 75 together
716 690 79 75 with
808 690 55 75 the
875 690 153 75 neighbc.
1036 690 70 75 ring
1115 690 90 75 parts

161 738 48 75 .of
222 738 53 75 the
291 738 90 75 inner
401 738 92 75 (ides,
518 738 26 75 it
568 738 101 75 forms
690 738 20 75 a
725 738 124 75 foffula,
875 738 126 75 termed
1016 738 188 75 navicularis

170 786 38 75 or
223 786 197 75 fcaphoides.
470 786 76 75 The
563 786 90 75 fpace
671 786 145 75 between
836 786 56 75 the
908 786 132 75 inferior
1056 786 146 75 commif-

159 833 81 75 .fure
256 833 63 75 and
335 833 91 75 anus,
451 833 126 75 termed
593 833 185 75 perinseum,
803 833 27 75 is
858 833 98 75 about
984 833 19 75 a
1029 833 87 75 large
1143 833 59 75 fin-

173 878 84 75 ger’s
274 878 136 75 breadth
428 878 31 75 in
476 878 126 75 length.

215 924 77 75 The
309 924 93 75 other
418 924 145 75 external
576 924 87 75 parts
681 924 53 75 are
750 924 134 75 fituated
900 924 32 75 in
949 924 55 75 the
1019 924 96 75 finus,
1141 924 64 75 and

170 971 58 75 hid
240 971 44 75 by
300 971 55 75 die
373 971 69 75 ate.
492 971 149 75 Dire&ly
653 971 101 75 under
769 971 56 75 the
842 971 143 75 fuperior
1002 971 201 75 commiffure

168 1017 59 75 lies
244 1017 56 75 the
317 1017 135 75 clitoris,
476 1017 80 75 with
573 1017 42 75 its
631 1017 152 75 covering
799 1017 105 75 called
919 1017 202 75 prasputium.
1170 1017 34 75 A

169 1064 85 75 little
270 1064 100 75 lower
385 1064 27 75 is
435 1064 57 75 the
509 1064 109 75 orifice
631 1064 40 75 of
678 1064 56 75 the
751 1064 152 75 urethra;
930 1064 64 75 and
1009 1064 105 75 below
1131 1064 73 75 that

169 1110 27 75 is
208 1110 56 75 the
277 1110 107 75 orifice
393 1110 40 75 of
439 1110 56 75 the
508 1110 90 75 great
611 1110 92 75 canal
715 1110 40 75 of
762 1110 55 75 the
830 1110 122 75 uterus.
977 1110 77 75 The
1067 1110 135 75 circum-

169 1157 127 75 ference
313 1157 40 75 of
364 1157 65 75 this
442 1157 108 75 orifice
566 1157 26 75 is
609 1157 160 75 bordered
778 1157 103 75 either
892 1157 45 75 by
952 1157 20 75 a
983 1157 221 75 membranous

169 1203 110 75 circle,
299 1203 106 75 called
416 1203 132 75 hymen,
565 1203 38 75 or
614 1203 44 75 by
670 1203 97 75 fleftiy
778 1203 155 75 portions,
952 1203 124 75 termed
1092 1203 112 75 carun-

169 1250 79 75 cute
258 1250 229 75 myrtiformes.
514 1250 55 75 On
581 1250 78 75 each
671 1250 63 75 fide
745 1250 41 75 of
793 1250 56 75 the
861 1250 122 75 clitoris
993 1250 112 75 begins
1119 1250 19 75 a
1149 1250 54 75 ve-

170 1296 39 75 ry
221 1296 178 75 prominent
416 1296 71 75 fold
497 1296 64 75 like
574 1296 18 75 a
604 1296 102 75 crifta,
724 1296 107 75 which
844 1296 75 75 runs
933 1296 93 75 down
1039 1296 166 75 obliquely

170 1343 43 75 on
229 1343 78 75 each
324 1343 64 75 fide
407 1343 41 75 of
465 1343 57 75 the
539 1343 109 75 orifice
663 1343 41 75 of
722 1343 56 75 the
793 1343 143 75 urethra.
984 1343 110 75 Thefe
1117 1343 86 75 folds

170 1388 55 75 are
241 1388 125 75 termed
381 1388 159 75 nymphae,
566 1388 63 75 and
644 1388 78 75 they
738 1388 103 75 might
856 1388 65 75 like
923 1388 73 75 wife
1022 1388 41 75 be
1090 1388 115 75 named

173 1434 99 75 criftae
294 1434 171 75 clitoridis.

222 1482 78 75 The
317 1482 121 75 clitoris
452 1482 130 75 appears
598 1482 32 75 at
641 1482 65 75 firft
718 1482 81 75 fight
811 1482 65 75 like
889 1482 18 75 a
918 1482 90 75 fmall
1018 1482 186 75 imperfora-

174 1528 57 75 ted
247 1528 103 75 glans.
399 1528 48 75 Its
466 1528 98 75 upper
581 1528 62 75 and
658 1528 114 75 lateral
788 1528 78 75 fides
890 1528 53 75 are
967 1528 137 75 covered
1127 1528 44 75 by
1187 1528 18 75 a

170 1575 80 75 kind
261 1575 41 75 of
314 1575 202 75 praeputium,
542 1575 128 75 formed
688 1575 42 75 by
743 1575 18 75 a
772 1575 173 75 particular
961 1575 71 75 fold
1046 1575 41 75 of
1099 1575 18 75 a
1128 1575 74 75 por-

171 1622 69 75 tion
256 1622 41 75 of
307 1622 55 75 the
386 1622 90 75 inner
492 1622 63 75 fide
580 1622 40 75 of
643 1622 54 75 the
715 1622 77 75 ate;
818 1622 105 75 which
946 1622 130 75 appears
1105 1622 35 75 to
1163 1622 40 75 be

170 1666 183 75 glandular,
378 1666 63 75 and
456 1666 34 75 to
503 1666 165 75 difcharge
685 1666 19 75 a
715 1666 119 75 certain
846 1666 161 75 moifture,
1024 1666 64 75 and
1102 1666 41 75 its
1155 1666 48 75 in-

175 1715 64 75 fide
251 1715 27 75 is
292 1715 202 75 granulated.

222 1761 52 75 By
290 1761 173 75 diffedlion,
487 1761 50 75 we
561 1761 143 75 difcover
719 1761 33 75 in
768 1761 56 75 the
840 1761 122 75 clitoris
988 1761 18 75 a
1027 1761 98 75 trunk
1142 1761 63 75 and

173 1807 66 75 two
255 1807 167 75 branches,
448 1807 34 75 as
498 1807 32 75 in
553 1807 56 75 the
625 1807 102 75 penis,
744 1807 93 75 made
852 1807 43 75 up
911 1807 40 75 of
962 1807 18 75 a
995 1807 122 75 fpungy
1132 1807 72 75 fub-

174 1854 116 75 ftance,
315 1854 63 75 and
394 1854 40 75 of
444 1854 79 75 very
539 1854 109 75 elaftic
673 1854 102 75 coats,
801 1854 57 75 but
882 1854 138 75 without
1046 1854 63 75 any
1131 1854 73 75 ure-

175 1900 85 75 thra.
308 1900 79 75 The
397 1900 103 75 .trunk
515 1900 27 75 is
559 1900 132 75 divided
717 1900 70 75 into
809 1900 66 75 two
891 1900 114 75 lateral
1021 1900 87 75 parts
1125 1900 41 75 of
1188 1900 19 75 a

175 1946 120 75 middle
313 1946 133 75 feptum,
464 1946 85 75 from
565 1946 56 75 the
636 1946 207 75 bifurcation,
860 1946 36 75 to
912 1946 56 75 the
980 1946 102 75 glans,
1099 1946 108 75 where

175 1992 27 75 it
217 1992 27 75 is
261 1992 166 75 infenfibly
443 1992 72 75 loft.

221 2038 77 75 The
313 2038 194 75 bifurcation
519 2038 41 75 of
570 2038 55 75 the
637 2038 98 75 trunk
749 2038 27 75 is
793 2038 42 75 on
851 2038 56 75 the
923 2038 81 75 edge
1020 2038 40 75 of
1070 2038 56 75 the
1138 2038 68 75 car-

175 2084 170 75 tilaginous
358 2084 76 75 arch
451 2084 40 75 of
502 2084 55 75 the
574 2084 64 75 offa
653 2084 112 75 pubis;
785 2084 62 75 and
858 2084 56 75 the
929 2084 154 75 branches
1101 2084 105 75 which

176 2130 152 75 refemble
344 2130 55 75 the
416 2130 91 75 roots
525 2130 39 75 of
575 2130 56 75 the
647 2130 137 75 corpora
799 2130 170 75 cavernofa
993 2130 54 75 are
1069 2130 139 75 inferted

177 2177 31 75 in
225 2177 54 75 the
295 2177 134 75 inferior
445 2177 79 75 rami
540 2177 40 75 of
602 2177 87 75 thefe
713 2177 111 75 bones,
849 2177 61 75 and
927 2177 31 75 in
976 2177 89 75 thofe
1093 2177 39 75 of
1151 2177 56 75 the

176 2224 65 75 offa
257 2224 142 75 ifchium,
418 2224 107 75 where
541 2224 80 75 they
635 2224 169 75 terminate
819 2224 45 75 by
875 2224 131 75 degrees
1018 2224 11 75 ;
1047 2224 56 75 but
1115 2224 92 75 there

177 2271 27 75 is
226 2271 181 75 fometimes
430 2271 18 75 a
471 2271 221 75 membranous
716 2271 77 75 tube
820 2271 42 75 on
890 2271 78 75 each
995 2271 75 75 fide,
1101 2271 108 75 which

179 2315 131 75 reaches
328 2315 36 75 to
379 2315 56 75 the
455 2315 175 75 tuberofity
647 2315 41 75 of
698 2315 57 75 the
771 2315 145 75 ifchium.

226 2361 76 75 The
319 2361 98 75 trunk
435 2361 41 75 of
486 2361 58 75 the
560 2361 123 75 clitoris
699 2361 27 75 is
742 2361 155 75 fuftained
908 2361 46 75 by
969 2361 19 75 a
1002 2361 208 75 ligamentum

179 2407 226 75 fnfpenforium
422 2407 88 75 fixed
525 2407 33 75 in
573 2407 56 75 the
645 2407 171 75 fymphyfis
829 2407 40 75 of
878 2407 57 75 the
951 2407 63 75 offa
1025 2407 104 75 pubis,
1147 2407 63 75 and

179 2453 182 75 containing
377 2453 64 75 this
458 2453 98 75 trunk
579 2453 34 75 in
633 2453 42 75 its
691 2453 212 75 duplicature,
928 2453 111 75 nearly
1055 2453 34 75 as
1105 2453 33 75 in
1154 2453 55 75 the

182 2501 93 75 other
289 2501 70 75 fex.

229 2546 87 75 Four
332 2546 132 75 mufcles
476 2546 37 75 or
528 2546 141 75 fafciculi
687 2546 40 75 of
741 2546 96 75 fleftiy
853 2546 94 75 fibres
960 2546 53 75 are
1028 2546 139 75 ihferted
1177 2546 33 75 in

182 2594 57 75 the
263 2594 99 75 trunk
385 2594 40 75 of
452 2594 55 75 the
531 2594 135 75 clitoris,
692 2594 66 75 two
781 2594 42 75 on
847 2594 77 75 each
948 2594 77 75 fide.
1073 2594 74 75 One
1174 2594 41 75 of

182 2640 90 75 them
287 2640 76 75 runs
378 2640 97 75 down
491 2640 41 75 on
544 2640 57 75 the
617 2640 133 75 forefide
766 2640 40 75 of
817 2640 56 75 the
889 2640 233 75 neighbouring
1138 2640 70 75 cor-

183 2688 58 75 pus
262 2688 219 75 cavernofum,
506 2688 63 75 and
584 2688 27 75 is
627 2688 139 75 inferted
781 2688 44 75 by
852 2688 18 75 a
894 2688 169 75 tendinous
1079 2688 38 75 or
1133 2688 75 75 apo-

184 2732 143 75 neurotic
353 2732 141 75 portion,
518 2732 106 75 partly
640 2732 33 75 in
688 2732 56 75 the
770 2732 176 75 extremity
962 2732 40 75 of
1022 2732 57 75 the
1094 2732 116 75 corpus

160 2780 4 75 .
185 2780 218 75 cavernofum,
428 2780 63 75 and
506 2780 106 75 partly
627 2780 33 75 in
680 2780 56 75 the
752 2780 173 75 tuberofity
941 2780 40 75 of
991 2780 56 75 the
1063 2780 145 75 ifchium.

182 2826 110 75 Thefe
315 2826 67 75 two
397 2826 134 75 mufcles
548 2826 53 75 are
619 2826 105 75 called
738 2826 169 75 eredtores.

228 2872 76 75 The
321 2872 93 75 other
432 2872 117 75 mufcle
569 2872 40 75 on
626 2872 78 75 each
720 2872 64 75 fide
798 2872 58 75 lies
882 2872 101 75 under
1005 2872 55 75 the
1077 2872 131 75 former,

182 2920 63 75 and
262 2920 74 75 runs
352 2920 96 75 down
463 2920 42 75 on
521 2920 55 75 the
592 2920 62 75 fide
670 2920 41 75 of
721 2920 55 75 the
787 2920 131 75 urethra
930 2920 61 75 and
1002 2920 89 75 great
1104 2920 108 75 orifice

180 2967 8 75 .
188 2967 35 75 ©f
245 2967 56 75 the
323 2967 122 75 uterus,
472 2967 43 75 all
539 2967 55 75 the
610 2967 72 75 way
697 2967 36 75 to
749 2967 55 75 the
821 2967 77 75 anus
909 2967 14 75 ;
947 2967 174 75 increafing
1138 2967 72 75 gra-

1353 163 41 75 O
1511 163 49 75 M
1676 163 54 75 Y.

2091 163 100 75 Part
2209 163 72 75 VI.

1253 228 112 75 dually
1390 228 33 75 in
1450 228 137 75 breadth
1603 228 33 75 in
1651 228 43 75 its
1710 228 134 75 paffage,
1870 228 63 75 and
1956 228 204 75 terminating
2177 228 105 75 partly

1248 275 64 75 like
1329 275 71 75 that
1417 275 105 75 which
1538 275 27 75 is
1583 275 104 75 called
1700 275 202 75 accelerator
1915 275 33 75 in
1964 275 112 75 males.

1298 320 106 75 Thefe
1422 320 66 75 two
1504 320 133 75 mufcles
1661 320 157 75 furround
1841 320 78 75 very
1943 320 121 75 clofely
2089 320 57 75 the
2169 320 114 75 lateral

1249 366 87 75 parts
1353 366 41 75 of
1403 366 56 75 the
1470 366 144 75 urethra,
1639 366 63 75 and
1718 366 40 75 of
1768 366 56 75 the
1840 366 89 75 great
1945 366 121 75 orifice.
2113 366 100 75 They
2224 366 58 75 ex-

1251 412 84 75 pand
1350 412 79 75 very
1444 412 96 75 much
1564 412 33 75 as
1625 412 78 75 they
1719 412 148 75 defcend,
1892 412 63 75 and
1970 412 53 75 are
2039 412 112 75 fpread
2168 412 41 75 on
2227 412 57 75 the

1250 458 101 75 lower
1370 458 62 75 and
1447 458 114 75 lateral
1577 458 88 75 parts
1686 458 40 75 of
1744 458 57 75 the
1822 458 91 75 great
1940 458 130 75 orifice;
2097 458 53 75 for
2177 458 105 75 which

1250 505 111 75 reafon
1374 505 119 75 feveral
1507 505 181 75 anatomifts
1705 505 81 75 have
1804 505 120 75 looked
1941 505 87 75 upon
2043 505 89 75 them
2149 505 34 75 as
2199 505 84 75 muf-

1252 550 89 75 cular
1364 550 185 75 fphincters.

1298 598 76 75 The
1390 598 161 75 nymphse,
1576 598 97 75 crifta;
1692 598 167 75 clitoridis,
1885 598 49 75 or,
1959 598 35 75 as
2011 598 79 75 they
2111 598 74 75 may
2201 598 80 75 like-

1251 645 73 75 wife
1340 645 39 75 be
1395 645 137 75 termed,
1558 645 57 75 ate
1636 645 139 75 minores
1799 645 62 75 five
1880 645 146 75 intern®,
2051 645 54 75 are
2125 645 66 75 two
2207 645 74 75 pro-

1253 690 121 75 minent
1397 690 85 75 folds
1499 690 41 75 of
1551 690 55 75 the
1621 690 91 75 inner
1728 690 66 75 (kin
1817 690 41 75 of
1879 690 57 75 the
1958 690 93 75 great
2076 690 37 75 or
2137 690 145 75 external

1252 736 68 75 ate,
1346 736 151 75 reaching
1512 736 86 75 from
1614 736 56 75 the
1686 736 189 75 prasputium
1891 736 40 75 of
1950 736 55 75 the
2026 736 122 75 clitoris
2167 736 36 75 to
2227 736 56 75 the

1252 783 65 75 two
1328 783 80 75 fides
1425 783 40 75 of
1476 783 56 75 the
1548 783 90 75 great
1654 783 109 75 orifice
1779 783 41 75 of
1831 783 55 75 the
1902 783 122 75 uterus.
2073 783 100 75 They
2188 783 95 75 begin

1252 829 78 75 very
1350 829 138 75 narrow,
1514 829 75 75 and,
1615 829 118 75 having
1755 829 162 75 increafed
1931 829 34 75 in
1980 829 138 75 breadth
2142 829 33 75 in
2199 829 84 75 their

1251 876 110 75 courfe
1376 876 199 75 downward,
1592 876 79 75 they
1686 876 54 75 are
1757 876 92 75 again
1866 876 184 75 contracted
2062 876 33 75 at
2107 876 84 75 their
2202 876 79 75 low-

1253 922 33 75 er
1303 922 188 75 extremity.

1298 969 99 75 They
1428 969 54 75 are
1512 969 41 75 of
1580 969 19 75 a
1625 969 125 75 fpungy
1776 969 173 75 fubftance,
1974 969 196 75 intermixed
2201 969 80 75 with

1251 1015 126 75 glands,
1402 1015 119 75 feveral
1537 1015 40 75 of
1588 1015 104 75 which
1710 1015 74 75 may
1799 1015 40 75 be
1862 1015 169 75 perceived
2046 1015 44 75 by
2106 1015 55 75 the
2177 1015 106 75 naked

1251 1061 71 75 eye.
1369 1061 107 75 Their
1491 1061 148 75 fituation
1655 1061 26 75 is
1698 1061 143 75 oblique,
1866 1061 85 75 their
1965 1061 100 75 upper
2082 1061 199 75 extremities

1251 1107 89 75 lying
1356 1107 76 75 near
1448 1107 78 75 each
1542 1107 107 75 other,
1678 1107 63 75 and
1756 1107 56 75 the
1831 1107 100 75 lower
1947 1107 33 75 at
2003 1107 20 75 a
2042 1107 94 75 much
2153 1107 127 75 greater

1251 1154 138 75 diftance
1435 1154 39 75 In
1490 1154 140 75 married
1645 1154 124 75 women
1786 1154 78 75 they
1876 1154 54 75 are
1941 1154 88 75 more
2040 1154 39 75 or
2088 1154 60 75 lefs
2165 1154 113 75 flaccid

1251 1201 63 75 and
1330 1201 157 75 decayed.

1298 1247 53 75 By
1366 1247 56 75 the
1434 1247 130 75 urethra
1586 1247 32 75 in
1639 1247 144 75 females,
1800 1247 50 75 we
1866 1247 90 75 mean
1973 1247 56 75 the
2044 1247 132 75 urinary
2191 1247 88 75 dud,

1251 1293 54 75 the
1322 1293 106 75 orifice
1444 1293 41 75 of
1503 1293 106 75 which
1633 1293 27 75 is
1679 1293 146 75 between
1849 1293 56 75 the
1925 1293 145 75 nymph®
2096 1293 105 75 below
2224 1293 59 75 the

1251 1339 88 75 glans
1356 1339 40 75 of
1407 1339 55 75 the
1479 1339 135 75 clitoris.
1646 1339 78 75 The
1738 1339 78 75 fides
1833 1339 39 75 of
1886 1339 65 75 this
1968 1339 107 75 orifice
2092 1339 53 75 are
2161 1339 19 75 a
2195 1339 87 75 little

1250 1385 180 75 prominent
1447 1385 62 75 and
1526 1385 167 75 wrinkled,
1722 1385 63 75 and
1810 1385 183 75 perforated
2013 1385 43 75 by
2074 1385 91 75 fmall
2189 1385 88 75 lacu-

1251 1431 59 75 nas,
1336 1431 84 75 from
1436 1431 107 75 which
1560 1431 18 75 a
1593 1431 99 75 vifcid
1714 1431 37 75 or
1775 1431 229 75 mucilaginous
2023 1431 109 75 liquor
2148 1431 73 75 may
2240 1431 41 75 be

1251 1478 170 75 fqueezed.

1296 1524 77 75 The
1387 1524 89 75 body
1496 1524 40 75 of
1551 1524 54 75 the
1621 1524 132 75 urethra
1768 1524 27 75 is
1811 1524 21 75 a
1846 1524 123 75 fpungy
1984 1524 75 75 dud
2074 1524 41 75 of
2126 1524 55 75 the
2196 1524 86 75 fame

1250 1571 151 75 ftrudure
1418 1571 32 75 as
1467 1571 33 75 in
1518 1571 110 75 males,
1654 1571 57 75 but
1727 1571 95 75 much
1839 1571 133 75 (horter,
1998 1571 134 75 fituated
2147 1571 136 75 diredly

1251 1616 101 75 under
1383 1616 54 75 the
1470 1616 97 75 trunk
1594 1616 40 75 of
1661 1616 55 75 the
1739 1616 135 75 clitoris,
1900 1616 62 75 and
1985 1616 101 75 above
2110 1616 55 75 the
2190 1616 91 75 great

1250 1663 89 75 canal
1357 1663 39 75 of
1407 1663 56 75 the
1485 1663 122 75 uterus,
1632 1663 154 75 adhering
1801 1663 35 75 to
1852 1663 78 75 each
1946 1663 41 75 of
1997 1663 89 75 thefe
2101 1663 106 75 canals
2224 1663 55 75 be-

1251 1711 104 75 tween
1371 1711 106 75 which
1490 1711 25 75 it
1532 1711 71 75 lies,
1620 1711 44 75 by
1679 1711 220 75 membranous
1916 1711 168 75 filaments.
2134 1711 32 75 It
2182 1711 98 75 paffes

1252 1756 100 75 under
1368 1756 56 75 the
1439 1756 226 75 cartilaginous
1682 1756 76 75 arch
1785 1756 40 75 of
1844 1756 56 75 the
1916 1756 63 75 offa
1995 1756 104 75 pubis,
2124 1756 63 75 and
2213 1756 66 75 ter-

1252 1804 133 75 minates
1402 1804 44 75 by
1462 1804 39 75 an
1517 1804 131 75 oblique
1658 1804 139 75 opening
1809 1804 33 75 at
1854 1804 57 75 the
1922 1804 81 75 neck
2015 1804 40 75 of
2065 1804 55 75 the
2132 1804 146 75 bladder.

1299 1849 76 75 The
1390 1849 91 75 great
1497 1849 89 75 canal
1606 1849 26 75 is
1648 1849 134 75 fituated
1797 1849 105 75 below
1921 1849 55 75 the
1998 1849 141 75 urethra,
2166 1849 63 75 and
2241 1849 38 75 a-

1253 1896 81 75 bove
1351 1896 55 75 the
1421 1896 175 75 extremity
1611 1896 41 75 of
1662 1896 55 75 the
1733 1896 178 75 inteftinum
1927 1896 132 75 redum,
2085 1896 18 75 a
2121 1896 85 75 little
2221 1896 58 75 ob-

1252 1941 135 75 liquely,
1412 1941 94 75 being
1522 1941 89 75 more
1630 1941 104 75 raifed
1758 1941 42 75 on
1824 1941 55 75 the
1906 1941 90 75 inner
2018 1941 64 75 and
2097 1941 82 75 back
2193 1941 85 75 part,

1254 1987 75 75 than
1347 1987 41 75 on
1405 1987 59 75 the
1481 1987 92 75 outer
1589 1987 63 75 and
1668 1987 70 75 fore
1755 1987 85 75 part.

1302 2033 47 75 Its
1361 2033 90 75 inner
1466 2033 38 75 or
1520 2033 152 75 pofterior
1695 2033 176 75 extremity
1889 2033 85 75 joins
1986 2033 56 75 the
2053 2033 175 75 extremity
2243 2033 42 75 of

1254 2080 55 75 the
1326 2080 88 75 body
1429 2080 41 75 of
1481 2080 55 75 the
1551 2080 123 75 uterus,
1691 2080 63 75 and
1769 2080 171 75 furrounds
1957 2080 40 75 its
2014 2080 108 75 orifice
2138 2080 96 75 much
2245 2080 34 75 in

1255 2126 55 75 the
1322 2126 83 75 fame
1417 2126 130 75 manner
1559 2126 32 75 as
1603 2126 56 75 the
1670 2126 183 75 duodenum
1869 2126 171 75 furrounds
2061 2126 56 75 the
2133 2126 143 75 pylorus,

1255 2173 37 75 or
1309 2173 33 75 as
1359 2173 55 75 the
1430 2173 89 75 ilium
1535 2173 27 75 is
1578 2173 197 75 furrounded
1790 2173 46 75 by
1850 2173 55 75 the
1922 2173 119 75 caecum
2057 2173 64 75 and
2137 2173 109 75 colon.

1302 2220 76 75 The
1390 2220 139 75 anterior
1544 2220 174 75 extremity
1733 2220 101 75 forms
1850 2220 56 75 the
1921 2220 91 75 great
2027 2220 121 75 orifice,
2172 2220 108 75 which

1255 2266 59 75 lies
1338 2266 99 75 under
1453 2266 72 75 that
1540 2266 41 75 of
1599 2266 56 75 the
1672 2266 141 75 urethra,
1837 2266 65 75 and
1916 2266 101 75 above
2033 2266 56 75 the
2116 2266 113 75 foffula
2244 2266 42 75 of

1257 2312 54 75 the
1328 2312 132 75 inferior
1477 2312 197 75 commiffure
1690 2312 40 75 of
1748 2312 55 75 the
1822 2312 70 75 ate.

1302 2360 77 75 The
1396 2360 86 75 body
1497 2360 41 75 of
1555 2360 56 75 the
1626 2360 89 75 canal
1731 2360 27 75 is
1776 2360 115 75 chiefly
1906 2360 92 75 made
2014 2360 43 75 up
2072 2360 41 75 of
2125 2360 18 75 a
2160 2360 120 75 fpungy

1255 2406 174 75 fubftarice,
1452 2406 194 75 interwoven
1662 2406 79 75 with
1757 2406 168 75 numerous
1941 2406 225 75 blood-veffels
2181 2406 10 75 ;
2217 2406 64 75 and

1255 2452 26 75 it
1297 2452 26 75 is
1347 2452 182 75 commonly
1550 2452 113 75 longer
1686 2452 63 75 and
1763 2452 163 75 narrower
1942 2452 33 75 in
1991 2452 132 75 virgins,
2148 2452 76 75 than
2240 2452 34 75 in

1257 2498 137 75 married
1410 2498 136 75 women.

1304 2545 49 75 Its
1379 2545 90 75 inner
1491 2545 37 75 or
1555 2545 136 75 concave
1717 2545 136 75 furface,
1877 2545 58 75 has
1957 2545 118 75 feveral
2107 2545 173 75 tranfverfe

1258 2590 98 75 rug®,
1380 2590 63 75 and
1467 2590 25 75 is
1513 2590 135 75 covered
1669 2590 43 75 by
1729 2590 18 75 a
1762 2590 172 75 particular
1961 2590 194 75 membrane.
2201 2590 79 75 The

1259 2636 83 75 rug®
1377 2636 53 75 are
1458 2636 125 75 formed
1610 2636 42 75 by
1677 2636 119 75 oblong
1812 2636 125 75 narrow
1959 2636 191 75 eminences,
2174 2636 105 75 incur-

1257 2686 98 75 vated
1369 2686 66 75 like
1450 2686 144 75 portions
1611 2686 40 75 of
1672 2686 124 75 arches,
1819 2686 114 75 placed
1953 2686 80 75 very
2056 2686 76 75 near
2149 2686 77 75 each
2243 2686 36 75 o-

1259 2731 84 75 ther,
1368 2731 63 75 and
1446 2731 145 75 difpofed
1616 2731 33 75 in
1673 2731 75 75 fuch
1773 2731 19 75 a
1816 2731 129 75 manner
1968 2731 36 75 as
2027 2731 36 75 to
2090 2731 106 75 divide
2223 2731 56 75 the

1260 2777 105 75 cavity
1384 2777 40 75 of
1442 2777 56 75 the
1514 2777 90 75 canal
1628 2777 69 75 into
1713 2777 38 75 an
1774 2777 101 75 upper
1892 2777 62 75 and
1968 2777 100 75 lower
2084 2777 73 75 fide.

1305 2824 53 75 By
1368 2824 56 75 the
1439 2824 97 75 union
1549 2824 39 75 of
1594 2824 56 75 the
1665 2824 196 75 extremities
1873 2824 40 75 of
1924 2824 54 75 the
1986 2824 101 75 upper
2103 2824 62 75 and
2180 2824 100 75 lower

1259 2870 99 75 rug®,
1383 2870 19 75 a
1423 2870 79 75 kind
1525 2870 41 75 of
1585 2870 97 75 raphe
1698 2870 38 75 or
1751 2870 106 75 future
1872 2870 27 75 is
1916 2870 125 75 formed
2056 2870 41 75 on
2121 2870 54 75 the
2193 2870 86 75 right

1260 2916 62 75 and
1337 2916 60 75 left
1413 2916 77 75 fides
1503 2916 10 75 ;
1539 2916 63 75 and
1613 2916 80 75 both
1710 2916 111 75 arches
1833 2916 54 75 are
1903 2916 178 75 fometimes
2093 2916 187 75 interfcff^d

1258 2964 33 75 in
1308 2964 54 75 the
1379 2964 132 75 middle,
1537 2964 63 75 and
1613 2964 35 75 fo
1671 2964 84 75 form
1770 2964 66 75 two
1850 2964 209 75 half-arches.

2239 3008 37 75 la
