2493 3387
756 190 490 75 ASTRO

193 260 63 75 fide
272 260 80 75 next
364 260 58 75 her
438 260 26 75 is
480 260 72 75 feen
565 260 10 75 ;
602 260 55 75 the
674 260 93 75 other
782 260 75 75 half
867 260 94 75 being
977 260 56 75 hid
1048 260 104 75 below
1168 260 56 75 the

193 305 137 75 horizon
354 305 41 75 of
413 305 41 75 all
472 305 105 75 places
595 305 41 75 on
654 305 70 75 that
742 305 108 75 circle.
898 305 57 75 To
979 305 59 75 her
1062 305 54 75 the
1132 305 91 75 earth

197 351 98 75 feems
312 351 35 75 to
363 351 40 75 be
420 351 54 75 the
490 351 115 75 largeft
627 351 86 75 body
730 351 31 75 in
784 351 57 75 the
864 351 154 75 univerfe,
1043 351 52 75 for
1118 351 27 75 it
1169 351 54 75 ap-

196 397 91 75 pears
303 397 139 75 thirteen
458 397 93 75 times
569 397 33 75 as
619 397 87 75 large
725 397 32 75 as
774 397 51 75 Ihe
842 397 76 75 does
937 397 34 75 to
988 397 50 75 us.

238 443 77 75 The
339 443 96 75 moon
459 443 56 75 has
538 443 42 75 no
605 443 198 75 atmofphere
828 443 40 75 of
886 443 62 75 any
971 443 106 75 vifible
1100 443 122 75 denfity

193 488 209 75 furrounding
419 488 78 75 her;
524 488 51 75 for
592 488 31 75 if
642 488 50 75 Ihe
709 488 76 75 had,
810 488 48 75 we
875 488 95 75 could
986 488 95 75 never
1097 488 50 75 fee
1162 488 59 75 her

192 535 80 75 edge
289 535 33 75 fo
339 535 73 75 well
424 535 125 75 defined
566 535 33 75 as
616 535 26 75 it
654 535 131 75 appears
798 535 10 75 ;
835 535 56 75 but
908 535 90 75 there
1017 535 109 75 would
1144 535 42 75 be
1203 535 18 75 a

192 581 65 75 fort
274 581 39 75 of
325 581 17 75 a
359 581 70 75 mifi:
445 581 37 75 or
498 581 143 75 hazinefs
654 581 123 75 around
791 581 70 75 her,
886 581 104 75 which
1003 581 108 75 would
1127 581 93 75 make

192 627 55 75 the
272 627 76 75 ftars
372 627 77 75 look
472 627 130 75 fainter,
627 627 91 75 when
742 627 78 75 they
844 627 52 75 are
920 627 71 75 feen
1016 627 139 75 through
1179 627 39 75 it.

191 672 66 75 But
282 672 201 75 obfervation
507 672 127 75 proves,
659 672 70 75 that
754 672 55 75 the
832 672 77 75 flats
934 672 106 75 which
1058 672 163 75 difappear

191 719 120 75 behind
327 719 55 75 the
399 719 95 75 moon
511 719 101 75 retain
628 719 84 75 their
737 719 59 75 full
820 719 95 75 lullre
939 719 81 75 until
1041 719 76 75 they
1136 719 84 75 feem

191 765 36 75 to
249 765 98 75 touch
365 765 57 75 her
438 765 79 75 very
533 765 92 75 edge,
650 765 62 75 and
728 765 77 75 then
829 765 77 75 they
921 765 105 75 vanifli
1051 765 32 75 m
1109 765 18 75 a
1150 765 69 75 mo-

192 812 98 75 ment.
339 812 76 75 The
431 812 81 75 faint
534 812 84 75 light
634 812 105 75 which
763 812 57 75 has
846 812 79 75 been
950 812 71 75 feen
1038 812 42 75 all
1097 812 123 75 around

191 858 55 75 the
262 858 95 75 moon
373 858 31 75 in
417 858 82 75 total
515 858 130 75 eclipfes
661 858 40 75 of
720 858 55 75 the
791 858 68 75 fun,
884 858 57 75 has
960 858 80 75 been
1052 858 166 75 obferved,

191 905 113 75 during
317 905 54 75 the
387 905 75 75 time
479 905 40 75 of
529 905 162 75 darknefs,
708 905 35 75 to
758 905 83 75 have
851 905 43 75 its
912 905 108 75 centre
1036 905 183 75 coincident

189 950 79 75 with
291 950 54 75 the
370 950 108 75 centre
501 950 41 75 of
560 950 56 75 the
638 950 78 75 fun;
755 950 62 75 and
847 950 63 75 was
934 950 164 75 therefore
1122 950 96 75 much

192 997 89 75 more
296 997 102 75 likely
413 997 35 75 to
465 997 77 75 arife
559 997 85 75 from
660 997 56 75 the
730 997 199 75 atmofphere
946 997 38 75 of
997 997 56 75 the
1069 997 56 75 fun
1142 997 76 75 than

192 1043 85 75 from
294 1043 71 75 that
381 1043 40 75 of
439 1043 55 75 the
511 1043 95 75 moon
619 1043 10 75 ;
656 1043 51 75 for
723 1043 31 75 if
772 1043 27 75 it
814 1043 64 75 had
893 1043 79 75 been
989 1043 108 75 owing
1113 1043 35 75 to
1164 1043 56 75 the

190 1088 108 75 latter,
316 1088 41 75 its
370 1088 108 75 centre
490 1088 110 75 would
612 1088 80 75 have
708 1088 83 75 gone
807 1088 95 75 along
918 1088 79 75 with
1013 1088 56 75 the
1081 1088 138 75 moon’s.

237 1135 36 75 If
293 1135 91 75 there
407 1135 84 75 were
515 1135 65 75 feas
605 1135 32 75 in
662 1135 55 75 the
742 1135 108 75 moon,
875 1135 52 75 Ihe
953 1135 95 75 could
1072 1135 85 75 have
1177 1135 43 75 no

190 1181 123 75 clouds,
338 1181 97 75 rains,
461 1181 59 75 nor
536 1181 124 75 florms,
686 1181 32 75 as
735 1181 48 75 we
799 1181 104 75 have;
929 1181 132 75 becaufe
1085 1181 53 75 fhe
1160 1181 58 75 has

190 1227 41 75 no
243 1227 75 75 fuch
336 1227 197 75 atmofphere
550 1227 34 75 to
597 1227 129 75 fupport
742 1227 55 75 the
811 1227 136 75 vapours
961 1227 105 75 which
1078 1227 141 75 occafion

188 1274 101 75 them.
338 1274 77 75 And
434 1274 95 75 every
546 1274 59 75 one
629 1274 124 75 knows,
780 1274 72 75 that
875 1274 93 75 when
991 1274 57 75 the
1073 1274 95 75 moon
1190 1274 28 75 is

189 1321 100 75 above
305 1321 59 75 our
387 1321 136 75 horizon
546 1321 33 75 in
603 1321 55 75 the
675 1321 201 75 night-time,
898 1321 52 75 fhe
967 1321 26 75 is
1013 1321 120 75 vifible,
1158 1321 59 75 un-

188 1366 59 75 lefs
273 1366 54 75 the
352 1366 114 75 clouds
494 1366 40 75 of
553 1366 60 75 our
639 1366 199 75 atmofphere
863 1366 76 75 hide
962 1366 60 75 her
1045 1366 86 75 from
1158 1366 61 75 our

187 1412 94 75 view,
308 1412 63 75 and
394 1412 42 75 all
460 1412 87 75 parts
575 1412 40 75 of
638 1412 60 75 her
720 1412 116 75 appear
860 1412 176 75 conflantly
1059 1412 79 75 with
1163 1412 55 75 the

190 1458 82 75 fame
296 1458 97 75 clear,
424 1458 119 75 ferene,
577 1458 63 75 and
663 1458 82 75 calm
769 1458 115 75 afpedt.
932 1458 68 75 But
1025 1458 90 75 thofe
1138 1458 81 75 dark

190 1504 86 75 parts
292 1504 40 75 of
350 1504 56 75 the
421 1504 110 75 moon,
556 1504 106 75 which
685 1504 84 75 were
786 1504 155 75 formerly
958 1504 197 75 thought,to
1178 1504 40 75 be

190 1551 79 75 feas,
293 1551 54 75 are
370 1551 74 75 now
467 1551 102 75 found
593 1551 35 75 to
642 1551 50 75 i>e
713 1551 77 75 only
805 1551 65 75 va/t
891 1551 80 75 deep
988 1551 143 75 cavities,
1156 1551 63 75 and

190 1597 104 75 places
311 1597 103 75 which
434 1597 103 75 refledt
554 1597 56 75 not
626 1597 56 75 the
704 1597 85 75 fun’s
812 1597 83 75 light
912 1597 33 75 fo
962 1597 140 75 flrongly
1124 1597 34 75 as
1181 1597 36 75 o-

191 1643 100 75 thers,
316 1643 118 75 having
449 1643 95 75 many
559 1643 131 75 caverns
706 1643 63 75 and
784 1643 76 75 pits,
883 1643 106 75 whofe
1002 1643 141 75 fhadows
1160 1643 56 75 fall

190 1689 112 75 within
319 1689 101 75 theip,
446 1689 62 75 and
525 1689 53 75 are
595 1689 117 75 always
728 1689 82 75 dark
825 1689 42 75 on
884 1689 56 75 the
956 1689 79 75 fides
1059 1689 81 75 next
1163 1689 55 75 the

190 1735 69 75 fun,
284 1735 106 75 which
406 1735 227 75 detnonflrates
657 1735 84 75 their
765 1735 94 75 being
883 1735 143 75 hollow;
1053 1735 62 75 and
1138 1735 80 75 molt

191 1781 39 75 of
241 1781 87 75 thefe
344 1781 62 75 pits
422 1781 81 75 have
518 1781 85 75 little
617 1781 104 75 knobs
732 1781 64 75 like
812 1781 136 75 hillocks
965 1781 141 75 Handing
1122 1781 95 75 with-

190 1827 32 75 in
246 1827 101 75 them,
372 1827 64 75 and
459 1827 118 75 calling
603 1827 143 75 fhadows
769 1827 87 75 alfo;
888 1827 107 75 which
1019 1827 90 75 caufe
1131 1827 88 75 thefe

191 1874 87 75 thefe
302 1874 104 75 places
429 1874 35 75 to
489 1874 115 75 appear
626 1874 117 75 darker
765 1874 79 75 than
869 1874 108 75 others
1005 1874 105 75 which
1137 1874 83 75 have

190 1921 100 75 fewer
313 1921 37 75 or
373 1921 60 75 lefs
458 1921 198 75 remarkable
681 1921 144 75 caverns.
886 1921 61 75 All
976 1921 88 75 thefe
1087 1921 131 75 appear-

191 1967 92 75 ances
306 1967 94 75 fhew,
429 1967 70 75 that
523 1967 91 75 there
638 1967 53 75 are
715 1967 43 75 no
780 1967 66 75 feas
862 1967 32 75 in
911 1967 56 75 the
983 1967 117 75 moon;
1126 1967 52 75 for
1193 1967 32 75 if

191 2014 89 75 there
296 2014 84 75 were
397 2014 74 75 any,
497 2014 85 75 their
598 2014 137 75 furfaces
758 2014 110 75 would
883 2014 116 75 appear
1015 2014 125 75 fmooth
1156 2014 64 75 and

191 2059 90 75 even,
307 2059 63 75 like
386 2059 89 75 thofe
492 2059 41 75 on
550 2059 55 75 the
621 2059 104 75 earth.

238 2105 111 75 There
365 2105 94 75 being
475 2105 42 75 no
537 2105 197 75 atmofphere
750 2105 98 75 about
864 2105 56 75 the
940 2105 107 75 moon,
1072 2105 55 75 the
1143 2105 76 75 hea-

191 2150 76 75 vens
284 2150 31 75 in
332 2150 55 75 the
402 2150 156 75 day-time
573 2150 82 75 have
677 2150 55 75 the
756 2150 193 75 appearance
972 2150 39 75 of
1032 2150 92 75 night
1146 2150 36 75 to
1202 2150 18 75 a

193 2196 142 75 lunarian
352 2196 73 75 who
441 2196 91 75 turns
548 2196 50 75 his
614 2196 82 75 back
711 2196 125 75 toward
857 2196 56 75 the
935 2196 79 75 fun;
1041 2196 62 75 and
1126 2196 93 75 when

193 2243 41 75 he
250 2243 91 75 does,
366 2243 54 75 the
435 2243 77 75 flars
529 2243 115 75 appear
661 2243 33 75 as
710 2243 109 75 bright
836 2243 35 75 to
887 2243 66 75 him
970 2243 33 75 as
1027 2243 78 75 they
1120 2243 44 75 do
1187 2243 33 75 in

194 2289 55 75 the
264 2289 93 75 night
373 2289 34 75 to
423 2289 51 75 us.
522 2289 66 75 For
603 2289 27 75 it
645 2289 27 75 is
695 2289 136 75 entirely
846 2289 106 75 owing
978 2289 33 75 to
1034 2289 59 75 our
1117 2289 102 75 atmo-

194 2335 110 75 fphere
321 2335 69 75 that
407 2335 54 75 the
477 2335 136 75 heavens
625 2335 54 75 are
696 2335 109 75 bright
821 2335 97 75 about
929 2335 37 75 us
983 2335 33 75 in
1032 2335 55 75 the
1103 2335 76 75 day.

241 2381 49 75 As
307 2381 55 75 the
384 2381 90 75 earth
491 2381 90 75 turns
604 2381 103 75 round
730 2381 42 75 its
795 2381 84 75 axis,
904 2381 55 75 the
982 2381 119 75 feveral
1118 2381 102 75 conti-

194 2427 105 75 nents,
322 2427 80 75 feas,
426 2427 63 75 and
504 2427 113 75 iflands
634 2427 114 75 appear
765 2427 35 75 to
816 2427 56 75 the
889 2427 124 75 moon’s
1024 2427 195 75 inhabitants

195 2474 63 75 like
275 2474 33 75 fo
325 2474 94 75 many
431 2474 85 75 fpots
533 2474 39 75 of
582 2474 150 75 different
748 2474 99 75 forms
864 2474 62 75 and
941 2474 192 75 brightnefs,
1152 2474 68 75 mo-

195 2520 75 75 ving
286 2520 76 75 over
378 2520 41 75 its
431 2520 134 75 furface,
581 2520 58 75 but
654 2520 95 75 much
766 2520 115 75 fainter
898 2520 33 75 at
942 2520 85 75 fome
1039 2520 92 75 times
1144 2520 77 75 than

196 2566 122 75 others,
335 2566 34 75 as
384 2566 59 75 our
455 2566 110 75 clouds
578 2566 94 75 cover
684 2566 87 75 them
783 2566 37 75 or
830 2566 90 75 leave
931 2566 102 75 them.
1069 2566 51 75 By
1133 2566 89 75 thefe

195 2613 99 75 fpots,
319 2613 56 75 the
390 2613 159 75 Idnarians
561 2613 59 75 can
635 2613 175 75 determine
826 2613 55 75 the
897 2613 77 75 time
986 2613 40 75 of
1037 2613 55 75 the
1104 2613 118 75 earth’s

196 2658 125 75 diurnal
337 2658 136 75 motion,
495 2658 63 75 juft
575 2658 34 75 as
620 2658 49 75 we
685 2658 42 75 do
739 2658 56 75 the
807 2658 121 75 motion
940 2658 40 75 of
990 2658 56 75 the
1057 2658 75 75 fun;
1159 2658 63 75 and

196 2704 134 75 perhaps
346 2704 78 75 they
447 2704 140 75 meafure
611 2704 84 75 their
718 2704 77 75 time
816 2704 43 75 by
882 2704 55 75 the
962 2704 122 75 motion
1108 2704 39 75 of
1167 2704 55 75 the

196 2752 119 75 earth’s
331 2752 98 75 fpots,
453 2752 52 75 for
521 2752 77 75 they
613 2752 115 75 cannot
744 2752 81 75 have
841 2752 19 75 a
875 2752 89 75 truer
980 2752 76 75 dial.

242 2798 77 75 The
335 2798 124 75 moon’s
476 2798 70 75 axis
562 2798 26 75 is
605 2798 34 75 fo
659 2798 109 75 nearly
786 2798 239 75 perpendicular
1046 2798 36 75 to
1098 2798 55 75 the
1170 2798 51 75 ec-

197 2844 101 75 liptic,
316 2844 72 75 that
404 2844 56 75 the
471 2844 56 75 fun
539 2844 97 75 never
651 2844 143 75 removes
806 2844 134 75 fenfibly
955 2844 83 75 from
1051 2844 58 75 her
1126 2844 97 75 equa-

197 2890 51 75 tor
259 2890 10 75 ;
296 2890 63 75 and
374 2890 55 75 the
445 2890 159 75 obliquity
627 2890 40 75 of
684 2890 58 75 her
765 2890 99 75 orbit,
887 2890 96 75 being
1004 2890 77 75 only
1106 2890 44 75 5-j-
1166 2890 56 75 de-

198 2936 103 75 grees,
325 2936 102 75 which
447 2936 26 75 is
496 2936 79 75 next
597 2936 35 75 to
657 2936 133 75 nothing
814 2936 33 75 as
873 2936 71 75 feen
964 2936 86 75 from
1075 2936 55 75 the
1153 2936 69 75 fun,

199 2982 114 75 cannot
330 2982 91 75 caufe
437 2982 55 75 the
508 2982 56 75 fun
577 2982 35 75 to
628 2982 122 75 decline
767 2982 132 75 fenfibly
911 2982 83 75 from
1006 2982 58 75 her
1075 2982 148 75 equator.

200 3030 63 75 Yet
279 3030 58 75 her
357 3030 195 75 inhabitants
570 3030 52 75 are
638 3030 221 75 not.deflitute
874 3030 40 75 of
933 3030 105 75 means
1055 3030 51 75 for
1122 3030 102 75 afcer-

294 3077 98 75 Vol.
420 3077 28 75 I.
497 3077 71 75 No.
590 3077 53 75 19.

1157 3077 17 75 3

1324 188 43 75 N
1443 188 40 75 O
1562 188 48 75 M
1685 188 50 75 Y.

2213 188 80 75 441

1271 254 120 75 taining
1415 254 56 75 the
1495 254 110 75 length
1629 254 41 75 of
1687 254 84 75 their
1793 254 88 75 year,
1912 254 122 75 though
2059 254 82 75 their
2166 254 134 75 method

1270 300 61 75 and
1347 300 74 75 ours
1438 300 80 75 mufl
1533 300 8 75 '
1541 300 107 75 differ.
1697 300 66 75 For
1787 300 49 75 we
1860 300 58 75 can
1939 300 96 75 know
2057 300 55 75 the
2128 300 111 75 length
2263 300 41 75 of

1272 346 59 75 our
1346 346 76 75 year
1438 346 43 75 by
1498 346 55 75 the
1570 346 110 75 return
1696 346 42 75 of
1756 346 58 75 our
1830 346 198 75 equinoxes;
2054 346 58 75 but
2135 346 56 75 the
2207 346 92 75 luna-

1270 393 95 75 rians,
1397 393 117 75 having
1536 393 118 75 always
1681 393 93 75 equal
1801 393 63 75 day
1892 393 61 75 and
1975 393 102 75 night,
2114 393 80 75 mufl
2216 393 83 75 have

1272 440 143 75 recourfe
1432 440 34 75 to
1482 440 134 75 another
1632 440 154 75 method;
1813 440 62 75 and
1892 440 47 75 we
1963 440 74 75 may
2053 440 142 75 fuppofe,
2220 440 79 75 they

1271 486 139 75 meafure
1422 486 84 75 their
1521 486 77 75 year
1614 486 44 75 by
1673 486 167 75 obferving
1860 486 91 75 when
1968 486 104 75 either
2087 486 41 75 of
2138 486 55 75 the
2209 486 90 75 poles

1269 532 41 75 of
1327 532 60 75 our
1402 532 92 75 earth
1512 532 109 75 begins
1639 532 35 75 to
1690 532 40 75 be
1754 532 216 75 enlightened,
1996 532 62 75 and
2082 532 55 75 the
2154 532 94 75 other
2263 532 37 75 to

1269 578 173 75 difappear,
1467 578 105 75 which
1589 578 27 75 is
1632 578 122 75 always
1770 578 32 75 at
1819 578 59 75 our
1893 578 191 75 equinoxes,
2109 578 76 75 they
2203 578 97 75 being

1268 625 221 75 conveniently
1505 625 134 75 fituated
1661 625 53 75 for
1737 625 167 75 obferving
1926 625 90 75 great
2041 625 105 75 tracks
2163 625 41 75 of
2222 625 77 75 land

1269 670 96 75 about
1382 670 58 75 our
1457 670 119 75 earth’s
1593 670 103 75 poles,
1722 670 104 75 which
1851 670 53 75 are
1928 670 135 75 entirely
2086 670 159 75 unknown
2262 670 37 75 to

1270 716 50 75 us.
1371 716 112 75 Hence
1499 716 49 75 we
1572 716 74 75 may
1669 716 167 75 conclude,
1860 716 72 75 that
1955 716 55 75 the
2034 716 75 75 year
2132 716 28 75 is
2184 716 40 75 of
2243 716 56 75 the

1269 763 83 75 fame
1368 763 142 75 abfolute
1522 763 110 75 length
1649 763 81 75 both
1747 763 34 75 to
1797 763 56 75 the
1869 763 90 75 earth
1976 763 61 75 and
2049 763 107 75 moon,
2173 763 125 75 though

1268 808 77 75 very
1360 808 152 75 different
1529 808 32 75 as
1579 808 34 75 to
1626 808 54 75 the
1692 808 133 75 number
1837 808 40 75 of
1887 808 101 75 days;
2015 808 48 75 we
2075 808 116 75 having
2206 808 93 75 3654

1267 855 124 75 natural
1414 855 90 75 days,
1530 855 64 75 and
1616 855 56 75 the
1695 855 159 75 lunarians
1878 855 85 75 omy
1980 855 110 75 12-r?;
2116 855 96 75 every
2234 855 67 75 day

1268 901 59 75 and
1346 901 91 75 night
1453 901 32 75 in
1497 901 55 75 the
1565 901 207 75 mqon-being
1789 901 33 75 as
1837 901 78 75 long
1932 901 34 75 as
1978 901 121 75 29-!-on
2117 901 55 75 the
2191 901 108 75 earth.

1314 948 75 75 The
1407 948 123 75 moon’s
1546 948 194 75 inhabitants
1757 948 41 75 on
1811 948 55 75 the
1882 948 64 75 fide
1962 948 79 75 next
2055 948 54 75 the
2122 948 90 75 earth
2224 948 75 75 may

1269 993 32 75 as
1319 993 94 75 eafily
1430 993 66 75 find
1513 993 54 75 the
1583 993 166 75 longitude
1765 993 40 75 of
1824 993 83 75 their
1924 993 104 75 places
2046 993 33 75 as
2093 993 47 75 we
2157 993 59 75 can
2232 993 67 75 find

1267 1039 56 75 the
1339 1039 134 75 latitude
1490 1039 42 75 of
1549 1039 88 75 ours.
1686 1039 66 75 For
1767 1039 56 75 the
1838 1039 92 75 earth
1954 1039 135 75 keeping
2105 1039 192 75 conflantly,

1269 1085 37 75 or
1321 1085 78 75 very
1416 1085 109 75 nearly
1542 1085 46 75 fo,
1613 1085 77 75 over
1707 1085 60 75 one
1791 1085 154 75 meridian
1970 1085 40 75 of
2029 1085 53 75 the
2109 1085 108 75 moon,
2242 1085 57 75 the

1266 1132 63 75 eafl
1345 1132 38 75 or
1399 1132 72 75 well
1489 1132 152 75 diflances
1654 1132 41 75 of
1713 1132 106 75 places
1834 1132 84 75 from
1935 1132 71 75 that
2021 1132 154 75 meridian
2192 1132 54 75 are
2263 1132 35 75 as

1267 1177 93 75 eafily
1372 1177 100 75 found
1487 1177 34 75 as
1538 1177 48 75 we
1603 1177 59 75 can
1677 1177 66 75 find
1759 1177 59 75 our
1837 1177 137 75 diflance
1990 1177 85 75 from
2092 1177 56 75 the
2162 1177 138 75 equator

1268 1224 44 75 by
1328 1224 56 75 the
1401 1224 134 75 altitude
1552 1224 40 75 of
1610 1224 60 75 our
1682 1224 135 75 celeflial
1833 1224 102 75 poles.

1313 1270 76 75 The
1411 1270 107 75 planet
1542 1270 114 75 Mars
1687 1270 27 75 is
1741 1270 79 75 next
1843 1270 33 75 in
1900 1270 107 75 order,
2032 1270 96 75 being
2151 1270 55 75 the
2234 1270 66 75 firft

1268 1317 98 75 above
1383 1317 55 75 the
1464 1317 120 75 earth’s
1609 1317 98 75 orbit.
1757 1317 62 75 His
1843 1317 137 75 diflance
2005 1317 84 75 from
2112 1317 57 75 the
2192 1317 55 75 fun
2271 1317 28 75 is

1268 1365 169 75 computed
1453 1365 34 75 to
1506 1365 38 75 be
1567 1365 61 75 125
1643 1365 137 75 millions
1797 1365 41 75 of
1856 1365 112 75 miles;
1996 1365 62 75 and
2074 1365 43 75 by
2128 1365 171 75 travelling

1268 1408 31 75 at
1317 1408 55 75 the
1389 1408 68 75 rate
1473 1408 41 75 of
1533 1408 44 75 47
1594 1408 157 75 thoufand
1776 1408 90 75 miles
1890 1408 97 75 every
2009 1408 95 75 hour,
2130 1408 33 75 as
2188 1408 31 75 in
2244 1408 55 75 the

1267 1455 95 75 circle
1380 1455 46 75 cf,
1451 1455 41 75 he
1509 1455 75 75 goes
1602 1455 103 75 round
1721 1455 55 75 the
1797 1455 56 75 fun
1870 1455 32 75 in
1921 1455 67 75 636
2006 1455 41 75 of
2063 1455 61 75 our
2139 1455 79 75 days
2235 1455 64 75 and

1268 1503 40 75 23
1327 1503 121 75 hours;
1475 1503 105 75 which
1596 1503 27 75 is
1640 1503 55 75 the
1706 1503 112 75 length
1836 1503 40 75 of
1892 1503 51 75 his
1962 1503 88 75 year,
2076 1503 63 75 and
2155 1503 144 75 contains

1266 1550 81 75 667-|
1347 1550 13 75 -
1374 1550 40 75 of
1425 1550 49 75 his
1486 1550 92 75 days,
1596 1550 97 75 every
1708 1550 64 75 day
1789 1550 62 75 and
1867 1550 92 75 night
1976 1550 147 75 together
2141 1550 92 75 being
2251 1550 47 75 40

1265 1594 136 75 minutes
1425 1594 111 75 longer
1561 1594 76 75 than
1662 1594 79 75 with
1768 1594 50 75 us.
1884 1594 63 75 His
1972 1594 155 75 diameter
2151 1594 27 75 is
2205 1594 92 75 4444

1265 1640 103 75 miles,
1394 1640 62 75 and
1473 1640 42 75 by
1531 1640 50 75 his
1598 1640 125 75 diurnal
1745 1640 140 75 rotation
1908 1640 56 75 the
1988 1640 195 75 inhabitants
2199 1640 100 75 about

1265 1686 48 75 his
1330 1686 136 75 equator
1482 1686 53 75 are
1552 1686 122 75 carried
1690 1686 65 75 556
1768 1686 91 75 miles
1871 1686 98 75 every
1980 1686 95 75 hour.
2116 1686 62 75 His
2196 1686 101 75 quan-

1267 1731 62 75 tity
1344 1731 39 75 of
1394 1731 84 75 vght
1494 1731 63 75 and
1572 1731 75 75 heat
1662 1731 26 75 is
1707 1731 94 75 equal
1819 1731 57 75 but
1901 1731 35 75 to
1961 1731 59 75 one
2045 1731 73 75 half
2137 1731 41 75 of
2197 1731 74 75 ours
2285 1731 11 75 ;

1266 1778 61 75 and
1344 1778 55 75 the
1415 1778 55 75 fun
1488 1778 129 75 appears
1634 1778 58 75 but
1708 1778 74 75 half
1800 1778 34 75 as
1851 1778 54 75 big
1920 1778 35 75 to
1972 1778 67 75 him
2055 1778 34 75 as
2101 1778 34 75 to
2152 1778 50 75 us.

1313 1825 84 75 This
1409 1825 108 75 planet
1533 1825 93 75 being
1642 1825 57 75 but
1716 1825 19 75 a
1756 1825 73 75 fifth
1853 1825 70 75 part
1940 1825 34 75 fo
1988 1825 56 75 big
2062 1825 32 75 as
2119 1825 55 75 the
2191 1825 106 75 earth,

1265 1871 32 75 if
1314 1871 62 75 any
1392 1871 103 75 moon’
1514 1871 126 75 attends
1664 1871 80 75 him,
1770 1871 53 75 fhe
1846 1871 80 75 mufl
1950 1871 40 75 be
2014 1871 78 75 very
2107 1871 102 75 fmall,
2234 1871 65 75 and

1266 1917 55 75 has
1338 1917 59 75 not
1412 1917 56 75 yet
1483 1917 81 75 been
1579 1917 186 75 difcovered
1781 1917 43 75 by
1842 1917 58 75 our
1916 1917 67 75 befl
2007 1917 187 75 telefcopes.
2243 1917 55 75 He

1265 1964 26 75 is
1308 1964 40 75 of
1367 1964 19 75 a
1401 1964 79 75 fiery
1496 1964 58 75 red
1570 1964 124 75 colour,
1719 1964 63 75 and
1797 1964 44 75 by
1857 1964 49 75 his
1930 1964 142 75 appulfes
2095 1964 36 75 to
2158 1964 86 75 fome
2260 1964 43 75 of

1264 2010 55 75 the
1336 2010 88 75 fixed
1445 2010 76 75 ftars
1547 2010 96 75 feems
1668 2010 36 75 to
1721 2010 39 75 be
1779 2010 219 75 encompaffed
2022 2010 43 75 by
2081 2010 19 75 a
2115 2010 78 75 very
2209 2010 89 75 grofs

1265 2057 211 75 atmofphere.
1526 2057 53 75 He
1603 2057 131 75 appears
1750 2057 180 75 fometimes
1953 2057 147 75 gibbous,
2126 2057 57 75 but
2200 2057 96 75 never

1265 2103 141 75 horned;
1432 2103 106 75 which
1564 2103 79 75 both
1669 2103 97 75 fhews
1792 2103 71 75 that
1886 2103 50 75 his
1959 2103 85 75 orbit
2069 2103 142 75 includes
2240 2103 58 75 the

1267 2148 119 75 earth’s
1402 2148 111 75 within
1525 2148 38 75 it,
1588 2148 62 75 and
1663 2148 70 75 that
1749 2148 41 75 he
1805 2148 100 75 fhines
1918 2148 56 75 not
1990 2148 43 75 by
2045 2148 48 75 his
2110 2148 72 75 own
2199 2148 97 75 light.

1313 2194 55 75 To
1385 2194 106 75 Mars,
1517 2194 58 75 our
1587 2194 91 75 earth
1694 2194 64 75 and
1768 2194 97 75 moon
1876 2194 117 75 appear
2007 2194 65 75 like
2088 2194 65 75 two
2169 2194 127 75 moons,

1267 2241 18 75 a
1306 2241 113 75 bigger
1444 2241 63 75 and
1524 2241 18 75 a
1565 2241 73 75 lefs,
1664 2241 156 75 changing
1844 2241 105 75 places
1975 2241 78 75 with
2069 2241 62 75 one
2145 2241 151 75 another,

1267 2286 63 75 and
1345 2286 169 75 appearing
1529 2286 179 75 fometimes
1723 2286 136 75 horned,
1876 2286 179 75 fometimes
2067 2286 74 75 half
2152 2286 37 75 or
2205 2286 93 75 three

1267 2331 147 75 quarters
1430 2331 212 75 illuminated,
1668 2331 58 75 but
1742 2331 95 75 never
1853 2331 73 75 full,
1951 2331 59 75 nor
2034 2331 33 75 at
2091 2331 79 75 mofl
2195 2331 103 75 above

1267 2379 60 75 one
1344 2379 131 75 quarter
1491 2379 40 75 of
1550 2379 18 75 a
1580 2379 116 75 degree
1713 2379 83 75 from
1813 2379 78 75 each
1908 2379 105 75 other,
2039 2379 154 75 although
2215 2379 82 75 they

1267 2425 53 75 are
1333 2425 68 75 240
1417 2425 156 75 thoufand
1589 2425 90 75 miles
1697 2425 144 75 afunder.

1315 2470 70 75 Our
1409 2470 89 75 earth
1522 2470 130 75 appears
1677 2470 112 75 almofl
1814 2470 33 75 as
1875 2470 54 75 big
1955 2470 34 75 to
2014 2470 93 75 Mars
2132 2470 33 75 as
2182 2470 113 75 Venus

1266 2516 77 75 does
1360 2516 35 75 to
1412 2516 48 75 us,
1479 2516 63 75 and
1557 2516 33 75 at
1605 2516 93 75 Mars
1715 2516 26 75 it
1756 2516 26 75 is
1798 2516 97 75 never
1909 2516 71 75 feen
1994 2516 99 75 above
2107 2516 42 75 48
2163 2516 133 75 degrees

1267 2562 83 75 from
1367 2562 55 75 the
1439 2562 76 75 fun;
1542 2562 176 75 fometimes
1735 2562 26 75 it
1777 2562 131 75 appears
1926 2562 35 75 to
1978 2562 68 75 pafs
2062 2562 77 75 over
2155 2562 54 75 the
2226 2562 69 75 difk

1267 2608 39 75 of
1318 2608 55 75 the
1384 2608 69 75 fun,
1472 2608 62 75 and
1549 2608 34 75 fo
1599 2608 43 75 do
1659 2608 155 75 Mercury
1827 2608 61 75 and
1904 2608 134 75 Venus;
2064 2608 57 75 but
2137 2608 158 75 Mercury

1267 2655 58 75 can
1342 2655 95 75 never
1456 2655 38 75 be
1511 2655 70 75 feen
1598 2655 83 75 from
1699 2655 91 75 Mars
1804 2655 43 75 by
1858 2655 75 75 fuch
1946 2655 75 75 eyes
2038 2655 33 75 as
2090 2655 86 75 ours,
2202 2655 92 75 unaf-

1266 2701 88 75 fifled
1371 2701 43 75 by
1429 2701 116 75 proper
1559 2701 219 75 inflruments;
1797 2701 63 75 and
1876 2701 110 75 Venus
1998 2701 67 75 will
2076 2701 39 75 be
2127 2701 33 75 as
2171 2701 124 75 feldom

1265 2747 72 75 feen
1360 2747 33 75 as
1411 2747 48 75 we
1475 2747 50 75 fee
1541 2747 168 75 Mercury.
1759 2747 126 75 Jupiter
1901 2747 62 75 and
1986 2747 117 75 Saturn
2125 2747 53 75 are
2196 2747 33 75 as
2248 2747 46 75 vi-

1267 2792 76 75 fible.
1354 2792 34 75 to
1405 2792 92 75 Mars
1515 2792 33 75 as
1565 2792 34 75 to
1616 2792 50 75 us.
1715 2792 61 75 His
1795 2792 69 75 axis
1887 2792 26 75 is
1931 2792 240 75 perpendicular
2187 2792 35 75 to
2238 2792 56 75 the

1268 2839 139 75 ecliptic,
1433 2839 62 75 and
1511 2839 50 75 his
1578 2839 84 75 orbit
1678 2839 28 75 is
1725 2839 18 75 2
1756 2839 132 75 degrees
1905 2839 139 75 inclined
2054 2839 34 75 to
2100 2839 39 75 it.

1317 2887 181 75 Jupiter,
1523 2887 56 75 the
1594 2887 113 75 largefl
1719 2887 39 75 of
1777 2887 43 75 all
1831 2887 55 75 the
1904 2887 133 75 planets,
2060 2887 27 75 is
2105 2887 60 75 flill
2181 2887 115 75 higher

1268 2933 31 75 in
1315 2933 55 75 the
1386 2933 124 75 fyflem,
1535 2933 94 75 being
1640 2933 97 75 about
1750 2933 68 75 426
1832 2933 139 75 millions
1987 2933 41 75 of
2039 2933 90 75 miles
2142 2933 83 75 from
2239 2933 57 75 the

1269 2980 76 75 fun;
1373 2980 63 75 and
1451 2980 97 75 going
1563 2980 33 75 at
1618 2980 56 75 the
1695 2980 68 75 rate
1779 2980 40 75 of
1840 2980 40 75 25
1908 2980 156 75 thoufand
2087 2980 89 75 miles
2201 2980 96 75 every

1268 3028 82 75 hour
1362 3028 31 75 in
1410 3028 49 75 his
1471 3028 97 75 orbit,
1593 3028 34 75 as
1644 3028 32 75 in
1692 3028 55 75 the
1765 3028 95 75 circle
1880 3028 55 75 2/,
1960 3028 122 75 finifhes
2108 3028 50 75 his
2183 3028 114 75 annual

1746 3074 16 75 5
1788 3074 36 75 T

2189 3074 112 75 period
