2396 3377
136 143 52 75 88

615 147 1153 75 algebra.

182 210 39 75 In
236 210 117 75 extraS
361 210 53 75 ir,?
431 210 87 75 roots
535 210 27 75 it
578 210 67 75 will
662 210 89 75 often
767 210 123 75 happen
908 210 73 75 that
996 210 56 75 the
1069 210 95 75 exa&

136 257 75 75 root
226 257 115 75 cannot
357 257 41 75 he
416 257 102 75 found
544 257 32 75 in
604 257 88 75 finite
719 257 121 75 terms;
867 257 74 75 thus
970 257 55 75 the
1053 257 113 75 fquare

136 305 75 75 root
226 305 40 75 of
277 305 20 75 <*
305 305 14 75 *
334 305 37 75 ~j-
383 305 19 75 *
402 287 21 49 1
443 305 28 75 is
488 305 102 75 found
605 305 34 75 to
656 305 41 75 be

234 413 22 49 a
274 413 38 49 +

793 381 81 75 5^
913 381 7 75 .

331 418 43 75 2ti
455 418 43 75 8a
498 400 20 49 }
608 418 77 75 i6a*
771 418 85 75 128a
856 400 17 49 7
948 418 10 75 *

443 480 77 75 The
536 480 166 75 operation
719 480 26 75 is
763 480 98 75 thus;

995 390 64 75 &c.

473 563 139 75 (a+—
630 563 48 75 —
692 589 42 75 8a
744 589 11 75 *

1046 559 62 75 <bc.

161 883 112 75 *h)
273 865 56 49 =
329 883 194 75 *'+^

257 1028 74 75 'a
405 1028 97 75 8a')

452 1128 88 75 8a')

674 1128 59 75 4a*
823 1128 29 75 8<
824 1128 41 75 8a
865 1110 17 49 4
901 1128 38 75 ^
960 1128 21 75 6
981 1160 25 49 4
1006 1128 21 75 a
1027 1110 13 49 e

1216 172 24 75 ,f
1266 210 101 75 found
1382 210 60 75 lefs
1459 210 78 75 than
1551 210 56 75 the
1623 210 67 75 two
1706 210 64 75 firft
1786 210 127 75 periods
1930 210 41 75 of
1981 210 55 75 the
2048 210 93 75 given
2153 210 91 75 num-

1217 257 23 75 “
1265 257 70 75 her,
1359 257 56 75 the
1431 257 118 75 fecond
1564 257 100 75 figure
1681 257 41 75 of
1733 257 55 75 the
1806 257 72 75 root
1906 257 27 75 is
1957 257 99 75 right.
2115 257 79 75 But,
2219 257 31 75 if

1217 303 24 75 “
1267 303 26 75 it
1308 303 41 75 be
1365 303 101 75 found
1483 303 139 75 greater,
1647 303 65 75 you
1728 303 79 75 muft
1823 303 146 75 diminifh
1994 303 57 75 the
2075 303 116 75 fecond
2207 303 38 75 fi-

1218 351 24 75 “
1267 351 78 75 gure
1362 351 40 75 of
1413 351 56 75 the
1485 351 74 75 root
1574 351 52 75 till
1642 351 72 75 that
1730 351 108 75 power
1854 351 41 75 be
1911 351 103 75 found
2029 351 95 75 equal
2148 351 35 75 to
2208 351 37 75 or

1219 398 23 75 “
1268 398 60 75 lefs
1344 398 78 75 than
1437 398 90 75 thofe
1550 398 128 75 periods
1701 398 41 75 of
1764 398 55 75 the
1846 398 91 75 given
1965 398 145 75 number.
2161 398 87 75 Sub-<

1220 441 23 75 “
1269 441 80 75 traft
1364 441 39 75 it,
1427 441 64 75 and
1505 441 35 75 to
1557 441 55 75 the
1628 441 179 75 remainder
1823 441 104 75 annex
1942 441 57 75 the
2015 441 81 75 next
2112 441 131 75 period;

1220 491 23 75 “
1270 491 62 75 and
1348 491 138 75 proceed
1502 491 51 75 till
1569 491 65 75 you
1649 491 81 75 have
1747 491 82 75 gone
1846 491 141 75 through
2003 491 55 75 the
2075 491 105 75 whole
2197 491 50 75 gi-

1220 537 24 75 “
1269 537 60 75 ven
1347 537 144 75 number,
1517 537 122 75 finding
1654 537 54 75 the
1725 537 88 75 third
1828 537 101 75 figure
1945 537 43 75 by
2004 537 106 75 means
2126 537 41 75 of
2189 537 57 75 the

1221 582 23 75 “
1269 582 66 75 two
1351 582 77 75 firft,
1452 582 35 75 as
1510 582 65 75 you
1603 582 102 75 found
1726 582 56 75 the
1806 582 116 75 fecond
1938 582 43 75 by
1996 582 55 75 the
2067 582 88 75 firft;
2182 582 64 75 and

1221 629 24 75 “
1271 629 188 75 afterwards
1486 629 132 75 finding,
1634 629 56 75 the
1717 629 110 75 fourth
1854 629 101 75 figure
1985 629 47 75 (if
2049 629 94 75 therf
2162 629 40 75 be
2226 629 20 75 a

1221 677 23 75 “
1270 677 110 75 fourth
1407 677 127 75 period)
1561 677 83 75 after
1661 677 56 75 the
1732 677 84 75 fame
1833 677 130 75 manner
1979 677 86 75 from
2081 677 55 75 the
2152 677 92 75 three

1221 720 25 75 “
1271 720 102 75 firft.”

1266 782 96 75 Thus
1378 782 35 75 to
1425 782 67 75 find
1507 782 56 75 the
1580 782 78 75 cube
1675 782 72 75 root
1759 782 41 75 of
1815 782 125 75 13824,
1965 782 89 75 point
2065 782 26 75 it
2109 782 134 75 13824;

1219 827 67 75 find
1301 827 55 75 the
1373 827 133 75 greateft
1522 827 79 75 cube
1617 827 32 75 in
1667 827 53 75 13,
1733 827 70 75 viz.
1822 827 34 75 8,
1874 827 107 75 whofe
1997 827 80 75 cube
2088 827 79 75 foot
2184 827 18 75 2
2216 827 28 75 is

1219 874 56 75 the
1291 874 65 75 firft
1367 874 100 75 figure
1479 874 41 75 of
1527 874 53 75 the
1592 874 73 75 root
1677 874 161 75 required.
1889 874 149 75 Subtrad
2050 874 20 75 8
2088 874 85 75 from
2188 874 54 75 13,

1219 921 63 75 and
1293 921 35 75 to
1340 921 55 75 the
1406 921 176 75 remainder
1601 921 17 75 5
1637 921 105 75 annex
1759 921 35 75 8,
1811 921 55 75 the
1882 921 65 75 firft
1961 921 102 75 figure
2073 921 42 75 of
2125 921 55 75 the
2195 921 48 75 fe-

1220 966 83 75 cond
1319 966 130 75 period;
1475 966 107 75 divide
1602 966 41 75 58
1661 966 45 75 by
1721 966 94 75 triple
1832 966 55 75 the
1911 966 112 75 fquare
2050 966 41 75 of
2113 966 33 75 2,
2172 966 69 75 viz.

1224 1015 53 75 12,
1303 1015 62 75 and
1381 1015 55 75 the
1453 1015 147 75 quotient
1615 1015 26 75 is
1668 1015 33 75 4,
1726 1015 107 75 which
1849 1015 27 75 is
1893 1015 55 75 the
1963 1015 115 75 fecond
2093 1015 99 75 figure
2208 1015 41 75 of

1218 1059 56 75 the
1290 1059 73 75 root
1380 1059 161 75 required,
1558 1059 82 75 fince
1656 1059 56 75 the
1728 1059 80 75 cube
1823 1059 41 75 of
1876 1059 45 75 24
1937 1059 87 75 gives
2045 1059 123 75 13824,
2186 1059 57 75 the

1218 1105 132 75 number
1366 1105 167 75 propofed.
1574 1105 99 75 After
1687 1105 57 75 the
1760 1105 83 75 fame
1859 1105 129 75 manner
2004 1105 55 75 the
2075 1105 79 75 cube
2170 1105 73 75 root

1216 1152 42 75 of
1271 1152 180 75 13312053
1470 1152 26 75 is
1511 1152 104 75 found
1630 1152 34 75 to
1681 1152 40 75 be
1737 1152 82 75 237.

1502 1248 111 75 13824
1638 1248 63 75 (24

1382 1292 112 75 Subtr.
1520 1292 20 75 8
1550 1292 37 75 =
1596 1292 110 75 2x2x3

190 1353 23 49 £C
237 1371 77 75 The
337 1371 127 75 general
481 1371 145 75 theorem
647 1371 107 75 which
779 1371 48 75 we
843 1371 80 75 gave
938 1371 54 75 for
1007 1371 56 75 the
1078 1371 90 75 invq-

141 1418 24 75 “
190 1418 104 75 lution
322 1418 41 75 of
385 1418 166 75 binomials
580 1418 67 75 will
673 1418 88 75 ferve
787 1418 65 75 alfo
874 1418 53 75 for
948 1418 85 75 their
1059 1418 110 75 evo}u-

142 1464 25 75 “
193 1464 116 75 tion;”
342 1464 132 75 becaufe
491 1464 34 75 to
542 1464 124 75 extrad
683 1464 61 75 any
762 1464 72 75 root
851 1464 40 75 of
911 1464 19 75 a
956 1464 94 75 given
1068 1464 101 75 quan-

139 1510 64 75 tity
229 1510 27 75 is
284 1510 56 75 the
367 1510 84 75 fame
474 1510 93 75 thing
594 1510 34 75 as
655 1510 36 75 to
720 1510 78 75 raife
825 1510 72 75 that
925 1510 149 75 quantity
1090 1510 34 75 to
1149 1510 20 75 a

140 1556 111 75 power
274 1556 106 75 whofe
404 1556 161 75 exponent
580 1556 26 75 is
625 1556 18 75 a
659 1556 133 75 fradion
807 1556 72 75 that
893 1556 57 75 has
967 1556 42 75 its
1025 1556 145 75 denomi-

141 1602 93 75 nator
258 1602 95 75 equal
370 1602 35 75 to
421 1602 56 75 the
494 1602 132 75 number
643 1602 71 75 that
730 1602 159 75 exprefles
916 1602 88 75 what
1030 1602 80 75 kind
1136 1602 40 75 of

141 1649 76 75 root
232 1649 27 75 is
276 1649 35 75 to
327 1649 39 75 be
382 1649 178 75 extraded.
623 1649 109 75 Thus,
758 1649 35 75 to
822 1649 125 75 extrad
974 1649 55 75 the
1056 1649 114 75 fquare

142 1694 74 75 root
231 1694 41 75 of
291 1694 21 75 a
373 1694 18 75 b
415 1694 27 75 is
459 1694 36 75 to
511 1694 78 75 raife
613 1694 19 75 a
696 1694 18 75 b
738 1694 36 75 to
790 1694 19 75 a
824 1694 108 75 power
947 1694 106 75 whofe
1068 1694 102 75 expo-

144 1740 78 75 nent
238 1740 27 75 is

187 1786 77 75 The
281 1786 87 75 roots
385 1786 41 75 of
445 1786 148 75 numbers
610 1786 53 75 are
687 1786 35 75 to
738 1786 41 75 be
795 1786 166 75 extraded
976 1786 32 75 as
1027 1786 89 75 thofe
1133 1786 39 75 of

142 1832 158 75 algebraic
316 1832 185 75 quantities.
552 1832 24 75 “
601 1832 97 75 Place
726 1832 20 75 a
771 1832 91 75 point
888 1832 77 75 over
992 1832 55 75 the
1070 1832 98 75 units,

149 1878 23 75 “
198 1878 62 75 and
275 1878 77 75 then
380 1878 89 75 place
494 1878 106 75 points
625 1878 76 75 over
726 1878 96 75 every
843 1878 100 75 third,
976 1878 122 75 fourth,
1131 1878 39 75 or

143 1925 24 75 “
194 1925 74 75 fifth
285 1925 100 75 figure
402 1925 137 75 towards
568 1925 55 75 the
645 1925 60 75 left
731 1925 99 75 hand,
856 1925 170 75 according
1048 1925 32 75 as
1098 1925 26 75 it
1140 1925 28 75 is

144 1971 24 75 “
194 1971 56 75 the
267 1971 74 75 root
355 1971 41 75 of
406 1971 55 75 the
478 1971 92 75 cube,
595 1971 40 75 of
647 1971 56 75 the
720 1971 60 75 4th
797 1971 38 75 or
853 1971 57 75 jth
927 1971 108 75 power
1054 1971 72 75 that
1140 1971 28 75 is

145 2017 26 75 “
196 2017 169 75 required;
391 2017 74 75 and,
491 2017 30 75 if
543 2017 91 75 there
659 2017 41 75 be
729 2017 62 75 any
806 2017 149 75 decimals
972 2017 146 75 annexed
1134 2017 35 75 to

144 2064 25 75 “
194 2064 55 75 the
265 2064 145 75 number,
437 2064 90 75 point
549 2064 89 75 them
653 2064 84 75 after
754 2064 55 75 the
825 2064 84 75 fame
928 2064 143 75 manner,
1095 2064 74 75 pro-

143 2110 24 75 “
193 2110 132 75 ceeding
340 2110 85 75 from
441 2110 56 75 the
520 2110 89 75 place
636 2110 41 75 of
703 2110 86 75 units
817 2110 138 75 towards
984 2110 55 75 the
1067 2110 102 75 right-

144 2157 26 75 “
196 2157 99 75 hand.
342 2157 54 75 By
411 2157 64 75 this
492 2157 106 75 means
616 2157 55 75 the
688 2157 132 75 number
836 2157 64 75 will
918 2157 39 75 be
973 2157 130 75 divided
1120 2157 49 75 in-

144 2203 24 75 “
193 2203 34 75 to
244 2203 34 75 fo
294 2203 95 75 many
404 2203 130 75 periods
552 2203 33 75 as
602 2203 91 75 there
709 2203 53 75 are
779 2203 115 75 figures
910 2203 33 75 in
959 2203 54 75 the
1031 2203 72 75 root
1120 2203 49 75 re-

144 2249 26 75 “
196 2249 127 75 quired.
369 2249 98 75 Then
495 2249 124 75 inquire
647 2249 106 75 which
781 2249 26 75 is
835 2249 55 75 the
918 2249 135 75 greateft
1075 2249 92 75 cube,

144 2294 25 75 “
193 2294 200 75 biquadrate,
418 2294 38 75 or
474 2294 57 75 yth
548 2294 108 75 power
671 2294 32 75 in
720 2294 55 75 the
791 2294 64 75 firft
872 2294 122 75 period,
1026 2294 64 75 and
1114 2294 55 75 the

146 2340 24 75 “
195 2340 74 75 root
280 2340 40 75 of
332 2340 71 75 that
414 2340 106 75 power
536 2340 66 75 will
618 2340 70 75 give
705 2340 56 75 the
777 2340 65 75 firft
858 2340 100 75 figure
974 2340 39 75 of
1025 2340 55 75 the
1097 2340 74 75 root

145 2387 25 75 “
195 2387 163 75 required.
407 2387 149 75 Subtrad
574 2387 53 75 the
644 2387 134 75 greateft
795 2387 92 75 cube,
905 2387 202 75 biquadrate,
1132 2387 39 75 or

147 2433 25 75 “
201 2433 58 75 5th
270 2433 121 75 power,
408 2433 84 75 from
509 2433 55 75 the
576 2433 64 75 firft
651 2433 124 75 period,
793 2433 63 75 and
871 2433 36 75 to
923 2433 55 75 the
994 2433 177 75 remainder

146 2478 25 75 “
197 2478 105 75 annex
328 2478 55 75 the
407 2478 64 75 firft
492 2478 99 75 figure
619 2478 40 75 of
678 2478 82 75 your
775 2478 116 75 fecond
906 2478 123 75 period,
1064 2478 106 75 which

147 2525 26 75 “
199 2525 77 75 fhall
299 2525 71 75 give
385 2525 82 75 your
482 2525 164 75 dividend.

195 2571 22 75 “
243 2571 96 75 Raife
356 2571 54 75 the
426 2571 64 75 firft
506 2571 100 75 figure
623 2571 129 75 already
774 2571 101 75 found
899 2571 36 75 to
953 2571 18 75 a
986 2571 109 75 power
1110 2571 60 75 lefs

148 2618 25 75 “
197 2618 44 75 by
258 2618 68 75 unit
342 2618 76 75 than
434 2618 55 75 the
506 2618 107 75 power
629 2618 106 75 whofe
759 2618 73 75 root
848 2618 26 75 is
891 2618 127 75 fought,
1044 2618 70 75 that
1129 2618 41 75 is,

148 2664 24 75 “
197 2664 36 75 to
250 2664 54 75 the
322 2664 55 75 2d,
413 2664 55 75 3d,
501 2664 38 75 or
562 2696 20 49 4
582 2664 38 75 th
644 2664 120 75 power,
790 2664 170 75 according
976 2664 33 75 as
1026 2664 25 75 it
1071 2664 27 75 is
1116 2664 55 75 the

148 2711 10 75 ‘
158 2693 14 49 c
197 2711 80 75 cube
295 2711 84 75 root,
404 2711 55 75 the
476 2711 73 75 root
565 2711 40 75 of
627 2711 54 75 the
699 2711 72 75 4th,
797 2711 36 75 or
861 2711 55 75 the
944 2711 73 75 root
1046 2711 40 75 of
1112 2711 56 75 the

148 2757 24 75 “
202 2757 55 75 jth
275 2757 107 75 power
398 2757 70 75 that
485 2757 26 75 is
528 2757 162 75 required,
715 2757 64 75 and
798 2757 146 75 multiply
969 2757 70 75 that
1061 2757 110 75 power

147 2803 25 75 “
197 2803 45 75 by
258 2803 55 75 the
328 2803 99 75 index
443 2803 40 75 of
494 2803 54 75 the
565 2803 92 75 cube,
685 2803 69 75 4th,
773 2803 37 75 or
829 2803 57 75 5th
902 2803 123 75 power,
1042 2803 63 75 and
1121 2803 48 75 di-

149 2849 24 75 “
198 2849 73 75 vide
287 2849 55 75 the
358 2849 151 75 dividend
532 2849 43 75 by
591 2849 64 75 this
677 2849 143 75 produd,
844 2849 35 75 fo
902 2849 76 75 ftiall
1006 2849 56 75 the
1089 2849 81 75 quo-

148 2895 25 75 “
199 2895 79 75 tient
294 2895 40 75 be
350 2895 55 75 the
425 2895 114 75 fecond
554 2895 100 75 figure
669 2895 41 75 of
730 2895 56 75 the
803 2895 72 75 root
898 2895 161 75 required.

198 2941 22 75 “
246 2941 95 75 Raife
357 2941 54 75 the
439 2941 70 75 part
536 2941 128 75 already
690 2941 102 75 found
815 2941 40 75 of
874 2941 55 75 the
954 2941 85 75 root,
1063 2941 36 75 to
1115 2941 55 75 the

151 2987 23 75 “
197 2987 108 75 power
321 2987 104 75 whofe
442 2987 72 75 root
530 2987 26 75 is
575 2987 160 75 required,
760 2987 63 75 and
849 2987 30 75 if
902 2987 70 75 that
996 2987 109 75 power
1129 2987 41 75 be

1322 1386 181 75 3x4=12)
1532 1386 41 75 58
1601 1386 39 75 (4

1452 1431 112 75 Subtr.
1591 1431 337 75 24x24x24=13824

1546 1523 97 75 Rem.
1686 1523 102 75 ...
1836 1523 24 75 o
1886 1523 9 75 .
1922 1523 20 75 „

1236 1597 13 75 .
1261 1597 40 75 In
1329 1597 178 75 extrading
1530 1597 40 75 of
1594 1597 102 75 roots,
1722 1597 84 75 after
1821 1597 65 75 you
1901 1597 82 75 have
1999 1597 83 75 gone
2097 1597 144 75 through

1218 1642 53 75 the
1288 1642 134 75 number
1439 1642 168 75 propofed,
1633 1642 32 75 if
1676 1642 89 75 there
1781 1642 27 75 is
1828 1642 19 75 a
1868 1642 190 75 remainder,
2084 1642 65 75 you
2165 1642 74 75 may

1216 1688 148 75 continue
1381 1688 55 75 the
1451 1688 165 75 operation
1632 1688 44 75 by
1693 1688 117 75 adding
1838 1688 125 75 periods
1991 1688 41 75 of
2053 1688 133 75 cyphers
2202 1688 36 75 to

1216 1734 70 75 that
1302 1734 190 75 remainder*,
1509 1734 62 75 and
1587 1734 67 75 find
1669 1734 55 75 the
1740 1734 72 75 true
1827 1734 74 75 root
1915 1734 34 75 in
1964 1734 150 75 decimals
2126 1734 35 75 to
2177 1734 61 75 any

1215 1781 116 75 degree
1346 1781 41 75 of
1398 1781 175 75 exadnefs.

1341 1922 173 75 Chap.
1543 1922 104 75 VIII.
1706 1922 67 75 Cy
1791 1922 330 75 Proportion.

1260 2016 125 75 When
1412 2016 172 75 quantities
1608 2016 41 75 of
1665 2016 56 75 the
1740 2016 85 75 fame
1842 2016 77 75 kind
1935 2016 53 75 are
2005 2016 181 75 compared,
2211 2016 27 75 it

1215 2062 72 75 may
1303 2062 40 75 be
1360 2062 193 75 confidered,
1582 2062 103 75 either
1701 2062 74 75 how
1791 2062 95 75 much
1903 2062 55 75 the
1974 2062 60 75 one
2062 2062 26 75 is
2113 2062 125 75 greater

1214 2109 77 75 than
1307 2109 56 75 the
1380 2109 106 75 other,
1511 2109 64 75 and
1590 2109 87 75 what
1693 2109 27 75 is
1737 2109 83 75 their
1837 2109 192 75 difference;
2054 2109 50 75 or,
2121 2109 26 75 it
2165 2109 74 75 may

1214 2156 40 75 be
1270 2156 183 75 confidered
1467 2156 76 75 how
1559 2156 95 75 many
1670 2156 92 75 times
1790 2156 56 75 the
1873 2156 60 75 one
1960 2156 26 75 is
2014 2156 170 75 contained
2205 2156 34 75 in

1215 2202 56 75 the
1286 2202 116 75 other;
1436 2202 50 75 or,
1515 2202 89 75 more
1631 2202 175 75 generally,
1831 2202 87 75 what
1934 2202 27 75 is
1978 2202 84 75 their
2079 2202 156 75 quotient.

1213 2248 77 75 The
1306 2248 64 75 firft
1386 2248 137 75 relation
1539 2248 41 75 of
1590 2248 171 75 quantities
1788 2248 26 75 is
1843 2248 164 75 expreffed
2033 2248 45 75 by
2102 2248 83 75 their
2200 2248 37 75 a-

1216 2294 199 75 rithmetical
1436 2294 86 75 ratio
1530 2294 14 75 ;
1585 2294 56 75 the
1662 2294 116 75 fecond
1794 2294 44 75 by
1853 2294 84 75 their
1956 2294 213 75 geometrical
2182 2294 55 75 ra-

1215 2339 58 75 tio.
1305 2339 92 75 That
1413 2339 82 75 term
1512 2339 105 75 whofe
1634 2339 82 75 ratio
1732 2339 27 75 is
1775 2339 150 75 inquired
1940 2339 68 75 into
2023 2339 26 75 is
2067 2339 104 75 called
2181 2339 56 75 the

1214 2385 200 75 antecedent,
1439 2385 63 75 and
1517 2385 71 75 that
1605 2385 77 75 with
1699 2385 105 75 which
1821 2385 28 75 it
1864 2385 27 75 is
1908 2385 170 75 compared
2092 2385 27 75 is
2136 2385 103 75 called

1217 2433 55 75 the
1289 2433 197 75 confequent.

1263 2478 110 75 When
1402 2478 39 75 of
1463 2478 74 75 four
1564 2478 171 75 quantities
1762 2478 56 75 the
1842 2478 172 75 difference
2029 2478 137 75 betwixt
2181 2478 57 75 the

1217 2525 63 75 firft
1304 2525 64 75 and
1389 2525 117 75 fecond
1529 2525 27 75 is
1579 2525 94 75 equal
1698 2525 35 75 to
1754 2525 56 75 the
1834 2525 171 75 difference
2029 2525 136 75 betwixt
2181 2525 56 75 the

1216 2570 89 75 third
1321 2570 61 75 and
1399 2570 122 75 fourth,
1538 2570 89 75 thofe
1645 2570 170 75 quantities
1832 2570 54 75 are
1901 2570 103 75 called
2014 2570 226 75 arithmetical

1210 2616 237 75 proportionals
1459 2616 10 75 \
1496 2616 33 75 as
1546 2616 56 75 the
1617 2616 148 75 numbers
1786 2616 31 75 3,
1839 2616 32 75 7,
1894 2616 53 75 12,
1969 2616 54 75 16.
2086 2616 79 75 And
2181 2616 54 75 the

1216 2662 171 75 quantities
1404 2662 33 75 a,
1455 2662 91 75 a-\-b,
1572 2662 29 75 e,
1619 2662 85 75 effb.
1769 2662 68 75 But
1860 2662 171 75 quantities
2058 2662 83 75 form
2157 2662 18 75 a
2181 2662 54 75 fe-

1216 2709 62 75 ries
1295 2709 33 75 in
1345 2709 210 75 arithmetical
1572 2709 197 75 proportion,
1794 2709 93 75 when
1903 2709 78 75 they
2004 2709 25 75 “
2046 2709 137 75 increafe
2199 2709 37 75 or

1217 2755 23 75 “
1265 2755 146 75 decreafe
1427 2755 45 75 by
1487 2755 55 75 the
1558 2755 83 75 fame
1657 2755 140 75 conftant
1812 2755 209 75 difference.”
2068 2755 49 75 As
2135 2755 99 75 thefe,

1213 2802 34 75 a,
1265 2802 90 75 a+b,
1373 2802 113 75 a-\-2b,
1504 2802 113 75 a+33,
1634 2802 60 75 rf+
1694 2834 23 49 4
1717 2802 31 75 £,
1767 2802 8 75 '
1775 2802 55 75 be.
1856 2802 31 75 x,
1907 2802 97 75 x—b,
2022 2802 120 75 x—2b,
2168 2802 65 75 be.

1215 2849 37 75 or
1267 2849 55 75 the
1339 2849 146 75 numbers
1508 2849 29 75 1,
1557 2849 33 75 2,
1609 2849 33 75 3,
1660 2849 34 75 4,
1715 2849 32 75 J,
1765 2849 63 75 be.
1846 2849 63 75 and
1929 2849 54 75 10,
2003 2849 33 75 7,
2054 2849 34 75 4,
2105 2849 30 75 1,
2151 2849 83 75 —2,

1213 2895 82 75 —y,
1311 2895 83 75 —8,
1413 2895 64 75 be.

1261 2940 39 75 In
1316 2940 73 75 four
1404 2940 173 75 quantities
1603 2940 250 75 arithmetically
1876 2940 235 75 proportional,
2136 2940 25 75 “
2178 2940 57 75 the

1215 2987 24 75 “
1263 2987 68 75 fum
1342 2987 45 75 of
1397 2987 55 75 the
1468 2987 159 75 extremes
1651 2987 27 75 is
1704 2987 94 75 equal
1814 2987 36 75 to
1865 2987 57 75 the
1937 2987 67 75 fum
2020 2987 41 75 of
2071 2987 55 75 the
2142 2987 92 75 mean

2047 3030 23 75 “
2096 3030 135 75 terms.”
