2397 3387
585 124 34 75 B
709 124 39 75 O
838 124 39 75 O
967 124 36 75 K
1055 124 15 75 -
1121 124 36 75 K

135 195 98 75 pany,
250 195 28 75 if
287 195 54 75 not
354 195 260 75 yetdifchargsd,
628 195 50 75 for
685 195 90 75 value
785 195 39 75 of
830 195 115 75 goods;
964 195 200 75 andtoCW/5,

140 240 52 75 for
201 240 129 75 charges
339 240 86 75 here,
439 240 30 75 if
473 240 69 75 paid
555 240 41 75 by
605 240 76 75 you,
695 240 38 75 or
748 240 35 75 to
800 240 128 75 partner
944 240 49 75 his
1009 240 157 75 accompt-

135 286 129 75 proper,
281 286 30 75 if
323 286 41 75 by
374 286 96 75 him),
499 286 82 75 idly.
601 286 89 75 Each
702 286 184 75 partner/j/V
897 286 274 75 accompt-proper

141 334 53 75 Dr
215 334 20 75 x.
235 334 14 75 0
261 334 81 75 ditto
358 334 49 75 his
422 334 141 75 accotnpt
587 334 34 75 in
631 334 159 75 company,
817 334 51 75 for
879 334 49 75 his
950 334 87 75 (hare
1054 334 39 75 of
1104 334 67 75 laid

140 378 143 75 charges.

186 426 78 75 Cafe
282 426 29 75 2.
335 426 38 75 If
386 426 61 75 you
460 426 81 75 have
555 426 107 75 return
673 426 29 75 in
716 426 85 75 bills,
819 426 193 75 enteronce;
1030 426 137 75 namely,

188 470 96 75 Cash,
310 470 29 75 if
352 470 149 75 remitted
519 470 33 75 to
568 470 76 75 you,
671 470 60 75 and
749 470 72 75 paid
838 470 34 75 at
889 470 91 75 fight,
1033 470 27 75 ^

188 516 87 75 Bills
293 516 189 75 receivable,
508 516 29 75 if
550 516 150 75 remitted
719 516 35 75 to
770 516 61 75 you
850 516 32 75 at
900 516 125 75 ufance,
1038 516 22 75 V
1077 516 52 75 Dr

189 560 148 75 Partner
347 560 49 75 his
405 560 141 75 accompt
557 560 128 75 proper,
704 560 30 75 if
737 560 147 75 remitted
897 560 33 75 to
948 560 78 75 him,
1035 560 26 75 J

235 607 184 75 TloFaftor
436 607 61 75 our
502 607 141 75 accompt
660 607 146 75 current,
820 607 52 75 for
887 607 90 75 value
995 607 38 75 of
1039 607 54 75 the
1101 607 68 75 bill.

189 654 78 75 Cafe
285 654 23 75 o,
308 654 8 75 .
339 654 38 75 If
389 654 65 75 you
482 654 37 75 or
548 654 128 75 partner
704 654 92 75 remit
822 654 17 75 a
856 654 56 75 bill
930 654 34 75 to
982 654 55 75 the
1055 654 113 75 fadtor,

142 698 196 75 enteronce,
364 698 68 75 viz.
457 698 116 75 FaClor
597 698 58 75 our
668 698 141 75 accompt
825 698 136 75 current
973 698 52 75 XDt

141 746 57 75 To
211 746 94 75 Cash,
319 746 37 75 or
374 746 54 75 the
441 746 161 75 Drawer,
613 746 30 75 if
651 746 147 75 remitted
811 746 44 75 by
868 746 73 75 you,
952 746 21 75 7
992 746 52 75 for
1055 746 92 75 value

142 792 57 75 To
213 792 150 75 Partner
374 792 49 75 his
439 792 142 75 accompt
596 792 131 75 proper,
753 792 30 75 if
795 792 43 75 by
864 792 77 75 him,
953 792 22 75 5
992 792 39 75 of
1036 792 54 75 the
1103 792 67 75 bill.

142 854 98 75 Prob.
267 854 30 75 7.
314 854 38 75 Z.
400 854 129 75 Debtor
540 854 69 75 and
619 854 153 75 Creditor
787 854 131 75 applied
934 854 36 75 in
986 854 183 75 admitting

516 899 21 75 a
553 899 73 75 new
638 899 151 75 partner.

190 953 83 75 The
292 953 115 75 entries
425 953 35 75 to
477 953 38 75 be
528 953 91 75 made
631 953 33 75 in
681 953 169 75 admitting
863 953 17 75 a
892 953 70 75 new
973 953 127 75 partner
1112 953 56 75 not

143 999 92 75 being
258 999 161 75 reducible
446 999 34 75 to
504 999 123 75 didindt
655 999 96 75 cafes,
777 999 48 75 we
853 999 79 75 (hall
961 999 127 75 explain
1113 999 55 75 the

141 1044 115 75 matter
274 1044 41 75 by
333 1044 18 75 a
367 1044 169 75 particular
555 1044 158 75 example.
761 1044 142 75 Suppofe
919 1044 77 75 then
1014 1044 153 75 yourfelf,

140 1091 36 75 as
192 1091 127 75 truflee,
345 1091 128 75 already
486 1091 31 75 in
535 1091 155 75 company
707 1091 79 75 with
800 1091 60 75 one
877 1091 129 75 partner
1023 1091 45 75 A.
1091 1091 77 75 each

142 1136 60 75 one
219 1136 80 75 half,
325 1136 51 75 for
395 1136 66 75 300
473 1136 22 75 /.
519 1136 63 75 a,nd
610 1136 69 75 that
696 1136 63 75 you
785 1136 93 75 agree
895 1136 81 75 with
994 1136 41 75 B.
1060 1136 35 75 to
1112 1136 55 75 ad-

141 1180 59 75 mit
217 1180 65 75 him
296 1180 32 75 as
345 1180 18 75 a
380 1180 86 75 third
483 1180 139 75 partner,
649 1180 82 75 upon
757 1180 49 75 his
824 1180 117 75 paying
958 1180 32 75 in
1011 1180 96 75 100/.
1133 1180 34 75 as

141 1227 49 75 his
206 1227 25 75 -f
247 1227 86 75 (hare
350 1227 41 75 of
401 1227 86 75 (lock
506 1227 10 75 ;
542 1227 84 75 upon
654 1227 63 75 this
745 1227 202 75 fuppofition,
974 1227 56 75 the
1047 1227 119 75 entries

142 1272 34 75 to
190 1272 37 75 be
241 1272 91 75 made
348 1272 53 75 are
414 1272 32 75 as
464 1272 138 75 follows.

190 1319 58 75 ijl.
265 1319 72 75 You
357 1319 72 75 may
447 1319 103 75 either
565 1319 45 75 let
627 1319 55 75 the
699 1319 145 75 accompt
863 1319 39 75 of
914 1319 103 75 Goods
1034 1319 36 75 in
1083 1319 80 75 com-

133 1362 83 75 pany
233 1362 88 75 (land
335 1362 32 75 as
384 1362 25 75 it
426 1362 38 75 is,
490 1362 49 75 till
557 1362 55 75 the
626 1362 100 75 goods
740 1362 52 75 are
809 1362 82 75 (old,
917 1362 38 75 or
979 1362 129 75 balance
1124 1362 40 75 it,

139 1406 43 75 by
210 1406 151 75 charging
378 1406 101 75 Goods
496 1406 35 75 in
547 1406 147 75 company
717 1406 83 75 with
817 1406 47 75 A.
892 1406 70 75 and
987 1406 42 75 B.
1055 1406 54 75 Dr
1130 1406 34 75 to

139 1453 101 75 Goods
258 1453 35 75 in
311 1453 148 75 company
476 1453 85 75 with
579 1453 45 75 A.

189 1498 84 75 idly,
299 1498 129 75 Charge
452 1498 45 75 A.
522 1498 50 75 his
589 1498 140 75 accompt
746 1498 35 75 in
798 1498 146 75 company
961 1498 53 75 Dr
1031 1498 34 75 to
1082 1498 82 75 ditto

139 1544 49 75 his
205 1544 140 75 accompt
356 1544 131 75 proper,
503 1544 46 75 50
563 1544 22 75 /.
610 1544 52 75 for
678 1544 49 75 his
738 1544 59 75 one
809 1544 72 75 half
888 1544 40 75 of
934 1544 54 75 the
999 1544 61 75 fale
1074 1544 34 75 to
1122 1544 41 75 B.

187 1590 84 75 idly.
298 1590 37 75 If
346 1590 42 75 B.
412 1590 158 75 prefentiy
584 1590 59 75 pay
659 1590 32 75 in
709 1590 49 75 his
784 1590 88 75 (hare
895 1590 39 75 of
946 1590 99 75 (lock,
1072 1590 91 75 there

138 1634 54 75 are
221 1634 90 75 three
333 1634 161 75 varieties.
545 1634 57 75 \Ji,
629 1634 37 75 If
683 1634 41 75 he
747 1634 63 75 pay
838 1634 55 75 the
910 1634 104 75 whole
1032 1634 35 75 to
1084 1634 77 75 you,

134 1681 116 75 charge
266 1681 82 75 Caflo
367 1681 52 75 Dr
443 1681 35 75 to
501 1681 44 75 E.
570 1681 51 75 his
646 1681 141 75 accompt
804 1681 35 75 in
856 1681 161 75 company,
1053 1681 64 75 too
1138 1681 26 75 /.

138 1725 85 75 idly.
249 1725 37 75 If
297 1725 40 75 he
354 1725 61 75 pay
432 1725 55 75 the
504 1725 105 75 whole
636 1725 35 75 to
685 1725 43 75 A.
751 1725 116 75 charge
884 1725 47 75 A.
955 1725 50 75 his
1021 1725 142 75 accompt

129 1771 115 75 proper.
265 1771 52 75 Dr
343 1771 35 75 to
397 1771 42 75 B.
465 1771 49 75 his
532 1771 140 75 accompt
689 1771 36 75 in
742 1771 160 75 company,
931 1771 78 75 100.
1025 1771 24 75 1.
1075 1771 84 75 idly.

134 1817 38 75 If
183 1817 41 75 he
242 1817 60 75 pay
319 1817 59 75 one
396 1817 73 75 half
492 1817 35 75 to
544 1817 75 75 you,
646 1817 64 75 and
733 1817 54 75 the
806 1817 94 75 other
927 1817 33 75 to
978 1817 45 75 A.
1046 1817 116 75 charge

135 1863 161 75 Sundries
323 1863 87 75 (viz.
436 1863 95 75 Cafh,
559 1863 43 75 50
618 1863 23 75 /.
669 1863 71 75 paid
759 1863 33 75 in
807 1863 34 75 to
858 1863 75 75 you,
962 1863 63 75 and
1042 1863 44 75 A.
1112 1863 49 75 his

132 1908 142 75 accompt
293 1908 128 75 proper,
450 1908 43 75 50
509 1908 25 75 /.
556 1908 74 75 paid
654 1908 34 75 to
712 1908 82 75 him)
816 1908 66 75 Drs
904 1908 35 75 to
965 1908 45 75 B.
1037 1908 48 75 his
1104 1908 54 75 ac-

130 1955 103 75 compt
249 1955 35 75 in
297 1955 156 75 company.

181 2000 98 75 ^tkly.
305 2000 35 75 If
349 2000 44 75 B.
424 2000 43 75 do
483 2000 56 75 not
552 2000 60 75 pay
624 2000 31 75 in
673 2000 48 75 his
734 2000 88 75 (hare
834 2000 40 75 of
886 2000 85 75 (lock
985 2000 170 75 prefentiy,

130 2046 75 75 then
223 2046 116 75 charge
357 2046 45 75 B.
429 2046 49 75 his
503 2046 141 75 accompt
656 2046 115 75 proper
789 2046 53 75 Dr
866 2046 35 75 to
919 2046 83 75 ditto
1030 2046 49 75 his
1102 2046 53 75 ac-

130 2092 103 75 compt
256 2092 35 75 in
303 2092 159 75 company,
492 2092 65 75 100
573 2092 48 75 /.;
636 2092 61 75 and
709 2092 92 75 when
817 2092 40 75 he
874 2092 91 75 pays,
990 2092 169 75 difcharge

131 2135 50 75 his
191 2135 141 75 accompt
343 2135 131 75 praper,
499 2135 35 75 as
550 2135 112 75 above.

437 2206 75 75 III.
544 2206 59 75 Of
611 2206 61 75 the
690 2206 201 75 Ledger.

175 2261 84 75 The
280 2261 124 75 Ledger
419 2261 26 75 is
463 2261 53 75 the
533 2261 150 75 principal
701 2261 96 75 book,
825 2261 136 75 wherein
979 2261 42 75 all
1038 2261 53 75 the
1104 2261 46 75 fe-

127 2306 86 75 veral
230 2306 126 75 articles
373 2306 40 75 of
439 2306 75 75 each
539 2306 171 75 particular
726 2306 156 75 accompt,
908 2306 71 75 that
1008 2306 41 75 lie
1067 2306 83 75 feat-

125 2352 89 75 tered
243 2352 31 75 in
300 2352 55 75 the
383 2352 94 75 other
504 2352 100 75 books
632 2352 169 75 according
818 2352 34 75 to
870 2352 83 75 their
968 2352 104 75 dates,
1096 2352 54 75 are

125 2400 150 75 colledted
295 2400 59 75 and
373 2400 107 75 placed
499 2400 161 75 together,
678 2400 30 75 in
722 2400 102 75 fpaces
835 2400 134 75 allotted
982 2400 51 75 for
1046 2400 101 75 them,

122 2444 33 75 in
172 2444 73 75 fuch
264 2444 140 75 manner,
430 2444 71 75 that
518 2444 54 75 the
590 2444 138 75 oppofite
745 2444 86 75 parts
848 2444 40 75 of
895 2444 96 75 every
1003 2444 144 75 kccompt

122 2490 54 75 are
192 2490 46 75 fet
255 2490 133 75 diredtly
404 2490 143 75 fronting
563 2490 62 75 one
641 2490 145 75 another,
805 2490 40 75 on
863 2490 140 75 oppofite
1019 2490 78 75 (ides
1112 2490 39 75 of

120 2535 55 75 the
192 2535 82 75 fame
292 2535 90 75 folio.

166 2582 76 75 The
259 2582 129 75 Ledger
401 2582 25 75 is
439 2582 54 75 the
510 2582 92 75 chief
609 2582 37 75 or
658 2582 150 75 principal
823 2582 86 75 book
918 2582 39 75 of
968 2582 174 75 accompts;

118 2628 34 75 as
169 2628 94 75 being
281 2628 69 75 that
363 2628 101 75 which
481 2628 216 75 immediately
710 2628 133 75 anfwers
857 2628 53 75 the
922 2628 60 75 end
995 2628 40 75 of
1042 2628 99 75 book-

117 2674 136 75 keeping
314 2674 77 75 For,
416 2674 34 75 as
468 2674 58 75 has
543 2674 78 75 been
638 2674 129 75 already
783 2674 164 75 obferved,
974 2674 54 75 the
1045 2674 98 75 Jour-

117 2720 50 75 nal
197 2720 24 75 is
251 2720 74 75 only
354 2720 204 75 preparatory
576 2720 37 75 or
629 2720 218 75 introdudtory
864 2720 35 75 to
918 2720 54 75 the
989 2720 129 75 Ledger
1131 2720 10 75 ;

116 2765 62 75 and
194 2765 55 75 the
258 2765 180 75 Wafle-boi
450 2765 22 75 k
481 2765 141 75 contains
635 2765 77 75 only
724 2765 55 75 the
793 2765 113 75 matter
919 2765 39 75 of
965 2765 174 75 accompts,

116 2812 135 75 without
268 2812 103 75 either
388 2812 54 75 the
460 2812 82 75 form
560 2812 37 75 or
613 2812 95 75 order
723 2812 9 75 ;
760 2812 140 75 whereas
929 2812 55 75 the
1011 2812 130 75 Ledger

114 2858 57 75 has
189 2858 40 75 all
248 2858 54 75 the
320 2858 169 75 perfeftion
506 2858 38 75 of
556 2858 82 75 form
657 2858 61 75 and
730 2858 95 75 order
838 2858 100 75 aimed
954 2858 31 75 at
998 2858 30 75 in
1039 2858 100 75 book-

113 2905 146 75 keeping,
286 2905 158 75 affording
461 2905 18 75 a
495 2905 103 75 ready
609 2905 118 75 anfwer
743 2905 35 75 to
795 2905 42 75 all
853 2905 54 75 the
935 2905 151 75 demands
1105 2905 40 75 of

1248 127 34 75 E
1368 127 35 75 E
1488 127 33 75 P
1608 127 18 75 I
1713 127 42 75 N
1843 127 53 75 G.

2144 127 103 75 (E*,

1217 191 54 75 the
1288 191 177 75 inquifitive
1478 191 177 75 merchant;
1681 191 60 75 and
1758 191 27 75 is
1802 191 160 75 therefore
1978 191 97 75 juflly
2092 191 156 75 efieemcd

1218 236 54 75 the
1285 236 154 75 principal
1456 236 85 75 book
1558 236 39 75 of
1609 236 54 75 the
1681 236 101 75 three.
1833 236 32 75 It
1881 236 26 75 is
1921 236 102 75 called
2040 236 55 75 the
2110 236 136 75 Ledge;,

1222 282 54 75 (an
1298 282 117 75 Italian
1432 282 88 75 word
1539 282 70 75 that
1625 282 132 75 fignifies
1773 282 56 75 art
1846 282 37 75 or
1900 282 191 75 dexterity),
2116 282 133 75 becaufe

1219 327 30 75 in
1279 327 24 75 it
1320 327 54 75 the
1403 327 147 75 artificial
1566 327 69 75 part
1653 327 39 75 of
1705 327 237 75 book-keeping
1971 327 115 75 chiefly
2103 327 144 75 appears.

1219 375 76 75 The
1325 375 142 75 Ledger,
1503 375 32 75 in
1560 375 176 75 oppofition
1764 375 36 75 to
1829 375 54 75 the
1906 375 156 75 fcattered
2090 375 96 75 order
2213 375 40 75 of

1220 421 106 75 things
1343 421 31 75 in
1392 421 55 75 the
1464 421 227 75 Wade-book,
1716 421 57 75 has
1790 421 43 75 all
1862 421 54 75 the
1933 421 171 75 particular
2121 421 129 75 articles

1220 466 38 75 of
1269 466 78 75 each
1364 466 146 75 accompt
1529 466 152 75 colleded
1698 466 61 75 and
1772 466 112 75 placed
1900 466 149 75 together
2061 466 9 75 ;
2096 466 63 75 and
2176 466 73 75 thar

1219 512 31 75 in
1277 512 77 75 fucb
1370 512 17 75 a
1405 512 140 75 manner,
1575 512 33 75 as
1621 512 35 75 to
1679 512 81 75 have
1789 512 55 75 the
1860 512 139 75 oppofite
2013 512 129 75 articles
2161 512 87 75 (epa-

1221 559 101 75 rated,
1348 559 60 75 and
1434 559 46 75 fet
1507 559 142 75 fronting
1677 559 60 75 one
1765 559 134 75 another
1932 559 40 75 on
2004 559 140 75 oppofite
2168 559 82 75 fides

1219 605 40 75 of
1281 605 55 75 the
1364 605 83 75 fame
1475 605 92 75 folio.
1615 605 109 75 Thus,
1750 605 54 75 the
1821 605 140 75 oppofite
1990 605 125 75 articles
2134 605 39 75 of
2193 605 56 75 the

1220 653 244 75 Ca(h-accompt
1487 653 65 75 are,
1578 653 60 75 the
1649 653 84 75 fums
1750 653 39 75 of
1801 653 114 75 money
1932 653 156 75 received,
2115 653 61 75 and
2193 653 55 75 the

1218 697 83 75 fums
1318 697 64 75 laid
1401 697 58 75 out
1476 697 11 75 ;
1512 697 105 75 which
1635 697 205 75 accordingly
1863 697 100 75 (land,
1990 697 54 75 the
2063 697 120 75 former
2206 697 48 75 on-

1220 743 53 75 the
1291 743 53 75 Dr
1360 743 76 75 fide,
1462 743 61 75 and
1541 743 56 75 the
1613 743 97 75 latter
1739 743 41 75 on
1804 743 55 75 the
1887 743 47 75 Cr
1951 743 61 75 fide
2030 743 39 75 of
2093 743 55 75 the
2165 743 84 75 lame

1219 789 92 75 folio.
1360 789 120 75 Again,
1508 789 31 75 in
1557 789 38 75 an
1622 789 144 75 accompt
1795 789 38 75 of
1852 789 114 75 goods,
1993 789 54 75 the
2064 789 101 75 prime
2183 789 67 75 cod

1219 834 62 75 and
1299 834 132 75 charges
1461 834 41 75 go
1520 834 34 75 to
1583 834 55 75 the
1656 834 52 75 Df
1726 834 73 75 fide,
1826 834 61 75 and
1906 834 54 75 the
1977 834 77 75 fales
2075 834 34 75 to
2127 834 54 75 the
2199 834 50 75 Cr

1218 881 63 75 fide
1296 881 9 75 ;
1330 881 42 75 by
1390 881 183 75 comparing
1590 881 41 75 of
1651 881 117 75 which,
1795 881 130 75 appears
1945 881 53 75 the
2016 881 72 75 gain
2107 881 36 75 or
2160 881 61 75 lofs
2239 881 9 75 :

1218 926 60 75 and
1297 926 31 75 fo
1345 926 30 75 in
1394 926 93 75 other
1504 926 174 75 accompts.

1264 973 75 75 The
1368 973 131 75 Ledger
1517 973 94 75 folios
1630 973 53 75 are
1713 973 131 75 divided
1861 973 67 75 into
1951 973 119 75 fpaces,
2096 973 51 75 for
2172 973 77 75 con-

1217 1019 122 75 taining
1355 1019 54 75 the
1426 1019 162 75 accompts
1603 1019 10 75 ;
1638 1019 40 75 on
1696 1019 55 75 the
1769 1019 82 75 head
1865 1019 39 75 of
1916 1019 105 75 which
2046 1019 52 75 are
2119 1019 129 75 written

1218 1065 54 75 the
1293 1065 86 75 titles
1395 1065 40 75 of
1446 1065 55 75 the
1520 1065 173 75 accompts,
1720 1065 131 75 marked
1880 1065 56 75 Dr
1952 1065 40 75 on
2012 1065 54 75 the
2084 1065 163 75 left-hand

1217 1110 90 75 page,
1334 1110 61 75 and
1413 1110 45 75 Cr
1474 1110 39 75 on
1532 1110 55 75 the
1614 1110 85 75 right
1718 1110 9 75 :
1754 1110 111 75 Below
1884 1110 105 75 which
2007 1110 88 75 dand
2124 1110 55 75 the
2196 1110 52 75 ar-

1217 1156 102 75 ticles,
1338 1156 77 75 with
1434 1156 54 75 the
1506 1156 89 75 word
1614 1156 45 75 To
1676 1156 144 75 prefixed
1834 1156 34 75 to
1881 1156 54 75 the
1954 1156 52 75 Dr
2023 1156 75 75 fide,
2117 1156 60 75 and
2192 1156 55 75 the

1216 1202 89 75 word
1320 1202 47 75 By
1384 1202 40 75 on
1442 1202 55 75 the
1511 1202 45 75 Cr
1574 1202 75 75 fide.
1702 1202 94 75 Upon
1809 1202 54 75 the
1881 1202 124 75 margin
2022 1202 53 75 are
2092 1202 171 75 recorded'

1216 1249 58 75 the
1283 1249 89 75 dates
1390 1249 40 75 of
1442 1249 54 75 the
1512 1249 139 75 articles,
1670 1249 31 75 in
1720 1249 142 75 columns
1875 1249 134 75 allotted
2023 1249 56 75 for
2092 1249 70 75 that
2172 1249 74 75 pur.

1215 1295 81 75 pofe.
1344 1295 76 75 The
1444 1295 276 75 money-columns
1738 1295 53 75 are
1809 1295 145 75 thefame
1980 1295 33 75 as
2032 1295 30 75 in
2076 1295 56 75 the
2150 1295 96 75 other

1214 1341 112 75 books.
1353 1341 119 75 Before
1483 1341 85 75 them
1586 1341 102 75 dands
1707 1341 55 75 the
1779 1341 237 75 folio-column,
2043 1341 105 75 which
2167 1341 78 75 con-

1214 1388 80 75 tains
1311 1388 115 75 figures
1443 1388 154 75 direfting
1626 1388 34 75 to
1680 1388 56 75 the
1758 1388 80 75 folio
1856 1388 106 75 where
1988 1388 55 75 the
2060 1388 184 75 correfpon.

1213 1433 78 75 dent
1320 1433 241 75 Ledger-entry
1578 1433 39 75 of
1639 1433 77 75 each
1745 1433 112 75 article
1874 1433 26 75 is
1928 1433 113 75 made;
2069 1433 51 75 fey
2145 1433 101 75 every

1214 1478 91 75 thing
1328 1478 26 75 is
1382 1478 94 75 twice
1501 1478 130 75 entered
1656 1478 30 75 in
1704 1478 55 75 the
1778 1478 142 75 Ledger,
1946 1478 68 75 viz.
2046 1478 42 75 on
2117 1478 54 75 the
2190 1478 54 75 Dr

1213 1525 61 75 fide
1292 1525 39 75 of
1343 1525 59 75 one
1415 1525 158 75 accompt,
1599 1525 60 75 and
1677 1525 91 75 again
1786 1525 83 75 upon
1888 1525 54 75 the
1961 1525 47 75 Cr
2025 1525 62 75 fide
2104 1525 40 75 of
2156 1525 88 75 forae

1212 1571 93 75 other
1321 1571 159 75 accompt;
1506 1571 34 75 fo
1557 1571 69 75 that
1642 1571 87 75 thefe
1754 1571 114 75 figures
1887 1571 154 75 mutually
2055 1571 84 75 refer
2157 1571 100 75 from,

1212 1618 54 75 the
1291 1618 60 75 one
1368 1618 34 75 to
1419 1618 54 75 the
1498 1618 104 75 other,
1629 1618 62 75 and
1719 1618 53 75 are
1797 1618 40 75 of
1861 1618 52 75 ufe
1937 1618 31 75 in
1987 1618 182 75 examining
2186 1618 57 75 the

1212 1663 139 75 Ledger.

1258 1709 65 75 For
1339 1709 55 75 the
1411 1709 99 75 ready
1526 1709 119 75 finding
1662 1709 61 75 any
1739 1709 145 75 accompt
1902 1709 30 75 in
1958 1709 55 75 the
2035 1709 144 75 Ledger,
2214 1709 26 75 it

1211 1755 56 75 has
1285 1755 39 75 an
1341 1755 160 75 alphabet,
1528 1755 37 75 or
1580 1755 111 75 index,
1718 1755 138 75 wherein
1874 1755 53 75 are
1940 1755 127 75 written
2083 1755 54 75 the
2150 1755 107 75 titles-

1212 1800 39 75 of
1262 1800 41 75 all
1317 1800 174 75 accompts,
1510 1800 77 75 with
1602 1800 53 75 the
1665 1800 136 75 number
1814 1800 40 75 of
1868 1800 53 75 the
1935 1800 94 75 folios
2043 1800 105 75 where
2162 1800 77 75 they

1211 1847 100 75 dand.

1257 1895 102 75 Not_e.
1383 1895 39 75 If
1433 1895 54 75 the
1503 1895 309 75 Ledger-accompts
1831 1895 38 75 be
1886 1895 186 75 numbered,
2096 1895 30 75 1,
2148 1895 32 75 2,
2202 1895 34 75 3,

1210 1940 62 75 <bc.
1292 1940 170 75 according
1480 1940 34 75 to
1533 1940 82 75 their
1631 1940 96 75 order
1748 1940 9 75 ;
1781 1940 87 75 thefe
1885 1940 146 75 numbers
2050 1940 72 75 may
2137 1940 38 75 be
2188 1940 50 75 in-

1207 1988 103 75 ferred
1328 1988 30 75 in
1377 1988 55 75 the
1450 1988 236 75 Folio-column
1703 1988 62 75 and
1782 1988 116 75 Index,
1933 1988 59 75 and
2016 1988 75 75 pfed
2116 1988 121 75 indead

1207 2032 39 75 of
1256 2032 56 75 the
1329 2032 81 75 folio
1426 2032 129 75 figures.
1616 2032 67 75 We
1709 2032 79 75 have
1807 2032 173 75 nambered
1999 2032 55 75 the
2071 2032 164 75 accompts

1207 2077 39 75 of
1257 2077 53 75 the
1328 2077 166 75 following
1511 2077 143 75 Ledger,
1682 2077 55 75 but
1755 2077 81 75 have
1855 2077 55 75 not
1937 2077 92 75 made
2046 2077 64 75 this
2130 2077 52 75 ufe
2199 2077 42 75 of

1206 2123 85 75 them
1308 2123 10 75 ;
1345 2123 59 75 our
1419 2123 104 75 defign
1542 2123 93 75 being
1652 2123 76 75 only
1741 2123 33 75 to
1788 2123 96 75 refer,
1904 2123 40 75 by
1960 2123 106 75 means
2079 2123 39 75 of
2131 2123 101 75 them,

1205 2169 35 75 to
1258 2169 55 75 the
1330 2169 308 75 Ledger-accompts
1652 2169 32 75 as
1702 2169 149 75 occafion.
1864 2169 152 75 requires.

1228 2242 94 75 Ktnv
1342 2242 59 75 the
1420 2242 144 75 Ledger
1583 2242 33 75 is
1637 2242 112 75 filled
1765 2242 49 75 up
1823 2242 108 75 from
1950 2242 60 75 the
2028 2242 177 75 Journal.

1247 2312 55 75 To
1320 2312 158 75 tranfport
1495 2312 217 75 immediately
1729 2312 84 75 from
1831 2312 54 75 he
1901 2312 214 75 Wade-book
2124 2312 34 75 to
2176 2312 57 75 the

1199 2357 141 75 Ledger,
1368 2357 118 75 would,
1506 2357 32 75 as
1551 2357 56 75 has
1621 2357 78 75 been
1711 2357 152 75 formerly
1876 2357 164 75 obferved,
2061 2357 37 75 be
2112 2357 16 75 a
2142 2357 89 75 com-

1198 2405 76 75 plex
1290 2405 78 75 tafle,
1394 2405 62 75 and
1474 2405 126 75 require
1623 2405 55 75 too
1704 2405 89 75 great
1820 2405 17 75 a
1862 2405 140 75 meaiure
2026 2405 42 75 of
2089 2405 141 75 thought

1197 2451 61 75 and
1277 2451 155 75 attention
1451 2451 9 75 ;
1486 2451 54 75 but
1568 2451 54 75 the
1647 2451 120 75 former
1784 2451 93 75 being
1899 2451 67 75 fird
1992 2451 140 75 reduced
2151 2451 32 75 to
2208 2451 19 75 a

1196 2497 145 75 Jonrnal,
1368 2497 54 75 the
1439 2497 208 75 transferring
1664 2497 83 75 from
1758 2497 26 75 it
1809 2497 34 75 to
1860 2497 53 75 the
1931 2497 130 75 Ledger
2080 2497 145 75 becomes

1195 2543 82 75 eafy,
1303 2543 62 75 and
1381 2543 73 75 may
1465 2543 38 75 be
1519 2543 180 75 performed
1718 2543 41 75 by
1777 2543 54 75 the
1845 2543 164 75 following

1530 2618 194 75 RUL
1772 2618 30 75 E
1852 2618 37 75 S.

1244 2683 28 75 1.
1298 2683 113 75 Turn
1431 2683 33 75 to
1481 2683 54 75 the
1553 2683 115 75 Index,
1695 2683 62 75 and
1774 2683 48 75 fee
1836 2683 143 75 whether
1990 2683 55 75 the
2057 2683 116 75 debtor
2185 2683 60 75 of'

1191 2730 54 75 the
1262 2730 132 75 Journal
1412 2730 67 75 pod
1496 2730 34 75 to
1548 2730 39 75 be
1604 2730 198 75 tranfported
1820 2730 39 75 be
1872 2730 126 75 written
2013 2730 107 75 there:
2146 2730 35 75 If
2194 2730 25 75 it

1191 2776 39 75 be
1248 2776 67 75 not,
1341 2776 94 75 infert
1452 2776 25 75 it
1494 2776 99 75 under
1607 2776 41 75 its
1661 2776 115 75 proper
1794 2776 107 75 letter,
1927 2776 77 75 with
2020 2776 55 75 the
2088 2776 133 75 number

1191 2822 39 75 of
1249 2822 56 75 the
1323 2822 77 75 folio
1416 2822 35 75 to
1464 2822 102 75 which
1584 2822 26 75 it
1626 2822 27 75 is
1672 2822 33 75 to
1722 2822 39 75 be
1778 2822 134 75 carried.

1240 2870 31 75 2.
1298 2870 97 75 Upon
1413 2870 54 75 the
1484 2870 91 75 folio,
1601 2870 60 75 and
1679 2870 32 75 in
1728 2870 55 75 the
1800 2870 79 75 head
1898 2870 39 75 of
1950 2870 54 75 the
2019 2870 88 75 fpace
2124 2870 93 75 allot-

1191 2916 54 75 ted
1263 2916 50 75 for
1331 2916 53 75 the
1401 2916 156 75 accompt,
1585 2916 88 75 write
1692 2916 54 75 the
1763 2916 70 75 title
1850 2916 31 75 in
1899 2916 17 75 a
1933 2916 87 75 large
2034 2916 70 75 text
2123 2916 94 75 lettar

2164 2974 69 75 fo&r
