2568 3447
711 160 43 75 A
812 160 38 75 R
907 160 37 75 C
1001 160 43 75 H
1100 160 19 75 I
1178 160 40 75 T

201 237 58 75 the
284 237 79 75 fides
387 237 65 75 aftd
478 237 57 75 top
558 237 40 75 of
616 237 56 75 the
693 237 160 75 apertflre,
878 237 41 75 on
936 237 106 75 which
1058 237 54 75 are
1127 237 128 75 placed*

202 284 21 75 a
239 284 128 75 regular
382 284 83 75 frize
491 284 63 75 and
576 284 138 75 cornice.
764 284 191 75 Sometimes
979 284 55 75 the
1060 284 126 75 cornice
1210 284 26 75 is

204 327 174 75 fupported
393 327 44 75 by
454 327 19 75 a
489 327 113 75 couple
619 327 40 75 of
678 327 141 75 confoles
836 327 113 75 placed
969 327 42 75 on
1028 327 79 75 each
1122 327 64 75 fide
1202 327 41 75 of

204 375 57 75 the
277 375 104 75 door;
408 375 63 75 and
492 375 192 75 fometimes,
709 375 119 75 befides
847 375 38 75 an
908 375 190 75 architrave,
1124 375 55 75 the
1202 375 32 75 a-

204 421 128 75 perture
356 421 27 75 is
409 421 144 75 adorned
580 421 79 75 with
683 421 157 75 columns,
865 421 153 75 pilafters,
1044 421 190 75 caryatides,

204 468 38 75 or
258 468 147 75 termini;
432 468 64 75 and
512 468 18 75 a
548 468 126 75 regular
690 468 197 75 entablature
903 468 77 75 with
997 468 19 75 a
1031 468 174 75 pediment.

252 511 228 75 Infide-doors,
521 511 151 75 however
703 511 90 75 fmall
821 511 54 75 the
907 511 144 75 building
1079 511 73 75 may
1180 511 51 75 be,

202 559 113 75 fhould
330 559 101 75 never'
441 559 40 75 be
496 559 163 75 narrower
675 559 76 75 than
764 559 65 75 two
846 559 67 75 feet
929 559 72 75 nine
1016 559 109 75 inches
1137 559 11 75 ;
1174 559 59 75 nor

201 606 114 75 fhould
338 606 78 75 they
440 606 88 75 ever,
553 606 33 75 in
610 606 122 75 private
755 606 126 75 houfes,
906 606 121 75 exceed
1053 606 90 75 three
1166 606 68 75 feet

201 653 49 75 fix
260 653 109 75 inches
386 653 32 75 in
434 653 150 75 breadth,
601 653 106 75 which
723 653 26 75 is
767 653 88 75 more
872 653 77 75 than
962 653 154 75 fufficient
1129 653 35 75 to
1176 653 56 75 ad-

202 699 59 75 mit
281 699 56 75 the
354 699 133 75 bulkieft
504 699 124 75 perfon.
676 699 105 75 Their
796 699 112 75 height
924 699 110 75 ftiould
1051 699 36 75 at
1101 699 74 75 leaft
1191 699 41 75 be

201 745 50 75 fix
266 745 67 75 feet
348 745 91 75 three
456 745 38 75 or
509 745 74 75 four
598 745 132 75 inches;
756 745 167 75 otherwife
935 745 18 75 a
965 745 57 75 tall
1034 745 197 75 perfoacan-

201 792 58 75 not
285 792 70 75 pafs
379 792 137 75 without
539 792 156 75 (looping.
744 792 38 75 In
808 792 167 75 churches,
1001 792 138 75 palaces,
1165 792 87 75 <bc.'

201 838 107 75 where
331 838 91 75 there
446 838 27 75 is
498 838 18 75 a
539 838 142 75 conftant
704 838 118 75 ingrefs
846 838 63 75 and
925 838 103 75 egrefs
1045 838 41 75 of
1103 838 127 75 people,

200 885 56 75 the
273 885 163 75 apertures
452 885 80 75 mud
548 885 39 75 be
603 885 118 75 larger.
770 885 77 75 The
863 885 134 75 fmalleft
1013 885 134 75 breadth
1160 885 71 75 that

201 931 56 75 can
276 931 39 75 be
331 931 92 75 given
440 931 35 75 to
492 931 18 75 a
526 931 72 75 gate
615 931 26 75 is
659 931 47 75 84-
722 931 37 75 or
776 931 21 75 9
810 931 80 75 feet,
914 931 107 75 which
1038 931 27 75 is
1088 931 58 75 but
1166 931 65 75 jult

200 976 154 75 fufficient
371 976 52 75 for
439 976 55 75 the
511 976 123 75 paflage
646 976 40 75 of
704 976 19 75 a
738 976 113 75 coach.

245 1023 93 75 Plate
353 1023 134 75 XXXI.
515 1023 72 75 Fig.
610 1023 30 75 x.
670 1023 33 75 Is
726 1023 18 75 a
768 1023 96 75 ruftic
886 1023 94 75 door,
1005 1023 168 75 compofed
1187 1023 44 75 by

197 1070 57 75 the
271 1070 182 75 celebrated
468 1070 154 75 Vignola,
647 1070 33 75 in
704 1070 103 75 which
832 1070 56 75 the
913 1070 145 75 aperture
1083 1070 146 75 occupies

197 1116 67 75 two
288 1116 103 75 thirds
415 1116 44 75 of
480 1116 58 75 the
562 1116 106 75 whole
691 1116 126 75 height,
850 1116 64 75 and
937 1116 60 75 one
1022 1116 74 75 half
1115 1116 40 75 of
1174 1116 55 75 the

196 1163 107 75 whole
319 1163 158 75 breadth;
503 1163 57 75 the
575 1163 101 75 figure
692 1163 40 75 of
750 1163 27 75 it
801 1163 95 75 being
918 1163 19 75 a
959 1163 119 75 double
1101 1163 126 75 fquare.

196 1210 76 75 The
283 1210 115 75 ruftics
410 1210 73 75 may
495 1210 39 75 be
546 1210 104 75 either
660 1210 124 75 fmooth
798 1210 37 75 or
844 1210 161 75 hatched;
1033 1210 84 75 their
1128 1210 101 75 joints

194 1256 181 75 mud'form
392 1256 19 75 a
427 1256 168 75 reftangle,
612 1256 63 75 and
692 1256 55 75 the
763 1256 134 75 breadth
910 1256 40 75 of
960 1256 79 75 each
1053 1256 86 75 joint
1155 1256 74 75 may

194 1303 40 75 be
246 1303 60 75 one
323 1303 100 75 third,
448 1303 36 75 or
502 1303 65 75 two
583 1303 162 75 fevenths,
772 1303 40 75 of
831 1303 55 75 the
904 1303 130 75 vertical
1052 1303 123 75 lurface
1192 1303 41 75 of

194 1348 20 75 a
240 1348 105 75 rudic.
401 1348 77 75 The
503 1348 101 75 joints
629 1348 40 75 of
693 1348 56 75 the
773 1348 168 75 claveaux,
972 1348 38 75 or
1032 1348 195 75 key-dones,

194 1395 81 75 mud
291 1395 40 75 be
348 1395 110 75 drawn
475 1395 34 75 to
526 1395 55 75 the
597 1395 128 75 fummit
742 1395 39 75 of
802 1395 39 75 an
864 1395 189 75 equilateral
1077 1395 149 75 triangle,

196 1441 110 75 whofe
328 1441 73 75 bafe
417 1441 26 75 is
461 1441 56 75 tire
541 1441 56 75 top
614 1441 41 75 of
673 1441 55 75 the
745 1441 160 75 aperture.
952 1441 78 75 The
1046 1441 181 75 architrave

193 1487 215 75 furrounding
432 1487 55 75 the
512 1487 148 75 aperture
683 1487 74 75 may
782 1487 40 75 be
846 1487 169 75 compofed
1031 1487 103 75 either
1150 1487 40 75 of
1209 1487 19 75 a

193 1534 89 75 large
299 1534 78 75 ogee
394 1534 63 75 and
478 1534 92 75 fillet,
595 1534 39 75 or
657 1534 40 75 of
716 1534 18 75 a
758 1534 168 75 plat-band
950 1534 61 75 and
1036 1534 93 75 fillet.
1179 1534 47 75 Its

194 1581 107 75 whole
317 1581 137 75 breadth
470 1581 80 75 mud
565 1581 41 75 be
621 1581 63 75 one
700 1581 90 75 tenth
817 1581 40 75 of
877 1581 56 75 the
956 1581 136 75 breadth
1113 1581 40 75 of
1172 1581 54 75 the

196 1628 169 75 aperture;
393 1628 56 75 the
465 1628 174 75 remaining
655 1628 72 75 part
743 1628 41 75 of
801 1628 78 75 each
895 1628 69 75 pier
979 1628 96 75 being
1098 1628 53 75 for
1171 1628 56 75 the

194 1674 125 75 rudics.
382 1674 78 75 The
487 1674 198 75 entablature
708 1674 26 75 is
758 1674 150 75 Tufcan:
946 1674 220 75 The^prnice
1193 1674 28 75 is

191 1720 38 75 to
245 1720 40 75 be
301 1720 61 75 one
379 1720 147 75 fifteenth
542 1720 41 75 of
601 1720 55 75 the
672 1720 104 75 whole
792 1720 113 75 height
917 1720 40 75 of
967 1720 57 75 the
1036 1720 100 75 door;
1163 1720 62 75 and

194 1766 87 75 what
307 1766 136 75 remains
467 1766 106 75 below
597 1766 27 75 it
647 1766 96 75 being
777 1766 131 75 divided
932 1766 69 75 into
1025 1766 199 75 twenty-one

188 1813 98 75 oqual
304 1813 100 75 parts,
428 1813 57 75 the
501 1813 66 75 two
583 1813 181 75 uppermod
779 1813 42 75 of
839 1813 88 75 them
944 1813 67 75 will
1035 1813 41 75 be
1100 1813 52 75 for
1169 1813 55 75 the

192 1859 82 75 frize
290 1859 64 75 and
370 1859 190 75 architrave,
586 1859 64 75 and
664 1859 56 75 the
737 1859 175 75 remaining
928 1859 147 75 nineteen
1098 1859 52 75 for
1167 1859 56 75 the

194 1906 109 75 rudics
320 1906 63 75 and
399 1906 102 75 plinth
518 1906 33 75 at
567 1906 56 75 the
640 1906 70 75 foot
727 1906 39 75 of
785 1906 55 75 the
852 1906 94 75 door.

240 1954 73 75 Fig.
332 1954 33 75 2.
397 1954 32 75 Is
453 1954 20 75 a
495 1954 180 75 difpofition
699 1954 40 75 of
756 1954 145 75 Michael
925 1954 171 75 Angelos.
1143 1954 79 75 The

192 2000 153 75 windows
362 2000 40 75 of
421 2000 56 75 the
493 2000 131 75 Capitol
641 2000 33 75 at
696 2000 106 75 Rome
819 2000 53 75 are
888 2000 40 75 of
946 2000 64 75 this
1035 2000 99 75 kind;
1161 2000 63 75 and

193 2046 54 75 Sir
263 2046 209 75 Chridopher
488 2046 106 75 Wren
611 2046 79 75 hath
707 2046 160 75 executed
882 2046 97 75 doors
1002 2046 40 75 of
1062 2046 55 75 the
1139 2046 84 75 fame

191 2092 79 75 kind
286 2092 100 75 under
403 2092 55 75 the
474 2092 212 75 femicircular
701 2092 135 75 porches
861 2092 32 75 in
916 2092 56 75 the
997 2092 100 75 flanks
1124 2092 42 75 of
1184 2092 40 75 St

192 2139 123 75 Pauls.
362 2139 78 75 The
464 2139 102 75 figure
589 2139 41 75 of
648 2139 55 75 the
727 2139 147 75 aperture
897 2139 75 75 may
996 2139 41 75 be
1061 2139 19 75 a
1103 2139 120 75 double

193 2185 134 75 fquare;
353 2185 55 75 the
424 2185 178 75 architrave
626 2185 60 75 one
710 2185 83 75 fixth
820 2185 39 75 of
878 2185 54 75 the
957 2185 134 75 breadth
1108 2185 41 75 of
1167 2185 56 75 the

192 2231 167 75 aperture;
386 2231 63 75 and
468 2231 55 75 the
547 2231 106 75 whole
675 2231 133 75 entabla'
808 2231 66 75 .ure
898 2231 62 75 one
976 2231 131 75 quarter
1123 2231 40 75 of
1181 2231 42 75 its

191 2278 125 75 height.
365 2278 76 75 The
458 2278 88 75 front
561 2278 41 75 of
620 2278 56 75 the
692 2278 140 75 piladers
850 2278 37 75 or
903 2278 157 75 columns,
1086 2278 41 75 on
1144 2278 78 75 each

191 2325 76 75 fide,
292 2325 81 75 mud
389 2325 40 75 be
445 2325 42 75 on
504 2325 18 75 a
537 2325 64 75 line
613 2325 78 75 with
709 2325 55 75 the
781 2325 97 75 fafcia
893 2325 40 75 of
950 2325 55 75 the
1021 2325 200 75 architrave;

191 2372 62 75 and
271 2372 83 75 their
369 2372 137 75 breadth
523 2372 81 75 mud
620 2372 41 75 be
673 2372 19 75 a
703 2372 242 75 femidiameter.

238 2419 73 75 Fig.
332 2419 32 75 3.
390 2419 33 75 Is
448 2419 139 75 likewife
610 2419 22 75 a
654 2419 107 75 defign
785 2419 41 75 of
846 2419 180 75 Vignolas.
1082 2419 33 75 It
1138 2419 26 75 is
1188 2419 40 75 of

192 2465 55 75 the
264 2465 192 75 Corinthian
473 2465 107 75 order,
606 2465 58 75 and
684 2465 161 75 executed
858 2465 30 75 in
907 2465 55 75 the
979 2465 200 75 Cancellaria
1191 2465 32 75 at

191 2510 121 75 Rome.
352 2510 77 75 The
445 2510 113 75 height
574 2510 26 75 is
618 2510 95 75 equal
730 2510 35 75 to
781 2510 119 75 double
916 2510 42 75 its
975 2510 136 75 breadth
1123 2510 12 75 ;
1160 2510 64 75 and

191 2557 56 75 the
263 2557 106 75 whole
385 2557 166 75 ornament
568 2557 33 75 at
616 2557 56 75 the
694 2557 57 75 top
768 2557 27 75 is
819 2557 96 75 equal
937 2557 37 75 to
996 2557 60 75 one
1079 2557 88 75 third
1189 2557 40 75 of

191 2603 56 75 the
263 2603 113 75 height
393 2603 40 75 of
445 2603 54 75 the
516 2603 158 75 aperture.
709 2603 77 75 The
804 2603 179 75 architrave
998 2603 27 75 is
1037 2603 33 75 in
1086 2603 137 75 breadth

192 2650 61 75 one
270 2650 73 75 fifth
360 2650 41 75 of
419 2650 55 75 the
496 2650 194 75 breadth.of
707 2650 56 75 the
785 2650 167 75 aperture;
979 2650 63 75 and
1065 2650 56 75 the
1144 2650 78 75 pila-

192 2695 76 75 ders
292 2695 73 75 that
387 2695 131 75 fupport
541 2695 56 75 the
614 2695 154 75 confoles,
795 2695 52 75 are
864 2695 72 75 half
956 2695 33 75 as
1007 2695 99 75 broad
1118 2695 39 75 a^
1167 2695 57 75 the

192 2740 191 75 architrave.
442 2740 78 75 The
544 2740 105 75 whole
671 2740 27 75 is
723 2740 75 75 well
821 2740 172 75 imagined,
1030 2740 58 75 but
1116 2740 109 75 rather

193 2787 124 75 heavy;
344 2787 62 75 and
420 2787 28 75 it
464 2787 68 75 will
553 2787 40 75 be
617 2787 67 75 bed
707 2787 37 75 to
769 2787 115 75 reduce
907 2787 55 75 the
986 2787 178 75 architrave
1188 2787 36 75 to

192 2836 63 75 one
276 2836 83 75 fixth
382 2836 41 75 of
452 2836 55 75 the
532 2836 159 75 aperture,
723 2836 109 75 dimini
837 2836 86 75 filing
948 2836 55 75 the
1027 2836 197 75 entablature

193 2878 265 75 proportionally.

242 2926 73 75 Fig.
334 2926 34 75 4.
399 2926 33 75 Is
457 2926 18 75 a
498 2926 105 75 defign
614 2926 53 75 .of
686 2926 148 75 Seriios.
882 2926 77 75 The
983 2926 146 75 aperture
1150 2926 76 75 may

195 2971 40 75 be
251 2971 103 75 either
370 2971 94 75 twice
479 2971 34 75 as
529 2971 78 75 high
626 2971 32 75 as
675 2971 118 75 broad,
815 2971 37 75 or
879 2971 17 75 a
921 2971 83 75 trifle
1024 2971 74 75 lefs.
1146 2971 78 75 The

180 3017 170 75 ..diameter
365 3017 40 75 of
424 3017 55 75 the
496 3017 142 75 columns
656 3017 72 75 may
746 3017 39 75 be
802 3017 93 75 equal
914 3017 34 75 to
964 3017 60 75 one
1040 3017 131 75 quarter
1190 3017 40 75 of

290 3064 96 75 Vol.
412 3064 30 75 I.
491 3064 71 75 No.
592 3064 55 75 15.

1168 3064 17 75 3

1276 156 34 75 E
1370 156 36 75 C
1464 156 38 75 T
1502 138 20 49 v
1559 156 45 75 U
1662 156 37 75 R
1756 156 49 75 E.

1960 156 9 75 '

2228 156 84 75 357

1286 229 54 75 the
1356 229 135 75 breadth
1508 229 41 75 of
1567 229 56 75 the
1647 229 168 75 aperture;
1842 229 63 75 and
1929 229 83 75 their
2036 229 111 75 height
2171 229 74 75 may
2268 229 42 75 be

1283 277 84 75 from
1382 277 90 75 eight
1486 277 170 75 diameters
1672 277 35 75 to
1724 277 89 75 eight
1830 277 62 75 and
1909 277 18 75 a
1943 277 79 75 half.
2068 277 78 75 The
2167 277 142 75 entabla-

1283 322 70 75 ture
1377 322 81 75 mud
1482 322 40 75 be
1549 322 173 75 fbmewhat
1750 322 59 75 lefs
1837 322 76 75 than
1936 322 66 75 one
2031 322 132 75 quarter
2190 322 40 75 of
2253 322 56 75 the

1282 368 112 75 height
1410 368 39 75 of
1462 368 55 75 the
1532 368 163 75 columns;
1723 368 63 75 and
1809 368 56 75 the
1882 368 111 75 height
2018 368 40 75 of
2076 368 55 75 the
2147 368 163 75 pediment

1282 415 71 75 may
1371 415 39 75 be
1433 415 61 75 one
1519 415 131 75 quarter
1665 415 40 75 of
1723 415 41 75 its
1781 415 86 75 bafe.

1329 461 72 75 Fig.
1422 461 32 75 5.
1480 461 32 75 Is
1525 461 18 75 a
1554 461 81 75 door
1651 461 32 75 in
1700 461 56 75 the
1772 461 86 75 falon
1876 461 39 75 of
1927 461 55 75 the
1995 461 134 75 Farnefe
2143 461 31 75 at
2187 461 119 75 Rome,

1281 508 148 75 defigned
1456 508 44 75 by
1526 508 154 75 Vignola.
1738 508 77 75 The
1847 508 147 75 aperture
2021 508 100 75 forms
2149 508 19 75 a
2190 508 118 75 double

1280 554 125 75 fquare.
1452 554 77 75 The
1545 554 200 75 entablature
1761 554 26 75 is
1804 554 94 75 equal
1921 554 34 75 to
1980 554 90 75 three
2094 554 162 75 elevenths
2273 554 42 75 of

1281 601 40 75 its
1338 601 124 75 height,
1488 601 56 75 the
1560 601 178 75 architrave
1755 601 95 75 being
1865 601 60 75 one
1949 601 41 75 of
2008 601 87 75 thefe
2120 601 185 75 elevenths;

1280 648 62 75 and
1366 648 56 75 the
1444 648 105 75 whole
1571 648 166 75 ornament
1760 648 42 75 on
1826 648 56 75 the
1897 648 93 75 fides,
2014 648 164 75 confiding
2193 648 40 75 of
2252 648 56 75 the

1280 695 177 75 architrave
1473 695 63 75 and
1551 695 154 75 piladers,
1729 695 27 75 is
1773 695 95 75 equal
1884 695 35 75 to
1935 695 67 75 two
2024 695 145 75 fevenths
2193 695 41 75 of
2252 695 56 75 the

1279 741 135 75 breadth
1431 741 40 75 of
1478 741 58 75 the
1552 741 166 75 aperture:
1753 741 76 75 The
1845 741 127 75 cornice
1987 741 26 75 is
2030 741 197 75 Compofite,
2252 741 55 75 en-

1279 787 112 75 riched
1406 787 79 75 with
1502 787 137 75 mutules
1656 787 63 75 and
1734 787 139 75 dentils;
1899 787 63 75 and
1976 787 58 75 .the
2049 787 83 75 frize
2148 787 27 75 is
2191 787 116 75 adorn-

1279 835 41 75 ed
1335 835 79 75 with
1431 835 19 75 a
1465 835 122 75 fedoon
1604 835 40 75 of
1661 835 113 75 laurel.

1328 882 72 75 Fig.
1420 882 34 75 6.
1481 882 33 75 Is
1531 882 112 75 copied
1659 882 84 75 from
1762 882 18 75 a
1796 882 82 75 door
1890 882 36 75 at
1943 882 169 75 Florence,
2136 882 66 75 faid
2217 882 34 75 to
2267 882 41 75 be

1281 928 18 75 a
1314 928 106 75 defign
1444 928 38 75 of
1504 928 150 75 Cigolis.
1701 928 76 75 The
1801 928 112 75 height
1937 928 36 75 of
1995 928 56 75 the
2075 928 147 75 aperture
2245 928 25 75 is
2289 928 19 75 a

1280 974 83 75 trifle
1380 974 88 75 more
1492 974 77 75 than
1593 974 93 75 twice
1709 974 42 75 its
1774 974 148 75 breadth.
1972 974 33 75 It
2028 974 27 75 is
2076 974 138 75 archEd;
2245 974 63 75 and

1279 1021 55 75 the
1345 1021 125 75 ^mpod
1493 1021 27 75 is
1544 1021 94 75 equal
1663 1021 36 75 to
1722 1021 74 75 half
1814 1021 19 75 a
1856 1021 167 75 diameter.
2070 1021 77 75 The
2163 1021 143 75 columns

1279 1068 53 75 are
1356 1068 103 75 Ionic,
1490 1068 174 75 fomewhat
1691 1068 101 75 above
1818 1068 73 75 nine
1918 1068 170 75 diameters
2110 1068 78 75 high
2201 1068 9 75 ;
2244 1068 64 75 and

1279 1113 84 75 their
1378 1113 95 75 (hafts
1492 1113 53 75 are
1561 1113 164 75 garnifhed
1747 1113 78 75 each
1850 1113 79 75 with
1951 1113 60 75 five
2029 1113 93 75 rudic
2137 1113 168 75 ciilAures.

1277 1160 77 75 The
1369 1160 199 75 entablature
1583 1160 27 75 is
1626 1160 60 75 lefs
1702 1160 77 75 than
1795 1160 62 75 one
1873 1160 131 75 quarter
2019 1160 41 75 of
2077 1160 56 75 the
2155 1160 125 75 column
2294 1160 10 75 ;

1279 1207 61 75 and
1357 1207 54 75 the
1427 1207 134 75 breadth
1578 1207 41 75 of
1638 1207 54 75 the
1709 1207 114 75 tablet,
1848 1207 31 75 in
1904 1207 106 75 which
2034 1207 91 75 there
2147 1207 27 75 is
2199 1207 39 75 an
2255 1207 48 75 in-

1277 1254 163 75 fcripticm,
1464 1254 27 75 is
1508 1254 94 75 equal
1619 1254 36 75 to
1672 1254 55 75 the
1743 1254 135 75 breadth
1895 1254 48 75 of.
1954 1254 56 75 the
2027 1254 160 75 aperture.

1575 1359 78 75 OF
1699 1359 358 75 WINDOWS.

1321 1438 86 75 The
1434 1438 64 75 fird
1520 1438 228 75 confideration
1771 1438 80 75 with
1875 1438 115 75 regard
2014 1438 36 75 to
2076 1438 167 75 windows,
2277 1438 27 75 is

1274 1484 84 75 their
1374 1484 74 75 fize,
1473 1484 106 75 which
1594 1484 102 75 varies
1714 1484 170 75 according
1900 1484 35 75 to
1951 1484 56 75 the
2024 1484 139 75 climate,
2181 1484 55 75 the
2248 1484 57 75 de-

1275 1531 144 75 dination
1436 1531 40 75 of
1494 1531 56 75 the
1566 1531 158 75 building,
1750 1531 64 75 isc.
1864 1531 37 75 In
1919 1531 137 75 Britain,
2082 1531 55 75 the
2149 1531 154 75 windows

1274 1578 40 75 of
1333 1578 56 75 the
1412 1578 137 75 fmalled
1572 1578 122 75 private
1718 1578 112 75 houfes
1855 1578 54 75 are
1931 1578 182 75 commonly
2129 1578 84 75 from
2232 1578 16 75 3
2267 1578 37 75 to

1276 1628 45 75 3-I-
1336 1628 67 75 feet
1419 1628 100 75 broad
1532 1628 10 75 ;
1568 1628 63 75 and
1653 1628 96 75 being
1764 1628 162 75 generally
1949 1628 94 75 twice
2059 1628 85 75 their
2167 1628 137 75 breadth

1273 1670 31 75 in
1322 1670 123 75 height,
1463 1670 38 75 or
1512 1670 174 75 fomewhat
1697 1670 102 75 more,
1816 1670 32 75 in
1865 1670 55 75 the
1933 1670 152 75 principal
2098 1670 206 75 apartments,

1273 1717 78 75 they
1366 1717 163 75 generally
1545 1717 59 75 rife
1621 1717 35 75 to
1672 1717 112 75 within
1801 1717 18 75 a
1835 1717 70 75 foot
1918 1717 37 75 or
1971 1717 66 75 two
2053 1717 41 75 of
2106 1717 54 75 the
2174 1717 130 75 ceilings

1274 1764 39 75 of
1332 1764 55 75 the
1403 1764 123 75 rooms,
1551 1764 105 75 which
1680 1764 54 75 are
1758 1764 185 75 frequently
1966 1764 44 75 no
2031 1764 117 75 higher
2164 1764 76 75 than
2262 1764 42 75 10

1272 1811 81 75 feet,
1376 1811 63 75 and
1456 1811 33 75 at
1511 1811 80 75 mod
1612 1811 96 75 12,or
1729 1811 52 75 13.
1831 1811 79 75 But,
1935 1811 32 75 in
1984 1811 89 75 more
2089 1811 215 75 confiderable

1270 1856 125 75 houfes,
1422 1856 55 75 the
1493 1856 194 75 apartments
1704 1856 53 75 are
1769 1856 84 75 from
1874 1856 38 75 15
1931 1856 35 75 to
1984 1856 44 75 20
2045 1856 65 75 feet
2122 1856 92 75 high,
2240 1856 65 75 and

1273 1904 180 75 fometimes
1478 1904 111 75 more;
1625 1904 62 75 and
1711 1904 31 75 in
1768 1904 88 75 thefe
1878 1904 56 75 the
1962 1904 154 75 windows
2139 1904 54 75 are
2218 1904 86 75 from

1274 1950 20 75 4
1321 1950 35 75 to
1387 1950 17 75 5
1437 1950 64 75 and
1531 1950 44 75 5-4
1602 1950 19 75 f
1621 1932 47 49 eet
1695 1950 113 75 broad,
1846 1950 62 75 and
1933 1950 79 75 high
2038 1950 32 75 in
2098 1950 201 75 proportion.

1270 1997 109 75 Thefe
1406 1997 189 75 dimenfions
1623 1997 53 75 are
1702 1997 156 75 fufficient
1881 1997 52 75 for
1960 1997 280 75 dwelling-houfes
2268 1997 41 75 of

1270 2044 65 75 any
1349 2044 62 75 fize
1427 2044 32 75 in
1475 2044 65 75 this
1557 2044 157 75 country;
1741 2044 92 75 when
1851 2044 78 75 they
1941 2044 52 75 are
2009 2044 117 75 larger,
2152 2044 78 75 they
2245 2044 57 75 ad-

1271 2090 59 75 mit
1345 2090 57 75 too
1418 2090 95 75 much
1531 2090 40 75 of
1589 2090 56 75 the
1662 2090 75 75 cold
1753 2090 46 75 air
1821 2090 32 75 in
1869 2090 127 75 winter.
2045 2090 66 75 But
2133 2090 168 75 churches,

1273 2137 62 75 and
1357 2137 94 75 other
1467 2137 159 75 buildings
1643 2137 40 75 of
1702 2137 71 75 that
1795 2137 89 75 kind,
1910 2137 74 75 may
1999 2137 80 75 have
2101 2137 106 75 larger
2223 2137 79 75 win-

1270 2183 104 75 dows,
1400 2183 229 75 proportioned
1644 2183 35 75 to
1692 2183 55 75 the
1764 2183 62 75 fize
1842 2183 41 75 of
1901 2183 55 75 the
1972 2183 182 75 drudtures.

1317 2231 77 75 The
1410 2231 203 75 proportions
1630 2231 43 75 of
1690 2231 56 75 the
1762 2231 162 75 apertures
1947 2231 40 75 of
2006 2231 154 75 windows
2176 2231 126 75 depend

1270 2276 85 75 upon
1380 2276 84 75 their
1488 2276 159 75 fituatibn.
1694 2276 105 75 Their
1821 2276 135 75 breadth
1981 2276 32 75 in
2038 2276 43 75 all
2109 2276 55 75 the
2191 2276 110 75 dories

1270 2323 81 75 mud
1366 2323 40 75 be
1419 2323 55 75 the
1491 2323 82 75 fame
1585 2323 10 75 ;
1621 2323 58 75 but
1695 2323 55 75 the
1763 2323 149 75 different
1928 2323 128 75 heights
2073 2323 40 75 of
2123 2323 55 75 the
2195 2323 105 75 apart-

1271 2369 102 75 ments
1390 2369 93 75 make
1499 2369 26 75 it
1541 2369 158 75 neceffary
1722 2369 35 75 to
1775 2369 80 75 vary
1879 2369 55 75 the
1950 2369 111 75 height
2086 2369 41 75 of
2145 2369 56 75 the
2220 2369 80 75 win-

1270 2416 90 75 dows
1376 2416 150 75 likewife.
1576 2416 38 75 In
1632 2416 55 75 the
1708 2416 152 75 principal
1882 2416 94 75 floor,
2000 2416 26 75 it
2054 2416 74 75 may
2150 2416 41 75 be
2216 2416 86 75 from

1272 2463 35 75 2-|
1307 2463 11 75 -
1333 2463 41 75 of
1392 2463 55 75 the
1463 2463 135 75 breadth
1621 2463 35 75 to
1673 2463 58 75 2-f,
1757 2463 170 75 according
1953 2463 32 75 as
2010 2463 56 75 the
2089 2463 106 75 rooms
2219 2463 82 75 have

1271 2508 88 75 more
1375 2508 37 75 or
1427 2508 60 75 lefs
1504 2508 170 75 elevation.
1723 2508 38 75 In
1784 2508 55 75 the
1855 2508 239 75 ground-dory,
2119 2508 107 75 where
2243 2508 57 75 the

1272 2554 193 75 apartments
1482 2554 54 75 are
1551 2554 112 75 lower,
1688 2554 55 75 the
1761 2554 161 75 apertures
1940 2554 40 75 of
1998 2554 55 75 the
2070 2554 153 75 windows
2240 2554 59 75 fel-

1270 2600 75 75 dom
1362 2600 122 75 exceed
1501 2600 17 75 a
1536 2600 117 75 double
1668 2600 134 75 fquare;
1829 2600 74 75 and,
1929 2600 92 75 when
2046 2600 78 75 they
2148 2600 53 75 are
2224 2600 31 75 in
2279 2600 21 75 a

1271 2646 92 75 rudic
1380 2646 170 75 bafement,
1576 2646 78 75 they
1677 2646 53 75 are
1754 2646 186 75 frequently
1956 2646 92 75 made
2073 2646 95 75 much
2184 2646 113 75 lower.

1271 2693 75 75 The
1362 2693 112 75 height
1491 2693 39 75 of
1549 2693 55 75 the
1627 2693 153 75 windows
1803 2693 41 75 of
1861 2693 55 75 the
1940 2693 116 75 fecond
2071 2693 81 75 floor
2169 2693 74 75 may
2257 2693 42 75 be

1272 2739 83 75 from
1377 2739 93 75 14-of
1481 2739 85 75 their
1581 2739 134 75 breadth
1733 2739 34 75 to
1788 2739 64 75 if;
1879 2739 61 75 and
1956 2739 110 75 Attics
2083 2739 62 75 and
2160 2739 139 75 Mezza-

1270 2786 89 75 nines
1371 2786 77 75 may
1464 2786 158 75 be.either
1638 2786 19 75 a
1671 2786 256 75 perfedtfquare,
1944 2786 38 75 or
1997 2786 173 75 fomewhat
2186 2786 112 75 lower.

1318 2833 76 75 The
1410 2833 152 75 windows
1579 2833 41 75 of
1638 2833 55 75 the
1708 2833 153 75 principal
1878 2833 81 75 floor
1976 2833 52 75 are
2045 2833 162 75 generally
2219 2833 80 75 mod

1272 2879 163 75 enriched.
1483 2879 75 75 The
1586 2879 132 75 fimpled
1745 2879 132 75 method
1903 2879 42 75 of
1969 2879 154 75 adorning
2147 2879 87 75 them
2257 2879 41 75 is,

1272 2925 79 75 with
1363 2925 39 75 an
1419 2925 178 75 architrave
1612 2925 211 75 furrounding
1840 2925 55 75 the
1911 2925 159 75 aperture,
2097 2925 61 75 and
2174 2925 124 75 crown-

1273 2973 39 75 ed
1339 2973 79 75 with
1447 2973 18 75 a
1493 2973 81 75 frize
1602 2973 60 75 and
1692 2973 138 75 cornice.
1889 2973 77 75 The
1993 2973 156 75 windows
2176 2973 42 75 of
2243 2973 56 75 the

1271 3020 221 75 ground-floor
1513 3020 53 75 are
1588 3020 181 75 fometimes
1794 3020 60 75 left
1878 3020 136 75 entirely
2038 3020 98 75 plain,
2161 3020 139 75 without

1791 3070 19 75 4
1835 3070 34 75 X

2240 3070 63 75 any
