2428 3377
125 161 81 75 si8

672 161 42 75 A
830 161 44 75 N
988 161 42 75 A
1142 161 39 75 T

121 225 71 75 nius
209 225 61 75 and
288 225 315 75 fi:erno-mafloid«us
620 225 42 75 of
679 225 58 75 the
751 225 83 75 fame
851 225 74 75 fide,
952 225 94 75 when
1072 225 89 75 thefe

122 272 67 75 two
205 272 49 75 a<5t
277 272 170 75 together;
475 272 62 75 and
561 272 79 75 they
663 272 74 75 may
761 272 140 75 likewife
924 272 41 75 be
990 272 41 75 of
1051 272 52 75 ufe
1125 272 36 75 to

123 319 147 75 preferve
286 319 55 75 the
361 319 143 75 capfular
520 319 170 75 ligaments
714 319 36 75 to
769 319 107 75 which
892 319 78 75 they
982 319 130 75 adhere.

169 363 79 75 The
263 363 88 75 fmall
368 363 173 75 accefibrii,
568 363 94 75 when
678 363 80 75 they
782 363 58 75 are,
860 363 114 75 found,
999 363 82 75 have
1105 363 55 75 the

122 412 85 75 fame
223 412 69 75 ufes
311 412 79 75 with
411 412 58 75 the
490 412 134 75 mufcles
649 412 36 75 to
708 412 105 75 which
838 412 79 75 they
940 412 52 75 are
1009 412 152 75 fupernu-

124 458 143 75 merary.

156 607 134 75 Sect.
320 607 92 75 XV.
479 607 65 75 Of
565 607 66 75 the
662 607 201 75 Vertebral
889 607 239 75 Muscles.

360 715 281 75 LONGUS
691 715 228 75 COLLI.

167 794 104 75 This
287 794 161 75 vertebral
463 794 119 75 mufcle
598 794 27 75 is
650 794 93 75 made
766 794 43 75 up
832 794 42 75 of
891 794 119 75 feveral
1036 794 140 75 others,"

121 841 136 75 fituated
272 841 149 75 laterally
441 841 95 75 along
552 841 56 75 the
626 841 149 75 fore-fide
800 841 40 75 of
859 841 42 75 all
926 841 55 75 the
1004 841 155 75 vertebrae

122 888 41 75 of
180 888 56 75 the
263 888 93 75 neck,
390 888 64 75 and
476 888 86 75 fome
587 888 40 75 of
646 888 56 75 the
729 888 100 75 upper
857 888 156 75 vertebrae
1041 888 43 75 of
1104 888 56 75 the

120 935 96 75 back.

169 982 31 75 It
225 982 74 75 may
322 982 40 75 be
385 982 145 75 dividedl
539 982 71 75 intO
635 982 65 75 two
723 982 166 75 portions;
917 982 60 75 one
1003 982 154 75 fuperior,

121 1028 166 75 confiding
303 1028 40 75 of
362 1028 131 75 oblique
510 1028 195 75 converging
727 1028 133 75 mufcles
872 1028 21 75 ^
909 1028 63 75 and
993 1028 62 75 one
1077 1028 81 75 infe-

120 1074 81 75 rior,
226 1074 170 75 compofed
408 1074 47 75 of
472 1074 131 75 oblique
619 1074 167 75 diverging
798 1074 147 75 mufcles.

168 1122 77 75 The
261 1122 141 75 fuperior
418 1122 128 75 portion
563 1122 26 75 is
608 1122 137 75 covered
760 1122 44 75 by
827 1122 55 75 the
906 1122 103 75 redtus
1034 1122 124 75 anticus

120 1168 115 75 longus
252 1168 40 75 of
311 1168 56 75 the
382 1168 98 75 head.
524 1168 81 75 The
621 1168 148 75 mulcles,
794 1168 41 75 of
853 1168 106 75 which
972 1168 26 75 it
1018 1168 138 75 confifts,

120 1216 54 75 are
190 1216 89 75 fixed
296 1216 104 75 below
424 1216 35 75 to
477 1216 41 75 all
544 1216 55 75 the
623 1216 175 75 tranfverfe
822 1216 175 75 apophyfes
1022 1216 70 75 that
1115 1216 43 75 lie

119 1261 146 75 between
288 1261 57 75 the
368 1261 39 75 fir
409 1261 24 75 ft
460 1261 151 75 vertebra
637 1261 64 75 and
724 1261 56 75 the
802 1261 69 75 laft.
921 1261 98 75 From
1043 1261 116 75 thence

120 1309 78 75 they
215 1309 59 75 run
290 1309 43 75 up
349 1309 180 75 obliquely,
554 1309 64 75 and
641 1309 54 75 are
718 1309 140 75 inferted
881 1309 32 75 in
939 1309 55 75 the
1017 1309 143 75 anterior

120 1355 162 75 eminence
305 1355 40 75 of
364 1355 63 75 the
445 1355 64 75 firft
524 1355 162 75 vertebra,
711 1355 63 75 and
789 1355 33 75 in
839 1355 57 75 the
912 1355 114 75 bodies,
1041 1355 41 75 of
1101 1355 57 75 the

120 1402 91 75 three
227 1402 179 75 following.

166 1449 76 75 The
258 1449 134 75 inferior
415 1449 127 75 portion
568 1449 133 75 appears
725 1449 111 75 aimed
852 1449 145 75 freight,
1023 1449 62 75 and
1101 1449 56 75 yet

117 1496 45 75 all
179 1496 57 75 the
253 1496 134 75 mufcles
399 1496 70 75 that
486 1496 147 75 comppfe
649 1496 25 75 it
691 1496 54 75 are
762 1496 180 75 diverging,
968 1496 37 75 or
1016 1496 143 75 directed

119 1542 167 75 obliquely
303 1542 160 75 outward.
503 1542 98 75 They
615 1542 52 75 are
680 1542 89 75 fixed
785 1542 104 75 below
904 1542 36 75 to
953 1542 54 75 the
1020 1542 141 75 anterior

118 1588 115 75 lateral
251 1588 71 75 part
337 1588 42 75 of
396 1588 55 75 the
468 1588 87 75 body
573 1588 40 75 of
629 1588 55 75 the
696 1588 57 75 lad
770 1588 147 75 vertebra
933 1588 41 75 of
993 1588 55 75 the
1064 1588 94 75 neck,

119 1635 65 75 and
207 1635 46 75 of
272 1635 55 75 the
351 1635 64 75 fird
441 1635 91 75 three
560 1635 41 75 of
619 1635 56 75 the
700 1635 94 75 Back,
829 1635 62 75 and
918 1635 179 75 fometimes
1123 1635 41 75 of

118 1682 105 75 more.
272 1682 100 75 From
389 1682 116 75 thence
528 1682 78 75 thpy
622 1682 58 75 run
704 1682 144 75 upward,
875 1682 63 75 and
954 1682 19 75 a
988 1682 85 75 little
1098 1682 59 75 ob-

119 1729 123 75 liquely
259 1729 158 75 outward,
444 1729 63 75 and
524 1729 54 75 are
600 1729 140 75 inferted
762 1729 76 75 near
862 1729 55 75 the
933 1729 175 75 tranfverle
1123 1729 33 75 a-

118 1776 157 75 pophyfes
293 1776 40 75 of
344 1776 42 75 all
403 1776 57 75 the
476 1776 155 75 vertebra
648 1776 41 75 of
700 1776 55 75 the
773 1776 95 75 neck,
891 1776 117 75 except
1026 1776 55 75 the
1093 1776 65 75 fird

118 1822 65 75 and
194 1822 71 75 lad.

149 1925 501 75 TRANSVERSALIS
691 1925 180 75 COLLI
911 1925 213 75 MAJOR.

168 2004 60 75 Th
236 2004 11 75 i
256 2004 14 75 s
284 2004 27 75 is
329 2004 18 75 a
361 2004 78 75 long
452 2004 70 75 thin
539 2004 129 75 mufcle,
695 2004 113 75 placed
819 2004 94 75 along
930 2004 41 75 all
985 2004 54 75 the
1056 2004 101 75 tranf-

119 2051 89 75 verfe
225 2051 175 75 apophyfes
418 2051 40 75 of
477 2051 55 75 the
555 2051 93 75 neck,
675 2051 61 75 and
759 2051 55 75 the
838 2051 88 75 four,
950 2051 75 75 five,
1049 2051 110 75 or-fix

119 2097 102 75 upper
249 2097 176 75 apophyfes
453 2097 40 75 of
513 2097 55 75 the
596 2097 93 75 back,
714 2097 145 75 between
887 2097 56 75 the
970 2097 188 75 complexus

121 2143 105 75 major
243 2143 62 75 and
321 2143 117 75 minor.

168 2190 33 75 It
228 2190 27 75 is
288 2190 170 75 compofed
482 2190 41 75 of
549 2190 119 75 feveral
696 2190 89 75 fmall
813 2190 159 75 mufcular
1002 2190 155 75 fafciculi,

120 2237 107 75 which
245 2237 59 75 run
320 2237 135 75 direftly
471 2237 85 75 from
573 2237 61 75 one
651 2237 38 75 or
705 2237 90 75 more
817 2237 174 75 tranfverfe
1016 2237 142 75 apophy-

120 2283 61 75 fes,
207 2283 63 75 and
287 2283 53 75 are
356 2283 138 75 inferted
509 2283 181 75 fometimes
712 2283 32 75 in
770 2283 55 75 the
849 2283 165 75 apophyfis
1039 2283 121 75 neared

121 2333 38 75 to
176 2333 98 75 thefe,
300 2333 179 75 fometimes
497 2333 32 75 in
554 2333 109 75 others
688 2333 89 75 more
799 2333 135 75 remote,
960 2333 55 75 the
1040 2333 120 75 feveral

120 2377 144 75 lafciculi
280 2377 131 75 eroding
428 2377 78 75 each
523 2377 94 75 other
635 2377 144 75 between
791 2377 54 75 the
863 2377 166 75 infertions
1045 2377 41 75 of
1104 2377 55 75 the

121 2424 67 75 two
205 2424 174 75 complex!,
404 2424 107 75 which
528 2424 53 75 are
598 2424 139 75 likewife
755 2424 121 75 eroded
893 2424 42 75 by
952 2424 103 75 them.

122 2527 276 75 Transversal
405 2527 29 75 is
444 2527 569 75 GracilisCollaterals
1024 2527 134 75 Colli.

169 2604 103 75 This
289 2604 28 75 is
334 2604 20 75 a
369 2604 77 75 long
463 2604 71 75 thin
547 2604 129 75 mufcle,
701 2604 194 75 refembling
905 2604 55 75 the
972 2604 188 75 tranfverfa-

122 2650 39 75 lis
177 2650 104 75 major
293 2650 33 75 in
344 2650 97 75 every
458 2650 93 75 thing
567 2650 59 75 but
641 2650 77 75 fize,
743 2650 64 75 and
821 2650 136 75 fituated
969 2650 41 75 on
1028 2650 56 75 the
1096 2650 64 75 fide

124 2698 41 75 of
179 2698 73 75 that
266 2698 134 75 mufcle.

124 2800 301 75 Semi-Spinalis
440 2800 76 75 fve
537 2800 456 75 Transverso-Sfinalis
1020 2800 141 75 Colli.

169 2880 105 75 This
292 2880 92 75 name
401 2880 26 75 is
444 2880 93 75 given
553 2880 36 75 to
606 2880 42 75 all
664 2880 71 75 that
752 2880 96 75 fldhy
868 2880 83 75 mafs
973 2880 106 75 which
1101 2880 62 75 lies

123 2926 145 75 between
293 2926 55 75 the
373 2926 174 75 tranfverfe
572 2926 63 75 and
658 2926 99 75 fpinal
782 2926 188 75 apophyfes,
996 2926 85 75 from
1106 2926 55 75 the

123 2973 116 75 fecond
254 2973 148 75 vertebra
419 2973 41 75 of
478 2973 56 75 the
553 2973 93 75 heck,
672 2973 35 75 to
723 2973 56 75 the
797 2973 121 75 middle
934 2973 41 75 of
994 2973 56 75 the
1065 2973 94 75 back.

170 3020 32 75 It
233 3020 27 75 is
291 3020 170 75 compofed
491 3020 41 75 of
558 3020 120 75 feveral
702 3020 133 75 oblique
859 3020 193 75 convergirtg
1077 3020 82 75 muf-

1297 160 40 75 O
1454 160 49 75 M
1615 160 53 75 Y.

2075 160 100 75 Part
2196 160 51 75 II.

1212 222 77 75 cles,
1315 222 108 75 which
1446 222 76 75 may
1544 222 41 75 be
1609 222 130 75 divided
1764 222 67 75 into
1856 222 145 75 externa!
2020 222 62 75 and
2097 222 150 75 internal.

1257 268 77 75 The
1357 268 145 75 external
1522 268 53 75 are
1599 268 88 75 fixed
1712 268 104 75 below
1838 268 36 75 to
1896 268 67 75 the'
1976 268 173 75 tranfverfe
2172 268 77 75 apo-

1211 314 114 75 phyfes
1343 314 34 75 of
1401 314 57 75 the
1474 314 60 75 fix,
1558 314 104 75 feven,
1688 314 101 75 eight,
1815 314 37 75 or
1874 314 74 75 niiie
1971 314 101 75 upper
2091 314 156 75 vertebrae

1212 359 39 75 of
1270 359 56 75 the
1351 359 93 75 back,
1470 359 44 75 by
1539 359 169 75 tendinous
1733 359 212 75 extremities,
1970 359 120 75 which,
2115 359 35 75 as
2170 359 79 75 they

1212 407 126 75 afeend,
1359 407 135 75 become
1511 407 108 75 flefliy,
1645 407 64 75 and
1725 407 67 75 mix
1807 407 78 75 with
1901 407 77 75 each
1996 407 106 75 other.
2144 407 106 75 Their

1210 454 143 75 fuperior
1369 454 168 75 infertions
1549 454 32 75 in
1598 454 56 75 the
1674 454 81 75 neck
1771 454 54 75 are
1841 454 48 75 fix
1905 454 33 75 in
1955 454 145 75 number,
2125 454 122 75 where-

1211 500 40 75 6f
1263 500 55 75 the
1330 500 76 75 fird,
1425 500 106 75 which
1548 500 27 75 is
1593 500 181 75 tendinous,
1792 500 25 75 is
1831 500 32 75 in
1879 500 56 75 the
1950 500 132 75 feventh
2098 500 99 75 fpinal
2214 500 33 75 a-

1212 548 146 75 pophyfis
1370 548 9 75 ;
1408 548 55 75 the
1480 548 75 75 red,
1581 548 106 75 which
1700 548 53 75 are
1768 548 109 75 flediy,
1902 548 54 75 are
1972 548 33 75 in
2021 548 55 75 the
2094 548 60 75 five
2166 548 82 75 next

1212 593 97 75 ipinal
1327 593 188 75 apophyfes.
1618 593 6 75 -

1258 642 78 75 The
1352 642 137 75 internal
1506 642 53 75 are
1575 642 124 75 fliorter
1711 642 62 75 and
1789 642 89 75 more
1891 642 130 75 oblique
2033 642 78 75 than
2122 642 55 75 the
2189 642 58 75 ex-

1211 688 116 75 ternal,
1353 688 63 75 and
1442 688 107 75 partly
1573 688 136 75 covered
1734 688 43 75 by
1802 688 101 75 them.
1951 688 101 75 They
2068 688 53 75 are
2145 688 102 75 fixed,

1211 733 43 75 by
1270 733 86 75 their
1371 733 101 75 lower
1496 733 214 75 extremities,
1735 733 35 75 to
1795 733 56 75 the
1874 733 173 75 tranfverfe
2072 733 175 75 apophyfes

1211 780 40 75 of
1268 780 56 75 the
1342 780 91 75 three
1449 780 39 75 of
1504 780 75 75 four
1592 780 98 75 upper
1707 780 155 75 vertebne
1883 780 41 75 of
1943 780 54 75 the
2014 780 94 75 back,
2134 780 61 75 and
2212 780 35 75 to

1211 827 54 75 the
1282 827 132 75 oblique
1431 827 175 75 apophyfes
1622 827 40 75 of
1682 827 54 75 the
1752 827 75 75 four
1844 827 36 75 or
1897 827 60 75 five
1976 827 101 75 lower
2094 827 152 75 vertebras

1210 873 40 75 of
1269 873 55 75 the
1348 873 80 75 neck
1441 873 10 75 ;
1478 873 73 75 and,
1579 873 43 75 by
1638 873 85 75 their
1739 873 95 75 other
1856 873 211 75 extremities,
2093 873 77 75 they
2193 873 54 75 are

1209 924 138 75 inferted
1364 924 32 75 in
1414 924 54 75 the
1485 924 46 75 fix
1543 924 102 75 fpinal
1664 924 175 75 apophyfes
1855 924 41 75 of
1914 924 55 75 the
1985 924 93 75 neck.

1233 1036 21 75 S
1273 1036 27 75 P
1317 1036 16 75 I
1351 1036 35 75 N
1403 1036 33 75 A
1454 1036 32 75 L
1502 1036 31 75 E
1551 1036 24 75 S
1625 1036 214 75 COLLI
1886 1036 76 75 MI
1980 1036 83 75 NO
2081 1036 32 75 R
2131 1036 29 75 E
2180 1036 37 75 S.

1255 1119 131 75 These
1406 1119 133 75 mufcles
1556 1119 44 75 lie
1615 1119 146 75 between
1778 1119 55 75 the
1850 1119 47 75 fix
1912 1119 103 75 fpinaf
2023 1119 174 75 apophyfes
2210 1119 41 75 of

1208 1165 55 75 the
1280 1165 93 75 neck,
1399 1165 68 75 and
1478 1165 290 75 between-theftad
1790 1165 42 75 of
1851 1165 55 75 the
1931 1165 84 75 neck
2032 1165 66 75 arid
2120 1165 65 75 fird
2209 1165 41 75 of

1209 1210 54 75 the
1281 1210 92 75 back,
1400 1210 95 75 being
1505 1210 138 75 inferted
1661 1210 32 75 in
1714 1210 87 75 thefe
1815 1210 190 75 apophyfes,
2031 1210 43 75 by
2086 1210 81 75 both
2184 1210 58 75 ex-

1209 1257 168 75 tremities,
1403 1257 40 75 on
1461 1257 61 75 one
1538 1257 64 75 fide
1618 1257 40 75 of
1677 1257 55 75 the
1748 1257 153 75 poderior
1918 1257 137 75 cervical
2076 1257 167 75 ligament,

1208 1304 116 75 whicE
1332 1304 87 75 parts
1434 1304 91 75 them
1541 1304 84 75 from
1637 1304 91 75 thhfe
1740 1304 45 75 on
1801 1304 59 75 tbl
1874 1304 94 75 other
1984 1304 76 75 fide.

1207 1412 511 75 TRANSVERSALES
1751 1412 174 75 COLLI
1957 1412 285 75 MINORES.

1255 1490 125 75 These
1408 1490 53 75 are
1482 1490 80 75 very
1577 1490 91 75 fmall
1683 1490 86 75 fhort
1785 1490 146 75 mufcles,
1956 1490 101 75 found
2073 1490 31 75 in
2122 1490 56 75 the
2193 1490 49 75 in-

1209 1536 138 75 terdices
1365 1536 41 75 of
1416 1536 119 75 feveral
1552 1536 173 75 tranfverfe
1739 1536 176 75 apophyfes
1932 1536 31 75 in
1980 1536 106 75 which
2098 1536 80 75 they
2189 1536 54 75 are
2257 1536 7 75 '

1208 1583 150 75 inferted.
1406 1583 99 75 They
1523 1583 53 75 are
1593 1583 140 75 likeWife
1750 1583 124 75 termed
1890 1583 351 75 inter-tranfverjaies.

1406 1692 22 75 S
1446 1692 593 75 ACRO-LUMBARIS.

1252 1762 98 75 This
1367 1762 27 75 is
1394 1744 4 49 1
1413 1762 18 75 a
1451 1762 78 75 long
1551 1762 151 75 complex
1726 1762 129 75 mufele,
1881 1762 128 75 narrow
2031 1762 63 75 and
2116 1762 70 75 thin
2210 1762 32 75 at

1205 1809 56 75 the
1278 1809 101 75 upper
1395 1809 84 75 part,
1505 1809 101 75 broad
1623 1809 62 75 and
1696 1809 91 75 thick
1806 1809 33 75 at
1856 1809 55 75 the
1927 1809 113 75 lower,
2065 1809 176 75 reprefenr-

1205 1855 55 75 ing
1284 1855 19 75 a
1326 1855 80 75 kind
1429 1855 41 75 of
1488 1855 56 75 flat
1569 1855 158 75 pyramid.
1777 1855 33 75 It
1833 1855 58 75 lies
1914 1855 147 75 between
2077 1855 56 75 the
2155 1855 87 75 fpine

1205 1904 62 75 and
1284 1904 152 75 poderior
1451 1904 71 75 part
1547 1904 40 75 of
1607 1904 42 75 all
1674 1904 56 75 the
1757 1904 79 75 ribs,
1862 1904 63 75 and
1946 1904 96 75 along
2066 1904 56 75 the
2145 1904 95 75 baek-

1203 1948 72 75 part
1292 1948 41 75 of
1351 1948 55 75 the
1418 1948 90 75 regio
1525 1948 164 75 lumbaris,
1715 1948 111 75 aljthe
1844 1948 71 75 way
1926 1948 36 75 to
1978 1948 56 75 the
2048 1948 38 75 os
2103 1948 136 75 facrum.

1251 1993 163 75 Through
1437 1993 43 75 all
1505 1993 64 75 this
1594 1993 103 75 fpace,
1722 1993 26 75 it
1764 1993 26 75 is
1808 1993 118 75 clofely
1949 1993 194 75 accompani.
2152 1993 22 75 d
2197 1993 43 75 by

1205 2041 54 75 the
1275 2041 192 75 longiffimus
1484 2041 95 75 dorfi,
1606 2041 106 75 which
1728 2041 58 75 lies
1803 2041 145 75 between
1972 2041 25 75 it
2020 2041 62 75 and
2106 2041 55 75 the
2177 2041 64 75 fpi-

1204 2089 53 75 nal
1275 2089 174 75 apophyfes
1466 2089 40 75 of
1524 2089 57 75 the
1596 2089 169 75 vertebral,
1791 2089 19 75 a
1826 2089 138 75 narrow,
1989 2089 99 75 fatty,
2115 2089 36 75 or
2176 2089 63 75 cel-

1204 2134 82 75 lular
1302 2134 64 75 line
1384 2134 137 75 tunning
1537 2134 146 75 between
1699 2134 100 75 them.

1252 2182 31 75 It
1299 2182 27 75 is
1349 2182 89 75 fixed
1454 2182 119 75 below,
1596 2182 44 75 by
1663 2182 20 75 a
1706 2182 101 75 broad
1824 2182 68 75 thin
1910 2182 171 75 tendinous
2102 2182 138 75 aponeu-

1204 2229 90 75 rofis,
1320 2229 35 75 to
1372 2229 54 75 the
1443 2229 142 75 fuperior
1601 2229 102 75 fpines
1721 2229 41 75 of
1773 2229 54 75 the
1845 2229 36 75 os
1897 2229 136 75 facrum,
2057 2229 65 75 and
2137 2229 37 75 to
2186 2229 55 75 the

1206 2274 231 75 neighbouring
1453 2274 112 75 lateral
1582 2274 87 75 parts
1691 2274 40 75 of
1749 2274 71 75 that
1844 2274 104 75 bone;
1976 2274 75 75 and,
2078 2274 102 75 laflly,
2205 2274 36 75 to

1204 2323 56 75 the
1278 2323 146 75 external
1436 2323 119 75 labium
1572 2323 40 75 of
1632 2323 54 75 the
1702 2323 154 75 poderior
1872 2323 71 75 part
1959 2323 40 75 of
2011 2323 56 75 the
2083 2323 93 75 crida
2192 2323 48 75 of-

1206 2369 37 75 fis
1260 2369 102 75 iliupi,
1384 2369 47 75 ad
1451 2369 54 75 the
1522 2369 72 75 way
1611 2369 34 75 to
1658 2369 55 75 the
1729 2369 89 75 great
1835 2369 187 75 tuberofity.

1254 2415 98 75 From
1368 2415 115 75 thence
1500 2415 63 75 this
1581 2415 117 75 mufde
1716 2415 74 75 runs
1807 2415 144 75 upward,
1979 2415 60 75 and
2061 2415 18 75 a
2096 2415 86 75 little
2194 2415 47 75 la-

1206 2462 117 75 terally
1323 2494 11 49 s
1364 2462 77 75 over
1468 2462 43 75 all
1540 2462 55 75 the
1624 2462 90 75 regio
1738 2462 175 75 lumbaris;
1952 2462 54 75 the
2041 2462 199 75 aponeurofis

1206 2508 131 75 fending
1364 2508 59 75 off,
1456 2508 87 75 from
1571 2508 41 75 its
1639 2508 109 75 infide,
1786 2508 19 75 a
1831 2508 82 75 mais
1941 2508 35 75 of
2008 2508 96 75 flefhy
2130 2508 109 75 fibres,

1205 2554 105 75 which
1336 2554 53 75 are
1411 2554 143 75 divided,
1588 2554 86 75 from
1701 2554 104 75 below
1830 2554 163 75 upwards,
2026 2554 68 75 into
2121 2554 119 75 feverai

1205 2602 88 75 large
1310 2602 153 75 fafciculi,
1488 2602 140 75 inferted
1643 2602 33 75 in
1693 2602 42 75 all
1753 2602 56 75 the
1825 2602 173 75 tranfverfe
2015 2602 177 75 apophyfes
2206 2602 36 75 of

1206 2649 54 75 the
1276 2649 95 75 loins.

1250 2694 208 75 Afterwards
1487 2694 26 75 it
1538 2694 75 75 rails
1640 2694 42 75 up
1707 2694 166 75 obliquely
1897 2694 78 75 over
2007 2694 42 75 all
2076 2694 57 75 the
2160 2694 80 75 ribs,

1207 2741 178 75 fometimes
1403 2741 33 75 as
1453 2741 78 75 high
1546 2741 33 75 as
1597 2741 54 75 the
1670 2741 65 75 two
1750 2741 38 75 or
1799 2741 96 75 -three
1911 2741 109 75 lowed
2034 2741 155 75 vertebras
2206 2741 40 75 of

1207 2789 56 75 the
1288 2789 97 75 neck,
1408 2789 181 75 fometimes
1614 2789 125 75 higher,
1765 2789 62 75 and
1850 2789 180 75 fometimes
2053 2789 26 75 it
2102 2789 77 75 ends
2209 2789 32 75 at

1207 2836 55 75 the
1277 2836 65 75 fird
1358 2836 148 75 vertebra
1522 2836 39 75 of
1579 2836 57 75 the
1654 2836 96 75 back.

1341 2938 489 75 LONGISSIMUS
1880 2938 86 75 DO
1983 2938 122 75 RSI.

1251 3020 99 75 This
1374 3020 27 75 is
1426 3020 18 75 a
1467 3020 82 75 very
1571 3020 163 75 complex,
1757 3020 89 75 long,
1872 3020 63 75 and
1958 3020 127 75 narrow
2109 3020 128 75 mufcle,

2062 3065 178 75 fomethinj
